4060 6190
142 5997 224 6118 [Χ

556 393 960 408 h—_—_
3522 412 3531 419 θ

1105 441 1251 449 m
2060 448 2063 449 ν
2122 444 2285 454 ..ι-ιο...
2422 449 2426 452 ‹
2447 448 2451 452 -
2956 449 3355 458 -α-,αοο--ν-κ*
3419 450 3533 459 ..ι-..α

1120 584 1751 696 EPISTOLA
1830 588 2730 699 DEDICATORIA.

319 963 682 1023 Illustrissimo
712 982 774 1020 ac
822 966 1235 1023 reverendissimo
1283 972 1491 1025 domino
1536 969 1602 1025 ο.
1663 960 1881 1028 Nicolao
1928 962 2148 1027 Antonio
2195 966 2476 1027 Iustiniani
2522 991 2585 1030 ea:
2611 973 2934 1028 Benedictino
2985 973 3249 1030 Casitiensi
3303 970 3570 1041 monacho,

775 1060 1017 1129 episcopo
1046 1058 1322 1129 Patavino,
1354 1060 1583 1116 Michael
1611 1064 1836 1133 Angelus
1867 1063 2027 1117 Luchi
2055 1065 2281 1134 ejusdem
2318 1064 2545 1118 sodalitii
2574 1064 2851 1119 monachus
2878 1064 2939 1119 S.
2971 1062 3036 1118 P.
3068 1063 3137 1118 Β.

396 1171 511 1226 Tibi
538 1174 748 1227 omnino
776 1182 960 1242 tuoque
985 1175 1199 1240 nomini,
1235 1176 1421 1242 praesul
1451 1175 1797 1230 illustrissime
1818 1191 1879 1228 ac
1924 1176 2355 1240 reverendissime,
2405 1176 2500 1229 hoc
2527 1176 2689 1246 operis
2716 1174 2986 1228 debebatur
3008 1190 3027 1227 :
3051 1175 3188 1245 quod
3216 1177 3261 1229 si
3304 1193 3437 1231 nunc
3458 1193 3575 1249 pa.-

321 1264 508 1316 blicam
534 1266 587 1316 in
615 1265 781 1316 lucem
802 1265 993 1333 prodit,
1023 1266 1110 1318 tibi
1142 1281 1350 1332 prorsus
1378 1276 1638 1335 acceptum
1660 1274 1733 1319 est
1757 1267 2100 1336 referendum.
2131 1264 2209 1318 Tu
2230 1266 2366 1318 enim
2389 1265 2529 1319 illius
2553 1281 2668 1317 cum
2693 1263 3027 1334 aggrediendi
3048 1273 3095 1316 et
3123 1265 3400 1320 inchoandi
3450 1264 3574 1322 mihi

320 1363 521 1415 auctor.
554 1362 657 1406 tum
684 1353 736 1406 in
758 1354 1056 1408 absolvenda
1088 1356 1499 1423 perﬁciendoque
1527 1357 1737 1427 adjutor
1765 1366 1810 1409 et
1841 1371 2036 1422 auspex
2062 1357 2202 1410 omni
2228 1366 2452 1425 tempore
2476 1356 2717 1409 exstitisti
2747 1369 2766 1408 :
2788 1370 2889 1407 non
2920 1354 3085 1406 solum
3116 1370 3287 1407 curam
3310 1363 3357 1408 et
3385 1359 3576 1412 sollici-

320 1445 555 1498 tudinem
583 1444 882 1513 impendens
902 1489 915 1510 ,
960 1446 1050 1499 sed
1078 1447 1228 1500 etiam
1252 1447 1584 1518 suppeditans
1613 1455 1847 1514 sumptus
1884 1446 2208 1499 necessarios.
2244 1445 2599 1509 Quamobrem,
2631 1444 2723 1498 etsi
2756 1445 2899 1497 nulla
2925 1444 3030 1496 alfa
3069 1444 3198 1511 forte
3237 1454 3361 1499 esset
3415 1463 3570 1501 causa

320 1538 389 1587 ob
415 1550 563 1601 quam
595 1542 682 1586 tuo
704 1534 897 1587 nomini
919 1534 1001 1588 hic
1023 1551 1163 1589 meus
1193 1535 1335 1588 labor
1356 1546 1758 1607 nuncuparetur,
1788 1535 1911 1588 satis
1939 1536 2031 1588 illa
2060 1551 2162 1587 una
2208 1535 2468 1600 omnibus,
2515 1534 2694 1587 saltem
2738 1534 2897 1603 sequis
2928 1549 3096 1586 rerum
3140 1536 3531 1591 'wstimatoribus
3552 1576 3569 1603 ,

316 1625 459 1694 justo
483 1633 528 1675 et
558 1633 892 1677 consentanea
917 1625 1190 1679 videretur.
1241 1624 1370 1679 Cum
1396 1634 1568 1679 autem
1597 1626 1772 1678 eodem
1799 1625 2011 1677 accedat
2044 1634 2098 1676 ut
2128 1633 2232 1676 tam
2259 1623 2481 1692 insignia
2512 1630 2715 1692 tamque
2744 1622 2966 1675 illustria
3001 1632 3298 1676 ornamenta
3345 1626 3446 1678 sive
3489 1626 3570 1696 fa-

320 1714 482 1765 milia:
507 1722 553 1765 et
580 1713 811 1782 generis,
850 1712 952 1767 sive
978 1715 1168 1782 gradus
1196 1724 1241 1767 et
1272 1715 1538 1784 dignitatis
1562 1756 1578 1779 ,
1621 1715 1723 1768 sive
1751 1714 1909 1766 animi
1938 1722 1984 1767 et
2034 1714 2262 1781 ingenii,
2317 1714 2384 1767 ad
2419 1723 2465 1765 te
2500 1712 2928 1766 cohonestandum
2971 1712 3413 1783 extollendumque
3440 1719 3570 1770 mira

322 1803 649 1855 consensione
686 1802 1111 1871 conspiraverint,
1143 1812 1333 1873 quanta
1362 1804 1566 1874 diﬂicile
1602 1805 1653 1857 in
1690 1803 1799 1858 ullo
1842 1804 1945 1857 alio
1985 1802 2188 1857 homine
2230 1804 2450 1874 reperire
2476 1804 2586 1871 quis
2634 1805 2813 1869 possit,
2852 1805 2930 1857 vel
2971 1807 3250 1873 optandum
3294 1807 3418 1860 mihi
3473 1806 3574 1878 fuit

321 1908 639 1961 summopere
663 1902 720 1945 ut
742 1892 984 1960 auspiciis
1008 1894 1104 1947 tuis
1134 1902 1181 1947 et
1234 1896 1518 1963 patrocinio
1561 1894 1659 1947 hoc
1682 1892 2029 1964 qualecunque
2060 1909 2188 1962 Opus
2218 1908 2384 1945 meum
2416 1902 2459 1944 et
2490 1892 2634 1945 labor
2662 1894 3006 1948 decoraretur.
3038 1895 3111 1947 Ac
3153 1911 3274 1949 sane
3308 1897 3354 1950 si
3379 1913 3565 1968 genus.

324 1992 371 2035 et
394 1983 655 2051 familiam,
681 1999 715 2036 α
738 1999 838 2053 qua
867 1992 1006 2037 ortus
1027 1999 1100 2048 es,
1132 1995 1357 2053 spectare
1383 1984 1550 2049 velim,
1584 1983 1689 2038 hac
1719 1985 1849 2037 inter
1886 1981 2104 2036 Venetas
2132 1982 2376 2052 patricias
2424 1984 2598 2035 dumos
2624 1983 2981 2045 vetustissima,
3022 1993 3069 2035 et
3117 1985 3431 2039 nobilissima
3471 2004 3571 2041 itu-

320 2083 561 2140 moratur,
593 2090 626 2125 a
653 2090 754 2143 qua
780 2081 826 2128 et
852 2074 1142 2142 reipublicae
1168 2076 1403 2146 gerendas
1426 2074 1713 2146 gravissimi
1735 2072 2187 2141 sapientissimique
2215 2071 2556 2125 moderatores
2586 2072 2721 2124 omni
2749 2081 2970 2140 tempore
2992 2062 3098 2125 dati
3121 2083 3261 2137 sunt;
3287 2082 3336 2128 et
3385 2074 3565 2131 Eccle-

318 2163 409 2217 siis
434 2163 858 2217 administrandis
886 2165 1001 2217 navi
1030 2172 1077 2217 et
1104 2163 1341 2217 industrii
1368 2164 1630 2230 prazsules;
1656 2172 1703 2217 et
1725 2161 1850 2216 εωιο
1881 2163 2051 2228 plures
2080 2161 2256 2214 heroes
2280 2161 2408 2225 nati,
2435 2161 2635 2229 egregia
2660 2160 2865 2229 pietate,
2895 2170 2944 2213 et
2972 2161 3213 2230 religione
3265 2166 3549 2233 conspicui.

323 2254 382 2308 Si
403 2270 521 2308 vero
552 2255 842 2326 dignitatem
878 2265 1019 2308 tuam
1045 2265 1093 2308 et
1124 2255 1293 2310 locum
1338 2256 1652 2310 considerem
1675 2292 1692 2318 ,
1736 2254 1819 2307 illi
1840 2268 1999 2321 praess
2024 2252 2267 2306 Ecclesia
2290 2267 2406 2322 qua:
2447 2253 2625 2305 merito
2651 2262 2725 2306 tot
2776 2253 2891 2305 aliis
2929 2253 3200 2320 splendore
3222 2295 3237 2317 ,
3280 2266 3558 2323 vetustate,

316 2355 577 2413 pastorum
598 2345 750 2408 serie,
776 2345 974 2405 virtute.
1004 2360 1231 2405 numero,
1261 2346 1727 2416 praerogativisque,
1757 2343 1954 2399 cceteris
1979 2342 2218 2412 prtelucet
2241 2352 2287 2397 et
2310 2342 2590 2406 antecellit,
2620 2351 2674 2395 ut
2698 2343 2911 2413 proinde
2949 2359 3060 2396 eam
3086 2343 3379 2412 dignitatem
3398 2389 3413 2413 ,
3447 2363 3561 2416 quae

315 2433 393 2486 cel
421 2432 538 2487 aliis
565 2432 808 2487 Ecclesia:
836 2434 1174 2505 principibus,
1204 2437 1307 2489 sive
1336 2434 1627 2504 pastoribus
1655 2433 1938 2487 communis
1961 2444 2115 2486 tecum
2139 2441 2232 2497 est,
2264 2431 2404 2486 illius
2424 2449 2573 2503 quam
2598 2443 2733 2487 tenes
2757 2435 2891 2487 sedis
2916 2433 3203 2502 amplitudo
3245 2438 3561 2505 splendidioa

318 2539 433 2575 rem
462 2524 518 2576 in
544 2534 587 2576 te
616 2523 770 2591 faciat
812 2524 1186 2593 quodammodo
1212 2565 1226 2590 ,
1273 2534 1426 2596 atque
1459 2525 1826 2595 augustiorem.
1849 2520 2117 2578 Postremo
2143 2523 2303 2578 animi
2331 2525 2437 2590 tui,
2481 2533 2528 2577 et
2560 2524 2750 2594 ingenii
2781 2534 3076 2578 ornamenta
3112 2541 3227 2579 cum
3268 2528 3392 2580 editi
3436 2545 3468 2581 a
3517 2538 3566 2582 te

323 2613 483 2680 libri,
546 2614 680 2666 omni
721 2613 1009 2667 liberaliore
1058 2614 1332 2685 disciplina
1375 2615 1591 2685 referti.
1644 2623 1689 2668 et
1740 2613 1997 2667 industria
2050 2615 2324 2683 perpoliti,
2385 2624 2487 2667 turn
2536 2615 2784 2679 imprimis
2829 2617 2880 2669 in
2931 2614 3160 2669 Ecclesia
3202 2627 3288 2671 tua
3338 2621 3562 2689 regenda

318 2704 669 2773 pascendoque
693 2721 843 2774 grege
869 2704 1186 2769 scilicitudo,
1213 2706 1499 2776 diligentia,
1529 2706 1583 2759 in
1605 2720 1848 2774 pauperes
1872 2689 2170 2768 liberalitas,
2201 2705 2315 2757 etin
2337 2705 2647 2774 amplissimo
2668 2704 2980 2758 xenodochio
3002 2705 3199 2759 Patavii
3245 2710 3554 2762 exstruendo

317 2795 538 2847 studium
579 2803 624 2847 et
662 2795 1031 2862 munificentia,
1082 2796 1207 2850 satis
1239 2798 1452 2864 probant
1473 2805 1520 2851 et
1549 2796 1834 2850 ostendunt.
1885 2796 2010 2863 Qua:
2040 2796 2269 2864 profecto
2317 2796 2519 2866 singula
2571 2796 2825 2861 ejusmodi
2865 2808 2983 2850 sunt
3013 2806 3064 2848 ut
3093 2814 3181 2866 per
3204 2814 3255 2852 se
3292 2800 3404 2853 sola
3443 2814 3560 2854 cunt

317 2898 487 2936 rerum
516 2884 830 2954 solidamque
856 2886 1059 2938 laudem
1088 2886 1177 2938 tibi
1197 2887 1420 2957 pariant,
1456 2898 1563 2940 tum
1590 2886 1667 2939 vel
1690 2887 1859 2955 alteri,
1896 2887 1983 2955 qui
2008 2895 2095 2939 tuo
2124 2889 2327 2956 fruatur
2364 2886 2670 2954 patrocinio,
2703 2888 2978 2956 plurimum
3003 2888 3133 2941 lucis
3163 2898 3206 2940 et
3254 2893 3452 2957 {ructus
3487 2894 3556 2944 ad

318 2976 804 3029 commendationem
833 2975 1020 3030 laboris
1069 2986 1115 3029 et
1142 2977 1331 3047 ingenii
1359 2975 1544 3042 a/i'erre
1578 2978 1793 3047 possint.
1844 2976 1997 3032 Hisce
2032 2976 2164 3030 illud
2187 2978 2339 3031 etiam
2379 2977 2681 3047 adjnngitur
2718 2978 2855 3047 quod
2887 2976 3158 3033 Venantius
3203 2978 3516 3036 Fortunatus
3537 3020 3552 3047 ,

317 3065 463 3132 cujus
508 3074 743 3133 poemata
787 3067 1070 3134 scriptaque
1095 3067 1199 3118 alia
1229 3066 1365 3120 hisce
1401 3066 1599 3120 duobus
1640 3067 1976 3121 voluminibus
2020 3068 2384 3135 comprehensa
2424 3069 2620 3122 edimus
2646 3107 2661 3133 ,
2715 3067 2975 3137 Duplavili
3019 3078 3158 3124 ortus
3188 3068 3297 3142 [qui
3322 3073 3460 3126 locus
3487 3073 3554 3126 ad

321 3164 461 3206 tuam
490 3154 741 3208 dicecesim
769 3151 1005 3225 pertinet]
1034 3164 1080 3209 te
1106 3164 1374 3225 patronum
1394 3165 1441 3208 et
1466 3156 1721 3225 auspicem
1750 3156 2126 3225 quodammodo
2170 3156 2460 3211 desiderare
2483 3157 2729 3226 videatur,
2764 3168 2817 3212 ut
2845 3160 2929 3228 qui
2952 3160 3074 3214 olim
3094 3161 3260 3215 vivens
3291 3162 3341 3215 in
3370 3162 3554 3218 Galliis

320 3238 561 3313 Gregorio
610 3243 909 3311 Turonensi,
951 3247 1240 3301 doctissimo
1267 3247 1395 3312 viro,
1446 3254 1493 3299 et
1533 3246 1838 3301 amicissimo
1859 3262 1977 3313 suo,
2029 3255 2147 3300 tunc
2174 3247 2410 3316 temporis
2434 3247 2693 3317 primariae
2734 3249 2865 3303 sedis
2906 3250 3138 3317 antistiti,
3189 3262 3422 3319 poemata
3461 3271 3556 3308 sua

321 3335 513 3387 dicarat
535 3343 581 3389 et
604 3335 950 3405 inscripserat,
984 3336 1118 3388 idem
1148 3344 1257 3404 post
1282 3339 1393 3405 fata
1424 3344 1667 3405 tanquam
1694 3336 1991 3390 reuiuiscens
2028 3350 2159 3389 nova
2185 3335 2408 3406 Operam
2436 3351 2648 3390 suorum
2675 3326 2934 3401 Editione.
2982 3348 3030 3392 te
3060 3351 3325 3408 patronum
3376 3345 3553 3396 merito

316 3425 561 3493 efﬂagitet
589 3434 633 3478 et
660 3433 896 3494 exposcat
918 3442 938 3490 ;
967 3427 1111 3495 cujus
1140 3424 1322 3480 ditioni
1345 3435 1391 3480 et
1420 3426 1731 3489 auctoritati,
1766 3426 1828 3479 ob
1853 3425 1990 3478 sedis
2015 3441 2168 3493 quam
2194 3434 2330 3478 tenes
2359 3426 2763 3492 amplitudinem,
2794 3428 2964 3483 natale
2980 3428 3215 3499 ejusdem
3242 3431 3406 3485 solum
3434 3434 3556 3485 sub.

316 3515 506 3580 iicitur.
537 3514 663 3581 ρυω
685 3532 795 3569 cum
821 3517 892 3569 ita
914 3516 1035 3583 sint,
1061 3517 1155 3570 hoc
1183 3532 1330 3584 apus,
1355 3516 1494 3586 quod
1520 3524 1608 3569 tuo
1634 3515 1835 3570 nomine
1857 3514 2155 3585 insignitum
2191 3514 2447 3585 publicam
2470 3515 2521 3568 in
2550 3515 2712 3569 lucem
2734 3516 2902 3585 prodit
2923 3558 2939 3581 ,
2988 3519 3063 3571 sic
3109 3520 3332 3590 excipias
3360 3522 3508 3575 velim
3533 3565 3548 3589 ,

317 3617 368 3657 ut
397 3614 444 3659 et
471 3615 712 3675 tanquam
740 3606 962 3661 debitum
1003 3606 1295 3676 tibimunus
1323 3614 1590 3676 respectes,
1640 3614 1686 3659 et
1715 3620 1815 3657 una
1844 3602 2104 3671 offerentis
2131 3605 2363 3658 animum
2388 3604 2742 3675 amplectaris;
2770 3606 2857 3675 qui
2888 3622 3005 3660 cum
3045 3606 3237 3673 multis;
3259 3612 3549 3665 nominfbus

318 3697 659 3761 obsera-antire,
684 3698 922 3766 obsequii,
962 3699 1223 3768 devotique
1242 3698 1401 3750 animi
1430 3695 1699 3750 obstrictus
1723 3693 1813 3747 tibi
1847 3695 1962 3760 sim,
2013 3703 2115 3746 tum
2138 3692 2217 3747 vel
2240 3692 2331 3748 illa
2356 3697 2569 3765 majoris
2596 3693 2747 3763 ofﬁcii
2765 3710 2920 3749 causa
2962 3698 3188 3765 accedit,
3234 3703 3372 3768 quod
3418 3701 3552 3755 idem

318 3787 586 3841 Casinense
610 3787 901 3841 sodalitium
934 3805 1012 3842 me
1035 3789 1257 3842 educarit
1281 3828 1296 3853 ,
1338 3786 1644 3848 instituerit,
1675 3770 1983 3855 conforerit,
2034 3786 2184 3853 cujus
2208 3792 2264 3836 tu
2288 3799 2487 3852 quoque
2517 3785 2731 3853 familia
2773 3785 2895 3837 olim
2935 3785 3353 3842 adnumerabaris
3378 3832 3392 3856 ,
3435 3789 3552 3847 licet

319 3888 489 3947 postea
511 3894 603 3949 pro
628 3879 741 3932 vita:
768 3879 1049 3933 innocentia
1072 3919 1086 3944 ,
1120 3889 1165 3932 et
1196 3879 1369 3931 merito
1389 3919 1403 3943 ,
1433 3877 1501 3931 ad
1529 3877 1695 3947 majus
1723 3873 2027 3929 Christiana:
2078 3873 2369 3941 reipublicae
2418 3874 2631 3936 bonum,
2678 3872 2921 3928 Ecclesiis
2954 3874 3258 3931 Torcellensi
3301 3879 3517 3948 primum
3535 3920 3549 3944 ,

324 3969 501 4019 deinde
535 3966 831 4033 Veronensi,
878 3984 940 4022 ac
965 3979 1216 4040 postremo
1260 3965 1525 4021 Patavina:
1550 3965 1783 4038 regendis
1810 3971 2065 4028 evocatus,
2097 3961 2390 4016 monasterii
2417 3962 2674 4015 silentium
2701 3978 2761 4016 ac
2789 3963 3109 4019 solitudinem
3160 3981 3274 4020 eum
3318 3970 3553 4039 frequen-

318 4057 622 4111 tissimorum
655 4057 1005 4111 Ecclesiarum
1032 4067 1179 4126 atque
1203 4059 1399 4112 sedtum
1428 4055 1697 4124 splendore
1739 4064 1784 4108 et
1810 4053 2097 4108 celebritate
2139 4051 2543 4106 commutaveris.
2589 4050 2701 4122 Ego
2725 4068 2839 4105 vero
2892 4066 3006 4106 cum
3042 4054 3216 4124 aliqua
3265 4059 3551 4113 testimonio

318 4163 479 4198 aream
507 4165 625 4219 erga
652 4158 698 4202 te
726 4150 1094 4202 observantiam
1122 4146 1654 4214 necessitudinemque,
1690 4159 1753 4198 ea:
1777 4144 1839 4196 iis
1861 4158 1987 4208 quas
2018 4141 2128 4195 dixi
2158 4145 2325 4194 causis
2363 4139 2662 4207 profectam.
2696 4143 2963 4194 contestari
2976 4146 3291 4212 jampridem
3330 4157 3548 4217 etcapta-

323 4252 450 4304 rem,
483 4238 576 4292 hoc
601 4240 914 4309 aptissimum
936 4241 1095 4292 visum
1126 4249 1217 4303 est,
1249 4238 1383 4306 quod
1410 4239 1691 4291 litterarum
1717 4231 2056 4285 monumentis
2081 4244 2375 4296 expressam
2399 4270 2414 4295 ,
2452 4236 2497 4281 et
2544 4226 2597 4281 in
2622 4229 2799 4298 vulgus
2820 4230 3031 4297 editum,
3079 4247 3170 4286 nec
3197 4234 3354 4288 latere
3375 4251 3551 4302 quent-

314 4342 466 4396 quam
494 4340 677 4398 posset,
708 4342 755 4383 et
784 4330 967 4384 nostris
999 4330 1305 4397 temporibus
1332 4337 1582 4397 superstes
1619 4324 1696 4378 vel
1733 4322 1801 4376 ad
1826 4336 1993 4374 seram
2023 4319 2366 4390 posteritatem
2401 4319 2696 4386 perveniret.
2738 4316 2943 4371 Interea
2971 4324 3198 4388 quamvis
3225 4322 3404 4390 procul
3452 4326 3547 4377 ub-o

314 4422 405 4471 sim
431 4436 662 4490 corpore,
699 4421 864 4492 longis
897 4433 1141 4476 terrarum
1170 4421 1347 4489 spatiis
1376 4419 1614 4483 dissitas,
1667 4430 1834 4469 tamen
1877 4428 2099 4482 prwsens
2143 4413 2313 4466 animo
2338 4453 2351 4478 ,
2392 4428 2565 4466 sacras
2609 4413 2697 4466 tibi
2746 4428 2925 4467 manus
2974 4416 3413 4488 obsejuentissime
3458 4420 3551 4474 de-

314 4513 534 4565 osculor.

462 4604 662 4670 libutas,
716 4604 877 4659 Nonis
899 4602 1057 4659 Iuliis
1094 4602 1250 4658 1736.

335 4776 527 4787 m

1567 4899 2281 5008 PBZEFATIO.

380 5144 513 5200 Cum
543 5159 734 5200 nosam
765 5142 901 5199 hanc
928 5138 1169 5196 Venantii
1201 5132 1474 5191 Fortunati
1505 5135 1735 5203 Opcrum
1760 5134 2056 5191 Editionem
2087 5134 2321 5205 aggressi
2354 5133 2608 5191 fuerimus
2637 5124 2976 5190 illustrissimi
3009 5150 3070 5190 ac
3120 5134 3546 5190 reverentiissimi

318 5239 508 5292 domini
550 5237 750 5292 Nicolai
778 5236 998 5291 Antonii
1037 5230 1349 5296 Justiuiani,
1395 5244 1461 5287 ex
1491 5229 1753 5284 monacho
1781 5230 2123 5285 3enedictino
2148 5230 2423 5285 Casinensi
2468 5229 2703 5299 episcopi
2739 5224 2992 5292 Patavini,
3023 5229 3172 5296 jussu
3202 5242 3265 5281 ac
3298 5228 3545 5291 consilio,

318 5343 550 5395 quanam
594 5342 751 5383 causa
792 5325 1146 5382 clarissimum
1189 5337 1253 5377 ac
1289 5321 1657 5377 doctissimum
1692 5335 1864 5376 vuum
1908 5320 2179 5389 impulerit
2213 5319 2279 5374 ad
2327 5333 2518 5373 novam
2567 5318 2951 5388 procurandatn
2994 5312 3269 5373 Fortunati
3314 5318 3545 5387 Operam

319 5419 634 5485 Fuiitionem,
674 5418 813 5473 haud
848 5418 952 5473 erit
996 5416 1229 5472 alienum
1270 5416 1453 5484 paucis
1496 5414 1581 5470 hic
1621 5408 1841 5470 referre.
1900 5412 1978 5468 Ac
2022 5412 2191 5481 primo
2233 5412 2497 5467 neminem
2540 5412 2702 5478 latet,
2733 5411 2820 5480 qui
2857 5410 2937 5464 vel
2978 5410 3246 5485 paululum
3279 5413 3329 5466 in
3358 5414 3549 5468 studiis

315 5512 638 5580 antiquitatis
685 5522 926 5565 versatus
972 5510 1063 5576 sit,
1110 5516 1360 5574 quantum
1410 5505 1632 5562 subsidii
1682 5518 1742 5558 ac
1781 5503 1996 5559 luminis
2042 5518 2073 5558 e
2120 5501 2330 5572 scriptis
2383 5501 2657 5556 Fortunati
2707 5500 2772 5555 ad
2818 5484 3092 5555 historiam
3140 5514 3189 5555 Vl
3234 5503 3457 5568 saeculi,
3486 5511 3549 5558 ad

244 5634 247 5637 μ
316 5602 575 5669 pracipue
608 5600 857 5654 Ecclesiae
898 5599 1154 5666 regnique
1183 5594 1397 5661 Galliae,
1443 5593 1807 5649 illustrandam
1849 5600 2030 5661 petere
2073 5608 2258 5646 onlnes
2301 5594 2690 5646 consueverint.
2750 5586 2837 5644 Vir
2874 5592 3015 5645 enim
3056 5592 3166 5659 ille,
3195 5599 3250 5648 et
3282 5591 3543 5659 doctrina,

314 5699 367 5744 et
410 5691 604 5761 pietate
645 5704 756 5744 sua:
798 5687 1000 5749 atatis,
1049 5684 1411 5749 clarissimus,
1455 5698 1574 5739 cum
1621 5682 1900 5752 praecipuis
1944 5680 2127 5737 Gallia:
2176 5679 2489 5750 prmsulibus
2535 5680 2623 5749 qui
2667 5689 2756 5734 aut
2784 5681 3062 5737 sanctitate
3108 5689 3199 5736 aut
3248 5675 3549 5739 eruditione

707 5805 975 5862 Ριτιιυι..
1022 5796 1195 5857 LXX
1210 5797 1260 5858 Χ
1273 5795 1379 5857 VII
1392 5800 1435 5861 Ι.

3127 5792 3152 5853 1

234 5858 378 6047 0k
