4060 6190
435 355 492 431 11
994 354 1494 410 PROLEGOMENA
1534 353 1624 408 AD
1669 349 1984 407 νεΝΑΝτιι
2031 351 2038 404 1

2081 348 2184 405 0N.
2226 349 2428 407 CLEM.
2474 347 2862 405 FORTUNATI
2905 348 3146 403 OPEliA.
3619 341 3684 394 12

434 465 813 534 praestiterunt,
847 475 1102 535 prmterea
1145 482 1264 520 cum
1297 465 1532 531 pluribus
1559 464 1678 516 aliis
1713 465 1859 532 regni
1900 463 2042 516 illius
2073 461 2377 529 proceribus
2416 476 2478 514 ac
2506 460 2828 530 principibus
2861 459 2987 513 viris
3017 457 3328 525 conjunctus
3363 455 3682 509 amicissma

431 557 620 624 gratia,
666 557 793 625 quin
833 557 991 610 etiam
1037 555 1163 623 ipsis
1209 555 1419 622 regibus
1461 553 1547 620 qui
1581 562 1702 606 tunc
1742 552 1994 618 temporis
2040 552 2092 604 in
2123 551 2286 605 Gallia
2315 566 2494 604 rerum
2528 551 2882 618 potiebantur,
2917 562 2978 602 ac
3007 547 3167 614 regiis
3213 559 3396 598 eorum
3447 543 3680 605 familiis,

432 657 615 713 gratus
649 656 1034 714 acceptusque,
1072 645 1230 698 multa
1274 645 1340 699 de
1380 645 1462 698 his
1497 653 1654 712 atque
1699 643 1765 695 ad
1812 644 1970 696 hosce
2010 643 2221 712 scripsit
2261 642 2374 696 sive
2411 643 2614 707 soluta,
2662 641 2774 695 sive
2810 640 3029 694 metrica
3071 638 3338 699 oratione,
3371 650 3490 702 quae
3527 642 3580 688 et
3617 633 3683 686 ad

443 741 671 806 privatas
709 738 919 791 illorum
961 751 1044 790 res
1096 751 1159 789 ac
1199 737 1457 800 fortunas,
1489 742 1542 787 et
1582 735 1646 787 ad
1681 734 1885 802 publica
1926 735 2160 801 negotia,
2190 747 2251 786 ac
2293 735 2449 785 totius
2487 734 2632 801 regni
2675 741 2868 784 statum
2911 728 3303 790 illustrandum,
3339 727 3682 794 pertinerent.
3716 747 3720 753 ·

432 833 690 900 Quocirca
744 815 856 883 tuto
905 829 1034 882 illttd
1081 828 1347 880 affirmare
1395 827 1590 894 possim
1621 866 1636 890 ,
1693 826 1919 893 plurium
1962 826 2070 893 jam
2120 824 2233 878 sive
2279 825 2640 892 episcoporum
2695 823 2838 876 illius
2890 820 3178 887 temporis,
3238 819 3351 870 sive
3402 829 3683 880 procerum

433 921 582 988 regni
614 919 827 984 Galliae,
866 917 1078 969 nomina
1117 930 1177 968 ac
1220 928 1304 968 res
1337 926 1498 984 gestae
1537 923 1787 981 perpetua
1838 913 1890 966 in
1940 915 2202 969 oblivione
2235 914 2556 982 iacuissent,
2607 914 2703 966 nisi
2755 911 2938 966 eadem
2979 910 3088 962 suis
3137 906 3325 960 litteris
3358 904 3684 958 Fortunatus

434 1022 569 1063 sera:
607 1006 898 1075 posteritati
943 1005 1277 1074 prodidisset.
1313 1004 1538 1071 llnjnsce
1574 1004 1811 1057 carmina
1852 1018 1968 1058 cum
2011 1019 2193 1058 eorum
2235 1006 2468 1069 nomina,
2505 1019 2567 1058 ac
2596 1005 2747 1057 sedes
2789 1003 2855 1055 ab
2897 999 3164 1052 oblivione
3191 995 3544 1055 vindicarunt,
3577 1003 3686 1046 tum

430 1102 496 1154 ad
532 1099 790 1154 notandas
831 1099 1216 1168 signandasque
1260 1105 1556 1163 temporum
1600 1097 1837 1150 rationes
1875 1097 2065 1164 quibus
2103 1104 2194 1149 aut
2237 1097 2333 1163 ipsi
2376 1095 2646 1158 vixerunt,
2681 1103 2773 1147 aut
2807 1091 3001 1160 aliquid
3081 1089 3332 1142 memoria
3377 1087 3590 1154 dignum
3635 1085 3687 1138 in

431 1207 618 1246 eorum
674 1190 889 1244 urbibus
935 1204 996 1243 ac
1048 1187 1329 1258 provinciis
1377 1187 1610 1251 accidit,
1656 1187 1938 1255 plurimum
1990 1186 2200 1240 luminis
2246 1185 2644 1254 adjumentique
2690 1184 2940 1238 afferunt.
2997 1179 3129 1233 llinc
3177 1177 3370 1231 mirum
3417 1189 3538 1229 esse
3583 1191 3686 1230 non

429 1282 586 1337 debet
625 1294 690 1334 ex
733 1281 834 1332 hoc
877 1275 1024 1331 fonte
1054 1291 1238 1330 omnes
1287 1273 1397 1331 fere
1443 1277 1680 1330 hausisse
1726 1277 1815 1345 qui
1859 1277 1922 1330 de
1951 1276 2135 1330 Gallia:
2181 1278 2338 1332 rebus
2377 1276 2626 1343 deinceps
2669 1277 2774 1328 ulla
2818 1282 2972 1326 rotate
3013 1273 3356 1336 scripserunt.
3405 1269 3520 1323 Jatn
3564 1286 3690 1325 vero

429 1387 529 1426 nec
565 1384 752 1441 pauca,
799 1382 896 1423 nec
935 1383 1126 1437 parva,
1166 1377 1256 1421 aut
1293 1369 1538 1432 obscura,
1574 1384 1633 1424 ea
1677 1380 1799 1424 sunt
1837 1385 1956 1438 qua:
1996 1369 2062 1422 ad
2107 1371 2376 1440 religionis
2414 1371 2579 1438 ipsius
2622 1370 2866 1438 dogmata
2907 1362 3265 1419 conﬁt-manda
3296 1371 3351 1416 et
3378 1364 3688 1419 vindicanda

437 1462 504 1514 ab
545 1458 986 1514 heterodoxorum
1036 1455 1257 1525 ingeniis
1307 1471 1367 1511 ac
1411 1459 1561 1511 novis
1601 1461 1916 1513 commentis
1955 1473 1987 1513 e
2028 1459 2303 1514 Fortunati
2353 1461 2616 1529 Operibus
2665 1459 2800 1513 sumi
2853 1467 3073 1526 possunt
3119 1469 3314 1524 :quae,
3369 1454 3508 1508 haud
3562 1469 3692 1509 sane

436 1547 836 1605 contemnendae
884 1547 1210 1614 antiquitatis
1277 1547 1579 1602 testimonio
1625 1557 1676 1602 et
1723 1550 2037 1604 auctoritate
2095 1551 2473 1619 comprobata,
2540 1551 2606 1604 ad
2656 1548 2972 1603 refellendas
3036 1546 3344 1600 eorumdem
3395 1545 3688 1598 calumnias

436 1643 614 1698 valere
640 1640 926 1710 plurimum
952 1640 1165 1696 debent.
1197 1639 1344 1693 Adde
1376 1641 1460 1693 his
1485 1639 1720 1693 eultioris
1749 1640 2026 1709 eleganIin
2052 1652 2416 1705 venustatem,
2453 1657 2570 1710 qua:
2602 1644 2792 1709 passim
2828 1642 2878 1695 in
2907 1639 3147 1710 ejusden
3177 1636 3448 1692 Fortunati
3481 1637 3692 1702 scriptis

440 1750 690 1806 expressa
719 1733 1155 1803 deprehenditur,
1188 1741 1245 1784 ut
1283 1745 1388 1784 non
1419 1745 1543 1798 una,
1574 1729 1666 1784 sed
1712 1731 1947 1799 pluribus
1975 1731 2041 1786 de
2067 1740 2240 1786 causis
2279 1749 2382 1786 non
2425 1734 2700 1786 minimum
2746 1731 2978 1799 intersit,
3019 1728 3062 1783 si
3101 1728 3392 1796 cuiuspiam
3444 1726 3687 1786 alterius.

444 1836 590 1879 certe
635 1825 717 1879 vel
755 1823 1027 1877 Fortunati
1082 1821 1246 1890 ipsius
1286 1822 1476 1890 Opera,
1517 1835 1676 1889 quam
1721 1822 1833 1874 tieri
1878 1832 2052 1891 potest
2099 1823 2346 1886 maxime,
2397 1823 2680 1893 illustrata,
2711 1824 2987 1880 emendata
3034 1832 3089 1876 et
3132 1831 3282 1876 aucta
3332 1820 3595 1890 publicam
3639 1819 3691 1873 i-‘l

447 1917 618 1970 lucem
647 1911 894 1984 proferri.

509 2005 642 2060 Cum
686 2015 862 2059 autem
899 2004 1074 2074 plures
1113 2017 1176 2056 ea
1219 2003 1270 2055 in
1307 2017 1364 2056 re
1405 2003 1827 2067 elaboraverint,
1872 2017 1934 2057 ac
1974 2017 2117 2073 sape
2157 2004 2350 2074 saepius
2396 2005 2582 2060 eadem
2620 2003 2759 2058 edita
2800 2019 2864 2057 ac
2908 2003 3057 2058 novis
3106 2001 3500 2056 accessionibus
3539 2009 3691 2054 aucta

442 2097 671 2160 fuerint,
703 2095 884 2149 nescio
925 2102 1099 2146 tamen
1129 2091 1396 2159 quomodo
1439 2092 1609 2161 majus
1649 2093 1738 2145 illa
1778 2094 1976 2158 lumen,
2017 2095 2255 2146 omnium
2295 2109 2427 2161 pene
2467 2095 2604 2149 votis
2641 2110 2702 2148 ac
2741 2093 2963 2161 judicio,
3008 2092 3311 2145 desiderare
3359 2090 3689 2157 videbantur,

438 2189 514 2239 Ac
549 2184 786 2252 profecto
816 2198 934 2252 quae
968 2183 1192 2250 primum
1226 2181 1398 2235 Editio
1427 2183 1656 2248 Uperum
1689 2180 1962 2234 Fortunati
1991 2179 2164 2235 Calari
2199 2181 2251 2234 in
2281 2182 2523 2237 Sardinia
2553 2199 2691 2236 anno
2718 2183 2856 2238 1575
2884 2181 3115 2251 perfecta
3156 2189 3257 2247 est,
3299 2179 3428 2233 niltil
3456 2182 3693 2233 continet

435 2275 576 2330 aliud
611 2288 768 2342 quam
812 2274 1048 2341 ejusdem
1086 2272 1330 2342 hymnos,
1357 2271 1642 2325 Cassandri
1679 2285 1840 2338 opera
1880 2271 2210 2336 emendatos,
2241 2286 2303 2326 ac
2333 2275 2589 2341 pristinae.
2629 2283 2686 2328 ut
2711 2277 2754 2328 is
2786 2275 3082 2340 profitetur,
3113 2272 3347 2327 redditos
3376 2273 3690 2342 integritati.

441 2369 719 2436 Exemplar
759 2382 883 2420 vero
912 2367 1142 2432 Operutn
1177 2365 1413 2433 ejusdem
1464 2365 1588 2418 item
1616 2362 1820 2431 Calari,
1854 2374 2221 2431 consequente
2247 2378 2406 2429 anno,
2438 2380 2597 2432 opera
2639 2379 2702 2418 ac
2741 2365 2914 2417 studio
2941 2363 3124 2416 Jacobi
3154 2364 3443 2415 Salvatoris
3476 2363 3690 2428 Solani,

439 2456 577 2526 typis
606 2455 808 2510 Nieolai
839 2454 1138 2525 Canyelles,
1180 2455 1374 2506 editum
1418 2464 1521 2519 est,
1548 2460 1669 2506 octo
1706 2453 1757 2506 itt
1802 2452 1967 2506 libros
1996 2453 2370 2518 distributum;
2433 2469 2636 2516 verum,
2685 2453 3116 2506 doctissimorum
3153 2450 3421 2504 hominum
3463 2451 3687 2519 judicio.

444 2559 689 2598 mancum
721 2543 844 2598 illud
866 2558 928 2597 ac
955 2544 1217 2608 inutilutn,
1252 2552 1359 2595 tum
1390 2541 1683 2595 innumeris
1709 2557 1870 2610 prope
1895 2541 2100 2598 mendis
2119 2543 2462 2613 depravatum
2494 2556 2547 2600 et
2584 2552 2910 2610 corruptum.
2939 2541 3090 2608 Quod
3124 2541 3175 2596 in
3204 2541 3455 2596 Venetam
3481 2559 3693 2613 quoque

441 2634 768 2700 Editionem,
806 2634 942 2702 apttd
988 2635 1225 2687 Ita-redes
1263 2633 1442 2687 Jacobi
1491 2633 1770 2700 Siiubenii,
1811 2649 1899 2688 an.
1943 2632 2113 2698 1578,
2153 2636 2498 2700 translatum,
2545 2636 2729 2691 iisdem
2774 2643 2932 2702 atque
2974 2636 3133 2688 etiam
3188 2633 3428 2702 pluribus
3478 2633 3692 2687 tuendis

440 2728 689 2782 inlectum
721 2741 781 2780 ac
804 2728 1038 2780 deforme
1067 2725 1278 2793 prodiit.
1324 2725 1466 2778 Idem
1505 2739 1686 2779 rursus
1715 2724 1890 2778 Calari
1914 2767 1928 2790 ,
1971 2739 2059 2778 an.
2093 2725 2255 2793 1534,
2294 2735 2348 2782 et
2380 2727 2637 2792 Coloniae,
2690 2743 2776 2779 an.
2816 2726 2971 2792 1600,
3006 2739 3268 2790 recusum,
3301 2724 3491 2778 additis
3530 2727 3691 2779 etiam

443 2818 874 2888 Expositionibus
916 2820 964 2868 in
1004 2815 1312 2884 Symbolum
1363 2825 1418 2868 et
1461 2815 1767 2870 Orationem
1817 2815 2170 2882 Doutinicam,
2214 2797 2380 2871 nihiﬁ)
2427 2817 2733 2872 defmcatius
2778 2831 2840 2871 ac
2882 2817 3058 2884 purius
3107 2816 3326 2870 exstitit.
3380 2815 3504 2869 [elate
3552 2816 3694 2872 inter

439 2911 736 2964 Parisiense
773 2907 1068 2974 exemplar,
1110 2907 1250 2973 quod
1289 2908 1340 2959 in
1384 2915 1582 2961 tomum
1620 2907 1729 2960 Vill
1761 2907 2101 2961 Bibliotheca:
2138 2917 2376 2962 veterum
2417 2909 2674 2964 Ecclesie
2710 2908 2921 2960 Patrum
2963 2907 3218 2960 insertum
3262 2914 3365 2968 est,
3399 2915 3453 2960 et
3488 2907 3690 2960 editum

443 3002 692 3066 Parisiis,
738 2998 944 3053 caeteris
1003 2997 1246 3051 omnibus
1299 2998 1552 3052 librorum
1607 3014 1850 3064 numero,
1901 2999 2167 3063 anteibat;
2234 3000 2285 3054 id
2336 3002 2508 3069 ipsum
2561 3009 2737 3054 tamen
2788 2999 3074 3053 multorum
3130 3007 3433 3068 poematum
3486 2997 3690 3068 jactura

440 3093 711 3158 lacerum,
769 3103 832 3143 ac
879 3087 1159 3153 mutilum,
1206 3101 1258 3143 et
1307 3103 1553 3157 perversa
1603 3090 1899 3158 vitiosaque
1945 3091 2206 3156 lectione,
2261 3094 2497 3162 pluribus
2550 3093 2600 3146 in
2651 3093 2811 3154 locis,
2865 3092 3203 3160 depravatum
3233 3132 3248 3156 ,
3297 3091 3692 3161 diligentiorem

439 3183 832 3250 auctioremque
863 3179 1158 3234 Editionem
1205 3193 1424 3248 poscere
1461 3180 1752 3235 videbatur.
1785 3180 1932 3236 lianc
1973 3197 2254 3252 aggressus
2295 3186 2362 3238 el.
2395 3185 2474 3238 vir
2506 3184 2560 3236 P.
2590 3181 3003 3251 Christophorus
3025 3181 3327 3246 Browerus,
3369 3197 3399 3236 e
3439 3185 3694 3238 societate

437 3272 584 3338 Jesu,
618 3269 838 3340 perfecit
875 3278 1031 3336 atque
1071 3268 1234 3324 edidit
1277 3269 1590 3336 Moguntim,
1625 3286 1764 3325 anno
1794 3273 1965 3336 1605,
2015 3276 2150 3342 typis
2179 3273 2468 3328 Baltltasari
2503 3274 2708 3343 Lippii;
2749 3283 2800 3326 et
2843 3273 3082 3326 eamdem
3127 3275 3396 3327 renovavit
3435 3278 3690 3330 emenda-

448 3362 625 3430 vitque
653 3375 740 3412 an.
768 3357 925 3422 1617,
957 3359 1082 3412 item
1112 3359 1396 3427 Moguntina
1435 3360 1631 3414 editam
1675 3364 1976 3430 sumptibus
2011 3363 2267 3418 Bernardi
2307 3365 2604 3431 Gualtheri,
2649 3366 2956 3433 bibliopolae
2999 3363 3352 3431 Coloniensis,
3396 3367 3693 3424 excudente

449 3452 653 3507 Joanne
679 3449 967 3506 Volmario.
1001 3450 1127 3505 llaec
1149 3460 1294 3505 certe
1334 3450 1511 3505 Editio
1538 3453 1772 3521 Operum
1801 3454 2105 3522 Fortunati,
2150 3455 2358 3510 ezeteris
2385 3458 2650 3520 omnibus,
2699 3472 2814 3524 quae
2858 3456 3082 3510 antehac
3122 3457 3408 3510 elaboratae
3455 3457 3688 3522 fuerant,

439 3545 664 3610 auctior,
696 3543 1018 3612 diligentior,
1049 3551 1102 3596 et
1132 3543 1367 3596 ornatior
1393 3545 1655 3613 apparuit.
1700 3545 1744 3599 is
1773 3547 1939 3614 enim,
1967 3561 2067 3615 ope
2097 3562 2226 3602 mss.
2245 3539 2536 3612 'Codieum,
2565 3556 2618 3601 et
2652 3546 2801 3614 plura
2830 3562 2948 3616 qua:
2987 3556 3139 3601 antea
3169 3547 3307 3602 edita
3351 3562 3455 3600 non
3487 3548 3696 3601 fuerant

441 3636 733 3705 exemplari
773 3649 869 3689 suo
911 3634 1134 3698 addidit,
1175 3642 1228 3688 et
1267 3649 1386 3702 quae
1465 3635 1760 3692 innumeris
1799 3652 1932 3707 pene
1975 3640 2250 3694 scatebant
2291 3642 2561 3696 erroribus
2599 3641 2881 3710 diligenter
2916 3641 3239 3695 emendavit.
3289 3641 3455 3707 Quam
3484 3639 3552 3693 ad
3581 3654 3689 3694 rem

433 3727 610 3781 tribus
644 3726 906 3795 praecipue
944 3740 1073 3780 mss.
1105 3739 1162 3778 se
1203 3740 1351 3778 usum
1389 3735 1631 3791 testatur,
1666 3729 1768 3783 fide
1799 3730 2120 3798 dignissimis
2152 3750 2164 3785 :
2198 3731 2499 3786 Trevirensi
2536 3747 2662 3797 uno,
2707 3734 2875 3787 altero
2915 3733 3024 3803 (cui
3064 3734 3110 3787 is
3152 3732 3268 3800 plus
3298 3746 3451 3801 quam
3482 3732 3694 3785 catteris

437 3818 594 3884 pretii
625 3815 828 3886 tribuit)
862 3831 926 3869 ex
957 3815 1167 3868 abbatia
1197 3813 1592 3880 San-Gallensi,
1636 3831 1698 3871 ac
1735 3821 1890 3872 tertio
1930 3834 1993 3872 ex
2031 3819 2245 3875 abbatia
2275 3821 2676 3890 Sigcbcrgensi;
2709 3825 2832 3890 quin
2876 3833 2929 3877 et
2971 3821 3320 3891 fragmentum
3351 3835 3450 3873 ms.
3479 3817 3694 3873 Codicis

444 3911 568 3962 item
601 3908 935 3962 Trevirensis
966 3906 1242 3970 Ecclesiae,
1285 3914 1340 3959 et
1380 3905 1520 3958 aliud
1564 3923 1662 3960 ms.
1701 3905 2054 3979 fragmentum
2097 3911 2366 3966 Cusanum
2412 3915 2572 3968 refert
2619 3913 2669 3965 in
2722 3914 2961 3967 manibus
3011 3929 3069 3968 se
3110 3913 3379 3966 habuisse.
3429 3910 3694 3965 Prmterea

436 3997 716 4066 exemplar
759 4011 911 4050 suum
955 3995 1175 4049 contulit
1220 4009 1338 4048 eum
1374 3996 1537 4050 Editis
1565 3995 1888 4061 Calaritauo,
1920 3999 2144 4064 Veneto,
2175 4000 2456 4056 Parisiensi
2497 4002 2549 4054 in
2583 4002 2909 4056 Bibliotheca
2945 3989 3177 4066 Patrum,
3211 3999 3427 4068 Georgii
3461 3998 3690 4052 Fabririi

435 4093 489 4146 in
520 4089 699 4146 Poetis
729 4088 926 4156 Sacris,
969 4089 1274 4159 addiditque
1304 4101 1452 4144 vetus
1484 4107 1583 4146 ms.
1616 4104 1668 4145 et
1705 4108 1838 4146 raras
1866 4104 2002 4148 nota:
2027 4094 2280 4150 Friderici
2309 4096 2649 4166 Tiliobrogm,
2671 4106 2723 4148 et
2763 4095 2958 4148 librum
2989 4109 3088 4148 ms.
3123 4094 3388 4148 Theodori
3415 4093 3692 4149 Pulntauni

433 4178 801 4250 Craneburgii,
839 4179 906 4231 ab
951 4177 1066 4246 ipso
1094 4177 1376 4233 Theodoro
1403 4193 1523 4233 cum
1570 4182 1801 4251 antiquis
1850 4183 1997 4236 libris
2027 4183 2309 4254 diligenter
2347 4186 2616 4252 collatum,
2667 4201 2728 4240 ac
2759 4185 3083 4252 descriptum
3125 4198 3214 4239 an.
3244 4182 3401 4248 1570,
3427 4193 3480 4237 et
3512 4186 3691 4238 varias

436 4274 697 4329 lectiones
745 4271 810 4323 ad
853 4271 1142 4339 marginem
1188 4273 1467 4340 expressit.
1517 4273 1662 4327 Hanc
1710 4283 1886 4329 autem
1930 4276 2228 4331 Editiouem
2279 4290 2429 4330 suam
2477 4277 2757 4330 Brovverus
2803 4291 2923 4329 cum
2973 4276 3279 4330 elucubrata
3327 4290 3354 4327 a
3403 4290 3522 4330 sese
3572 4275 3692 4330 Vita

437 4364 730 4429 Fortunati,
781 4373 889 4414 tum
937 4363 1154 4429 prolixis
1197 4363 1338 4416 notis
1386 4365 1684 4428 exornavit,
1737 4375 1893 4433 atque
1937 4367 2102 4431 auxit,
2144 4377 2200 4420 ut
2246 4381 2369 4420 vere
2411 4367 2455 4420 is
2498 4366 2564 4420 de
2595 4365 2883 4420 Fortunato
2933 4374 3115 4419 nostro
3165 4367 3422 4434 praeclare
3474 4368 3698 4422 meritus

436 4452 540 4504 dici
573 4460 626 4502 et
659 4447 839 4500 haberi
885 4448 1071 4514 possit.
1106 4447 1342 4502 Broweri
1390 4450 1665 4518 exemplar
1715 4466 1834 4503 cuin
1877 4451 1992 4506 Vita
2026 4453 2300 4506 Fortunati
2349 4469 2597 4509 recusum
2649 4456 2746 4510 fuit
2794 4457 2985 4512 deinde
3033 4457 3269 4526 Lugduni
3315 4472 3403 4510 an.
3441 4456 3599 4522 1677,
3644 4457 3696 4511 in

435 4537 758 4592 Bibliotheca
801 4542 1034 4585 veterum
1068 4531 1302 4598 Patrum,
1347 4537 1612 4588 nonnullis
1662 4546 1838 4591 tamen
1880 4539 2088 4592 mendis
2126 4541 2206 4609 (ut
2247 4545 2359 4610 ipse
2394 4558 2458 4598 ex
2504 4545 2786 4600 collatione
2833 4561 2954 4600 cum
3006 4545 3298 4615 exemplari
3329 4545 3696 4612 Broweriatto,

437 4629 580 4682 edito
610 4622 890 4692 Moguntia:
921 4635 1061 4673 anno
1095 4621 1248 4684 l6l7,
1279 4636 1604 4689 cognoscere
1635 4624 1826 4692 potui),
1865 4628 2310 4696 typographorum
2343 4630 2573 4696 incuria,
2607 4635 2803 4700 passim
2836 4649 3160 4702 respersum.

508 4719 672 4772 Porro
697 4713 796 4767 etsi
831 4711 1161 4764 Broweriana
1196 4711 1373 4766 Editio
1401 4713 1611 4767 cteteris
1643 4716 1885 4768 omnibus
1910 4731 2027 4782 qua:
2054 4717 2119 4768 ad
2153 4718 2280 4770 illud
2317 4733 2482 4787 usque
2515 4730 2722 4788 tempus
2754 4722 3063 4790 prodierant
3095 4721 3299 4775 felicior
3326 4730 3381 4775 et
3404 4720 3700 4776 absolutior

439 4806 635 4871 fuerit,
686 4811 840 4858 erant
887 4810 1062 4854 tamen
1111 4801 1283 4854 adhuc
1337 4803 1587 4856 nonnulla
1632 4818 1750 4871 quae
1799 4805 1971 4857 eidem
2034 4805 2304 4870 addenda,
2361 4814 2451 4859 aut
2505 4807 2878 4869 emendanda.
2951 4818 3042 4862 aut
3091 4809 3389 4862 accuratius
3434 4809 3693 4872 notanda,

435 4897 769 4954 Videbantur.
810 4890 940 4944 Nam
981 4901 1035 4944 et
1072 4892 1302 4944 carmina
1350 4895 1614 4960 quredam,
1650 4907 1767 4961 qua:
1804 4892 2040 4946 Broweri
2081 4901 2241 4947 aetate
2287 4903 2439 4948 erant
2479 4895 2674 4963 ignota,
2705 4906 2795 4947 aut
2836 4903 2982 4949 certe
3019 4896 3071 4948 in
3116 4896 3233 4961 ejus
3266 4909 3451 4948 manus
3478 4895 3698 4948 minime

436 4995 812 5058 pervenerant,
855 4991 1032 5047 postea
1069 4982 1120 5035 in
1167 4983 1335 5035 lucem
1365 4981 1626 5050 prodiere,
1659 4997 1799 5049 qua),
1841 4981 1938 5035 hae
1964 4980 2085 5034 illac
2125 4982 2314 5035 alienis
2361 4981 2412 5034 in
2443 4982 2698 5051 cperibus
2730 4981 2998 5049 dispersa,
3030 4980 3324 5050 colligenda
3373 4981 3600 5048 fuerant,
3635 4995 3697 5034 ac

441 5079 792 5132 Broweriana:
839 5075 1064 5130 Editioni
1117 5072 1438 5135 attexeuda;
1493 5079 1601 5124 tum
1653 5071 1941 5140 pleraque,
1999 5069 2173 5121 soluta
2224 5069 2418 5136 scripta
2476 5070 2762 5129 oratione.
2811 5083 2924 5134 qua:
2975 5068 3263 5122 Brovverus
3309 5068 3538 5122 Editioni
3585 5081 3695 5121 suae

371 5163 376 5170 ’
438 5167 768 5237 adiungenda
799 5182 905 5220 non
935 5163 1164 5228 censuit,
1194 5161 1404 5215 cteteris
1435 5159 1709 5214 Fortunati
1736 5159 1998 5225 Operibus
2027 5157 2222 5210 merito
2252 5155 2495 5210 addenda
2530 5155 2866 5217 videbantur,
2901 5163 2957 5207 ut
2985 5165 3266 5223 quotquot,
3296 5156 3407 5208 sive
3437 5155 3689 5218 carmine,

439 5261 549 5311 sive
590 5273 764 5327 prosa,
794 5260 858 5311 ab
894 5257 1082 5311 eodem
1127 5253 1430 5308 elueubrata
1473 5247 1794 5317 accepimus,
1826 5256 2128 5314 uuo'opere
2177 5245 2422 5298 universa
2453 5241 3052 5308 comprehenderentur.
3097 5240 3216 5295 Jam
3247 5255 3375 5294 vero
3415 5251 3553 5294 notia
3592 5241 3697 5295 illa:

442 5347 632 5413 quibus
686 5345 823 5398 idem
875 5344 1156 5397 Browerus
1206 5337 1450 5394 Venantii
1499 5335 1774 5390 Fortunati
1835 5336 2032 5402 scripta
2088 5332 2325 5386 ornanda
2375 5343 2427 5386 et
2477 5331 2783 5385 illustranda
2847 5332 3172 5386 existimavit
3228 5332 3480 5398 quamvis
3525 5331 3699 5384 doctae

443 5438 751 5505 plerumque
797 5443 851 5488 et
895 5435 1139 5495 ecuditte,
1181 5429 1376 5484 credent
1427 5436 1603 5481 tamen
1647 5441 1746 5492 qua
1790 5423 2009 5476 nimium
2058 5423 2298 5489 prolixae,
2346 5436 2448 5488 qua
2484 5434 2611 5473 vero
2653 5435 2854 5474 manete
2897 5429 2952 5473 et
2987 5418 3206 5488 jejunae,
3257 5426 3367 5482 aut,
3397 5426 3698 5487 temporqu

441 5525 790 5582 notandorum
830 5537 1032 5589 errore,
1077 5537 1138 5575 ac
1177 5519 1574 5590 perturbatione
1612 5527 1814 5581 rerum,
1855 5510 2002 5564 falsa:
2042 5507 2307 5564 interdum
2347 5522 2409 5561 ac
2451 5507 2744 5574 mendosae,
2779 5507 2994 5561 alterius
3038 5519 3252 5558 manum
3288 5515 3341 5560 et
3370 5505 3696 5576 diligentiam

441 5617 824 5671 efﬂagitabant.

513 5634 559 5671 ιιι
600 5634 824 5670 llaDalll.

511 5634 665 5762 ἥξω
693 5701 869 5772 itaque
897 5700 965 5757 de
995 5698 1169 5754 causis
1199 5695 1588 5757 illustrissimus
1617 5701 1672 5749 et
1699 5687 2178 5748 reverendissimus
2205 5685 2381 5756 (quem
2418 5688 2660 5756 superius
2688 5683 3124 5754 commemoravi)
3159 5685 3404 5742 Nicotaus
3436 5685 3702 5740 Antonius
