3990 6188
453 343 514 398 15
1886 330 2266 390 ΡΒΑΞΕΑΤΙΟ.
3634 326 3694 386 ιι

453 449 791 504 Justiuianus
816 459 1008 500 novam
1040 441 1268 516 Operam
1297 437 1571 500 Fortunali
1600 446 1894 501 Editionem
1932 445 2318 513 procurandam
2349 442 2575 505 censuit,
2609 450 2767 510 atque
2798 439 2848 494 id
2886 438 3120 494 muneris
3150 439 3279 493 mihi
3325 435 3688 504 demandavit,

447 539 849 605 qualescunque
887 535 1102 588 demum
1149 535 1214 588 ad
1255 535 1382 588 illud
1427 536 1802 601 perliciendum
1841 535 1982 589 vires
2026 533 2218 588 afferre
2261 532 2543 601 potuerim.
2600 531 2733 586 llinc
2764 530 2907 585 enim
2955 545 3074 584 cum
3126 529 3368 584 utilitatis
3406 528 3690 596 plurimum

445 644 510 682 ac
561 628 782 689 fructus,
832 633 894 678 ut
941 639 1101 693 supra
1152 623 1322 690 innui,
1370 623 1436 677 ad
1489 624 1797 695 religionem
1849 622 2294 687 conlirmandam,
2344 630 2397 675 et
2449 621 2588 674 illius
2641 617 2895 687 temporis
2941 618 3255 672 memoriam
3302 615 3694 682 illustrandam,

446 721 513 772 ad
567 719 772 772 litteras
821 715 1054 782 denique
1103 715 1245 781 ipsas
1289 714 1580 778 ornandus,
1637 722 2012 782 proventurum
2065 710 2418 774 existimavit,
2467 717 2580 759 tum
2635 707 2898 758 Patavina:
2949 703 3204 758 Ecclesiae
3255 711 3437 773 (quam
3489 703 3697 772 egregia

447 807 811 862 sollicitudine
855 820 916 858 ac
948 805 1222 875 diligentia
1273 804 1441 872 pascit
1489 811 1544 856 et
1588 803 1745 872 regit)
1776 817 1881 856 non
1931 801 2208 854 minimum
2258 795 2469 850 decoris
2511 802 2565 847 et
2607 792 2818 846 luminis
2863 805 3203 844 accessurum
3248 799 3330 845 est
3376 790 3692 855 arbitratus,

448 899 602 964 cujus
653 895 718 947 ad
775 893 1052 948 diceresim
1110 893 1336 960 pertinet
1391 891 1890 960 Duplavilisquam,
1922 890 2157 943 nativum
2201 901 2320 941 esse
2374 883 2646 938 Fortunati
2701 881 2872 936 solum
2929 881 3224 935 certissima
3279 890 3331 935 et
3383 881 3697 950 gravissima

457 994 806 1041 monumenta
839 984 920 1053 (ut
951 983 1191 1052 ejusdem
1222 983 1276 1036 in
1311 981 1423 1036 Vita
1455 979 1821 1048 ostendemus)
1853 978 2189 1034 confirmant.

520 1076 691 1136 Nunc,
724 1083 776 1126 ut
808 1073 1005 1126 laboris
1030 1072 1132 1124 mei
1165 1079 1221 1126 et
1247 1071 1425 1139 operis
1454 1070 1592 1139 qttod
1627 1070 1678 1122 in
1705 1066 2068 1130 conferendis,
2096 1063 2448 1128 illusttandis,
2477 1060 2736 1130 augendis
2763 1057 3007 1112 Venantii
3040 1057 3249 1125 scriptis
3306 1058 3460 1125 posui
3486 1056 3703 1111 reddam

447 1164 708 1215 rationem
758 1160 1030 1227 aliquam,
1079 1173 1141 1212 ac
1186 1157 1470 1227 quamdam
1523 1158 1685 1211 totius
1737 1157 1996 1210 Editionis
2045 1171 2203 1226 quam
2257 1170 2373 1208 sum
2429 1165 2710 1221 aggressus
2760 1148 2949 1202 faciem
2997 1163 3090 1201 seu
3139 1149 3361 1200 formam
3410 1149 3478 1201 ob
3519 1149 3706 1202 oculos

447 1264 660 1313 ponam,
707 1246 1034 1301 Broweriani
1079 1246 1290 1314 quidem
1337 1247 1696 1314 exemplaris,
1744 1260 1807 1299 ac
1856 1245 2058 1299 laboris
2103 1244 2358 1313 quidquid
2421 1251 2537 1296 erat
2584 1238 2921 1295 retinendum
2969 1252 3032 1291 ac
3081 1238 3442 1301 servandum,
3485 1239 3704 1293 retinui.

446 1339 559 1392 line
601 1354 732 1392 sane
773 1353 867 1405 per
895 1352 979 1390 me
1013 1337 1086 1389 cl.
1116 1337 1227 1389 viro
1265 1335 1354 1400 sit,
1401 1346 1457 1389 ut
1495 1337 1598 1390 erit
1637 1351 1869 1404 semper,
1903 1351 2006 1388 non
2038 1333 2236 1401 vulgari
2282 1332 2444 1394 laudi,
2471 1330 2609 1396 quod
2653 1338 2728 1381 tot
2760 1326 3031 1381 Fortunati
3080 1335 3344 1396 poemata,
3388 1341 3508 1394 qua:
3546 1337 3702 1381 antea

445 1427 684 1478 omnium
723 1425 774 1478 in
814 1425 1142 1494 ignoratione
1175 1423 1525 1476 versabantur
1563 1425 1615 1476 in
1649 1432 1889 1477 veterum
1924 1421 2359 1476 bibliothecarum
2405 1417 2621 1472 latebris
2660 1427 2713 1470 ct
2751 1414 2976 1469 occultis
3005 1415 3305 1468 recessibus
3346 1415 3702 1485 investigarit,

445 1513 853 1575 emendaverit,
885 1512 1181 1579 protulerit,
1213 1527 1435 1579 qumque
1480 1510 1593 1579 jam
1645 1511 1855 1565 fuerant
1904 1512 2048 1565 edita
2099 1512 2165 1564 ad
2217 1524 2346 1563 mss.
2402 1509 2656 1562 Codicum
2705 1508 3074 1560 auctoritatem
3128 1514 3182 1558 et
3237 1505 3392 1559 fidem
3447 1505 3705 1574 probarit,

446 1602 808 1672 castigaverit,
854 1599 1168 1654 correxerit.
1201 1599 1559 1665 Quamobrem
1591 1599 1986 1653 Browerianum
2019 1600 2312 1665 exemplar,
2347 1595 2487 1665 quod
2525 1595 2592 1660 is,
2641 1602 2695 1646 ut
2744 1593 2988 1662 superius
3030 1593 3164 1656 dixi,
3206 1592 3272 1645 ad
3304 1593 3519 1660 optimre
3564 1602 3708 1646 notas

446 1689 670 1743 Codices
711 1702 842 1742 mss.
867 1698 1140 1756 exegerat,
1174 1687 1226 1740 in
1267 1697 1502 1741 nostram
1547 1689 1681 1741 hanc
1724 1689 2021 1743 Editionem
2063 1689 2322 1756 integrum
2367 1684 2754 1746 transtulimus,
2787 1683 2885 1736 rati
2916 1697 3097 1736 eorum
3127 1683 3380 1738 Codicum
3429 1683 3704 1746 lectiones,

446 1795 582 1848 quas
631 1778 730 1846 ipsi
788 1780 840 1840 in,
893 1775 1138 1830 manibus
1181 1775 1381 1830 habere
1429 1792 1533 1830 non
1578 1777 1868 1844 pctuimus,
1919 1775 2049 1828 satis
2094 1775 2146 1828 iu
2199 1774 2291 1828 illo
2338 1772 2557 1826 indicari
2606 1781 2658 1825 et
2705 1770 2963 1838 exprimi;
3010 1769 3054 1824 si
3096 1769 3220 1839 qttid
3257 1785 3380 1824 vero
3428 1769 3525 1824 fuit
3565 1771 3706 1838 qttod

450 1869 628 1921 minus
672 1867 942 1935 placeret,
989 1875 1043 1919 et
1087 1864 1304 1918 aliunde
1350 1864 1542 1918 melius
1589 1864 1950 1932 suppleretur,
2003 1861 2286 1915 maluimus
2328 1860 2585 1914 adnotare
2633 1873 2789 1926 quam
2843 1858 3186 1912 Broweriano
3238 1858 3288 1912 in
3336 1867 3510 1923 textu,
3556 1871 3710 1911 secus

448 1967 607 2026 atque
652 1957 855 2010 editum
904 1953 1114 2016 fuerat,
1163 1951 1360 2021 aliquid
1411 1953 1711 2006 immutare.
1763 1951 2019 2018 Quocirca
2070 1948 2245 2003 Editio
2287 1949 2402 2001 haec
2453 1955 2632 2002 nostra
2682 1946 2878 2013 duplex
2925 1946 3085 2000 veluti
3135 1945 3407 2014 exemplar
3449 1945 3706 2012 continet,

449 2058 501 2099 ct
531 2047 672 2115 quod
701 2047 927 2115 primum
961 2043 1244 2098 Browerus
1273 2041 1459 2105 edidit,
1491 2048 1544 2094 et
1567 2039 1707 2108 quod
1736 2052 1833 2090 nos
1859 2036 1984 2105 ipsi,
2017 2035 2266 2090 meliores
2299 2035 2560 2089 lectiOues
2583 2032 2889 2100 indicando,
2918 2032 3286 2100 adiunximus.

521 2155 709 2209 Omnia
754 2153 1020 2222 siquidem
1052 2150 1324 2204 Fortunati
1356 2149 1549 2217 Opera,
1581 2164 1699 2215 qua:
1742 2147 1914 2216 primo
1944 2146 2210 2200 volumine
2255 2145 2617 2206 continentur,
2662 2158 2782 2198 cum
2827 2143 2995 2196 tribus
3039 2156 3170 2197 mss.
3209 2141 3379 2196 Codd.
3417 2142 3706 2210 Vaticanis,

451 2244 581 2296 olim
625 2241 960 2295 bibliotheca:
989 2238 1259 2305 Palatinae,
1303 2246 1356 2291 et
1396 2237 1460 2289 iis
1503 2234 1743 2303 integris,
1787 2249 1945 2302 quam
1988 2233 2252 2300 potuimus
2292 2232 2572 2300 diligenter
2618 2229 2960 2298 contulimus,
3007 2246 3137 2301 quos
3176 2231 3318 2285 circa
3363 2247 3555 2285 nonum
3599 2231 3708 2288 fere

453 2330 726 2394 s:eculnm,
769 2337 857 2381 aut
901 2327 1188 2389 decimum,
1235 2333 1481 2378 exaratos
1530 2325 1692 2376 fuisse
1733 2322 2080 2391 coniecimus.
2121 2320 2258 2387 Quin
2299 2328 2352 2374 et
2391 2335 2457 2374 ex
2499 2320 2687 2374 laceris
2728 2321 3044 2388 derosisque
3085 2323 3428 2386 membranis,
3479 2323 3522 2376 si
3566 2324 3706 2393 quod

454 2415 724 2470 Fortunati
766 2429 951 2482 poema
989 2422 1074 2466 aut
1123 2412 1286 2466 fetum
1325 2411 1487 2464 alium
1532 2427 1638 2479 pra:
1675 2425 1734 2464 se
1775 2409 1915 2465 ferre
1951 2411 2077 2465 visa:
2116 2419 2260 2476 sunt,
2305 2408 2558 2479 quidquid
2590 2411 2797 2464 Varium
2845 2411 2895 2464 iu
2938 2410 3166 2484 lectione
3202 2411 3297 2466 fttit
3321 2415 3706 2482 excerpsimus,

453 2519 516 2556 ac
558 2505 667 2555 suis
709 2503 840 2556 locis
889 2501 1077 2555 sedulo
1125 2500 1559 2567 subscripsimus.
1608 2499 1740 2552 Cum
1771 2507 1950 2552 autem
2001 2500 2053 2551 in
2103 2499 2271 2552 tribus
2320 2499 2384 2552 iis
2427 2512 2560 2566 quos
2607 2500 3023 2555 commemoravi
3074 2516 3202 2556 mss.
3245 2501 3416 2558 Codd.
3466 2503 3708 2560 omnibus

455 2591 886 2645 desiderarentur
936 2603 1150 2642 carmen
1205 2589 1238 2641 6
1278 2587 1314 2638 l.
1347 2601 1466 2648 vttt,
1509 2597 1562 2640 et
1609 2596 1832 2654 quatuor
1878 2587 1998 2640 libri
2044 2586 2109 2640 de
2145 2586 2259 2640 Vita
2308 2590 2476 2640 sancti
2527 2587 2759 2652 Martini,
2812 2591 2927 2644 haec
2973 2591 3125 2644 nobis
3173 2593 3530 2662 suppeditavit
3575 2595 3708 2653 alius

455 2697 560 2734 non
591 2679 856 2734 inferioris
887 2677 1214 2747 antiquitatis
1239 2675 1423 2731 Codex
1462 2679 1586 2730 item
1616 2675 1954 2729 bibliotheca:
1986 2674 2254 2730 Vaticana:
2289 2675 2354 2730 ad
2382 2691 2541 2745 quem
2571 2675 2686 2744 ipsa
2718 2678 2963 2732 conferre
2996 2682 3287 2745 potuimus.

526 2787 665 2853 Quin
706 2788 867 2841 etiam
897 2786 1208 2840 Calaritanae
1236 2784 1497 2839 Editionis
1539 2785 1829 2853 exemplar,
1872 2786 2010 2853 quod
2043 2785 2272 2841 Venetiis
2310 2786 2515 2841 editum
2561 2794 2672 2856 est,
2713 2796 2768 2841 ut
2804 2795 3050 2856 superius
3087 2791 3340 2859 diximus,
3372 2809 3513 2848 anno
3544 2795 3705 2866 1578,

452 2893 550 2947 per
586 2879 827 2932 ha-redes
857 2876 1038 2931 Jacobi
1074 2876 1355 2937 Simbenii,
1393 2875 1455 2928 ad
1491 2875 1720 2929 Broweri
1751 2876 2022 2943 exemplar
2061 2875 2249 2929 iterant
2281 2876 2624 2940 contulimus,
2663 2890 2886 2945 quaeque
2925 2878 2990 2930 ab
3021 2892 3086 2932 eo
3125 2879 3301 2933 minus
3337 2882 3708 2938 animadversa

453 2985 516 3023 ac
545 2979 718 3022 notata
747 2967 977 3029 fuerant,
1005 2981 1123 3020 cum
1151 2967 1474 3034 caeteroquin
1519 2966 1673 3032 iligna
1716 2965 2174 3018 animadversione
2219 2963 2372 3017 nobis
2401 2964 2510 3016 visa
2551 2963 2686 3027 siut,
2727 2964 3120 3030 adnotavimus,
3150 2980 3273 3019 cum
3325 2966 3391 3019 ab
3423 2967 3717 3024 innumeris

454 3075 620 3129 prope
650 3059 861 3112 mendis
892 3057 1083 3126 quibus
1114 3057 1199 3110 illa
1231 3065 1399 3109 scatet
1426 3055 1605 3108 Editio
1641 3053 1924 3120 diligenter
1959 3053 2148 3106 eadem
2183 3052 2616 3108 secretissemus.
2654 3051 2834 3120 Neque
2860 3067 3005 3116 vero,
3043 3066 3087 3106 st
3125 3052 3177 3106 in
3207 3053 3308 3106 ulla
3342 3054 3585 3112 Editione
3608 3057 3708 3112 alia

455 3147 659 3201 varium
691 3145 894 3214 aliquid
929 3143 1250 3207 invenimus,
1281 3143 1651 3212 negligentiam
1675 3143 2094 3196 existimavimus

526 3236 646 3289 iam
677 3248 808 3287 vero
858 3248 976 3300 qua:
1014 3233 1078 3286 ad
1107 3231 1345 3285 notitiam
1378 3241 1611 3285 nostram
1646 3231 1924 3299 pervenire
1955 3241 2260 3300 potuerunt,
2306 3242 2547 3298 poemata
2578 3231 2876 3300 Fortunati,
2904 3247 3129 3304 quaeque
3158 3234 3381 3290 deerant
3411 3235 3462 3290 in
3497 3236 3710 3291 Brovve-

459 3329 606 3380 riana
637 3326 904 3388 Editione,
930 3324 1050 3377 huic
1074 3333 1268 3376 nostra;
1299 3323 1664 3390 adjunximus.
1715 3320 1791 3376 ita
1817 3322 1853 3376 ι.
1885 3337 1947 3388 η,
1980 3338 2030 3377 c.
2068 3324 2154 3387 l0,
2185 3326 2507 3377 attexuimns
2554 3323 2809 3394 hymnum
2840 3340 2868 3378 a
2904 3325 3197 3380 Fortunato
3229 3337 3412 3382 nostro
3455 3328 3712 3397 scriptum

458 3419 512 3469 in
540 3426 783 3470 sanctum
819 3417 1126 3485 Dionysium
1157 3423 1469 3484 martyrem,
1519 3415 1746 3482 primum
1778 3414 2134 3468 Parisiensem
2169 3416 2470 3480 pontificem
2493 3457 2507 3482 ,
2560 3431 2717 3486 quem
2760 3417 2928 3471 edidit
2971 3419 3042 3473 cl.
3072 3419 3431 3476 Dubletius‘in
3462 3422 3712 3491 Antiqui-

461 3510 656 3560 tatibus
709 3505 1209 3575 San-DiOnysianis.
1265 3505 1452 3560 Edem
1486 3505 1520 3556 l.
1571 3519 1608 3556 ll
1654 3504 1961 3572 atljunctnm
2008 3512 2092 3558 est
2135 3518 2349 3560 carmen
2397 3504 2430 3558 8
2476 3507 2527 3560 in
2568 3521 2783 3562 sacrum
2831 3507 3184 3576 baptismum,
3231 3519 3289 3565 et
3331 3507 3364 3563 9
3408 3511 3459 3564 in
3501 3511 3711 3567 laudem

457 3600 782 3663 chrismatis,
816 3587 956 3650 item
990 3601 1184 3664 Scripta
1216 3611 1243 3648 a
1278 3595 1590 3663 Fortunato,
1643 3596 1718 3648 uti
1769 3597 1882 3649 suis
1927 3593 2057 3650 locis
2086 3596 2496 3661 adnotavimus;
2545 3606 2652 3651 tum
2704 3613 2916 3652 carmen
2949 3598 3012 3650 2|
3037 3644 3051 3664 ,
3101 3601 3357 3668 scriptum
3397 3602 3448 3655 in
3499 3602 3710 3659 laudem

461 3693 630 3745 sancti
662 3690 942 3753 Martialis,
974 3690 1123 3757 primi
1157 3688 1483 3742 Lemovicini
1514 3687 1771 3756 episcopi,
1817 3687 1957 3757 quod
1991 3688 2054 3741 ad
2100 3687 2200 3740 hoc
2235 3702 2403 3756 usque
2452 3695 2658 3756 tempus
2707 3687 2990 3761 Florentia:
3032 3689 3082 3742 in
3126 3688 3482 3747 Laurentiana
3527 3693 3716 3749 biblio-

463 3783 614 3836 theca
645 3791 919 3835 exaratum
954 3781 1003 3833 in
1033 3780 1226 3834 Codice
1255 3779 1435 3833 saeculi
1465 3795 1536 3834 xu
1583 3779 1811 3832 ineuntis
1841 3781 2072 3843 delituit,
2113 3793 2176 3833 ac
2206 3779 2434 3848 primum
2465 3778 2649 3832 Romae
2687 3777 2886 3832 editum
2923 3788 3005 3833 est
3034 3794 3122 3834 an.
3157 3779 3316 3849 1785,
3347 3781 3401 3835 in
3431 3781 3720 3838 Anecdotis

463 3871 588 3936 iitt.,
615 3873 724 3926 vol.
759 3872 846 3933 IV,
875 3874 1170 3925 excudente
1202 3871 1433 3925 Antonio
1463 3870 1744 3939 Fulgonio.
1783 3871 2045 3925 Prarterea
2077 3869 2212 3924 duos
2252 3869 2498 3940 hymnos,
2547 3869 2738 3940 quibus
2772 3870 3004 3925 Ecclesia
3057 3871 3221 3926 utitur
3249 3872 3301 3926 in
3346 3873 3518 3928 Festis
3546 3876 3715 3930 beatae

464 3961 634 4014 Marix
657 3960 900 4030 virginis,
932 3975 1157 4029 quorum
1183 3977 1321 4013 unus
1351 3961 1536 4028 incipit
1569 3962 1728 4026 Quem
1756 3969 1912 4023 terra,
1946 3972 2129 4030 pontus
2157 4005 2173 4028 ,
2206 3963 2416 4026 (ethera,
2450 3963 2585 4016 alter
2624 3977 2750 4016 vero
2779 3962 2900 4031 Are,
2929 3963 3082 4016 maris
3106 3964 3290 4029 Stella,
3336 3979 3402 4018 ex
3434 3965 3722 4035 liymnario

465 4049 538 4102 cl.
563 4052 702 4103 card.
736 4050 950 4103 Tomasi
982 4050 1386 4119 exscripsimus,
1442 4050 1492 4102 in
1519 4066 1622 4121 quo
1647 4053 1746 4104 sub
1774 4053 1988 4108 nomine
2019 4053 2262 4108 Venautii
2301 4052 2573 4106 Fortunati
2606 4053 2888 4120 leguntur;
2938 4063 2992 4105 et
3021 4053 3113 4109 lib.
3145 4068 3256 4117 vnl,
3290 4055 3388 4106 sub
3417 4070 3570 4123 capp.
3601 4053 3636 4106 4
3662 4067 3714 4111 et

463 4143 518 4209 5,
549 4142 889 4195 iuseruimus.
927 4141 1110 4195 Eidem
1147 4141 1281 4195 libro
1308 4140 1609 4195 addidimus
1647 4155 1861 4195 carmen
1892 4142 1946 4208 8,
1972 4143 2113 4211 quod
2145 4143 2198 4195 in
2227 4158 2335 4194 ttno
2363 4141 2495 4197 Cod.
2524 4141 2641 4194 Vat.
2674 4141 2916 4194 exstabat
2944 4141 3009 4192 ad
3040 4142 3235 4194 calcem
3263 4141 3492 4209 Operum
3527 4144 3707 4200 Fortu-

461 4235 608 4297 nati;
648 4233 790 4299 quod
820 4233 938 4300 quia
978 4233 1172 4303 srylum
1202 4245 1253 4286 et
1284 4233 1513 4286 indolem
1547 4232 1818 4285 Fortunati
1851 4232 2016 4298 ipsius
2061 4234 2112 4286 in
2153 4234 2438 4287 scribendo
2467 4247 2658 4301 sapere
2703 4234 2872 4286 visum
2903 4243 3005 4297 est,
3053 4234 3104 4286 in
3156 4244 3388 4290 nostram
3419 4237 3555 4294 hanc
3584 4240 3715 4295 Edi—

463 4323 664 4376 tiooem
695 4323 946 4377 duximus
975 4324 1421 4377 transferendum.
1469 4324 1780 4392 Quanquam
1814 4321 1939 4375 illud
1969 4322 2208 4390 pluribus
2247 4322 2454 4376 mendis
2482 4337 2548 4377 ex
2580 4322 2844 4390 imperitia
2887 4323 3288 4378 amanuensium
3319 4340 3593 4394 aspersum
3627 4331 3716 4384 vix

463 4412 738 4467 emendari
770 4428 924 4480 posse
952 4413 1266 4477 videbatur;
1297 4427 1359 4466 ac
1387 4427 1594 4479 revera,
1625 4411 1867 4479 quamvis
1893 4411 2146 4480 pleraque
2179 4412 2465 4480 integritati
2512 4427 2621 4465 sua:
2649 4413 2889 4466 restituta
2937 4428 2964 4464 a
2995 4427 3078 4466 me
3111 4413 3237 4477 sint,
3268 4413 3441 4470 adhuc
3471 4428 3594 4471 sunt
3622 4417 3718 4471 ali-

460 4519 562 4572 qua
593 4503 784 4570 quibus
814 4502 1140 4572 corrigendis
1169 4502 1310 4555 nulla
1337 4503 1643 4569 cOnjectura
1680 4503 1965 4568 probabilis
1994 4502 2171 4556 alierri
2203 4501 2390 4570 potuit.
2426 4501 2578 4570 ltem,
2617 4517 2668 4556 c.
2699 4504 2730 4558 9
2763 4503 2799 4556 l.
2829 4519 2859 4557 x
2888 4503 3188 4561 addidimus
3213 4520 3427 4562 carmen
3460 4510 3716 4578 scriptum

460 4593 513 4646 in
547 4592 756 4646 Iaudem
784 4591 1104 4644 Childeberti
1138 4593 1296 4658 regis,
1322 4593 1461 4660 quod
1494 4591 1562 4644 cl.
1598 4590 1937 4645 Mabillonius
1965 4592 2204 4645 ediderat
2231 4601 2468 4645 veterum
2501 4593 2745 4646 Analect.
2777 4602 2819 4647 ι.
2849 4593 2888 4658 l,
2933 4609 3052 4665 pag.
3087 4596 3211 4660 560,
3241 4606 3296 4652 et
3324 4597 3376 4651 in
3403 4598 3506 4652 line
3537 4600 3628 4654 lib.
3665 4616 3718 4654 xl

460 4685 797 4737 adtcxuimus
838 4697 1024 4752 poema
1069 4683 1370 4746 recitatum,
1410 4682 1484 4735 uti
1527 4681 1750 4744 videtur,
1791 4696 1819 4734 a
1865 4681 2152 4735 Fortunato
2189 4683 2241 4734 in
2270 4691 2531 4736 conventu
2571 4683 2881 4737 monialium
2915 4700 3058 4738 mon.
3105 4685 3330 4752 Pictam,
3365 4687 3498 4742 forte
3536 4703 3601 4743 eo
3630 4689 3720 4744 die

462 4791 571 4840 quo
612 4777 894 4842 episcopus
933 4775 1273 4842 inauguratus
1309 4784 1388 4828 est
1423 4773 1602 4842 :quod
1644 4771 1798 4826 nobis
1826 4772 2184 4840 suppeditavit
2227 4773 2414 4827 derosa
2459 4774 2680 4837 scheda,
2709 4775 2914 4844 adjecta
2956 4777 3044 4830 uni
3087 4792 3118 4831 e
3144 4777 3311 4832 Codd.
3345 4779 3485 4845 Vat.,
3517 4781 3589 4835 uti
3619 4797 3717 4836 suo

461 4867 580 4919 loco
608 4865 974 4919 iudicavimth‘.

540 4954 719 5007 Altera
757 4969 880 5007 Vero
916 4954 1177 5007 Edittonts
1214 4962 1410 5007 nostra:
1447 4968 1568 5021 pars
1611 4954 1978 5023 complectitur
2007 4954 2150 5007 Vitas
2191 4966 2518 5019 sanctorum,
2545 4969 2676 5022 quas
2708 4971 2734 5008 a
2767 4956 3060 5015 Fortunato
3100 4960 3436 5018 elucubratas
3481 4972 3716 5018 veterum

464 5044 794 5106 testimonia,
823 5058 884 5097 ac
909 5044 1030 5113 styli
1060 5044 1294 5098 affinitas
1323 5045 1704 5112 prodiderunt;
1735 5060 1956 5112 qumque
1987 5046 2239 5097 hactenus
2271 5047 2444 5097 varios
2473 5046 2612 5113 apud
2659 5055 2977 5104 tractatores
3005 5051 3282 5119 dispersae,
3320 5068 3460 5107 nunc
3490 5055 3714 5122 primum

465 5130 631 5199 (quod
677 5133 887 5200 quidem
929 5147 1028 5203 ego
1064 5133 1252 5203 sciam)
1297 5150 1415 5188 cum
1459 5134 1670 5188 czcteris
1703 5131 1974 5186 Fortunati
2016 5134 2276 5200 Operibus
2317 5136 2552 5190 collectio
2603 5137 2654 5191 in
2702 5139 2875 5194 lucem
2921 5143 3202 5210 prodeunt.
3252 5143 3447 5196 Harum
3494 5145 3626 5198 alias
3650 5161 3716 5199 ex

466 5221 617 5278 Actis
656 5237 960 5278 sanctmum
1008 5224 1212 5278 ordinis
1257 5229 1426 5280 sancti
1464 5224 1732 5279 B-.-ncdicti
1785 5225 2130 5293 sumpsimus,
2182 5226 2310 5280 afias
2358 5229 2716 5298 Bollandistm,
2771 5233 2884 5287 sive
2931 5243 3178 5288 auctores
3225 5235 3349 5297 alii,
3398 5237 3550 5291 nobis
3587 5253 3716 5307 sup.

471 5312 810 5380 peditarunt,
855 5316 929 5367 uti
977 5315 1084 5366 suis
1126 5314 1256 5368 locis
1295 5314 1573 5381 diligenter
1618 5315 1990 5369 indicavimus.
2040 5316 2176 5382 Quin
2226 5329 2279 5370 et
2317 5317 2656 5374 doctissimas
2705 5331 2894 5389 notas,
2944 5324 3136 5391 quibus
3182 5326 3396 5382 easdem
3445 5337 3628 5383 auctas
3665 5338 3721 5383 et

469 5411 691 5456 ornatas
732 5418 760 5456 a
799 5401 1004 5456 clariss.
1049 5402 1352 5457 Editoribus
1381 5404 1701 5467 invenimus,
1729 5404 2061 5460 subscribere
2093 5407 2264 5460 visum
2310 5419 2421 5474 est;
2465 5411 2666 5479 aliquas
2711 5413 2866 5465 etiam
2906 5413 2975 5468 de
3011 5426 3214 5483 nostro,
3243 5419 3330 5472 ubi
3360 5429 3714 5488 opportunum

470 5493 770 5556 videbatur,
797 5494 1106 5561 adiecimus.
1140 5494 1451 5547 Addidimus
1491 5505 1546 5547 et
1578 5496 1706 5547 Acta
1741 5497 2004 5563 passionis
2046 5499 2212 5550 sancti
2245 5500 2475 5569 Dionysii
2505 5503 2738 5568 episcopi
2773 5503 3110 5572 Parisieusis,
3143 5523 3264 5576 qua
3287 5509 3454 5564 edidit
3497 5513 3564 5565 cl.
3618 5513 3717 5566 Bo-

471 5592 695 5651 squetus
735 5585 786 5636 in
821 5584 1015 5640 llistor.
1066 5585 1209 5638 Eccl.
1243 5585 1447 5648 Calliae,
1480 5601 1529 5651 p.
1559 5586 1617 5651 2,
1644 5599 1696 5638 et
1726 5603 1826 5640 una
1873 5590 2185 5654 protulimus
2237 5592 2466 5645 rationes
2495 5593 2686 5660 quibus
2714 5594 2989 5652 Adrianus
3033 5601 3272 5656 Valesius
3301 5607 3554 5660 adversus
3583 5603 3719 5658 Lauo

472 5671 655 5725 noium
687 5673 971 5728 ostendere
993 5685 1214 5728 conatur
1245 5675 1406 5726 fuisse
1427 5673 1514 5726 illa
1544 5691 1572 5728 a
1602 5673 1894 5730 Fortunato
1923 5677 2255 5732 elucubrata.

547 5763 828 5819 Postremo
858 5765 972 5819 loco
1003 5767 1273 5834 posuimus
1303 5764 1635 5835 Symbolum,
1685 5768 1838 5839 volgo
1871 5768 2308 5840 Athanasiantun,
2358 5787 2420 5828 ac
2469 5774 2720 5844 scriptam
2750 5778 2802 5832 in
2833 5779 2958 5836 illud
3007 5783 3395 5854 expositionem
3439 5800 3596 5855 quam
3640 5783 3711 5839 ci-
