4060 6190
357 352 426 408 15
888 353 1397 412 PROLEGOMEN'A
1441 357 1530 412 AD
1577 357 1895 413 VENANTII
1940 357 2096 415 llUN.
2139 357 2343 413 CLEM.
2389 356 2782 412 FORTU‘NATI
2823 357 3076 413 OPERA.
3561 359 3626 410 Ili

356 461 668 517 Muratorius
700 463 901 518 Anecd.
936 474 972 518 t.
1007 465 1067 531 il,
1105 481 1222 537 pag.
1271 466 1396 534 212,
1448 469 1688 536 protulit.
1744 485 1807 522 cx
1859 472 2268 525 membranaceo
2314 468 2507 523 Codice
2553 467 2890 524 bibliotheca:
2937 470 3307 524 Ambrosmnze
3335 477 3561 533 erutam,
3592 483 3627 523 θ

355 553 546 622 quibus
578 555 890 608 alterutrum
920 556 1031 624 ipse
1065 558 1354 611 Fortunato
1383 567 1569 610 nostro
1617 560 2012 614 attribttendum
2057 561 2190 614 forte
2219 569 2419 624 censet,
2461 574 2524 613 ac
2571 569 2841 613 momenta
2879 560 3071 630 quibus
3121 561 3263 614 idetn
3315 559 3622 628 opinionem

356 665 507 703 suam
544 659 722 728 tuetur
743 652 1041 716 attulimus,
1072 663 1124 706 et
1150 651 1273 720 quid
1308 652 1632 706 sentiremus
1662 652 1760 722 ipsi
1791 655 2142 708 ostendimus.

424 743 575 810 Quod
609 759 734 798 vero
759 745 949 798 attinet
978 744 1043 797 ad
1084 751 1241 796 notas
1293 742 1528 797 llroweri
1562 745 1613 798 in
1665 757 1902 813 poemata
1954 747 2254 814 Fortunati,
2308 757 2426 801 erat
2473 747 2686 815 quidem
2720 747 2773 799 itt
2805 746 2981 798 animo
3016 745 3250 813 integras
3280 744 3500 798 easdem
3528 743 3620 797 ado

355 834 484 888 dere
515 833 635 888 huic
687 843 884 888 nostra:
932 833 1202 899 Editioni;
1251 833 1344 886 sed
1391 849 1510 887 cum
1547 835 1709 890 nimia
1741 853 1923 890 earum
1975 845 2028 890 et
2058 852 2200 905 stupe
2256 837 2456 890 inutilis
2500 837 2774 904 prolixitas
2822 837 3130 900 absterruit,
3187 846 3295 889 tum
3327 850 3538 890 errores
3569 836 3619 890 itt

356 940 490 991 quos
523 925 785 979 interdum
832 925 1010 991 lapsus
1054 923 1494 992 deprehenditur,
1538 925 1606 978 ab
1635 925 1726 978 illo
1755 923 1981 979 consilio
2027 941 2124 979 nos
2153 928 2307 994 plane
2351 936 2666 978 avocarunt.
2717 923 2896 979 Satius
2944 924 3120 991 itaque
3153 924 3408 977 duximus
3437 939 3467 978 e
3492 926 3618 977 Bro-

353 1030 501 1069 \vero
529 1030 592 1089 ea
620 1015 847 1083 seligere
871 1030 990 1082 qute
1037 1014 1103 1066 ab
1131 1028 1314 1068 errore
1344 1022 1498 1067 erant
1536 1025 1758 1079 remota,
1802 1024 1852 1069 et
1883 1031 2001 1084 qua:
2046 1015 2112 1068 ad
2144 1015 2314 1068 lucem
2342 1013 2572 1082 aliquam
2616 1012 2773 1065 rebus
2807 1010 3130 1065 aﬂ‘erettdam
3161 1025 3457 1078 Opportuna
3507 1013 3618 1064 visa

351 1113 495 1168 sunt,
519 1120 549 1157 a
582 1104 678 1156 viri
707 1105 773 1157 cl.
807 1103 1104 1158 eruditione
1150 1100 1408 1172 profecta,
1433 1118 1589 1171 quam
1622 1104 1917 1171 promiscue
1946 1103 2125 1156 omnia
2171 1100 2451 1170 subjicere.
2485 1099 2686 1166 Quibus
2725 1106 2902 1152 autem
2933 1099 2985 1151 in
3019 1100 3150 1152 locis
3177 1100 3290 1153 sive
3332 1100 3618 1153 Btowerus

347 1194 480 1259 ipse,
513 1205 602 1248 aut
626 1194 886 1263 quispiam
926 1195 1058 1247 alius
1091 1193 1198 1246 Ialli
1228 1193 1367 1246 visus
1397 1201 1498 1257 est,
1542 1191 1802 1261 judicium
1831 1202 2090 1255 nostrum,
2125 1198 2180 1244 ut
2207 1189 2493 1260 potuimus,
2522 1185 2945 1253 declaravimus,
2991 1187 3236 1240 eamdem
3279 1201 3524 1256 operam,
3570 1187 3615 1240 si

347 1282 471 1351 quid
501 1283 582 1336 vel
616 1283 738 1351 ipsi,
771 1293 828 1336 ut
855 1284 1118 1345 homines,
1150 1280 1455 1334 ltallttcinati
1487 1283 1760 1348 fuerimus,
1792 1281 1934 1334 bono
1964 1281 2141 1334 animo
2175 1280 2241 1333 ab
2261 1279 2378 1332 aliis
2407 1286 2804 1344 exspectantes.

419 1365 497 1422 Ac
529 1369 784 1438 quidquid
815 1370 880 1424 ad
912 1368 1190 1424 Fortunati
1225 1369 1386 1437 ipsius
1416 1369 1586 1438 Opera
1615 1369 1926 1424 illustranda
1957 1371 2228 1439 pertinere
2277 1376 2508 1436 poterat,
2557 1377 2613 1421 et
2641 1367 2706 1421 ad
2734 1367 3015 1423 scientiam
3063 1378 3296 1423 nostram
3348 1369 3613 1438 pervenit,

347 1456 584 1524 undique
617 1457 910 1522 hausimus,
936 1465 988 1512 et
1016 1459 1404 1524 excerpsimus,
1451 1457 1779 1525 singulorum
1811 1460 2026 1512 nomina
2052 1474 2080 1512 a
2113 1458 2306 1527 quibus
2339 1457 2560 1512 mutuati
2594 1471 2778 1511 sumus
2817 1459 3014 1527 aliquid
3048 1459 3272 1514 ﬁdeliter
3301 1476 3363 1513 ac
3391 1463 3507 1515 sine
3537 1464 3616 1514 in-

349 1545 489 1600 vidia
519 1547 870 1603 ascrihentes.
903 1547 1068 1614 Quam
1099 1547 1163 1600 ad
1193 1561 1303 1600 rem
1334 1545 1496 1615 Greg.
1531 1545 1659 1600 Tur.
1693 1547 1745 1600 in
1778 1548 1980 1615 primis,
2012 1559 2194 1601 nostro
2225 1548 2513 1602 Fortunato
2559 1561 2788 1611 coaevus,
2822 1556 2929 1600 tum
2963 1547 3048 1599 alii
3080 1562 3256 1600 rerum
3289 1548 3400 1601 Gali
3427 1563 3612 1602 carum

345 1638 636 1706 scriptores
670 1652 913 1707 magnam
939 1653 1092 1705 opem
1127 1636 1277 1691 nobis
1307 1637 1620 1689 attulerunt.
1657 1636 1938 1690 Browerus
1968 1636 2127 1689 etiam
2159 1636 2222 1688 ad
2248 1635 2547 1689 Germania:
2575 1633 2711 1701 loca,
2737 1649 2962 1702 quorum
2991 1635 3229 1687 meminit
3261 1635 3610 1703 Fortunatus,

345 1728 573 1780 notanda
605 1736 657 1781 et
685 1728 1007 1796 designanda
1044 1729 1325 1795 plurimum
1358 1725 1647 1794 adjttmcnti
1681 1726 1903 1778 contulit
1934 1741 1948 1789 ;
1999 1724 2152 1793 cujus
2178 1722 2504 1784 attctutitati,
2553 1722 2693 1790 quod
2727 1721 2817 1775 ille
2846 1721 2907 1774 iis
2937 1720 3064 1788 ipsis
3095 1722 3145 1775 itt
3191 1723 3318 1776 locis
3347 1739 3466 1776 cutn
3519 1724 3603 1777 illa

339 1815 612 1868 scribebat
642 1824 964 1879 versaretur,
996 1815 1279 1884 plurimunt
1313 1814 1613 1879 tribuimus,
1642 1822 1798 1883 atque
1831 1814 1950 1870 ideo
1979 1829 2083 1869 non
2108 1814 2469 1869 dubitavimus
2499 1815 2702 1881 integra
2725 1811 2962 1879 ejusdem
2990 1812 3289 1867 testimonia
3319 1813 3611 1884 aliquando

339 1902 672 1956 exscribere.

412 1989 508 2042 llic
533 1998 708 2044 autem
741 1999 856 2044 erat
902 1991 1048 2045 locus
1079 1990 1304 2046 I0t‘tasse
1334 2000 1388 2045 ut
1416 2006 1476 2046 ea
1510 1992 1935 2062 expenderemus
1966 2009 2083 2062 qnte
2115 1994 2166 2047 in
2201 1993 2458 2062 Operihus
2488 1991 2758 2046 Fortunati
2790 1990 2948 2045 dubia
2979 1993 3240 2046 Interdum
3273 2003 3328 2047 et
3376 1994 3607 2050 obscura

337 2089 623 2134 occurrunt
650 2098 665 2147 ;
696 2082 790 2136 sed
821 2082 1104 2136 maluimus
1152 2082 1358 2152 singula
1386 2083 1497 2138 suis
1527 2083 1578 2136 in
1612 2083 1739 2137 locis
1765 2097 2019 2138 revocare
2063 2084 2126 2137 ad
2160 2098 2383 2138 cmmen
2408 2124 2422 2148 ,
2455 2095 2537 2134 .ac
2566 2081 2691 2149 quid
2722 2081 2789 2135 de
2820 2081 2948 2149 ipsis
2989 2084 3309 2136 sentiremus
3341 2086 3604 2152 proferre,

339 2187 496 2238 quam
530 2171 655 2226 inde
684 2172 918 2242 legentes
951 2172 1282 2236 abstrahere,
1317 2185 1369 2228 et
1399 2175 1463 2226 ad
1499 2175 1609 2227 loca
1639 2174 1741 2227 alia
1771 2174 2080 2228 amandare.

412 2262 541 2316 Illud
572 2263 744 2330 potius
773 2262 1127 2331 indagandum
1164 2262 1321 2316 modo
1355 2262 1577 2328 videtur,
1629 2279 1870 2331 quantum
1898 2278 1962 2315 ex
2003 2262 2083 2314 his
2105 2274 2224 2329 qua:
2256 2273 2283 2310 a
2318 2257 2609 2312 Fortunato
2657 2257 2962 2311 elucubrata
2997 2258 3300 2326 accepimus
3345 2257 3607 2328 Operibus

338 2352 593 2418 temporis
629 2349 822 2418 injuria
853 2350 1127 2418 deperdita
1156 2349 1284 2413 sint,
1311 2363 1403 2404 aut
1433 2363 1676 2418 quamam
1706 2348 1934 2404 diversis
1966 2349 2133 2402 titulis
2163 2355 2349 2402 ornata
2373 2363 2401 2400 a
2435 2347 2724 2412 veteribus,
2756 2347 2856 2400 alia
2884 2346 3128 2414 cuiquam
3158 2347 3322 2402 videri
3355 2360 3598 2416 possunt,

340 2452 497 2504 quam
531 2454 650 2506 qua:
680 2438 730 2492 itt
762 2439 1006 2492 manibus
1031 2437 1140 2507 jam
1178 2437 1459 2502 habemus,
1515 2438 1636 2490 licet
1671 2452 1772 2489 non
1805 2437 1990 2490 iisdem
2019 2441 2324 2511 ἐπιγραφαῖς
2372 2437 2645 2504 inscripta.
2683 2434 2879 2493 Paulus
2931 2433 3214 2498 Diaconus,
3258 2435 3395 2488 Ilist.
3432 2437 3597 2504 Long.

335 2528 429 2581 lib.
468 2543 526 2594 It,
561 2543 708 2582 num.
749 2528 837 2592 15,
869 2537 1052 2582 narrat
1085 2527 1310 2598 hymnos
1340 2527 1666 2594 singularum
1701 2525 2046 2579 l’estivitatum
2085 2540 2111 2575 :t
2143 2524 2432 2578 Fortunato
2463 2525 2624 2578 luisse
2664 2523 3038 2587 concinnatos;
3069 2536 3131 2575 ac
3159 2521 3501 2586 Tritbetnius,
3547 2524 3598 2576 in

329 2615 428 2672 lib.
471 2616 536 2670 tle
577 2616 838 2685 Scriptor.
887 2615 1298 2678 ecclesiasticis,
1349 2624 1534 2669 texens
1564 2614 1846 2667 elenchum
1877 2613 2107 2681 Operum
2139 2611 2430 2677 Fortunati,
2471 2615 2695 2683 hymnos
2743 2627 2925 2665 uxrtt
2977 2620 3274 2676 enumerat,
3325 2612 3601 2680 colligatos

331 2717 494 2756 unum
528 2705 578 2757 in
609 2704 885 2768 Volumen,
913 2717 1047 2771 quos
1085 2702 1152 2756 ab
1180 2703 1294 2772 ipso
1328 2702 1617 2756 Fortunato
1650 2701 1879 2769 scriptos
1907 2701 2070 2754 l'ttisse
2099 2713 2482 2755 commemorat
2511 2721 2521 2756 :
2555 2716 2776 2770 quorum
2813 2701 3036 2770 primum
3071 2699 3215 2770 ponit
3243 2700 3393 2755 illum
3427 2705 3515 2770 qui
3544 2705 3597 2757 in

342 2803 519 2847 nostra
554 2795 794 2849 Editione
821 2805 992 2850 exstat
1023 2808 1140 2862 cap.
1172 2793 1204 2845 5
1236 2793 1325 2847 l.b.
1357 2808 1472 2858 vttt,
1523 2793 1716 2862 quique
1748 2791 1931 2861 incipit
1956 2789 2210 2860 Agnoscat
2259 2807 2406 2844 onme
2432 2793 2697 2854 siccatum,
2728 2800 2832 2844 etc.
2864 2792 2931 2842 At
2959 2802 3056 2842 nos
3087 2803 3381 2857 perpaucos
3411 2794 3598 2842 admo-

339 2887 463 2939 dum
492 2886 718 2956 hymnos
743 2900 878 2956 quos
918 2884 1129 2955 quidem
1157 2899 1186 2937 a
1217 2882 1484 2938 Venantio
1528 2884 1860 2949 conscriptos
1893 2881 2198 2935 noverimus
2247 2881 2523 2945 habemus,
2553 2888 2711 2946 atque
2744 2879 2860 2932 illos
2905 2877 3103 2946 passim
3143 2878 3416 2942 distzersos
3463 2877 3599 2931 inter

331 2985 526 3028 cmtera
557 2976 833 3030 Fortunati
887 2978 1080 3042 Opera,
1116 2983 1171 3026 ut
1197 2973 1413 3027 eosdem
1453 2972 1670 3025 minime
1712 2985 1831 3024 esse
1869 2967 2211 3036 iudicandum
2243 2969 2312 3021 sit
2338 2967 2406 3021 de
2436 2966 2626 3036 quibus
2655 2966 2845 3020 Paulus
2879 2966 3021 3019 Diae.
3055 2973 3108 3018 et
3139 2964 3464 3018 Trithetnius
3509 2966 3599 3019 Io-

330 3077 582 3134 quuntur.
625 3067 886 3134 Quocirca
929 3074 1189 3119 vetustate
1220 3064 1337 3118 illos
1367 3063 1572 3118 deletos
1621 3061 1784 3115 fuisse
1837 3058 2176 3128 judicandnm
2207 3066 2308 3120 οδε,
2361 3065 2452 3109 aut
2497 3055 2789 3124 incognitos
2817 3053 2988 3106 adhuc
3020 3052 3224 3118 uspiam
3252 3051 3454 3120 jacere,
3507 3061 3598 3107 aut

331 3172 461 3210 vero
493 3157 610 3210 illos
640 3156 828 3211 alienis
873 3155 972 3209 sub
1003 3153 1307 3210 nominibus
1339 3151 1620 3206 venditari.
1675 3149 1958 3203 Browcrus
1999 3157 2174 3200 tamen
2206 3143 2353 3198 nullo
2383 3142 2540 3196 modo
2569 3142 2857 3197 assentitur
2908 3149 2984 3194 tot
3013 3156 3040 3192 a
3075 3140 3336 3193 Venantio
3362 3141 3596 3194 conscri-

330 3258 452 3315 ptos
483 3248 708 3317 hymnos
739 3245 903 3300 fuisse
933 3255 1061 3316 quot
1086 3251 1329 3299 recenset
1357 3241 1700 3305 Trithemius,
1734 3253 1854 3292 cum
1887 3234 2144 3295 universi,
2187 3232 2281 3297 ait,
2314 3245 2451 3299 quos
2485 3231 2725 3285 Ecclesia
2756 3246 2846 3297 per
2878 3244 3076 3282 annum
3105 3227 3312 3292 recitat,
3345 3243 3473 3293 XLII,
3507 3236 3596 3282 aut

327 3349 432 3388 non
465 3335 629 3388 multo
661 3335 860 3404 plures,
891 3334 1015 3399 sint,
1045 3347 1270 3402 quorum
1304 3331 1584 3400 plerosque
1614 3328 1678 3382 ad
1710 3341 1833 3382 suos
1862 3335 2109 3380 auctores
2153 3333 2266 3377 tnto
2310 3323 2511 3378 referre
2562 3323 2706 3383 licet,
2760 3335 3054 3389 perpaucos
3105 3320 3171 3373 ad
3225 3320 3590 3374 Fortunatttm.

329 3420 555 3476 Perinde
582 3430 741 3489 atque
771 3436 878 3475 non
910 3431 1149 3490 tempore
1179 3419 1329 3472 Pauli
1376 3417 1590 3472 Diaconi
1619 3417 1815 3484 passim
1850 3416 1902 3470 in
1953 3414 2124 3470 Gallia
2170 3413 2353 3484 hymni
2389 3415 2566 3483 plures
2594 3426 2624 3465 a
2661 3412 2921 3466 Venantio
2971 3421 3154 3466 nostro
3184 3411 3479 3466 elttcubrati
3529 3413 3593 3466 ad

325 3520 630 3564 sanctorum
654 3510 786 3566 festa
835 3509 1154 3565 celebranda
1203 3518 1256 3562 et
1285 3507 1537 3572 deinceps
1565 3503 1807 3558 adhiberi
1838 3503 2129 3572 potuerint,
2159 3517 2382 3569 quorum
2414 3501 2468 3556 in
2501 3501 2696 3561 locum,
2731 3508 2787 3552 ut
2811 3513 2952 3567 sarpe
2983 3499 3060 3565 Iit,
3104 3498 3193 3553 alii
3226 3498 3432 3553 sulfecti
3463 3500 3590 3566 sint,

323 3607 438 3655 aut.
465 3598 534 3651 ab
561 3598 677 3651 aliis
706 3597 946 3667 castigati
976 3605 1027 3650 et
1051 3595 1355 3658 restaurati,
1389 3593 1494 3649 dici
1541 3591 1815 3648 Fortunati
1844 3592 1982 3661 apud
2014 3593 2292 3661 plerosque
2316 3591 2594 3654 desierint,
2628 3589 2718 3660 qtti
2743 3590 2952 3645 collecti
2984 3605 3013 3644 a
3057 3590 3308 3660 quopiam
3339 3605 3503 3645 unum
3538 3593 3590 3644 in

330 3689 576 3742 volumen
603 3728 618 3754 ,
649 3690 714 3742 ad
741 3688 1025 3742 'l‘rithentii
1057 3701 1222 3756 usque
1253 3694 1464 3740 aetatem
1495 3683 1904 3753 permanserint.
1935 3680 2092 3737 Certe
2125 3682 2352 3751 hymnus
2379 3681 2608 3748 scriptus
2638 3696 2668 3733 a
2699 3679 2992 3733 Fortunato
3024 3679 3075 3732 in
3120 3687 3362 3732 sanetum
3397 3679 3592 3748 Diony-

323 3776 462 3829 simu
483 3787 774 3845 martyrem
806 3777 895 3845 (de
925 3789 1030 3845 quo
1056 3790 1215 3842 supra
1248 3774 1407 3828 locuti
1436 3773 1666 3842 sumus),
1696 3772 2049 3842 conscriptus,
2083 3781 2138 3825 ut
2170 3771 2399 3835 videtur,
2427 3771 2492 3824 ad
2526 3785 2678 3824 usum
2713 3768 2965 3825 Ecclesia:
2994 3769 3333 3834 Parisiensis,
3365 3770 3406 3822 is
3432 3770 3586 3822 dein«

326 3882 455 3934 rcps
479 3869 772 3932 obsolelus,
804 3877 856 3920 et
883 3878 1180 3934 expunctus
1207 3879 1273 3920 ex
1306 3865 1624 3934 hymnorum
1655 3866 1919 3934 catalogo,
1949 3866 2197 3918 omnibus
2227 3868 2456 3933 ignotus,
2493 3864 2672 3917 tandiu
2699 3861 2867 3932 jacuit
2907 3864 2959 3917 in
2991 3865 3212 3933 pulvere
3243 3878 3305 3918 ac
3349 3864 3583 3917 tenebris

322 3956 497 4019 quoad
523 3957 658 4009 elar.
697 3954 974 4009 Dubletius
1011 3970 1132 4009 eum
1162 3963 1396 4020 erueret,
1428 3965 1586 4022 atque
1612 3953 1795 4010 ederet
1827 3955 1878 4009 itt
1913 3955 2090 4024 Autiq.
2138 3954 2634 4023 San-Dionysianis.
2681 3954 2811 4008 Item
2845 3966 3084 4010 vetustus
3109 3955 3284 4010 Codex
3315 3955 3382 4008 el.
3433 3956 3577 4009 card.

326 4040 540 4095 'l‘ontasi
569 4042 702 4096 duos
731 4041 960 4112 hymnos
987 4041 1215 4108 scriptos
1241 4042 1294 4096 in
1326 4043 1537 4097 Iaudem
1568 4042 1739 4098 beata:
1789 4043 1965 4099 Maria:
1996 4045 2234 4114 virginis,
2285 4058 2348 4100 ac
2377 4053 2635 4114 perpetuo
2675 4060 2770 4100 usu
2803 4045 2871 4099 ab
2923 4046 3160 4102 Ecclesia
3209 4055 3487 4115 usurpatos
3531 4055 3582 4099 et

333 4139 590 4196 retentos,
627 4131 900 4186 Fortunati
925 4146 1045 4186 esse
1072 4131 1322 4196 ostendit,
1357 4141 1415 4185 ut
1444 4147 1602 4200 supra
1624 4133 1874 4187 diximus.

395 4236 688 4306 Sigibertus
721 4237 905 4296 etiam,
939 4235 989 4288 in
1021 4235 1111 4290 lib.
1145 4236 1211 4290 de
1240 4237 1436 4305 Script.
1473 4237 1709 4305 Eccles.,
1755 4255 1874 4309 cap.
1922 4240 2025 4310 45,
2057 4243 2381 4298 mentionem
2409 4243 2530 4296 facit
2558 4242 2908 4312 Ilodoeperici
2943 4243 3242 4312 Fortunati,
3276 4246 3416 4316 quod
3447 4262 3582 4316 optt-

333 4329 538 4379 settlntn
569 4327 826 4380 incertum
860 4335 940 4378 est
970 4335 1141 4378 utrum
1186 4341 1251 4379 ne
1280 4329 1518 4395 perierit,
1565 4341 1631 4380 an
1665 4343 1827 4382 unum
1857 4330 1927 4384 sit
1954 4345 2017 4384 ex
2051 4328 2114 4384 iis
2143 4331 2356 4397 aliquod
2405 4346 2521 4396 qua:
2552 4342 2784 4395 exstant,
2835 4343 2890 4387 et
2944 4333 2996 4387 itt
3039 4334 3232 4402 quibus
3263 4335 3586 4390 Fortunatus

322 4419 437 4483 ipse
461 4419 561 4471 iter
590 4418 757 4471 ullum
789 4433 966 4480 suum,
997 4421 1076 4471 vel
1109 4418 1247 4486 quod
1273 4433 1340 4470 ex
1376 4419 1522 4471 Italia
1557 4419 1609 4472 itt
1642 4417 1886 4484 Galliam,
1914 4421 1994 4474 vel
2029 4435 2121 4487 per
2145 4421 2370 4474 Galliam
2400 4422 2645 4490 quopiam
2677 4433 2766 4475 aut
2791 4423 3156 4491 Germaniam,
3210 4426 3580 4489 contenderat,

321 4505 598 4558 describit.
647 4503 774 4559 Illud
803 4504 972 4571 ipsum
1007 4503 1409 4574 Ilodoeporicon
1441 4504 1677 4560 indicare
1703 4507 1911 4561 videtur
1942 4506 2138 4560 Paulus
2165 4508 2448 4573 Diaconus,
2498 4525 2617 4563 cum
2645 4512 2874 4566 aIIirtnat
2923 4518 3116 4582 saepius
3145 4516 3304 4570 citato
3334 4517 3450 4570 loco
3484 4517 3583 4569 Ve-

321 4596 559 4648 ttantium
591 4595 702 4649 suis
733 4595 783 4648 in
807 4595 1133 4648 carminibus
1167 4595 1286 4659 iter,
1317 4608 1424 4663 quo
1453 4594 1505 4646 itt
1532 4593 1753 4648 Galliam
1786 4594 2055 4664 profectus
2083 4605 2185 4657 est.
2229 4611 2466 4650 narrare.
2499 4597 2608 4651 Nisi
2658 4600 2702 4653 is
2733 4603 2869 4655 forte
2901 4603 3042 4655 illam
3087 4605 3339 4658 carminis
3373 4613 3579 4670 partem

325 4682 491 4738 voluit
521 4686 740 4740 innuere
769 4699 872 4752 qua
902 4685 1241 4751 Fortunatus,
1291 4685 1382 4738 lib.
1414 4699 1464 4737 tv
1501 4683 1629 4737 Vita:
1655 4686 1824 4738 sancti
1871 4683 2100 4751 Martini,
2147 4686 2327 4740 libello
2357 4701 2473 4749 suo,
2525 4702 2680 4754 quem
2709 4703 2739 4742 e
2767 4685 2933 4742 Gallia
2983 4690 3202 4746 mittens
3255 4693 3306 4746 in
3353 4690 3577 4752 Italiam.

322 4775 531 4841 poetico
557 4789 708 4828 more
733 4773 1036 4843 alloquitur,
1072 4773 1171 4827 iter
1197 4774 1333 4839 quod
1368 4781 1551 4828 tenere
1579 4772 1739 4827 debet
1766 4775 2019 4841 ostendit,
2049 4790 2111 4830 ea
2143 4775 2256 4844 ipsa
2287 4778 2397 4830 loca
2433 4793 2525 4844 per
2550 4793 2665 4845 qua:
2695 4779 2806 4845 ipse
2833 4795 2894 4834 ex
2945 4781 3090 4834 Italia
3121 4781 3173 4834 itt
3203 4779 3427 4835 Galliam
3461 4796 3583 4850 per-

326 4879 456 4934 gens
487 4866 772 4920 transierat
799 4880 1055 4919 conversa
1086 4864 1288 4918 ratione
1313 4874 1762 4918 commonstrans.
1812 4867 1890 4918 Ac
1935 4867 2171 4935 profecto
2200 4868 2412 4920 nomina
2444 4867 2714 4921 civitatum
2747 4883 2808 4921 ac
2839 4871 3112 4939 regionum
3147 4886 3264 4939 qua:
3295 4871 3406 4924 illic
3433 4887 3579 4924 com-

325 4966 685 5009 memorantur
716 4955 798 5009 his
827 4964 948 5023 apte
978 4955 1301 5024 respondent
1331 4969 1448 5023 quae
1471 4953 1664 5009 Paulus
1696 4965 1994 5024 percenset.
2034 4957 2125 5010 Vel
2177 4957 2503 5011 Tritltetnins
2549 4971 2810 5013 memorat
2839 4962 3263 5030 llodocporicum
3296 4961 3577 5017 Fortunati

319 5061 440 5099 cum
472 5046 573 5101 hoc
603 5047 753 5100 titulo
780 5064 792 5098 :
832 5044 1240 5116 llodoeport'cutn
1265 5045 1357 5098 via:
1384 5060 1512 5109 sttw,
1561 5046 1683 5098 liber
1728 5062 1765 5110 t,
1799 5056 1958 5114 atque
1988 5047 2115 5100 illud
2141 5061 2169 5097 a
2203 5047 2294 5099 lih.
2328 5063 2377 5099 tv
2426 5047 2562 5100 Vitae
2591 5050 2762 5102 sancti
2792 5049 2997 5102 Martini
3032 5050 3243 5104 videtur
3269 5052 3573 5119 sejungere.

322 5135 506 5191 Potest
532 5137 720 5207 aliquis
745 5136 1000 5205 suspicari
1034 5135 1435 5203 l'lodoeporicon
1467 5133 1619 5200 illud,
1650 5135 1715 5189 de
1742 5150 1846 5204 quo
1877 5134 2200 5189 Tritbemins
2230 5145 2283 5188 et
2324 5135 2647 5203 Sigibertus,
2693 5149 2814 5189 esse
2839 5150 3053 5189 carmen
3084 5138 3147 5190 to
3173 5137 3265 5191 lib.
3303 5154 3355 5203 x,
3387 5138 3440 5192 itt
3470 5153 3575 5207 quo

321 5227 365 5279 is
394 5229 596 5297 prolixe
624 5229 722 5282 iter
769 5243 874 5296 qtto
900 5226 1084 5282 Hettas
1110 5235 1443 5295 pervenerat,
1471 5225 1538 5279 ad
1565 5224 1966 5280 Childebertum
2013 5238 2213 5293 regem,
2262 5233 2316 5276 et
2345 5223 2467 5276 inde
2498 5224 2768 5292 digressus
2799 5238 2900 5277 una
2931 5238 3052 5278 cum
3098 5227 3241 5294 regia
3273 5225 3469 5280 familia
3518 5237 3573 5280 et

316 5318 592 5383 comitatu,
625 5317 1001 5388 Mosellamque
1029 5327 1083 5373 et
1108 5317 1239 5370 alios
1266 5314 1457 5369 ﬂuvios
1488 5315 1776 5382 ingressus,
1825 5313 2226 5381 circumpositas
2259 5312 2417 5365 urbes
2465 5321 2522 5366 et
2547 5312 2738 5378 oppida
2775 5312 3109 5374 lustraverat,
3146 5324 3358 5366 enarrat
3387 5331 3398 5365 :
3455 5328 3573 5382 quae

319 5408 552 5476 suspicio
577 5409 714 5462 haud
738 5409 947 5462 videtur
967 5424 1086 5464 esse
1109 5406 1474 5476 improbanda.
1499 5405 1776 5459 Brovverns
1801 5411 1948 5472 putat
1970 5401 2188 5456 indicari
2211 5414 2241 5452 a
2263 5399 2558 5453 Trithemio
2582 5414 2797 5452 carmen
2818 5399 2883 5452 27
2905 5401 2938 5451 I.
2960 5415 3033 5464 XI,
3050 5399 3188 5468 quod
3209 5409 3291 5453 est
3316 5401 3571 5468 scriptum

317 5496 384 5553 ad
413 5499 689 5567 Agnetem,
722 5510 771 5554 et
805 5498 1030 5566 Badeg.,
1060 5499 1304 5566 quodque
1333 5495 1636 5550 inscribitur
1666 5499 1727 5548 de
1767 5495 1944 5546 itinere
1989 5507 2100 5544 suo.
2147 5491 2462 5558 Quanquam
2517 5487 2708 5541 mirum
2742 5488 2984 5556 cuiquam
3033 5486 3198 5540 videri
3247 5497 3417 5554 potest
3467 5500 3571 5541 tant

321 5589 478 5644 breve
507 5604 719 5644 carmen
750 5590 869 5643 libri
901 5587 1112 5644 nomine
1135 5587 1360 5642 censeri.
1413 5585 1479 5638 At
1509 5583 1770 5647 Giraldus,
1822 5584 1874 5635 in
1904 5581 2041 5635 llist.
2073 5580 2140 5632 de
2171 5579 2370 5640 l’oetis,
2420 5576 2547 5630 dial.
2577 5575 2629 5642 5,
2665 5576 2965 5642 Hodoepor.
3001 5573 3144 5628 Fort.
3191 5577 3405 5630 videtur
3443 5591 3571 5630 eon-

319 5678 540 5735 fundere
567 5695 684 5734 cum
717 5691 959 5751 poemate
1001 5679 1140 5747 quod
1185 5680 1296 5744 ipse
1326 5676 1538 5743 scripsit
1569 5674 1630 5728 ad
1661 5672 1922 5727 Jastinnm
1955 5671 2080 5736 Imp.
2132 5677 2181 5720 ct
2215 5667 2380 5733 Soph.
2413 5669 2570 5733 Attg.,
2603 5667 2818 5718 nomine
2867 5663 3224 5728 Radegttndis.
3281 5664 3410 5717 Nam
3445 5677 3570 5716 eum

318 5767 363 5822 is
395 5769 531 5824 inter
557 5770 726 5839 Opera
755 5769 1028 5823 Fortunati
1063 5766 1416 5821 recensuisset
1460 5779 1670 5819 carmen
1712 5763 1775 5814 de
1807 5759 1988 5814 Excid.
2015 5757 2297 5827 'I'hnring.,
2321 5756 2494 5810 subdit
2532 5772 2655 5812 cum
2687 5757 2963 5826 scripsisse
3012 5752 3428 5822 IIodoeportt'um
3477 5757 3570 5808 via
