3990 6188
385 369 448 422 17
1835 352 1961 406 ΓΒΛ

2072 351 2221 406 ι’Πυ.
3581 340 3606 392 ί
3619 341 3648 391 3

381 492 492 530 sum
511 473 580 526 ad
610 473 870 525 Iustinum
892 474 1146 552 iuniorem
1190 472 1313 535 imp.
1343 477 1386 520 et
1424 469 1488 520 ad
1519 466 1767 535 Sep/tiam
1794 466 2100 535 Angustam.
2134 462 2268 526 Quin
2299 469 2351 513 et
2385 458 2619 523 Vossius,
2654 458 2718 511 de
2753 456 2884 511 llist.
2922 457 3064 517 l.at.,
3090 454 3184 509 lib.
3214 469 3269 518 tt,
3303 461 3356 507 et
3383 452 3432 506 Ι.
3465 451 3646 550 Aliter.

388 562 623 624 Fabric,
658 562 706 614 in
736 561 870 616 Bibl.
902 562 1014 614 Lat.
1045 540 1233 614 mc‘diaz
1262 567 1315 612 et
1345 558 1539 610 intima:
1571 555 1764 614 mtatis,
1809 555 1947 607 idem
1999 567 2213 606 carmen
2245 553 2410 604 citant
2457 550 2556 603 sub
2585 548 2772 602 eodem
2824 547 2994 612 titulo,
3029 557 3086 600 ut
3112 543 3371 612 suspicari
3406 543 3563 597 liceat
3596 540 3648 595 iu
3683 601 3698 620 ί,

386 649 705 717 quibusdam
734 649 858 703 Mss.
892 649 1016 701 illud
1051 649 1326 701 inventum
1360 643 1543 706 fui~se,
1571 643 1966 711 Hodoeporicon
2005 641 2334 709 inscriptum.
2389 642 2468 693 An
2502 638 2635 692 forte
2656 639 2796 706 quod
2846 637 2976 690 illud
3025 647 3272 706 tanquam
3320 635 3419 687 via:
3470 645 3653 686 comes

389 738 576 790 datum
607 736 670 789 iis
701 747 868 801 esset,
899 750 1032 805 quos
1060 735 1398 802 Radrgundis
1428 735 1570 786 misit
1596 731 2136 799 Constantinopolim,
2183 730 2378 800 gratias
2402 729 2610 783 Justino
2637 741 2685 784 et
2720 728 2889 797 Soph.
2941 728 3110 796 Augg.
3145 737 3358 780 acturos
3389 739 3482 792 pro
3511 725 3652 790 ligno

389 835 592 877 sanctae
620 827 817 888 crucis,
848 825 1019 880 eidem
1053 823 1358 893 Radegundi
1400 823 1559 876 domo
1588 822 1772 886 misso,
1806 831 1858 876 ct
1887 821 2189 876 deferentes
2233 819 2541 874 munuscula
2569 860 2586 887 ,
2639 820 2714 874 uti
2746 822 2909 874 refert
2941 818 3264 873 Baudonivia
3294 817 3346 871 in
3380 814 3499 868 Vita
3524 828 3656 866 sazt-
3693 871 3716 893 _

393 924 495 965 cta:
527 911 890 981 lladcgundis,
919 928 1066 965 num.
1095 911 1164 965 ﬁt)
1184 891 1221 965 ἲ-

469 1023 610 1076 Idem
638 1022 908 1088 Giraldus,
940 1025 990 1078 in
1015 1024 1213 1079 llistor.
1248 1024 1314 1079 de
1347 1024 1540 1089 Poetis,
1577 1023 1701 1076 dial.
1752 1023 1803 1084 5,
1832 1025 2062 1092 itemque
2089 1022 2314 1085 Platina,
2349 1023 2398 1076 in
2427 1021 2519 1077 lib.
2569 1022 2636 1077 de
2669 1021 2802 1075 Vitis
2835 1021 3172 1083 Pontificum,
3221 1017 3274 1072 in
3328 1016 3446 1073 Vita
3495 1017 3656 1071 Joan.

397 1113 484 1173 ill,
517 1111 842 1164 mentionem
877 1113 1074 1165 faciunt
1105 1113 1221 1166 libri
1253 1115 1316 1168 de
1350 1115 1523 1184 Regna
1553 1113 1899 1183 gubernando,
1929 1127 2083 1181 quem
2117 1115 2263 1166 aiunt
2293 1112 2605 1166 Venantium
2655 1113 2932 1179 scripsisse
2974 1111 3040 1164 ad
3082 1109 3406 1177 Sigibertum
3452 1121 3653 1174 regem.

404 1200 481 1251 I'In
517 1199 737 1252 l'latinaa
764 1201 920 1255 verba
949 1219 960 1253 ε
997 1199 1311 1256 Fortunatus
1350 1204 1424 1255 vir
1453 1204 1727 1272 singularis
1758 1203 2056 1256 litteratum
2093 1211 2137 1256 et
2165 1201 2465 1272 eloquentia:
2504 1203 2681 1257 Gallos
2708 1205 2776 1256 ad
2801 1204 3049 1256 mitiorem
3094 1200 3287 1255 cultum
3308 1201 3497 1269 redegit
3524 1199 3657 1252 scri-

403 1287 503 1351 ptis
531 1295 576 1340 et
607 1290 854 1356 exemplo.
909 1289 985 1342 Ad
1016 1289 1330 1362 Sigibertum
1381 1293 1533 1356 enim,
1583 1308 1758 1346 eorum
1803 1308 1992 1361 regem,
2037 1291 2266 1345 libellum
2294 1294 2357 1345 de
2387 1293 2714 1360 gubernando
2755 1294 2930 1363 Regna
2955 1292 3265 1362 perscripsit.
3300 1293 3380 1345 An
3412 1292 3547 1344 forte
3573 1289 3658 1342 hic

403 1375 541 1427 liber
567 1383 652 1428 est
677 1390 894 1431 carmen
922 1376 955 1429 2
988 1378 1079 1432 lib.
1114 1395 1182 1443 vt,
1216 1379 1268 1433 in
1295 1395 1401 1449 quo
1434 1381 1787 1445 Fortunatus,
1819 1382 2071 1450 Sigiherti
2098 1382 2320 1436 virtutes
2351 1383 2594 1449 laudans,
2641 1385 2874 1439 ostendit
2902 1385 3070 1452 qualis
3111 1385 3154 1438 is
3199 1397 3318 1438 esse
3348 1383 3536 1437 debeat
3563 1381 3655 1450 qui

405 1479 528 1518 cum
552 1465 778 1533 imperio
801 1469 1009 1522 caeteris
1037 1470 1326 1538 praesidet?
1353 1470 1504 1537 Quod
1531 1471 1577 1526 si
1598 1471 1729 1525 alius
1759 1470 1849 1526 ille
1877 1470 2088 1526 libellus
2117 1481 2218 1539 est,
2265 1477 2321 1525 ut
2346 1470 2682 1528 verisimilius
2713 1472 2940 1540 videtur,
2974 1480 3066 1526 aut
3093 1471 3256 1526 latere
3281 1469 3453 1524 adhuc
3478 1467 3658 1522 dicen-

405 1550 506 1606 dus
535 1562 637 1619 est,
663 1565 754 1608 aut
785 1555 1005 1624 periisse
1035 1566 1315 1613 vetustate.

479 1664 598 1720 iam
633 1681 760 1722 vero
788 1668 957 1722 sancti
988 1667 1228 1725 Severini
1261 1670 1460 1738 Vitam,
1491 1671 1726 1740 episcOpi
1766 1671 2168 1742 Burdegalensis
2195 1673 2284 1743 (de
2309 1687 2414 1742 quo
2441 1673 2662 1742 Gregor.
2695 1673 2919 1738 anon.,
2951 1672 3044 1726 lih.
3075 1672 3144 1728 de
3170 1671 3347 1726 Gloria
3378 1671 3658 1731 Confess..

415 1769 533 1825 cap.
584 1756 681 1827 43)
733 1773 762 1812 a
796 1758 1087 1815 Fortunato
1117 1764 1368 1829 scriptam
1401 1763 1580 1827 fuisse,
1609 1764 1758 1819 testis
1788 1773 1872 1818 est
1901 1763 2042 1818 idem
2070 1762 2358 1833 Gregorius
2391 1764 2471 1817 his
2505 1763 2681 1817 verbis
2709 1779 2722 1816 :
2757 1762 2927 1816 Vitam
2958 1764 3111 1831 huius
3143 1762 3335 1834 (sancti
3366 1761 3655 1828 Severini),

413 1857 586 1917 postea
637 1868 791 1922 quam
848 1855 956 1906 licet:
1006 1855 1322 1924 scripsimus,
1382 1872 1412 1908 a
1462 1853 1752 1911 Fortunato
1784 1856 2076 1925 presbytero
2099 1857 2346 1926 scriptam
2369 1857 2718 1928 cngnovimus.
2755 1857 2899 1911 l‘lanc
2920 1867 3096 1911 autem
3129 1857 3300 1910 Vitam
3330 1854 3657 1924 deperditam

413 1955 538 1997 esse
572 1944 857 1999 Browerus
887 1960 1006 2013 cap.
1065 1945 1098 1999 5
1150 1946 1281 2001 Vita:
1314 1947 1610 2015 Fortunati,
1637 1955 1692 2003 et
1719 1946 1807 2002 alii
1839 1947 2129 2015 afﬁrmant,
2164 1963 2263 2004 nec
2285 1960 2386 2018 ego
2429 1957 2693 2018 repertam
2736 1963 2765 2003 a
2795 1949 3042 2018 qu0piam
3073 1956 3163 2002 aut
3193 1947 3391 2003 editam
3422 1945 3662 2002 invenire

417 2037 582 2104 potui.

488 2146 669 2214 Neque
717 2164 844 2204 vero
893 2149 1129 2205 dubitem
1180 2152 1528 2205 Fortunatam
1559 2153 1706 2219 plura
1739 2153 2021 2222 scripsisse
2051 2155 2176 2221 alia,
2200 2159 2312 2210 sive
2338 2157 2579 2225 metrica,
2615 2159 2724 2214 sive
2746 2159 2913 2213 soluta
2943 2157 3205 2220 oratione,
3239 2171 3356 2224 quae
3385 2161 3479 2208 aut
3509 2153 3662 2221 plane

422 2239 1031 2305 interietiutvetustate,
1056 2250 1147 2295 aut
1168 2240 1392 2298 fortasse
1424 2243 1626 2312 uspiam
1657 2244 2042 2314 delitescentia,
2069 2259 2132 2300 ac
2162 2247 2413 2310 tenebris,
2446 2250 2659 2320 situque
2689 2250 2880 2313 obsita,
2912 2249 3130 2303 alterius
3161 2247 3433 2318 diligentia
3464 2256 3666 2300 etcttra

427 2328 684 2394 inJucem
708 2331 997 2400 aliquando
1029 2330 1386 2402 proferentur,
1429 2333 1590 2402 idque
1631 2349 1698 2390 ex
1730 2333 1962 2390 hominis
1993 2336 2204 2406 ingenio
2249 2346 2302 2390 et
2327 2336 2570 2392 facundia
2600 2337 2848 2406 conjicio.
2883 2341 3054 2406 Atque
3105 2337 3302 2391 utinam
3331 2333 3671 2390 clarissimus

425 2431 480 2476 et
510 2423 902 2480 eruditissimus
930 2430 1011 2479 vir
1043 2425 1324 2494 Philippus
1355 2425 1636 2492 Labbaeus,
1686 2442 1717 2482 θ
1747 2426 2003 2482 societate
2026 2427 2176 2497 Jesu,
2219 2425 2518 2484 Editionem
2550 2429 2694 2482 illam
2725 2445 2874 2482 suam
2907 2431 3136 2498 Operum
3171 2429 3473 2494 Fortunati,
3508 2444 3666 2498 quain

423 2515 694 2586 pollicitus
740 2514 939 2582 fuerat,
986 2518 1304 2574 confecisset
1341 2529 1432 2574 aut
1461 2520 1811 2588 prodidisset!
1849 2521 2066 2577 minime
2094 2522 2314 2578 dubium
2340 2531 2422 2576 est
2447 2522 2572 2591 qttin
2603 2524 2811 2575 caneris
2839 2523 3085 2578 omnibus
3107 2523 3317 2589 auctior
3347 2531 3400 2576 et
3430 2523 3670 2576 ornatior

428 2605 633 2661 fuisset.
660 2605 726 2660 Ut
757 2606 898 2660 enim
922 2607 965 2662 is
990 2616 1212 2663 testatur
1245 2608 1296 2662 in
1329 2612 1542 2665 dissert.
1568 2613 1636 2667 de
1665 2611 1860 2680 Script.
1889 2613 2120 2678 Eecles.,
2148 2621 2184 2668 t.
2217 2612 2286 2683 ιι,
2316 2622 2498 2683 postea
2531 2629 2687 2682 quam
2716 2613 3080 2683 Cltristopltori
3108 2614 3342 2667 Broweri
3375 2612 3673 2668 Editionem

429 2705 898 2751 commemorasset
930 2713 945 2752 :
981 2697 1091 2751 Nos
1142 2701 1320 2752 eadem
1375 2701 1544 2754 omnia
1599 2701 1862 2770 Opuscula
1911 2700 2221 2770 Fortunati,
2271 2705 2488 2774 inﬁnitis
2518 2706 2661 2768 locis,
2694 2706 2877 2775 partim
2909 2722 2968 2758 ea;
2997 2707 3354 2771 aptimwnola:
3377 2705 3677 2768 Codicibus,

426 2788 612 2855 partim
664 2805 728 2842 ex
768 2792 918 2845 certis
968 2795 1271 2866 coniecturis
1313 2797 1598 2857 emendata,
1629 2805 1782 2864 atque
1821 2796 1969 2849 editis
1996 2796 2251 2861 auctiora,
2280 2795 2422 2866 prela
2438 2795 2771 2863 jamdudum,
2798 2811 2908 2847 cum
2931 2811 2986 2848 se
3016 2795 3210 2848 dederit
3241 2795 3460 2858 occasio,
3495 2805 3679 2863 parata

426 2881 688 2935 habemus.
740 2883 902 2952 Cujus
958 2888 1191 2955 incmpto
1248 2888 1372 2954 quid
1423 2888 1714 2955 obstiterit,
1760 2889 1896 2943 haud
1948 2889 2104 2945 facile
2153 2899 2234 2942 cst
2269 2888 2537 2954 divinare;
2574 2903 2672 2944 nec
2702 2904 2826 2943 vero
2855 2887 3006 2957 cujus
3034 2889 3083 2941 iit
3110 2902 3316 2952 manus,
3351 2886 3540 2942 eodem
3575 2888 3678 2942 vita

427 2971 634 3040 functo,
697 2979 1042 3042 pervenerint
1089 2995 1148 3034 ea
1208 2995 1324 3047 qua:
1374 2980 1488 3050 ipse
1529 2981 1678 3049 prelo
1705 2996 1763 3036 se
1795 2991 1974 3050 parata
2015 2983 2123 3052 jam
2159 2981 2409 3036 habuisse
2433 2981 2733 3049 profitetur,
2765 2980 3005 3050 quamvis
3035 2995 3248 3036 omnem
3279 2981 3682 3035 adhibueritnus

428 3063 786 3134 diligentiam,
843 3069 1056 3136 assequi
1104 3072 1392 3138 potuimus.
1449 3071 1502 3124 lu
1534 3078 1649 3126 eam
1673 3088 1821 3143 spem
1852 3089 2168 3127 veneramus
2192 3088 2297 3144 quo
2324 3073 2412 3128 ille
2435 3074 2486 3126 in
2513 3075 2628 3126 loco
2654 3073 2958 3128 decesserat
2980 3073 3164 3128 eadem
3193 3073 3423 3128 fortasse
3455 3075 3677 3141 reperiri

431 3171 612 3226 posse.
662 3158 714 3213 Is
743 3175 870 3214 vero
900 3160 1120 3216 Parisiis
1148 3163 1278 3216 obiit
1307 3179 1396 3219 an.
1439 3163 1599 3219 1667.
1630 3165 1756 3228 Sed,
1782 3181 1904 3219 cum
1955 3165 2145 3219 litteris
2174 3165 2310 3218 datis
2338 3163 2815 3235 inquisivissemus,
2841 3173 2894 3218 et
2913 3165 2979 3218 ad
3002 3179 3117 3218 eam
3151 3178 3266 3218 rem
3292 3179 3449 3233 opera
3484 3165 3670 3218 fuisse-

435 3265 554 3303 mus
610 3251 691 3304 usi
746 3251 1032 3306 admodum
1083 3254 1148 3307 Β.
1178 3253 1237 3307 Ρ.
1265 3254 1325 3308 D.
1361 3255 1599 3322 Patertii,
1634 3254 1942 3308 monasterii
1971 3253 2138 3308 sancti
2168 3252 2419 3307 Germani
2450 3269 2476 3304 a
2512 3253 2682 3306 Pratis
2707 3251 3120 3317 bibliotltecarii,
3153 3253 3196 3306 is
3231 3253 3502 3317 respondit
3534 3254 3680 3305 hisce

437 3341 615 3395 verbis
646 3359 658 3393 :
699 3341 871 3408 Quant
901 3343 931 3394 ὰ
956 3343 1309 3413 la_promesse,
1347 3363 1445 3414 que
1466 3346 1524 3415 ﬁt
1544 3345 1583 3399 il
1612 3364 1644 3417 ε]
1666 3363 1695 3399 a
1716 3348 1829 3412 plus
1856 3347 1977 3401 d'un
2008 3347 2159 3401 siécle
2182 3346 2227 3400 le
2261 3345 2325 3399 Ρ.
2360 3345 2544 3412 Labbe,
2577 3348 2638 3398 de
2660 3346 2852 3400 donner
2884 3362 2980 3400 une
3009 3344 3216 3400 Edition
3237 3346 3300 3398 de
3327 3345 3599 3413 Fortunat,
3624 3350 3682 3418 je

435 3450 500 3488 ne
538 3435 750 3487 connois
800 3451 968 3489 aucun
1017 3439 1200 3506 vcstige
1227 3441 1288 3492 de
1310 3455 1403 3492 son
1433 3438 1636 3491 travail.
1669 3436 1784 3508 J‘ay
1819 3439 1896 3492 διὸ
1925 3439 2149 3508 pendant
2177 3439 2311 3491 deus
2340 3452 2432 3489 arts
2477 3437 2524 3490 le
2554 3436 2872 3502 Depositaire
2899 3437 2987 3490 des
3016 3437 3316 3489 manuscrits
3347 3438 3434 3491 des
3484 3437 3517 3489 5
3548 3438 3685 3491 Μαί-

437 3545 557 3582 sons
585 3528 672 3580 des
711 3527 935 3583 Jésuiles
963 3531 1024 3582 de
1061 3528 1207 3583 Paris
1231 3531 1333 3583 lors
1365 3533 1426 3584 de
1458 3533 1569 3586 leur
1600 3534 1912 3586 destruction
1941 3543 1986 3584 et
2015 3531 2078 3585 de
2108 3531 2157 3584 la
2185 3541 2327 3583 vente
2356 3531 2418 3582 de
2447 3531 2582 3583 lenrs
2613 3529 2748 3583 biens
2778 3539 2824 3581 et
2850 3528 2994 3595 e/I‘ets
3040 3529 3316 3592 mobiliers,
3351 3546 3410 3583 en
3442 3529 3596 3594 1762,
3640 3539 3685 3584 et

437 3623 489 3691 ᾖε
526 3619 606 3685 n’y
635 3635 701 3686 ay
730 3619 841 3673 rien
879 3621 1052 3674 (νοω-ἑ
1080 3621 1297 3674 d‘ancun
1330 3623 1419 3676 des
1446 3630 1661 3675 travaux
1687 3622 1959 3676 litteraires
1989 3621 2058 3674 du
2093 3619 2161 3674 P.
2202 3618 2385 3675 Labbe.
2417 3619 2483 3674 Jé
2527 3637 2586 3675 ne
2616 3622 2748 3685 sgais
2778 3636 2843 3674 ou
2873 3629 2986 3674 totts
3008 3619 3082 3674 les
3104 3623 3308 3692 papiers
3335 3631 3521 3677 auront
3539 3624 3691 3687 posst

441 3724 588 3772 apres
615 3723 674 3760 sa
704 3717 833 3761 mort
863 3725 926 3760 en
959 3705 1116 3762 1667.

515 3829 691 3895 Atque
741 3827 856 3880 haec
900 3826 970 3880 de
999 3826 1214 3894 scriptis
1269 3826 1545 3881 Fortunati
1593 3841 1714 3896 quia
1742 3826 1935 3880 amissa
1964 3825 2085 3895 jure
2111 3824 2410 3895 meritoque
2439 3823 2874 3894 conquerendum
2903 3834 3004 3878 est.
3034 3823 3183 3892 Quod
3208 3838 3330 3880 vero
3352 3823 3419 3879 ad
3443 3823 3682 3893 ejusdem

446 3918 770 3982 doctrinam,
821 3926 876 3972 et
917 3918 1206 3987 ingenium,
1257 3930 1310 3974 et
1339 3920 1391 3972 in
1421 3917 1707 3974 scribendo
1732 3918 2064 3984 facultatem,
2099 3918 2308 3984 attinet,
2342 3931 2447 3971 non
2478 3916 2695 3971 omnino
2725 3915 2931 3970 videtur
2967 3917 3068 3970 hoc
3097 3916 3213 3969 loco
3241 3917 3690 3985 praetereundum,

456 4013 582 4066 licet
610 4010 737 4064 alias
782 4019 1028 4065 occurret
1057 4009 1278 4064 mentio.
1312 4010 1444 4063 Cum
1479 4010 1656 4076 itaque
1687 4008 1998 4076 theologicis
2019 4009 2070 4062 in
2103 4008 2262 4062 rebus
2285 4015 2405 4074 apte
2434 4005 2677 4060 eruditus
2705 4016 2758 4060 et
2785 4005 2974 4059 doctus
3004 4005 3210 4058 videtur
3241 4007 3398 4075 (quod
3432 4007 3481 4059 in
3509 4008 3690 4071 primis

456 4100 732 4170 Expositio
753 4101 996 4171 ejusdem
1023 4100 1076 4154 in
1101 4101 1408 4156 Orationem
1440 4099 1774 4153 Dominicam
1804 4097 2083 4164 declarat),
2111 4105 2220 4149 tum
2247 4093 2551 4147 Graecorum
2585 4100 2638 4146 et
2659 4091 2967 4146 Latinorum
2998 4105 3293 4157 poetarum,
3328 4093 3442 4146 sive
3471 4093 3695 4148 aliorum

451 4193 801 4260 scriptorum,
860 4192 912 4245 in
965 4191 1194 4246 lectione
1239 4192 1484 4260 apprime
1511 4197 1754 4242 versatus
1781 4187 1946 4241 fuisse
1971 4186 2290 4246 ostenditur,
2322 4182 2412 4251 qui
2447 4181 2756 4242 Homerum,
2784 4180 3155 4245 Menandrum,
3183 4181 3427 4244 Aratum,
3456 4180 3694 4248 Sappho,

454 4284 786 4353 l’yndarum,
815 4285 1051 4351 itemque
1077 4283 1356 4347 Catonem,
1391 4279 1768 4352 Pythagoram,
1801 4276 2175 4348 Chrysippum,
2202 4275 2501 4336 Platonem,
2531 4270 2882 4337 Cleanthem;
2914 4286 2979 4326 ex
3010 4271 3212 4326 Latinis
3243 4287 3369 4327 vero
3394 4272 3696 4344 Virgiliuut,

467 4379 766 4443 lloratinm,
791 4376 1060 4443 Ovidium,
1094 4375 1348 4437 Tullium,
1379 4376 1507 4428 citet
1529 4371 1861 4437 nominatim,
1887 4376 1940 4423 et
1960 4367 2284 4422 celebriores
2311 4365 2448 4419 inter
2479 4363 2697 4419 Latinos
2729 4363 3050 4433 Graecosque
3076 4364 3260 4418 Patres
3289 4374 3701 4428 commemoret,

457 4486 686 4540 quorum
718 4467 956 4521 omnium
989 4467 1276 4522 identidem
1305 4467 1538 4532 leporem
1573 4477 1635 4517 ac
1657 4462 1956 4516 doctrinam
1987 4459 2042 4511 in
2064 4456 2348 4512 scribendo
2377 4464 2594 4509 secutus
2614 4467 2732 4508 esse
2754 4462 2808 4507 et
2828 4458 3156 4520 expressisse
3182 4451 3384 4520 aliquid
3416 4454 3704 4522 deprehen-

458 4567 623 4620 ditur.
655 4563 790 4618 lllud
819 4571 996 4615 autem
1028 4559 1247 4614 offendit
1277 4556 1590 4620 nonnullos,
1617 4553 1757 4619 quod
1783 4553 2042 4606 falsorum
2075 4551 2376 4612 numinum,
2409 4561 2526 4616 quae
2559 4560 2701 4599 ctera
2719 4543 2986 4612 quondam
3014 4543 3303 4612 antiquitas
3325 4543 3699 4621 venerabatur,

461 4655 679 4712 nomina
701 4669 806 4708 non
836 4651 1093 4707 dubitarit
1121 4647 1406 4717 aliquando
1435 4659 1710 4713 usurpare.
1743 4645 1820 4697 Ac
1845 4643 1953 4711 jam
1984 4644 2124 4697 inter
2151 4648 2350 4696 caetera
2378 4638 2620 4707 ejusdem
2647 4637 2882 4691 carmina
2916 4636 3123 4704 insigne
3151 4646 3235 4691 est
3259 4635 3310 4689 id
3340 4637 3554 4703 generis
3578 4636 3708 4690 illud

459 4747 605 4819 quod
661 4753 837 4800 exstat
894 4742 988 4796 lib.
1044 4755 1113 4806 vt,
1161 4753 1279 4806 cap.
1337 4737 1394 4802 2,
1427 4736 1479 4790 in
1502 4751 1606 4805 quo
1636 4736 1800 4800 idem,
1829 4747 2030 4788 canens
2057 4730 2456 4803 epithalamium
2483 4725 2731 4798 Sigiherti
2761 4728 3051 4781 Austrasite
3074 4730 3236 4798 regis,
3266 4735 3321 4783 et
3351 4727 3713 4782 Brunicbildis

461 4841 689 4912 nuptiis,
721 4835 1033 4907 Cupidinem
1060 4849 1124 4889 ac
1147 4833 1432 4898 Venerem,
1464 4831 1671 4901 poetico
1695 4844 1845 4885 more
1868 4871 1883 4895 ,
1917 4827 2150 4892 inducit,
2180 4826 2421 4896 preprias
2453 4823 2727 4889 utriusque
2759 4819 2944 4873 laudes
2968 4819 3322 4874 celebrantes.
3350 4819 3541 4875 Verum
3564 4833 3618 4875 et
3649 4837 3714 4875 eo

464 4947 714 5002 tempore
758 4929 1030 4985 scribebat
1075 4929 1399 4982 Fortunatus
1445 4940 1551 4990 quo
1591 4923 1765 4977 minus
1805 4931 1918 4976 erat
1949 4921 2168 4991 periculi
2196 4934 2262 4973 ne
2294 4915 2537 4971 homines
2557 4913 2780 4969 deorum
2812 4913 3073 4984 ejusmodi
3105 4929 3288 4969 errore
3316 4914 3712 4982 deciperentur,

470 5029 674 5096 ubique
707 5020 996 5077 Call-arum
1037 5015 1340 5070 Christiana
1371 5013 1648 5083 religione,
1676 5012 1932 5080 piissimis
1969 5011 2264 5079 principum
2293 5007 2435 5063 curis
2461 5020 2526 5061 ac
2553 5005 2850 5075 diligentia,
2882 5005 3255 5096 clarorumque
3283 5005 3590 5074 pontificum
3623 5006 3716 5060 do-

471 5095 645 5174 ctrina
664 5125 718 5170 et
739 5111 1042 5173 virtutibus,
1063 5107 1317 5170 florente;
1341 5113 1396 5160 et
1411 5103 1626 5158 minime
1648 5103 1838 5157 mirum
1855 5115 1976 5156 esse
2000 5100 2158 5156 debet
2184 5099 2530 5154 Fortunatam
2547 5096 2816 5161 eumdem,
2837 5096 3010 5150 adhuc
3034 5095 3306 5164 juvenem,
3332 5108 3391 5147 ea
3414 5097 3712 5162 prtesertim

473 5216 528 5268 in
548 5229 606 5266 re
636 5223 756 5278 qua:
777 5205 1016 5262 festivius
1043 5200 1303 5257 orationis
1330 5212 1499 5269 genus
1517 5198 1784 5267 postulare
1804 5196 2102 5264 videbatur,
2133 5195 2292 5264 paulo
2315 5193 2534 5248 liberius
2557 5193 2714 5262 genio
2737 5191 3044 5254 indulsisse,
3071 5197 3125 5244 et
3153 5188 3449 5242 ornamenti
3480 5201 3541 5241 ac
3569 5187 3717 5256 lepo-

477 5307 557 5361 ris
584 5316 746 5358 causa
772 5297 1065 5362 induxisse,
1095 5295 1222 5350 olim
1249 5292 1475 5347 ethnicis
1517 5290 1688 5360 poetis
1713 5288 2018 5354 familiaria,
2041 5289 2261 5343 deorum
2292 5285 2557 5354 colloquia
2582 5303 2596 5351 ;
2622 5283 2711 5354 qui
2745 5283 2998 5337 maturior
3017 5288 3170 5335 :ctate
3199 5290 3247 5334 et
3281 5280 3504 5334 consilio
3525 5279 3716 5342 factus,

481 5411 590 5452 non
638 5393 800 5448 modo
853 5405 884 5444 a
929 5386 1081 5456 nugis
1131 5385 1236 5439 illis
1265 5383 1602 5446 abstinuerit,
1628 5380 1720 5436 sed
1753 5381 1910 5434 etiam
1943 5378 2274 5445 gravioribus
2294 5376 2482 5430 Studiis
2511 5374 2773 5428 dediderit
2797 5387 2917 5427 sese
2945 5370 3176 5436 penitus,
3207 5383 3267 5423 ac
3293 5384 3477 5424 versus
3507 5369 3718 5423 nonnisi

479 5501 633 5550 raro,
665 5494 719 5538 et
741 5483 808 5534 ab
839 5479 1026 5534 amicis
1058 5475 1334 5530 lacessitus
1364 5475 1441 5542 (ut
1468 5473 1582 5539 ipse
1604 5472 1670 5524 de
1699 5485 1758 5524 se
1791 5468 2070 5538 profitetur
2101 5468 2192 5522 lib.
2227 5483 2285 5534 tt,
2312 5480 2430 5534 cap.
2470 5466 2576 5534 l3),
2603 5459 3001 5527 conscripserit.

560 5596 704 5651 Idem
737 5606 841 5646 non
872 5588 1136 5656 vulgarem
1159 5584 1399 5638 historia:
1427 5589 1482 5636 ct
1500 5579 1833 5650 geographia:
1863 5577 2136 5632 scientiam
2168 5593 2272 5644 pra:
2294 5591 2352 5632 se
2379 5576 2500 5638 fert,
2534 5590 2636 5627 non
2663 5572 2834 5626 solum
2859 5569 2999 5640 quod
3027 5576 3230 5639 spectat
3259 5569 3323 5622 ad
3353 5582 3442 5622 eas
3473 5568 3719 5638 regiones

484 5705 620 5760 quas
646 5687 764 5756 ipse
791 5679 1112 5751 peragravit,
1143 5687 1381 5744 quasque
1404 5685 1638 5742 praesens
1666 5683 1988 5737 cognoscere
2019 5668 2208 5735 potuit,
2233 5665 2324 5719 sed
2355 5666 2514 5718 etiam
2546 5660 2718 5730 quoad
2749 5660 2868 5714 illas
2897 5675 3028 5729 quas
3057 5659 3169 5725 ipse
3189 5659 3396 5760 adierat
3424 5671 3720 5760 nunquam,

492 5747 553 5835 ut
584 5747 874 5844 Hispania,
895 5769 1158 5841 totiusque
1181 5761 1434 5819 Orientis.
1464 5761 1595 5816 llinc
1619 5769 1694 5814 tot
1718 5759 1991 5813 llutniuum
2020 5756 2406 5826 descriptiones
2424 5771 2485 5808 ac
2509 5752 2633 5806 civit
2651 5763 2779 5807 itum
2806 5753 3022 5808 netnina
3047 5761 3100 5805 et
3122 5751 3355 5822 gentium
3382 5747 3725 5802 barbararum
