4060 6190
365 401 426 459 l9
897 401 1402 458 PROLECOMENA
1443 402 1534 456 AD
1579 399 1898 456 VENANTil
1940 399 2096 454 llON.
2143 398 2345 456 CLEil.
2390 398 2785 455 FOllTUNATl
2826 398 3078 454 OPEIH.
3551 390 3637 478 ‘20.

361 513 518 582 sedes
548 526 738 583 resque
767 522 952 584 gestae,
978 525 1032 570 ct
1058 516 1107 568 id
1139 529 1302 585 genus
1332 516 1454 578 alia,
1481 528 1597 581 quae
1628 512 1874 566 eumdem
1903 521 1959 564 ιιι
1989 514 2038 566 in
2067 513 2308 578 historia,
2342 512 2411 566 ita
2437 522 2489 565 et
2520 511 2571 565 in
2594 509 2947 582 geographia,
2969 525 3072 562 non
3105 505 3262 561 modo
3291 521 3392 559 non
3418 504 3621 559 rudem»

361 605 457 658 sed
487 601 646 658 etiam
676 603 890 658 doctum
925 605 1089 659 fuisse
1119 617 1167 658 et
1192 606 1454 658 eruditum
1486 602 1792 658 ostendunt.

433 696 571 762 Quid
618 710 748 750 vero
789 696 856 751 de
905 699 1136 766 physicis
1167 697 1357 750 studiis
1385 695 1598 750 dicam?
1635 696 1684 748 in
1713 695 1904 764 quibus
1935 694 2104 762 ipsum
2135 708 2238 748 non
2273 693 2618 748 mediocriter
2661 695 3006 747 exercitatum
3041 691 3206 745 fuisse
3236 697 3291 741 et
3316 698 3420 740 tam
3453 686 3614 738 variae

365 786 678 852 herbarum,
726 791 1002 852 arborum,
1055 787 1312 856 lapidum,
1355 801 1706 856 gemmarum,
1738 795 2063 850 aromatum,
2108 786 2339 853 produnt
2369 787 2578 853 species
2609 801 2671 837 ac
2705 786 2940 846 nomina,
2975 784 3168 851 quibus
3196 780 3388 834 crebro
3419 777 3626 840 utitur;

363 884 416 925 et
449 875 515 928 ab
547 874 662 944 ipso
685 875 1016 943 investigatis
1043 875 1387 944 qumsitrcque
1416 874 1704 928 identidem
1731 889 1910 928 rerum
1943 874 2264 928 naturalium
2296 889 2494 938 causae,
2527 874 2978 944 quemadmodum
3009 874 3090 942 (ut
3117 873 3219 924 alia
3245 880 3448 923 taceam
3477 864 3620 931 lora)

365 961 460 1016 lib.
512 978 563 1016 ιν
598 963 728 1018 Vita:
755 965 924 1017 sancti
957 965 1194 1032 Martini,
1235 981 1449 1020 causam
1479 967 1774 1034 inquirens,
1809 977 2084 1033 poetarum
2117 981 2288 1028 more,
2319 982 2421 1036 qua
2448 968 2653 1019 ratione
2683 967 2960 1027 Martinus,
2987 965 3119 1018 cella
3152 963 3412 1027 inclusus,
3444 974 3626 1013 mona-

363 1054 522 1118 chum
552 1055 617 1108 ad
643 1054 843 1122 focum,
866 1057 1064 1111 nudato
1093 1055 1326 1126 inguine,
1357 1057 1633 1113 sedentem
1657 1061 1971 1126 conspicere
1997 1067 2050 1114 et
2072 1059 2356 1128 ohjurgare
2384 1061 2642 1128 potuerit,
2677 1058 2792 1113 haec
2824 1057 3029 1128 profert
3064 1075 3077 1109 :

489 1163 724 1230 Quidfuit
745 1167 876 1216 hoc?
908 1167 1037 1217 docti
1067 1181 1151 1218 vos
1173 1169 1343 1227 dicite,
1364 1181 1550 1230 quasso,
1575 1167 1822 1227 sophistae.
2175 1168 2234 1216 Et
2257 1168 2393 1230 stetit
2418 1169 2685 1225 incolumis,
2711 1167 2876 1230 rapido
2898 1180 3163 1229 suspensus
3184 1167 3231 1215 ln
3259 1167 3353 1213 ictu
3375 1178 3389 1222 ;

489 1225 686 1292 Martini
712 1237 824 1292 ante
845 1231 1010 1277 oculos
1033 1232 1218 1291 partes,
1242 1225 1551 1292 quasi'lintea
1581 1225 1698 1292 luci,
2174 1228 2361 1292 Nobilis
2386 1238 2470 1279 aut
2492 1233 2625 1278 aries
2647 1225 2891 1277 oculorum
2917 1236 2969 1277 et
2986 1225 3226 1292 marmora
3253 1229 3448 1292 transit,

488 1288 738 1352 Autquasi
765 1290 844 1338 Illo
866 1292 1023 1352 agiles
1035 1288 1268 1339 contexit
1283 1304 1459 1340 aranea
1481 1291 1624 1350 telas,
1684 1288 1694 1292 ⁷
2175 1291 2356 1341 Clarior
2375 1305 2429 1340 ac
2454 1294 2582 1340 visus
2608 1304 2694 1352 per
2713 1299 2882 1340 cuncta
2909 1289 3156 1338 obsucula
3181 1288 3374 1348 pergit?

488 1347 632 1414 l_'l_etia
658 1350 734 1414 vel
758 1347 1010 1413 nexis-per
1036 1365 1141 1400 rara
1163 1354 1394 1402 foramina
1421 1353 1551 1400 lilis‘!
1612 1347 1643 1414 Ἀ
1726 1413 1729 1414 ν
2178 1353 2427 1414 Pennigt-r
2451 1367 2508 1399 an
2534 1347 2686 1402 clausi
2709 1352 2924 1400 volitavit
2947 1352 3005 1398 ad
3031 1364 3110 1399 ora
3147 1347 3384 1414 minister,

492 1407 633 1475 Unde
658 1411 736 1461 hic
756 1420 851 1460 tam
875 1407 1036 1462 tenuis
1059 1422 1301 1462 structura
1323 1416 1524 1475 patescit
1548 1412 1742 1462 hiulca?
2177 1417 2246 1463 Ac
2271 1407 2364 1474 ιι(ιῖ
2377 1423 2600 1470 opertum
2621 1415 2864 1474 aperit,ct
2887 1416 2933 1460 in
2962 1414 3087 1461 inria
3116 1413 3311 1475 nuntius
3334 1408 3513 1475 intrat?

488 1472 568 1521 A-n
588 1485 645 1522 se
663 1485 780 1522 saxa
799 1475 978 1530 levant,
1005 1487 1057 1523 ac
1075 1477 1286 1525 reddunt
1308 1471 1454 1523 scissa
1476 1474 1762 1534 feni-stram,
2177 1478 2248 1526 An
2272 1471 2385 1535 quia
2412 1475 2574 1523 lumen
2597 1471 2718 1532 erat,
2745 1483 2899 1524 totum
2925 1475 3038 1522 forts
3062 1475 3192 1521 intus
3211 1471 3455 1535 habebat?

492 1535 594 1596 Seu
616 1535 724 1584 duri
749 1536 934 1594 lapides
955 1535 1089 1584 lento
1110 1550 1166 1586 se
1186 1537 1373 1594 glutine
1397 1535 1627 1585 solvunt?
1749 1532 1755 1534 ⁷
2183 1532 2342 1586 Carne
2365 1537 2573 1585 sedente
2601 1537 2722 1596 loco,
2753 1535 2890 1584 velox
2915 1547 2974 1583 au
2999 1535 3197 1596 spiritus
3229 1532 3359 1582 ibat?

489 1595 564 1659 An
587 1609 691 1644 casa
717 1593 937 1645 materiis
957 1598 1111 1644 vitreo
1133 1593 1197 1646 se
1211 1599 1432 1658 margine
1457 1598 1654 1656 pandit?
2188 1599 2412 1658 l'sndite,
2428 1593 3121 1659 doctiloqui,comprehendite
3143 1593 3301 1659 clausa
3329 1595 3519 1652 diserti,

498 1658 574 1719 An
593 1659 857 1719 speculare
876 1659 1029 1716 dedit,
1052 1672 1148 1719 quo
1167 1657 1359 1707 sanctus
1379 1659 1564 1706 lumine
1583 1659 1787 1708 transit?
2185 1661 2274 1718 Qui
2303 1661 2538 1718 numeris,
2564 1657 2753 1719 atomis,
2779 1661 2966 1706 ratione
2990 1657 3211 1719 potestis,
3240 1663 3290 1704 et
3313 1667 3420 1703 ore.

493 1718 569 1766 An
590 1718 744 1769 levior
767 1721 929 1781 paries
953 1718 1172 1771 revoluto
1195 1722 1342 1770 cessit
1362 1723 1409 1770 in
1428 1733 1562 1780 arcu,

446 1819 702 1885 Quamvis
745 1831 924 1878 autem
976 1838 1063 1889 eo,
1097 1840 1203 1893 quo
1230 1824 1360 1890 dixi,
1389 1826 1604 1896 ingenio
1631 1841 1693 1882 ac
1715 1828 1956 1882 doctrina
1995 1836 2138 1882 esset
2172 1825 2515 1888 Fortunatus,
2547 1825 2765 1880 minime
2791 1833 2968 1880 tamen
2998 1823 3127 1879 illud
3161 1819 3502 1876 inliciamlum
3527 1827 3631 1881 cst,

379 1908 628 1966 eumdem
683 1912 824 1966 vitiis
855 1913 1120 1968 interdum
1166 1915 1438 1971 nonnullis
1465 1917 1517 1970 in
1548 1919 1832 1972 scribendo
1862 1919 2155 1973 laborasse.
2190 1919 2343 1986 Nam,
2379 1929 2434 1971 ut
2464 1919 2716 1972 barbaras
2745 1918 2988 1972 omittam
3019 1927 3068 1971 et
3101 1918 3185 1970 vix
3218 1917 3432 1969 Latinas
3472 1928 3634 1968 voces

373 2000 565 2068 quibus
589 2003 756 2056 utitur
797 2004 1087 2074 aliquando
1125 2006 1375 2074 (quarum
1404 2008 1690 2064 elenchum
1725 2011 2009 2065 Browerus
2039 2008 2228 2073 texuit,
2259 2009 2323 2061 ad
2351 2018 2656 2063 extremum
2676 2024 2705 2061 a
2732 2008 2886 2062 nobis
2911 2009 3034 2061 huic
3063 2007 3293 2059 Editioui
3317 2016 3515 2058 nostra:
3542 2003 3626 2054 ad-

371 2090 710 2160 jiciendum),
742 2091 883 2146 idem
913 2094 1174 2150 obscurus
1210 2111 1443 2166 persmpe
1471 2110 1518 2153 et
1545 2099 1812 2168 implexus
1842 2110 1946 2166 est,
1978 2115 2039 2153 ac
2071 2101 2303 2154 maxime
2330 2115 2449 2153 cum
2479 2101 2646 2153 solut-.i
2681 2101 2870 2154 scribit
2899 2100 3164 2165 oratione,
3197 2097 3379 2151 surculi
3403 2096 3484 2150 sui
3513 2096 3638 2148 vitia

381 2186 566 2249 refert,
617 2188 801 2257 longas
858 2190 1060 2245 ducens
1111 2193 1378 2261 periodos,
1413 2195 1630 2248 minime
1663 2197 1912 2258 naturali,
1949 2195 2041 2250 sed
2073 2195 2233 2248 nimis
2262 2194 2550 2246 artiticiosn
2577 2193 2781 2246 ambitu
2809 2201 2864 2246 ct
2885 2202 3099 2256 ornatu,
3125 2192 3211 2260 qui
3244 2199 3384 2244 totus
3409 2190 3458 2241 in
3491 2190 3630 2241 luxu-

381 2278 527 2332 n'osa
575 2295 638 2332 ac
666 2281 998 2334 redundante
1032 2283 1314 2338 verborum
1343 2285 1518 2355 copia,
1542 2285 1607 2339 ad
1634 2287 1999 2354 grandiloqute
2023 2286 2340 2352 eloquentia:
2363 2284 2596 2352 speciem
2625 2298 2993 2338 connextirum
3032 2297 3093 2337 ac
3122 2283 3386 2336 interdum
3419 2279 3640 2350 syllabat-

385 2384 501 2422 tum
536 2370 801 2437 parilitate
829 2371 930 2425 sibi
957 2373 1390 2441 respondentium
1432 2375 1706 2439 consistit;
1741 2376 1882 2428 unde
1911 2384 1966 2429 et
1998 2376 2296 2428 obscuritas
2320 2375 2554 2444 gignitur
2582 2374 2831 2440 orationi,
2865 2383 2918 2426 et
2949 2373 3000 2425 in
3031 2373 3214 2426 eadem
3241 2371 3476 2425 ornanda
3511 2370 3643 2422 deli—

381 2456 677 2512 catioribus
733 2457 952 2512 auribus
1001 2459 1221 2517 minime
1265 2462 1481 2516 ferenda
1524 2462 1806 2517 curiositas
1836 2477 1899 2517 ac
1927 2463 2202 2517 sedulitas.
2251 2463 2354 2517 Sed
2382 2462 2491 2532 jam
2517 2463 2639 2526 hoc,
2667 2471 2723 2516 ut
2751 2463 2882 2524 dixi,
2917 2477 3200 2515 commune
3226 2461 3333 2514 fere
3357 2462 3540 2512 vitium
3565 2462 3648 2510 est

385 2554 687 2614 temporum
722 2547 955 2616 illorum,
1002 2558 1059 2604 ιιι
1102 2566 1168 2605 ex
1206 2551 1433 2606 aliorum
1463 2553 1675 2622 scriptis
1699 2555 1786 2622 qui
1810 2553 1996 2608 eadem
2025 2568 2125 2622 qua
2152 2552 2476 2607 Fortunatus
2503 2562 2660 2606 aetate
2686 2553 2982 2606 ﬂoruerunt
3013 2551 3241 2621 perSpici
3275 2557 3468 2619 potest.
3503 2549 3646 2602 Idem

387 2643 564 2693 tamen
591 2638 642 2690 in
667 2637 1094 2708 expositionibus
1117 2657 1250 2710 quas
1269 2641 1480 2713 scripsit
1506 2645 1556 2696 in
1585 2643 1896 2714 Symbolum
1919 2655 1974 2700 et
2006 2645 2316 2698 Orationem
2350 2645 2677 2699 Dominicam
2707 2647 2859 2714 (quas
2883 2646 2948 2710 is,
2969 2643 3079 2715 jam
3105 2631 3316 2699 creatus
3339 2644 3650 2712 episcopus,

384 2737 641 2787 recitasse
689 2731 752 2786 ad
799 2733 1047 2802 populum
1095 2735 1352 2806 videtur),
1397 2739 1603 2805 planior
1629 2753 1692 2793 ac
1729 2738 1932 2793 facilior
1959 2749 2069 2804 est;
2127 2741 2359 2810 itemque
2385 2741 2438 2794 in
2466 2740 2598 2795 Vitis
2637 2751 2942 2795 sanctorum
2975 2756 3078 2794 non
3109 2741 3250 2794 idem
3281 2741 3568 2793 artilicium
3601 2751 3653 2791 et

384 2822 752 2877 curiositatem
787 2823 840 2876 iu
870 2825 1098 2878 texenda
1129 2827 1371 2880 Oratione
1403 2828 1654 2882 affectare
1678 2830 1976 2896 consuevit,
2005 2845 2164 2900 quam
2193 2830 2246 2884 in
2274 2830 2534 2900 epistolis,
2557 2831 2694 2889 forte
2715 2848 2896 2888 comm
2921 2833 3094 2902 gustui
3123 2832 3397 2901 indulgens
3419 2833 3486 2885 ad
3513 2849 3646 2900 quos

383 2915 676 2980 scribebat,
709 2917 948 2973 studiose
972 2918 1230 2973 adhibere
1262 2921 1702 2988 deprehenditur.

461 3004 583 3062 Suis
604 3021 734 3060 vero
764 3008 815 3060 in
845 3010 1170 3063 carminibus
1200 3010 1336 3063 idem
1373 3012 1531 3065 modo
1565 3012 1762 3066 cultior
1791 3021 1845 3067 et
1873 3013 2170 3084 elegantior
2198 3029 2355 3085 quam
2389 3023 2446 3068 ut
2471 3026 2598 3070 :etas
2628 3017 2679 3070 in
2731 3032 2888 3084 quam
2921 3017 3179 3070 inciderat
3211 3015 3350 3070 ferre
3386 3015 3655 3082 videatur,

387 3099 548 3154 modo
595 3100 858 3168 agrestior
904 3109 956 3153 et
1013 3099 1330 3168 inconiptior
1374 3114 1487 3167 cst;
1533 3119 1601 3172 qu
1627 3103 1674 3157 id
1723 3106 1952 3159 maxime
2004 3107 2055 3158 in
2095 3105 2160 3158 iis
2189 3103 2450 3160 accidisse
2477 3108 2804 3162 carminibus
2837 3108 3120 3162 dicendum
3153 3118 3233 3160 est
3264 3123 3381 3175 que
3410 3117 3498 3159 aut
3532 3107 3654 3158 aliis

390 3190 654 3245 distentus
679 3191 904 3260 negotiis
936 3191 1013 3260 (ut
1042 3192 1092 3244 in
1119 3192 1357 3261 ejusdem
1389 3193 1504 3247 \‘ita
1539 3196 1766 3267 dicetur)
1799 3212 1965 3265 prope
1991 3195 2125 3250 ludit
2149 3213 2216 3252 ex
2241 3207 2500 3266 tempore,
2535 3208 2627 3251 aut
2653 3215 2771 3268 qu;e
2799 3201 3089 3255 oscitanter
3127 3201 3368 3254 scribens
3397 3199 3461 3251 ad
3499 3197 3654 3251 lanii-

389 3283 734 3349 liarissimos,
790 3284 864 3338 nti
896 3283 1214 3353 Gregorium
1249 3285 1634 3352 Turonensem,
1671 3291 1938 3357 perpolire
1981 3291 2231 3360 neglexit.
2263 3290 2523 3344 Caeterum
2551 3292 2600 3344 in
2625 3291 2848 3361 singulis
2879 3291 3013 3345 inira
3045 3291 3287 3360 ejusdem
3313 3291 3364 3344 in
3400 3288 3658 3359 poesi'ia-

392 3374 566 3427 cultas
613 3383 774 3442 atque
820 3375 1047 3429 facilitas
1068 3377 1388 3442 ostenditur,
1420 3392 1482 3431 ac
1507 3387 1632 3432 tunc
1655 3379 1884 3434 maxime
1914 3396 2033 3434 cum
2059 3381 2290 3450 regionis
2315 3382 2564 3448 alicujus,
2597 3393 2685 3434 aut
2711 3383 2847 3453 agri,
2880 3393 2971 3435 aut
3000 3383 3251 3448 ﬂuminis,
3281 3383 3439 3433 situm
3466 3397 3527 3433 ac
3559 3397 3654 3433 na-

391 3476 564 3516 turam
612 3462 890 3528 describit,
935 3479 1092 3532 quam
1138 3465 1444 3535 ingeniosus
1503 3470 1638 3536 ipse,
1695 3479 1750 3523 ct
1800 3471 2048 3539 elegans,
2104 3471 2438 3540 lestivusque
2479 3474 2590 3526 est!
2627 3482 2680 3525 ut
2707 3488 2849 3542 saepe
2881 3472 2930 3526 in
2975 3471 3216 3542 ejusdem
3251 3471 3576 3526 carminibus
3609 3481 3660 3524 et

389 3556 673 3624 descriptos
722 3557 982 3608 tinearum
1029 3558 1256 3621 Ordines,
1290 3567 1342 3611 et
1373 3570 1637 3613 vernantes
1683 3563 1894 3628 ﬂoribus
1917 3577 2142 3632 campos,
2185 3573 2239 3616 et
2263 3565 2591 3631 [inrcscentcs
2621 3564 2792 3616 aristis
2823 3573 3033 3631 segetes,
3067 3572 3120 3617 et
3145 3564 3452 3631 fluctuantes
3481 3560 3662 3615 herbas

393 3648 569 3712 comis,
601 3657 656 3702 et
682 3649 916 3713 perennis
944 3665 1093 3717 aqua:
1120 3649 1307 3718 futiles,
1335 3666 1436 3704 non
1466 3653 1636 3706 solum
1667 3653 1867 3722 legere,
1901 3653 1992 3707 sed
2025 3647 2184 3707 etiam
2211 3652 2380 3707 oculis
2412 3669 2635 3708 cernere
2661 3653 2910 3707 videaris.
2933 3655 3083 3722 Quod
3109 3655 3150 3706 si
3183 3653 3253 3718 is,
3277 3663 3410 3708 aestu
3441 3655 3660 3720 ingenii,

389 3754 488 3792 seu
511 3738 687 3807 potius
719 3752 900 3791 rerum
928 3753 1060 3807 quas
1095 3741 1334 3793 carmine
1363 3741 1753 3807 complectitur,
1797 3742 2078 3811 majestate
2103 3744 2378 3810 ahreptus,
2411 3745 2617 3797 numeri
2651 3745 2935 3810 aliquando
2963 3752 3018 3798 et
3045 3746 3409 3798 communium
3439 3760 3664 3809 ptieseus

391 3828 569 3898 legum
621 3826 974 3894 obliviscitur,
1009 3828 1108 3881 hoc
1140 3830 1212 3882 illi
1247 3831 1327 3882 vel
1351 3846 1471 3883 cum
1500 3831 1710 3884 caneris
1740 3829 1849 3885 fere
1878 3832 2196 3886 Christianis
2229 3835 2398 3900 poetis
2421 3849 2705 3886 commune
2725 3848 2831 3898 est,
2864 3843 2919 3887 ut
2941 3836 3175 3896 Aratori,
3209 3847 3262 3888 ut
3291 3835 3534 3900 Sedulio,
3565 3836 3656 3902 qui

395 3917 561 3972 rebus
603 3919 792 3990 magis,
847 3928 899 3971 ct
929 3933 1113 3972 eorum
1143 3919 1383 3987 dignitati
1413 3921 1476 3973 de
1507 3920 1698 3990 quibus
1727 3923 1979 3990 agebant,
2003 3939 2163 3992 quam
2197 3925 2455 3986 numeris,
2486 3940 2633 3977 more
2660 3934 2936 3990 poetarum
2969 3927 3328 3992 ethnicorum,
3361 3927 3463 3979 sibi
3494 3927 3664 3980 inscr-

394 4007 650 4062 viendum
681 4007 1097 4062 arbitrabantur.
1134 4013 1306 4078 Atque
1349 4011 1460 4064 haec
1491 4010 1556 4065 de
1587 4013 1775 4079 Operis
1805 4014 1971 4067 noszri
2003 4015 2299 4082 proposito,
2322 4014 2492 4082 deque
2525 4017 2761 4084 scriptis,
2793 4027 2849 4070 et
2880 4017 3120 4086 ingenio,
3152 4031 3214 4070 ac
3241 4018 3503 4083 doctrina,
3534 4017 3582 4070 Fx
3611 4035 3665 4070 r-

394 4101 567 4155 tunati
589 4102 722 4154 satis
743 4099 886 4155 dicta
908 4099 1180 4155 existimo.

471 4196 539 4252 Ut
576 4207 757 4252 autem
809 4199 892 4249 vel
936 4211 1121 4252 eorum
1169 4197 1495 4252 mentionem
1539 4198 1771 4267 aliquam
1816 4198 2004 4252 iaciam
2039 4200 2122 4266 qui
2153 4199 2219 4254 de
2244 4199 2342 4253 hac
2376 4199 2622 4254 Editione
2656 4201 2908 4268 pra‘trlare
2940 4201 3112 4254 meriti
3155 4209 3302 4265 sunt,
3330 4211 3380 4254 et
3405 4201 3468 4254 ad
3500 4201 3666 4266 ipsam

395 4290 758 4347 inchoandam
806 4297 898 4342 aut
931 4289 1308 4356 perﬁciendam
1341 4290 1458 4356 opis
1487 4299 1543 4343 et
1569 4290 1861 4358 adjmncnti
1891 4291 2089 4358 aliquid
2114 4291 2416 4354 contulere,
2449 4292 2649 4358 primas
2671 4305 2819 4345 certe
2849 4291 2894 4345 is
2915 4291 3015 4346 sibi
3047 4292 3300 4357 vindicat,
3326 4307 3482 4360 quem
3513 4307 3668 4356 supc-

398 4387 512 4441 rius
559 4383 1000 4446 commemoravi,
1061 4381 1451 4435 illustrissimus
1502 4397 1564 4434 ac
1593 4383 2076 4436 reverendissimus
2119 4382 2370 4435 Nicoiaus
2401 4383 2664 4435 Antonius
2695 4383 3008 4454 {ustinianh
3042 4384 3326 4437 Patuviuus
3359 4383 3667 4450 episcopus.

405 4475 647 4543 hujusce,
698 4474 771 4524 uti
813 4471 1068 4538 diximus,
1104 4470 1365 4523 Editionis
1394 4471 1740 4537 procuranda:
1771 4480 1956 4524 auctor
1984 4482 2037 4525 et
2076 4470 2310 4538 adjutor.
2361 4471 2488 4524 ltern
2513 4471 2902 4526 illustrissimus
2947 4489 3010 4528 ac
3033 4473 3513 4528 reverendissintus
3544 4472 3642 4524 Sto

407 4569 613 4638 phanus
656 4561 870 4632 Borgiu,
925 4575 1093 4614 sacrae
1115 4561 1543 4629 congregationis
1572 4561 1640 4614 de
1679 4561 2019 4630 l’ropaganda
2051 4561 2184 4615 Fide
2212 4577 2242 4615 a
2271 4563 2514 4626 secretis,
2546 4563 2624 4616 vir
2653 4564 2981 4620 clarissimus
3012 4580 3064 4620 et
3096 4563 3513 4625 eruditissimus,
3548 4580 3668 4617 cum

404 4672 492 4713 tne
518 4671 662 4724 saepe
682 4655 815 4724 jutit
841 4652 1088 4716 consilio,
1126 4662 1234 4705 tum
1261 4651 1364 4705 duo
1391 4652 1624 4705 carmina
1657 4652 1905 4706 indicavit
1927 4668 2043 4721 qua:
2069 4653 2248 4709 Brow.
2283 4654 2512 4708 Editioiii
2541 4655 2744 4719 addidi,
2780 4657 2870 4710 lib.
2902 4673 2958 4722 ιι,
2983 4673 3136 4725 capp.
3169 4656 3201 4708 8
3231 4667 3284 4711 et
3311 4659 3364 4711 9.
3394 4656 3674 4710 Postremo

410 4749 742 4804 clarissimus
788 4755 840 4801 et
876 4745 1218 4798 doctissimus
1249 4745 1329 4798 vir
1357 4743 1682 4798 Bainbaldus
1711 4745 1777 4797 de
1820 4744 2070 4798 Anoniis
2097 4744 2405 4813 advocatus,
2440 4746 2733 4801 Tarvisina!
2763 4748 3015 4802 Ecclesia:
3067 4750 3376 4813 canonicos,
3425 4750 3669 4814 qttietluttt

416 4845 761 4893 monumenta
812 4835 941 4888 mihi
996 4835 1377 4904 benignissime
1431 4835 1863 4900 communicavit,
1919 4837 1991 4888 uti
2023 4851 2121 4890 suo
2178 4837 2294 4890 loco
2353 4839 2720 4892 indicabimus.
2769 4837 2888 4892 .Iant
2943 4854 3070 4891 vero
3099 4839 3333 4892 sodalitii
3368 4840 3532 4891 noSIri
3563 4854 3676 4890 mo-

409 4930 566 4984 nachi
622 4943 771 4982 suam
821 4927 950 4980 mihi
1002 4927 1368 4993 δυιιιιιιιιιυιιι,
1410 4944 1656 4994 operam,
1686 4927 2038 4996 diligentiam,
2067 4927 2206 4981 hanc
2232 4931 2526 4983 liditioncm
2553 4932 2857 4995 adornanti,
2892 4945 3034 4998 saepe
3065 4931 3435 4984 amantissime
3470 4932 3679 4999 praesti-

404 5032 608 5077 terunt.

2419 5144 3507 5161 s-—..—._—————__—.-——_____._
3551 5148 3679 5163 -—_.

693 5251 1009 5360 VITA
1085 5251 1723 5358 VENANTII
1805 5253 2110 5355 llON.
2193 5252 2581 5354 CLEM.
2665 5200 3414 5357 FORTUNATI

1663 5432 1942 5483 EPISCOPI
1983 5432 2434 5483 PlC'l‘AVlENSlS.

488 5620 540 5676 l.
569 5614 860 5671 Venantius
891 5612 1154 5667 llonorius
1181 5611 1576 5667 Clementianus
1637 5607 1956 5662 Fortunatus
1979 5645 1995 5671 ,
2106 5608 2261 5670 solet,
2295 5607 2537 5676 quintum
2592 5604 2809 5658 sibimet
2860 5602 3000 5656 aliud
3046 5598 3339 5654 attribuere
3369 5597 3596 5664 videtur,
3630 5607 3690 5651 ut

418 5718 702 5786 cpiscopus
731 5709 1105 5775 Pictaviensis,
1139 5711 1345 5780 origine
1369 5724 1431 5763 ac
1461 5706 1671 5762 natione
1695 5703 1854 5757 Italus
1879 5701 1996 5754 fuit.
2107 5697 2492 5752 animadvertit
2523 5699 2605 5750 vir
2630 5695 3021 5750 eruditissimus
3043 5691 3202 5786 doan.
3231 5688 3687 5786 Jose‘phusLirwi

428 5775 764 5867 l:i:eterlircc
795 5812 1024 5873 quatuor
1058 5775 1294 5869 nomina,
1321 5800 1512 5873 quibus
1542 5800 1650 5855 fere
1675 5795 1850 5851 notior
1881 5807 1998 5849 csse
2109 5791 2160 5843 in
2211 5788 2386 5859 Opere
2426 5788 2569 5858 quod
2634 5785 2908 5856 inscripsit
2953 5799 2967 5838 :
3006 5782 3214 5838 Notiaie
3263 5779 3392 5835 delle
3447 5775 3562 5832 Vite
3624 5779 3686 5832 ed
