3990 6188
392 344 459 399 2!
1556 351 1705 408 VlTA
1744 353 2070 413 \‘ENANTII
2114 359 2524 418 FORTUNATI.
3590 369 3657 422 23

396 473 551 528 opere
570 457 745 511 scritte
765 457 835 510 da
875 457 1124 513 Letterari
1157 460 1241 514 del
1279 459 1471 528 Friuli,
1522 465 1631 519 vol.
1663 465 1704 528 l,
1738 482 1857 536 cap.
1894 470 1981 525 l2.
2012 474 2060 531 A
2089 477 2198 528 nati
2219 477 2482 532 vocabulo
2511 486 2566 533 et
2587 493 2682 532 sua
2715 489 2770 534 et
2795 488 3158 552 consequente
3185 490 3340 538 aetate
3363 479 3521 551 fuerit
3546 483 3656 539 fero

398 550 447 602 ls
471 563 704 617 namque
752 548 996 603 scribens
1039 549 1364 620 epitaphium
1415 553 1646 619 Leontii,
1695 559 1980 613 anteriuris

395 639 1134 710 episcopi'Burdegalensis,
1184 643 1278 698 lib.
1315 659 1389 710 tv,
1438 660 1559 714 cap.
1600 647 1654 712 9,
1705 650 1782 704 sic
1834 649 1982 704 illum

396 729 695 799 alloquitur
722 728 792 784 ad
821 740 1123 786 extremum
1153 748 1167 784 :

522 840 638 910 Haec
657 841 744 910 tibi
763 853 908 910 pairs
931 843 1092 910 nimis,
1120 855 1228 891 cum
1248 851 1298 910 tu
1316 847 1557 895 merearis
1572 849 1746 910 opima,

584 903 803 954 Carmina
827 903 1133 954 Theodosius
1156 906 1362 968 prabet,
1382 919 1545 957 amore
1570 903 1702 959 tuus.

395 1002 512 1058 Nisi
541 1003 829 1059 dicendum
862 1004 1089 1061 fortasse
1137 1006 1486 1064 Fortunatam
1533 1013 1812 1082 scripsisse
1861 1031 1980 1070 car-

394 1109 523 1150 men
569 1095 700 1150 illud
728 1095 952 1152 alterius
988 1100 1087 1153 sub
1117 1114 1343 1168 persona
1375 1117 1438 1157 ac
1467 1105 1704 1169 nomine,
1751 1122 1980 1176 prmiser-

395 1189 495 1242 tim
534 1203 659 1244 cum
709 1189 927 1246 aliunde
965 1206 1071 1246 non
1122 1202 1330 1248 constet
1370 1196 1619 1251 eumdem
1657 1197 1708 1252 id
1753 1201 1984 1256 nominis

395 1291 596 1348 praeter
619 1296 682 1337 ea
704 1283 901 1352 quibus
923 1293 1081 1338 notus
1109 1294 1192 1340 est
1221 1286 1489 1342 habuisse.
1519 1289 1658 1345 Sane
1685 1292 1786 1345 hoc
1834 1292 1984 1348 facti-

396 1383 565 1428 tatum
595 1390 625 1429 a
655 1373 987 1444 Fortunato,
1043 1386 1102 1431 ut
1149 1389 1396 1447 poemata
1454 1396 1547 1435 sua
1604 1385 1826 1438 alterius
1865 1400 1982 1453 per-

395 1479 548 1520 sona
579 1465 852 1520 interdum
905 1469 1297 1535 commodaret,
1329 1486 1394 1526 ex
1443 1473 1682 1540 pluribus
1737 1475 1980 1543 ejusdem

392 1555 728 1610 carminibus
769 1555 1070 1625 intelligere
1117 1573 1432 1627 possumus;
1493 1576 1555 1617 ac
1609 1579 1676 1619 ne
1729 1566 1981 1621 abeamus

399 1645 635 1715 longius,
678 1647 819 1715 quod
863 1647 1105 1716 sequitur
1175 1666 1298 1704 mox
1347 1651 1565 1707 citatum
1606 1669 1843 1721 carmen,
1887 1659 1979 1716 lib.

401 1749 494 1801 iv,
543 1749 664 1804 cap.
694 1736 772 1801 9,
829 1737 1088 1806 scriptum
1147 1741 1198 1794 in
1255 1741 1413 1796 funus
1459 1742 1661 1800 Leontii
1710 1746 1978 1817 junioris,

2087 566 2284 620 notior.

2157 655 2211 710 5.
2245 656 2369 711 Erat
2409 665 2584 714 autem
2637 660 2812 716 eidem
2844 677 3019 728 soror,
3067 665 3276 719 Titiana
3307 665 3546 728 nomine,
3590 664 3658 717 de

2085 761 2184 814 qua
2213 747 2257 801 is
2283 752 2610 806 mentionem
2653 751 2780 807 facit
2832 755 2928 810 lib.
2960 770 3034 818 xi,
3067 771 3186 824 cap.
3218 755 3272 822 6,
3318 756 3562 811 scribens
3584 755 3657 809 ad

2097 838 2356 905 Agnetem
2386 840 2710 898 abbatissam
2757 844 2838 899 his
2869 846 3048 900 verbis
3082 863 3096 899 :

2267 929 2471 998 Te‘mihi
2490 946 2583 982 non
2601 934 2706 984 aliis
2729 937 2882 984 oculis
2903 939 3163 998 animoque
3185 937 3331 989 fuisse

2331 992 2482 1050 Quam
2501 1008 2637 1044 soror
2662 1009 2721 1045 ex
2745 1005 2885 1046 utero
2902 1008 2970 1059 tu,
2986 992 3193 1061 'l‘iti'ana,
3217 999 3364 1050 fores.

2087 1067 2219 1126 llinc
2249 1087 2407 1140 porro
2449 1075 2666 1145 conjicit
2701 1079 2771 1133 cl.
2805 1079 2969 1134 Liruti
3016 1081 3367 1137 Fortunatum
3403 1084 3659 1139 habuisse

2086 1158 2299 1216 Patrem
2335 1164 2561 1231 Titium,
2609 1181 2706 1222 seu
2765 1169 3058 1237 Titianum,
3109 1187 3173 1226 ex
3224 1180 3406 1228 vetere
3455 1176 3664 1229 scilicet

2087 1251 2245 1308 Rom.
2278 1271 2452 1324 more,
2494 1273 2598 1328 quo
2631 1261 2872 1315 solemne
2902 1273 3015 1316 erat
3045 1263 3244 1318 eisdem
3279 1266 3410 1318 tilias
3436 1276 3655 1334 paterno

2085 1359 2149 1400 ex
2187 1348 2406 1402 nomine
2461 1351 2768 1419 appellare;
2820 1362 2978 1422 atque
3009 1355 3154 1410 addit
3202 1356 3333 1410 illud
3378 1359 3650 1427 proprium

2084 1442 2295 1505 generis
2325 1454 2418 1493 seu
2465 1441 2681 1497 familiae
2731 1458 2798 1498 ex
2852 1459 2954 1514 qua
2996 1445 3040 1500 is
3069 1455 3218 1501 ortus
3262 1448 3431 1502 fuerat
3460 1463 3651 1503 nomen

2085 1530 2373 1584 exstitisse.
2407 1530 2511 1586 Sed
2536 1533 2723 1598 miror,
2745 1535 2788 1587 si
2822 1534 2956 1589 illud
2995 1546 3111 1590 erat
3135 1538 3409 1606 proprium
3441 1538 3655 1594 familia:

2083 1635 2406 1689 cognomen,
2439 1637 2502 1677 ex
2534 1623 2626 1677 illo
2648 1639 2890 1680 sororem
2921 1627 3096 1696 potius
3118 1644 3276 1696 quam
3307 1627 3656 1685 Fortunatuni

2085 1721 2327 1768 vocatum
2352 1713 2537 1777 fuisse,
2565 1730 2666 1769 nec
2705 1716 2892 1770 saltem
2919 1718 3131 1788 utrique
3160 1719 3323 1775 fuisse
3349 1736 3653 1776 commune.

396 1802 635 1896 episcopi
688 1830 815 1883 item
871 1802 1331 1899 Btirdegalensis,
1390 1834 1528 1888 haud
1585 1802 1753 1891 mult'o
1827 1802 1981 1897 secus
2015 1802 2771 1899 39"“"‘°b"’"'_5i"9°"d°
2821 1809 3132 1877 assemior’
3185 1811 3469 1880 qnicimo
3495 1827 3656 1880 supra

404 1917 771 1985 concluditur,
802 1919 1109 1988 Placidinaa,
1167 1922 1373 1978 Leontii
1429 1926 1700 1993 quondam
1754 1931 1981 1998 uxoris,

400 2009 616 2065 inducta
649 2024 876 2079 persona
915 2025 976 2065 ac
1006 2012 1238 2079 nomine,
1269 2013 1372 2070 hoc
1397 2015 1557 2071 modo
1585 2035 1600 2072 :

521 2121 734 2190 Falleris
756 2123 983 2190 udicium,
1003 2124 1162 2190 magni
1179 2125 1391 2190 solamen
1417 2131 1610 2190 amoris,

585 2183 751 2234 Dulcis
772 2185 932 2234 adhuc
953 2183 1107 2236 cineri
1131 2187 1214 2238 dat
1237 2188 1480 2239 Placidina
1518 2183 1608 2241 tibi
1625 2193 1672 2240 ⁸.

476 2287 536 2340 ‘2.
564 2286 631 2342 P.
670 2287 1086 2357 Cliristophorus
1133 2290 1438 2360 Browerus,
1471 2295 1522 2349 in
1564 2295 1679 2349 Vita
1734 2297 1980 2365 Furtum,

403 2393 525 2448 cap.
571 2381 632 2445 ί,
685 2390 873 2436 censet
918 2382 1164 2437 eumdem
1214 2399 1408 2440 nomen
1456 2383 1698 2442 Venantii
1738 2403 1765 2441 a
1797 2385 1982 2445 Sancto

404 2469 669 2524 Venantio
710 2471 1051 2536 Bituricensi,
1105 2473 1194 2540 qui
1226 2488 1416 2542 magna
1459 2478 1724 2546 quondam
1768 2479 1820 2534 in
1858 2480 1982 2534 Gal-

401 2559 489 2614 liis
515 2561 812 2616 sanctitatis
855 2561 1012 2616 laude
1041 2563 1238 2630 floruit,
1283 2574 1581 2620 mutuatum
1611 2567 1794 2633 fuisse,
1829 2569 1983 2624 item-

402 2667 514 2720 que
562 2667 759 2708 nomen
793 2648 1070 2708 Fortunati
1122 2669 1155 2708 a
1185 2665 1372 2710 sancto
1425 2656 1715 2712 Fortunato
1743 2703 1756 2726 ,
1816 2659 1984 2730 Aqui-

400 2743 622 2799 leiensis
652 2745 914 2800 Ecclesia:
943 2756 1200 2818 martyre,
1231 2763 1386 2817 quem
1417 2751 1510 2804 ille
1541 2752 1801 2821 praecipua
1835 2768 1980 2808 sem-

398 2847 499 2902 per
527 2834 726 2902 pietate
753 2850 817 2889 ac
845 2835 1106 2906 religione
1148 2837 1308 2892 fuerit
1337 2848 1672 2908 prosecutus.
1708 2842 1812 2898 Sed
1844 2837 1979 2907 lirec,

396 2933 458 2979 et
483 2924 533 2978 id
560 2940 731 2996 genus
761 2926 886 2992 alia,
916 2942 1036 2995 qum
1059 2930 1330 2983 curiosius
1356 2931 1644 2987 Browerus
1675 2934 1982 3006 investigat,

399 3017 544 3071 haud
571 3027 724 3071 vacat
752 3016 994 3084 pluribus
1021 3020 1325 3088 exquirere.

474 3107 531 3160 5.
559 3107 728 3162 Porro
753 3123 817 3164 ex
851 3108 953 3163 hoc
983 3112 1258 3166 nominum
1282 3113 1474 3182 quibus
1502 3113 1824 3170 Fortunatus
1847 3133 1983 3185 pra:-

399 3199 546 3252 ditus
577 3199 672 3253 fuit
701 3215 953 3265 numero,
994 3210 1120 3254 sunt
1148 3202 1236 3270 qui
1281 3204 1572 3273 cnnjiciant
1623 3205 1853 3276 (Lirut.,
1878 3206 1978 3263 loc.

401 3291 792 3357 cit.)eumdem
823 3306 887 3346 ex
919 3292 1092 3360 prisca
1117 3292 1479 3349 Romanorum
1510 3305 1669 3366 gente
1706 3312 1770 3352 ac
1816 3299 1982 3367 Stirpe

398 3392 578 3436 ortum
609 3381 797 3448 fuisse,
825 3397 946 3438 cum
997 3384 1051 3439 id
1103 3385 1375 3443 veteribus
1432 3387 1688 3444 Romanis
1743 3392 1984 3448 solemne

397 3473 584 3540 fuerit,
617 3477 771 3545 plura
801 3475 903 3529 sibi
932 3477 1178 3543 nomina,
1211 3491 1332 3533 cum
1387 3480 1450 3535 ad
1508 3480 1721 3538 familia
1750 3483 1981 3554 insigne,

399 3576 513 3620 tum
544 3567 612 3620 ad
645 3568 860 3621 virtutis
904 3568 1132 3638 alicujus
1162 3578 1216 3624 et
1254 3570 1470 3626 habitus
1506 3571 1980 3642 significationem,

400 3672 691 3726 usurpare,
721 3661 788 3714 de
818 3659 1012 3727 quibus
1064 3662 1343 3730 Appianus
1395 3663 1576 3732 Alex.,
1631 3665 1684 3719 in
1717 3665 1874 3721 Prtef.
1915 3667 1980 3722 ad

402 3747 551 3803 Bella
593 3749 773 3814 Rom.,
807 3750 925 3806 haec
973 3753 1199 3807 scribit:
1237 3753 1438 3808 Nomen
1491 3757 1614 3809 olim
1654 3758 1837 3827 cuique
1874 3759 1981 3813 Ro-

400 3856 553 3895 mano
577 3858 737 3895 unum
779 3853 912 3909 erat,
942 3855 997 3897 ut
1025 3846 1221 3898 steteris
1247 3846 1567 3913 hominibus;
1619 3857 1732 3916 post
1776 3851 1983 3904 accessit

399 3932 640 3998 alterum,
672 3949 762 3986 nec
814 3936 888 3988 ita
927 3936 1123 3989 dudum
1177 3938 1328 3990 etiam
1387 3939 1590 3992 tertium
1642 3949 1863 4008 emptum
1907 3951 1982 3996 est

402 4019 530 4072 addi
573 4025 892 4093 quibusdam,
938 4042 1037 4094 quo
1082 4029 1243 4097 magis
1270 4040 1666 4099 agnoscerentur
1690 4047 1754 4085 ea:
1803 4032 1981 4102 aliqua

397 4123 526 4165 nota
553 4117 806 4184 corporis,
855 4126 943 4170 aut
971 4118 1155 4172 uirtute
1193 4122 1397 4185 animi,
1456 4123 1884 4190 quemadmodum
1933 4136 1981 4180 et

397 4202 570 4260 Grati
612 4207 810 4276 aliquot
858 4208 1146 4263 nominibus
1196 4213 1446 4283 adjuncta
1493 4212 1741 4266 habebant
1794 4231 1977 4286 cogno-

397 4297 561 4351 mina.

467 4387 527 4439 4.
558 4386 669 4440 Etsi
701 4395 904 4450 autem,
933 4387 1105 4442 adhuc
1120 4397 1295 4444 stante
1324 4389 1480 4445 Rom.
1514 4405 1656 4461 rep.,
1683 4406 1804 4447 cum
1829 4392 1977 4462 plura

392 4476 747 4530 assumebant
777 4477 969 4548 singuli
1015 4480 1251 4543 nomina,
1285 4483 1387 4536 hoc
1417 4483 1557 4549 quod
1602 4483 1776 4552 primo
1807 4500 1975 4553 pone.
2006 4514 2060 4574 Β

394 4566 556 4619 batur
605 4567 725 4620 loco
774 4567 852 4637 (ut
903 4569 1279 4624 animadvertit
1310 4571 1388 4625 vel
1440 4572 1646 4644 Brow.)
1693 4585 1980 4632 vocaretur

393 4671 736 4724 praenomen,
768 4659 910 4727 quod
961 4661 1086 4716 inde
1142 4661 1415 4729 proprium
1463 4675 1607 4718 esset
1663 4666 1836 4734 gentis
1888 4677 1981 4721 aut

392 4750 640 4814 familiae,
667 4751 878 4804 tertium
906 4766 1224 4820 cognomen,
1258 4762 1314 4806 et
1337 4752 1457 4808 huic
1489 4754 1756 4810 interdum
1789 4765 1978 4825 quarto

392 4841 519 4895 loco
547 4854 815 4910 agnomen
847 4841 1155 4907 adderetur,
1189 4843 1440 4898 citeriore
1487 4852 1664 4900 tamen
1715 4862 1830 4902 mvo
1862 4849 1979 4905 haec

393 4933 715 5001 promiscue
744 4933 990 4989 adhiberi
1038 4945 1337 5004 cmperunt,
1371 4951 1434 4990 ac
1466 4937 1780 5007 plerumque
1836 4943 1977 5010 quod

393 5025 590 5078 ultimo
637 5025 938 5094 ponebatur
981 5025 1100 5080 loco
1147 5028 1488 5094 praenominis
1542 5030 1646 5083 vim
1706 5030 1973 5100 habebat,

392 5114 516 5170 sive
549 5129 656 5182 quo
684 5129 713 5168 a
745 5116 955 5170 czeteris
983 5112 1225 5185 ejusdem
1245 5117 1437 5172 domus
1457 5133 1520 5174 ac
1543 5120 1718 5190 gentis
1750 5123 1978 5178 homini-

389 5204 499 5258 bus
525 5205 718 5274 singuli
741 5206 1180 5262 secernebantur.
1211 5209 1324 5274 Qua
1369 5208 1435 5267 de
1458 5225 1518 5266 re
1547 5211 1724 5280 legere
1756 5224 1978 5282 praestat

389 5295 466 5349 cl.
500 5295 844 5350 Sirmondum
871 5336 888 5364 ,
939 5298 992 5351 in
1043 5299 1174 5352 diss.
1204 5301 1417 5368 praeﬁxa
1445 5300 1545 5368 0p.
1577 5303 1782 5358 Sidonii
1814 5306 1977 5376 Apol-

392 5385 606 5452 linaris,
635 5385 690 5440 in
727 5402 829 5457 qua
862 5388 930 5443 de
960 5405 1109 5444 more
1163 5391 1439 5448 inferioris
1484 5397 1657 5451 tetat's
1692 5397 1972 5456 hominum

391 5479 448 5531 in
482 5479 827 5534 assumendis
870 5480 1122 5550 pluribus
1179 5484 1487 5539 nominibus
1529 5486 1747 5543 disserit
1778 5489 1974 5546 fusius.

392 5573 474 5624 lix
523 5569 623 5626 hac
677 5571 788 5640 ipsa
836 5575 1222 5631 consuetudine
1277 5577 1471 5631 factum
1522 5587 1605 5634 est
1654 5587 1713 5634 ut
1746 5579 1832 5636 hic
1873 5597 1974 5637 no-

388 5669 538 5728 ster,
563 5663 810 5732 quamvis
837 5666 1022 5721 multis
1068 5666 1374 5722 nominibus
1396 5668 1468 5723 sit
1494 5667 1741 5739 insignis,
1783 5671 1975 5728 Furtu-

469 5778 494 5805 "
529 5774 660 5832 Vide
685 5791 803 5847 qua:
831 5777 1060 5837 diximus
1084 5781 1136 5837 in
1164 5783 1304 5838 notis
1334 5781 1401 5837 ad
1421 5797 1527 5839 car.
1553 5784 1608 5854 9,
1636 5784 1674 5840 l.
1701 5799 1770 5841 iv.

2087 1892 2207 1946 loco
2238 1889 2316 1947 exi
2338 1895 2657 1950 teatimoniis
2696 1907 2945 1952 veterum
2979 1910 3448 1956 monumentorum
3479 1913 3660 1959 osten-

2083 1984 2161 2037 dit
2193 1987 2580 2053 posterioribus
2612 1991 2824 2044 sacculis
2873 1990 3010 2047 hanc
3061 1992 3507 2063 imponendorum
3563 2012 3658 2050 no-

2087 2081 2287 2133 minum
2334 2081 2778 2137 consuetudinem
2831 2084 3062 2152 viguisse
3105 2103 3119 2139 :
3180 2086 3246 2141 Ut
3293 2097 3397 2140 tum
3449 2090 3657 2160 propria

2083 2174 2344 2241 cujusque,
2391 2182 2497 2225 tum
2526 2174 2771 2244 adjuncta
2796 2215 2811 2240 ,
2861 2193 2950 2230 seu
2997 2180 3323 2248 cognomina,
3355 2197 3440 2233 seu
3469 2196 3658 2251 prono-

2084 2265 2222 2317 mina
2264 2265 2402 2334 (qua’
2429 2267 2598 2319 omnia
2645 2268 2700 2321 in
2743 2269 2959 2339 singulis
2997 2286 3155 2340 prope
3196 2271 3446 2341 capitibus
3492 2273 3660 2326 varia-

2085 2353 2270 2423 bant),
2300 2372 2330 2405 a
2355 2357 2651 2424 parentibus
2680 2365 2735 2410 ut
2758 2358 3070 2424 plurimum,
3111 2362 3456 2431 cognatisque,
3500 2366 3662 2431 patri-

2083 2443 2196 2509 bus,
2239 2445 2473 2513 patruis,
2517 2446 2626 2499 avis
2653 2488 2666 2510 ,
2724 2448 2969 2515 proavis,
3020 2450 3328 2521 reliquisque
3372 2451 3658 2518 affectibus,

2083 2544 2535 2592 mutuarentur...
2585 2538 2764 2605 Neque
2805 2542 2934 2594 enini
2974 2552 3111 2595 certa
3137 2553 3183 2596 et
3226 2553 3379 2610 stata,
3432 2554 3486 2597 ut
3515 2545 3660 2610 olim,

2085 2631 2280 2699 generis
2301 2641 2348 2683 et
2377 2631 2586 2700 familia:
2613 2633 2863 2685 vocabula
2907 2634 2958 2686 in
3000 2650 3097 2686 usu
3135 2642 3256 2686 tunc
3287 2639 3517 2704 fuerunt,
3550 2652 3665 2706 qua:

2084 2728 2133 2774 et
2190 2720 2439 2774 matribus
2486 2723 2778 2776 communia
2833 2733 2994 2777 essent
3033 2734 3081 2777 et
3125 2726 3193 2777 ad
3233 2737 3456 2793 posteros
3497 2737 3665 2781 trans-

2084 2810 2234 2877 irent,
2265 2819 2320 2864 ut
2350 2826 2465 2864 cum
2506 2812 2730 2866 Cornelii
2753 2823 2841 2866 aut
2871 2813 3003 2867 Julii
3027 2831 3198 2869 omnes
3231 2818 3528 2870 dicebantur
3575 2820 3665 2888 qui

2084 2918 2113 2954 a
2144 2913 2288 2972 gente
2317 2901 2558 2957 Cornelia
2587 2913 2677 2958 aut
2721 2903 2866 2958 Julia
2925 2907 3033 2958 nati
3084 2917 3268 2969 essent,
3300 2918 3348 2961 et
3397 2908 3665 2977 Scipiones

2087 2991 2230 3054 ἔτεινε,
2253 3001 2342 3044 aut
2364 2989 2650 3057 Cicerones,
2680 2978 2767 3062 qui
2799 2993 2851 3045 in
2882 2993 3030 3046 domo
3059 3005 3106 3048 ct
3130 2995 3330 3060 familia
3359 2995 3661 3066 Scipionum

2084 3087 2174 3132 aut
2201 3080 2522 3147 Ciceronum,
2551 3084 2638 3136 sed
2688 3085 2860 3136 omnia
2887 3101 3006 3138 mox
3051 3102 3165 3138 cum
3213 3103 3395 3139 occasu
3440 3088 3659 3156 reipubl.

2013 3167 2058 3230 C
2087 3171 2278 3224 mutari
2315 3172 2500 3225 sensim
2547 3189 2607 3225 ac
2639 3173 2739 3226 labi
2787 3161 3062 3245 coeperunt,
3094 3187 3148 3230 ut
3193 3195 3481 3249 quanquam
3511 3183 3662 3237 initio

2085 3262 2280 3330 antiqui
2308 3263 2464 3316 moris
2514 3266 2690 3331 aliqua
2739 3267 2976 3320 laeserint
3029 3271 3241 3341 t'cstigia
3296 3273 3349 3325 in
3399 3276 3666 3344 gentilitiis

2088 3355 2398 3422 nominibus,
2453 3373 2566 3426 qute
2591 3374 2623 3409 a
2653 3359 2916 3413 nonnullis
2964 3361 3174 3430 familiis
3228 3366 3592 3420 retinebantur.
3614 3411 3625 3421 .
3647 3410 3662 3425 .

2087 3448 2407 3516 postmodum
2437 3457 2604 3502 tamen
2634 3448 2730 3502 hoc
2771 3451 2936 3520 ipsum
2983 3469 3184 3522 quoque
3212 3457 3492 3525 neglectum
3541 3461 3662 3528 fuit,

2083 3537 2211 3590 adco
2251 3546 2305 3590 ut
2336 3537 2536 3592 nullum
2580 3539 2781 3592 tandem
2821 3542 3050 3609 familiat,
3085 3544 3283 3597 nullum
3312 3550 3511 3618 generis
3555 3565 3662 3601 cer-

2085 3635 2192 3677 tum
2223 3641 2406 3680 nomen
2433 3627 2605 3695 fuerit.
2643 3627 2771 3682 Filii
2808 3631 2960 3682 etiam
2991 3651 3019 3683 n
3065 3633 3291 3701 patribus
3319 3645 3366 3688 et
3415 3638 3662 3706 fratribus

2083 3717 2216 3770 inter
2242 3733 2314 3781 se,
2363 3718 2594 3773 omnibus
2621 3735 2754 3791 stupe
2800 3722 3105 3790 nominibus,
3129 3736 3218 3779 aut
3254 3726 3363 3794 fere
3409 3730 3659 3796 omnibus,

2083 3809 2437 3878 discreparint.

2153 3903 2206 3956 6.
2245 3903 2396 3970 Quod
2439 3919 2571 3961 vero
2614 3906 2807 3962 attinet
2861 3907 2927 3962 ad
2977 3907 3200 3976 patriam
3249 3901 3559 3977 Fortunati,
3618 3913 3662 3966 is

2081 3990 2362 4048 Tarvisino
2394 3995 2444 4049 in
2485 4010 2614 4066 agro
2639 4005 2795 4052 natus
2815 4010 2898 4053 est
2927 4013 2991 4053 eo
3017 4000 3068 4054 in
3101 4003 3218 4055 loco
3239 4002 3326 4070 qui
3352 4001 3657 4070 Duplavilis,

2081 4081 2194 4137 sive
2245 4081 2548 4154 Duplabilis,
2580 4096 2669 4140 aut
2725 4087 3040 4154 Duplavenis
3078 4090 3472 4154 nominabatur,
3504 4091 3661 4157 idque

2082 4183 2291 4228 constat
2319 4190 2387 4229 ex
2421 4178 2621 4243 apertis
2645 4191 2765 4231 cum
2811 4178 3092 4233 Fortunati
3121 4179 3313 4248 ipsius,
3361 4190 3471 4233 tum
3525 4181 3656 4234 ali0<

2085 4280 2229 4329 rum,
2260 4265 2606 4320 testimoniis.
2663 4267 2712 4321 ls
2744 4277 2915 4336 certe,
2950 4269 3044 4324 lib.
3073 4286 3125 4324 tv
3157 4269 3290 4324 Vita:
3319 4271 3489 4325 sancti
3520 4271 3659 4327 Mar‘

2085 4356 2201 4424 tini,
2228 4356 2421 4410 librum
2453 4371 2634 4423 suum,
2681 4375 2839 4428 quem
2870 4377 2938 4415 ex
2962 4359 3134 4416 Gallia
3167 4363 3218 4416 in
3252 4362 3454 4417 Italiam
3484 4363 3657 4417 mitte-

2087 4449 2198 4513 bat,
2229 4449 2507 4520 alloquens
2566 4452 2782 4520 poetico
2836 4468 3010 4519 more,
3060 4469 3119 4510 se
3169 4454 3429 4524 Duplavili
3475 4465 3656 4511 natum

2084 4555 2203 4597 esse
2235 4553 2480 4610 testatur,
2512 4543 2592 4598 his
2622 4547 2840 4602 verbis:

2176 4636 2281 4702 Qua
2304 4649 2416 4686 mea
2435 4636 2676 4702 Τειιξνίεςιιέι⁸
2686 4640 2892 4702 residet,
2914 4641 2954 4688 si
2971 4639 3182 4690 molliter
3207 4643 3377 4701 intras,

2175 4697 2421 4765 glustrem
2437 4699 2618 4747 socium
2640 4697 3081 4765 lj‘elicem,'qumso,
3104 4705 3324 4765 require.

2174 4757 2275 4826 Ifer
2295 4757 2524 4826 Ceuetam
2542 4761 2794 4826 gradiens,
2817 4757 3476 4826 et,amicos'Duptat-ilenses,

2174 4820 2463 4891 Quannatale
2484 4820 2639 4891 solum
2666 4831 2741 4872 est
2764 4820 2882 4872 mihi
2907 4820 3294 4891 sanguine,'s_ede
3319 4820 3590 4891 parentum,

2177 4880 2334 4948 yrolis
2354 4882 2492 4948 origo
2515 4889 2725 4948 patrum,
2751 4892 2926 4948 mater,
2950 4880 3101 4944 soror,
3126 4880 3243 4935 ordo
3265 4880 3514 4948 nepotum,

2175 4941 2306 5000 Quos
2327 4941 2434 4990 colo
2456 4941 2623 5005 corde,
2647 4944 2759 5004 tlde,
2785 4946 3027 5009 breviter,
3052 4941 3186 5008 peto,
3205 4941 3358 4997 redde
3382 4941 3606 5010 salutem,

2081 5025 2280 5080 Paulus
2319 5041 2530 5096 quoque
2551 5027 2840 5092 Diaconos,
2872 5030 2966 5085 lib.
3002 5047 3037 5084 ll
3068 5031 3205 5086 llist.
3237 5032 3499 5102 Longob.,
3529 5049 3651 5101 cap.

2081 5118 2169 5187 15,
2198 5119 2444 5174 eumdem
2477 5129 2658 5175 natum
2701 5123 2962 5189 Duplavili
2989 5124 3188 5177 diserte
3237 5126 3534 5192 profitetur,
3566 5125 3650 5180 in-

2079 5210 2310 5279 quiens:
2343 5209 2680 5276 Fortunatus,
2715 5222 2864 5266 natus
2902 5213 3107 5279 quidem
3161 5214 3212 5264 in
3257 5213 3368 5264 loco
3397 5215 3483 5280 qui
3545 5213 3652 5268 Du-

2079 5302 2280 5369 plavilis
2319 5303 2506 5356 dicitur
2535 5305 2656 5372 fuit,
2699 5305 2786 5372 qui
2817 5303 2958 5356 locus
3001 5303 3139 5354 haud
3170 5303 3315 5373 longe
3343 5322 3373 5356 a
3402 5303 3651 5358 Cenilcnsi

2075 5403 2243 5447 castra
2283 5393 2359 5447 vel
2396 5391 2697 5448 Turvisiana
2738 5396 2893 5447 distat
2933 5393 3152 5448 civitate.

2149 5485 2203 5540 7.
2233 5485 2417 5555 Itaque
2447 5485 2770 5541 Fortunatus
2800 5485 3083 5542 Tarvisino
3111 5487 3165 5541 in
3210 5503 3339 5557 agro
3370 5499 3526 5544 natus
3567 5497 3651 5544 est

2080 5577 2367 5644 Duplavili,
2399 5577 2512 5632 sive
2543 5577 2630 5631 ille
2662 5591 2825 5645 pagus
2865 5586 2958 5631 aut
3010 5579 3264 5648 oppidum
3320 5579 3497 5648 fuerit,
3532 5581 3644 5636 sive

2076 5668 2311 5736 regionis
2339 5674 2537 5723 tractus
2571 5665 2785 5736 aliquis,
2817 5667 2882 5722 ad
2935 5667 3138 5724 Plavim
3175 5669 3394 5725 fluvium
3453 5686 3648 5740 expor-
