4060 6190
378 388 450 476 τε
914 402 1427 464 PROLEGOMENA
1465 399 1558 456 AD
1603 395 1927 455 VENANIIl
1969 392 2129 450 “0N.
2172 389 2380 447 CLEM.
2424 385 2821 444 FORTUNATI
2861 382 3111 440 OPERA.
3575 378 3647 436 ει

379 537 580 590 rectus,
610 538 637 578 a
667 538 772 594 quo
817 525 981 578 etiam
1028 534 1222 575 nomen
1260 516 1475 589 videtur.
1520 512 1815 579 accepisse.
1850 508 1956 563 lio-
1990 510 2037 570 Α
2067 520 2222 562 suum
2248 504 2551 574 alloquens,
2582 500 2799 570 inquit:

381 620 571 685 dieque
598 615 663 671 iis
686 616 736 669 in
763 615 892 668 locis
934 626 1120 682 pagus,
1148 610 1262 663 sive
1290 605 1572 674 oppidum,
1618 597 1786 671 jacet,
1813 598 1956 669 quod

383 706 592 779 vulgari
663 717 914 759 sermone
981 695 1375 755 Valdehiadena
1453 686 1780 747 nominatur.
1846 686 1961 743 Hoc

383 802 483 856 sibi
535 800 889 856 Fortunatum
955 803 1196 850 nostrum
1249 799 1310 845 ut
1359 789 1531 844 civem
1575 800 1729 841 suum
1771 793 1825 839 et
1877 784 1962 836 in-

383 893 629 963 digenam
657 889 915 955 vindicat,
947 882 1454 940 honestissimorum
1497 879 1740 933 virorum
1785 873 1964 931 domi-

382 983 586 1039 cilium.

461 1072 513 1128 8.
561 1068 869 1133 Cluverius,
897 1076 937 1123 t.
989 1066 1007 1121 I
1054 1065 1169 1120 Ital.
1210 1064 1403 1134 antiq.,
1461 1075 1582 1131 cap.
1632 1060 1724 1128 18,
1780 1063 1965 1113 censet

386 1161 717 1231 Duplavilem
743 1175 809 1216 eo
846 1159 899 1213 in
927 1159 1043 1213 loco
1076 1157 1241 1213 fuisse
1267 1158 1351 1210 ubi
1380 1171 1539 1221 nunc,
1575 1155 1773 1223 inquit,
1807 1150 1961 1222 oppi-

382 1253 505 1307 dum
531 1252 583 1305 in
609 1251 743 1304 edito
787 1250 896 1303 loco
926 1249 1239 1317 conspicitur
1259 1247 1326 1299 ad
1366 1246 1543 1299 (cavam
1572 1245 1738 1298 amnis
1767 1243 1960 1313 ripam,

381 1344 583 1414 vulgari
609 1342 958 1414 appellohaec
1007 1339 1067 1395 S.
1100 1338 1408 1395 Salvadore.
1438 1336 1546 1392 Sed
1596 1335 1681 1391 vir
1710 1334 1963 1390 eruditis-

380 1438 571 1503 simus,
598 1440 1102 1503 ornatts‘Stmusque,
1134 1445 1316 1487 comes
1343 1429 1670 1484 Rambalbus
1692 1430 1759 1484 de
1782 1430 1959 1483 Ληο-

381 1526 523 1592 uiis,
576 1526 869 1581 Tarvisinre
931 1525 1187 1580 Ecclesiae
1235 1522 1524 1579 canonicus
1577 1522 1779 1592 (quem
1829 1521 1962 1575 alias

381 1618 674 1686 laudavi),
724 1620 775 1671 in
847 1615 1064 1671 dissert.
1124 1616 1175 1668 in
1231 1630 1333 1683 qua
1390 1612 1526 1669 Ven.
1604 1611 1961 1667 Fortunatum

381 1710 549 1778 patria
591 1707 928 1764 Tarviainum
957 1720 1078 1762 esse
1106 1706 1343 1764 ostendit
1371 1706 1665 1774 (quamque
1696 1702 1826 1758 mihi
1856 1702 1957 1758 he-

383 1802 716 1873 nignissime,
753 1811 809 1856 ut
832 1803 997 1856 etiam
1026 1801 1150 1869 alia,
1182 1796 1590 1868 commodavit),
1618 1795 1958 1866 gravissimis

382 1897 669 1953 momentis
697 1895 894 1952 evincit
942 1892 1270 1963 Duplavilem
1320 1890 1461 1945 haud
1519 1890 1756 1960 potuisse
1812 1900 1961 1943 eam-

379 1991 500 2066 dem
525 2004 646 2045 esse
662 2002 725 2043 ac
742 1987 994 2057 oppidum
1018 1984 1144 2039 illud
1159 1983 1227 2040 de
1241 1996 1345 2052 quo
1363 1981 1678 2048 Cluverius,
1694 1994 1815 2035 cum
1834 1979 1964 2034 For-

381 2090 613 2146 tunatus,
648 2079 738 2135 ttbi
768 2078 906 2135 libro
932 2093 1031 2133 suo
1061 2076 1165 2131 iter
1200 2089 1267 2131 es
1303 2075 1476 2132 Gallia
1508 2074 1562 2129 itt
1589 2072 1793 2127 Italiam
1819 2084 1965 2125 com-

388 2178 673 2235 monstrat,
707 2184 771 2225 ex
805 2168 1049 2240 Aquileia
1077 2166 1457 2230 Concordiam,
1495 2173 1653 2235 atque
1680 2163 1804 2219 inde
1832 2161 1967 2215 Tar-

381 2262 598 2327 visium,
626 2269 738 2316 tum
794 2260 1054 2322 Ccnetam
1104 2267 1160 2313 et
1215 2256 1593 2325 Duplavilem,
1644 2253 1964 2310 veniendum

383 2356 654 2423 ostendat,
686 2355 959 2411 Patavium
990 2367 1178 2409 versus
1232 2349 1613 2421 proficiscenti,
1653 2357 1711 2401 ttt
1741 2346 1967 2417 proinde

383 2445 700 2513 Duplavilis,
752 2444 919 2513 patria
951 2441 1256 2505 Fortunati,
1292 2454 1396 2499 non
1426 2448 1568 2494 esset
1614 2437 1791 2493 media
1824 2436 1965 2491 Tar-

381 2536 573 2595 \tisium
606 2535 747 2591 inter
771 2548 832 2590 ac
859 2533 1142 2599 Ccnetam,
1176 2530 1272 2586 sed
1319 2531 1455 2589 ultra
1486 2527 1767 2595 Ccnetam,
1813 2527 1966 2583 Pata-

385 2631 528 2685 vium
560 2643 769 2694 versus,
808 2628 909 2682 iter
937 2626 1138 2695 agenti,
1189 2622 1492 2694 cujusmodi
1543 2637 1648 2675 non
1680 2628 1765 2676 est
1816 2619 1967 2688 oppi-

385 2722 510 2775 dum
544 2719 668 2773 illud
699 2717 760 2774 S.
786 2716 1102 2783 Salvadore,
1134 2714 1277 2785 quod
1311 2724 1615 2783 utrumque,
1660 2711 1965 2766 Tarvisium

385 2812 590 2871 scilicet
638 2826 701 2865 ac
755 2811 1055 2872 Ccnetam,
1112 2807 1494 2863 intermedium
1540 2807 1701 2872 jacet.
1765 2801 1969 2859 Deinde

383 2901 522 2962 istud
552 2900 806 2969 oppidum
838 2898 1040 2953 nullum
1071 2906 1185 2953 erat
1238 2897 1435 2951 saeculo
1460 2911 1513 2951 vr
1554 2905 1607 2949 et
1648 2893 1713 2949 ad
1762 2907 1964 2948 annum

384 3006 552 3062 usque
598 2989 738 3049 1245
793 2990 941 3045 solus
990 3004 1050 3043 ac
1109 2988 1356 3043 desertus
1404 2987 1602 3041 montis
1642 2985 1815 3040 clivus
1845 3000 1968 3053 per-

386 3082 602 3137 mansit.
636 3078 897 3148 Quocirca
926 3076 1145 3133 miuime
1176 3078 1221 3132 is
1245 3075 1452 3131 dubitat
1482 3076 1609 3145 quin
1640 3074 1963 3145 Duplavilis,

385 3190 437 3237 tu
485 3187 589 3243 qua
622 3172 799 3228 natale
847 3169 1121 3227 Fortunati
1181 3167 1378 3234 solunt,
1423 3165 1609 3224 eadem
1636 3166 1706 3221 sit
1736 3181 1800 3220 ac
1845 3180 1964 3235 quae

388 3265 785 3326 Valdebiadena
813 3264 969 3334 vulgo
996 3263 1323 3333 appellatur,
1368 3262 1541 3331 posita
1597 3262 1648 3315 in
1682 3260 1965 3314 'I‘arvisino

386 3371 538 3428 agro,
581 3371 701 3411 cum
749 3364 803 3411 et
851 3354 1149 3409 similitudo
1200 3353 1432 3408 nominis
1481 3352 1564 3423 (ut
1609 3367 1674 3406 ex
1732 3351 1967 3418 antiquis

394 3450 756 3513 monumentis
784 3463 903 3517 quae
960 3447 1027 3502 ab
1072 3448 1189 3514 ipso
1234 3445 1578 3514 proferuntur
1627 3444 1796 3514 magis
1840 3457 1969 3498 con-

390 3542 534 3611 stat)
588 3543 710 3598 huic
761 3541 1043 3597 sententia:
1090 3540 1377 3596 admodum
1432 3539 1610 3595 favere
1664 3536 1968 3608 deprehen-

387 3636 567 3695 tiatur.

455 3728 511 3791 9.
545 3729 611 3783 At
638 3725 792 3782 .Ioan.
825 3724 1090 3795 Josephus
1132 3723 1304 3779 Liruti
1336 3737 1458 3779 cum
1510 3721 1809 3778 assentitur
1841 3721 1968 3776 Clu-

386 3822 538 3875 verio
566 3819 666 3874 hac
696 3819 749 3873 in
782 3833 860 3885 re,
885 3827 996 3873 tum
1032 3816 1162 3872 illud
1188 3817 1255 3872 de
1302 3830 1401 3871 suo
1430 3813 1601 3881 addit,
1633 3811 1966 3882 Duplavilem

391 3912 601 3974 nonnisi
636 3912 834 3967 avitum
887 3920 980 3967 aut
1038 3920 1320 3982 paternum
1378 3905 1657 3963 Fortunati
1707 3904 1967 3974 prmdinm

394 4006 579 4069 fuisse,
606 4004 659 4059 in
687 4002 830 4072 quod
861 4002 978 4073 ejus
1005 4011 1274 4071 parentes,
1299 4008 1388 4054 aut
1430 3998 1539 4063 avi,
1567 3999 1712 4052 cives
1743 3996 1825 4069 (ut
1857 3997 1970 4064 ipsc

391 4096 663 4169 opinatur)
696 4094 1088 4163 Aquileienses,
1114 4100 1472 4155 secesserant,
1523 4105 1628 4160 quo
1672 4088 1878 4152 Attilae,
1908 4100 1972 4141 ac

392 4201 718 4247 exterarum
751 4188 1130 4249 Barbarorum,
1176 4184 1264 4254 qui
1311 4184 1424 4237 suis
1458 4195 1602 4251 saepe
1643 4178 1970 4235 exercitibus

391 4283 696 4351 Aquileiam
757 4280 1100 4343 infestarunt,
1164 4276 1554 4332 immanitatem
1605 4283 1658 4329 et
1700 4284 1969 4326 armorum

390 4375 624 4436 furorem
650 4372 1004 4427 declinarent.

473 4466 555 4525 l9.
598 4462 705 4519 Sed
757 4462 896 4517 haud
957 4463 1070 4517 scio
1123 4470 1379 4531 quantum
1430 4459 1552 4513 Itttic
1584 4456 1836 4526 singulari
1874 4454 1971 4509 viri

405 4555 730 4625 rmteroquiu
762 4552 1058 4608 doctissimi
1091 4552 1331 4617 opinioni
1364 4549 1703 4605 tribuendum
1734 4549 1825 4611 sit,
1849 4561 1967 4600 cem
2004 4562 2048 4619 ι)

399 4660 508 4703 tam
543 4645 823 4717 perSpiruc
845 4643 896 4698 in
921 4643 1081 4697 allato
1103 4645 1350 4711 superius
1372 4642 1607 4695 carmine
1628 4639 1971 4704 Fortunatus,

395 4756 502 4800 non
524 4739 694 4793 solum
718 4737 998 4793 Tarvisum
1024 4750 1171 4788 suam
1204 4749 1325 4788 esse
1350 4733 1511 4794 dicat,
1542 4741 1595 4784 et
1624 4730 1815 4782 amicos
1839 4728 1976 4783 inter

395 4829 790 4900 Duplavifettses
836 4833 1009 4883 natale
1054 4826 1220 4879 solum
1259 4838 1381 4879 esse
1424 4823 1526 4877 sibi
1575 4821 1822 4894 sanguine
1862 4820 1980 4874 sede

400 4920 722 4984 Parentum,
763 4917 858 4973 scd
907 4917 1065 4972 etiam
1111 4916 1273 4983 prolis
1328 4913 1573 4984 originem
1608 4922 1843 4980 patrum,
1874 4923 1978 4979 quo

396 5012 539 5074 baud
568 5012 683 5067 scio
721 5026 788 5064 an
829 5008 1132 5065 evidentius
1182 5006 1379 5075 aliquid
1423 5005 1490 5061 ad
1540 5005 1768 5073 patriam
1797 5002 1979 5070 cujus-

410 5120 512 5175 que
538 5102 808 5174 regionem
850 5098 1187 5155 indicandam
1234 5096 1402 5165 [lOSsil
1450 5094 1692 5164 proferri.

476 5199 562 5253 Η.
619 5193 748 5251 lllttd
783 5204 959 5251 tamen
992 5189 1130 5251 haud
1164 5190 1361 5243 invitus
1389 5188 1531 5250 dem,
1560 5185 1808 5240 eumdem
1839 5181 1977 5237 haud

403 5291 498 5344 diu
520 5297 738 5358 paterna
772 5289 824 5339 in
856 5286 1019 5346 domo
1049 5298 1113 5338 ac
1140 5282 1363 5350 regione
1382 5277 1708 5337 subsedisse,
1739 5274 1829 5345 qui
1868 5274 1975 5342 pri-

405 5380 589 5441 tnatvis
645 5377 713 5433 ab
763 5378 918 5431 annis
962 5374 1191 5442 spatium
1270 5368 1526 5436 temporis
1580 5363 1838 5433 aliquod,
1896 5361 1980 5415 vel

406 5472 687 5544 Aquileirc,
731 5466 1122 5539 potentissimae
1171 5460 1439 5533 quondam
1496 5454 1746 5519 civitatis,
1784 5453 1983 5508 vixisse

404 5543 853 5634 deprehendatur,
897 5564 953 5614 ut
984 5557 1099 5625 ipse
1129 5553 1195 5608 de
1221 5568 1280 5609 se
1312 5549 1536 5606 al’ﬁrmat
1559 5588 1574 5613 ,
1622 5546 1718 5601 lib.
1752 5560 1802 5599 tv
1851 5543 1983 5597 Vita:

407 5657 578 5717 sancti
637 5652 871 5716 Martini,
902 5648 1051 5702 hisce
1100 5644 1321 5710 verbis,
1371 5640 1560 5711 quibus
1611 5637 1738 5690 item
1791 5634 1981 5688 librum

481 5800 507 5829 ι
542 5788 676 5842 Vide
709 5785 881 5841 Vitam
912 5779 1088 5835 Rufini
1134 5775 1407 5848 praelixam
1440 5772 1676 5846 ejusdem
1704 5769 1803 5842 Op.
1841 5767 1981 5823 Edit.

413 5865 605 5924 Veron.
642 5856 797 5920 1745,
831 5856 865 5911 l.
899 5868 937 5920 t,
970 5867 1024 5905 n.
1050 5850 1107 5909 5.

2182 595 2280 646 Ant
2303 592 2668 656 Aquileiensem
2692 593 2732 656 si
2757 590 2880 641 forte
2905 590 3170 656 accesseris
3193 588 3392 656 urbem,

2189 652 2439 707 Cassianos
2461 655 2648 703 Domini
2674 654 2873 701 nimium
2900 652 3158 701 venereris
3181 652 3395 699 amicos:

2186 719 2255 766 Ac
2279 716 2524 766 Fortunati
2542 715 2846 764 benedictam
2871 714 3094 774 martyris
3119 726 3309 771 urnam,

2186 778 2570 839 Pontificemque
2594 779 2724 838 pium
2751 774 2953 839 Paulum
2976 776 3236 839 cupienter
3260 775 3407 839 adora

2188 842 2279 900 Qui
2305 852 2386 889 me
2408 836 2649 901 printaavis
2670 837 2886 888 converti
2907 836 3104 897 optabat
3123 837 3184 883 ab
3206 836 3345 883 anuis

2135 922 2223 976 12.
2267 922 2421 977 Ilisce
2449 918 2733 990 postremis
2781 932 2812 972 e
2838 915 3016 972 verbis
3045 916 3205 970 infert
3231 914 3383 969 Joan.
3409 912 3634 981 Joseph.

2062 1013 2232 1070 Liruti
2265 1013 2608 1068 Fortunatum
2635 1006 2893 1077 Aquileia:
2921 1021 2950 1061 a
2976 1005 3161 1073 Paulo,
3185 1006 3301 1074 ejus
3334 1006 3478 1059 urbis
3503 1021 3633 1072 port-

2064 1107 2224 1171 tifice,
2274 1101 2592 1173 baptismum
2641 1099 2935 1167 accepisse,
2985 1095 3129 1166 quod
3173 1096 3455 1151 sententiae
3504 1108 3639 1157 sua,

2063 1212 2165 1269 qua
2197 1196 2344 1250 illum
2392 1194 2564 1248 civem
2619 1190 3016 1260 Aquileiensem
3066 1189 3314 1258 Opinatur
3358 1186 3542 1253 fuisse,
3585 1186 3641 1240 i-n

2063 1289 2249 1360 primis
2279 1284 2556 1355 suffragari
2608 1284 2919 1339 arbitratur.

2137 1378 2222 1434 15.
2257 1379 2472 1441 Verunt,
2518 1385 2572 1430 ut
2617 1373 2748 1428 i|!ud
2794 1373 3064 1435 omittam,
3096 1388 3164 1428 ex
3197 1387 3262 1428 eo
3287 1372 3424 1442 quod
3449 1371 3643 1427 Paulus

2062 1478 2269 1540 Optaret
2297 1468 2649 1522 Fortunatam
2678 1480 2705 1518 a
2731 1466 2998 1534 primaevis
3026 1465 3180 1519 annis
3208 1464 3470 1529 converti,
3503 1463 3642 1519 haud

2062 1575 2221 1631 posse
2242 1558 2493 1614 concludi
2521 1558 2601 1611 vel
2632 1556 2795 1611 fuisse
2817 1571 3155 1620 conversum,
3193 1555 3321 1610 illud
3354 1555 3482 1609 mihi
3512 1554 3645 1607 mul-

2064 1660 2119 1706 to
2148 1650 2493 1707 verisimilius
2524 1648 2756 1711 videtur,
2789 1647 3033 1712 Paulum,
3064 1644 3459 1715 Aquileiensem
3487 1646 3645 1699 Anti-

2062 1742 2266 1806 stitem,
2297 1739 2351 1794 id
2383 1747 2597 1808 optasse
2653 1739 2849 1806 potius,
2894 1745 2951 1790 ut
2973 1736 3136 1802 idem,
3170 1751 3300 1804 puer
3323 1736 3517 1804 adhuc,
3564 1735 3647 1790 vel

1994 1859 2043 1919 Β
2072 1835 2404 1900 adulescens,
2437 1831 2657 1901 altjectis
2686 1839 2998 1885 cteterarum
3039 1845 3217 1887 rerum
3267 1843 3434 1894 curts,
3465 1843 3649 1882 mona-

2070 1928 2259 1981 sticam
2283 1925 2443 1978 vitam
2474 1922 2734 1992 Aquileiae
2755 1922 3185 1991 amplecteretur,
3233 1935 3352 1975 cum
3378 1929 3552 1974 tamen
3582 1919 3647 1982 is,

2068 2018 2138 2073 ob
2192 2016 2337 2070 illam
2386 2013 2524 2070 forte
2547 2007 2785 2082 causam,
2833 2013 2975 2084 quod
3026 2012 3333 2068 Ravennam
3389 2009 3648 2080 proﬁcisci

2065 2109 2345 2177 cogitaret,
2402 2115 2460 2161 ut
2487 2119 2549 2160 ea
2577 2105 2630 2158 in
2662 2104 2818 2170 urbe,
2872 2111 3118 2173 tanquam
3142 2103 3487 2159 scientiarum
3534 2117 3649 2156 om-

2068 2202 2213 2256 nium
2246 2199 2457 2270 Lyaeo,
2485 2196 2677 2251 studiis
2727 2197 3026 2251 litterarum
3064 2196 3213 2249 daret
3239 2210 3477 2265 operam,
3509 2194 3649 2249 votis

2069 2290 2337 2363 pontificis
2385 2289 2606 2343 minime
2640 2286 3048 2357 obsequendum
3088 2284 3377 2341 censuerit.
3409 2286 3569 2340 Certe
3598 2283 3653 2339 id

2067 2393 2184 2441 erat
2241 2382 2499 2438 usitatum
2551 2379 2618 2437 iis
2666 2377 3015 2446 temporibus,
3076 2387 3132 2430 ut
3177 2375 3267 2446 qui
3317 2375 3647 2429 tuonasticeu

2067 2477 2503 2544 amplecteretur,
2536 2471 2580 2525 is
2606 2469 2875 2524 diceretur
2903 2466 3168 2521 converti.
3199 2465 3294 2532 Ac,
3319 2475 3378 2517 ut
3405 2465 3646 2518 omittam

2067 2569 2240 2623 sancti
2290 2566 2490 2621 Bened.
2539 2565 2684 2620 ο.ὸὸ
2734 2562 2886 2633 Reg.,
2925 2570 2980 2615 et
3026 2559 3441 2630 sanetiGregor.
3471 2559 3649 2629 magni

2069 2658 2399 2722 testimonia,
2435 2656 2526 2711 lib.
2557 2671 2611 2719 tt,
2643 2656 2800 2722 epist.
2849 2652 2884 2704 4
2913 2662 2965 2706 et
2998 2649 3068 2706 66
3101 2650 3240 2704 Edit.
3291 2649 3485 2713 Paris.,
3514 2648 3653 2703 Bau-

2064 2749 2303 2811 _donivia,
2336 2762 2514 2802 coaeva
2559 2745 2873 2811 Fortunato,
2920 2758 2981 2797 ac
3011 2739 3431 2796 sanctimonialis
3462 2754 3650 2793 mona-

2067 2842 2214 2897 sterii
2240 2838 2611 2901 Pictaviensis,
2632 2837 2683 2890 in
2716 2834 2829 2889 Vita
2853 2835 3019 2889 beata:
3038 2829 3401 2900 Radegundis,
3422 2845 3568 2884 num.
3592 2828 3648 2894 5,

2068 2936 2147 2992 sic
2194 2934 2262 2989 de
2303 2935 2413 3003 ipsa
2459 2932 2733 3003 loquitur:
2788 2930 3090 2998 Postquam,
3158 2926 3350 2994 inquit,
3416 2932 3657 2999 operante

2069 3026 2244 3080 divina
2273 3026 2517 3095 potentia,
2546 3040 2577 3076 a
2606 3039 2722 3092 rege
2749 3031 2948 3077 terreno
2975 3020 3231 3081 discessit,
3260 3018 3398 3088 quod
3419 3032 3515 3069 sua
3541 3025 3654 3068 vota

2069 3119 2366 3190 poscebant,
2386 3119 2509 3171 dum
2541 3116 2766 3171 Suwdas
2788 3115 2849 3194 in.
2874 3111 3021 3177 villa,
3051 3127 3204 3181 quam
3231 3109 3280 3163 ei
3307 3124 3395 3162 rex
3421 3107 3650 3168 dederat,

1995 3210 2042 3274 C
2073 3209 2331 3275 resideret,
2363 3210 2417 3261 in
2454 3206 2622 3276 primo
2664 3221 2801 3258 anno
2857 3201 3200 3257 conversionis
3246 3213 3373 3264 sine,
3402 3206 3505 3250 etc.
3538 3196 3653 3249 .Iattt

2070 3316 2199 3356 vero
2224 3309 2427 3355 certum
2458 3306 2540 3353 est
2570 3294 2975 3366 Radegundem,
3030 3288 3427 3361 Cluistianain
3460 3287 3655 3356 pietate

2071 3396 2138 3450 ab
2166 3406 2400 3463 extrema
2433 3390 2658 3462 pueritia
2685 3388 2991 3451 educatam,
3018 3399 3141 3439 cum
3174 3398 3201 3435 a
3237 3381 3472 3437 Clotario
3504 3394 3651 3447 rege,

2071 3488 2294 3557 conjuge
2315 3500 2437 3550 suo,
2482 3484 2843 3547 discessisset,
2878 3488 2936 3534 ut
2966 3478 3103 3533 infra
3142 3477 3349 3532 dicetur
3375 3474 3651 3542 (Forma,

2070 3580 2122 3634 in
2159 3579 2272 3633 Vita
2291 3578 2351 3632 S.
2384 3577 2546 3641 Ruth,
2568 3592 2620 3628 η.
2653 3569 3073 3642 12),·οοηῐεςιίιιι
3100 3568 3412 3637 Noviomagt
3439 3582 3468 3619 a
3500 3565 3656 3621 beato

2072 3669 2325 3726 Medardo
2372 3667 2629 3737 episcopo
2706 3660 3060 3719 monastieum
3122 3659 3297 3714 velunt
3352 3657 3648 3722 accepisse,

2072 3770 2230 3832 atque
2262 3760 2348 3814 hic
2378 3758 2604 3829 proinde
2642 3770 2815 3812 annus
2864 3759 2977 3826 ejus
2999 3752 3345 3808 conversionis
3396 3750 3595 3815 primus
3627 3763 3653 3801 a

2074 3852 2398 3908 Baudonivia
2451 3850 2775 3920 appellatur.
2849 3844 3000 3902 Haud
3070 3858 3226 3901 secus
3301 3840 3648 3903 Fortunatus,

2072 3947 2163 4002 lib.
2196 3962 2271 4014 tv,
2313 3959 2432 4014 cap.
2475 3944 2566 4011 25,
2614 3944 2835 4012 loquens
2878 3942 2948 3996 de
2998 3939 3229 4010 quodam
3275 3934 3509 4002 Iuliano,
3564 3932 3655 4001 qui

2071 4050 2225 4092 antea
2273 4042 2627 4089 mercaturam
2681 4039 3015 4097 exercuerat,
3068 4038 3204 4095 tum,
3235 4026 3334 4080 Itac
3361 4023 3565 4085 relicta,
3597 4036 3657 4075 se

2077 4136 2246 4184 totum
2304 4127 2413 4181 Deo
2457 4132 2885 4189 cunsecraverat,
2953 4130 3103 4192 parta
3160 4118 3400 4176 tribuens
3449 4114 3653 4185 egenis,

2076 4222 2242 4290 inquit
2275 4238 2286 4274 :

2200 4332 2439 4381 Mercator
2463 4328 2723 4390 quondam,
2751 4338 3016 4390 conversus
3032 4322 3312 4390 (inclmato,

2290 4384 2556 4453 Raptus'ab
2581 4391 2670 4437 ltoc
2690 4384 2866 4453 mundo
2886 4389 3086 4453 crimine
3111 4384 3237 4453 liber
3263 4384 3421 4432 homo.

2200 4447 2409 4513 Collegit
2433 4454 2650 4504 nimium.
2676 4451 2764 4498 sed
2789 4451 2957 4508 Sparsit
2989 4447 3248 4502 egentibus
3266 4456 3455 4503 aurum,

2295 4514 2555 4562 i't-aemittit
2571 4518 2769 4560 cunctas
2784 4522 2901 4571 quas
2921 4514 3218 4569 sequeretur
3239 4517 3378 4566 Opes.

2155 4624 2242 4679 II.
2285 4624 2411 4678 Erat
2433 4630 2608 4676 autem
2637 4619 2947 4690 percelebre
2972 4616 3224 4687 Aquileia:
3242 4613 3648 4675 monasterium,

2082 4716 2165 4771 vel
2198 4716 2311 4784 ipsa
2342 4713 2516 4769 Rufini
2544 4708 2727 4779 actat'e,
2781 4711 2869 4780 qui
2929 4709 3228 4767 monachus
3256 4708 3308 4761 itt
3331 4721 3396 4761 eo
3427 4704 3653 4769 vixerat,

2081 4823 2204 4864 cum
2238 4809 2462 4869 interea,
2518 4804 2563 4859 si
2620 4818 2779 4857 unum
2836 4801 3171 4857 Vercellense
3212 4798 3470 4867 excipias,
3518 4796 3660 4850 aliud

2083 4900 2195 4954 fere
2241 4899 2292 4952 in
2322 4896 2469 4951 Italia
2524 4902 2670 4950 esset
2727 4893 2930 4946 nullum
2973 4902 3021 4945 ι.
3063 4890 3328 4945 Credibile
3377 4889 3554 4956 itaque
3579 4895 3665 4941 est

2081 4990 2147 5044 ad
2176 4992 2275 5043 hoc
2302 4985 2645 5056 Aquileiense
2691 4983 3071 5053 monasterium
3105 4980 3452 5035 Fortunatum
3481 4989 3604 5035 tunc
3632 4991 3660 5029 a

2082 5080 2249 5136 Paulo
2277 5080 2555 5133 invitatum
2600 5074 2785 5140 fuisse,
2834 5088 2940 5143 quo
2980 5072 3115 5128 forte
3139 5082 3192 5127 et
3223 5072 3369 5127 clero
3401 5067 3517 5141 (qui
3550 5068 3662 5122 fere

2082 5184 2297 5239 semper
2345 5166 2651 5236 adjunctam
2712 5175 2838 5220 tunc
2893 5160 3149 5232 temporis
3198 5161 3509 5217 monasticze
3542 5159 3665 5213 vita:

2082 5258 2473 5330 profes~ionetu
2542 5256 2796 5323 habebat)
2849 5253 3068 5320 ascitus,
3133 5253 3334 5323 majora
3406 5250 3664 5315 deinceps

2085 5353 2414 5427 Aquileiensi
2457 5353 2710 5411 Ecclesia:
2753 5351 2955 5414 ofﬁcia,
3006 5365 3103 5419 pro
3149 5349 3236 5401 illa
3268 5360 3369 5416 qua
3398 5351 3515 5400 erat
3545 5343 3666 5397 vitae

2084 5448 2409 5516 innocentia,
2439 5455 2491 5503 et
2514 5444 2709 5513 ingenii
2739 5445 2874 5509 acie,
2904 5448 3183 5512 praetaret
3218 5437 3268 5491 ι’.

2093 5552 2096 5557 ‘
2156 5542 2245 5597 15.
2287 5540 2622 5609 Quanquam,
2654 5551 2774 5590 cum
2822 5535 2946 5590 illttd
2992 5530 3376 5589 animadverto.
3422 5526 3664 5586 Paulum,

2085 5633 2198 5688 sive
2222 5629 2500 5686 Paulinum
2525 5628 2617 5697 (de
2642 5642 2748 5697 quo
2775 5627 2919 5694 plura
2945 5622 3200 5693 Ugltellus
3223 5620 3274 5674 in
3298 5618 3455 5671 Italia
3480 5612 3665 5685 Sacra)

2154 5765 2182 5805 δ
2228 5763 2357 5826 Vide
2386 5761 2573 5832 Ruin.,
2616 5761 2668 5815 in
2695 5758 2844 5837 prmi.
2887 5758 2984 5834 0p.
3017 5759 3074 5814 S.
3108 5757 3264 5828 Greg.
3293 5752 3520 5819 Tur.,tt.
3548 5746 3640 5811 35.
