3990 6188
371 376 446 432 ις
1519 382 1679 440 VITA
1721 384 1902 442 VENA
1912 384 2047 443 NT“
2092 386 2509 445 FORTUNATI.
3584 387 3655 445 26

378 493 741 564 Aquileiensis
787 492 1044 548 Ecclesia:
1100 492 1284 551 sedem
1314 508 1419 547 non
1468 504 1595 550 ante
1626 507 1810 552 tenere
1839 511 1955 551 εαξ-
1992 505 2034 556 A
2064 498 2217 564 alius,
2251 511 2396 556 certe
2410 497 2794 564 Theodericus,
2829 499 3069 564 quamvis
3092 500 3355 556 interdum
3387 516 3552 557 stem:
3585 517 3651 558 ac

379 590 521 657 p‘sse
549 602 711 656 quam
765 601 909 640 anno
935 585 1066 652 553,
1100 589 1183 640 vel
1233 584 1361 650 559,
1417 587 1571 642 tacite
1600 588 1858 653 adducor,
1909 597 1966 641 ut
2070 590 2379 655 vehemens,
2408 603 2528 643 cum
2556 590 2726 643 doctis
2756 590 3057 645 hominibus
3080 590 3225 656 lavit,
3246 600 3352 646 tum
3372 591 3484 659 ipse
3509 593 3652 647 litte-

376 682 620 745 credatn,
651 679 1001 734 Fortunatum
1032 694 1136 734 non
1170 691 1275 733 tam
1301 682 1585 735 immatura
1614 688 1772 734 aetate
1801 679 1966 749 Aqui-
2070 694 2246 732 rarum
2266 682 2688 735 studiosissimus
2712 682 2826 735 luit.
2857 682 2923 737 Ut
2946 684 3088 737 enim
3116 684 3160 737 is
3182 684 3249 738 de
3264 698 3324 738 se
3350 684 3649 752 proﬁtetur,

381 772 503 825 leiai
554 780 944 825 commoratum
1005 769 1171 826 fuisse
1240 771 1288 825 ⁸.
1344 772 1476 825 Nam
1533 772 1580 826 si
1635 772 1748 839 ipse
1807 781 1965 824 natus
2067 770 2309 824 scribens
2359 770 2424 823 ad
2480 771 2852 825 Cassiodorum
2886 789 2899 825 :
2934 770 3127 826 Gratus
3167 784 3241 827 est
3292 774 3434 828 nobis
3473 790 3648 829 eorum

378 861 618 916 creditur
656 861 800 916 circa
859 875 1057 914 annum
1104 859 1231 925 530,
1259 859 1479 931 jamque
1530 875 1697 915 senex
1728 859 1962 914 Pictavis

378 953 531 1015 ob‘il,
560 952 761 1007 saeculo
792 953 1024 1020 septimo
1049 951 1216 1006 ferme
1270 953 1507 1015 ineunte,
1560 951 1606 1005 is
1647 950 1960 1021 vigesimum

377 1052 649 1106 octavum,
688 1053 781 1097 aut
809 1043 1290 1112 undetrigcsimum
1339 1059 1535 1097 annum
1566 1045 1781 1112 agebat,
1815 1056 1960 1105 ctuti,

374 1136 478 1190 sub
520 1136 747 1190 Paulino
789 1136 1059 1203 pontilice,
1094 1135 1354 1205 Aquileiae
1382 1135 1656 1190 habitabat
1681 1132 1710 1171 δ
1756 1174 1770 1188 .
1803 1132 1960 1200 Quod

371 1229 418 1283 si
448 1227 590 1282 idem
637 1235 841 1291 narrat,
894 1226 1033 1295 quod
1088 1228 1340 1293 primitivis
1363 1230 1428 1280 ab
1456 1227 1604 1281 annis
1632 1241 1691 1280 se
1720 1225 1958 1279 invitarit

372 1315 576 1370 Paulus
623 1325 686 1370 ut
733 1325 1163 1379 converteretur,
1222 1324 1315 1370 aut
1372 1315 1425 1369 id
1478 1326 1631 1383 poeta
1677 1315 1962 1383 scripsisse

371 1407 634 1462 dicendus
661 1416 744 1462 est
773 1422 839 1461 eo
867 1417 1107 1474 Spectato
1140 1418 1381 1476 tempore
1407 1409 1650 1476 quoillos
1680 1407 1747 1461 de
1782 1404 1960 1460 sancti

371 1498 582 1552 Martini
606 1497 725 1551 Vita
757 1497 924 1553 libros
952 1499 1350 1564 conscribebat,
1384 1508 1510 1553 ante
1536 1515 1735 1552 annum
1770 1497 1960 1551 videli-

370 1600 459 1646 cet
480 1590 587 1646 576
627 1600 675 1656 θ,
715 1602 809 1644 aut
836 1605 964 1644 vero
1000 1591 1212 1656 l'aulus,
1260 1601 1546 1659 antequam
1599 1590 1958 1659 Aquileiensis

370 1683 605 1752 pontifex
631 1693 772 1738 esset
800 1690 1035 1747 creatus,
1062 1698 1183 1737 cum
1214 1682 1359 1738 idem
1390 1692 1567 1737 tamen
1608 1682 1745 1737 forte
1776 1682 1960 1737 Eccle-

364 1772 464 1827 sia
480 1774 627 1828 illius
652 1773 906 1838 clericus,
930 1784 1019 1828 aut
1040 1774 1334 1828 monachus
1355 1783 1520 1839 esset,
1544 1773 1607 1826 ad
1627 1788 1807 1841 parem
1833 1774 1959 1828 vita:

2064 875 2261 930 semper
2282 871 2537 929 aspectus,
2594 862 2682 928 qui
2703 862 2889 914 nostris
2945 864 3153 926 animis,
3211 864 3448 935 gloriosis
3491 866 3651 919 actio.

2066 951 2231 1012 nibus,
2262 951 2579 1014 insederunt,
2610 952 2850 1017 quoniam
2906 961 3205 1021 perpetuum
3236 952 3459 1006 obsidem
3485 954 3642 1007 dede-

2065 1051 2185 1093 runt
2209 1043 2399 1094 amoris
2424 1042 2523 1105 sui,
2559 1043 2644 1108 qni
2693 1042 2833 1109 apud
2883 1059 2975 1095 nos
3025 1044 3222 1107 probati
3273 1052 3396 1096 sunt
3442 1048 3647 1099 studere

2065 1138 2241 1190 uirtuti
2283 1135 2475 1209 (Epist.
2526 1137 2618 1203 28,
2647 1139 2686 1192 Ι.
2713 1138 2817 1209 ιιι).
2875 1140 3124 1207 Ejusdem
3176 1156 3299 1195 vero
3331 1143 3381 1194 in
3410 1142 3649 1197 colendis

2066 1228 2362 1284 litterarum
2396 1230 2585 1284 Studiis
2636 1231 2965 1299 diligentiam
2997 1242 3049 1285 et
3077 1232 3446 1286 assiduitatem
3476 1234 3647 1287 Atha-

2065 1317 2283 1383 laricus,
2313 1321 2401 1388 qui
2431 1318 2577 1373 illum
2608 1321 2660 1374 in
2693 1336 2859 1389 regno
2898 1322 3130 1387 excepit,
3174 1322 3531 1384 commendat,
3565 1323 3648 1376 his

2065 1409 2247 1463 verbis
2297 1411 2542 1465 scribens
2593 1412 2658 1465 ad
2716 1413 2964 1466 eumdem
3017 1411 3394 1468 Cassiodorum
3447 1430 3460 1465 :
3520 1412 3644 1467 Cum

2062 1510 2192 1555 esset
2238 1503 2440 1570 publica
2490 1519 2613 1557 cura
2654 1514 2925 1572 vacuatus,
2977 1505 3251 1558 sententias
3282 1505 3586 1572 prudentum
3612 1521 3645 1558 ιι

2062 1593 2165 1647 tuis
2216 1593 2406 1662 fabulis
2451 1596 2703 1665 exigebat,
2754 1606 2809 1649 ut
2859 1598 3010 1666 factis
3059 1598 3279 1664 prapriis
3330 1613 3384 1650 se
3420 1606 3643 1666 a’quaret

2060 1684 2302 1753 antiquis.
2335 1685 2619 1741 Stellarum
2643 1703 2845 1752 cursus,
2868 1689 3024 1741 muris
3044 1691 3209 1753 sinus,
3239 1688 3459 1755 fontium
3486 1688 3643 1739 mira-

2061 1774 2201 1840 cula,
2254 1778 2468 1828 rimatur
2511 1778 2862 1841 acutissimus,
2914 1776 3217 1847 inquirebat,
3245 1785 3321 1843 ut,
3348 1793 3521 1833 rerum
3550 1793 3644 1831 na-

365 1869 630 1923 rationem
652 1869 1080 1938 amplectendam
1105 1868 1474 1931 Fortunatam,
1497 1866 1672 1920 adhuc
1700 1880 1946 1934 puerum,
1982 1858 2029 1917 B
2059 1867 2187 1919 turis
2257 1867 2553 1938 diligentius
2626 1870 2976 1940 perscrutatis,
3031 1870 3241 1940 quidam
3321 1880 3641 1943 purpuratus

364 1962 452 2017 vel
472 1961 894 2028 adolescentem,
927 1962 1182 2018 dicendus
1208 1962 1483 2019 invitasse.

443 2051 533 2107 l6.
566 2052 751 2121 Neque
780 2061 960 2107 tamen
991 2052 1046 2107 in
1075 2066 1141 2107 eo
1169 2066 1484 2123 repugnem,
1527 2050 1784 2118 Aquileia!
1817 2048 1953 2103 For-

366 2156 611 2201 innatum
643 2146 696 2201 in
728 2147 927 2215 pietate
954 2155 1007 2201 et
1035 2160 1220 2201 earum
1252 2159 1429 2199 rerum
1474 2144 1696 2199 scientia
1733 2159 1851 2212 qua:
1884 2140 1949 2195 ad

363 2236 652 2291 colendam
689 2236 1006 2304 religionem
1058 2237 1325 2306 pertinent
1383 2235 1647 2304 proﬁcere
1692 2231 1948 2302 potuisse,

362 2341 437 2382 ac
461 2327 673 2383 Paulini
702 2343 863 2394 opera
890 2327 960 2382 ad
988 2342 1106 2383 eam
1137 2342 1247 2382 rem
1291 2342 1444 2381 usum
1488 2325 1716 2381 fortasse
1760 2324 1943 2380 fuisse.

362 2419 525 2484 Quod
559 2434 683 2474 vero
722 2418 837 2487 ejus
885 2420 960 2473 rei
1012 2417 1261 2473 indicium
1309 2418 1439 2472 illml
1494 2416 1695 2486 profert
1735 2416 1945 2470 clariss.

364 2510 563 2576 Lirnti,
614 2512 754 2578 quod
808 2510 1081 2580 Expositio
1132 2509 1395 2581 Symboli,
1454 2524 1610 2579 quam
1638 2507 1808 2561 edidit
1834 2508 1949 2575 ipse

365 2604 716 2669 Fortunatus,
749 2604 909 2673 plane
938 2606 1224 2659 sententiis
1250 2614 1506 2673 congruat
1534 2619 1651 2656 cum
1679 2601 1764 2655 illa
1790 2614 1947 2671 quam

361 2697 616 2763 Ruﬁnus,
672 2697 1034 2765 Aquileiensis
1064 2695 1322 2751 Ecclesia:
1363 2696 1644 2765 presbyter
1671 2710 1732 2750 ac
1761 2708 1948 2748 mona-

356 2790 517 2854 chus,
549 2799 675 2844 ante
705 2789 971 2853 ediderat,
999 2790 1048 2841 id
1077 2789 1206 2841 mihi
1228 2789 1507 2842 declarare
1532 2788 1743 2842 videtur
1772 2787 1947 2855 potius

357 2886 447 2953 {ut
467 2882 643 2936 dieam
676 2897 778 2936 suo
801 2881 943 2949 loco)
976 2881 1346 2945 Fortunatutn,
1380 2896 1499 2933 cum
1531 2880 1647 2949 ejus
1676 2880 1728 2933 in
1759 2891 1947 2931 manus

355 2975 453 3029 illa
500 2974 676 3028 ltuliui
726 2973 1001 3042 Expositio
1044 2972 1281 3042 Symboli
1312 2971 1570 3036 venisset,
1607 2969 1846 3024 eamdem
1877 2970 1943 3022 ad

358 3064 622 3120 Ecclesia:
654 3062 1005 3117 Pictavicnsis
1036 3062 1243 3129 plebem
1267 3062 1614 3116 erudiendum
1643 3075 1944 3115 accommo-

355 3159 521 3213 dasse
545 3170 704 3226 quam
737 3164 795 3208 ut
817 3154 940 3207 inde
963 3154 1136 3208 evinci
1184 3154 1349 3221 possit
1390 3163 1645 3221 utrosque
1673 3151 1860 3204 eadem
1891 3151 1941 3203 in

360 3249 603 3303 Ecclesia
665 3246 840 3315 prima
904 3244 1221 3299 Christiana:
1291 3245 1564 3313 religionis
1641 3242 1941 3297 rudimenta

357 3340 651 3410 accepisse.
717 3337 1024 3393 Praesertim
1069 3351 1189 3390 cum
1249 3334 1559 3406 Symbolum
1603 3334 1945 3404 Aquileiense

358 3432 457 3502 (uti
506 3433 660 3485 testis
695 3438 780 3484 est
832 3428 1077 3491 Ruﬁnus,
1140 3427 1230 3480 lib.
1258 3442 1294 3491 t,
1350 3427 1546 3480 lnvect.
1599 3428 1649 3479 in
1698 3433 1943 3479 sanctum

356 3520 769 3592 Hieronymum)
823 3534 888 3574 ex
923 3517 1175 3572 Etclesia:
1225 3517 1367 3571 illius
1419 3517 1704 3572 traditione
1733 3525 1788 3571 et
1813 3532 1945 3570 cou-

352 3614 646 3668 suetudine
695 3612 937 3676 haberet,
961 3620 1008 3663 et
1060 3610 1228 3663 carnis
1288 3609 1446 3676 hujus
1495 3609 1938 3677 resurrectionem,

355 3706 511 3772 cujus
538 3702 688 3756 verbi
718 3701 970 3757 indicium
1003 3701 1204 3755 nullum
1237 3699 1288 3754 in
1317 3697 1578 3771 Symbolo
1604 3698 1744 3768 quod
1773 3713 1943 3767 expo-

356 3798 437 3851 nit
466 3795 814 3851 Fortunatus.

434 3890 519 3942 l'l.
560 3888 610 3943 ls
639 3888 819 3956 itaque
844 3886 927 3955 (ut
954 3899 1022 3940 eo
1049 3884 1189 3939 unde
1232 3882 1545 3939 deﬁeximus
1585 3881 1942 3953 reVertamur)

361 3981 514 4035 Pauli
543 3982 801 4035 voluntati
826 3995 890 4034 ac
918 3984 1057 4033 votis
1088 3980 1306 4033 minime
1326 3979 1590 4047 acquievit
1615 3978 1684 4031 ob
1714 3993 1854 4045 eam,
1887 3988 1945 4032 ut

355 4072 498 4140 dxi,
558 4087 768 4127 causam
827 4072 1209 4136 verisimiliter,
1260 4071 1402 4139 quod
1481 4072 1595 4140 ipse
1649 4071 1791 4123 aliud
1843 4070 1942 4125 sibi

353 4166 689 4221 domicilium
748 4180 811 4219 ac
862 4166 1071 4230 sedem,
1123 4166 1173 4219 in
1225 4180 1329 4232 qua
1387 4164 1685 4218 litterarum
1752 4163 1944 4218 studiis

356 4260 586 4315 liberius
631 4269 686 4313 et
730 4259 1085 4327 Opportunius
1153 4273 1346 4314 vacare
1404 4264 1603 4327 posset.
1661 4255 1940 4323 cogitaret.

354 4354 487 4407 Erat
514 4361 717 4414 autem,
748 4366 809 4403 ea
849 4359 1025 4410 aetate.
1057 4349 1332 4418 aptissima
1378 4349 1515 4403 inter
1544 4358 1765 4403 caeteras
1795 4345 1941 4399 illam

350 4443 423 4497 ad
455 4459 569 4497 rem
618 4442 899 4505 Ravenna,
942 4442 1290 4497 celeberrima
1339 4442 1551 4506 civitas,
1593 4441 1643 4493 in
1671 4455 1771 4510 qua
1805 4438 1940 4508 jam-

2057 1958 2313 2013 videretur
2341 1977 2448 2015 esse
2473 1962 2833 2032 philosophus.
2878 1961 3134 2029 Quocirca
3172 1963 3391 2019 minime
3438 1963 3639 2018 miran-

2057 2050 2183 2103 dum
2235 2062 2322 2109 est
2369 2053 2472 2107 sub
2529 2054 2726 2108 talibus
2797 2056 3010 2124 regibus
3069 2056 3414 2110 scientiarum
3463 2057 3637 2110 studia

2056 2141 2325 2199 Ravenna:
2384 2147 2437 2200 in
2493 2147 2679 2215 primis
2734 2147 3001 2214 ﬂoruisse,
3068 2164 3238 2216 eaque
3305 2146 3526 2216 publicis
3579 2148 3633 2201 in

2054 2237 2346 2304 gymnasiis
2369 2237 2626 2305 praeclare
2677 2239 2990 2303 constituta,
3020 2239 3101 2293 vel
3126 2240 3189 2293 ad
3225 2239 3472 2293 citeriora
3499 2249 3635 2291 tem-

2057 2341 2181 2392 pora
2208 2328 2485 2394 pervenire
2513 2328 2772 2396 potuisse,
2794 2330 2859 2382 ad
2883 2344 3001 2398 qua:
3025 2329 3343 2383 addisccnda
3366 2329 3631 2395 homines,

2055 2416 2349 2472 l-ttrrarntn
2379 2418 2579 2488 cupidi,
2620 2419 2853 2489 undique
2876 2425 3243 2476 convenirent.

2128 2507 2213 2564 18.
2254 2508 2365 2563 llnc
2394 2510 2573 2578 itaque
2593 2526 2653 2565 se
2678 2511 3001 2565 Fortunatus
3032 2513 3278 2577 contulit,
3329 2509 3633 2580 ibidemque

2055 2600 2235 2653 tandiu
2264 2612 2628 2656 commoratus
2649 2612 2748 2667 est,
2777 2603 2951 2672 quoad
2985 2602 3203 2657 uberem
3238 2610 3633 2669 pretiosamque

2051 2691 2350 2746 liberalium
2379 2695 2571 2748 artium
2621 2694 3005 2764 supellectilem
3056 2696 3178 2749 inde
3208 2702 3531 2764 esportaret.
3566 2695 3634 2750 Ut

2052 2786 2193 2839 cnim
2226 2786 2293 2839 de
2319 2787 2434 2855 ipso
2480 2788 2667 2841 scribit
2718 2788 2908 2841 Paulus
2943 2788 3109 2852 Diac:,
3171 2787 3258 2844 lib.
3293 2805 3352 2854 ll,
3383 2804 3503 2857 cap.
3539 2789 3624 2849 l5.

2051 2876 2187 2931 llist.
2221 2876 2385 2945 Long.
2414 2894 2429 2930 :
2463 2878 2736 2946 Ravennw,
2789 2879 2979 2948 inquit,
3024 2881 3247 2933 nutritus
3273 2889 3319 2932 et
3367 2881 3547 2934 doctus
3577 2882 3632 2933 in

2049 2979 2157 3020 arte
2209 2973 2563 3037 grammatica,
2610 2970 2710 3021 sive
2742 2969 3014 3035 rhetorica,
3071 2987 3160 3024 seu
3200 2973 3351 3023 etiam
3399 2973 3629 3035 metrica,

2048 3062 2361 3116 durissimus
2401 3062 2616 3117 exstitit.
2670 3062 2787 3132 ipse
2815 3064 2998 3128 etiam,
3046 3064 3437 3118 modestissime
3479 3064 3545 3118 de
3571 3080 3631 3119 se

2051 3154 2297 3221 loquens,
2324 3154 2519 3221 quibus
2544 3154 2749 3208 artibus
2772 3155 2825 3208 in
2859 3153 3047 3223 primis
3092 3156 3362 3209 Ravenna:
3409 3156 3631 3209 studue-

2052 3245 2139 3309 rit,
2173 3253 2351 3297 narrat
2380 3243 2470 3297 lib.
2505 3258 2540 3296 ι.
2575 3242 2643 3297 de
2673 3242 2789 3297 Vita
2829 3243 2995 3297 sancti
3032 3244 3238 3297 Martini
3288 3243 3368 3296 Itis
3408 3242 3627 3297 verbis:

2142 3337 2230 3385 Ast
2252 3347 2347 3394 ego
2370 3347 2545 3384 sensus
2570 3335 2727 3395 iunps,
2756 3333 2888 3396 Italae
2910 3340 3054 3396 quota
3084 3336 3241 3395 portio
3264 3333 3476 3394 linguae?

2144 3398 2284 3446 lia-ce
2311 3397 2490 3458 gravis,
2516 3408 2748 3445 sermone
2774 3395 3131 3454 levis,'ratione
3167 3398 3470 3456 pigrescens,

2146 3459 2311 3507 Melite
2339 3460 2515 3518 hebes,
2544 3466 2649 3506 arte
2671 3469 2861 3512 carens,
2884 3469 2971 3505 usu
2997 3458 3149 3513 rudis,
3171 3470 3258 3505 ore
3280 3469 3370 3505 nec
3395 3468 3596 3517 expers,

2145 3519 2297 3568 Parva
2322 3521 2651 3580 grammaticae
2678 3519 2899 3566 lambens
2918 3519 3197 3567 reﬁuamina
3222 3527 3393 3580 guttze,

2142 3581 2417 3629 Rhetorica:
2444 3585 2680 3640 exiguum
2707 3580 2965 3640 praelibans
2988 3581 3199 3641 gurgitis
3224 3579 3346 3628 haus
3369 3591 3471 3641 um,

2140 3642 2261 3693 Coto
2285 3656 2349 3691 ex
2373 3642 2596 3703 juridica,
2618 3643 2694 3690 cui
2724 3644 2797 3689 vix
2826 3642 3000 3702 rubigo
3018 3644 3243 3700 recessit,

2141 3705 2259 3761 Quae
2286 3708 2417 3765 prius
2438 3704 2667 3763 addidici,
2698 3703 2974 3761 dedisceus,
3001 3711 3052 3751 et
3074 3704 3153 3751 cui
3179 3708 3362 3752 tantum

2139 3764 2338 3814 Artibus
2363 3781 2423 3813 ex
2445 3765 2541 3813 illis
2565 3764 2685 3813 odor
2710 3772 2783 3812 est
2806 3767 2852 3810 in
2890 3765 3088 3812 naribus
3114 3765 3219 3813 istis
3247 3776 3258 3810 :

2144 3827 2251 3876 Non
2279 3835 2523 3888 prietexta
2543 3827 2662 3875 mihi
2688 3826 2852 3874 rutilat
2877 3834 3006 3884 toga,
3031 3825 3240 3888 peunula
3268 3823 3423 3888 nulla;

2142 3888 2244 3937 Jam
2271 3884 2380 3938 mea
2408 3888 2532 3937 nuda
2555 3888 2708 3938 tantes
2732 3895 2962 3949 superest
2986 3884 3048 3935 de
3075 3899 3292 3948 paupere
3316 3884 3503 3946 lingua.

2120 3992 2204 4045 19.
2251 3991 2383 4045 llinc
2409 3991 2656 4058 opinatur
2688 3991 2991 4055 Brovverus,
3027 4004 3076 4043 c.
3111 3989 3145 4042 2
3178 3989 3308 4043 Viue
3356 3989 3527 4053 Fort.,
3556 3998 3628 4041 ita

2048 4083 2192 4135 illuni
2230 4083 2403 4134 leviter
2428 4081 2610 4133 litteris
2653 4080 2901 4131 imbutum
2947 4079 3126 4143 fuisse,
3177 4087 3232 4129 ut
3259 4092 3417 4144 neque
3460 4086 3629 4144 togam

2045 4182 2364 4238 pra'textam,
2422 4169 2622 4239 publica
2673 4168 2800 4237 gesti
2875 4168 3094 4218 muneris
3144 4165 3361 4235 insigne,
3408 4180 3628 4234 unquam

2047 4265 2260 4330 adeptus
2285 4262 2371 4327 sit,
2400 4275 2561 4330 neque
2588 4259 2864 4327 pennatam
2894 4256 3109 4310 docendi
3152 4271 3307 4310 causa
3328 4256 3622 4323 sumpserit.

2051 4356 2113 4408 At
2147 4355 2314 4408 multo
2364 4352 2705 4408 verisimilius
2752 4362 2834 4405 est
2879 4350 3250 4410 Fortunatum,
3303 4362 3411 4415 pra:
3460 4347 3626 4401 animi

2045 4445 2307 4500 modestia
2335 4459 2398 4499 ac
2427 4444 2715 4513 propositas
2741 4444 2865 4497 vita:
2897 4443 3162 4506 instituto,
3208 4441 3347 4493 ultro
3387 4438 3456 4491 ab
3497 4437 3625 4501 illis,

351 4534 568 4605 pridem
599 4535 893 4599 llonorins,
922 4532 1226 4587 Occidentis
1272 4536 1485 4600 imper.,
1533 4530 1733 4599 regiam
1759 4529 1939 4583 sedem
1971 4558 2020 4620 ο
2045 4538 2090 4592 si
2121 4537 2208 4607 qui
2230 4545 2401 4601 erant,
2443 4534 2733 4590 honoribus
2774 4534 3118 4597 abstinuisse,
3145 4547 3303 4601 quam
3352 4531 3623 4584 hominem

348 4626 731 4692 constituerat,
767 4635 902 4689 tum,
934 4623 1191 4679 Romanis
1224 4624 1394 4690 victis,
1439 4638 1500 4677 ac
1530 4623 1695 4690 pulsis
1723 4623 1937 4689 imper.,

349 4720 603 4775 Udoacer
631 4731 723 4771 rex
755 4716 1069 4780 Gnthorum,
1097 4731 1161 4770 ac
1190 4731 1398 4781 rursus,
1431 4713 1532 4768 hoc
1557 4714 1730 4793 pulso,
1760 4712 1939 4768 Theo-

349 4813 600 4875 dericus,
625 4809 924 4865 Gothorum
949 4823 1051 4862 una
1082 4818 1137 4863 et
1169 4808 1397 4861 Roman.
1433 4822 1547 4871 rex,
1581 4818 1633 4860 et
1663 4805 1751 4858 alii
1783 4803 1941 4858 dein-

348 4920 511 4975 ceps,
559 4918 655 4958 sua
698 4902 971 4958 domicilia
1026 4902 1345 4956 habuerunt.
1391 4900 1575 4955 Solent
1624 4912 1751 4951 vero
1783 4898 1943 4966 regite

349 4997 605 5051 civitates
650 5008 770 5049 cum
810 5004 1124 5047 rmterarum
1181 5006 1358 5045 rerum
1406 4990 1719 5059 opportunis
1769 4981 1943 5053 copiis

349 5087 655 5152 abundare,
684 5096 793 5139 tum
824 5087 937 5139 lere
959 5085 1038 5139 vel
1071 5084 1427 5139 litteratorum
1457 5082 1729 5136 hominum
1757 5095 1944 5134 nume-

349 5197 415 5234 ro
439 5193 507 5232 ac
527 5178 873 5233 scientiarum
931 5176 1137 5229 cultura
1181 5173 1390 5229 exteris
1435 5172 1780 5236 anteeellere,
1810 5185 1943 5240 quos

350 5271 613 5325 nimirum
645 5283 834 5337 regum
883 5265 1191 5329 liberalitas,
1219 5276 1268 5319 et
1303 5264 1566 5318 honorum
1613 5262 1859 5328 ambitio,
1892 5269 1947 5315 et

350 5360 644 5418 commoda
674 5360 776 5414 alia
806 5374 872 5415 ex
899 5358 1150 5413 omnibus
1178 5356 1290 5411 fere
1319 5356 1479 5412 terris
1503 5369 1781 5411 accersere
1808 5368 1942 5409 con-

350 5459 676 5517 sueverant,
721 5452 1019 5519 prm~ertim
1052 5464 1178 5501 vero
1206 5448 1251 5503 si
1280 5447 1327 5502 is
1356 5446 1446 5516 qui
1470 5460 1649 5501 rerum
1680 5459 1942 5501 summam

354 5554 513 5599 tenet
541 5558 649 5598 non
680 5543 888 5597 ahenus
916 5557 944 5596 a
977 5541 1169 5595 litteris
1211 5541 1471 5595 videatur.
1506 5538 1572 5593 At
1604 5537 1649 5592 si
1680 5537 1944 5607 quispiam

430 5712 461 5740 ⁸
503 5701 643 5769 Lege
691 5699 931 5767 Pagium,
981 5697 1046 5752 ad
1086 5716 1172 5751 an.
1205 5699 1330 5759 559.
1361 5715 1391 5751 n
1445 5698 1501 5759 9.
1536 5706 1592 5751 et
1623 5697 1844 5765 Ἀκταίη
1877 5697 1943 5753 ad

351 5772 666 5899 anéfsﬁtlet
694 5770 830 5835 570;
867 5770 1085 5824 Paulum
1112 5769 1154 5823 D
1177 5786 1283 5835 ac.,
1312 5772 1346 5823 Ι.
1383 5785 1440 5835 ιι,
1474 5769 1542 5825 de
1577 5768 1709 5823 Bell.
1746 5770 1897 5840 Long
1929 5811 1942 5833 ,

350 5859 405 5901 c.
517 5880 532 5897 .

2049 4645 2152 4683 non
2183 4628 2385 4698 vulgari
2417 4625 2635 4695 ingenio
2683 4640 2782 4680 nec
2812 4624 3070 4681 mediocri
3099 4625 3340 4677 doctrina
3363 4630 3623 4689 prtcstan-

2045 4729 2149 4774 tem
2175 4719 2263 4773 illa
2296 4719 2557 4772 honorum
2585 4716 2835 4784 insignia,
2885 4730 3005 4785 quae
3037 4714 3304 4783 plerisque
3352 4711 3624 4780 patebant,

2047 4826 2144 4880 pro
2188 4810 2430 4865 scientiae
2482 4808 2739 4863 tenuitate
2769 4816 2824 4861 et
2866 4809 3163 4861 litterarum
3212 4804 3388 4873 intepia
3413 4802 3624 4874 assequi

2047 4916 2154 4956 non
2188 4900 2453 4968 potuisse.
2496 4900 2800 4954 Prtesertim
2829 4913 2958 4952 vero
2984 4913 3104 4951 cum
3158 4897 3371 4950 aliunde
3414 4903 3625 4949 cousnt
3715 4932 3721 4947 .

2052 4995 2301 5048 eumdem
2335 4992 2518 5046 laudes
2540 5006 2664 5046 suas
2693 4989 3016 5045 extenuandi
3058 5003 3272 5056 semper
3301 4985 3625 5041 studiosissi-

2046 5101 2192 5141 mum
2222 5085 2407 5151 l’uissc,
2439 5093 2499 5138 ut
2529 5093 2809 5152 propterea
2846 5082 3141 5135 mirandum
3172 5095 3276 5132 non
3309 5078 3378 5131 sit
3402 5076 3450 5130 id
3478 5074 3619 5144 quod

2045 5193 2143 5232 suo
2192 5178 2421 5247 quodam
2495 5176 2740 5231 instituto
2783 5186 2838 5230 et
2884 5175 3046 5229 animi
3095 5171 3354 5226 sententia
3400 5167 3624 5237 adipisci

2047 5267 2399 5337 neglexisset,
2430 5264 2496 5320 ad
2527 5265 2671 5320 illam
2694 5280 2812 5333 qua:
2834 5265 2902 5318 de
2932 5266 3046 5331 ipso
3069 5269 3185 5315 erat
3207 5257 3402 5328 ingenii
3425 5255 3623 5313 famam

2047 5369 2103 5415 et
2132 5359 2389 5416 doctrinas
2421 5356 2833 5412 imminuendam
2866 5352 3184 5408 traduxisse.

2117 5451 2207 5505 20.
2249 5451 2299 5506 Is
2363 5449 2526 5519 igitur
2584 5449 2852 5504 llavenrne
2912 5463 3033 5502 cum
3106 5446 3471 5518 grammatica.
3525 5446 3629 5500 sive

2048 5547 2334 5609 rhetorim',
2365 5546 2469 5599 sive
2496 5545 2716 5599 metrica?
2741 5542 2928 5598 sedulo
2960 5557 3177 5612 operam
3209 5541 3441 5609 uavavit,
3474 5540 3626 5610 cujus

2122 5697 2149 5735 δ
2190 5700 2407 5753 Auctor.
2439 5697 2574 5751 llist.
2611 5696 2800 5752 Litter.
2832 5698 3086 5753 Francor.

2125 5779 2147 5807 ο
2190 5767 2328 5836 Lege
2365 5783 2485 5837 qua:
2540 5769 2909 5825 adnotavimus
2954 5771 3018 5827 ad
3048 5770 3084 5826 Ι.
3136 5784 3211 5836 tv,
3269 5768 3403 5825 Vita:
3458 5765 3628 5825 sancti

2055 5839 2283 5905 Martini,
2317 5854 2433 5905 pag.
2473 5839 2599 5893 470.
