4060 6190
420 384 487 438 27
966 374 1482 431 l‘liOLEGOMENA
1522 360 1613 426 Al)
1657 367 1980 425 VENANTII
2023 362 2178 422 llON.
2220 365 2422 421 (ILENI.
2461 364 2855 421 FORTUNATI
2896 364 3149 420 Ol‘EliA.
3604 359 3671 415 ΞΕ

425 492 621 551 deinde
644 489 774 544 artis
803 504 904 558 ope
938 488 1084 555 plura
1116 487 1329 556 scripsit
1355 484 1629 554 praeclare,
1661 482 1775 537 sive
1802 480 1996 547 soluta,
2023 481 2072 541 Α
2103 478 2319 536 ﬂuvium
2351 482 2562 537 obviam
2594 479 2857 549 processit
2887 495 2901 533 :
2936 478 3102 550 Eique
3123 477 3368 530 Alboinus
3394 475 3497 544 (uti
3535 475 3672 529 cita-

423 587 541 643 sive
588 586 771 652 ligata,
823 582 1085 644 oratione,
1121 590 1229 635 tum
1251 595 1318 633 ne
1342 576 1480 647 juris
1507 575 1718 646 quidem
1758 575 1997 629 scientia:

427 690 628 748 expers
657 675 777 735 fuit.
812 676 1077 743 quamvis,
1103 686 1201 740 pro
1229 669 1482 737 singulari
1505 666 1781 722 modestia:
1799 666 1995 731 suum,

429 771 518 824 illa
547 782 607 823 se
645 767 885 833 attigisse
938 763 1122 818 leviter
1175 760 1540 815 tantummodo
1568 774 1632 814 ac
1676 759 1837 813 veluti
1867 758 1999 813 deli-

426 863 583 917 basse
613 860 857 913 fateatur.

494 952 587 1006 2|.
631 951 683 1003 In
715 947 862 1001 hisce
894 960 1021 1000 vero
1042 942 1233 999 studiis
1272 942 1460 997 habuit
1483 941 1804 997 Fortunatus
1835 939 2000 1009 (quod

427 1055 565 1111 pene
592 1046 710 1092 erat
738 1050 957 1091 necesse
985 1035 1038 1089 in
1071 1034 1163 1088 illo
1186 1034 1483 1088 litterarum
1521 1030 1810 1099 domicilio)
1843 1029 1999 1093 alios,

431 1145 633 1199 eosque
654 1128 876 1184 scicntia
907 1137 962 1183 et
991 1126 1202 1196 ingenio
1230 1126 1445 1190 claros,
1497 1123 1694 1187 socios,
1734 1135 1865 1191 quos
1891 1121 2004 1187 ipse

432 1223 714 1277 universos
761 1219 994 1274 invitatis
1054 1218 1120 1270 ad
1178 1218 1348 1272 sancti
1420 1215 1626 1271 Martini
1682 1214 2004 1268 Turonensis

430 1313 695 1385 pontiﬁcis
726 1312 909 1367 laudes
939 1310 1313 1376 celebrandas,
1341 1309 1421 1363 sic
1468 1323 1563 1378 per
1586 1306 1827 1362 libellum
1848 1320 2002 1359 suum

429 1406 619 1461 all'atur
648 1423 664 1459 :

522 1496 796 1558 Promptius
817 1493 1016 1554 affectu,
1043 1506 1230 1555 precor,
1256 1493 1370 1542 inde
1398 1492 1598 1554 require
1619 1487 1846 1558 sodales;

518 1559 571 1607 Si
597 1553 742 1607 sociis
763 1553 1011 1617 loqueris,
1028 1553 1211 1603 veniam
1242 1559 1424 1613 pietate
1449 1553 1675 1601 mereris.

522 1620 724 1680 Porrigo
742 1608 997 1680 materiam
1019 1619 1196 1678 quibus
1217 1608 1339 1680 hanc
1362 1627 1475 1673 ego,
1506 1621 1557 1661 ut
1580 1625 1669 1660 ore
1686 1608 1913 1672 rotundo,

526 1679 719 1730 Martini
739 1683 897 1740 gestis
914 1679 1137 1728 ﬂorentia
1161 1679 1367 1726 carmina
1393 1680 1624 1737 pangant,

528 1736 959 1803 Etclaro'ingenio
982 1747 1151 1789 texant
1175 1736 1448 1801 spargenda
1475 1748 1562 1797 per
1585 1736 1772 1784 orbem.

497 1824 590 1879 22.
633 1822 799 1880 Porro
817 1837 937 1878 cum
965 1823 1080 1891 ipse
1101 1821 1272 1875 adhuc
1292 1830 1435 1874 esset
1462 1804 1752 1881 Ravennae,
1776 1813 2009 1882 graviter
2039 1833 2086 1894 Β

431 1916 606 1972 oculis
634 1915 878 1971 laborare
907 1913 1090 1980 cmpit,
1136 1922 1191 1965 ut
1214 1912 1321 1980 jam
1370 1925 1554 1965 eorum
1589 1908 1766 1962 lumen
1803 1906 2002 1961 sensim

436 2021 600 2076 prope
627 2006 918 2061 amitteret.
955 2003 1084 2061 Erat
1112 2017 1174 2057 ea
1207 2006 1257 2056 in
1288 2002 1421 2056 urbe
1451 1999 1669 2054 basilica
1697 2010 2004 2053 sanctorum

435 2105 730 2169 martyrum
756 2095 978 2151 Joannis
1005 2104 1057 2150 et
1083 2094 1252 2157 Pauli.
1289 2093 1343 2146 in
1372 2093 1592 2162 ipsaque
1629 2090 1797 2144 altare
1829 2090 1880 2143 in
1903 2103 2006 2157 quo

436 2190 692 2245 memoria
723 2187 996 2243 colebatur
1015 2187 1185 2241 sancti
1212 2186 1444 2250 Μμτιὶηἰ,
1468 2184 1706 2252 episcopi
1731 2183 2010 2237 Turonen-

432 2285 528 2348 sis,
556 2292 667 2338 toto
692 2282 801 2351 jam
827 2280 959 2335 orbe
1009 2280 1148 2334 fama
1200 2276 1498 2333 sanctitatis
1544 2287 1597 2331 et
1651 2274 2008 2346 prodigiorum

441 2376 728 2447 splendore
757 2373 1103 2443 percelebris,
1136 2387 1198 2427 ac
1222 2373 1274 2426 in
1309 2370 1509 2438 pariete
1548 2372 1665 2437 ejus
1694 2369 1867 2438 imago
1896 2376 2013 2423 erat

437 2467 668 2537 depicta.
730 2465 876 2520 Hanc
903 2465 955 2519 in
988 2463 1259 2519 basilicam
1316 2478 1436 2516 cum
1472 2462 1515 2515 is
1567 2461 1812 2522 feSIiuus,
1854 2474 2012 2526 opem

437 2550 842 2631 imploraturds,
884 2557 1146 2624 venisset,
1187 2572 1249 2612 ac
1292 2558 1428 2611 forte
1477 2555 1720 2627 lychnus,
1759 2554 1825 2607 ad
1850 2553 2015 2607 altare

440 2652 645 2721 positus
673 2650 773 2705 sub
796 2652 1023 2720 quadam
1058 2649 1313 2715 fenestra,
1364 2648 1598 2714 arderet,
1629 2645 1735 2701 litis
1787 2661 1852 2699 ex
1895 2646 2017 2699 oleo

442 2742 619 2813 lychni
643 2743 838 2805 oculis,
867 2741 956 2796 illa
985 2740 1299 2810 aegritudine
1318 2737 1602 2794 confestim
1629 2745 1713 2791 est
1742 2736 2017 2791 liberatus.

439 2834 543 2889 Sed
575 2842 789 2903 praestat
819 2832 1171 2888 Fortunatam
1223 2830 1396 2898 ipsum
1448 2828 1651 2892 audire,
1677 2842 1791 2883 rem
1827 2837 2014 2893 totam,

440 2932 503 2982 ut
527 2932 676 2995 gesta
701 2931 804 2987 est,
835 2931 1199 2987 enarrantem,
1230 2936 1387 2990 supra
1422 2921 1586 2975 citato
1614 2919 1750 2975 libro
1779 2935 1851 2987 tv,
1887 2919 2018 2974 Vitae

443 3015 614 3071 sancti
643 3014 877 3083 Martini,
913 3014 1059 3068 hisce
1088 3013 1332 3067 versibus
1366 3030 1381 3066 :

535 3105 656 3156 Inde
678 3104 1005 3154 Ravennatem
1032 3103 1247 3165 placitam
1274 3111 1389 3164 pete
1409 3103 1599 3152 dulcius
1612 3102 1792 3165 urbem
1816 3114 1829 3149 :

536 3166 601 3228 Et
623 3173 739 3228 pete
760 3166 954 3215 Μετιιηί
978 3164 1205 3228 loculum,
1229 3178 1344 3228 quo,
1365 3166 1472 3228 iure
1489 3164 1678 3228 sacelli,

536 3226 643 3276 Jam
665 3226 979 3288 desperatum
998 3226 1160 3288 lumen
1186 3226 1305 3274 mihi
1330 3226 1538 3274 reddidit
1562 3232 1747 3288 aurtor,

538 3289 744 3338 Munera
758 3285 848 3349 'qui
874 3288 1060 3349 tribuit,
1080 3287 1276 3349 saltem,
1303 3298 1441 3347 rogo,
1469 3287 1617 3349 verba
1642 3285 1883 3347 repende,

542 3350 629 3399 Est
650 3350 730 3398 ubi
754 3345 965 3398 basilicae
983 3347 1172 3396 culmen
1199 3345 1333 3397 Pauli
1360 3345 1506 3409 atque
1529 3345 1745 3405 Joannis,

543 3410 637 3463 Hic
657 3412 816 3468 paries
836 3410 1020 3459 retinet
1037 3413 1184 3458 sancti
1208 3410 1299 3458 sub
1321 3411 1530 3469 imagine
1552 3409 1769 3470 fortnam,

542 3471 890 3532 Amplectenda
917 3472 1019 3532 ipso
1039 3470 1167 3519 dulci
1191 3473 1377 3532 pictura
1400 3469 1582 3532 colore.

548 3531 651 3580 Sub
671 3533 878 3590 pedibus
895 3531 1010 3590 justi
1036 3531 1201 3591 paries
1222 3532 1369 3579 habet
1389 3539 1496 3579 arte
1517 3531 1780 3579 fenestram
1800 3542 1815 3578 :

546 3594 770 3654 Lycbnus
787 3592 944 3654 adest,
966 3594 1104 3653 cujus
1127 3594 1280 3642 vitrea
1305 3598 1439 3640 natat
1458 3594 1583 3651 ignis
1604 3595 1661 3654 in
1676 3605 1817 3654 urna.

547 3652 658 3716 il‘uc
680 3667 774 3712 ego
793 3654 908 3702 dum
925 3652 1149 3716 propero,
1176 3654 1331 3716 valido
1353 3661 1614 3716 torquente
1635 3652 1822 3713 dolore,

546 3714 870 3778 Diffugiente,
897 3712 1126 3776 gemens,
1149 3714 1399 3778 oculorum
1424 3717 1532 3763 luce
1551 3712 1806 3778 fenestris;

548 3777 656 3838 Quo
679 3775 842 3838 procul
859 3775 918 3826 ut
938 3778 1079 3835 tetigt
1106 3776 1365 3838 benedicto
1389 3775 1553 3823 lumen
1569 3776 1717 3837 olivo,

550 3835 732 3901 lgneus
757 3838 840 3888 ille
861 3850 1005 3901 vapnr
1029 3838 1264 3901 marcenti
1286 3835 1447 3901 fronte
1467 3839 1698 3901 recessit,

549 3900 610 3948 Et
632 3913 851 3959 [ιι-ξηαπς
872 3896 1087 3950 medicos
1105 3899 1280 3947 blando
1302 3897 1439 3959 fugat
1456 3896 1912 3957 unguine'morbos.

526 3984 622 4041 25.
649 3984 759 4040 Una
783 3999 903 4039 cum
932 3982 1220 4038 Fortunato
1250 3982 1418 4047 Felix,
1444 3980 1684 4048 ejusdem
1721 3977 2030 4042 familiaris,

459 4086 517 4133 et.
544 4077 598 4133 iu
629 4076 823 4133 studiis
871 4077 1166 4132 litterarum
1199 4074 1400 4143 socius,
1431 4088 1552 4128 cum
1608 4082 1660 4127 et
1710 4073 1824 4141 ipse
1870 4069 2035 4125 simili

458 4168 773 4240 mgritudine
793 4168 1069 4224 oculorum
1089 4168 1382 4233 laboraret,
1415 4182 1482 4220 ex
1510 4166 1679 4220 sancti
1706 4162 1913 4231 Martini
1942 4176 2036 4228 pa-

461 4264 714 4330 trocinio,
741 4273 793 4318 et
822 4260 940 4330 ejus
969 4261 1071 4315 olei
1101 4261 1318 4325 virtute,
1353 4259 1610 4312 liberatus
1653 4266 1754 4311 est.
1795 4254 1859 4311 Ut
1888 4254 2033 4310 cui-n

462 4364 648 4411 narrat
687 4354 755 4408 de
808 4352 1049 4419 utrisque
1100 4351 1293 4404 Paulus
1351 4348 1525 4411 Diac.,
1574 4347 1669 4400 lib.
1708 4361 1768 4410 ll,
1795 4359 1912 4412 cap.
1948 4343 2033 4405 l3,

461 4446 663 4506 Histor.
695 4443 861 4509 Long.
892 4458 904 4493 :
937 4440 1032 4492 Hic
1062 4436 1426 4509 (Fortunatus)
1478 4452 1593 4489 eum
1633 4435 1898 4487 oculorum
1943 4435 2036 4484 do-

2101 578 2154 623 to
2184 569 2300 625 loco
2334 572 2496 625 refert
2521 570 2715 625 Paulus
2748 570 3058 638 Diaconos),
3088 578 3143 622 ut
3187 577 3296 621 erat
3326 566 3670 637 largissimus,

2099 675 2269 713 omnes
2292 658 2537 714 Ecclesia:
2556 676 2664 714 sua:
2689 661 2962 730 facultates
3006 658 3288 725 postulanti
3337 658 3606 719 concessit,
3630 666 3674 710 ct

2099 763 2189 818 per
2214 765 2363 802 suum
2406 752 2792 817 prammnticum
2841 748 3099 818 postulata
3151 747 3393 815 ﬁrmarit.
3447 745 3677 815 Hujusce

2104 838 2297 893 Felicis
2319 841 2640 895 mentionem
2658 840 2782 894 facit
2804 836 3126 895 Fortunatus
3150 838 3247 893 lib.
3272 852 3322 891 tv
3348 837 3484 897 Vita
3504 838 3677 893 sancti

2101 926 2331 991 Martini,
2350 924 2447 983 his
2475 928 2652 983 verbis
2681 945 2694 981 :

2227 1021 2329 1076 Qua
2354 1033 2463 1068 mea
2485 1021 2717 1070 'I‘arvisus
2738 1019 2942 1079 residet,
2963 1020 3004 1067 si
3024 1016 3236 1066 molliter
3260 1019 3433 1079 intras,

2228 1083 2471 1130 Illustrem
2495 1082 2677 1130 socium
2705 1080 2939 1137 Felicem,
2965 1092 3150 1142 quaeso,
3178 1080 3399 1139 require,

2227 1144 2313 1194 Cui
2334 1156 2522 1192 mecum
2547 1124 2721 1192 ιωᾟέιῖ
2736 1124 3218 1192 ii'iéiiinis‘ié'ddinit
3238 1124 3372 1189 ὀιίίὼ.
3386 1124 3399 1135 ’
3695 1124 3706 1245 ἰ

2227 1228 2245 1242 υ
2305 1224 2376 1245 Β...
2411 1222 2633 1245 μυξη---
2670 1234 2843 1245 ,--ι-...
2901 1222 3038 1245 ---Α-1
3088 1223 3460 1245 2-....Αι..---.ι--ι
3520 1222 3654 1245 In”..-

2108 1252 2111 1255 π
2176 1223 2271 1279 23.
2304 1224 2377 1278 Ex
2411 1222 2637 1293 hujusce
2667 1234 2870 1288 autem,
2897 1222 3039 1289 quod
3088 1223 3485 1290 impetraverat,
3520 1222 3683 1277 bene-

2107 1313 2212 1367 ficii
2240 1314 2605 1383 magnitudine
2630 1323 2685 1369 et
2709 1314 2875 1383 gratia
2921 1313 3246 1367 Fortunatus
3297 1310 3500 1381 majore
3525 1326 3683 1380 quam

2108 1416 2233 1459 ante
2264 1407 2462 1474 pietate
2489 1420 2553 1458 ac
2584 1403 2842 1475 religione
2873 1406 2924 1459 in
2948 1405 3166 1459 beatum
3208 1402 3487 1456 Martinam
3518 1403 3685 1471 coepit

2108 1494 2482 1558 exardescere,
2509 1511 2571 1551 ac
2597 1510 2753 1564 suum
2789 1496 2843 1548 iu
2871 1494 3101 1549 Galliam
3130 1494 3231 1548 iter
3273 1493 3538 1557 meditari,
3581 1508 3686 1560 quo

2109 1586 2277 1655 ipsius
2299 1587 2409 1641 divi
2442 1587 2653 1641 Martini
2684 1587 2985 1655 sepulcrum
3012 1585 3205 1651 adiret,
3236 1598 3298 1638 ac
3322 1598 3557 1650 pra'sens
3587 1597 3684 1640 ve-

2110 1691 2411 1743 neraretur,
2439 1689 2669 1747 votaque
2692 1679 3022 1734 exsolveret.
3056 1677 3125 1733 Ut
3152 1690 3293 1729 enim
3315 1676 3385 1730 de
3413 1674 3530 1744 ipso
3557 1690 3685 1729 nar-

2109 1782 2195 1827 rat
2224 1771 2439 1837 Paulus,
2464 1773 2582 1826 Ioco
2610 1772 2807 1840 sapius
2850 1772 3012 1825 citato
3042 1786 3056 1822 :
3108 1769 3222 1835 Qua
3247 1767 3309 1821 de
3346 1783 3501 1822 causa
3553 1765 3689 1820 For-

2113 1874 2323 1919 tunatus
2346 1866 2399 1918 in
2439 1874 2638 1918 tantum
2660 1864 2860 1918 beatum
2891 1860 3172 1916 Martinum
3195 1868 3460 1914 veneratus
3484 1867 3576 1924 est,
3609 1868 3688 1925 ut,

2108 1956 2288 2009 relicta
2318 1957 2507 2023 patria,
2532 1956 2692 2023 paulo
2735 1963 2853 2008 ante
2902 1967 3058 2022 quam
3107 1949 3431 2021 Langobardi
3477 1946 3688 2001 Italiam

2108 2045 2423 2113 invaderent,
2449 2045 2670 2101 Turonis
2707 2045 2776 2098 ad
2820 2043 3045 2114 ejusdem
3091 2041 3223 2095 beati
3268 2041 3367 2094 viri
3404 2039 3690 2110 sepulcrum

2110 2144 2425 2207 prepararet.
2462 2137 2714 2191 Eamdetu
2742 2148 2795 2192 et
2823 2138 2939 2207 ipse
2970 2136 3179 2191 itineris
3199 2134 3507 2189 suicausam
3529 2132 3690 2185 fuisse

2113 2227 2298 2294 refert,
2322 2227 2415 2282 lib.
2450 2243 2466 2283 ι
2499 2229 2566 2282 de
2600 2227 2717 2282 Vita
2746 2229 2913 2284 sancti
2962 2226 3196 2292 Martini,
3244 2224 3403 2295 paqu
3448 2222 3693 2292 pastini-

2116 2320 2269 2376 tiunt.
2294 2321 2501 2376 Interea
2532 2336 2661 2375 vero
2685 2332 2741 2375 et
2769 2322 2989 2376 bellicos
3030 2320 3309 2382 tumultus,
3341 2318 3432 2387 qui
3463 2316 3696 2386 undique

2109 2410 2244 2481 jam,
2277 2413 2489 2466 misera:
2519 2411 2684 2466 Italiae
2713 2426 2775 2466 ex
2811 2412 3160 2466 Barbarorum
3205 2409 3370 2462 armis
3414 2405 3695 2473 impende-

2116 2503 2270 2570 bant,
2298 2514 2389 2558 aut
2418 2505 2614 2573 quibus
2655 2503 2857 2558 dudum
2885 2501 3194 2565 vexabatur,
3227 2499 3427 2554 exitum
3460 2495 3690 2566 aliquem

2119 2596 2394 2652 habituros
2423 2609 2641 2664 sperare
2685 2594 2875 2663 potuit,
2921 2601 2997 2656 ut,
3048 2589 3253 2646 reddita
3293 2589 3491 2643 deinde
3540 2596 3691 2641 tran-

2117 2686 2402 2756 quillitate,
2452 2695 2506 2740 et
2557 2685 2759 2755 pacatis
2798 2684 2984 2750 rebus,
3032 2681 3100 2736 ad
3140 2679 3368 2750 patriam
3418 2678 3695 2747 regionem

2119 2786 2280 2847 atque
2300 2777 2365 2831 ad
2391 2793 2517 2833 suos
2549 2777 2882 2845 remigraret.

2189 2868 2282 2924 26.
2315 2869 2483 2935 Quem
2526 2882 2654 2923 vero
2696 2867 2762 2920 ad
2816 2878 3014 2919 annum
3068 2863 3392 2918 Fortunatus
3436 2859 3584 2913 Italia
3618 2859 3702 2913 di-

2118 2974 2337 3030 gressus
2364 2960 2455 3025 sit,
2502 2968 2559 3014 et
2607 2957 2877 3027 profectus
2925 2957 2977 3009 in
3038 2954 3288 3020 Galliam,
3354 2967 3461 3006 non
3489 2966 3588 3005 una
3618 2959 3703 3003 est

2121 3053 2358 3106 omnium
2389 3050 2676 3105 sententia.
2709 3050 2998 3103 Browerus
3032 3045 3281 3100 eumdem
3332 3058 3474 3096 anno
3500 3039 3606 3095 565
3645 3042 3699 3094 in

2040 3179 2092 3243 ο
2124 3146 2326 3201 Gallias
2349 3145 2656 3215 pervenisse
2679 3143 2931 3196 aliirmat.
2989 3139 3134 3193 Idem
3174 3137 3336 3192 sentit
3380 3134 3593 3204 Pagins,
3648 3135 3701 3186 in

2123 3238 2266 3293 notis
2288 3237 2352 3291 ad
2385 3237 2602 3299 Baron.,
2626 3234 2690 3288 ad
2724 3249 2812 3287 an.
2836 3230 2963 3286 564.
2994 3227 3154 3285 Certe
3178 3228 3224 3282 is
3259 3242 3364 3280 non
3396 3226 3563 3280 multo
3611 3237 3690 3276 au-

2123 3340 2337 3401 tequam
2360 3326 2700 3395 Langobardi
2734 3324 2933 3379 Italiam
2956 3320 3291 3383 invaderent,
3327 3316 3595 3388 profectus
3625 3323 3707 3369 est

2123 3424 2176 3478 iu
2204 3417 2424 3484 Gallias,
2470 3419 2543 3472 nti
2594 3418 2745 3472 testis
2773 3425 2857 3470 est
2903 3413 3097 3469 Paulus
3144 3413 3291 3467 Diae.
3349 3412 3468 3465 loco
3510 3407 3705 3477 saapins

2123 3514 2308 3567 citato.
2356 3514 2423 3566 At
2473 3507 2808 3577 Langobardi
2861 3506 2911 3559 in
2968 3504 3166 3557 Italiam
3199 3504 3459 3568 irrupere,
3502 3500 3566 3553 ad
3616 3514 3706 3553 an.

2126 3603 2253 3667 568,
2285 3601 2474 3656 eodem
2506 3601 2673 3654 Paulo
2729 3596 2876 3652 Diae.
2909 3602 3069 3661 teste,
3094 3592 3188 3648 lib.
3237 3607 3274 3647 II
3324 3590 3461 3646 llist.
3511 3591 3703 3659 Long.,

2127 3709 2245 3762 cap.
2278 3692 2368 3746 55.

2202 3783 2293 3837 27.
2326 3783 2451 3837 IIa-c
2482 3795 2610 3835 vero
2633 3788 2758 3833 sunt
2784 3792 2901 3845 quae
2933 3774 3169 3830 Broweri
3194 3782 3247 3829 et
3295 3771 3439 3842 Pagii
3491 3778 3710 3826 senten-

2133 3878 2261 3930 tiam
2283 3875 2609 3930 continuare
2637 3873 2904 3925 videntur.
2933 3869 3253 3924 Fortunatus
3277 3867 3473 3935 quippe
3510 3873 3622 3918 erat
3654 3867 3710 3918 in

2134 3967 2327 4031 Gallia,
2363 3980 2484 4020 cum
2515 3964 2838 4033 Sigibertus,
2872 3975 2965 4015 rex
2998 3957 3309 4019 Austrasim,
3365 3958 3544 4019 nupsit
3585 3954 3718 4008 [ιι-ιιι.

2138 4055 2395 4119 nichildi,
2430 4051 2791 4120 Athanagildi,
2843 4050 2984 4118 regis
3033 4045 3401 4103 Gutltorumin
3434 4044 3710 4112 IIiSpauia,

2137 4147 2283 4213 ﬁliae,
2330 4145 2528 4215 quippe
2553 4143 2642 4212 qui
2672 4142 2862 4197 iisdem
2905 4137 3101 4193 cecinit
3125 4134 3546 4205 epithalamium,
3575 4130 3715 4201 quod

2139 4241 2322 4309 legere
2348 4249 2434 4294 est
2473 4251 2592 4305 cap.
2626 4234 2686 4303 Ξ,
2714 4235 2807 4288 lib.
2844 4247 2921 4285 vt.
2950 4233 3019 4285 At
3042 4228 3338 4298 Sigibertus
3358 4224 3473 4279 iniit
3495 4222 3592 4277 has
3622 4238 3722 4275 uu-

2140 4334 2278 4401 ptias
2307 4344 2448 4383 anno
2478 4328 2664 4396 quinto
2695 4325 2839 4393 regni
2867 4322 2949 4376 sui
2970 4335 3088 4375 cum
3118 4333 3209 4373 au.
3238 4316 3337 4373 561
3366 4328 3589 4383 regnare
3611 4326 3723 4367 cte-

2145 4423 2330 4491 pisset,
2355 4418 2591 4474 Clotario
2622 4423 2797 4486 patre,
2829 4415 3016 4467 eodem
3050 4423 3215 4476 anno,
3247 4407 3351 4462 vita
3408 4404 3612 4466 functo,
3664 4411 3723 4455 ut

460 4536 626 4591 larem
647 4530 1139 4586 vehementissimam
1163 4537 1442 4596 pateretur,
1474 4534 1521 4578 et
1570 4525 1899 4577 nihilominus
1932 4521 2025 4576 Fe-

2148 4515 2298 4566 testis
2342 4518 2425 4563 est
2469 4509 2628 4575 Grcg.
2659 4508 2860 4561 Turou.
2894 4503 2987 4558 litt.
3016 4517 3063 4555 iv
3110 4500 3247 4554 Hist.
3297 4496 3514 4563 Franc.,
3544 4510 3594 4547 c.
3626 4492 3720 4547 2|.

462 4623 540 4680 lia:
560 4624 673 4686 iste,
696 4622 860 4690 ipsius
881 4620 1068 4684 socius,
1109 4618 1221 4687 pari
1256 4615 1408 4670 modo
1437 4618 1613 4670 oculos
1641 4614 1857 4680 doleret,
1903 4625 2041 4668 uter-

464 4733 565 4786 que
585 4715 652 4769 ad
681 4715 944 4768 basilicam
971 4712 1231 4767 beatorum
1270 4708 1427 4764 Pauli
1465 4719 1616 4777 atque
1639 4706 1877 4771 Joannis,
1928 4723 2042 4778 quas

462 4806 603 4863 intra
623 4804 850 4858 eamdem
872 4803 1046 4857 urbem
1067 4801 1163 4855 sita
1186 4808 1281 4863 est,
1306 4807 1669 4869 perrexerunt;
1692 4798 1744 4851 in
1764 4814 1866 4868 qua
1890 4799 2042 4852 etiam

467 4897 709 4950 a'tarium
738 4896 793 4948 in
815 4896 1060 4949 honorem
1081 4893 1211 4947 beati
1242 4890 1450 4945 Martini
1489 4889 1793 4959 confessoris
1817 4897 2046 4942 constru-

466 4998 605 5043 ctum
635 4986 971 5056 propinquam
997 4983 1147 5037 habet
1174 4984 1466 5048 fenestram,
1500 4981 1555 5033 in
1585 4995 1686 5046 qua
1720 4979 1947 5044 lucerna,
1977 4978 2046 5031 ad

469 5079 807 5134 exhibendum
850 5079 1021 5130 lumen
1057 5083 1131 5128 est
1165 5073 1455 5134 constituta,
1489 5071 1553 5124 de
1596 5072 1745 5140 cujus
1788 5068 1897 5122 oleo
1927 5083 2047 5122 moa:

471 5169 565 5224 sibi
588 5168 693 5233 isti,
730 5165 1050 5221 Fortunatus
1081 5163 1271 5218 scilicet
1299 5171 1347 5216 et
1379 5158 1552 5225 Felix,
1585 5159 1810 5213 dolentia
1854 5159 2048 5212 lumina

470 5261 764 5329 tetigerunt,
785 5258 927 5312 illico
952 5255 1128 5311 dolore
1171 5254 1347 5325 fugato
1369 5296 1385 5320 ,
1416 5252 1691 5306 sanitatem
1719 5262 1869 5314 quam
1896 5255 2047 5313 opta-

477 5350 596 5405 bant
625 5347 795 5415 adepti
817 5357 958 5401 sunt.
994 5346 1140 5401 Idem
1181 5352 1362 5399 narrat
1392 5340 1554 5411 Greg.
1602 5339 1832 5406 Turon.,
1867 5337 1904 5391 Ι.
1935 5352 1950 5391 l
1981 5338 2050 5392 de

484 5436 788 5495 Mir.'sancti
814 5436 1050 5500 Martini,
1082 5450 1132 5489 c.
1176 5434 1266 5489 15.

552 5528 643 5582 24.
686 5527 782 5581 llic
802 5527 889 5582 ille
916 5527 1059 5582 Felix
1086 5524 1187 5580 fuit
1216 5541 1320 5579 non
1354 5521 1519 5578 multo
1537 5528 1658 5589 post
1684 5526 1900 5572 creatus
1920 5516 2052 5569 Tar-

478 5621 686 5675 visinus
715 5619 1018 5688 episcopus,
1075 5618 1325 5678 Alboino.
1382 5610 1852 5677 Longobardorum
1915 5607 2050 5677 regi,

481 5724 602 5763 cum
635 5709 840 5778 magnis
881 5708 1051 5778 copiis
1073 5707 1128 5762 in
1162 5705 1364 5761 Italiam
1393 5700 1730 5770 irrumpenti,
1754 5698 1820 5753 ad
1850 5697 2050 5752 Plavitn

2147 4602 2409 4670 Quocirca
2441 4615 2529 4653 an.
2560 4596 2666 4652 566
2692 4605 2809 4652 erat
2846 4597 2958 4663 jam
3006 4596 3058 4647 in
3087 4591 3258 4648 Gallia
3291 4590 3634 4651 Fortunatus,
3663 4601 3726 4641 ac

2149 4697 2423 4752 frui-batur
2449 4694 2589 4763 regis
2610 4691 2863 4760 Sigibcrzi
2897 4686 3189 4757 patrocinio
3209 4693 3264 4738 et
3281 4681 3451 4752 gratia
3499 4689 3548 4735 δ.

2217 4788 2310 4843 28.
2354 4787 2617 4841 Praeterea
2651 4784 2788 4836 idem
2821 4780 3047 4833 Pictavis
3092 4776 3199 4846 jam
3260 4770 3552 4834 habitabat,
3604 4782 3724 4822 cum

2152 4877 2527 4941 Gelcsuintha,
2584 4872 2940 4929 Ilrnnichildis
2980 4882 3174 4933 soror,
3228 4864 3347 4918 illac
3399 4859 3725 4930 pertransiit,

2153 4969 2484 5039 Chilperico,
2518 4965 2662 5021 fratri
2696 4962 2967 5032 Sigiberti,
3016 4967 3265 5026 nuptura,
3314 4952 3384 5008 de
3435 4964 3541 5020 qua
3586 4949 3726 5002 idem

2153 5066 2267 5119 haec
2294 5062 2480 5118 scribit
2502 5058 2592 5113 lib.
2618 5071 2689 5121 vi,
2721 5070 2842 5119 cap.
2872 5053 2927 5106 7.

2277 5154 2393 5204 Post
2415 5151 2600 5212 aliquas
2619 5148 2787 5206 urbes,
2807 5144 3028 5212 Pictavas
3049 5143 3206 5212 attigit
3226 5150 3387 5196 arces,

2341 5205 2512 5274 [legali
2539 5222 2709 5271 pompa
2734 5205 3065 5268 prostare-utile
3082 5205 3227 5250 viam.

2277 5263 2745 5333 Hanc‘cgo'nenipe'
2756 5279 2908 5333 novus
2929 5277 3162 5326 conspexi
3201 5263 3610 5333 prietereuatem,

2318 5372 2321 5377 -
2341 5324 2552 5385 Molliter
2577 5324 2767 5393 argenti
2787 5337 2924 5378 turre
2945 5324 3143 5376 rotante
3166 5324 3296 5372 vehi.

2161 5418 2229 5473 At
2258 5419 2341 5472 lite
2370 5415 2566 5484 nuptiae
2594 5413 2661 5466 ad
2691 5426 2889 5466 annum
2913 5410 3141 5463 alterum
3195 5411 3378 5472 postea
3406 5414 3566 5469 quam
3597 5394 3737 5464 Sigi-

2158 5511 2337 5564 bertus
2367 5506 2593 5559 duxerat
2622 5499 3016 5557 Brunichildem
3059 5491 3385 5555 referuntur,
3446 5503 3566 5544 cum
3613 5487 3734 5551 qui-

2157 5602 2277 5656 dem
2310 5600 2630 5656 Fortunatus
2655 5611 2760 5650 non
2790 5601 2914 5648 ante
2939 5593 3206 5646 Pictavum
3229 5586 3422 5640 luisset
3468 5580 3739 5651 profectus

2159 5708 2317 5764 quam
2349 5689 2565 5760 aliquod
2596 5697 2805 5756 tempus
2835 5683 2974 5754 apud
3007 5680 3328 5750 Sigibertum
3384 5675 3639 5739 vixisset,
3676 5687 3741 5725 ac

554 5828 581 5858 ι
627 5819 755 5877 Vide
781 5820 931 5891 Pag.,
959 5820 1023 5873 ad
1044 5834 1131 5874 an.
1156 5815 1353 5874 56!.et
1382 5816 1445 5870 ad
1473 5829 1555 5870 an.
1594 5811 1716 5876 567.
1748 5828 1800 5867 n.
1823 5811 1876 5865 9.
1903 5810 2040 5882 Lege
2077 5818 2130 5866 et
2160 5809 2297 5864 Ann.
2335 5805 2526 5861 Franc.
2563 5801 2813 5874 prtuliaos
2843 5799 2941 5871 Op.
2978 5798 3204 5867 Gregor.
3250 5793 3379 5849 'I'ur.
