3990 6188
291 370 364 426 29
1286 383 1291 387 '
1449 371 1606 428 VITA
1645 371 1966 429 VENANTII
2008 372 2421 431 FORTUNATI.
3480 382 3553 436 δυ

290 498 448 539 suum
502 493 711 549 votum,
740 484 991 549 Turonts,
1036 483 1103 539 ad
1133 485 1439 552 sepulcrum
1490 488 1660 543 sancti
1717 487 1869 542 Mart.
1900 489 1952 549 Α
1977 502 2097 543 esse
2124 490 2378 553 Felicem,
2410 492 2667 559 mqunlcm
2702 491 3012 560 Fortunato,
3036 488 3194 565 atque
3232 498 3368 554 adeo
3392 499 3546 566 juve-

289 575 623 630 exsolvisset
674 573 901 640 (Paulus
930 577 1043 629 loco
1069 575 1484 646 swpiua'citato).

366 669 462 723 29.
504 669 660 724 Addit
686 668 971 723 Browerus
1012 669 1216 723 laudari
1251 670 1576 738 Sigibertum
1616 685 1643 724 a
1676 670 1879 725 Fortu-

289 768 431 814 nato
459 759 497 812 l.
540 773 598 825 tt,
630 773 681 813 c.
715 759 806 823 Π,
837 759 977 829 quod
1006 759 1053 813 is
1084 760 1354 815 basilicam
1410 761 1579 815 sancti
1620 762 1876 833 Medardi,

289 865 324 903 a
352 849 588 905 Clotario
615 857 845 918 emptam
878 850 1219 915 exaedificari,
1251 863 1462 905 summo
1499 850 1677 905 studio
1725 866 1878 906 com-

295 940 478 1007 pleret
496 949 651 1009 atque
670 938 845 994 eidem
874 938 1139 1009 fastigium
1164 941 1275 1008 jam
1304 939 1667 1008 imposuisset.
1698 941 1875 1010 Ipsum

293 1030 447 1086 enim
465 1039 707 1086 sanctum
733 1030 1039 1085 Medardum
1072 1032 1544 1107 alloquiturgpoeta
1588 1032 1653 1086 ad
1702 1041 1880 1097 extre:

296 1137 446 1176 suum
475 1122 756 1187 carminis,
791 1122 890 1175 hoc
916 1122 1119 1177 modo:
1354 1104 1433 1171 3'3
1462 1104 1480 1163 ἕ
1746 1115 1766 1185 ἕ
1821 1112 1869 1162 ίῖ

418 1213 505 1275 En
516 1221 599 1262 tua
617 1213 799 1273 templa
817 1212 932 1263 colit
955 1214 1103 1261 nimio
1121 1194 1400 1272 Sigibertus
1417 1194 1622 1275 ‘amééé;
1743 1206 1762 1221 ’¹

488 1273 731 1348 Insisteus
754 1276 1465 1348 operipromptup‘ajnpretui.
1514 1335 1535 1348 Ἰ
1596 1273 1621 1348 ἡ,
1660 1342 1665 1345 ν

423 1334 642 1397 Culmina
667 1336 873 1396 custodi,
899 1334 980 1397 qni
1002 1334 1193 1392 tam?”
1206 1334 1483 1397 ﬁgu-knm‘:
1507 1335 1667 1397 dum;
1699 1384 1719 1395 "
1750 1386 1755 1396 '

485 1396 707 1459 Protege
722 1408 815 1460 pro
832 1386 1022 1446 mei-itis
1037 1386 1122 1457 qd
1138 1386 1234 1455 tibi
1253 1386 1638 1459 ιὶᾑιρῐεξᾶράιιρ
1653 1386 1665 1397 ⁷
1699 1386 1753 1451 ιε

299 1480 366 1531 At
393 1478 656 1534 credibile
677 1487 784 1546 est,
831 1479 1021 1547 inquit,
1055 1478 1377 1542 Sigibertum
1409 1493 1517 1534 nnu
1548 1473 1739 1533 multo’
1762 1487 1883 1546 post

297 1571 527 1629 Clotarii
571 1574 780 1629 obitum
810 1574 864 1630 iu
892 1573 1024 1628 illud
1060 1571 1238 1642 operis
1288 1572 1616 1634 incubuisse.
1672 1572 1741 1625 de
1778 1586 1883 1638 quo

302 1674 510 1731 patrem
543 1675 650 1720 tam
671 1664 960 1723 sollicitum
986 1672 1040 1718 et
1062 1662 1303 1732 ejusdem
1335 1662 1641 1731 perliciendi
1675 1660 1884 1716 studio-

301 1770 420 1809 sum
449 1762 700 1819 noverat,
732 1762 790 1809 et
816 1768 925 1823 quo
949 1753 1002 1808 in
1027 1753 1145 1807 loco
1176 1752 1383 1806 humari
1408 1752 1665 1806 voluerat.

1983 580 2073 632 nili
2103 588 2278 641 mtate.
2304 582 2367 634 iis
2398 582 2729 649 temporibus
2756 594 2990 639 creatmn
3020 585 3185 641 fuisse
3212 588 3544 646 'I‘arvisinnm

1981 668 2307 738 episcopmn,
2339 671 2530 739 quibus
2549 671 2614 725 ad
2643 673 2784 725 illum
2827 688 3135 740 supremum
3187 677 3403 734 honoris
3430 696 3550 752 gra-

1979 759 2106 813 dum
2135 762 2343 815 nonnisi
2373 769 2573 815 matura
2599 763 2708 831 jam
2738 773 2895 818 atate
2930 779 3182 821 ascensus
3224 769 3545 837 pedetentim

1981 864 2077 918 per
2101 864 2289 903 omnes
2312 851 2572 906 honorum
2601 854 2796 922 gradus
2825 857 3060 925 patebat,
3092 867 3148 912 ut
3195 861 3328 915 nihil
3372 863 3549 916 dicam

1979 939 2049 995 de
2080 942 2294 996 illorum
2316 951 2612 1010 temporum
2640 944 2938 1015 disciplina,
2967 950 3158 1014 quibus
3192 966 3336 1022 scepe
3383 955 3550 1010 virtus

1980 1030 2150 1117 magis
2172 1046 2334 1119 quam
2354 1044 2490 1119 fetas
2513 1034 2874 1102 spectabatur,
2914 1046 2981 1119 ut
3006 1038 3243 1106 pluribus
3286 1047 3552 1113 exemplis

1863 1124 1869 1162 ε
1970 1108 2525 1201 .possempétesklere,
2582 1134 2640 1178 ut
2688 1125 2819 1180 illud
2874 1109 3032 1182 etiam
3063 1132 3376 1203 concedam,
3413 1108 3552 1191 Feli-

1980 1224 2096 1267 cem
2347 1216 2606 1282 aequalem
2655 1215 2928 1270 Fortunati
2969 1217 3152 1286 fuisse,
3208 1221 3330 1277 hinc
3378 1227 3551 1294 purius

1978 1305 2245 1379 evincitur
2263 1306 2407 1381 hunc
2435 1305 2571 1359 haud
2595 1307 2664 1360 ita
2684 1307 2936 1375 juvenem
2970 1310 3023 1363 in
3054 1309 3249 1368 Galtias
3271 1332 3548 1384 migrasse,

1892 1404 1897 1409 ‘
1984 1404 2041 1458 ιιι
2071 1395 2571 1476 ἰξεξηιιιτοξιοῴξυτ,
2593 1411 2735 1452 anno
2759 1398 2973 1453 circiter
2996 1398 3099 1453 550
3125 1411 3280 1458 natus
3323 1415 3426 1470 est,
3458 1422 3554 1462 an-

1982 1490 2110 1540 num
2158 1488 2344 1556 ageret
2390 1486 2720 1554 trigesimum
2760 1487 3001 1556 quintmn
3029 1531 3047 1556 ,
3093 1501 3187 1547 aut
3223 1496 3551 1564 trigesimum

1979 1585 2220 1640 sextum,
2247 1588 2368 1629 cum
2398 1574 2451 1628 in
2478 1574 2707 1630 Galliam
2728 1585 2813 1631 est
2839 1577 3131 1646 profectus.

2054 1663 2145 1720 55.
2175 1663 2284 1718 Cur
2309 1675 2489 1721 autem
2540 1668 2644 1722 iter
2673 1667 2955 1724 Fortunati
2986 1671 3038 1725 in
3085 1672 3308 1729 Galliam
3350 1677 3416 1730 ad
3463 1693 3551 1733 an.

1989 1758 2093 1814 567
2116 1759 2452 1817 referendum
2483 1761 2572 1826 sit,
2600 1761 2700 1817 hac
2728 1765 2935 1818 ratione
2966 1765 3298 1832 potissimum
3322 1770 3401 1823 vir
3420 1771 3552 1826 clar.

373 1843 468 1900 30.
499 1849 569 1900 At
588 1845 664 1900 cl.
690 1845 771 1899 vir
795 1843 953 1899 Joan.
979 1843 1243 1912 Josephus
1267 1842 1433 1897 [εἰναιιί
1458 1856 1487 1894 a
1525 1841 1773 1895 Browero
1798 1840 1886 1894 ali-
1913 1824 1961 1885 Β
1989 1848 2200 1904 ducitur
2224 1892 2239 1917 ,
2284 1852 2426 1916 quod
2482 1824 2664 1907 narret
2709 1824 3035 1910 Fortunatus
3081 1869 3141 1910 se
3205 1867 3331 1912 tunc
3370 1824 3557 1913 novum

303 1938 432 2008 quid
453 1948 506 1992 et
533 1937 696 2006 Pagio
722 1935 992 2000 dissentit,
1016 1933 1141 1988 dum
1168 1934 1276 1988 vult
1295 1933 1581 1987 adventum
1608 1934 1882 1987 Fortunati

302 2031 359 2086 in
386 2028 589 2084 Gallias
608 2029 675 2083 ad
699 2043 789 2083 an.
811 2027 942 2092 567,
977 2028 1250 2082 minimum
1302 2041 1429 2081 vero
1480 2027 1545 2080 ad
1599 2024 1725 2091 566,
1767 2040 1886 2080 esse

302 2123 669 2180 referendum.
693 2121 880 2190 Neque
899 2121 1131 2176 alienum
1174 2128 1257 2175 est
1290 2121 1513 2187 hujusce
1540 2119 1882 2183 sententiam,

298 2230 470 2284 quam
499 2213 587 2268 vel
615 2212 733 2267 aliis
756 2225 1097 2267 communem
1120 2223 1241 2265 esse
1269 2208 1449 2275 video,
1482 2208 1662 2275 paucis
1684 2223 1886 2277 expen-

297 2306 464 2368 dere,
490 2318 612 2373 qua
638 2303 700 2357 ad
737 2318 855 2358 eam
886 2316 1003 2356 rem
1030 2301 1096 2356 de
1123 2316 1225 2369 qua
1266 2302 1474 2365 agimus
1521 2300 1885 2354 illustrandam

299 2399 530 2454 luminis
559 2398 755 2468 aliquid
802 2396 1001 2451 afferre
1023 2405 1266 2466 possunt.
1302 2397 1422 2461 Ipse
1469 2396 1632 2464 igitur
1679 2394 1887 2449 dubitat

301 2490 538 2560 primum
559 2497 810 2545 utrumne
837 2487 1161 2543 Fortunatus
1207 2486 1363 2554 paulo
1418 2495 1699 2554 antequam
1742 2485 1886 2539 Lon-

296 2579 535 2650 gobardi
588 2578 788 2634 Italiam
820 2578 1211 2633 invaderentin
1240 2575 1443 2631 Gallias
1496 2576 1763 2644 prolicisei
1789 2591 1885 2643 po-

299 2672 492 2727 tuerit.
514 2670 645 2725 Nam
675 2683 822 2736 cum,
846 2670 1035 2725 eodem
1069 2668 1231 2723 Paulo
1261 2668 1495 2723 Diacono
1538 2675 1693 2733 teste,
1736 2667 1887 2724 Felix

299 2763 487 2818 socius
509 2761 813 2828 Fortunati,
840 2770 895 2815 et
919 2759 1131 2828 quidem
1163 2758 1241 2830 (ιιι
1273 2759 1389 2828 ipse
1413 2759 1706 2826 existimat)
1730 2758 1887 2814 itine-

304 2855 386 2909 ris
414 2854 617 2919 socius,
643 2861 859 2908 creams
880 2853 991 2923 jam
1017 2850 1326 2907 Tarvisinus
1348 2851 1629 2921 episcopus
1646 2891 1662 2917 ,
1704 2851 1887 2906 Alboi-

301 2962 401 3009 ao.
434 2947 546 3014 regi
592 2943 1092 3015 Longobardorum,
1123 2944 1191 2998 ad
1223 2943 1449 3011 Plurim,
1481 2952 1539 2997 ut
1558 2957 1716 3012 supra
1746 2942 1891 2998 dice-

304 3036 522 3100 bamus,
551 3036 873 3103 occurrerit,
902 3036 988 3089 vix
1021 3035 1135 3089 fieri
1168 3034 1340 3103 potuit
1373 3043 1431 3088 ut
1486 3043 1593 3087 tant
1644 3033 1889 3103 perbrevi

304 3126 485 3195 spatio
509 3125 657 3181 Felis
688 3126 791 3180 iret
813 3126 863 3180 in
892 3124 1139 3194 Galliam,
1165 3140 1228 3180 ac
1255 3126 1382 3180 inde
1405 3125 1457 3178 in
1482 3124 1681 3178 Italiam
1710 3138 1891 3178 rever-

308 3228 542 3283 teretur,
571 3228 680 3272 tutu
723 3226 936 3272 creatus
976 3217 1288 3271 Tarvisinns
1335 3217 1616 3284 episcopus
1658 3212 1891 3270 Alboino

306 3311 527 3365 obviam
555 3311 885 3380 procederet.
917 3308 1175 3378 Quocirca
1195 3310 1442 3376 Opinatur
1477 3307 1701 3362 Paulum
1722 3306 1775 3361 in
1807 3320 1893 3360 re-

311 3402 576 3457 busasua
604 3401 902 3469 pnesertim
947 3409 1106 3455 aetate
1136 3400 1358 3453 remotis
1414 3398 1697 3454 narrandis
1750 3411 1894 3467 sape

308 3492 494 3548 minus
516 3491 853 3562 diligentem,
881 3491 961 3546 vel
991 3492 1090 3545 hac
1116 3490 1168 3544 in
1193 3504 1251 3545 re
1277 3503 1308 3542 a
1339 3498 1638 3558 temporum
1669 3491 1894 3544 veritate

308 3586 567 3638 aberrare
596 3584 854 3650 potuisse.

384 3675 477 3729 5|.
502 3674 633 3738 Sed,
658 3682 719 3727 ut
752 3672 882 3726 nihil
914 3671 1000 3727 hic
1031 3670 1248 3726 Paulum
1273 3669 1422 3725 Diae.
1449 3685 1664 3739 purgem
1709 3676 1764 3723 et
1801 3666 1897 3722 de-

322 3765 562 3829 fendam,
593 3776 741 3820 certe
759 3778 866 3818 non
894 3772 1012 3819 erat
1037 3777 1132 3817 cur
1159 3762 1404 3816 laudatus
1424 3759 1652 3829 scriptor
1681 3769 1898 3830 propter

313 3872 437 3912 eam
466 3870 687 3911 causam
716 3869 877 3925 quam
926 3854 1084 3909 allert
1121 3852 1191 3908 de
1227 3851 1467 3921 ejusdem
1498 3850 1768 3920 diligentia
1809 3859 1898 3903 aut

318 3952 433 4005 ﬁde
454 3950 738 4007 dubitaret.
767 3948 922 4004 Nullo
940 3948 1135 4018 quippe
1161 3961 1227 4000 ex
1280 3944 1586 4000 testimonio
1624 3953 1718 3997 aut
1760 3944 1902 3999 litteo

315 4058 505 4097 rarum
537 4049 884 4096 monumento
911 4049 1117 4094 constat
1148 4039 1430 4106 (quantum
1481 4034 1725 4104 equidem
1755 4047 1902 4087 asse-

313 4131 412 4201 qui
434 4134 607 4201 potui)
643 4130 877 4184 Felicem
914 4144 1020 4182 una
1066 4142 1189 4183 cum
1249 4125 1546 4181 Fortunato
1595 4122 1648 4176 in
1704 4122 1904 4176 Gallias

315 4223 620 4293 profectum
651 4220 821 4275 fuisse
847 4237 861 4273 :
896 4235 1001 4273 nou
1034 4217 1228 4273 Paulus
1256 4217 1525 4273 Diacouus
1554 4213 1605 4268 id
1649 4212 1901 4276 affirmat,

311 4314 447 4369 licet
474 4321 658 4367 narret
678 4323 985 4379 utrumque,
1011 4308 1241 4363 Felicem
1284 4322 1348 4362 ac
1394 4306 1766 4368 Fortunatum,
1815 4316 1907 4356 ea-

314 4408 444 4458 dem
474 4403 757 4458 oculorum
788 4400 1104 4473 egritudine
1142 4399 1372 4454 afﬂictos
1421 4397 1605 4461 fuisse,
1665 4405 1716 4451 el
1746 4395 1906 4450 simili

1918 3173 1965 3235 C

1991 1940 2222 1996 Pictavis
2263 1942 2449 2011 fuisse,
2506 1958 2628 1998 cum
2675 1944 2796 1999 illac
2841 1948 3146 2011 pertransiit
3176 1946 3555 2016 Gelesuintha,

1988 2030 2293 2100 Chilperico
2334 2044 2585 2101 nuptura.
2643 2033 2700 2088 Id
2748 2049 2879 2089 vero
2908 2051 3051 2091 anno
3094 2039 3315 2107 contigit
3343 2038 3467 2106 567,
3502 2051 3555 2095 ut

1989 2137 2148 2191 supra
2181 2122 2556 2181 indicavimus.
2599 2123 2670 2177 At
2696 2125 2876 2178 statim
2900 2136 3059 2195 atque
3090 2126 3409 2183 Fortunatus
3440 2144 3559 2198 per-

1988 2214 2133 2268 venit
2174 2214 2227 2267 iu
2261 2212 2505 2278 Galliam,
2533 2215 2598 2268 ad
2630 2216 2801 2269 sancti
2839 2215 3048 2272 Martini
3077 2219 3379 2287 sepulcrum
3429 2235 3559 2291 per-

1989 2303 2199 2368 rexisse
2248 2302 2505 2358 dicendus
2550 2314 2653 2370 est,
2692 2304 2819 2359 inde
2876 2300 3001 2359 vero
3049 2308 3226 2361 statim
3287 2308 3559 2365 Pictavum

1990 2395 2219 2461 venisse,
2252 2395 2341 2466 qui
2373 2396 2456 2466 (ut
2487 2396 2554 2452 de
2583 2397 2701 2465 ipso
2725 2397 2914 2451 scribit
2957 2397 3150 2453 Paulus
3199 2399 3371 2470 Diae.)
3422 2411 3564 2469 post-

1987 2502 2141 2557 quam
2162 2485 2381 2542 Turonis
2402 2487 2553 2557 juxta
2581 2497 2753 2541 votum
2793 2488 3057 2559 proprium
3084 2490 3303 2556 advenit,
3340 2490 3562 2545 Pictavi:

1991 2581 2337 2649 pertransiens
2365 2579 2472 2634 illic
2498 2581 2759 2635 habitavit.
2790 2581 3051 2650 Quocirca
3097 2581 3416 2639 Fortunatus
3440 2598 3563 2639 uou-

1990 2673 2091 2727 nisi
2120 2689 2209 2728 an.
2233 2673 2359 2738 567,
2386 2682 2479 2728 aut
2507 2674 2813 2741 minimum,
2840 2689 2929 2729 an.
2957 2673 3096 2745 566,,
3136 2676 3189 2731 in
3219 2676 3417 2733 Gallias
3444 2690 3563 2747 per-

1992 2765 2155 2820 venit.
2189 2765 2312 2819 llmc
2340 2765 2450 2820 ille.

2062 2853 2153 2911 34.
2183 2854 2378 2909 Verum
2408 2868 2514 2910 non
2562 2854 2721 2910 video
2767 2869 2864 2910 cur
2907 2854 3008 2910 hac
3053 2855 3203 2910 Pauli
3248 2856 3564 2914 auctoritate

1992 2945 2197 3000 moveri
2245 2945 2327 2999 vir
2376 2945 2446 2999 cl.
2494 2945 2709 3012 debeat,
2766 2946 2881 3013 qui,
2924 2944 3042 3014 ipso
3093 2953 3248 3011 teste,
3298 2946 3350 3000 in
3403 2945 3563 3001 rebus

1993 3034 2288 3090 referendis
2309 3035 2376 3089 ab
2402 3042 2561 3089 :etate
2590 3050 2685 3089 sua
2723 3035 2944 3089 remotis
2973 3050 3352 3106 nonnunquam
3381 3053 3565 3095 errore

1993 3131 2207 3196 labitur,
2236 3140 2294 3185 ut
2314 3132 2357 3185 si
2383 3133 2426 3183 is
2450 3131 2501 3184 in
2525 3129 2832 3184 dellniendo
2856 3136 3097 3198 tempore
3118 3145 3222 3199 quo
3244 3132 3564 3187 Fortunatus

1995 3223 2049 3276 in
2080 3221 2302 3276 Galliam
2358 3221 2627 3290 profectus
2674 3221 2892 3276 circiter
2944 3230 3027 3275 est
3073 3236 3256 3277 errare
3312 3224 3563 3291 potuerit,

1994 3311 2164 3365 multo
2191 3312 2358 3379 magis
2385 3312 2437 3364 in
2468 3310 2749 3365 statuendo
2774 3311 3110 3380 quandouam
3160 3312 3451 3373 Pictavum.
3509 3322 3567 3366 ut

1994 3403 2101 3458 illic
2131 3403 2416 3470 habitaret,
2441 3404 2792 3458 concesserit.
2844 3402 2947 3459 Sed
2996 3414 3053 3456 ut
3083 3403 3183 3457 hoc
3235 3404 3564 3469 omittamus,

1994 3509 2115 3549 cum
2145 3495 2274 3549 illud
2303 3496 2560 3550 credibile
2607 3504 2711 3558 est,
2762 3494 3109 3550 Fortunatum
3159 3511 3265 3549 non
3313 3495 3568 3551 continuo

1995 3597 2117 3657 post
2140 3587 2422 3641 adventum
2453 3602 2605 3640 suum
2630 3589 2681 3640 In
2713 3585 2931 3640 Galliam
2964 3586 3194 3640 Turonis
3242 3587 3566 3654 porrexisse,

1995 3679 2088 3734 sed
2109 3679 2364 3746 temporis
2383 3679 2611 3748 spatium
2632 3678 2844 3747 aliquod
2870 3678 3005 3746 apud
3026 3675 3346 3748 Sigibertum
3366 3691 3568 3745 regem,

1996 3769 2191 3836 Mettis,
2212 3780 2304 3824 aut
2326 3769 2547 3823 Rhemis
2576 3770 2791 3840 (quibus
2816 3771 2868 3822 in
2901 3769 3118 3823 urbibus
3139 3769 3394 3823 sedebant
3417 3782 3571 3838 reges

2000 3858 2321 3928 Attstrasiai)
2343 3861 2674 3922 substitisse,
2701 3860 2898 3927 quippe
2941 3859 3026 3912 cui
3052 3858 3455 3927 epithalamium
3483 3873 3574 3912 ee-

2000 3951 2149 4015 cinit,
2173 3960 2228 4005 et
2252 3967 2280 4004 a
2306 3967 2411 4019 quo
2436 3950 2666 4014 itineris,
2691 3950 2832 4017 quod
2864 3964 2956 4016 per
2987 3948 3214 4002 Galliant
3250 3960 3369 4004 erat
3391 3962 3574 4004 susce-

2000 4051 2208 4110 pturus,
2245 4043 2492 4094 comitem
2535 4039 2616 4109 (ut
2643 4038 2778 4092 intra
2808 4039 3019 4093 dicetur
3047 4037 3089 4107 ),
3118 4048 3175 4091 et
3202 4038 3394 4093 ducem
3422 4052 3575 4091 acre-

2006 4131 2119 4198 pit;
2157 4138 2268 4183 tum
2290 4144 2354 4183 ex
2389 4129 2478 4182 illo
2510 4128 2657 4182 Pauli
2683 4128 2988 4183 testimonio
3015 4143 3119 4182 non
3145 4127 3353 4181 videtur
3381 4128 3572 4182 saltem

2005 4221 2302 4275 luculenter
2327 4218 2539 4273 ostendi
2571 4234 2728 4289 posse
2784 4219 3132 4273 Fortunatum
3186 4220 3366 4273 statim
3416 4228 3576 4286 atque

2005 4309 2235 4365 Turonis
2261 4309 2521 4364 abscessit
2569 4309 2840 4364 Pictavum
2884 4312 3118 4375 venisse,
3158 4323 3277 4363 cum
3310 4307 3364 4362 id
3400 4309 3573 4362 solum

2007 4403 2202 4458 Paulus
2223 4410 2520 4469 asseveret,
2547 4400 2818 4467 eumdem,
2850 4409 3190 4469 posteaquam
3219 4399 3447 4453 Turonis
3485 4412 3575 4451 τοι·

312 4496 487 4554 modo
511 4512 577 4551 ex
607 4496 907 4566 patrocinio
951 4494 1013 4547 Ι).
1064 4492 1271 4547 Martini
1304 4491 1586 4555 liberatos;
1611 4489 1703 4542 sed
1735 4488 1894 4555 petitu

2012 4505 2121 4548 tuttt
2150 4509 2302 4548 suum
2328 4493 2441 4562 jam
2466 4491 2786 4555 absolverat,
2820 4491 3111 4555 Pictavum,
3145 4490 3352 4545 itineris
3391 4504 3574 4554 causa,

310 4592 390 4647 de
442 4589 744 4644 Fortunato
785 4596 840 4641 et
868 4586 982 4655 ejus
1002 4593 1128 4639 voto
1173 4588 1226 4637 in
1254 4582 1479 4638 Galliam
1531 4578 1910 4650 proficiscendi

317 4685 399 4737 ita
424 4680 684 4749 loquitur,
716 4686 775 4731 ut
803 4676 1032 4731 Felicem
1089 4675 1246 4744 plane
1294 4673 1575 4742 sejungere
1626 4670 1900 4735 videatur;

320 4786 436 4826 non
470 4769 636 4840 Greg.
686 4767 1036 4825 Turonensis.
1091 4766 1213 4819 licet
1264 4762 1507 4818 eamdem
1567 4777 1679 4816 rem
1726 4770 1906 4815 narret

316 4877 489 4931 quam
520 4860 719 4914 Paulus
748 4858 919 4925 Diac.,
947 4858 1038 4910 lib.
1074 4873 1087 4910 I
1113 4854 1180 4911 de
1211 4854 1394 4910 Mirac.
1424 4852 1595 4908 sancti
1644 4850 1822 4916 Mart.,
1851 4866 1901 4905 c.

324 4951 434 5017 IS;
465 4959 741 5021 postremo
772 4963 876 5003 non
899 4947 1222 5002 Fortunatus
1272 4946 1384 5015 ipse
1411 4946 1465 5000 itl
1512 4945 1718 5013 uspiam
1772 4942 1908 4997 indi-

320 5056 437 5109 cat,
473 5042 595 5096 licet
626 5042 825 5110 smpius
851 5041 998 5097 locus
1025 5041 1077 5094 in
1106 5039 1348 5108 ejusdem
1398 5038 1613 5106 scriptis
1659 5052 1722 5090 ac
1772 5047 1908 5089 tem—

328 5149 435 5204 pus
459 5133 510 5185 id
538 5132 875 5204 significandi
909 5131 976 5202 (si
1004 5131 1217 5199 quidem
1243 5140 1419 5184 actum
1451 5128 1742 5196 contigerat
1769 5127 1788 5196 )
1833 5128 1915 5179 in-

323 5226 574 5280 cidisset.
608 5225 878 5291 Qninimo,
904 5225 957 5278 in
988 5221 1212 5291 epistola
1253 5221 1317 5273 ad
1348 5220 1509 5288 Greg.
1535 5220 1690 5284 'l‘ur.,
1733 5219 1826 5272 lib.
1873 5233 1910 5282 I,

325 5336 384 5372 ε.
422 5320 475 5377 I.
504 5318 709 5370 nullum
739 5330 797 5370 se
821 5316 1070 5369 habuisse
1101 5311 1310 5366 itineris
1339 5309 1444 5377 sui,
1475 5310 1616 5379 quod
1666 5325 1733 5362 ex
1768 5307 1913 5362 Italia

329 5410 388 5465 in
414 5409 643 5463 Galliam
696 5407 1066 5468 contenderat,
1117 5406 1342 5465 socium,
1386 5404 1518 5456 satis
1563 5400 1802 5455 declarat
1853 5400 1916 5451 iis

330 5502 518 5557 verbis
550 5518 563 5555 :
590 5501 730 5566 Quid
756 5501 887 5554 inter
919 5501 1027 5553 haec
1056 5508 1284 5564 extensa,
1329 5496 1513 5549 viatica
1561 5492 1787 5547 consulte
1814 5493 1919 5545 dici

330 5595 585 5665 potuerit,
612 5608 790 5646 censor
830 5592 937 5659 ipse
980 5605 1242 5657 mensura,
1302 5588 1384 5641 ubi
1430 5605 1533 5641 non
1589 5585 1795 5655 urgebat
1845 5584 1920 5637 vel

334 5698 500 5741 erant
525 5684 845 5753 exjndice...
882 5699 969 5735 nec
997 5681 1240 5735 invitabat
1272 5681 1417 5749 favor
1440 5694 1504 5731 ea:
1541 5678 1743 5741 comite,
1777 5685 1880 5728 etc.

402 5777 498 5833 32.
536 5774 693 5845 Quod
734 5788 862 5831 vero
917 5776 1053 5830 idem
1098 5773 1265 5842 addit,
1322 5771 1538 5827 minime
1594 5767 1918 5825 credendum

2006 4587 2320 4647 accessisse.
2347 4594 2506 4652 atque
2554 4583 2663 4636 illic
2715 4583 3006 4649 habitasse,
3039 4580 3166 4650 quin
3211 4590 3417 4634 certum
3466 4590 3576 4643 διδ,

2006 4687 2116 4732 tuat
2140 4686 2348 4745 tempus
2373 4674 2513 4741 quod
2537 4681 2821 4742 utrumque
2858 4671 3176 4726 interfuerit.
3207 4668 3322 4724 .Iam
3369 4684 3497 4722 vero
3526 4680 3576 4724 ct

2006 4767 2135 4823 illud
2158 4768 2420 4821 incertum
2445 4774 2546 4827 est,
2578 4774 2837 4833 quantum
2890 4764 3148 4833 temporis
3174 4762 3402 4817 Turonis
3454 4776 3573 4830 per-

2008 4857 2289 4923 manserit,
2339 4872 2459 4911 cum
2508 4869 2633 4926 erga
2664 4856 2833 4910 sancti
2867 4856 3071 4909 Martini
3113 4854 3321 4910 cineres
3368 4855 3582 4923 pietatis

2010 4965 2073 5004 ac
2126 4948 2397 5017 religionis
2425 4961 2613 5009 causa,
2663 4956 2775 5000 tum
2830 4946 2915 5001 vel
2962 4945 3296 5015 Euphronii,
3346 4944 3579 5012 episcopi

2011 5043 2211 5097 Turou.
2244 5040 2352 5111 (cui
2374 5042 2489 5110 ipse
2509 5039 2976 5106 conjunctissimus
3005 5038 3150 5108 fuit),
3182 5036 3370 5090 officiis
3397 5045 3451 5088 et
3479 5035 3580 5089 hu-

2014 5133 2274 5187 manitate
2323 5131 2593 5185 detentus.
2625 5130 2938 5198 Quanquam
2980 5129 3104 5197 quid
3135 5127 3218 5181 vel
3248 5125 3373 5179 illud
3407 5126 3588 5192 probi.

2015 5224 2105 5279 bet
2132 5222 2411 5289 scripsisse
2438 5220 2786 5274 Fortunatum
2813 5234 2872 5274 se
2894 5230 3017 5272 tunc
3045 5232 3227 5269 novum
3256 5215 3433 5275 fuisse,
3464 5230 3584 5269 cum

2016 5316 2138 5369 illae
2157 5312 2504 5368 Gelcsuintba
2530 5311 2856 5382 pertransiit,
2871 5326 2936 5366 eo
2955 5316 3195 5377 spectato
3221 5317 3460 5374 tempore
3481 5323 3586 5376 qun

2018 5404 2252 5459 funebre
2282 5419 2499 5460 carmen
2521 5403 2791 5458 scribebat
2819 5401 2871 5454 in
2900 5398 3016 5467 ejus
3043 5408 3293 5465 mortem,
3313 5414 3431 5467 quae
3461 5413 3591 5451 sane

2018 5499 2292 5562 aliquanto
2319 5506 2442 5565 post
2467 5497 2662 5549 accidit
2687 5494 2710 5546 ἲ
2740 5491 2888 5559 Quod
2921 5508 3049 5545 vero
3078 5507 3331 5561 magnum
3367 5490 3449 5544 his
3479 5507 3594 5543 mn.

2020 5598 2262 5643 mentum
2291 5586 2456 5649 addit,
2490 5585 2615 5640 illud
2647 5594 2746 5645 est,
2797 5581 2938 5652 quod
2969 5590 3093 5637 ante
3121 5599 3316 5636 annum
3349 5582 3450 5636 507
3499 5596 3593 5633 tte-

2024 5679 2261 5734 cessario
2288 5679 2338 5732 in
2364 5676 2530 5731 Gallia
2564 5675 2882 5729 Fortunatus
2908 5675 3026 5741 fuit,
3049 5675 3139 5747 qui
3185 5683 3239 5729 et
3268 5676 3476 5742 nuptias
3504 5671 3592 5725 Si-

2025 5768 2216 5842 gibcrti
2239 5783 2359 5824 cum
2385 5764 2746 5835 Bruuichildc,
2771 5781 2855 5825 au.
2889 5766 3015 5837 566,
3041 5778 3095 5822 ut
3125 5767 3317 5837 smpius
3336 5761 3586 5825 diximus,
