3990 6188
235 339 313 392 εδ
1402 322 1557 379 VI'I‘A
1602 311 1922 374 VENANTII
1965 307 2374 366 FOIlTUNATL
3440 305 3507 360 55

228 471 294 507 η
337 447 537 519 ingenii
568 444 935 512 dominasque
961 440 1096 494 fama
1130 437 1263 492 satis
1289 436 1550 505 insignem
1575 440 1627 486 et
1645 428 1824 498 cogni-
1859 429 1904 484 Α
1937 423 2215 491 prudentia
2247 436 2308 475 ac
2348 419 2609 473 sermonis
2640 418 2922 508 suavitate,
2948 427 3306 487 praestantem.
3335 418 3503 487 Quam

232 553 371 597 tum.

305 631 400 684 δι’..
449 630 532 684 Cl.
587 628 667 681 vir
723 625 878 680 Joan.
928 619 1191 688 Iosephus
1240 618 1430 679 Liruti,
1472 626 1718 682 qumrens
1765 625 1829 664 ac

234 739 429 776 arcum
461 720 735 773 admirans
763 731 868 785 qua
921 711 1035 766 ficri
1090 711 1295 764 ratione
1327 707 1552 776 potuerit
1587 714 1645 758 ut
1676 705 1721 757 is
1753 710 1831 756 tot

234 828 435 878 regum
461 825 522 864 ac
557 807 858 876 principum
881 805 1120 858 virorum
1167 800 1454 854 amicitiam
1488 797 1639 862 inire,
1671 807 1831 864 atque

234 917 438 955 eorum
488 900 698 952 animos
744 897 848 951 sibi
900 893 1173 949 devincire
1222 888 1487 960 potuerit,
1541 888 1833 942 arbitratur

236 1007 367 1046 eam
399 1005 499 1059 qua
527 998 642 1042 erat
674 987 930 1057 praeditus
957 983 1166 1054 generis
1195 996 1258 1035 ac
1281 979 1464 1048 stirpis
1496 979 1828 1032 nobilitatem

235 1083 296 1136 in
321 1096 476 1134 causa
510 1079 676 1132 fuisse
699 1092 795 1131 cur
825 1076 888 1130 ad
915 1075 1214 1144 principum
1239 1082 1396 1136 atque
1428 1084 1612 1138 regum
1645 1067 1834 1120 amici-

240 1172 347 1225 tias
375 1170 552 1223 facilis
577 1169 758 1222 eidem
791 1165 969 1219 aditus
1001 1173 1182 1232 patere
1208 1159 1456 1229 potuerit.
1483 1159 1593 1224 Qua
1619 1159 1670 1209 in
1694 1171 1752 1209 re
1776 1162 1833 1208 ut

243 1263 332 1317 vel
380 1261 500 1328 ipse
549 1258 792 1326 aperiam
849 1255 988 1324 quod
1047 1253 1244 1320 sentio,
1279 1251 1433 1319 plane
1459 1248 1676 1301 dillicile
1704 1245 1832 1300 mihi

241 1354 455 1408 videtur
488 1351 767 1404 hominem
815 1348 905 1416 qui
953 1345 1163 1409 humili,
1213 1357 1312 1398 nec
1354 1341 1483 1395 satis
1531 1339 1728 1394 celebri
1783 1338 1834 1390 in

243 1447 366 1500 loco
401 1441 694 1514 (Duplavili
725 1439 895 1507 dico),
925 1447 1206 1507 paternam
1255 1435 1437 1490 sedem
1491 1448 1554 1487 ac
1592 1431 1833 1494 domum,

247 1539 402 1609 quin,
438 1546 495 1591 ut
550 1537 667 1604 ipse
723 1533 790 1588 de
836 1547 894 1586 se
942 1532 1238 1599 profitetur,
1287 1529 1548 1597 majorum
1579 1525 1836 1595 originem

259 1630 504 1690 haberet,
565 1625 774 1679 nullum
829 1622 1094 1690 publicum
1136 1619 1392 1689 gessisset
1449 1618 1834 1688 magistratum,

250 1721 457 1775 nullum
490 1726 700 1773 certum
736 1713 957 1769 honoris
987 1728 1050 1768 ac
1099 1713 1372 1780 dignitatis
1405 1711 1610 1777 insigne
1655 1708 1838 1760 fuisset

258 1809 486 1878 adeptus
519 1807 598 1877 (ut
628 1805 879 1875 superius
923 1801 1358 1871 declaravimns),
1413 1812 1516 1854 tam
1560 1801 1757 1854 claram
1785 1807 1840 1853 et

252 1901 547 1971 gloriosam
580 1897 798 1966 generis
829 1895 1162 1949 nobilitatem
1189 1892 1421 1946 nancisci
1454 1891 1710 1958 potuisse,
1736 1905 1850 1964 qua.

254 2007 360 2044 non
406 1990 582 2045 solum
614 1989 667 2042 in
700 1986 874 2053 Italia,
909 1985 1000 2038 scd
1030 1985 1192 2038 etiam
1223 1983 1275 2037 in
1327 1982 1611 2037 Germania
1660 1989 1840 2034 extre-

256 2097 453 2151 maque
500 2079 675 2134 Gallia
727 2077 1124 2140 inclaresceret,
1161 2074 1454 2143 praesertim
1486 2087 1606 2126 cum
1659 2073 1840 2124 turbu-

255 2174 422 2228 lentis
451 2171 589 2226 adeo
614 2168 967 2239 temporibus,
1000 2166 1194 2234 quibus
1220 2165 1326 2233 jam
1351 2163 1505 2218 bellis
1534 2177 1595 2217 ac
1621 2163 1839 2216 seditio-

250 2266 417 2320 nibus
446 2263 630 2316 omuia
659 2259 1044 2320 miscebantur,
1098 2255 1179 2311 vel
1231 2255 1558 2310 nobiliorum
1603 2253 1836 2306 virorum

249 2356 467 2426 generi,
501 2354 602 2407 nisi
631 2367 852 2422 quorum
882 2364 1044 2419 opera
1089 2349 1142 2402 in
1195 2349 1349 2402 bellis
1398 2344 1839 2400 administrandis

260 2458 352 2501 aut
383 2445 620 2516 gerenda
651 2443 796 2497 domi
834 2456 948 2509 rep.
979 2439 1341 2508 praestitisset,
1377 2436 1609 2492 tenebrte
1639 2435 1837 2489 olTundi

255 2537 422 2591 facile
449 2536 766 2604 potuissent.
797 2532 969 2585 Malim
1002 2530 1183 2598 itaque
1227 2543 1347 2582 cum
1402 2528 1689 2580 llincmaro
1717 2542 1840 2581 sen-

259 2632 390 2695 tire,
423 2629 536 2695 qui,
566 2627 615 2679 in
643 2623 794 2695 praf.
823 2624 889 2676 ad
918 2622 1091 2675 Vitam
1120 2621 1287 2674 sancti
1323 2619 1544 2687 Remigii
1568 2618 1752 2672 scribit
1774 2618 1840 2671 de

257 2721 582 2784 Fortunato,
615 2717 757 2786 quod
791 2732 822 2768 a
850 2715 1021 2768 multis
1054 2712 1336 2780 potentibus
1366 2723 1411 2764 et
1457 2709 1840 2763 honorabilibns

260 2814 374 2866 riris
402 2814 456 2865 in
480 2813 560 2865 his
591 2809 812 2864 Gallicis
860 2816 906 2859 et
947 2804 1164 2875 Belgicis
1203 2803 1491 2873 regionibus
1521 2819 1609 2870 per
1637 2804 1840 2856 diversa

259 2903 368 2955 lora
388 2913 508 2955 tunc
540 2902 680 2965 vitaz,
703 2915 765 2951 ac
784 2897 1007 2951 scientiae
1033 2911 1139 2949 sua:
1160 2895 1338 2947 merito
1360 2893 1690 2946 invitabatur.

326 2997 414 3050 65.
457 2994 726 3060 Quoniam
790 3004 918 3044 vero
975 3001 1162 3055 magna
1213 2997 1266 3040 et
1295 2985 1557 3053 praecipua
1589 2983 1839 3052 Sigiberti

268 3089 317 3140 in
345 3086 595 3143 eumdem
620 3082 967 3138 humanitatis
993 3095 1054 3133 ac
1084 3077 1452 3133 beneficentiae
1477 3075 1648 3129 oflicia
1674 3075 1841 3130 exsti-

261 3190 396 3243 tere,
426 3177 493 3231 dc
523 3178 758 3242 ipsoque
781 3181 836 3225 et
867 3168 989 3235 fuit,
1024 3177 1078 3222 et
1107 3166 1206 3222 crit
1235 3166 1430 3235 saepius
1461 3180 1656 3230 sermo,
1701 3164 1839 3218 baud

260 3271 494 3322 alienum
524 3266 591 3318 sit
617 3264 688 3318 de
715 3261 904 3316 eodem
950 3261 1170 3327 ejusque
1210 3271 1394 3325 regno,
1430 3270 1529 3309 nec
1562 3270 1665 3308 non
1698 3254 1842 3323 regia

257 3359 430 3426 stirpe
467 3372 529 3410 ac
575 3353 916 3422 cognatione,
968 3348 1163 3417 aliquid
1226 3346 1325 3401 hoc
1378 3345 1498 3432 lgco
1545 3349 1744 3400 dicere.
1795 3343 1844 3398 Is

259 3448 440 3516 itaque
465 3446 608 3498 ﬁlius
635 3442 735 3496 fuit
757 3440 972 3496 Clotarii
1000 3440 1041 3505 Ι,
1068 3438 1393 3492 Francorum
1418 3436 1577 3505 regis,
1605 3436 1843 3490 omnium

261 3555 359 3594 sua
409 3548 574 3593 atate
625 3534 1009 3606 potentissimi,
1072 3529 1161 3600 qni
1220 3541 1337 3598 post
1383 3530 1634 3584 Clodovei
1681 3530 1846 3598 patris

266 3632 474 3683 obitum
515 3641 746 3696 regnare
801 3632 1056 3692 rmpcrat,
1113 3630 1336 3688 paterno
1391 3635 1554 3690 regno
1583 3633 1762 3688 aequas
1793 3623 1846 3674 in

267 3735 444 3790 partes
484 3719 656 3772 diviso
707 3731 829 3771 cum
880 3714 1048 3767 tribus
1092 3710 1340 3766 fratribus
1389 3709 1567 3782 (Greg.
1623 3709 1844 3776 Turon.,

265 3818 304 3868 ι.
329 3831 385 3869 ιιι
417 3813 558 3867 Hist.
594 3811 814 3874 Franc.,
844 3825 892 3862 c.
930 3808 980 3878 l)
1003 3825 1017 3874 ;
1042 3807 1232 3876 quibus
1264 3806 1366 3858 vita
1390 3804 1603 3869 functis,
1633 3805 1846 3858 univer-

265 3924 390 3960 sum
421 3906 522 3960 sibi
550 3905 875 3958 Francorum
919 3902 1224 3967 imperium,
1283 3898 1474 3966 partim
1509 3895 1843 3958 haereditate,

268 3997 474 4067 partim
524 3997 680 4048 armis
729 4009 794 4047 ac
838 3990 1096 4061 potentia,
1151 3989 1531 4043 vindicaverat.
1573 3985 1691 4053 Ipse
1721 3999 1848 4040 vero

263 4087 543 4143 Clotarius
593 4087 827 4140 moriens
875 4092 1102 4153 quatuor
1147 4091 1262 4151 post
1313 4095 1373 4135 se
1422 4079 1558 4132 lilios
1611 4075 1845 4142 reliquit,

263 4179 672 4241 Charibertum,
723 4175 1133 4236 Guntramnum,
1183 4171 1562 4237 Gliilpericnm,
1613 4166 1848 4234 Sigiber-

272 4282 410 4335 tum,
441 4271 531 4339 qui
555 4283 778 4338 regnum
811 4268 950 4321 inter
981 4281 1060 4328 se,
1087 4265 1225 4334 jacta
1255 4274 1418 4328 sorte,
1443 4261 1759 4322 diviserunt,
1787 4271 1850 4312 ac

267 4363 542 4431 Sigiberto
575 4361 657 4427 (ut
685 4356 866 4412 verbis
896 4364 1013 4410 utar
1035 4353 1296 4421 Gregorii,
1325 4352 1360 4406 l.
1386 4369 1435 4406 iv
1458 4350 1594 4404 Ilist.
1630 4349 1847 4410 Franc.,

1934 527 2058 566 Cum
2093 513 2456 578 impetrasset,
2487 510 2658 563 eidem
2690 501 2868 578 nupsit
2920 509 3060 577 regia
3112 523 3304 577 pompa
3335 519 3388 563 et
3416 525 3507 578 ap-

1943 616 2154 670 paratu,
2183 604 2451 669 totiusque
2481 602 2629 669 regni
2655 616 2774 655 cum
2801 617 3006 655 summa
3041 602 3220 654 laititia
3246 617 3307 654 ac
3335 611 3515 669 gratu-

1935 693 2130 746 latione
2160 690 2335 762 (Greg.
2374 691 2522 756 'f‘ur.,
2555 692 2592 745 Ι.
2625 706 2696 756 ιν,
2723 707 2772 744 c.
2802 691 2916 760 27).
2953 691 3111 744 llisce
3158 692 3358 759 nuptiis
3400 691 3514 758 epi-

1938 782 2251 835 tlialamium
2271 780 2464 834 cecinit
2491 780 2828 844 Fortunatus,
2860 781 2924 834 de
2953 797 3060 849 quo
3104 785 3287 846 supra,
3330 797 3381 833 n.
3418 779 3510 846 54,

1937 873 2100 926 locuti
2130 887 2345 938 sumus;
2385 872 2630 941 idemque
2662 873 2906 926 scribens
2951 874 3016 925 ad
3069 871 3368 941 Gogonem,
3396 887 3508 926 rem

1937 978 2121 1018 recens
2151 972 2354 1032 gestam
2380 963 2617 1017 declarat
2647 963 2726 1016 his
2755 964 2928 1017 verbis
2957 981 2968 1014 :

2059 1053 2226 1126 Nuper
2243 1053 2301 1125 ab
2320 1053 2547 1125 Hispanis
2580 1067 2665 1126 per
2683 1052 2826 1100 mulza
2854 1053 3064 1126 pericula
3089 1055 3254 1116 terris,

2122 1115 2337 1176 Egregie
2361 1116 2469 1175 regi
2506 1116 2674 1176 gaudia
2696 1128 2877 1162 summa
2905 1116 3059 1164 vehis.

2015 1193 2095 1248 l5.
2150 1195 2515 1262 Cbilpericus,
2567 1195 2816 1264 Sigiberti
2875 1195 3074 1261 frater,
3124 1196 3244 1264 ejus
3293 1196 3506 1266 nuptias

1937 1287 2236 1353 aemulatus,
2294 1289 2436 1342 misit
2471 1296 2523 1342 et
2573 1288 2686 1356 ipse
2744 1289 2793 1342 in
2848 1288 3157 1358 Hispaniam
3212 1291 3299 1358 qui
3354 1289 3512 1344 Gele-

1937 1381 2230 1445 suintliam,
2279 1380 2636 1436 Brunicliildis
2667 1395 2927 1447 sororem,
2977 1382 3078 1436 sibi
3129 1382 3512 1448 peterent,.eui

1942 1468 2184 1534 nuberet,
2217 1485 2372 1539 quam
2405 1485 2546 1523 anno
2571 1469 2681 1525 fere
2713 1481 2830 1538 post
2859 1488 3013 1539 quam
3047 1471 3344 1538 Sigibertus
3383 1471 3513 1524 Bru-

1941 1559 2225 1612 nicliildem
2278 1559 2376 1613 sibi
2429 1561 2770 1628 copulaverat
2817 1561 2966 1614 duxit
3018 1577 3263 1626 uxorem,
3314 1560 3514 1616 Frede-

1940 1651 2132 1718 gumle,
2179 1650 2329 1718 cujus
2357 1652 2627 1705 amoribus
2661 1651 2960 1717 tenebatur,
2994 1653 3161 1707 inlimi
3204 1655 3417 1724 generis
3449 1670 3512 1708 ac

1866 1773 1918 1832 Β
1943 1741 2127 1793 servili
2154 1755 2216 1794 ex
2255 1743 2558 1796 conditione
2589 1743 2809 1797 muliere
2855 1744 3070 1813 rejecta.
3105 1747 3171 1799 At
3216 1763 3317 1800 non
3349 1748 3516 1800 multo

1947 1843 2087 1901 post,
2111 1848 2230 1888 cum
2260 1834 2624 1900 Gelcsuintha,
2676 1836 2956 1904 Gbilperici
3011 1837 3231 1904 perfidia
3285 1837 3511 1902 oll'ensa,

1945 1927 2168 1979 reditum
2201 1928 2250 1980 in
2294 1927 2598 1996 IIiSpaniam
2651 1938 2878 1995 pararet,
2919 1929 3035 1996 ejus
3063 1929 3239 1998 jussu,
3287 1931 3410 1983 dum
3463 1931 3514 1984 in

1945 2016 2138 2071 lectulo
2164 2018 2404 2084 cubaret,
2451 2018 2729 2072 interfecta
2759 2027 2876 2083 est;
2929 2031 3085 2086 atque
3145 2035 3340 2087 paucos
3394 2031 3512 2088 post

1943 2108 2054 2161 dies
2073 2109 2400 2177 Cbilpericns
2427 2108 2827 2176 Fredegundem
2865 2107 3084 2176 recepit,
3122 2109 3273 2178 cujus
3318 2110 3512 2164 deinde

1941 2197 2126 2252 fraude
2175 2208 2228 2252 ct
2266 2192 2468 2252 insidiis
2507 2213 2628 2253 cum
2659 2198 2978 2266 Sigibertus,
3032 2208 3139 2253 tum
3184 2199 3513 2267 Cbilpericus

1941 2288 2090 2355 ipse,
2145 2287 2306 2342 occisi
2359 2298 2500 2340 sunt.
2565 2287 3002 2354 Gelesuiutham,
3055 2296 3509 2355 pertranseuntem

1942 2379 2189 2442 Pictavis,
2220 2379 2352 2432 villit
2385 2378 2725 2442 Fortunatus,
2771 2393 2893 2432 cum
2940 2378 3112 2432 adhuc
3163 2394 3222 2432 ea
3279 2379 3333 2433 in
3380 2380 3513 2434 urbe

1943 2485 2111 2524 novus
2152 2479 2315 2534 esset,
2364 2477 2420 2523 et
2471 2469 2586 2538 ejus
2642 2469 2797 2523 funus
2843 2470 3242 2524 acerbissimum
3301 2470 3509 2538 lugubri

1942 2564 2179 2617 carmine
2203 2564 2484 2631 expressit,
2516 2561 2654 2630 quod
2685 2562 2860 2631 legere
2883 2571 2960 2614 est
2997 2561 3031 2614 Ι.
3069 2575 3141 2624 vt,
3173 2576 3220 2613 c.
3255 2562 3310 2616 7.

2015 2651 2104 2705 46.
2153 2650 2447 2720 Sigibcrtus
2497 2653 2674 2718 itaque
2723 2653 2802 2720 (ut
2835 2652 2898 2703 ad
2944 2651 2995 2704 id
3027 2653 3167 2705 unde
3197 2651 3514 2707 delleximus

1945 2743 2306 2812 revertamur)
2341 2743 2796 2797 nobiliSsimusiis
2819 2744 3165 2811 temporibus,
3192 2758 3253 2796 ac
3279 2747 3512 2811 pruden—

1947 2836 2180 2889 tissimus
2211 2851 2298 2888 rex
2334 2835 2509 2904 (cujus
2535 2836 2760 2888 virtutes
2819 2835 3013 2904 passim
3073 2833 3345 2887 celebrant
3390 2833 3517 2886 For-

1945 2936 2159 2981 tunatus
2186 2922 2240 2981 et
2263 2929 2425 2999 Greg.
2461 2927 2615 2993 Tur.,
2649 2927 2842 2996 aliique
2877 2925 3075 2995 plures)
3107 2929 3351 2980 eumdem
3380 2926 3512 2980 For-

1947 3027 2209 3084 tunatnm,
2242 3018 2547 3072 inGalliam
2609 3018 2928 3083 venientem,
2983 3016 3370 3085 perbonoritice
3422 3034 3518 3072 et-

1874 3114 1920 3178 C
1953 3112 2130 3180 cepit,
2193 3123 2351 3179 atque
2380 3110 2452 3164 illi
2501 3110 2803 3180 Sigoaldum
2862 3100 3110 3164 comitem
3165 3125 3258 3178 pro
3281 3110 3425 3164 socio
3456 3125 3519 3165 ac

1947 3205 2084 3259 duce
2131 3204 2376 3258 itinerum
2407 3219 2526 3271 qua:
2557 3220 2650 3270 per
2678 3203 2901 3257 Galliam
2933 3203 3137 3273 agenda
3172 3203 3268 3270 ipsi
3308 3201 3522 3256 fuerant

1945 3297 2113 3360 dedit,
2142 3310 2249 3366 quo
2273 3296 2479 3349 scilicet
2507 3311 2722 3364 operam
2755 3311 2926 3361 suam,
2969 3305 3022 3348 et
3049 3295 3435 3356 assiduitatem,
3468 3306 3522 3349 et

1948 3387 2165 3441 tutelam
2216 3387 2409 3453 eidem,
2462 3388 2574 3442 sive
2613 3387 2858 3441 Turonos
2905 3385 3142 3449 adeunti,
3195 3386 3308 3441 sive
3361 3387 3520 3440 urbes

1945 3478 2100 3545 alias,
2129 3491 2189 3531 ac
2219 3477 2463 3546 regiones
2492 3477 2673 3532 Gallia:
2705 3477 3025 3545 peragranti,
3076 3484 3369 3545 praestaret.
3403 3476 3514 3529 Hoc

1948 3585 2011 3625 ex
2037 3571 2153 3638 ipso
2184 3572 2426 3624 novimus
2456 3569 2764 3633 Fortunato,
2794 3569 2908 3638 qui,
2944 3567 2978 3621 Ι.
3008 3583 3058 3634 x,
3085 3582 3132 3621 c.
3177 3567 3265 3632 20,
3319 3567 3386 3622 ad
3433 3567 3515 3621 Si-

1949 3663 2194 3733 goaltlum
2219 3661 2401 3715 scribit
2432 3662 2514 3715 bis
2537 3661 2714 3714 verbis
2749 3679 2760 3712 :

2074 3752 2274 3816 Finibus
2303 3753 2447 3801 Italite
2471 3767 2577 3802 cum
2600 3755 2804 3812 primum
2829 3753 2886 3800 ad
2905 3765 3057 3814 regna
3086 3753 3324 3816 venirem,

2133 3815 2204 3864 'I‘e
2230 3817 2346 3863 mihi
2367 3817 2614 3864 constituit
2632 3829 2719 3864 rex
2747 3817 3027 3874 aigibcrtus
3047 3827 3213 3874 Opem,

2073 3875 2244 3926 Tutior
2269 3885 2321 3925 ut
2339 3879 2590 3937 graderer,
2613 3885 2773 3925 terum
2799 3876 3087 3938 comitanda,
3106 3875 3289 3938 ,viator,

2133 3938 2293 3999 Atque
2321 3948 2572 3997 parantur
2597 3939 2704 3986 hinc
2727 3949 2901 3998 equus,
2927 3937 3038 3984 inde
3055 3937 3210 3986 cibus.

2077 3998 2294 4059 Implesti
2317 4000 2523 4048 oliicium
2542 3999 2788 4058 (etc.).....

2027 4084 2112 4137 ιγ.
2141 4082 2398 4136 Eumdem
2441 4096 2568 4135 vero
2617 4080 2846 4133 Turonis
2901 4079 3216 4144 confestim,
3259 4093 3378 4133 cum
3431 4094 3524 4148 per

1954 4187 2133 4241 regem
2163 4173 2480 4240 Sigibertum
2514 4170 2679 4235 licuit,
2711 4171 2775 4223 ad
2801 4169 2970 4224 sancti
2991 4170 3195 4224 Martini
3214 4173 3514 4238 sepulcrum

1954 4264 2316 4319 venerandum
2344 4263 2682 4332 perrexisse,
2711 4261 3037 4317 credendum
3097 4270 3214 4327 est,
3264 4271 3322 4316 ut
3368 4277 3526 4332 quem

1955 4353 2220 4409 Ravennate
2247 4364 2350 4407 tam
2383 4355 2636 4420 prteclare
2665 4354 2732 4408 de
2770 4368 2830 4408 se
2859 4353 3107 4408 meritum
3150 4363 3371 4407 noverat
3391 4399 3404 4420 ,
3433 4369 3526 4408 cu-

266 4470 320 4507 ς.
353 4451 450 4521 2‘2)
499 4466 713 4520 regnum
770 4447 1075 4502 Theuderici
1117 4444 1359 4517 (Clotarii
1404 4441 1604 4510 fratris)
1653 4439 1846 4508 obtigit,
1882 4459 1934 4520 υ
1957 4446 2154 4514 jusque
2175 4457 2334 4498 causa
2359 4445 2409 4498 in
2442 4442 2666 4497 Galliam
2689 4442 2996 4508 advenerat,
3019 4442 3132 4507 eius
3160 4442 3368 4497 cineres
3393 4456 3529 4510 ρι-ω-

263 4545 541 4609 sedentque
565 4539 749 4592 habere
770 4535 1117 4590 fihemensem.
1141 4535 1303 4588 Porro
1330 4547 1511 4603 regum
1537 4528 1845 4595 Austrasite,

264 4636 356 4702 qui
387 4631 614 4684 Rliemis
645 4628 930 4690 sedebant,
959 4626 1239 4693 imperium
1274 4624 1359 4676 vel
1409 4624 1459 4676 in
1509 4620 1847 4675 Germaniam

265 4726 432 4792 longe
457 4720 842 4792 procurrebat;
867 4718 932 4771 de
961 4734 1066 4786 quo
1096 4719 1210 4784 lege
1256 4715 1427 4778 Fort..
1488 4714 1580 4766 lib.
1616 4727 1686 4778 vt,
1714 4728 1761 4766 c.
1790 4710 1846 4777 2,

263 4828 319 4871 et
352 4816 544 4876 Ruin.,
579 4815 632 4866 in
665 4813 804 4863 notis
830 4811 893 4862 ad
926 4809 1089 4877 Greg.
1122 4809 1273 4870 Tur.,
1310 4808 1345 4861 1.
1373 4823 1420 4859 iv
1455 4805 1616 4868 IIist.,
1647 4819 1696 4857 c.
1721 4803 1812 4857 2‘2.

338 4905 434 4958 Η.
472 4905 677 4957 Interea
709 4901 1025 4970 Sigibertus,
1061 4915 1180 4951 cum
1219 4897 1411 4951 fratres
1439 4911 1562 4948 suos
1593 4907 1748 4963 reges
1778 4892 1852 4946 vi-

264 5000 442 5051 disset
495 4993 674 5047 infima
728 5000 783 5045 et
832 4990 1011 5043 servili
1059 4987 1362 5041 conditione
1393 4984 1708 5039 mulieribus
1757 4997 1852 5035 nu-

268 5091 471 5159 psisse,
514 5085 709 5139 oblitos
738 5085 950 5150 generis
979 5096 1040 5134 ac
1086 5077 1357 5148 dignitatis
1396 5092 1528 5142 sum,
1561 5077 1706 5142 regio
1737 5075 1852 5142 ipse

267 5182 458 5233 animo
487 5185 543 5230 et
569 5175 798 5229 consilio
827 5187 1048 5226 uxorem
1103 5169 1265 5236 regali
1297 5183 1326 5222 e
1357 5170 1522 5232 stirpe
1553 5165 1851 5219 ducendam

262 5271 510 5325 censuit.
545 5269 712 5332 Quam
759 5265 824 5318 ad
859 5279 969 5317 rem
1015 5262 1214 5329 legatos
1243 5261 1385 5314 misit
1429 5259 1480 5312 in
1526 5257 1849 5324 llispauiam,

261 5363 365 5431 qui
428 5357 857 5420 Brunicbildem,
907 5351 1246 5420 Atbauagildi
1303 5350 1443 5418 regis
1493 5350 1544 5402 in
1595 5347 1852 5414 HiSpauia

265 5454 468 5515 filiam,
496 5450 595 5502 sibi
626 5457 870 5517 peterent
895 5445 961 5499 ad
995 5443 1228 5512 nuptias,
1257 5441 1481 5509 puellam
1511 5455 1634 5494 cum
1686 5439 1858 5493 forma

267 5539 543 5608 corporis,
575 5547 687 5591 tum
713 5535 971 5590 industria
989 5542 1044 5588 et
1071 5547 1280 5587 merum
1309 5531 1615 5595 honestate,
1641 5527 1859 5584 consilii

1959 4553 2086 4593 scus
2125 4538 2348 4602 coleret,
2396 4552 2460 4593 ac
2507 4546 2686 4591 votum
2713 4552 2866 4590 suum
2918 4535 3241 4590 exsolveret.
3296 4534 3530 4588 Prazerat

1962 4641 2086 4686 tunc
2126 4633 2380 4700 temporis
2439 4630 2683 4684 Ecclesiae
2731 4627 3025 4682 Turonensi
3072 4635 3099 4661 ἰ
3150 4625 3526 4693 Euphronius,

1961 4737 2126 4790 nepos
2157 4725 2324 4777 sancti
2359 4723 2540 4790 Greg.,
2572 4721 2806 4792 episcopi
2848 4719 3222 4788 Lingonensis,
3277 4718 3357 4770 vir
3405 4732 3525 4771 cum

1959 4828 2158 4883 genere
2207 4813 2603 4876 nobilissimus,
2657 4820 2768 4864 tum
2826 4811 3109 4864 sanctitate
3161 4809 3523 4873 clarissimus,

1966 4919 2124 4973 quem
2171 4902 2428 4972 deinceps
2475 4902 2774 4956 Fortunato
2798 4900 3052 4970 singulari
3084 4897 3452 4953 benevolentia
3477 4907 3533 4952 et

1964 4992 2214 5047 amicitiae
2245 4991 2636 5046 necessitudine
2667 4989 2830 5044 fuisse
2856 4991 3200 5057 cunjunctum
3223 5027 3238 5052 ,
3275 4994 3532 5038 testantur

1965 5083 2187 5152 hujusce
2236 5085 2301 5136 ad
2356 5083 2500 5136 illum
2533 5082 2742 5150 scriptze
2775 5079 3037 5148 epistolae,
3081 5078 3115 5129 Ι.
3156 5091 3236 5136 ιιι,
3261 5089 3309 5129 c.
3343 5077 3365 5127 1
3394 5085 3446 5126 et
3471 5073 3528 5130 2.

1963 5176 2224 5230 Enmdem
2259 5175 2437 5244 itaque
2461 5185 2582 5228 tunc
2608 5175 2920 5228 convenisse
2949 5173 3264 5225 Fortunatus
3283 5207 3297 5231 ,
3327 5176 3379 5221 et
3409 5168 3526 5235 ejus

1964 5271 2213 5326 amicitiae
2243 5270 2588 5325 fundamenta
2615 5268 2858 5340 quaedam
2887 5265 3110 5335 jecisse,
3162 5276 3280 5330 qua:
3314 5271 3528 5330 postea,

1967 5364 2167 5418 mutuis
2210 5361 2412 5417 ofﬁciis
2443 5362 2584 5415 culta
2614 5371 2666 5416 ct
2693 5367 2870 5421 aucta,
2903 5370 2970 5410 eo
3001 5353 3261 5422 pervenit,
3315 5363 3372 5407 ut
3420 5351 3533 5420 ipse

1968 5454 2114 5510 illum
2149 5453 2381 5523 parentis
2409 5452 2464 5506 in
2493 5453 2610 5518 loco
2636 5450 2876 5510 haberet,
2909 5445 3166 5500 dicendus
3194 5451 3296 5497 est.

2035 5547 2128 5601 48.
2156 5547 2356 5602 Interea
2375 5545 2604 5599 Turonis
2625 5543 2916 5609 digressus,
2946 5554 3089 5601 cum,
3117 5536 3322 5591 itineris
3348 5549 3530 5598 causa,

341 5685 372 5712 ³
414 5674 550 5728 bI-le
602 5673 782 5726 Brow.
827 5673 880 5724 in
923 5669 1040 5724 Vita
1073 5671 1217 5727 Fort.
1273 5667 1422 5738 ponit
1475 5677 1597 5724 tunc
1648 5662 1906 5734 temporis
1945 5661 2173 5720 Turonis
2217 5663 2424 5720 sedisse
2475 5655 2808 5728 Gregorium.
2867 5657 2954 5726 qui
3017 5653 3228 5709 nonnisi
3289 5666 3374 5705 an.
3414 5651 3528 5704 573

266 5750 422 5809 illam
457 5745 645 5801 sedem
677 5751 761 5798 est
791 5742 1035 5808 adeptus.
