4060 6190
484 385 544 405 ob

479 405 548 442 {)0

1008 375 1516 434 PROLEGOMENA
1559 370 1651 428 AD
1693 368 2018 426 VENANTII
2059 367 2216 425 llON.
2263 365 2466 422 CLEM.
2512 361 2900 420 FORTUNATI
2941 360 3192 416 Ul’EilA.

3657 359 3726 415 3o

483 499 758 552 l'ictavum
789 495 1045 556 venisset,
1076 509 1136 547 ea
1166 494 1219 547 in
1264 491 1393 545 urbe
1433 488 1758 542 domicilium
1790 500 1940 538 suum
1990 500 2051 537 ac
2082 489 2126 544 Α
2157 482 2464 537 exsolverat
2489 487 2630 550 (quae
2656 492 2922 547 prmmpua
2973 477 3146 530 Inerat
3173 488 3329 529 causa
3374 489 3438 528 ex
3470 473 3620 530 italia
3672 475 3730 529 in

487 591 669 645 sedem
701 589 995 644 c.-nstitttit.
1023 587 1074 640 Id
1105 601 1226 640 cum
1257 600 1320 638 ex
1354 583 1499 636 Pauli
1555 579 1771 634 Diaconi
1815 583 2056 633 testimo-

487 686 575 736 nio
619 679 898 744 discimus,
950 687 1057 732 tum
1089 678 1202 744 ipse
1233 675 1554 729 Fortunatus
1578 671 1645 728 de
1669 685 1727 726 se
1751 669 2054 740 proﬁtetur,

484 775 520 827 1.
553 775 666 834 vni,
691 788 739 825 c.
775 775 824 831 ‘I,
858 771 935 824 s'ic
965 770 1249 822 scribens:

579 864 867 912 Fortunatus
891 872 986 920 ego
1009 859 1120 920 hinc
1143 859 1312 906 humili
1336 869 1504 917 prece,
1531 867 1651 905 voce
1676 853 1832 904 saluto
1859 867 1872 904 :

639 924 784 971 Italiae
809 919 1028 982 genitum
1047 919 1223 967 Gallici
1248 933 1359 966 rura
1386 927 1578 982 tenent.

581 984 783 1031 Pictavis
809 977 1162 1041 Fesitlens,-qua
1183 991 1376 1027 sanctus
1402 979 1611 1027 Hilarius
1635 977 1749 1026 olim

641 1044 791 1092 Natus
815 1045 861 1092 in
885 1045 1006 1091 urbe
1024 1044 1130 1104 fuit,
1155 1050 1295 1090 notus
1317 1042 1362 1088 in
1380 1044 1502 1088 orbe
1528 1041 1691 1088 Pater.

487 1127 735 1193 Quininto
790 1125 839 1178 id
902 1127 1154 1192 deinceps
1202 1122 1537 1192 promeruit,
1596 1132 1653 1174 ut
1707 1120 1850 1175 illius
1907 1117 2062 1172 Urbis

487 1219 658 1283 clero,
702 1216 944 1285 quamvis
989 1216 1222 1279 advena,
1257 1213 1632 1278 ascriberetur,
1667 1226 1729 1266 ac
1758 1209 2064 1265 sacerdotio

489 1309 790 1363 itiitiaretur
811 1349 824 1376 ,
877 1310 1018 1377 qttod
1069 1321 1201 1362 sane
1249 1321 1440 1375 magno
1465 1314 1547 1359 est
1577 1305 1718 1359 illius
1751 1302 1970 1357 virtutis
2003 1317 2066 1355 ac

490 1401 612 1452 vitae
643 1400 964 1468 integritatis
993 1407 1048 1452 et
1075 1400 1392 1452 innocentia:
1423 1404 1757 1466 argumento.
1785 1394 1904 1460 Quo
1933 1406 2066 1447 vero

491 1504 633 1543 anno
684 1489 1034 1544 Pictaviensis
1091 1488 1341 1542 Ecclesia:
1398 1487 1677 1557 presbyter
1747 1486 1916 1538 iactus
1963 1483 2065 1548 sit,

423 1600 425 1602 ·
495 1581 632 1633 hami
665 1580 733 1634 ita
778 1579 933 1634 facile
974 1588 1052 1633 est
1080 1588 1338 1632 statuere.
1371 1577 1566 1631 Paulus
1600 1576 1897 1638 Diaconos,
1939 1573 2065 1626 dum

493 1679 673 1724 narrat
717 1671 783 1725 de
831 1671 1022 1725 eodem
1075 1670 1215 1739 quod
1273 1669 1539 1723 novissime
1577 1669 1628 1720 in
1657 1668 1829 1721 eadem
1869 1667 2070 1719 ciuitate

495 1761 737 1830 (scilicet
767 1760 1030 1830 Pictavis)
1066 1761 1287 1831 primum
1329 1759 1610 1831 presbyter,
1642 1758 1826 1811 deinde
1866 1758 2065 1824 episco-

2159 573 2380 628 Galliam
2425 571 2717 636 veniendi),
2769 569 2942 621 adhuc
2969 564 3267 620 substiterit
3311 565 3364 618 in
3397 563 3598 628 Gallia,
3632 580 3733 621 nec

2159 666 2224 719 ad
2247 679 2369 718 suos
2398 662 2668 717 remearit.
2705 660 2764 716 Ρ.
2797 661 3100 725 Browerus,
3126 671 3246 725 cap.
3279 657 3320 710 2
3343 655 3410 710 de
3437 656 3553 710 Vita
3601 657 3736 712 Foro

2162 755 2350 821 tunati,
2384 754 2503 824 ejus
2535 754 2612 806 rei
2643 767 2856 807 causam
2893 748 3054 804 refert
3099 749 3152 802 itt
3210 747 3432 802 bellicos
3475 748 3734 801 tumultus

2162 847 2352 914 quibus
2399 844 2547 899 Italia
2599 841 3070 911 Longobardorutn
3115 839 3281 893 armis
3332 849 3457 893 tunc
3503 837 3734 893 maxime

2162 937 2358 990 alIIirta
2399 945 2499 990 est.
2531 935 2646 1001 Quo
2675 948 2802 988 sane
2832 942 3074 1001 tempore
3100 931 3422 995 Tarvisium,
3449 930 3731 985 Fortunati

2168 1028 2362 1096 patria,
2398 1036 2448 1081 et
2477 1027 2786 1096 propinqua:
2817 1025 3083 1094 regiones,
3116 1026 3299 1092 positae
3331 1025 3381 1076 in
3406 1025 3572 1092 ipsius
3592 1024 3738 1079 Ger-

2165 1122 2359 1175 maniae
2410 1135 2505 1175 ore
2535 1135 2597 1172 ac
2625 1120 2887 1183 l'aucibus,
2942 1117 3219 1170 hostilibus
3251 1117 3660 1170 excursionibus
3683 1124 3740 1169 et

2165 1209 2373 1278 injnr.is
2395 1210 2446 1262 in
2481 1209 2663 1276 primis
2692 1217 2929 1276 patuere.
2968 1207 3015 1260 Is
3059 1207 3264 1259 interea
3313 1206 3412 1258 sibi
3466 1205 3520 1259 itt
3568 1204 3737 1258 Gallia

2167 1300 2547 1354 subsidendum
2592 1299 2764 1361 duxit,
2819 1299 3025 1362 donec,
3069 1311 3199 1364 pace
3245 1305 3298 1349 et
3353 1295 3742 1363 tranquillitate

2167 1391 2328 1445 Italiae
2367 1391 2590 1454 reddita,
2621 1401 2734 1443 tttto
2766 1403 3036 1457 paternam
3068 1388 3133 1440 ad
3164 1387 3430 1455 regionem
3459 1395 3621 1455 atque
3647 1386 3743 1438 do-

2170 1499 2314 1536 mum
2350 1483 2646 1552 remigrare
2671 1480 3034 1549 posset.Sane
3066 1478 3204 1531 haud
3238 1477 3352 1547 ipse
3383 1493 3536 1546 aequo
3565 1478 3744 1530 animo

2170 1574 2222 1628 in
2272 1573 2437 1628 Gallia
2479 1572 2930 1634 commorabatur,
2977 1585 3074 1623 nec
3125 1581 3403 1637 propterea
3447 1569 3656 1623 videtur
3677 1585 3742 1622 ex

2171 1667 2333 1720 animi
2364 1667 2642 1734 proposito
2690 1666 2917 1718 alienam
2970 1661 3240 1729 regionem
3297 1658 3478 1728 patriae
3527 1675 3590 1714 ac
3635 1660 3746 1712 suis

2171 1763 2558 1828 auteposuisse,
2591 1761 2678 1828 qui
2703 1758 2942 1812 scribens
2967 1757 3034 1811 ad
3057 1756 3284 1824 Lupum,
3321 1753 3410 1808 lib.
3431 1768 3526 1817 vn,
3545 1766 3662 1820 cap.
3687 1751 3743 1817 9,

497 1868 592 1919 pus
627 1853 892 1906 ordinatus
933 1853 1028 1918 sit,
1084 1851 1295 1905 videtur
1328 1851 1392 1904 ad
1424 1861 1720 1906 extremum
1751 1849 1866 1917 ejus
1894 1848 2070 1902 anatis
2099 1842 2147 1900 B
2176 1854 2291 1905 tunc
2316 1854 2384 1906 de
2415 1867 2471 1904 se
2499 1850 2734 1918 loquitur
2760 1867 2771 1900 :

496 1944 787 2010 tempusid
821 1944 1017 1998 factum
1067 1945 1294 1999 referre.
1350 1946 1420 1997 At
1476 1957 1598 1997 cum
1651 1942 1808 2012 Greg.
1867 1942 2070 1996 Turon.

496 2035 845 2089 Fortunatnm
876 2037 987 2090 suis
1019 2037 1070 2089 in
1117 2036 1264 2090 libris
1316 2037 1690 2105 presbyterum
1725 2035 1926 2104 passim
1979 2050 2073 2102 ap-

496 2127 682 2196 pellet,
715 2127 870 2182 aliter
901 2127 1114 2180 videtur
1134 2127 1504 2197 judicandum.
1527 2127 1658 2181 Nam
1689 2128 1724 2181 l.
1752 2143 1768 2181 ι
1795 2128 1859 2181 de
1885 2127 2073 2181 Mirae.

495 2219 667 2271 sancti
703 2217 948 2280 Martini,
1005 2234 1055 2272 c.
1088 2216 1195 2282 15,
1256 2219 1499 2272 emmlem
1555 2227 1736 2284 aperte
1782 2233 2078 2270 conservum

499 2326 688 2376 suum,
743 2310 1088 2364 Fortunatam
1151 2313 1494 2382 presbyterum
1523 2322 1695 2366 vocat.
1730 2315 1797 2367 At
1849 2311 2073 2382 Gregor.

498 2401 703 2454 Turon.
739 2401 903 2456 libros
934 2402 1000 2456 de
1021 2403 1201 2457 Mirac.
1224 2405 1392 2459 sancti
1423 2404 1629 2458 Martini
1657 2405 2074 2476 conscripserat,

500 2498 782 2557 antequam
816 2489 1143 2546 Fortunatus
1181 2506 1309 2547 suos
1362 2493 1484 2546 illos
1534 2508 1586 2546 tv
1641 2493 1708 2548 de
1739 2494 1855 2548 Vita
1909 2496 2076 2550 sancti

504 2576 715 2635 Martini
746 2581 987 2636 versibus
1018 2594 1283 2648 exararet,
1315 2598 1434 2637 eum
1468 2584 1519 2637 in
1548 2584 1771 2652 epistola
1806 2585 1906 2639 illis
1938 2600 2079 2654 prte-

501 2677 602 2730 Iixa
643 2675 844 2730 scribat
879 2675 1158 2745 Gregorio,
1191 2687 1269 2744 ut,
1313 2691 1432 2730 cum
1471 2679 1710 2748 jussisset
1765 2694 1893 2748 opus
1945 2678 2080 2732 illud

501 2771 636 2840 quod
687 2767 800 2838 ipse
830 2766 1122 2835 Gregorius
1154 2767 1214 2820 de
1263 2767 1531 2821 virtutibus
1557 2769 1718 2822 sancti
1749 2767 1966 2821 Martini
1992 2784 2084 2822 ea:-

501 2862 752 2927 plicuerat
779 2860 1020 2913 versibus
1048 2857 1296 2926 exprimi,
1353 2859 1454 2912 sibi
1502 2858 1631 2911 illud
1677 2839 2080 2924 tranSIttitteret,

502 2951 642 3020 quod
674 2951 912 3004 carmine
940 2949 1409 3015 complecteretur.
1433 2947 1550 3001 Jam
1587 2963 1714 3002 vero
1747 2949 2073 3004 Fortunatus

503 3039 834 3103 elucubravit
864 3037 1028 3090 libros
1057 3051 1109 3088 1v
1135 3035 1201 3090 de
1233 3035 1350 3088 Vita
1379 3039 1547 3090 sancti
1601 3036 1836 3102 Martini,
1896 3045 2085 3090 sancto

506 3133 796 3194 Germano,
832 3126 1118 3182 Parisiensi
1146 3127 1405 3192 antistite,
1440 3126 1614 3180 adhuc
1641 3127 1948 3196 superstite,
1992 3127 2081 3196 qui

509 3241 597 3278 an.
631 3223 732 3277 576
761 3237 1070 3290 supremum
1109 3221 1253 3278 diem
1282 3223 1434 3287 obiit,
1469 3224 1542 3277 uti
1590 3224 1961 3278 adnotavimus
2015 3226 2084 3278 ad

511 3320 603 3373 lib.
645 3334 695 3371 tv
743 3317 851 3372 \‘it.
899 3317 1070 3371 sanc'i
1124 3317 1352 3381 Martini,
1399 3334 1514 3385 pag.
1564 3317 1692 3371 470.
1752 3317 1832 3370 Ex
1893 3317 2087 3386 quibus

511 3408 789 3464 coalicitur
842 3409 954 3475 jam
986 3421 1053 3460 ex
1089 3407 1182 3460 illo
1215 3415 1453 3476 tempore
1491 3406 1840 3459 Fortunatam
1868 3407 2090 3477 presby-

513 3510 686 3554 terum
719 3498 905 3552 iuisse.
957 3497 1094 3564 Quin
1124 3498 1307 3552 uthac
1354 3499 1406 3552 in
1452 3513 1510 3552 re
1557 3499 1695 3567 quod
1735 3495 1910 3553 sentio
1967 3513 2090 3565 pro-

516 3589 952 3653 teratn,,videtur
978 3588 1106 3642 mihi
1155 3588 1477 3643 Fortunatus
1525 3589 1635 3658 jam
1694 3598 1818 3643 tunc
1865 3590 2090 3644 cltricus

518 3682 705 3745 fuisse,
729 3695 849 3734 cum
877 3680 946 3735 ab
976 3678 1122 3733 Italia
1154 3689 1238 3733 est
1261 3680 1561 3747 prolectus;
1591 3679 1747 3750 idque
1770 3695 1832 3733 ex
1863 3694 1926 3733 eo
1957 3695 2090 3734 con-

519 3772 661 3843 iicio,
693 3772 832 3842 quod
863 3773 930 3826 ab
953 3771 1069 3840 ejus
1098 3785 1276 3826 comvo
1311 3770 1471 3840 Grcg.
1506 3771 1630 3824 Tur.
1664 3769 1937 3838 Presbyter
1976 3768 2092 3821 Ita-

521 3866 652 3917 licus
682 3865 880 3933 passim
907 3863 1234 3930 nominetur,
1267 3878 1424 3931 quem
1458 3863 1664 3915 titulum
1690 3863 1769 3916 vel
1798 3861 1913 3930 ejus
1937 3876 2094 3930 opera

527 3971 635 4026 prae
666 3971 726 4010 se
759 3955 780 4009 f
784 3962 960 4009 erunt.

596 4048 686 4102 49.
716 4033 882 4103 Multo
905 4060 1033 4101 vero
1060 4044 1331 4099 dilticiltus
1352 4054 1434 4100 est
1454 4052 1687 4098 statuere
1709 4058 1940 4112 quonam
1966 4050 2098 4099 tern-

527 4155 657 4210 pore
703 4139 847 4194 idem
889 4137 1005 4206 ipse
1048 4137 1277 4205 hoSpitio
1317 4151 1442 4191 usus
1468 4137 1628 4191 fuerit
1681 4135 1970 4204 Agricolas,
2007 4150 2100 4187 seu

529 4233 854 4303 Agrmculaa,
901 4230 1135 4298 episcopi
1163 4229 1571 4297 Cabillonensis,
1623 4229 1756 4294 sive,
1811 4237 1870 4283 ut
1916 4229 2104 4282 verisi-

530 4327 710 4380 milius
758 4323 992 4386 videtur,
1048 4322 1416 4386 Nivernensis,
1467 4321 1606 4375 sicut
1635 4321 2009 4374 adnotavimus
2039 4321 2104 4375 ad

532 4429 651 4482 cap.
677 4411 748 4464 24
779 4397 870 4466 lib.
896 4425 950 4463 ιιι
976 4410 1074 4478 Op.
1101 4409 1246 4464 Fort.
1269 4412 1316 4465 Is
1332 4411 1472 4464 enim
1493 4412 1731 4466 scribens
1750 4412 1815 4465 ad
1837 4415 2106 4476 eumdem,

2301 1939 2449 1989 Exsul
2467 1940 2527 1988 ab
2554 1939 2682 1988 Italia
2709 1950 2854 1998 nono,
2883 1943 3018 1999 puto,
3041 1936 3204 1999 volvor
3221 1936 3274 1984 in
3294 1947 3438 1994 anno,

2361 2001 2557 2051 Liltorts
2581 2003 2765 2051 Oceani
2788 1997 3103 2059 cdntiguante
3134 1997 3251 2046 salo.

2297 2062 2539 2124 Tempora
2557 2071 2628 2111 tot
2650 2060 2866 2124 fugiunt,
2887 2069 2939 2109 et
2957 2061 3112 2107 adhuc
3136 2061 3411 2120 perscripta
3430 2063 3687 2122 parentum

2361 2122 2534 2172 Nullus
2563 2125 2624 2172 ab
2641 2122 2858 2172 exclusis
2879 2134 2956 2170 me
2981 2124 3224 2170 recreavit
3245 2133 3388 2182 apex.

2176 2206 2366 2260 Adhuc
2391 2221 2517 2260 vero
2547 2205 2910 2258 miserabilius
2947 2219 3100 2259 suum
3140 2203 3208 2258 ab
3254 2203 3402 2258 Italia
3449 2203 3747 2273 digressum

2179 2300 2500 2352 lamentatur
2527 2296 2622 2351 lib.
2653 2313 2727 2364 vt,
2759 2310 2860 2363 cap
2885 2296 2972 2358 10,
3005 2296 3086 2350 his
3114 2295 3290 2350 verbis
3311 2298 3335 2347 ‘t

2271 2387 2484 2436 Tristius
2506 2397 2617 2435 erro
2641 2386 2802 2445 nimis,
2834 2386 2998 2445 patriis
3020 2396 3172 2444 vagus
3195 2383 3336 2432 exsul
3360 2383 3419 2430 ah
3441 2385 3560 2445 oris,

2333 2449 2486 2506 Quam
2510 2450 2573 2496 sit
2589 2444 2856 2508 Apolloniis
2873 2444 3133 2507 naufragus
3157 2445 3334 2505 hospes
3355 2446 3506 2505 aquis.

2251 2532 2342 2586 5i.
2391 2533 2572 2602 Neque
2611 2531 2773 2584 altera
2806 2529 3174 2600 prmtereunda
3201 2541 3362 2581 causa
3392 2537 3474 2581 est
3495 2526 3564 2579 ob
3593 2541 3754 2594 quam

2181 2624 2224 2678 is
2268 2624 2319 2677 in
2359 2623 2533 2677 Gallia
2566 2622 2939 2693 permanserit,
2971 2635 3070 2674 nec
3113 2619 3178 2672 ad
3221 2634 3350 2673 suos
3396 2616 3622 2686 amplius
3663 2632 3755 2672 re-

2182 2733 2367 2771 versus
2398 2718 2490 2770 sit.
2523 2716 2667 2770 llaue
2698 2724 2872 2770 autem
2905 2714 3020 2784 ipse
3047 2712 3202 2766 nobis
3224 2712 3461 2765 declarat
3497 2712 3594 2766 lib.
3623 2725 3740 2775 vin,

2182 2823 2301 2878 cap.
2331 2810 2382 2873 I,
2408 2807 2691 2876 inquiens:

2278 2897 2532 2948 Martinum
2556 2897 2911 2958 cupiens,voto
2945 2893 3260 2958 Badegundis
3283 2894 3481 2954 atlhazsi,

2337 2959 2489 3017 Quam
2509 2959 2682 3020 genuit
2703 2957 2828 3007 cmlo
2848 2966 2974 3005 terra
2997 2957 3206 3018 'I'oringa
3231 2969 3388 3005 sacro.

2187 3043 2241 3099 id
2267 3053 2384 3110 est,
2429 3057 2550 3096 cum
2590 3057 2654 3096 eo
2697 3042 2920 3096 consilio
2945 3042 2996 3095 in
3047 3041 3272 3095 Galliam
3329 3039 3598 3105 venisset,
3653 3055 3758 3108 quo

2188 3138 2358 3190 sancti
2379 3134 2583 3189 Martini
2614 3134 2919 3203 sepulcrum
2945 3134 3218 3198 inviseret,
3240 3146 3300 3186 ac
3324 3149 3432 3186 suae
3460 3146 3586 3202 erga
3611 3133 3760 3186 illum

2193 3227 2371 3297 pietati
2402 3225 2734 3280 satisfaceret
2766 3266 2782 3292 ,
2827 3225 3189 3294 Radegundis,
3221 3225 3475 3293 piissimae
3523 3225 3756 3290 Ietnitttr,

2192 3319 2434 3388 precibus
2481 3334 2544 3373 ac
2577 3317 2716 3373 votis
2759 3327 2999 3373 retentus
3028 3327 3133 3380 est,
3161 3319 3447 3386 quominus
3479 3317 3530 3370 in
3557 3315 3760 3370 Italiam

2190 3420 2581 3472 reverteretur;
2606 3424 2675 3464 oc
2713 3407 2840 3462 inde
2881 3409 3077 3463 factum
3122 3420 3176 3461 ut
3205 3408 3258 3462 in
3304 3406 3473 3462 Gallia
3503 3407 3762 3476 reliquum

2192 3501 2312 3554 vita:
2342 3515 2452 3554 sua:
2479 3500 2709 3569 Spatium
2734 3499 3052 3553 traduceret.

2265 3594 2354 3648 52.
2409 3594 2668 3661 Quoniam
2729 3608 2860 3647 vero
2908 3592 2976 3646 de
3043 3590 3368 3661 Radcgnnde
3426 3583 3625 3643 mentio
3686 3595 3770 3640 est

2197 3686 2355 3751 facta,
2379 3687 2532 3755 cujus
2555 3683 2788 3739 maxime
2818 3698 2980 3752 opera
3006 3683 3054 3736 id
3081 3682 3370 3752 prastitum
3404 3681 3520 3745 luit,
3552 3689 3608 3732 ιιι
3639 3679 3770 3732 For-

2200 3787 2412 3832 tunatus
2469 3779 2520 3829 in
2572 3777 2740 3829 Gallia
2787 3784 3110 3836 remaneret,
3160 3788 3424 3841 quemque
3473 3772 3561 3825 illa
3605 3769 3774 3823 coluit

2199 3883 2437 3937 semper,
2469 3876 2629 3936 atque
2660 3867 2909 3920 omnibus
2941 3864 3271 3919 liberalitatis
3299 3873 3354 3916 et
3383 3860 3772 3916 benevolentis:

2201 3958 2393 4014 ofﬁciis
2428 3969 2508 4012 est
2540 3967 2837 4028 prosecuta,
2872 3956 3012 4011 haud
3062 3956 3162 4010 erit
3220 3954 3453 4006 alientm
3510 3952 3578 4005 de
3629 3951 3776 4019 regio

2201 4051 2317 4121 ejus
2349 4065 2544 4120 genere
2575 4064 2638 4103 ac
2667 4046 2902 4115 fortuna,
2938 4061 3035 4102 nec
3065 4061 3168 4100 non
3213 4047 3280 4100 de
3323 4044 3532 4114 egregia
3580 4044 3777 4098 virtute

2205 4160 2267 4198 ac
2299 4144 2672 4211 sanctinwnia,
2719 4143 2969 4196 nonnulla
3001 4140 3200 4204 dicere,
3225 4139 3470 4208 equibus
3505 4136 3568 4189 ad
3605 4137 3780 4190 Vitam

2209 4236 2484 4291 Fortunati
2507 4247 2558 4290 et
2586 4238 2833 4306 pieraque
2879 4237 2994 4303 ejus
3029 4242 3270 4303 poemata
3304 4229 3612 4285 illustranda
3665 4230 3784 4298 plu-

2209 4327 2402 4382 rimmn
2449 4327 2581 4380 lueis
2638 4325 2762 4379 addi
2813 4324 2997 4393 possit.
3047 4323 3168 4377 Fuit
3221 4323 3398 4390 itaque
3442 4319 3785 4390 Radegundts

2213 4419 2496 4484 Bertharii,
2526 4420 2665 4488 regis
2691 4418 3105 4488 Tituringorum,
3136 4415 3266 4482 lilia,
3309 4429 3466 4482 quem
3497 4402 3617 4466 cum
3653 4411 3787 4466 Iler-

535 4520 641 4561 non
673 4504 842 4557 solum
876 4516 934 4556 se
958 4517 1078 4554 cum
1112 4502 1204 4554 illo
1233 4503 1428 4556 vixisse
1457 4519 1564 4567 prie
1585 4517 1643 4556 Se
1671 4504 1792 4568 feri.
1822 4505 1914 4557 Sed
1945 4504 2106 4558 θιὶίιιιι
2140 4528 2188 4586 ι)
2217 4511 2408 4564 meneii
2425 4509 2562 4575 idus,
2595 4524 2880 4579 germanus
2912 4509 3152 4578 ejusdem
3181 4509 3362 4571 frater,
3407 4506 3783 4575 oppressisset,

535 4600 604 4652 ab
629 4597 832 4666 optimo
859 4595 1100 4664 ejusdem
1147 4602 1367 4662 parente
1409 4596 1655 4661 doctum,
1709 4596 2005 4650 institutmn
2051 4611 2113 4650 ac

540 4701 751 4758 pastum
785 4688 972 4751 inise,
1006 4693 1230 4740 testatur
1260 4684 1406 4740 hisce
1432 4686 1677 4740 versibus
1712 4705 1726 4740 :

666 4799 783 4860 Cum
803 4809 911 4845 mea
938 4803 1066 4844 terra
1082 4807 1234 4860 manu
1261 4797 1443 4860 meruit
1462 4797 1701 4857 genitoris
1723 4799 1869 4860 arari,

728 4859 972 4907 Reddatur
995 4859 1092 4905 nati
1119 4872 1162 4904 vt
1179 4871 1318 4906 mere
1350 4857 1476 4906 culta
1501 4861 1592 4906 sui.

666 4921 784 4969 Nam
813 4929 966 4980 pater,
987 4918 1164 4966 alieetu
1182 4919 1330 4978 dulci,
1350 4917 1634 4967 metuorabil
1659 4931 1683 4966 s
1701 4918 1827 4980 orbi,

736 4983 809 5028 Me
834 4981 1077 5028 vobiscum
1102 4992 1200 5028 uno
1221 4981 1334 5029 t'ovit
1357 4992 1522 5028 amore
1547 4983 1686 5028 duos.

667 5043 822 5108 Corde
851 5055 1041 5108 parens,
1067 5052 1204 5108 paStu
1225 5043 1407 5108 nutrix,
1430 5043 1590 5108 bonus
1602 5053 1688 5108 ore
1712 5043 1964 5105 magister,

735 5103 938 5161 Uileait,
965 5103 1134 5160 colu'it,
1161 5105 1310 5161 rexit,
1341 5103 1543 5151 honesta
1565 5103 1716 5152 dedit.

669 5165 758 5214 ille.
782 5167 861 5222 pio
877 5166 1033 5211 Stttdio
1055 5163 1234 5210 sulcata
1261 5162 1444 5213 novalia
1471 5166 1628 5215 sevit:

734 5227 871 5284 Quod
898 5227 1042 5275 I’ater
1066 5227 1255 5288 alludit,
1281 5227 1370 5275 hoc
1393 5227 1512 5273 mihi
1534 5237 1572 5274 si
1594 5237 1705 5274 men
1727 5223 1825 5276 ale.

556 5332 666 5384 Iloc
711 5331 890 5399 itaque
933 5333 1167 5402 hospitio
1212 5348 1366 5386 usum
1417 5331 1734 5386 crediderim
1779 5330 2127 5386 Fortunatnm

557 5431 839 5488 antequam
874 5423 1183 5492 Radegundi
1220 5423 1322 5494 (de
1363 5438 1463 5490 qua
1512 5437 1635 5476 mox
1678 5424 1781 5477 erit
1809 5423 2029 5492 sermo)
2077 5431 2132 5478 et

557 5512 674 5580 ejus
722 5510 949 5580 negotiis
996 5515 1343 5569 conﬁciendis
1397 5529 1457 5569 se
1515 5515 1728 5581 penitus
1769 5516 1940 5579 daret,
1972 5530 2001 5569 a
2029 5530 2130 5585 qua

555 5602 748 5658 tit-inde
773 5603 912 5657 haud
941 5604 1139 5660 diutius
1173 5607 1378 5661 videtur
1405 5606 1664 5662 abfuisse.

631 5695 720 5747 50.
752 5694 883 5749 Illud
917 5711 1045 5751 vero
1075 5697 1177 5752 hoc
1207 5699 1306 5753 loci
1330 5700 1498 5768 qtta‘ri
1528 5700 1691 5765 solet,
1718 5699 2037 5768 quibusnam
2067 5698 2135 5753 de

559 5785 736 5840 causis
765 5785 1109 5855 Fortunatus,
1142 5799 1484 5858 posteaquam
1516 5797 1694 5845 votum
1719 5804 1874 5844 suum
1899 5790 2132 5844 Turonis

2219 4602 2584 4672 Radegundis,
2616 4604 2791 4656 adhuc
2825 4603 3020 4672 puella,
3052 4613 3203 4670 patre
3230 4601 3382 4664 orba,
3418 4600 3587 4665 patrui
3620 4599 3670 4652 itt
3705 4606 3789 4652 tu-

2220 4694 2329 4747 tela
2359 4694 2541 4748 relicta
2573 4703 2655 4747 est
2687 4692 2865 4762 (Ct't’g.
2897 4692 3090 4746 Turon.
3126 4707 3180 4746 ιιι
3210 4690 3350 4743 Ilist.
3384 4688 3602 4755 Frena,
3630 4705 3676 4742 ο.
3709 4687 3790 4757 4).

2221 4786 2410 4840 Postea
2443 4800 2572 4840 vero
2605 4784 3013 4838 Hermenelrido
3067 4787 3180 4852 ipso
3234 4798 3261 4834 a
3295 4781 3618 4836 Francorum
3650 4781 3794 4848 regi-

2221 4876 2319 4930 bus
2372 4876 2606 4931 Clotario
2655 4885 2708 4929 et
2757 4873 3096 4928 Theoderico
3145 4885 3398 4939 superato
3450 4881 3502 4924 et
3552 4871 3794 4936 deviCto,

2224 4965 2483 5018 eademin
2509 4965 2733 5020 Galliam
2778 4964 3001 5017 adducta
3029 4963 3236 5032 captiva
3267 4974 3380 5027 est;
3423 4962 3491 5016 de
3529 4977 3630 5032 qua
3675 4976 3798 5014 eunt

2225 5059 2611 5114 Theodericum
2669 5062 2806 5112 inter
2863 5075 2926 5111 ac
2971 5058 3266 5112 Clotarium
3310 5057 3586 5113 contentio
3612 5055 3804 5108 fuisset

2228 5162 2435 5216 exerta,
2489 5153 2593 5204 utri
2661 5165 2796 5203 uxor
2842 5150 3163 5219 obtingeret,
3225 5153 3352 5204 vicit
3405 5149 3694 5212 Clotarius,
3741 5163 3805 5200 ac

2229 5243 2424 5306 eidem,
2452 5243 2629 5296 statim
2654 5253 2812 5309 atque
2844 5256 2936 5308 per
2959 5253 3167 5296 aetatem
3198 5245 3382 5312 pue'lae
3407 5228 3577 5306 licuit,
3602 5240 3806 5308 nupsit,

2231 5342 2349 5380 cum
2379 5341 2498 5380 eam
2533 5330 2735 5380 interea
2767 5325 2908 5395 regia
2936 5326 2990 5380 in
3031 5328 3152 5378 villa
3207 5326 3538 5379 educandam
3590 5341 3652 5380 ac
3702 5339 3804 5377 nu-

2235 5418 2498 5472 triendam
2548 5419 2864 5473 custodibus
2897 5417 3202 5472 tradidisset
3247 5417 3448 5486 (Fort.,
3497 5434 3551 5471 rt.
3583 5414 3618 5468 2
3674 5413 3810 5469 Vita:

2236 5507 2419 5580 Rud).
2457 5507 2648 5562 Verum
2683 5509 2888 5578 regales
2932 5510 3127 5578 nuptia:
3176 5508 3490 5576 deliciaeque
3530 5506 3668 5561 aula:
3711 5519 3811 5576 po-

2238 5603 2549 5658 tentissimae
2579 5600 2706 5656 illud
2740 5601 2950 5670 pietatis
2978 5613 3042 5653 ac
3086 5599 3360 5668 religionis
3403 5598 3638 5653 studium
3668 5597 3812 5666 quod

2239 5701 2291 5754 in
2323 5699 2547 5767 puellula
2576 5695 2688 5766 jam
2727 5697 2996 5760 eluserat,
3033 5695 3189 5748 sofita
3223 5695 3336 5748 suis
3365 5693 3614 5748 manibus
3647 5692 3816 5745 imam

2239 5790 2489 5845 altarium
2521 5799 2722 5859 partem
2756 5795 2983 5855 tergere,
3031 5795 3084 5841 et
3127 5799 3410 5854 puerorum
3459 5782 3678 5851 choros,
3731 5782 3810 5835 di-
