3990 6188
353 306 428 356 57

1533 308 1687 365 Vl’l‘A
1734 309 2053 366 VENANTII
2097 311 2512 368 FOR'fUN.\Tl.
3559 325 3625 379 58

357 417 514 472 σξηεε
571 417 760 472 laudes
811 416 1198 472 celebrantium
1226 462 1238 486 ,
1300 421 1496 475 ducere
1516 461 1531 484 ,
1579 423 1709 476 nihil
1770 425 1944 478 immi-
1973 427 2020 484 Α
2051 441 2151 478 uno
2176 425 2402 480 residens
2425 427 2555 489 loco,
2577 443 2627 480 se
2651 427 2835 483 habere
2861 430 3078 501 gloriam
3102 442 3196 489 est.
3232 435 3308 489 Atl
3335 437 3626 506 petitionem

356 519 598 562 nuerunt
668 507 764 562 sed
824 507 1006 575 potius
1052 508 1411 574 illustrarunt,
1463 511 1653 580 utjam
1688 512 1954 568 diceretur

374 600 603 655 Slotario
628 614 657 651 a
687 599 802 652 suis
829 599 1022 653 aulicis
1052 600 1234 653 habere
1259 616 1372 653 eum
1398 604 1564 671 potius
1585 603 1822 672 jugalem
1845 621 1954 657 mo-

359 694 589 745 nacham
614 707 764 761 quam
793 694 1046 761 reginam,
1082 694 1222 746 unde
1251 703 1367 747 erat
1409 694 1461 746 in
1519 697 1660 748 illam
1710 711 1953 750 nonnun-

360 798 532 848 quam
562 781 818 850 asperior.
871 782 1077 836 Interea
1111 797 1238 836 vero
1269 783 1614 854 Radegnndis
1647 786 1831 851 frater,
1865 788 1949 840 in-

369 873 516 939 juste
569 886 598 923 a
653 871 890 924 Clotario
917 872 1203 936 occiditur,
1233 887 1306 925 ex
1337 873 1852 966 aul-coMfraude
1885 891 1948 931 ac

377 961 620 1028 perfidia.
657 961 770 1013 lloc
801 961 890 1012 illa
928 969 1138 1028 tempus
1160 971 1216 1015 et
1242 961 1578 1016 occasionet‘u
1614 973 1789 1027 nacta,
1847 965 1951 1020 sibi

361 1070 392 1104 a
424 1053 666 1106 Clotario
698 1053 1067 1106 recedendum
1107 1054 1353 1117 censuit,
1407 1053 1845 1110 atﬁnmnasticam
1875 1056 1951 1110 vi-

366 1153 496 1206 tam,
523 1143 681 1211 cujus
714 1142 898 1195 studio
927 1142 980 1194 in
1004 1143 1194 1210 primis
1222 1144 1523 1207 tenebatur,
1555 1145 1809 1211 cogitavit
1835 1161 1949 1200 am-

360 1237 542 1306 plecti.
594 1235 778 1304 Itaque
825 1235 890 1287 ad
922 1235 1134 1289 beatum
1167 1235 1495 1300 Medardutn,
1529 1236 1946 1293 Noviomensetn

357 1325 682 1390 antistitem,
717 1325 923 1379 directa
951 1340 979 1377 a
1008 1340 1135 1394 rege
1163 1326 1414 1394 conjuge,
1445 1343 1565 1381 cum
1595 1330 1848 1394 venisset,
1877 1332 1946 1385 ab

355 1417 550 1471 eodem
581 1419 750 1484 carpit
779 1418 1131 1482 contendere,
1164 1431 1218 1472 ut
1243 1434 1385 1487 sese,
1417 1431 1618 1474 mutata
1644 1433 1817 1489 veste,
1847 1425 1950 1478 Do-

358 1511 507 1564 mino
537 1519 905 1564 consecraret.
930 1511 1080 1576 Quod
1107 1511 1199 1565 ille
1221 1512 1394 1579 primo
1425 1527 1704 1580 recusans,
1741 1515 1946 1570 veritus

359 1614 427 1652 nc
459 1599 682 1653 Clotarii
712 1598 1130 1667 indignationem
1168 1600 1222 1653 in
1263 1608 1435 1654 semet
1471 1601 1769 1669 excitaret,
1822 1619 1941 1668 pos-

362 1700 536 1743 tremo
566 1691 731 1744 cessit
762 1690 1031 1757 precibus,
1063 1705 1127 1744 ac
1148 1691 1325 1745 velum
1350 1691 1464 1760 ejus
1489 1693 1649 1761 capiti
1672 1695 1947 1762 imposuit,

2053 526 2244 569 sanctis
2280 517 2414 569 misit
2458 518 2635 587 imper.
2673 518 2948 589 legatarios
2974 537 3088 576 cum
3121 523 3407 596 Evangeliis
3432 546 3558 583 auro
3583 542 3632 586 et

2051 608 2261 676 gemmis
2288 609 2504 661 ornatis.

2123 693 2214 748 55.
2265 695 2390 749 ΙΙωο
2418 705 2592 750 autem
2624 701 2835 754 occasio
2871 702 2963 755 fttit
2995 702 3287 761 Fortunato
3317 715 3373 761 ιιι
3403 709 3630 779 hymnos

2053 788 2337 842 nonnullos
2378 799 2432 844 et
2464 800 2712 859 poemata
2757 794 2855 848 alia
2901 796 3236 853 elucubraret
3276 800 3327 854 itt
3373 801 3628 857 honorem

2053 888 2255 932 sanctae
2309 882 2520 945 crucis,
2569 899 2686 949 qua:
2741 884 2878 938 inter
2917 889 3325 944 celeberrimum
3373 892 3503 946 illud
3546 903 3629 949 est

2052 969 2191 1034 quod
2223 968 2409 1036 incipit
2443 968 2647 1023 Vexilla
2679 969 2831 1040 Regis
2854 975 3139 1043 prodeunt,
3173 978 3430 1032 Ecclesiae
3463 983 3631 1050 ipsius

2052 1071 2149 1110 usu
2176 1057 2498 1127 jampridem
2531 1075 2920 1118 consecratum.
2960 1067 3102 1121 Idem
3135 1081 3388 1138 praetcrea
3417 1076 3632 1143 scripsit

2053 1150 2314 1216 prolixum
2350 1167 2539 1219 poema
2560 1193 2575 1219 ,
2609 1170 2748 1222 quo,
2783 1156 3121 1226 lladcgttndis
3152 1163 3399 1230 nomine,
3428 1169 3632 1233 gratias

2056 1239 2166 1305 agit
2192 1239 2402 1295 Justino
2428 1253 2484 1296 et
2511 1243 2727 1311 Sophia:
2759 1251 2927 1316 Augg.
2963 1265 3056 1316 pro
3096 1252 3274 1308 missis
3315 1257 3381 1309 ad
3427 1272 3485 1311 se
3514 1273 3633 1326 pre-

2054 1328 2359 1384 tiosissimis
2390 1336 2727 1401 muneribus,
2757 1339 2950 1405 quibus
2979 1351 3149 1396 totmn
3179 1343 3522 1403 Occidentem
3567 1352 3631 1403 il-

2053 1417 2344 1490 lustratum
2376 1431 2429 1476 et
2457 1433 2702 1478 ornatum
2736 1427 2898 1481 fuisse
2928 1428 3180 1485 al'liitnat.

2121 1506 2210 1562 56.
2241 1509 2371 1577 Quae
2399 1527 2527 1568 vero
2555 1523 2609 1568 et
2649 1527 2847 1584 quanta
2897 1517 3244 1576 Fortunatam
3277 1522 3414 1580 inter
3442 1536 3494 1580 et
3527 1525 3630 1580 lla-

2055 1600 2358 1670 degundem
2409 1606 2775 1676 Agnetemque
2826 1609 3106 1665 interesset
3134 1626 3358 1669 summae
3389 1617 3630 1684 pietatis,

2053 1689 2485 1759 benevolentiae,
2545 1697 2850 1762 cliaritatis,
2910 1703 3282 1768 necessitudo,
3338 1720 3507 1775 eaque
3559 1711 3627 1763 ab

371 1789 478 1842 quo
497 1790 612 1828 eam
640 1775 1113 1829 sanctimonialem
1140 1775 1459 1830 declararet.
1491 1777 1581 1831 Illa
1612 1789 1792 1834 autem
1823 1781 1946 1838 inde
1981 1777 2024 1835 Β
2053 1785 2197 1838 omni
2227 1787 2404 1840 aliena
2454 1791 2755 1855 petulantia:
2785 1792 3088 1859 suspicione
3118 1808 3178 1848 ac
3211 1797 3442 1864 periculo
3463 1839 3478 1863 ,
3511 1799 3624 1868 ipse

368 1864 604 1932 digressa
636 1864 875 1918 Turonis
904 1865 969 1918 ad
1002 1865 1277 1919 basilicam
1317 1867 1486 1920 sancti
1518 1866 1728 1923 Martini
1761 1873 1940 1939 venit,

367 1968 479 2009 tum
506 1956 710 2010 Suedas
741 1958 993 2020 accessit,
1023 1957 1202 2011 villam
1233 1959 1347 2026 agri
1371 1958 1740 2028 Pictaviensis,
1787 1973 1945 2033 atque

362 2046 490 2110 illic,
514 2036 844 2100 monasterio
871 2055 1168 2111 exstructo,
1204 2048 1269 2102 ad
1300 2057 1598 2104 extremum
1628 2067 1794 2121 usque
1822 2056 1944 2110 vita:

358 2137 504 2190 diem
537 2139 877 2192 sanctissime
907 2138 1037 2192 visit
1066 2138 1264 2208 (Fara,
1299 2141 1450 2208 ibid.,
1481 2158 1531 2196 e.
1563 2141 1676 2212 12).
1721 2144 1798 2199 De
1841 2161 1944 2214 qua

358 2228 440 2279 uti
465 2227 654 2280 scribit
693 2227 854 2298 Greg.
880 2229 1035 2294 Tum,
1079 2231 1171 2285 lib.
1203 2248 1257 2285 Ill
1299 2233 1433 2287 llist.
1470 2235 1685 2299 Franc.,
1713 2251 1832 2306 cap.
1861 2239 1893 2291 7
1925 2256 1938 2292 :

361 2317 572 2370 Mutata
623 2330 766 2384 reste,
823 2325 1190 2377 monasterium
1244 2325 1338 2377 sibi
1379 2327 1519 2396 infra
1570 2328 1943 2384 Pictaviensem

357 2409 538 2460 urbem
559 2413 876 2474 construxit;
920 2428 1033 2481 qua:
1081 2415 1426 2480 orationibus,
1469 2419 1720 2487 jejuniis,
1775 2422 1964 2492 uigiliis

354 2508 510 2563 atque
549 2499 896 2567 elemosynis,
938 2502 1194 2571 prtedita,
1248 2504 1304 2556 in
1357 2515 1555 2559 tantum
1599 2508 1838 2576 emicuit,
1885 2519 1943 2564 ut

355 2604 548 2656 inagna
575 2590 628 2640 in
649 2591 852 2658 populis
878 2591 1170 2646 haberetur.

429 2679 519 2734 53.
553 2681 608 2734 ln
638 2681 740 2734 hoc
764 2693 944 2736 autem
974 2683 1284 2741 Pictaviensi
1313 2690 1636 2744 monasterio
1660 2693 1939 2760 Agnetem,

356 2771 618 2839 virginem
667 2772 924 2840 singulari
972 2775 1166 2842 pietate
1214 2791 1278 2830 ac
1327 2777 1520 2832 virtute
1566 2791 1938 2849 praestantem,

354 2873 508 2926 quam
559 2859 694 2913 olim
746 2860 996 2914 ancillam
1047 2863 1345 2930 habuerat,
1399 2877 1453 2919 et.
1497 2883 1656 2935 quam
1701 2885 1730 2924 a
1773 2873 1939 2940 prima

353 2960 510 3004 aetate
555 2951 669 3004 loco
717 2952 843 3018 ﬁlia:
890 2955 982 3022 (ut
1011 2955 1178 3022 ipsius
1211 2955 1552 3026 Radegundis
1581 2961 1757 3015 verbis
1788 2961 1939 3031 utar)

350 3043 614 3106 coluerat,
655 3054 702 3096 et
738 3045 1073 3111 educaverat,
1118 3048 1428 3103 abbatissam
1464 3055 1752 3123 constituit,
1791 3072 1852 3108 ac
1884 3074 1938 3112 se

349 3144 469 3199 post
528 3133 688 3186 Deum
738 3139 853 3206 ejus
903 3140 1212 3194 ordinationi
1265 3143 1568 3212 regulariter
1618 3114 2008 3204 olnulitttramC

350 3223 627 3275 commisit.
673 3222 727 3277 Id
772 3227 918 3278 enim
962 3227 1028 3282 de
1070 3244 1130 3284 se
1171 3230 1284 3296 ipsa
1329 3233 1542 3299 fatetur,
1591 3241 1728 3305 apud
1777 3240 1936 3312 Greg.

352 3310 514 3375 Tun,
549 3313 639 3366 lib.
672 3328 727 3366 ιι
751 3355 767 3378 ,
801 3329 920 3384 cap.
949 3316 1043 3373 42.
1086 3321 1344 3386 Quocirca
1388 3327 1532 3402 canit
1571 3328 1638 3384 de
1682 3329 1768 3384 illa
1808 3310 1940 3387 For—

349 3409 604 3467 lunatas,
636 3404 732 3458 lib.
769 3421 900 3473 vnt,
931 3424 1048 3476 cap.
1085 3413 1106 3464 l
1146 3428 1160 3464 :

475 3517 632 3593 Regia.
654 3517 869 3593 lactineo
888 3535 1186 3593 comminans
1211 3529 1354 3587 pallia
1378 3532 1534 3593 cultu,

543 3581 898 3647 biliosum-illae
927 3589 1076 3634 vestis
1101 3581 1253 3638 atttaia
1279 3595 1422 3647 tegit.

474 3640 735 3721 Spicum-da
761 3656 956 3721 serraco
977 3650 1217 3721 quondam
1243 3640 1472 3721 subvecta
1499 3660 1731 3721 s_uperl:o,

539 3702 811 3770 fittneterit
838 3702 1071 3768 obsrqino
1099 3711 1256 3770 planta
1283 3718 1497 3764 modesta
1519 3702 1686 3768 ιῖιῖιῖἑιῖ.

472 3763 748 3846 (inﬁtitias
772 3763 1190 3846 inielrlis'ottei'ata
1219 3782 1295 3846 est
1317 3763 1497 3846 dextra
1524 3763 1808 3846 smaragdis,

529 3826 856 3894 S_ervit_inois
877 3830 1079 3889 tantulis,
1105 3834 1384 3894 sedulitate,
1410 3839 1530 3887 suis.

477 3884 968 3967 Atrléefellsaregeas
993 3884 1251 3962 quondam,
1267 3884 1551 3967 inpdbjussa
1577 3905 1835 3967 ministrat,

538 3948 652 4002 Qum
668 3947 962 3999 dominando
981 3947 1134 4015 prius,
1157 3947 1284 4005 nunc
1305 3947 1775 4024 fatnu'lsutloplacet;

339 4064 496 4120 Idem
523 4071 761 4127 scribens
785 4074 850 4128 ad
877 4078 1134 4143 Agnctem
1157 4120 1172 4145 ,
1198 4080 1287 4136 lib.
1319 4099 1411 4137 vni
1431 4128 1445 4151 ,
1475 4101 1592 4155 cap.
1622 4087 1675 4154 4,
1705 4090 1782 4144 sic
1811 4106 1925 4146 eam

335 4157 632 4228 alloquitur
659 4180 674 4217 :

466 4271 674 4350 Sedulii
705 4289 801 4336 prie
823 4279 1026 4350 reliquis
1050 4281 1200 4350 hister
1223 4285 1296 4350 pia
1319 4288 1509 4336 cttarior
1528 4289 1688 4350 instat,

531 4332 678 4395 Eligit
704 4332 904 4386 excelso
927 4332 1204 4394 consociare
1223 4332 1389 4394 choro.

463 4391 570 4474 Reg
593 4391 764 4474 probat
787 4402 886 4460 ipsa
913 4408 1093 4474 tamen,
1119 4391 1476 4474 quodin—inqua
1501 4409 1592 4458 illia
1615 4419 1822 4474 constas,

529 4455 602 4504 'l'e
626 4455 833 4528 matrem
859 4465 987 4528 votis
998 4455 1148 4528 epist
1161 4467 1343 4515 habere
1369 4455 1534 4528 suam;

465 4515 733 4595 Quamque
749 4524 852 4570 suis
874 4515 1086 4583 genibus
1104 4526 1296 4595 citatam
1311 4515 1799 4595 nutrivityalumnam,

535 4578 739 4627 Pralicil
764 4578 992 4632 cccc-suo
1013 4589 1348 4637 constituenda
1370 4590 1492 4638 loco.

459 4637 655 4711 Etjuae
676 4648 728 4711 te
746 4655 944 4711 semper
965 4646 1122 4711 baculi
1146 4637 1640 4711 moderaminerexlt,

527 4699 755 4762 P’rompta
779 4699 870 4752 sub
893 4707 1099 4767 imperio
1119 4710 1219 4759 vult
1239 4714 1392 4772 magis
1414 4699 1525 4762 esse
1545 4699 1644 4765 tuo:

409 4812 504 4868 5i.
535 4816 754 4873 Summa
796 4836 924 4876 vero
969 4822 1282 4896 Radegundi
1327 4827 1550 4886 facultas
1580 4841 1634 4887 et
1672 4843 1926 4902 opportu-

327 4908 481 4960 nitas
515 4906 644 4972 fuit,
697 4925 794 4977 pro
844 4912 988 4982 regia
1030 4915 1270 4982 ejusdem
1310 4922 1624 4989 cognatione
1667 4938 1730 4979 ac
1766 4941 1926 4994 gene-

332 5011 440 5057 re,
487 4996 613 5050 illud
663 5014 816 5054 suum
865 5002 1205 5062 Pictaviense
1246 5012 1629 5065 monasterium
1677 5016 1926 5082 pretiosis

327 5088 654 5144 muneribus
685 5091 860 5148 ditare
883 5135 896 5160 ,
930 5093 1070 5150 inter
1097 5113 1215 5168 qua:
1249 5115 1310 5154 ea
1342 5101 1610 5171 przecipue
1640 5120 1925 5161 numeran-

331 5186 426 5228 tur
454 5193 578 5246 quae
611 5181 723 5246 ipsa
756 5196 784 5234 a
817 5183 1026 5240 Justino
1071 5187 1260 5256 imper.
1286 5230 1302 5257 ,
1347 5205 1490 5245 anno
1531 5193 1746 5248 circiter
1783 5194 1884 5249 509
1905 5236 1921 5262 ,

327 5267 506 5319 missa
545 5268 612 5322 ad
650 5273 899 5327 eumdem
929 5276 1189 5345 legatione
1215 5319 1230 5344 ,
1264 5279 1603 5348 impetravit,
1638 5282 1922 5349 plurimum

323 5356 652 5414 conferente
702 5362 768 5415 ad
822 5379 940 5418 eam
991 5381 1103 5420 rem
1153 5368 1404 5438 Sigiberti
1452 5384 1610 5440 opera
1645 5381 1700 5427 et
1729 5375 1920 5443 gratia.

325 5445 598 5512 Scilicet,
633 5459 691 5502 ut
717 5451 785 5505 de
813 5451 928 5520 ipsa
959 5456 1147 5509 scribit
1180 5457 1506 5512 Baudonivia
1539 5462 1590 5516 in
1622 5462 1736 5530 ejus
1772 5461 1919 5529 V'ita,

325 5547 484 5590 nam.
516 5536 550 5590 8
577 5553 590 5589 :
623 5537 773 5603 Quod
802 5556 896 5594 sua
924 5553 1039 5596 vota
1065 5545 1338 5612 poscebant
1366 5549 1612 5615 obtinuit,
1641 5559 1694 5603 ut
1721 5553 1921 5606 beatum

319 5622 532 5688 lignum
574 5628 739 5680 crucis
782 5627 1017 5698 Domini,
1060 5648 1190 5685 auro
1233 5643 1280 5686 et
1305 5637 1516 5704 gemmis
1558 5649 1829 5702 ornatum,
1875 5652 1921 5694 et

317 5715 521 5767 multas
567 5727 861 5773 sanctorum
908 5724 1180 5793 reliquias,
1226 5743 1355 5797 quas
1407 5730 1590 5784 Oriens
1635 5734 1915 5803 retinebat,

2050 1873 2201 1927 nobis
2235 1875 2559 1929 Fortunatus
2592 1877 2739 1931 testis
2767 1880 2865 1945 sit,
2898 1881 2989 1934 lib.
3026 1897 3115 1950 XI,
3145 1897 3264 1952 cap.
3298 1883 3352 1951 6,
3383 1887 3625 1943 scribens

2044 1965 2108 2017 ad
2140 1965 2398 2032 Agnetem
2433 1966 2583 2022 hisce
2614 1971 2856 2028 versibus
2888 1987 2902 2024 :

2166 2056 2320 2128 Mater
2339 2057 2522 2128 honore
2536 2061 2687 2128 mihi,
2708 2073 2842 2110 soror
2867 2069 3027 2110 autem
3046 2064 3200 2128 dulcis
3221 2080 3406 2128 amore,

2228 2116 2378 2185 Quam
2401 2119 2601 2185 pietate,
2630 2116 2743 2180 liZle,
2771 2130 2990 2185 pectore,
3010 2125 3153 2172 corde
3181 2129 3304 2185 colo,

2165 2175 2363 2246 Caglesti
2387 2175 2705 2246 ab‘ecttt,_’non
2730 2175 2931 2246 crimine
2953 2175 3169 2245 corporis
3188 2175 3305 2246 υιιοζ

2225 2237 2329 2307 Non
2352 2252 2484 2307 ca_ro,
2509 2237 2704 2307 sed‘boc
2727 2244 2853 2307 quod
2879 2237 3087 2307 εμπ-ἤιξε
3110 2257 3262 2307 οιιωι,
3289 2237 3412 2298 ama.

2165 2297 2331 2371 Testis
2354 2297 2754 2371 adestHChristus,
2775 2297 3193 2371 l‘etro:_l’auloqu_e
3217 2297 3472 2371 ministris,

2226 2359 2440 2427 Cumque
2463 2364 2555 2427 piis
2567 2365 2716 2427 sociis
2733 2359 2892 2427 sancta
2915 2367 3064 2415 Maria
3090 2359 3243 2427 videt,

2166 2419 2378 2494 Te‘milti
2403 2419 2499 2470 non
2519 2424 2624 2474 aliis
2646 2426 2799 2474 oeulis
2830 2430 3088 2494 animoque
3115 2419 3282 2494 fuitse,

2225 2482 2374 2548 Quam
2401 2497 2538 2534 soror
2558 2499 2618 2534 ex
2649 2495 2787 2534 utero
2807 2495 2877 2548 tu,
2904 2482 3108 2546 Titiana,
3135 2482 3282 2548 fores:

2165 2527 2585 2616 Δρῖξίνιιιιᾷ-ᾘτῖτιιῖ
2607 2555 2762 2616 mater
2784 2527 3340 2616 liadegundis'uiro-que

2229 2603 2504 2654 Visceribus
2527 2610 2669 2656 castis
2693 2603 3059 2672 progenuissct,
3086 2626 3238 2664 eram.

2113 2683 2202 2736 57.
2235 2683 2394 2738 Suant
2443 2702 2568 2739 vero
2619 2691 2936 2756 praecipitant
2984 2693 3296 2750 charitatem
3347 2697 3397 2750 in
3445 2697 3616 2754 Rade-

2041 2772 2270 2841 gundem
2325 2774 2559 2829 declarat
2593 2778 2685 2832 lib.
2722 2794 2775 2831 λι
2797 2817 2811 2842 ,
2845 2795 2963 2847 cap.
2995 2782 3059 2846 2,
3093 2783 3175 2836 his
3205 2787 3470 2854 versibus,
3503 2790 3619 2855 qui-

2041 2861 2163 2927 bus,
2195 2878 2316 2916 cum
2351 2863 2438 2916 illa
2465 2879 2524 2918 se
2554 2866 2850 2921 incfudezet
2876 2872 2956 2938 (ut
2983 2871 3116 2924 infra
3141 2873 3434 2946 dieentnr),
3461 2880 3615 2933 suum

2044 2954 2095 3007 in
2132 2953 2300 3022 ipsam
2331 2954 2657 3010 desiderium
2687 2960 2977 3027 exprimit,
3013 2963 3253 3032 inqufens
3285 2985 3296 3020 :

2163 3044 2270 3118 Quo
2292 3046 2399 3093 sine
2426 3059 2504 3116 me
2526 3061 2634 3118 mea
2651 3046 2731 3096 lux
2759 3049 2915 3098 oculis
2944 3055 3216 3118 errantibus
3236 3057 3384 3118 abdit,

2226 3105 2326 3154 Nec
2349 3111 2525 3167 patitur
2549 3110 2648 3156 visu
2686 3123 2742 3156 se
2769 3123 2993 3160 reserare
3017 3115 3161 3165 meo?

2165 3165 2334 3243 omnia
2350 3165 2602 3243 ‘constvicio.
2625 3171 2770 3243 simul
2795 3173 2995 3243 aethera,
3017 3177 3234 3239 ﬂumina,
3260 3183 3472 3243 terram;

2223 3227 2416 3298 Cutnte
2439 3227 2534 3298 neu
2563 3233 2720 3298 rideo,
2745 3227 2990 3298 suntmihi
3015 3244 3185 3284 cuncta
3214 3227 3400 3298 parum.

2163 3287 2390 3363 Quamvis
2411 3291 2473 3338 sit
2497 3292 2691 3363 cmlnm,
2723 3294 2898 3363 nebula
2924 3294 3162 3363 fugiente.
3191 3287 3442 3363 serenum,

2221 3350 2292 3399 'l'e
2314 3351 2530 3413 celante,
2551 3354 2665 3402 mihi
2691 3362 2787 3402 stat
2809 3357 2916 3404 sine
2939 3350 3043 3406 stite
3067 3350 3192 3408 dies.

2108 3432 2195 3487 58.
2232 3433 2427 3488 llarum
2458 3449 2586 3488 vero
2615 3435 2666 3490 in
2697 3451 2756 3491 se
2783 3439 3198 3495 muniﬁcentiam
3227 3458 3289 3498 ac
3332 3444 3616 3503 liberalita-

2041 3531 2149 3577 tem
2205 3523 2314 3577 suis
2364 3536 2508 3592 srrpe
2560 3527 2889 3581 carminibus
2932 3529 3200 3596 celebrat,
3251 3534 3462 3602 quibus,
3517 3552 3613 3603 pro

2037 3612 2214 3667 missis
2243 3611 2602 3680 munusculis,
2639 3614 2830 3670 iisdem
2859 3618 3064 3686 gratias
3091 3620 3198 3690 agit
3227 3637 3242 3686 ;
3273 3622 3410 3691 quod
3442 3636 3603 3689 quam

2036 3701 2229 3756 crebro
2263 3703 2446 3766 ﬁeret,
2481 3704 2612 3758 satis
2641 3703 2880 3759 indicant
2910 3708 3026 3762 bare
3057 3709 3174 3778 ejus
3203 3711 3384 3786 verba,
3416 3715 3605 3784 quibus

2032 3791 2098 3847 ad
2130 3793 2388 3862 Agnetein
2419 3793 2640 3859 scribit,
2675 3795 2771 3849 lib.
2808 3811 2888 3862 χι,
2921 3811 3042 3866 cap.
3074 3801 3105 3852 9
3138 3817 3149 3851 :

2159 3902 2367 3970 Portitor
2383 3905 2442 3952 ad
2462 3910 2617 3970 tantos
2634 3907 2813 3970 missus
2831 3920 2922 3970 non
2945 3909 3118 3958 sullicit
3141 3924 3286 3970 unus,

2216 3968 2470 4029 Lassarunt
2500 3968 2654 4029 toties-
2670 3969 2752 4028 qui
2771 3969 2968 4017 rediere
3000 3971 3166 4029 pedes.

2151 4023 2351 4086 Singula
2374 4038 2465 4073 nec
2487 4026 2670 4084 refero,
2683 4023 2794 4087 {quia
2815 4041 2894 4076 me
2908 4037 2987 4076 tua
3001 4023 3205 4078 munera
3218 4033 3418 4082 vincunt
3439 4033 3608 4098 (elo).

2029 4101 2171 4157 Idem
2219 4118 2278 4157 se
2324 4104 2524 4171 pluries
2567 4105 2813 4158 convivio
2856 4107 2924 4159 ab
2970 4107 3173 4160 eisdem
3219 4122 3500 4175 exceptura
3545 4129 3609 4167 ac

2032 4197 2174 4247 laute
2228 4203 2436 4262 pastum
2471 4193 2634 4248 fuisse
2662 4194 2951 4263 significat,
2981 4209 3044 4250 ac
3072 4197 3212 4251 intrr
3240 4199 3431 4253 caetera
3455 4244 3470 4268 ,
3505 4203 3603 4257 lib.

2029 4301 2118 4349 si,
2153 4300 2271 4352 cap.
2309 4284 2393 4348 ll,
2429 4285 2706 4352 prandium
2758 4293 3185 4351 commemorat,
3215 4301 3275 4340 ac
3307 4287 3565 4347 describit
3589 4331 3606 4357 ,

2026 4374 2165 4442 quod
2221 4374 2320 4428 sibi
2366 4375 2432 4427 ab
2466 4378 2672 4444 Agnete
2719 4373 3036 4429 instructum
3057 4415 3072 4440 ,
3103 4392 3167 4432 ac
3196 4379 3359 4434 Variis
3388 4380 3608 4438 tioribus

1954 4458 2002 4519 1)
2028 4474 2083 4519 et
2107 4462 2412 4528 frondibus,
2450 4465 2514 4518 ad
2544 4466 2778 4532 speciem
2814 4467 2951 4520 horti
2989 4467 3285 4536 viridantis,
3320 4471 3517 4539 pictum
3549 4484 3605 4528 et

2027 4568 2274 4612 ornatum
2302 4556 2477 4612 fuerat
2499 4597 2514 4618 ,
2541 4573 2606 4611 ex
2638 4558 2831 4625 quibus
2862 4559 3069 4612 illarum
3101 4575 3224 4630 erga
3258 4561 3604 4620 Fortunatam

2028 4647 2296 4717 diligentia
2329 4663 2392 4701 ac
2422 4648 2680 4701 sedulitas
2713 4648 2942 4716 perspici
2975 4657 3166 4716 potest.

2100 4737 2190 4794 59.
2231 4739 2354 4794 llaec
2385 4754 2512 4793 vero
2544 4740 2681 4793 inter
2717 4741 2838 4793 illos
2867 4753 3046 4794 mutua
3077 4741 3309 4798 charitas
3338 4752 3392 4798 et
3418 4756 3606 4798 neces-

2026 4829 2204 4884 situdo
2234 4841 2415 4884 monet
2445 4840 2501 4884 nt
2531 4846 2830 4897 quaaramus
2857 4847 2962 4901 quo
2993 4833 3172 4888 oflicio
3201 4837 3463 4903 maxime,
3500 4852 3594 4890 seu

2027 4935 2281 4988 munere,
2331 4922 2470 4988 apud
2521 4923 2950 4991 religiosissimos
3002 4927 3227 4982 feminas
3280 4927 3605 4983 Fortunatus

2027 5011 2354 5082 fungeretur.
2383 5011 2489 5066 Sed
2517 5021 2642 5068 ante
2671 5016 2914 5083 quadam
2947 5019 3175 5072 notamla
3205 5027 3349 5073 sunt.
3383 5020 3458 5072 Ac
3490 5020 3596 5082 pri-

2027 5115 2170 5153 mum
2199 5100 2328 5154 illud
2359 5101 2747 5170 animadverto,
2781 5106 3050 5174 singulare
3078 5121 3289 5175 semper
3318 5106 3604 5175 Radegnn-

2025 5192 2106 5247 dis
2135 5193 2368 5247 studium
2405 5194 2456 5248 in
2488 5194 2573 5259 his
2599 5197 2838 5251 colendis
2863 5207 2918 5252 et
2942 5199 3220 5252 audiendis
3250 5200 3538 5266 exstitisse,
3573 5217 3601 5254 a

2025 5285 2218 5354 quibus
2256 5286 2328 5340 ad
2366 5286 2615 5354 pietatem
2655 5304 2719 5343 ac
2759 5291 3070 5360 religionem
3111 5292 3313 5347 institui
3347 5305 3552 5364 poterat
3585 5313 3598 5347 :

2023 5388 2141 5444 qua:
2166 5415 2181 5440 ,
2227 5383 2282 5428 ut
2321 5376 2508 5430 scribit
2547 5376 2870 5432 Fortunatus
2910 5379 2962 5432 in
3002 5379 3116 5449 ejus
3151 5379 3300 5444 Vita,
3343 5399 3489 5436 nam.
3522 5380 3599 5437 8:

2023 5465 2106 5518 Ad
2137 5467 2251 5533 ejus
2281 5466 2568 5536 opinionem
2596 5469 2642 5521 si
2667 5469 2780 5536 quis
2804 5485 3061 5522 servorum
3092 5469 3188 5525 Dei
3214 5472 3352 5526 visits
3383 5473 3557 5542 fuisset
3583 5513 3599 5536 ,

2021 5560 2098 5612 rel
2126 5574 2215 5629 per
2244 5575 2322 5625 se,
2354 5559 2433 5614 vel
2460 5568 2699 5623 vocatus,
2731 5577 2994 5617 occurrere
3013 5605 3028 5630 ,
3061 5566 3252 5620 videres
3277 5567 3420 5620 illaut
3449 5569 3597 5620 resle-

2022 5649 2194 5702 lestem
2221 5649 2405 5703 habere
2434 5651 2666 5704 lanitium
2701 5690 2713 5704 .
2750 5691 2764 5706 .
2799 5691 2812 5705 .
2845 5657 3073 5724 sequenti
3103 5658 3184 5710 die
3209 5674 3386 5711 rurant
3413 5657 3600 5710 domus

2021 5740 2344 5792 committens
2371 5741 2662 5793 creditariis
2688 5785 2702 5809 ,
2735 5744 2846 5812 ipsa
2873 5761 2927 5798 se
2957 5755 3111 5799 totam
3141 5747 3422 5816 occupabat
3443 5748 3600 5816 jam
