4060 6190
487 344 556 403 39
1016 345 1525 408 PROLEGOMENA
1571 347 1663 400 AD
1700 340 2025 401 νεΝΑΝΤιί
2065 345 2223 402 “ON.
2263 347 2467 404 CLEM.
2512 348 2907 406 FORTUNATI
2946 351 3193 408 UPERA.
3656 359 3728 416 40

486 460 578 513 υἱνὶ
607 459 740 529 justi
777 457 923 511 verba
960 461 1097 512 circa
1138 462 1319 512 salutis
1352 459 1610 519 instituta,
1642 463 1698 510 et
1725 457 1862 508 circa
1888 457 2057 526 adipi-
2085 462 2132 517 Α
2159 458 2494 513 retributione
2535 460 2837 527 sempiterna
2877 462 3276 532 restitnat,.qut
3313 462 3538 531 providet
3579 470 3730 523 ausi-

485 550 682 603 scendte
720 551 833 602 vita:
871 549 1083 603 cmlestis
1108 550 1409 602 commercia
1437 548 1780 601 retentebatur
1806 563 1893 616 per
1920 549 2048 601 tlies.

484 641 657 707 Atque
702 638 816 693 haec
860 639 927 694 de
967 637 1332 707 Radegunde,
1382 635 1506 690 dum
1555 650 1617 691 ea
1663 637 1717 691 in
1762 637 1904 707 regia
1932 640 2054 692 aula

482 733 655 788 adhuc
681 732 903 786 viveret.

554 821 644 876 60.
684 820 884 875 Deinde
922 820 1084 872 multa
1127 832 1235 886 jam
1283 826 1435 873 erant
1479 817 1829 874 Pictavieusis
1860 831 2052 872 mona-

486 914 635 968 sterii
664 911 1155 967 sanctimonialibus
1181 911 1390 981 negotia
1420 909 1671 980 gerenda,
1696 908 1815 964 sive
1840 924 1957 979 qua:
1984 908 2052 963 ad

489 1006 725 1076 privatas
753 1017 938 1057 earum
969 1015 1126 1056 curas
1150 1008 1204 1056 et
1228 1000 1403 1055 ofﬁcia
1430 1008 1767 1068 spectarent,
1797 998 1910 1053 sive
1935 1012 2054 1067 quas

483 1095 550 1148 all
581 1094 739 1148 totius
766 1092 1075 1147 monasterii
1106 1104 1217 1146 rem
1245 1104 1308 1144 ac
1333 1097 1528 1145 statum
1558 1091 1915 1158 pertinerent,
1943 1088 2052 1157 qui-

488 1182 584 1237 bus
612 1181 663 1235 in
691 1178 1037 1250 procurandis
1049 1178 1266 1233 alterius
1290 1178 1545 1247 qui-extra
1568 1176 1875 1231 monasterii
1901 1186 2051 1245 septa

483 1275 684 1327 viveret
720 1270 992 1341 diligentia
1031 1269 1433 1325 desiderabatur
1472 1284 1534 1324 ac
1572 1269 1731 1324 ﬁdes.
1783 1270 1890 1334 Ita,
1946 1284 2053 1338 quo

480 1377 641 1416 unum
672 1370 762 1415 aut
788 1362 1013 1415 alterum
1042 1360 1347 1427 exemplum
1377 1362 1640 1428 proferam
1660 1400 1676 1424 ,
1707 1368 1882 1414 exstat
1910 1359 2051 1427 apud

482 1454 703 1525 Gregor.
731 1455 884 1518 Tum,
918 1453 1010 1509 lib.
1040 1468 1095 1506 ut
1130 1452 1329 1507 llistor.
1360 1454 1578 1519 Franc.,
1604 1467 1725 1523 cap.
1753 1452 1847 1519 42,
1875 1468 2052 1508 οχεηιο

485 1546 598 1614 plar
625 1544 864 1615 epistolae
894 1559 1051 1612 quam
1082 1543 1424 1611 Radegundis
1460 1544 1626 1599 mittit
1662 1544 1729 1598 ad
1769 1544 2051 1614 episcopos

477 1635 681 1699 Galliae,
711 1650 818 1705 quo
847 1635 1059 1689 illorum
1091 1635 1442 1702 patrocinium
1471 1644 1526 1689 et
1550 1636 1925 1691 auctoritatem
1951 1635 2048 1690 ad-

482 1741 668 1783 versus
694 1741 786 1781 eos
813 1727 901 1796 qui
934 1726 1242 1782 monasterii
1275 1727 1619 1781 Pictavieusis
1642 1728 1763 1796 jura
1795 1727 1880 1783 vel
1913 1726 2049 1782 bona

2162 544 2288 599 lium
2329 549 2688 617 indigentibus.
2734 549 2937 616 Quibus
2980 566 3044 606 ex
3088 553 3263 607 verbis
3295 559 3469 621 potest
3509 556 3732 626 intelligi

2162 648 2268 700 quo
2296 634 2347 689 in
2379 636 2497 691 loco
2543 635 2591 690 is
2630 646 2777 693 esset
2813 639 2954 707 apud
3001 639 3412 710 liadegundem,
3457 649 3515 697 et
3551 642 3731 712 Agne-

2164 734 2302 789 tem,
2334 736 2388 780 et
2415 741 2533 794 qua:
2568 727 2757 781 iisdem
2789 729 2968 784 oflicia
3002 738 3302 798 praestaret.

2231 814 2324 872 62.
2367 817 2545 887 Atque
2584 819 2747 875 etiam
2789 835 2857 875 ex
2899 819 3180 876 itineribus
3220 829 3326 876 tam
3369 820 3734 892 frequentibus

2158 920 2278 997 quae
2327 907 2681 997 FortW
2730 923 2825 979 per
2871 909 3099 965 Galliam
3148 909 3593 983 Germaniamque
3640 913 3734 966 ha-

2160 996 2344 1052 buisse
2370 997 2758 1067 comperimus,
2789 999 3059 1070 conjicere
3099 1000 3222 1056 licet
3252 1002 3399 1070 plura
3439 1002 3506 1058 ad
3549 1017 3733 1057 mona-

2157 1091 2380 1145 sterium
2405 1091 2742 1147 Pictaviettse
2769 1094 3066 1162 spectantia
3098 1093 3306 1162 negetis
3330 1108 3422 1163 per
3445 1094 3616 1160 ipsum
3644 1109 3736 1150 so«

2156 1181 2250 1235 lita
2280 1182 2526 1251 transigi.
2557 1180 2632 1236 Ita
2662 1181 2758 1236 lib.
2795 1198 2847 1236 st
2867 1222 2883 1248 ,
2913 1197 3033 1252 cap.
3063 1182 3130 1237 27
3160 1193 3217 1239 et
3244 1183 3315 1238 28
3336 1228 3351 1252 ,
3394 1184 3635 1239 scribens
3663 1184 3731 1238 ad

2158 1276 2344 1342 Agneti
2363 1288 2414 1326 tn
2442 1281 2495 1325 et
2522 1271 2902 1342 Radegundem
2922 1313 2937 1339 ,
2965 1288 3063 1328 sua
3089 1276 3331 1344 quaedam
3358 1273 3549 1329 itinera
3575 1287 3733 1328 enar-

2158 1372 2270 1428 rat,
2305 1376 2536 1429 quorum
2578 1364 2631 1417 in
2663 1363 2833 1419 altero
2862 1363 2952 1418 diu
2983 1365 3218 1433 procella
3243 1365 3474 1433 iactatus
3515 1364 3690 1419 fuerat
3712 1403 3729 1430 ,

2158 1460 2300 1513 unde
2334 1459 2389 1513 in
2432 1473 2594 1527 grave
2632 1459 2756 1513 vitae
2796 1460 3103 1514 amittenda:
3140 1459 3427 1514 discrimen
3469 1467 3727 1522 venerat;

2166 1551 2225 1605 in
2258 1551 2428 1606 altero
2457 1565 2583 1605 vero
2614 1550 2845 1606 hiemale
2872 1552 3035 1621 frigus
3062 1565 3125 1606 ac
3154 1548 3368 1620 pruinas
3411 1563 3471 1605 se
3511 1563 3730 1618 perpes-

2157 1654 2273 1694 sum
2306 1639 2476 1695 fuisse
2502 1640 2792 1707 describit,
2821 1654 2943 1695 cum
2973 1642 3099 1696 nive
3129 1648 3185 1694 et
3210 1642 3381 1709 glacie
3411 1640 3515 1695 late
3543 1639 3722 1694 omnia

2158 1740 2488 1786 tenerentur.
2546 1735 2726 1801 Atque
2774 1734 2915 1801 ipse.
2933 1732 3133 1787 indicat
3179 1732 3420 1802 quaedam
3476 1732 3728 1787 habuisse

480 1821 675 1876 laedere
707 1820 1001 1874 voluissent
1027 1818 1227 1888 aliquid
1258 1819 1585 1887 impetraret.
1617 1818 1749 1873 Item
1773 1857 1789 1883 ,
1816 1832 1934 1886 cap.
1962 1818 2052 1886 59,
2084 1803 2131 1863 Β
2156 1835 2276 1889 quas
2313 1835 2552 1890 prmsens
2591 1836 2712 1875 cum
2744 1820 2852 1876 illis
2880 1823 3181 1889 conferret,
3213 1837 3314 1878 nec
3341 1831 3452 1878 tum
3482 1824 3725 1893 epistolae

481 1912 673 1983 legitur
708 1910 975 1980 quoddam
1013 1912 1333 1979 rescriptum
1364 1912 1736 1979 episcOporutn
1778 1912 1842 1965 ad
1875 1912 2053 1968 Rade-

480 2002 732 2074 guudetn,
756 2001 810 2055 in
841 2015 945 2071 quo
964 2001 1219 2055 moniales
1251 2001 1352 2055 illte
1383 2001 1648 2055 leriuntur
1677 2000 2049 2068 anathemate,

478 2111 596 2166 qua:
624 2111 853 2164 unquam
883 2110 915 2151 e
944 2094 1264 2149 monasterio
1294 2093 1474 2162 egredi
1505 2100 1595 2148 aut
1622 2094 1827 2149 nubere
1851 2093 2052 2148 voluis-

479 2196 617 2240 sent.
653 2185 774 2240 Htcc
802 2186 1014 2254 itaque,
1047 2193 1098 2239 et
1142 2184 1194 2238 id
1237 2198 1406 2252 genus
1435 2183 1537 2237 alia
1559 2224 1574 2248 ,
1605 2197 1749 2252 sirpe
1777 2197 1899 2237 cum
1930 2183 2050 2252 epi-

478 2272 684 2342 sc0pis,
714 2281 805 2326 aut
833 2272 1079 2341 regibus,
1109 2279 1165 2325 et
1191 2271 1310 2325 aliis
1343 2271 1671 2340 principibus
1701 2270 1862 2337 viris,
1897 2284 2051 2326 com~

480 2362 793 2419 municanda
819 2405 834 2431 ,
864 2372 918 2417 et
946 2376 1040 2430 per
1069 2362 1214 2430 ipsos
1243 2360 1507 2415 interdum
1548 2361 1883 2428 transigenda
1904 2402 1919 2427 ,
1949 2362 2049 2416 ali-

477 2468 657 2524 quem,
683 2461 1026 2521 praestantem
1058 2451 1286 2510 consilio
1314 2451 1641 2522 solertiaque
1670 2451 1841 2507 virum
1871 2452 2049 2522 requi-

474 2547 682 2612 rebant,
708 2545 797 2615 qui
826 2545 1010 2599 eadem
1040 2552 1250 2613 gereret
1274 2557 1338 2598 ae
1369 2550 1699 2613 procuraret.

549 2635 641 2690 (il.
681 2637 813 2703 Quae
850 2649 972 2689 cum
1012 2636 1084 2689 ita
1113 2634 1260 2700 sint,
1301 2634 1429 2688 illud
1469 2635 1596 2689 mihi
1644 2635 1829 2690 videor
1875 2649 2045 2704 primo

476 2728 745 2784 afﬁrmare
797 2740 959 2797 posse
1028 2724 1402 2794 Radegundem
1451 2735 1505 2779 ct
1558 2729 1811 2794 Agnetem
1886 2726 2045 2781 totius

478 2822 600 2876 vitae
630 2819 1020 2875 moderatorem
1054 2831 1115 2871 ac
1146 2826 1527 2886 praeceptorem
1562 2816 1909 2873 Fortunatum
1949 2817 2044 2872 ba-

472 2911 653 2968 buisse
677 2954 692 2979 ,
729 2912 879 2980 cujus
912 2909 1116 2981 judicio
1156 2918 1313 2978 atque
1355 2909 1581 2963 consilio
1621 2925 1740 2963 cum
1784 2910 1836 2963 in
1883 2912 2042 2966 rebus

470 3002 583 3057 suis
621 3001 840 3073 privatis
882 2998 1215 3069 dirigendis,
1261 3009 1369 3052 tum
1413 3000 1721 3054 monasterii
1765 3000 1926 3055 totius
1964 3001 2041 3055 di-

474 3096 695 3165 sciplina
728 3094 1072 3163 temperanda
1103 3101 1403 3147 uterentur.
1435 3092 1586 3159 Quod
1617 3107 1748 3148 sane
1787 3102 1842 3148 et
1881 3101 2040 3148 tantm

2153 1910 2547 1975 committeret,
2582 1910 2646 1964 iis
2672 1912 2851 1967 verbis
2879 1930 2892 1966 :

2245 2000 2358 2049 Post
2373 1998 2636 2051 referenda
2653 2001 2798 2051 simul
2822 2005 3067 2051 murmura
3090 2001 3237 2053 corde
3261 2008 3393 2065 tego.

2228 2081 2361 2136 ltem
2389 2082 2480 2137 lib.
2511 2096 2579 2148 VI,
2611 2097 2730 2152 cap.
2765 2084 2850 2148 10,
2879 2099 3002 2139 cum
3025 2084 3203 2140 Mettin
3234 2085 3568 2151 accessisset,
3602 2100 3721 2139 nar.

2152 2178 2236 2224 rat
2275 2171 2489 2226 lintrem
2519 2186 2626 2240 quo
2653 2172 2947 2229 vehebatur
2969 2189 2999 2227 a
3054 2175 3199 2245 regio
3227 2190 3397 2245 coquo
3425 2175 3526 2230 sibi
3555 2174 3719 2230 fuisse

2151 2265 2475 2330 abductum;
2498 2280 2727 2336 cumque
2753 2267 2984 2324 venisset
3011 2267 3351 2334 Nauciacum,
3381 2269 3464 2323 vel
3488 2268 3724 2333 Nasiutn,

2149 2370 2180 2408 a
2218 2355 2480 2425 Sigiberto
2501 2371 2625 2426 rege
2652 2357 3036 2427 perliberaliter
3071 2371 3380 2429 exceptum,
3409 2375 3616 2414 necnon
3659 2360 3726 2414 ab

2148 2445 2263 2514 ejus
2292 2446 2548 2509 ministris
2577 2447 2777 2515 Papulo
2822 2455 2877 2501 et
2899 2447 3137 2517 Gogoue,
3168 2463 3291 2504 cum
3337 2450 3575 2514 lintrem,
3609 2459 3721 2504 tum

2150 2545 2374 2591 crateras
2399 2537 2580 2606 copias
2605 2537 2671 2591 ad
2699 2535 2801 2591 iter
2825 2551 2979 2591 suum
3014 2538 3446 2608 prosequendum
3475 2555 3724 2595 necessa-

2155 2624 2286 2692 rias,
2314 2624 2479 2680 refert
2524 2639 2584 2680 se
2611 2626 2901 2694 accepisse.
2924 2624 3090 2690 ldem,
3123 2626 3218 2682 lib.
3250 2642 3306 2697 ι,
3337 2641 3455 2697 cap.
3489 2629 3575 2696 10,
3622 2630 3721 2685 iter

2147 2731 2301 2772 suum
2320 2757 2336 2782 ,
2360 2717 2501 2770 aliud
2517 2718 2655 2786 quod
2678 2718 2817 2772 circa
2841 2718 3086 2774 Rhenum
3111 2728 3169 2775 et
3188 2721 3461 2776 Mosellam
3481 2723 3725 2779 confece-

2147 2816 2252 2874 rat,
2275 2807 2416 2861 dese.
2432 2809 2523 2862 ibit
2542 2823 2663 2862 cum
2684 2808 2895 2877 quidem
2920 2813 3078 2880 regia:
3093 2810 3294 2878 domui,
3316 2811 3368 2866 id
3385 2823 3487 2878 est,
3512 2814 3724 2870 Childe-

2147 2893 2300 2948 berto
2327 2907 2379 2948 et
2429 2896 2544 2965 ejus
2576 2899 2729 2951 matri
2774 2898 3098 2953 Brunichildi
3127 2902 3314 2954 obvius
3343 2904 3528 2967 lactus,
3558 2916 3612 2958 et
3649 2905 3719 2960 ab

2146 2986 2275 3053 ipsis
2327 2994 2586 3052 retentus,
2639 2995 2694 3041 et
2715 2999 2971 3057 exceptus
3019 2990 3439 3058 perhumaniter,
3501 2993 3715 3049 eosdem

2144 3077 2357 3145 deinde,
2418 3079 2564 3148 regia
2619 3094 2809 3149 pompa
2862 3089 2916 3135 et
2970 3091 3222 3150 apparatu
3279 3084 3380 3137 iter
3432 3084 3715 3149 facientes,

475 3142 695 3165 --.,.--.-
730 3142 1071 3163 ---ηπ----η
1108 3142 1205 3147 την
1231 3142 1401 3146 --ηπ
1444 3142 1586 3159 ιη--
1617 3142 1746 3148 ---η
1791 3142 1840 3148 ,ν

475 3185 887 3247 necessitudini,
918 3192 1170 3253 quautam
1215 3182 1354 3237 inter
1394 3182 1567 3251 ipsum
1610 3192 1665 3237 et
1708 3181 1830 3237 illas
1874 3182 2036 3237 inter-

2145 3170 2334 3226 fuisset
2387 3182 2717 3240 prosecutus.
2792 3172 2941 3228 llaud
2998 3174 3346 3231 invertsimile
3401 3176 3578 3247 itaque
3632 3189 3718 3235 est

474 3277 639 3333 fuisse
680 3276 1043 3340 ostendimus,
1086 3286 1502 3330 consentaneum
1549 3271 1784 3341 videtur,
1820 3280 1876 3330 et
1900 3272 2040 3328 For-

476 3368 641 3423 tunati
673 3366 952 3437 religioni,
982 3365 1270 3431 doctrinae,
1306 3364 1601 3434 prudentia:
1628 3382 1643 3432 ;
1675 3365 1834 3435 idque
1863 3365 2039 3422 Rade-

470 3461 664 3533 gundis
692 3461 779 3516 illa
812 3469 931 3515 vota
959 3456 1124 3515 fuisse
1149 3458 1302 3515 facile
1329 3459 1551 3515 dixerim
1569 3501 1586 3528 ,
1613 3459 1804 3531 quibus
1826 3459 2041 3516 Venan-

472 3558 579 3612 tius
608 3557 721 3625 ipse
760 3568 819 3609 se
856 3552 1128 3609 adhasisse
1166 3553 1380 3618 fatetur,
1422 3555 1706 3622 quominus
1736 3551 1802 3606 ad
1833 3565 1959 3607 suos
1983 3552 2038 3607 in

473 3648 679 3704 italiam
728 3647 1350 3716 regrederetur..Atque
1394 3646 1555 3702 etiam
1602 3646 1795 3702 adsunt
1844 3647 2035 3703 indicia

472 3740 646 3810 aliqua
676 3753 740 3793 ex
776 3738 988 3806 scriptis
1019 3737 1295 3793 Fortunati
1325 3752 1444 3807 qua:
1487 3738 1588 3792 hoc
1629 3737 1802 3805 ipsum
1833 3738 2035 3792 conﬁr-

474 3841 640 3888 ment.
675 3830 749 3885 ita
792 3831 884 3886 lib.
923 3845 1010 3894 XI,
1044 3842 1159 3897 cap.
1191 3830 1258 3894 4,
1289 3839 1475 3884 auctor
1513 3837 1598 3884 est
1639 3828 1948 3899 Radegundi
1980 3839 2035 3885 ut

472 3923 539 3977 ad
568 3921 903 3976 stomachum
950 3918 1401 3975 corroborandum
1431 3933 1494 3973 ac
1525 3920 1874 3974 recreandum
1923 3921 2032 3977 vini

473 4011 671 4082 aliquid
709 4019 983 4076 sumeret,
1026 4009 1305 4080 proferens
1349 4008 1589 4078 Apostoli
1628 4008 1928 4077 exemplum
1978 4020 2034 4065 et

467 4106 840 4161 auctoritatem
863 4145 878 4170 ,
911 4100 1197 4157 Timotheo
1228 4101 1294 4156 ad
1336 4103 1508 4170 ipsum
1537 4100 1829 4157 suadentis.
1865 4102 1992 4157 ltem
2011 4144 2028 4171 ,

466 4210 584 4265 cap.
628 4196 686 4263 7,
732 4196 798 4249 ad
842 4194 1099 4262 Agnetem
1142 4192 1412 4255 scribens,
1453 4201 1605 4263 rogat
1648 4200 1707 4247 ut
1745 4192 1884 4262 quod
1916 4193 2032 4264 ipse

464 4285 778 4353 obsequium
810 4299 904 4336 seu
933 4283 1237 4351 famulatum
1265 4281 1460 4335 absens
1487 4280 1796 4350 lladegundi
1824 4283 2032 4351 impen-

466 4378 599 4432 dere
621 4390 725 4429 non
756 4382 994 4443 poterat,
1020 4388 1116 4442 pro
1141 4389 1202 4428 se
1227 4374 1339 4441 ipsa
1369 4382 1664 4444 praestaret.
1697 4374 1839 4430 Idem
1860 4413 1874 4439 ,
1907 4389 2025 4443 cap.

2143 3264 2494 3319 Fortunatam
2525 3264 2712 3319 istluec
2745 3264 2882 3332 loca,
2914 3281 3018 3321 non
3051 3277 3156 3320 tam
3189 3267 3363 3321 solatii
3415 3270 3495 3323 sui
3526 3283 3711 3338 eausa,

2140 3364 2234 3410 aut
2260 3357 2446 3425 privati
2490 3358 2708 3425 negotii,
2739 3358 2954 3421 adiisse,
2983 3357 3078 3413 scd
3110 3368 3165 3413 ttt
3218 3374 3400 3414 earum
3454 3362 3715 3417 voluntati

2139 3463 2203 3504 ac
2231 3447 2595 3514 sollicitudini,
2628 3449 2823 3518 quibus
2864 3462 2924 3504 se
2970 3460 3027 3505 et
3055 3464 3272 3520 cperam
3299 3466 3453 3508 suam
3497 3453 3715 3510 addite.

2140 3545 2244 3604 rat,
2271 3537 2626 3592 satisfaceret.

2208 3628 2300 3685 63.
2329 3629 2404 3684 Ex
2437 3629 2586 3685 hisce
2607 3639 2781 3685 autem
2806 3630 3083 3685 itincribus
3121 3631 3475 3703 (quaecunque
3498 3632 3711 3689 tandem

2136 3733 2320 3775 eorum
2370 3720 2824 3790 suscipiendorum
2879 3736 3037 3777 causa
3079 3730 3134 3777 et
3190 3722 3325 3777 ratio
3382 3722 3560 3792 fuerit)
3618 3739 3717 3791 per

2139 3825 2382 3879 magnam
2415 3815 2530 3880 ipse
2561 3822 2746 3867 nactus
2770 3811 3218 3881 opportunitatem
3254 3823 3335 3867 est
3373 3814 3712 3882 percelebres

2137 3900 2321 3957 Gallia:
2347 3916 2409 3957 ac
2453 3900 2750 3957 Germaniae
2789 3904 3069 3972 episcopos
3109 3904 3357 3973 adeundi,
3409 3914 3465 3959 et
3509 3920 3709 3975 cogno-

2134 3993 2317 4049 scendi
2368 3994 2678 4063 quibuscum
2708 3986 3035 4050 amicissima
3084 3996 3453 4051 benevolentia
3483 3997 3708 4065 conjun-

2134 4093 2254 4140 ctus
2290 4082 2456 4139 fuisse
2479 4099 2544 4139 ex
2570 4082 2810 4153 ejusdem
2830 4085 3153 4139 carminibus
3185 4088 3386 4154 passim
3409 4086 3708 4154 deprehen-

2135 4177 2294 4232 ditur.
2320 4178 2495 4246 Atque
2519 4186 2574 4230 ut
2602 4191 2668 4231 ex
2705 4176 2768 4230 iis
2795 4177 3083 4232 nonnullos
3106 4191 3548 4243 commemorem,
3573 4192 3710 4245 quo-

2135 4283 2251 4321 rum
2282 4283 2346 4323 ex
2374 4266 2607 4321 amicitia
2628 4273 2684 4320 et
2734 4266 3120 4321 consuetudine
3166 4282 3270 4320 non
3302 4267 3532 4332 vulgaris
3560 4281 3711 4321 com-

2133 4359 2402 4414 mendatio
2430 4355 2747 4425 innocentia:
2789 4372 2851 4412 ac
2880 4358 3089 4433 virtutis
3123 4358 3402 4414 Fortunati
3429 4362 3564 4415 sumi
3614 4376 3710 4430 po-

465 4470 533 4529 8,
587 4464 783 4535 gratias
832 4464 942 4534 agit
986 4464 1175 4533 Agneti
1219 4463 1358 4532 quod
1408 4464 1726 4519 monialibus
1771 4465 2023 4533 epulum,
2058 4487 2112 4548 Β
2140 4458 2513 4548 st-Simius
2532 4447 2848 4548 θθνιηθιξυθν
2883 4449 3163 4548 θρίξεορυε
3208 4449 3701 4548 Ρθΐίξίθηείενῄβτφ

472 4567 656 4625 rogatu
684 4569 811 4620 suo,
840 4552 1182 4617 indulsisset,
1209 4564 1264 4608 et
1291 4562 1438 4622 Optat
1463 4554 1529 4606 ad
1560 4562 1889 4620 extremum,
1919 4569 2025 4624 quo

467 4651 646 4718 Agnes
686 4655 741 4700 et
784 4644 1119 4715 Badegundis
1159 4644 1249 4698 diu
1288 4652 1470 4699 essent
1520 4644 1832 4711 superstites
1857 4688 1871 4711 ,
1920 4660 2026 4714 quo

463 4751 643 4790 carum
668 4740 832 4805 freno,
860 4750 953 4790 seu
983 4737 1317 4800 auctoritate,
1346 4734 1697 4789 Pictaviensis
1720 4736 2025 4790 monasterii

457 4839 628 4883 status
648 4870 663 4895 ,
696 4830 811 4882 sive
852 4827 1127 4894 disciplina
1147 4868 1162 4891 ,
1208 4827 1297 4880 diu
1345 4823 1564 4882 ﬂoreret
1589 4840 1653 4879 ac
1681 4837 1846 4881 staret
1875 4824 2023 4882 inco—

466 4922 644 4975 lomis.
700 4920 1006 4985 Postremo,
1052 4918 1144 4974 lib.
1190 4933 1318 4980 vttt,
1369 4933 1487 4988 cap.
1536 4919 1624 4984 l7,
1674 4919 1915 4974 scribens
1959 4920 2027 4973 ad

460 5014 683 5084 Gregor.
707 5011 930 5077 Turon.,
953 5024 1072 5096 cum
1097 5024 1259 5078 grave
1286 5010 1592 5065 scandalum
1621 5011 1686 5064 ad
1714 5010 2023 5077 dissidium,

465 5112 584 5174 post
630 5101 833 5158 obitum
871 5110 1068 5155 sancta:
1107 5098 1485 5168 Radegundis,
1527 5101 1578 5154 in
1618 5100 1806 5155 eodem
1851 5101 2025 5154 Picta-

468 5193 632 5248 ricnsi
660 5191 986 5249 monasterio
1010 5190 1297 5246 excitatum
1329 5190 1549 5258 luisset,
1593 5190 1766 5247 eidem
1812 5204 2027 5246 causam

464 5281 747 5336 abbatissa:
782 5280 1118 5337 commendat
1156 5281 1237 5334 liis
1274 5281 1450 5334 verbis
1485 5297 1496 5331 :
1554 5279 1749 5334 Memor
1785 5282 1854 5334 sis
1891 5297 2028 5335 com-

460 5370 794 5425 mendationis
830 5371 988 5425 beata
1024 5371 1223 5425 domno:
1262 5385 1385 5424 mea:
1412 5370 1568 5437 ﬁliw,
1596 5370 1674 5424 vel
1704 5373 1816 5442 jam
1848 5373 2027 5426 matris

451 5471 631 5517 uestrae
650 5502 665 5526 ,
697 5463 897 5516 domate
927 5460 1290 5533 lladegundte,
1324 5476 1416 5528 pro
1445 5461 1545 5515 loci
1570 5462 1687 5531 sui,
1720 5462 1797 5516 vel
1849 5479 2026 5534 perso-

460 5570 569 5623 nat,
602 5555 855 5624 totiusque
879 5555 1099 5624 regula,
1129 5554 1403 5610 stabilitate
1427 5554 1562 5624 quod
1606 5553 1782 5623 petiit,
1824 5563 1872 5608 et
1914 5570 2025 5607 ver-

453 5648 634 5702 borum
663 5644 739 5700 uel
767 5645 1011 5699 uiscerum
1039 5646 1408 5716 supplicatione
1461 5644 1744 5711 commisit,
1784 5645 1856 5700 ita
1888 5662 2024 5717 prat-

451 5736 652 5810 cipiutis
690 5735 1081 5808 infatigabiliter
1111 5736 1348 5792 laborare
1367 5777 1382 5804 ,
1410 5739 1631 5808 qualiter
1668 5739 1777 5809 ipse
1806 5738 1942 5793 vobis
1973 5738 2024 5792 in

2136 4539 2451 4608 pensissima
2502 4539 2553 4592 in
2603 4538 2849 4595 eumdem
2903 4541 3175 4597 voluntate
3229 4556 3293 4596 ac
3340 4541 3708 4598 benevolentia

2130 4629 2352 4695 exstitit,
2386 4638 2443 4682 ut
2483 4641 2692 4683 constat
2738 4630 2875 4684 inter
2904 4641 3095 4685 caetera
3134 4647 3197 4685 ex
3230 4632 3322 4686 lib.
3356 4647 3471 4695 vni,
3501 4648 3619 4701 cap.
3651 4634 3705 4696 2,

2131 4719 2231 4788 0p.
2262 4717 2537 4774 Fortunali
2557 4759 2570 4782 ,
2606 4720 2838 4788 quicum
2870 4722 2933 4774 ad
2962 4721 3207 4778 eumdem
3238 4722 3503 4791 proﬁcisci
3528 4724 3708 4789 vellet,

2128 4823 2182 4868 et
2210 4827 2239 4866 a
2271 4811 2590 4881 liadegunde
2615 4814 2949 4878 retineretur,
3000 4814 3115 4868 haec
3146 4815 3352 4884 inquit:

2223 4905 2463 4966 meﬁticat
2482 4903 2595 4952 inde
2617 4911 2773 4963 pater,
2801 4904 2995 4953 radians
3021 4904 3292 4953 Germanus
3310 4905 3356 4952 in
3380 4903 3522 4966 urbe,

2282 4963 2409 5013 Hinc
2432 4968 2618 5013 retinet
2640 4972 2820 5026 mater,
2849 4977 2928 5014 me
2950 4971 3089 5014 vocat
3114 4967 3225 5013 inde
3246 4976 3403 5026 pater.

2220 5025 2385 5076 Dulcis
2408 5035 2620 5086 uterque
2644 5025 2778 5087 mihi,
2813 5037 2924 5074 vcta
2942 5025 3270 5087 amplectente
3294 5026 3519 5086 colitesit;

2285 5087 2467 5136 Plenus
2492 5085 2657 5135 amore
2688 5085 2796 5146 Del,
2822 5086 2977 5135 dulcis
3001 5085 3212 5149 uterque
3230 5087 3365 5135 mihi.

2201 5190 2405 5245 Hicille
2436 5190 2530 5243 fuit
2571 5188 2865 5244 Germanus
2894 5203 2922 5243 a
2971 5206 3076 5259 quo
3105 5192 3303 5261 Agnes,
3354 5186 3700 5249 Pictavleasis

2132 5278 2442 5336 monasterii
2500 5279 2788 5344 abbatissa,
2845 5290 3155 5336 consecrata
3209 5290 3311 5343 est,
3370 5287 3427 5331 ut
3490 5285 3705 5332 consrat

2129 5388 2192 5426 ex
2223 5371 2525 5426 testimonio
2555 5371 2841 5440 ltadegund
2865 5389 2890 5425 s
2919 5376 3056 5442 apud
3081 5370 3303 5439 Gregor.
3354 5369 3581 5432 Turon.,
3609 5369 3701 5423 lib.

2131 5478 2203 5527 Ix,
2235 5476 2351 5532 cap.
2380 5462 2470 5527 Η,
2500 5478 2563 5517 ex
2595 5478 2698 5532 quo
2725 5461 2944 5533 intelligi
2980 5470 3154 5532 potest
3184 5476 3428 5530 magnam
3464 5459 3587 5513 inde
3611 5473 3708 5515 ne-

2128 5555 2558 5610 cessitudinisac
2584 5554 2964 5611 benevolentia
2993 5567 3204 5608 causam
3235 5554 3316 5608 vel
3360 5566 3481 5607 cum
3512 5551 3708 5606 Porto-

2130 5659 2253 5700 nato
2308 5644 2630 5702 interfuisse.

2199 5734 2286 5792 δι.
2319 5735 2484 5791 Felici
2511 5736 2692 5802 etiam,
2747 5735 2995 5806 episcOpo
3038 5732 3404 5806 Namnetcnsi,
3440 5734 3556 5791 viro
3579 5747 3705 5790 cum
