3990 6188
330 206 389 258 Η

1508 202 1662 258 νιτΑ
1707 204 2031 260 VENANTII
2072 205 2486 264 FOl‘lTF-NATI.

3526 221 3593 274 42

331 316 605 370 nobilitate
657 313 872 382 generis
902 353 918 379 ,
974 321 1083 366 tum
1131 313 1324 369 virtute
1373 315 1534 370 animi
1591 317 1902 384 eonSpicuo,
1935 319 2602 388 Asteritatisjacuisseut.
2650 323 2843 391 Quanti
2898 339 3025 379 vero
3057 324 3340 396 Gregorius
3390 331 3593 386 faceret

329 417 582 478 acceptus
608 410 659 461 in
692 406 876 475 primis
900 419 964 461 ac
999 405 1269 476 jucundus
1297 407 1393 461 fuit
1427 427 1437 460 :
1479 407 1640 477 idque
1672 409 1912 464 indicant

327 499 524 568 scripta
553 497 618 550 ad
644 495 791 550 illum
817 495 1094 550 Fortunati
1117 496 1379 560 carmina,
1420 506 1474 551 et
1502 498 1642 553 illius
1671 498 1737 552 ad
1771 500 1913 555 hunc

331 591 522 644 litterae
570 603 702 659 quas
743 587 922 659 legere
949 594 1032 641 est
1059 586 1091 640 Ι.
1128 602 1201 652 ut,
1230 600 1348 656 cap.
1381 584 1436 653 4,
1482 585 1516 640 5
1539 596 1593 643 et
1624 603 1737 656 seq.
1771 588 1912 644 Idem

335 681 478 750 apud
503 679 802 744 Leontium,
831 677 1138 747 episeopum
1181 676 1632 746 Burdigalensem,
1660 689 1713 734 et
1742 677 1916 733 Placi-

337 771 545 834 dinam,
568 769 679 838 ejus
700 768 826 822 olim
859 782 1104 833 uxorem,
1154 767 1430 821 mulierem
1483 781 1549 822 ex
1575 768 1914 836 imperatoria

335 858 561 926 familia,
619 859 673 912 in
728 857 918 927 primis
969 871 1098 912 vero
1153 855 1434 926 singularis
1492 858 1705 926 pietatis
1758 858 1914 912 laude

333 960 674 1020 praestantem
702 991 718 1016 ,
751 964 856 1005 non
901 949 1145 1004 inﬁmum
1175 949 1350 1004 locum
1395 952 1563 1006 tenuit
1592 951 1916 1007 benevolen-

335 1047 423 1098 tia:
451 1054 500 1098 et
526 1043 736 1112 gratiae,
763 1053 820 1098 ut
845 1052 1027 1111 aperte
1053 1051 1316 1097 testantur
1339 1057 1505 1098 carm.
1531 1042 1620 1108 15,
1650 1044 1715 1096 16
1740 1055 1793 1100 et
1825 1047 1910 1113 17,

330 1134 366 1188 Ι.
397 1150 431 1188 l.
454 1134 614 1190 Libro
639 1151 768 1190 vero
793 1150 866 1198 tv,
895 1149 1016 1202 cap.
1044 1134 1133 1198 to,
1165 1143 1342 1189 exstat
1390 1150 1600 1203 poema,
1640 1138 1780 1206 quod
1803 1137 1916 1206 ipse

326 1226 545 1300 scripsit
573 1227 626 1281 in
660 1227 820 1281 funus
849 1227 1344 1296 ejusdem'Leontii,
1371 1228 1422 1282 in
1462 1243 1567 1298 quo
1617 1230 1785 1298 ipsius
1825 1245 1918 1300 ge-

330 1295 475 1373 ueris
497 1319 781 1384 nobilitati,
813 1335 877 1374 ac
909 1319 1111 1382 virtuti,
1135 1330 1188 1374 et
1215 1320 1266 1371 in
1289 1334 1504 1390 gregem
1533 1335 1688 1376 suum
1713 1322 1918 1376 seduli-

332 1409 448 1473 tati,
497 1420 605 1464 tum
656 1411 797 1476 apud
854 1426 1006 1479 reges
1050 1410 1354 1466 auctoritati
1407 1421 1462 1468 et
1517 1413 1699 1482 gratia:
1754 1413 1916 1470 refert

329 1495 599 1567 egregium
632 1497 1018 1563 testimonium.

399 1586 488 1644 δε.
520 1587 654 1654 Quid
700 1602 828 1643 vero
858 1587 927 1644 de
975 1587 1284 1658 Euphronio
1311 1587 1509 1657 dicam,
1539 1587 1780 1646 antistite
1808 1589 1917 1645 Tu-

331 1677 588 1733 ronensit
619 1677 747 1749 quid
774 1679 841 1733 de
870 1679 1096 1747 Nicetio,
1121 1681 1374 1750 episcopo
1415 1680 1747 1748 Trevirensi,
1796 1690 1906 1746 aut,
1942 1667 1987 1726 B

333 1771 422 1839 qui
453 1771 597 1825 illum
638 1770 872 1839 excepit,
914 1770 1254 1841 Magnericot
1280 1771 1346 1827 ad
1393 1787 1527 1843 quos
1553 1772 1792 1842 singulos
1816 1787 1912 1826 ex-

335 1867 475 1914 stant
501 1861 710 1927 scriptus
739 1859 1014 1915 Fortunati
1043 1861 1303 1930 epistolae,
1343 1876 1438 1917 seu
1466 1862 1720 1927 carmina,
1753 1862 1790 1917 l.
1820 1861 1908 1928 lll,

337 1962 487 2019 capp.
517 1952 568 2015 1,
598 1948 656 2016 2,
687 1948 744 2015 5,
773 1948 862 2017 11,
892 1950 960 2004 12
1011 1959 1066 2004 et
1091 1951 1177 2007 15.
1203 1949 1314 2006 Nec
1341 1965 1469 2007 vero
1515 1951 1912 2021 praetereundus

326 2051 536 2096 sanctus
565 2040 847 2104 Martinus,
898 2040 1137 2096 Galliciae
1161 2042 1465 2112 episcopus,
1496 2043 1585 2098 ille
1626 2043 1716 2112 qui
1768 2041 1910 2098 Sue-

335 2146 448 2197 vos,
510 2132 748 2188 Gallicis
781 2133 1007 2198 incolas,
1060 2147 1091 2188 a
1143 2144 1362 2204 paterna
1418 2135 1794 2204 superstitione
1843 2134 1909 2188 ad

327 2223 686 2278 Christianam
724 2224 1034 2294 religionem
1063 2224 1484 2294 amplectendam
1532 2226 1812 2292 convertit,
1843 2225 1909 2280 ad

321 2327 484 2382 quem
536 2313 661 2368 item
713 2314 1036 2370 Fortunatus
1094 2315 1375 2385 epistolam
1405 2315 1636 2385 scripsit,
1699 2314 1908 2383 plenam

321 2404 632 2458 amicissimi
662 2403 938 2471 desiderii,
983 2415 1037 2461 et
1060 2420 1273 2476 poema,
1307 2405 1360 2460 in
1386 2421 1490 2474 quo
1532 2405 1773 2474 ejusdem
1805 2408 1909 2460 vir-

321 2503 502 2559 tutes,
546 2503 602 2548 et
651 2509 777 2565 erga
830 2510 1045 2566 gregem
1096 2511 1251 2551 suum
1306 2495 1494 2551 merita
1544 2497 1905 2553 commendat.

317 2583 495 2639 [labes
521 2583 607 2638 illa
647 2584 684 2638 I.
716 2600 767 2658 v,
799 2602 850 2641 ετ.
881 2584 905 2638 1
937 2584 1064 2641 et2.

389 2663 476 2726 66.
512 2672 803 2727 Addendus
832 2675 914 2728 nis
950 2675 1159 2742 Avitus,
1210 2680 1491 2745 episcopus
1522 2677 1902 2742 Arverucnsis,

318 2776 346 2813 a
375 2778 482 2831 quo
513 2763 745 2832 Gregor.
776 2761 978 2819 Turon.
1009 2765 1074 2820 ad
1101 2767 1336 2820 studium
1386 2767 1681 2822 divinarum
1715 2783 1898 2824 rerum

313 2869 373 2906 se
401 2855 702 2910 excitatum
734 2855 899 2911 fuisse
950 2871 1012 2911 ac
1043 2869 1388 2928 provocatum
1416 2868 1806 2914 commemorat
1845 2861 1896 2913 in

312 2948 449 3000 libro
469 2947 536 3001 tle
564 2947 696 3002 Vitis
714 2948 949 3014 Patrum,
971 2964 1090 3018 cap.
1108 2948 1162 3002 2.
1191 2951 1236 3004 Is
1264 2952 1421 3019 igitur
1445 2952 1495 3006 in
1521 2951 1702 3020 primis
1720 2951 1902 3006 dilexit

319 3038 692 3102 l-‘ortnnatum,
724 3040 800 3093 uti
825 3039 936 3108 jzun
961 3040 1243 3110 conjuncta
1270 3043 1478 3113 utrique
1498 3059 1618 3097 cum
1637 3042 1893 3114 Gregorio
1927 3014 1975 3078 ο

313 3132 659 3184 necessitudo
683 3131 978 3202 efflagitare
1014 3135 1312 3189 videbatur.
1345 3137 1509 3190 l‘orro
1532 3151 1655 3190 cum
1685 3138 1893 3204 Avitus,

315 3235 474 3273 sacro
496 3219 838 3276 Pentecostes
860 3218 964 3288 die,
991 3225 1265 3295 plusquam
1291 3227 1615 3296 quingentos
1639 3228 1894 3286 llebrazos

323 3315 389 3366 ad
422 3311 694 3371 Christum
755 3318 1123 3382 convertisset,
1158 3317 1260 3373 hoc
1288 3319 1402 3388 ejus
1433 3319 1648 3386 factum,
1693 3324 1897 3392 prolixo

311 3409 572 3474 carmine,
632 3419 946 3478 prosecutus
993 3420 1074 3466 est
1104 3411 1447 3482 Fortunatus,
1503 3413 1740 3487 Gregorii
1775 3417 1897 3472 hor-

315 3509 444 3553 ιςιιιι.

392 3590 484 3644 67.
517 3590 625 3645 Sed
659 3607 724 3646 ne
773 3593 1010 3662 singulos
1041 3609 1480 3662 commemorem,
1513 3598 1602 3666 qui
1635 3596 1896 3653 Fortuna-

318 3691 427 3734 tnm
460 3681 835 3737 benevolentia
883 3695 938 3738 et
983 3684 1172 3741 oﬁiciis
1225 3686 1572 3743 humanitatis
1625 3690 1894 3758 complexi

309 3772 468 3829 fuisse
494 3772 990 3842 deprehenduntur,
1047 3778 1116 3832 sit
1142 3793 1276 3832 unus
1313 3793 1409 3847 pro
1453 3779 1700 3834 omnibus
1728 3779 1796 3845 is,
1825 3780 1895 3836 de

310 3880 416 3933 quo
441 3880 600 3935 supra
631 3868 957 3922 mentionem
999 3867 1241 3932 fecimus,
1274 3867 1580 3938 Gregorius,
1612 3870 1893 3926 Turonen-

311 3958 389 4010 sis
433 3959 674 4023 antistes,
737 3960 818 4013 vir
866 3973 986 4014 cum
1033 3959 1162 4015 sede
1187 3975 1249 4014 ac
1275 3959 1419 4025 loco,
1468 3969 1577 4014 tum
1611 3960 1803 4029 pietate
1829 3974 1894 4016 ac

315 4047 557 4103 doctrina
609 4032 967 4104 clarissimus:
987 4051 1156 4116 Quam
1183 4067 1309 4106 vero
1339 4051 1454 4122 ipse
1482 4051 1726 4121 diligeret
1757 4052 1890 4108 For-

307 4148 578 4205 tunatum,
611 4153 674 4192 ac
703 4148 898 4208 quanta
929 4140 1068 4195 inter
1095 4151 1350 4211 utrosque
1380 4140 1612 4196 amicitia
1643 4155 1706 4196 ac
1736 4141 1890 4196 fami-

307 4228 514 4283 liaritas
541 4230 922 4296 intercederet,
977 4241 1084 4286 tam
1115 4233 1291 4286 multa:
1319 4241 1375 4288 et
1397 4233 1599 4287 crebra:
1644 4233 1709 4288 ad
1739 4234 1886 4290 illum

279 4318 522 4399 jscripta:
551 4318 772 4388 hujusce
795 4319 983 4376 littera:
1008 4336 1103 4377 seu
1124 4323 1357 4376 carmina
1393 4323 1664 4379 declarant
1689 4324 1741 4379 in
1772 4327 1888 4396 qui-

284 4409 405 4461 bus
430 4409 473 4462 is
496 4407 637 4462 haud
662 4425 818 4465 secus
841 4425 998 4479 quam
1030 4413 1079 4465 in
1108 4421 1380 4480 parentem
1406 4427 1464 4469 se
1489 4413 1736 4470 allectum
1763 4432 1885 4474 esse

298 4496 560 4562 ostendit,
592 4513 657 4552 ac
695 4501 926 4554 vicissim
971 4501 1110 4555 illius
1161 4505 1486 4572 praecipuum
1531 4521 1657 4576 erga
1686 4521 1743 4562 se
1772 4515 1882 4562 stu-

295 4589 449 4641 dium
473 4598 528 4642 et
556 4591 973 4646 benevolentiam
1027 4603 1376 4649 eontestatur.
1407 4596 1539 4650 Cum
1569 4609 1768 4666 autem,
1799 4615 1885 4656 re-

294 4681 520 4745 gionum
553 4681 832 4737 intervallo
871 4683 1164 4753 sejunctus,
1193 4688 1369 4740 minus
1417 4703 1573 4756 quam
1607 4690 1762 4745 vellet
1786 4691 1884 4760 ipsi

293 4772 494 4825 avlesse
546 4780 602 4827 et
655 4773 770 4841 ejus
820 4776 1102 4843 praesentia
1155 4779 1254 4832 frui
1313 4788 1510 4847 posset,
1564 4782 1882 4840 desiderium

294 4877 458 4915 suum
500 4862 798 4917 litterarum
856 4865 1153 4936 frequentia
1197 4872 1592 4938 compensabat.
1649 4872 1715 4928 Ut
1742 4875 1882 4930 enim

296 4953 417 5017 ipse
469 4953 537 5007 de
563 4968 621 5008 se
657 4956 952 5023 profitetur,
985 4957 1023 5012 1.
1071 4975 1122 5023 v,
1155 4973 1202 5013 c.
1245 4959 1327 5026 ll,
1377 4962 1616 5018 scribens
1639 4965 1705 5019 ad
1733 4981 1884 5021 eum-

294 5044 421 5095 dem
455 5040 767 5114 Gregorium
800 5062 814 5099 :

396 5158 588 5230 Jugiter
609 5167 725 5220 opto
747 5160 922 5230 libens,
947 5174 1086 5212 sacer
1103 5163 1446 5230 amplectende
1469 5166 1698 5230 Gregori,

455 5222 672 5286 Cernere
697 5235 779 5270 vos
801 5225 973 5286 oculis,
992 5222 1216 5285 quaerere
1240 5225 1488 5279 litterulis.

396 5282 549 5352 Dulce
570 5283 741 5352 videre
766 5286 900 5345 mibi,
923 5282 979 5352 ae
1000 5282 1044 5352 si
1066 5287 1195 5335 desit
1217 5291 1351 5352 copia
1377 5291 1535 5352 cerni,

455 5345 582 5404 Spes
606 5349 703 5394 ent
723 5352 877 5395 oranti
903 5347 981 5396 vel
1008 5347 1128 5396 dare
1153 5345 1302 5398 verba
1326 5350 1476 5400 Patri.

372 5447 459 5504 68.
493 5447 663 5519 llujus
694 5463 854 5504 suasu
883 5451 1035 5518 plura
1073 5452 1292 5522 scripsit
1343 5464 1436 5509 aut
1476 5455 1647 5512 edidit
1690 5456 1880 5514 Fortu-

294 5555 473 5612 natus,
507 5559 650 5614 quae,
682 5544 783 5599 nisi
813 5545 927 5613 ejus
968 5547 1208 5601 hortatus
1249 5556 1302 5602 et
1328 5548 1586 5619 impulsus
1617 5553 1877 5608 accessis-

284 5644 394 5698 set.
429 5636 658 5694 fortasse
687 5637 955 5707 perpetuis
992 5637 1048 5694 in
1101 5639 1336 5696 tenebris
1381 5658 1442 5699 ac
1488 5644 1754 5703 oblivione
1783 5662 1876 5719 po-

583 5731 858 5795 Pnaon.
903 5733 1316 5798 LXXXVIII.

2018 413 2215 481 scripta
2263 413 2560 480 Fortunati,
2611 431 2672 470 ac
2717 419 2896 485 quanti
2949 417 3206 473 interesse
3243 421 3588 479 arbitraretur

2018 504 2200 558 eadem
2227 506 2490 575 publicam
2519 505 2569 560 iu
2600 507 2770 562 lucem
2803 509 3051 578 proferri,
3086 511 3208 566 inde
3238 512 3458 586 intelligi
3491 533 3585 586 po-

2019 601 2139 661 test,
2170 597 2310 666 quod
2343 615 2446 653 non
2479 599 2665 655 leviter
2705 616 2823 655 cum
2875 602 2992 671 ipso
3039 604 3263 671 agendo,
3309 607 3405 662 sed
3444 610 3595 663 obte-

2020 688 2215 740 stando
2244 697 2299 743 et
2323 688 2620 758 adjurando
2643 693 2710 745 ab
2739 707 2805 745 eo
2831 693 3187 760 contenderit,
3218 711 3323 766 quo
3353 700 3586 755 carmina

2017 787 2111 829 sua
2165 784 2222 832 et
2267 778 2368 831 alia
2417 781 2679 849 Opuscola
2728 783 2780 837 in
2835 799 2994 837 unum
3043 785 3290 842 volumen
3345 792 3590 861 colligata

2017 867 2312 936 evulgaret.
2344 868 2397 923 ld
2447 884 2514 925 ex
2563 872 2728 940 ipsius
2778 871 3052 928 Fortunati
3086 876 3388 932 testimonio
3434 880 3596 936 disci-

2020 973 2162 1026 mus,
2196 961 2266 1014 ita
2299 963 2584 1019 scribentis
2611 965 2677 1017 ad
2709 965 2894 1033 Greg.,
2924 965 3016 1021 lib.
3073 983 3108 1033 l,
3159 984 3279 1038 cap.
3309 971 3332 1025 1
3371 990 3385 1026 :
3422 971 3590 1036 Unde,

2017 1049 2094 1102 vir
2119 1051 2416 1118 apostolica,
2450 1053 2776 1122 pra’dicande
2801 1073 2934 1126 papa
2963 1056 3197 1128 Gregori,
3227 1061 3348 1130 quia
3383 1063 3595 1118 viriliter

2015 1141 2224 1209 ﬂagitas
2270 1153 2328 1196 ut
2370 1147 2604 1214 quantum
2654 1161 2716 1199 ea:
2757 1147 3012 1215 opusculis
3057 1150 3322 1218 imperitia:
3360 1169 3482 1206 mea:
3505 1154 3595 1206 tibi

2017 1233 2371 1301 transferenda
2400 1240 2701 1304 proferrem,
2733 1252 2964 1289 mearum
3007 1254 3253 1308 nugarum
3297 1243 3523 1297 admiror
3546 1256 3592 1297 le

2016 1338 2192 1377 amore
2213 1325 2422 1391 seduci;
2456 1341 2520 1381 ac
2551 1342 2740 1382 rursus
2772 1345 2787 1381 :
2822 1328 2930 1382 Sed
2948 1332 3187 1398 quoniam
3216 1331 3457 1388 humilem
3497 1337 3590 1389 im-

2015 1413 2240 1484 pulsum,
2269 1416 2511 1470 alacriter
2553 1418 2726 1471 acrius
2752 1420 3072 1484 renitentem,
3104 1421 3195 1476 sub
3239 1426 3593 1488 testiﬁcatione

2016 1499 2177 1556 divini
2206 1506 2458 1574 mysterii,
2483 1515 2531 1560 et
2559 1507 2828 1576 splendore
2859 1509 3100 1563 uirtutum
3131 1513 3406 1567 beatissimi
3443 1514 3590 1569 Mar-

2016 1593 2134 1657 tini,
2178 1598 2476 1668 conjuraus,
2527 1597 2750 1652 hortaris
2797 1599 2974 1654 sedulo
3021 1609 3076 1655 ut
3121 1613 3299 1657 contra
3345 1607 3591 1674 pudorem

2015 1699 2179 1738 meum
2209 1687 2435 1740 deducor
2479 1689 2533 1740 in
2565 1688 2851 1758 publicum,
2881 1699 2984 1745 etc.
3021 1690 3180 1746 Libro
3208 1708 3333 1750 vero
3377 1711 3428 1760 v,
3470 1712 3589 1766 cap.

2013 1773 2069 1839 5,
2101 1790 2162 1831 se
2189 1776 2315 1832 item
2347 1779 2414 1833 ab
2439 1794 2506 1834 eo
2533 1780 2599 1834 ad
2631 1782 2968 1837 scribendum
3008 1784 3283 1842 incitatum
3319 1789 3503 1845 scribit
3527 1793 3591 1846 iis

2014 1868 2195 1924 verbis
2228 1885 2245 1924 :
2275 1870 2518 1942 Instigas,
2552 1871 2711 1926 Pater
2741 1875 2950 1942 Optime,
2981 1877 3113 1930 seria
3136 1880 3442 1944 curiositate,
3487 1884 3590 1936 sin-

2011 1976 2128 2014 cera
2157 1971 2325 2016 tamen
2355 1965 2647 2030 dulcedine,
2691 1968 2918 2021 carmine
2961 1968 3210 2036 elinguem
3257 1973 3510 2042 proloqui,
3545 1986 3590 2026 rt

2011 2066 2212 2106 currere
2258 2055 2496 2123 pinguem
2543 2071 2687 2109 versu
2737 2058 2976 2124 pedestri.
3015 2057 3206 2113 Eadem
3247 2061 3356 2115 fere
3383 2065 3585 2128 scribit,

2012 2140 2050 2197 ι.
2080 2157 2158 2207 ix,
2185 2158 2234 2198 c.
2261 2145 2312 2198 6.

2081 2232 2167 2288 69.
2201 2234 2376 2306 Atque
2404 2237 2518 2293 haec
2550 2239 2689 2295 inter
2715 2243 2954 2297 carmina
2979 2259 3096 2314 qua:
3126 2252 3246 2300 tunc
3267 2246 3432 2300 edidit
3461 2247 3587 2302 For-

2013 2334 2228 2382 tunatus
2259 2330 2406 2398 plura
2435 2341 2562 2386 sunt
2587 2348 2703 2402 quae
2732 2335 2798 2388 ad
2831 2335 3143 2405 Gregorium
3174 2338 3347 2408 ipsum
3391 2341 3585 2410 scripta

2011 2417 2249 2486 fuerunt,
2281 2431 2441 2492 atque
2486 2423 2604 2494 ejus
2635 2425 2888 2480 virtutum
2921 2428 3128 2483 laudem
3159 2439 3215 2484 et
3249 2433 3587 2486 commenda.

2009 2510 2206 2565 tionem
2240 2515 2689 2583 complectuntur.
2723 2515 2802 2572 Ac
2829 2517 2969 2573 inter
2994 2529 3186 2574 caetera
3233 2521 3359 2576 Illud
3387 2524 3582 2577 eminet

2010 2603 2300 2674 inprimis,
2337 2609 2476 2675 quod
2505 2620 2682 2664 exstat
2732 2611 2825 2664 lib.
2861 2627 2915 2678 ν,
2959 2627 3076 2682 cap.
3125 2615 3179 2680 5,
3227 2614 3480 2684 scriptum
3519 2618 3582 2669 ad

2012 2693 2161 2748 cives
2193 2695 2556 2767 Turonenses,
2600 2716 2706 2768 quo
2735 2701 2920 2756 iisdem
2957 2703 3244 2758 Venantius
3269 2708 3582 2774 gratulatur,

2007 2784 2148 2854 quod
2197 2784 2488 2858 Gregorius
2534 2791 2792 2847 Ecclesia:
2852 2791 2996 2848 illius
3041 2794 3323 2864 episcopus
3373 2808 3584 2853 creatus

2010 2875 2223 2944 fuisset,
2257 2893 2319 2932 ac
2347 2879 2488 2934 bona
2515 2881 2581 2937 iis
2611 2885 2792 2938 omnia
2822 2899 2884 2939 ex
2927 2884 3192 2955 pontiﬁcis
3237 2888 3318 2940 sui
3347 2887 3581 2944 adventu

2009 2984 2071 3022 ac
2103 2973 2387 3038 praesentia
2419 2974 2705 3032 ominatur.

2075 3061 2163 3118 70.
2212 3063 2324 3131 Qua
2367 3080 2498 3119 vero
2557 3067 2612 3121 in
2665 3083 2725 3123 se
2767 3069 3129 3126 muniﬁcentia
3168 3087 3230 3128 ac
3266 3073 3580 3131 liberalitate

2001 3151 2142 3208 idem
2172 3153 2464 3226 Gregorius
2495 3167 2659 3226 esset,
2689 3161 2883 3228 passim
2910 3163 3022 3217 suis
3054 3163 3104 3216 in
3135 3165 3460 3220 carminibus
3487 3167 3578 3221 de-

1999 3248 2190 3315 clarat,
2222 3261 2384 3320 atque
2414 3261 2472 3308 ut
2501 3253 2569 3309 de
2599 3255 2810 3310 caeteris
2834 3265 3061 3324 taceam,
3085 3259 3178 3314 lib.
3206 3276 3314 3328 vin,
3337 3275 3456 3330 cap.
3483 3263 3574 3327 25,

2001 3352 2266 3396 memorat
2298 3345 2402 3398 sibi
2434 3344 2501 3401 ab
2551 3345 2644 3400 illo
2693 3348 2923 3418 agellum
2973 3353 3266 3420 praestitum
3312 3353 3475 3408 fuisse
3511 3358 3576 3408 ad

2000 3433 2308 3488 alimoniam
2357 3449 2419 3490 ac
2463 3445 2690 3494 ca-teros
2717 3451 2981 3509 sumptus,
3017 3444 3066 3497 in
3113 3459 3220 3512 quo
3266 3447 3578 3502 muniﬁcen-

2003 3523 2128 3578 tiam
2181 3525 2420 3594 ejusdem
2463 3529 2674 3585 confert
2721 3547 2841 3586 cum
2888 3533 3208 3591 liberalitate
3235 3537 3404 3592 sancti
3442 3539 3578 3614 Mar:

2000 3615 2117 3680 tini,
2167 3632 2287 3672 cum
2339 3619 2427 3673 hic
2475 3621 2542 3674 de
2588 3633 2735 3688 parte
2782 3623 3080 3696 chlamydis
3125 3642 3237 3682 sua:
3281 3628 3478 3684 nudum
3519 3644 3574 3686 et

1998 3718 2243 3776 egentem
2275 3712 2530 3776 contexit,
2567 3712 2646 3766 bis
2676 3715 2920 3770 versibus
2953 3734 2965 3769 :

2090 3797 2298 3872 Μελ-μέθεξλὶ
2323 3803 2764 3872 [δείξει-διίδμεναΠί
2788 3816 2948 3872 gesta,
2971 3808 3200 3872 Gregort,

2148 3860 2296 3930 'l'exit
2313 3860 2474 3930 utgille
2496 3864 2683 3930 habitu,
2710 3860 2902 3917 nos'alis
2926 3860 3028 3930 ipse
3056 3860 3185 3921 cibo.

2091 3920 2470 3999 Ut‘gltlamydem
2496 3925 2583 3999 ille
2602 3920 2846 3999 prius,.sic
2863 3939 2916 3999 tu
2933 3920 3384 3999 partirisagellum;

2147 3981 2238 4032 llle
2272 3981 2486 4047 tegendo
2510 3981 2701 4048 potens,
2726 3981 2879 4052 tuque
2897 3981 3100 4042 fovendo
3117 3981 3318 4044 decens.

1993 4061 2160 4133 Cujus
2205 4065 2418 4134 quidem
2469 4068 2628 4137 agelli
2670 4071 2828 4124 situm
2871 4081 2922 4126 et
2972 4074 3335 4132 amoenitatem
3364 4079 3562 4136 descri-

1993 4150 2146 4216 bene,
2180 4168 2227 4207 c.
2253 4153 2324 4208 24
2352 4156 2591 4224 ejusdem
2626 4158 2766 4224 libri,
2800 4159 2912 4215 haec
2942 4161 3016 4214 ait
3047 4179 3061 4216 :

2085 4243 2140 4292 In
2161 4257 2266 4313 ραι
2278 4253 2422 4313 _s_orte
2445 4246 2538 4296 loci
2561 4247 2680 4296 facta
2706 4256 2781 4313 est
2800 4250 2992 4313 collatio
3010 4253 3140 4313 doni,

2147 4304 2251 4377 Qua
2278 4307 2500 4369 V'igenna
2522 4323 2695 4377 procax
2719 4310 2882 4377 littore
2903 4312 3084 4375 frangit
3105 4304 3270 4377 a'quas.

2216 4369 2320 4416 ibus
2344 4377 2394 4418 et
2419 4372 2614 4440 tumidis
2635 4372 2748 4421 dum
2765 4373 2922 4440 fertur
2939 4369 3082 4440 nauta
3107 4369 3298 4440 carinis,

1915 4370 1970 4432 Ῑ)
2086 4365 2320 4477 lapsibus
2342 4365 2394 4418 ut
2420 4365 2614 4444 tumidis
2635 4372 2748 4421 dum
2765 4373 2922 4422 fertur
2939 4365 3082 4424 nauta
3107 4365 3283 4450 cirinis

2178 4442 2330 4490 ugera
2353 4431 2485 4481 culta
2510 4434 2662 4494 videt,
2686 4436 2876 4496 quando
2897 4436 3120 4486 celeuma
3138 4449 3283 4490 canit.

1915 5813 1956 5834 ἢ.

2060 4509 2148 4564 71.
2181 4512 2435 4582 Ejusdem
2465 4529 2595 4570 vero
2621 4516 2673 4570 in
2697 4532 2755 4570 se
2785 4517 2973 4573 collata
3017 4535 3234 4577 munera
3266 4539 3330 4578 ac
3357 4526 3556 4581 beneﬁ—

1989 4601 2069 4656 cia
2111 4605 2416 4661 summatim
2467 4608 2852 4678 complectens,
2895 4610 2933 4665 Ι.
2981 4627 3094 4678 vui,
3144 4629 3194 4668 c.
3241 4615 3331 4681 25,
3372 4632 3556 4676 eorum

1990 4695 2410 4764 magnitudinem
2436 4713 2500 4752 ac
2531 4714 2808 4755 numerum
2836 4703 3106 4773 exprimit,
3137 4704 3383 4776 inquiens
3413 4727 3427 4763 :

2082 4787 2301 4860 Gurgitis
2321 4791 2367 4838 in
2386 4803 2585 4860 morem
2598 4793 2637 4841 si
2658 4792 2824 4860 lingua
2849 4795 3029 4844 ﬂuenta
3053 4796 3262 4860 rigaret,

2142 4850 2358 4920 :furbine
2381 4855 2616 4920 torrentis
2637 4855 2717 4903 vel
2731 4850 3002 4920 'raperutur
3022 4850 3177 4920 aquis,

2082 4912 2256 4983 Δίῳ..
2281 4915 2524 4983 praecipue
2548 4917 2785 4983 pracqnia
2802 4912 3009 4983 summa,
3029 4912 3258 4983 Gr‘egbri,

2142 4973 2265 5039 Dum
2282 4973 2385 5024 'uon
2405 4973 2658 5039 explorem
2685 4977 2906 5038 ﬂumine,
2925 4973 3061 5039 gutta
3087 4973 3256 5033 forem:

2142 4988 2265 5020 unm
2293 4988 2385 5024 non
2405 4988 2464 5024 ex
2489 4988 2658 5025 iterem
2685 4988 2906 5038 ﬂumine,
2925 4988 3061 5039 gutta
3087 4988 3256 5033 torem.

2078 5033 2455 5105 quilicumque
2474 4988 2910 5105 i’atremjequaret
2935 5053 3028 5105 nec
3054 5041 3188 5105 Musa
3206 5043 3436 5105 Maronis,

2141 5095 2266 5145 Fers
2283 5095 2408 5146 bona
2427 5106 2604 5159 quanta
2628 5095 2767 5161 mihi;
2790 5103 2900 5164 quis
2917 5102 3045 5152 valet
3065 5115 3151 5151 ore
3175 5103 3334 5165 loqui!

2057 5175 2147 5232 72.
2171 5177 2308 5244 Quid
2325 5189 2501 5236 autem
2525 5182 2758 5250 reliquos
2777 5198 3081 5239 enumerem
3099 5200 3233 5254 quos
3253 5193 3332 5242 sui
3355 5176 3584 5244 amicos.

1983 5281 2046 5322 ac
2075 5278 2330 5337 patronos
2361 5269 2543 5327 habuit
2567 5273 2619 5327 in
2647 5272 2811 5329 Gallis
2836 5273 3188 5330 Fortunatus?
3230 5276 3404 5349 Reges
3434 5279 3555 5335 dico

1984 5371 2045 5412 ac
2073 5359 2339 5429 principes
2361 5361 2526 5427 viros,
2559 5363 2751 5432 quibus
2781 5373 2885 5418 tam
2911 5376 3184 5434 acceptum
3215 5377 3375 5437 atque
3402 5379 3550 5428 omni

1984 5459 2225 5520 tempore
2249 5451 2543 5522 jucundum
2575 5463 2630 5509 et
2659 5456 2880 5510 charum
2910 5457 3158 5514 eumdem
3205 5460 3389 5529 fuisse,
3435 5479 3554 5534 per-

1981 5557 2254 5612 magnum,
2285 5561 2404 5599 meo
2433 5545 2647 5615 quidem
2670 5547 2894 5617 judicio,
2937 5564 3056 5606 cum
3088 5551 3285 5624 ingenii
3333 5555 3452 5624 ejus
3497 5567 3552 5612 et

1981 5634 2259 5706 doetrina‘,
2298 5645 2408 5694 tum
2440 5639 2560 5694 vita:
2590 5641 2927 5711 integritatis,
2959 5655 3114 5714 atque
3160 5647 3320 5704 etiam
3362 5649 3544 5720 cujus-
