4060 6190
771 212 814 258 \

441 302 523 357 τί
998 282 1515 342 PBOLECOMENA
1564 281 1654 336 AD
1695 279 2018 336 \‘ENANTII
2065 278 2221 335 "0N.
2264 278 2470 334 CLEM.
2513 277 2901 335 l’OliTUNATI
2941 276 3191 333 OPERA.
3659 283 3727 335 ιι

446 417 576 471 dam
602 410 676 464 in”
706 396 955 461 familiari
998 394 1388 452 consuetudine
1425 392 1742 448 urbanitatis
1789 405 1854 445 ac
1898 389 2045 444 iesti-
2078 396 2124 455 Α
2153 391 2467 460 gio~issimis
2500 392 2661 446 fuisse
2707 399 2763 445 ttt
2809 405 2902 460 per
2948 405 3166 454 annum,
3199 405 3263 444 ac
3309 404 3466 445 sacro
3496 395 3733 450 maxime

446 504 654 568 sitatis,
685 508 768 552 est
792 491 1189 551 tesrktmnium.
1219 485 1389 555 Supra
1417 482 1526 553 jam
1555 480 1791 537 diximus
1821 495 1977 549 quam
2003 482 2048 534 is

448 599 745 671 Sigiberto,
778 590 889 658 regi
918 582 1246 646 Ausuasiaz,
1272 588 1458 648 gratus
1485 583 1631 630 esset
1656 582 1711 628 et
1736 572 2002 642 iucundus
2030 591 2041 625 :

448 664 548 746 cui
572 684 799 743 addendi
830 680 1075 751 ejttsdent
1105 673 1322 732 fratres,
1351 664 1718 729 Cltaribertus,
1750 664 2043 719 Guntram-

461 797 582 849 nus,
606 775 971 846 Cltilpericus,
997 776 1058 823 et
1098 760 1354 833 Sigiberti
1385 758 1526 813 ﬁlius
1556 755 1669 828 (qui
1700 764 1884 826 postea
1933 755 2044 808 Αυ.

458 845 666 930 suasio:
716 845 937 936 regnum
968 856 1206 925 senuit),
1252 849 1646 914 Citildebcrttts,
1691 862 1811 901 cum
1852 845 2049 914 reginis

459 968 571 1021 suis
620 955 981 1020 Bruuicltilde,
1021 943 1410 1008 Gelesuintha,
1446 938 1819 1010 Fredcgunde,
1862 950 1925 988 ac
1963 948 2046 989 re-

462 1056 562 1123 giis
608 1046 847 1110 familiis,
878 1040 1019 1111 apud
1062 1051 1201 1107 quos
1250 1032 1603 1088 Fortunatum
1653 1029 1706 1081 itt
1757 1026 1959 1080 honore
1987 1036 2051 1077 ac

462 1121 633 1216 pretio
661 1141 849 1205 fuisse,
883 1144 970 1191 tot
984 1134 1055 1187 de
1080 1131 1168 1186 bis
1197 1136 1357 1199 atque
1395 1124 1466 1180 ad
1497 1123 1646 1194 ipstts
1674 1121 1871 1189 scripta
1922 1132 2049 1188 poe-

459 1248 599 1291 mata
631 1232 827 1301 passitn
860 1233 1146 1280 testentur.

532 1298 767 1380 75.-Jam
802 1325 1155 1384 veropraster
1195 1309 1497 1379 Gogonem,
1534 1302 1765 1370 Lupum,
1817 1298 2050 1369 Magnul-

460 1418 645 1486 phum,
678 1412 950 1476 latinum,
974 1404 1190 1461 ctalios
1218 1402 1286 1455 de
1314 1398 1506 1470 quibus
1532 1408 1691 1463 supra
1726 1393 2049 1446 mentionem

463 1482 587 1576 loci,
619 1505 1012 1562 Mummulenus
1044 1498 1227 1562 etiam,
1261 1495 1344 1547 vir
1381 1490 1491 1546 illis
1520 1485 1852 1555 temporibus
1880 1482 2053 1552 digni-

464 1615 571 1659 tate
603 1608 883 1670 prmstatts,
917 1606 974 1650 et-
1000 1595 1138 1648 i-utcr
1186 1601 1314 1642 suos
1358 1581 1744 1646 nobilissimus,
1794 1576 2052 1631 amicissi-

464 1711 584 1751 mus
612 1690 883 1749 Fortuuati
910 1688 1027 1741 fuit.
1064 1683 1163 1738 Hie
1190 1680 1342 1734 illum
1387 1677 1607 1746 cgrrgie
1657 1671 1836 1724 laudat
1886 1669 1923 1724 ι.
1954 1672 2049 1733 vn',

2154 483 2607 552 quadragesima“
2637 494 2899 551 tenuiore,
2933 483 2983 536 in
3016 482 3190 535 locum
3217 484 3518 552 quempiam
3540 484 3610 538 ab
3638 486 3729 539 lto-

2152 574 2354 625 minum
2388 573 2684 641 frequentia
2716 585 2979 627 remotum
3019 573 3356 638 secederent,
3391 575 3442 629 in
3471 591 3576 645 quo
3607 592 3727 647 prc-

2153 662 2307 718 cibos
2338 664 2467 717 solis
2482 661 2769 733 acjejuuiis
2800 674 3073 719 vacarent.
3108 664 3179 718 Ita
3211 665 3278 719 de
3302 674 3494 721 sancto
3518 666 3738 725 Senoclr

2153 768 2333 812 narrat
2361 758 2520 827 Greg.
2553 759 2710 825 'l‘ur.,
2765 760 2858 814 lib.
2909 760 2976 816 de
3008 760 3142 816 Vtis
3189 761 3431 831 Patrum,
3472 779 3590 835 cap.
3643 767 3733 832 15,

2152 848 2291 917 quod
2324 865 2353 902 a
2383 848 2473 903 die
2502 851 2672 904 sancti
2704 849 2942 913 Martini,
2971 865 3140 919 usque
3167 852 3230 905 ad
3261 852 3500 907 Natalem
3540 854 3743 910 Christi-

2151 940 2316 1006 diem,
2342 949 2395 994 et
2427 954 2619 994 rursus
2651 940 2999 1009 quadraginta
3031 952 3156 995 ante
3184 942 3382 997 Pascha
3409 945 3598 998 diebus
3622 946 3705 1000 cel

2151 1032 2255 1087 lnla
2285 1031 2501 1087 vivebat
2533 1033 2804 1099 inclusus;
2836 1034 3068 1101 itemque
3099 1033 3166 1088 de
3198 1035 3507 1090 Berecundo
3536 1038 3583 1104 ⁸,
3612 1052 3739 1106 ροιι

2156 1125 2299 1181 ιίῐίιθ
2342 1124 2689 1180 Αἰιιιιίιιιιειιεί
2733 1136 2914 1179 narrat
2962 1134 3148 1179 auctor
3198 1124 3455 1196 Gregorio
3498 1142 3745 1193 coaevus,

2158 1216 2298 1285 quod
2325 1228 2593 1271 secretum
2624 1219 2678 1271 in
2710 1217 2884 1271 locum
2912 1216 3218 1281 recedebat,
3249 1226 3305 1272 ιιι
3330 1233 3484 1272 sacro
3510 1220 3738 1288 quadra—

2153 1306 2395 1376 gt-simali
2450 1315 2693 1376 tempore
2740 1296 3044 1361 divinaium
3083 1320 3261 1362 rerum
3301 1308 3737 1375 contemplationi

2154 1408 2367 1452 vacaret
2391 1398 2706 1468 impensius.

2228 1487 2317 1543 76.
2353 1489 2521 1544 Porro
2549 1504 2667 1543 eam
2698 1490 2761 1543 ad
2794 1504 2908 1544 rem
2941 1488 3234 1559 aptissima!
3275 1489 3622 1545 occurrebant
3653 1490 3736 1542 in-

2156 1582 2318 1649 sulm,
2352 1597 2496 1651 quae,
2529 1583 2666 1636 mari
2696 1581 2928 1652 undique
2957 1582 3312 1648 circumfusa,
3357 1582 3745 1652 frequentiores

2158 1666 2437 1730 hominum
2466 1675 2721 1730 arcebant
2748 1688 3018 1730 accessus.
3051 1671 3094 1729 ll
3120 1689 3186 1728 nc
3212 1673 3281 1728 de
3308 1674 3564 1737 Palladio,
3593 1673 3743 1729 San-

452 1804 513 1842 e.
548 1787 633 1852 l4,
666 1799 728 1838 ac
758 1783 793 1836 l.
824 1797 898 1845 ιχ,
929 1794 979 1833 c.
1006 1775 1065 1842 ἓ,
1118 1771 1307 1828 scribit
1356 1768 1422 1821 ad
1454 1765 1703 1820 eumdem
1749 1760 2054 1814 consolato-

2171 1768 2385 1822 toneusi
2434 1769 2713 1836 episcopo,
2763 1776 2945 1821 narrat
2979 1765 3290 1837 Gregorius,
3341 1766 3430 1820 lib.
3480 1781 3569 1819 vttt
3601 1765 3741 1820 llist.

464 1880 597 1934 riam
646 1875 926 1945 epistolam
972 1884 1067 1940 pro
1102 1874 1275 1920 morte
1306 1862 1500 1932 puella:
1547 1858 1690 1913 filim.
1726 1856 1853 1910 ltem
1883 1854 2053 1921 Papu-

465 1978 583 2037 ltts,
635 1971 715 2024 vir
760 1964 896 2037 apud
944 1961 1267 2033 Sigibertum
1319 1954 1744 2026 potentissimus,
1790 1947 2053 2012 llerullus,

463 2068 673 2130 Coudo,
704 2056 1064 2122 Gnudnarius,
1115 2054 1273 2115 Bosa,
1326 2046 1686 2111 Galactorius,
1726 2041 2053 2102 Chrodinus,

467 2128 808 2216 Mummolus,
835 2158 891 2205 et
934 2145 1029 2201 alii
1051 2159 1175 2200 cum
1204 2143 1406 2196 virtute
1452 2152 1515 2192 ac
1543 2136 1803 2206 dignitate
1834 2128 2053 2200 praecel-

468 2250 639 2301 lentes
687 2242 808 2307 viri,
863 2248 975 2294 tum
1024 2233 1163 2304 apud
1196 2247 1365 2303 .reges
1395 2243 1523 2285 suos
1554 2224 1799 2281 honorati
1850 2230 1902 2276 et
1930 2234 2054 2290 gra-

468 2338 616 2402 tiosi,
653 2335 918 2406 prarciptta
967 2326 1338 2385 benevolentia
1379 2312 1645 2381 eumdem
1672 2316 1934 2388 prosecuti
1961 2314 2056 2368 de-

468 2404 888 2500 prehenduntur.
939 2421 1090 2489 Quod
1140 2427 1322 2473 autem
1372 2416 1437 2471 ad
1485 2416 1602 2483 ejus
1636 2404 2057 2465 commendatio-

469 2497 616 2586 nem,
661 2532 784 2573 meo
813 2514 1029 2586 quidem
1057 2509 1287 2582 judicio,
1311 2507 1500 2562 valere
1548 2503 1835 2574 plurimum
1877 2497 2056 2562 debet,

470 2612 604 2666 illud
636 2616 740 2676 est,
775 2607 915 2678 quod
942 2619 1064 2660 cum
1096 2603 1309 2658 illorum
1340 2613 1473 2669 quos
1517 2594 1790 2653 nominavi
1822 2592 2064 2662 plerique

472 2704 619 2757 varia
673 2701 886 2755 fortuna
917 2697 997 2752 usi
1047 2693 1319 2750 interdum
1348 2694 1479 2757 sint,
1513 2704 1576 2744 ac
1606 2686 1853 2751 nonnulli
1894 2685 1976 2739 vel
2003 2686 2056 2737 in

472 2810 627 2865 rcges
658 2787 1284 2864 ipsos~con5piraverint,
1306 2793 1408 2838 aut
1434 2766 1501 2837 ab
1526 2780 1714 2836 iisdem
1743 2777 2059 2842 defecerint,

475 2890 563 2943 alti
614 2884 865 2958 gravibus
913 2883 981 2938 de
1027 2879 1204 2937 causis
1259 2873 1494 2947 suspecti
1544 2881 1597 2927 et
1644 2867 1830 2925 oliensi
1885 2869 2058 2921 locum

471 2997 625 3037 suum
645 2988 701 3034 et
721 2978 942 3049 gradum
971 2972 1270 3037 amiserint,
1290 2977 1355 3026 et
1380 2967 1577 3024 exsilio
1605 2971 1699 3019 aut
1722 2969 1893 3015 morte
1917 2958 2059 3014 mul-

476 3073 569 3128 tati
618 3068 919 3126 tttiserrime
964 3064 1288 3127 interierint,
1340 3073 1479 3115 unus
1527 3070 1662 3127 pene
1710 3052 2052 3115 Fortunatus,
2084 3095 2131 3159 Ω

478 3161 620 3218 nulla
651 3148 885 3230 unquam
916 3157 985 3211 de
1014 3168 1175 3210 causa
1208 3151 1500 3207 accersitus
1529 3154 1621 3201 aut
1665 3154 1943 3214 suapectus
1986 3141 2057 3195 le-

476 3256 620 3324 gitur
650 3252 838 3319 fuisse,
867 3263 967 3304 nec
994 3260 1177 3302 eorum
1212 3259 1349 3315 quos
1375 3239 1729 3296 amicissimos
1755 3248 1809 3292 et
1833 3234 2060 3306 conjun-

478 3344 750 3400 etissimos
799 3339 1029 3395 habebat
1076 3338 1355 3392 calamitas
1407 3332 1485 3388 illi
1543 3345 1647 3401 qua
1693 3329 1832 3399 apud
1890 3327 2062 3396 Reges

482 3438 757 3491 fruebatur
783 3431 968 3503 gratias
1015 3425 1506 3497 olfecitaliquando
1540 3441 1553 3477 :
1586 3420 1727 3493 quod
1765 3433 1957 3490 magno
1984 3417 2064 3472 itt-

481 3530 620 3588 dicio
646 3537 729 3585 est
757 3526 829 3583 ita
858 3523 1110 3582 eumdem
1157 3519 1613 3578 nobilissimorum
1663 3516 1901 3569 virorum
1931 3512 2062 3566 ami-

478 3625 634 3683 citias
682 3620 933 3686 uoluisse,
984 3627 1042 3673 ut
1083 3616 1222 3672 idem
1270 3614 1462 3670 alienis
1514 3626 1545 3666 a
1591 3622 1819 3680 persona
1870 3620 1965 3662 sua
2012 3612 2066 3660 et

484 3717 649 3788 gradu
681 3711 911 3785 negotiis
939 3725 1060 3766 sese
1087 3723 1192 3763 non
1232 3706 1580 3770 immisceret,
1612 3709 1792 3773 atque,
1823 3703 1890 3753 ab
1919 3697 2066 3752 omni

493 3809 720 3878 partium
752 3805 928 3861 studio
952 3803 1181 3867 alienus,
1212 3798 1353 3869 quod
1381 3812 1536 3851 suum
1565 3803 1685 3849 erat
1725 3807 1861 3861 opus
1888 3804 2069 3860 perse-

482 3906 759 3969 queretur,
789 3894 933 3964 pacis
962 3898 1122 3958 atque
1144 3889 1239 3944 otii
1270 3889 1498 3943 amicus.

558 3989 649 4045 7i.
684 3987 926 4057 Spatium
964 3998 1092 4039 vero
1124 3981 1378 4051 temporis
1404 3974 1619 4047 aliquod
1653 3971 1908 4029 habitavit
1935 3969 2068 4024 For-

492 4090 706 4135 tunatus
729 4079 782 4132 in
808 4092 871 4132 ea
906 4073 1191 4130 Britannia:
1231 4069 1454 4126 minoris
1483 4075 1633 4139 parte
1664 4079 1781 4136 qua:
1807 4065 1874 4118 ad
1898 4064 2071 4117 Ocea-

486 4187 613 4228 num
658 4169 855 4241 posita,
901 4167 1021 4236 ejus
1069 4164 1320 4220 fluctibus
1348 4160 1567 4216 alluitur
1594 4174 1658 4214 ac
1686 4157 1936 4226 cingitur.
1986 4152 2075 4208 Sic

490 4263 632 4319 enim
685 4262 802 4331 ipse
830 4259 1018 4315 scribit
1064 4257 1131 4313 ad
1175 4255 1410 4311 Felicem
1441 4252 1881 4315 Namnetenseut,
1916 4248 1951 4301 Ι.
1995 4262 2075 4313 ιιι,

491 4370 609 4425 cap.
626 4353 662 4406 4
687 4370 700 4406 :
729 4352 988 4405 Uscitante
1014 4364 1092 4402 me
1119 4362 1275 4419 prope
1294 4346 1515 4416 ﬁnitima
1539 4344 1710 4415 pelagi
1733 4342 2078 4395 blandimento

492 4411 751 4500 adturalis
775 4442 995 4511 torporis
1024 4411 1255 4503 inlecta,
1295 4411 1346 4491 et
1373 4411 1592 4490 litterati
1620 4411 1812 4486 diutius
1857 4433 1908 4484 in
1937 4445 2078 4483 mar-
2106 4438 2160 4506 ι)
2185 4417 2388 4472 (“ﬂius
2437 4415 2681 4470 ῖηδίπει-
2726 4415 2879 4480 Ωυοά
2929 4414 3072 4466 enim
3124 4416 3237 4481 ipse
3285 4413 3337 4465 ill
3380 4412 3555 4479 δικιυῦ
3595 4411 3764 4463 insula

448 4496 966 4610 5giae"-decubante,
1013 4532 1177 4586 subito
1228 4496 1316 4599 per
1364 4526 1665 4597 undifrugos
1708 4524 1856 4577 uestri
1885 4523 2074 4592 ﬂuctus

498 4630 708 4700 eloquii,
739 4628 886 4697 quasi
909 4623 1134 4693 scopulis
1177 4619 1551 4674 incurrentibus
1587 4616 1731 4676 elisa,
1771 4614 1893 4668 sals
1922 4629 2074 4684 spar-

499 4725 616 4798 gine
645 4720 723 4775 uie
749 4717 961 4790 contigit
982 4715 1221 4769 irrorari.
1246 4712 1389 4766 Idem
1416 4710 1657 4765 scribens
1681 4707 1747 4762 ad
1782 4707 2076 4761 Drucottem

504 4817 679 4882 Diac.’,
712 4814 804 4868 lib.
829 4825 911 4875 ιιι,
944 4824 1061 4879 cap.
1094 4807 1185 4874 ‘53,
1215 4806 1331 4860 bare
1351 4806 1424 4857 ait
1458 4820 1471 4857 :

594 4930 694 4981 Nos
716 4929 864 4978 maris
882 4926 1063 4978 Oceani
1084 4922 1319 4973 tumidum
1337 4919 1626 4970 circumfluit
1642 4931 1832 4980 :equor,

669 4992 730 5041 l‘e
751 5001 950 5052 quoque
977 4988 1211 5052 l’artsius,
1234 4985 1385 5052 citare
1407 4984 1609 5052 solatii,
1634 4982 1807 5052 habet.

596 5040 827 5115 Sequana
853 5040 903 5100 ὼ
925 5040 1245 5115 retinet_,_nOs
1271 5045 1396 5093 nuda
1430 5045 1703 5092 Britannica
1721 5040 1896 5104 cingit.

661 5109 853 5166 Divisos
878 5115 1041 5166 terris,
1066 5109 1231 5169 alligat
1253 5119 1379 5155 unus
1403 5117 1557 5169 amor.

595 5162 857 5231 Noitvl'uror
886 5174 962 5222 ιω
989 5162 1362 5232 νὸιιιεινιιιιιιιηι
1383 5168 1504 5232 mihi
1542 5164 1786 5215 subtrahit
1806 5162 1960 5221 illum,

639 5239 763 5291 Nec
788 5238 971 5287 Boreas
990 5229 1152 5282 aufert.
1174 5245 1368 5291 nomen,
1396 5229 1567 5286 amice,
1593 5236 1748 5277 tuuut.

588 5342 681 5398 75.
731 5337 1088 5407 Quaerendum
1134 5341 1311 5387 autem
1361 5329 1567 5385 videtur
1595 5341 1822 5398 quanam
1863 5324 2095 5379 maxime

516 5432 582 5488 de
611 5445 769 5488 causa
801 5430 939 5483 idem
962 5430 1012 5481 in
1040 5442 1162 5480 oras
1188 5424 1304 5480 illas
1324 5436 1387 5477 ac
1418 5421 1593 5476 littora
1610 5414 1955 5475 secessisset?
1985 5417 2098 5484 Qua

518 5523 574 5578 in
593 5538 650 5599 re
677 5523 722 5579 si
753 5522 876 5576 licet
905 5518 1175 5588 conjicere
1202 5515 1421 5586 aliquid,
1448 5513 1574 5568 illud
1600 5512 1829 5582 primum
1853 5510 2097 5565 animad-

520 5624 690 5677 verto,
730 5614 970 5669 solemne
1021 5604 1157 5665 tunc
1195 5606 1454 5678 temporis
1504 5604 1770 5676 plerisque
1821 5601 1946 5657 viris
1977 5600 2099 5659 reii-

588 5740 613 5767 ἰ
644 5728 783 5798 Lege
809 5724 961 5796 pra-f.
994 5724 1058 5778 ad
1085 5736 1229 5777 socc.
1260 5722 1299 5787 l,
1334 5738 1387 5774 ιι.
1420 5718 1538 5774 ιιι.

2159 1857 2383 1921 Franc.,
2413 1873 2534 1924 cap.
2567 1856 2657 1923 45,
2689 1857 2828 1926 quod
2860 1857 2974 1926 ipse
3008 1856 3419 1927 Quadragesima:
3443 1865 3665 1927 tempore
3687 1857 3745 1909 in

2153 1947 2377 2000 insulam
2416 1948 2608 2013 maris,
2650 1947 2903 2001 orationis
2948 1961 3134 2013 causa,
3179 1947 3480 2000 secessisset.
3515 1946 3748 2000 Sanctus

2160 2036 2441 2093 Marcolqu
2472 2036 2656 2099 etiam,
2689 2038 2855 2092 abbas
2902 2036 3203 2102 Nautensis,
3251 2036 3302 2091 in
3342 2036 3621 2100 quamdam
3664 2037 3743 2088 itt-

2164 2132 2332 2183 snlam
2368 2131 2651 2199 quotannis
2682 2130 3041 2200 confugiebat,
3071 2141 3314 2198 quatenus
3340 2129 3410 2182 ibi
3438 2144 3588 2200 super
3612 2128 3748 2182 illud

2161 2238 2364 2276 sacrum
2397 2233 2597 2291 tempus
2639 2222 3099 2293 quadrngenarium
3137 2236 3321 2290 corpus
3350 2220 3565 2290 rigidius
3593 2219 3744 2273 solito

2157 2322 2469 2380 macmtrel,
2494 2324 2543 2368 et
2579 2329 2680 2384 quo
2721 2313 2783 2367 ab
2826 2313 3087 2367 hominum
3116 2323 3389 2378 conspectu
3419 2319 3545 2365 esset
3583 2327 3741 2364 remo-

2161 2408 2281 2472 tior,
2321 2422 2379 2459 eo
2409 2406 2476 2458 ad
2503 2404 2737 2475 vigilias,
2779 2405 3085 2473 orationem,
3126 2403 3431 2475 jejuniaque
3470 2402 3748 2455 exercenda

2159 2503 2349 2570 aptior,
2378 2509 2530 2567 atque
2579 2498 2864 2566 expeditior
2914 2508 3063 2557 esset,
3110 2507 3166 2549 ut
3199 2496 3389 2564 legitur
3410 2493 3460 2546 in
3505 2491 3748 2561 ejusdem

2160 2589 2303 2656 Vita,
2338 2605 2391 2643 n.
2421 2590 2508 2655 12,
2539 2602 2658 2658 quae
2689 2590 2854 2642 relata
2883 2594 2967 2641 est
3007 2601 3133 2642 sae.
3168 2600 3185 2638 ι
3215 2584 3438 2650 Ilened.,
3472 2599 3588 2652 pag.
3623 2582 3746 2642 128.

2162 2681 2327 2735 Porro
2374 2680 2456 2735 vel
2514 2688 2672 2734 aetate
2730 2680 2841 2733 divi
2884 2675 3152 2733 Ambrosii
3201 2690 3359 2745 quam
3427 2674 3749 2744 frequentari

2161 2770 2349 2825 insulto
2381 2770 2614 2824 solerent
2640 2768 2708 2821 ab
2733 2766 2816 2821 bis
2841 2767 2951 2836 qui,
2981 2765 3193 2835 pietatis
3220 2781 3401 2829 causa,
3432 2765 3545 2818 sola
3572 2777 3635 2817 ac
3662 2777 3746 2818 se-

2162 2872 2311 2914 creta
2343 2860 2395 2912 in
2428 2859 2544 2913 loca
2573 2857 2859 2927 cupiebant
2887 2856 3159 2921 secedere,
3212 2855 3408 2909 iudicat
3459 2856 3570 2922 ipse
3618 2856 3752 2907 Am-

2163 2951 2375 3005 brosius
2402 2950 2458 3005 in
2492 2948 2717 3003 llexam.
2750 2948 2788 3002 Ι.
2817 2964 2894 3015 ιιι,
2935 2961 2984 3002 c.
3017 2946 3069 3013 5,
3116 2946 3181 3000 iis
3210 2946 3386 3001 verbis
3416 2963 3428 2998 :
3463 2944 3597 3010 Quid
3625 2960 3750 2997 enu-

2163 3030 2349 3096 merem
2385 3042 2652 3095 insulas...
2685 3041 2737 3093 in
2765 3040 2948 3110 quibus
2992 3039 3032 3093 ii
3071 3039 3158 3106 qui
3170 3046 3177 3053 '
3203 3055 3258 3090 se
3292 3036 3524 3090 nbdicaut
3570 3037 3750 3088 inlent-

2164 3134 2409 3202 pertmtite
2429 3132 2689 3194 sa’cularis
2709 3130 2978 3197 illecebris,
2996 3129 3097 3198 ﬁde
3120 3128 3442 3182 continentia:
3464 3128 3745 3195 preposito,

2161 3227 2356 3297 eligunt
2387 3225 2582 3279 mundo
2611 3226 2786 3287 latere,
2831 3232 2878 3277 et
2921 3224 3037 3277 vitae
3078 3220 3234 3293 hujus
3275 3220 3534 3274 declinare
3570 3219 3752 3273 dubios

2160 3320 2426 3387 anfractus
2448 3320 2474 3374 7
2504 3316 2649 3372 Mare
2678 3326 2750 3372 est
2778 3332 2897 3386 ergo
2935 3326 3178 3387 secretum
3210 3315 3577 3382 recipe-antire,
3610 3329 3752 3368 eaer-

2164 3414 2340 3469 citium
2365 3412 2711 3478 continentia,
2738 3409 3002 3482 gravitatis
3034 3424 3279 3474 secessus,
3302 3417 3475 3480 portus
3503 3410 3744 3460 securita-

2166 3510 2249 3569 tis,
2283 3505 2628 3575 tranquillitas
2674 3503 2874 3567 swculi,
2923 3500 3101 3554 mundi
3144 3498 3302 3570 hujus
3345 3499 3617 3565 sobrietas,
3642 3504 3752 3549 tum

2165 3597 2404 3668 ﬁdelibus
2434 3598 2554 3651 uiris
2599 3603 2749 3665 atque
2777 3594 2966 3648 devotis
3015 3594 3316 3647 incentivum
3364 3592 3667 3655 devotionis,
3697 3600 3755 3644 ut

2166 3706 2282 3743 cum
2324 3691 2582 3742 undarum
2631 3687 2811 3740 leniter
2839 3684 3140 3739 alluentium
3185 3701 3311 3738 sono
3350 3694 3538 3738 certent
3576 3692 3758 3736 cantus

2168 3778 2519 3850 psallentium,
2551 3777 2797 3848 plaudunt
2824 3776 3006 3829 insula:
3043 3775 3318 3842 tranquillo
3357 3758 3608 3841 ﬂuctuum
3633 3788 3759 3825 san-

2169 3883 2365 3926 ctorum
2385 3871 2563 3939 choro,
2597 3869 2800 3940 hymnis
2834 3877 3123 3921 sanctorum
3149 3875 3434 3935 personent.

2243 3962 2335 4017 77.
2367 3962 2498 4029 Quae
2519 3976 2642 4016 cum
2675 3962 2742 4013 ita
2769 3962 2896 4026 sint,
2928 3959 3162 4014 adducor
3188 3970 3241 4010 ιιι
3270 3958 3483 4011 credam
3517 3958 3598 4012 vel
3628 3953 3752 4009 For-

2178 4064 2428 4108 tunatum
2476 4068 2529 4107 tn
2571 4053 2875 4121 quampiam
2927 4050 3152 4104 insulam
3183 4050 3435 4102 secedere
3477 4047 3761 4116 aliquando

2174 4144 2534 4209 Consucvisse,
2568 4144 2726 4212 idque
2754 4145 2888 4196 [orte
2935 4154 3091 4194 sacro
3140 4138 3572 4207 Qttadragesima:
3611 4145 3755 4190 tent-

2178 4252 2326 4309 pore,
2379 4239 2431 4290 in
2480 4249 2603 4304 qua,
2653 4235 2720 4288 ab
2768 4232 3045 4288 hominum
3095 4231 3249 4284 turba
3299 4241 3559 4297 remotus,
3601 4237 3763 4297 atque

2179 4329 2428 4381 omnibus
2460 4330 2661 4381 vacuos
2705 4325 2955 4394 negotiis,
3002 4321 3226 4393 jejuniis
3267 4335 3332 4376 ac
3362 4319 3606 4390 precibus
3652 4332 3762 4373 stu-

2185 4508 2396 4573 vixerit,
2427 4522 2489 4572 ex
2523 4506 2761 4578 ejusdem
2787 4505 2964 4561 verbis
2996 4505 3212 4573 intelligi
3250 4514 3449 4572 potest,
3480 4504 3673 4572 quibus
3701 4501 3766 4554 ad

2182 4601 2503 4659 Placidinam
2533 4601 2741 4665 scribit,
2767 4599 2858 4654 lib.
2893 4614 2929 4663 t,
2958 4612 3078 4667 cap.
3108 4597 3196 4662 17,
3224 4595 3325 4650 hoc
3347 4595 3504 4649 modo
3533 4611 3547 4647 :

2279 4696 2479 4746 munera
2500 4703 2645 4754 parva
2671 4692 2830 4751 nimis,
2857 4691 2957 4753 pia,
2979 4691 3197 4751 suscipe,
3224 4700 3412 4752 quaso,
3441 4687 3674 4754 libenter,

2339 4760 2459 4814 Quae
2481 4751 2637 4815 magis
2655 4757 2753 4815 ipsa
2774 4751 2978 4814 decens,
3002 4764 3180 4815 munus
3194 4751 3249 4799 in
3264 4753 3387 4815 orbe
3410 4751 3579 4815 micas.

2281 4812 2533 4868 Fluctibus
2559 4812 2587 4865 ἐι
2612 4812 2788 4863 mediis
2806 4818 2908 4863 lucc
2925 4812 2980 4863 ut
3001 4815 3139 4862 daret
3163 4812 3317 4860 insula
3338 4813 3495 4871 vobis,

2343 4881 2569 4928 Oceanus
2596 4876 2794 4926 tumidis
2814 4886 3065 4924 murmure
3090 4883 3287 4934 praestat
3311 4887 3468 4935 aqms.

2262 4967 2349 5020 78.
2373 4966 2688 5032 Quanquam
2718 4961 2800 5016 vel
2829 4976 2891 5015 ea
2922 4959 3153 5014 fortasse
3184 4956 3281 5011 luit
3306 4971 3467 5011 causa
3513 4971 3608 5010 cur
3639 4954 3770 5007 For-

2192 5062 2412 5113 tunatus
2462 5054 2686 5119 insulas,
2726 5055 2841 5108 sive
2894 5051 2998 5106 alia
3049 5049 3320 5104 maritima
3380 5052 3514 5113 loca,
3569 5058 3776 5117 peteret

2197 5144 2510 5219 aliquando,
2560 5145 2703 5217 quod
2750 5145 2796 5200 is
2841 5142 3308 5199 sanctissimorum
3350 5138 3647 5203 hominum,
3687 5138 3775 5206 qui

2196 5243 2305 5300 illis
2336 5242 2393 5297 in
2423 5239 2729 5311 regionibus
2758 5236 3155 5298 habitaverant,
3190 5247 3253 5286 ac
3284 5246 3462 5286 rerum
3490 5229 3559 5283 ab
3588 5228 3776 5283 iisdem

2198 5343 2468 5406 gestarum
2498 5338 2842 5386 monumenta
2869 5334 3163 5397 quaereret,
3195 5323 3389 5395 quibus
3412 5335 3532 5376 cum
3562 5320 3629 5374 ad
3671 5322 3775 5386 pie-

2201 5440 2365 5485 tatem
2400 5427 2803 5487 accenderetur,
2833 5431 2889 5478 et
2915 5428 3197 5476 acueretur
3226 5418 3292 5471 ad
3317 5416 3666 5471 imitationem
3706 5412 3777 5463 si-

2201 5522 2504 5580 militudine
2549 5515 2939 5586 exemplorum,
2986 5522 3098 5567 tum
3139 5520 3286 5563 actas
3315 5507 3384 5562 ab
3412 5504 3601 5560 iisdem
3634 5501 3779 5555 Vitas

2201 5612 2587 5672 consctiberet.
2612 5609 2765 5677 Quod
2796 5609 2850 5664 in
2878 5607 3068 5678 primis
3096 5605 3341 5660 solemne
3384 5601 3562 5657 eidem
3595 5598 3773 5653 fuisse.
