4060 6190
445 390 514 444 Π
967 389 1475 450 PROLEGOMENA
1525 391 1612 448 AD
1655 387 1977 445 VENANTII
2023 387 2032 442 1

2136 387 2180 443 ι.
2225 389 2427 446 (ιιλιιδι.
2473 388 2862 446 FURTUNATI
2892 390 3149 448 υΡΕιιΑ.
3637 391 3706 444 48

446 505 790 560 Furtttnautm
827 514 1065 560 nostrum
1109 507 1439 576 episcopum,
1486 517 1537 560 et
1583 506 1796 574 quidem
1845 506 2020 559 Picta-
2055 506 2106 562 Λ
2133 504 2184 556 in
2207 503 2422 567 Gallias,
2457 520 2518 557 ac
2550 506 2763 573 triginta
2809 514 3036 574 quatuor
3078 505 3212 558 alios
3257 514 3490 574 exegerit
3523 508 3572 559 in
3604 508 3704 560 huc

444 608 679 651 vtensem
732 596 912 651 fuisse.
964 597 1092 650 Nam
1145 599 1314 666 primo
1365 598 1712 662 Baudunivia,
1779 596 2024 651 monialis

444 688 755 743 monasterii
805 688 1193 751 Pictaviensis,
1241 705 1419 744 cetera
1468 689 1797 758 Fortunato,
1841 692 1918 747 sic
1958 692 2026 749 de

445 783 562 847 ipso
607 782 792 836 scribit
837 782 891 836 in
939 782 1143 850 prolog.
1201 782 1331 836 Vitm
1372 795 1568 839 sancite
1617 785 1956 855 liadegundis
2009 805 2021 840 :

445 871 497 926 Ν
502 889 569 926 οη
588 891 648 928 ea
677 888 789 942 qua:
817 873 892 926 vir
918 873 1254 939 apostolicus,
1285 872 1602 929 Fortunatus
1636 876 1928 944 episcopus,
1963 879 2027 930 de

443 966 602 1015 licata:
641 960 754 1014 Vita
801 961 1087 1030 composuit
1127 962 1388 1016 iteramus.
1439 964 1567 1030 Quis
1603 972 1781 1020 autem
1824 973 2028 1020 asserat

447 1053 620 1106 \‘itam
650 1052 821 1106 beata:
852 1051 1210 1122 liadegundis,
1244 1069 1364 1122 qua;
1396 1054 1548 1110 alteri
1579 1057 1794 1126 scriptae
1831 1071 1860 1110 a
1891 1057 2027 1112 Bau-

442 1141 654 1196 tlonivia
685 1143 824 1197 solet
852 1143 1080 1214 prmligi,
1108 1157 1137 1197 a
1185 1154 1370 1198 nostro
1418 1145 1679 1201 Venantio
1725 1149 2022 1203 Fortunato

444 1251 548 1289 non
579 1234 742 1290 fuisse
771 1237 1160 1304 conscriptam?
1190 1237 1392 1292 Deinde
1422 1239 1616 1293 Paulus
1647 1240 1819 1305 Diac.,
1852 1241 1945 1296 lib.
1989 1258 2026 1296 ιι

442 1327 578 1381 llist.
610 1327 804 1398 Long.,
831 1341 950 1396 cap.
987 1327 1073 1394 l5,
1104 1329 1182 1381 sic
1210 1329 1276 1382 de
1308 1329 1424 1392 ipso
1445 1331 1630 1384 scribit
1662 1349 1674 1384 :
1709 1330 2025 1387 Novissime-

440 1435 538 1485 que
581 1419 635 1472 in
675 1421 853 1472 eadem
893 1419 1096 1473 civitate
1137 1419 1412 1490 (Pictavis)
1464 1423 1686 1492 primum
1733 1425 2022 1495 presbyter,

443 1512 630 1566 deinde
657 1511 922 1582 episcopus
956 1511 1222 1564 ordinatus
1259 1521 1353 1568 cst.
1383 1510 1502 1567 Jam
1535 1528 1660 1568 vero
1691 1514 1888 1571 Paulus
1912 1517 2028 1570 dia-

442 1616 609 1656 conus
638 1617 668 1654 a
714 1599 906 1656 Carolo
951 1601 1161 1672 Magno,
1194 1612 1472 1673 postquam
1517 1605 1602 1660 ltic
1646 1604 2029 1678 Langobardo-

441 1709 560 1748 rum
585 1707 803 1761 regnum
836 1693 888 1746 in
913 1693 1059 1747 italia
1079 1695 1706 1760 exstinxerat,abductus
1727 1698 1778 1751 in
1806 1697 2026 1763 Gallias,

441 1799 562 1837 eum
607 1792 664 1838 et
709 1782 979 1838 Pictavum
1023 1784 1090 1837 ad
1125 1787 1390 1840 tumulum
1439 1787 1712 1844 Fortunati
1771 1790 2024 1860 venisset,

442 1892 505 1930 ex
538 1878 701 1930 certis
731 1879 1090 1932 monumentis
1121 1893 1231 1932 rem
1259 1895 1474 1934 omnem
1501 1881 1708 1938 discere
1731 1881 1938 1956 potuit”

513 1965 606 2021 88.
636 1967 788 2034 Quod
823 1983 949 2021 vero
977 1967 1140 2038 Greg.
1166 1969 1499 2025 Turonensis
1529 1973 1738 2027 nonnisi
1765 1974 2032 2045 presbyte-

447 2077 561 2112 rttm
607 2075 730 2115 eum
778 2061 1029 2129 appellet,
1083 2062 1210 2116 nihil
1263 2064 1460 2134 negotii
1505 2081 1565 2119 ea
1613 2081 1701 2120 res
1733 2065 1876 2130 facit,
1909 2083 2029 2123 eum

449 2152 774 2204 Fortunatus
824 2151 1036 2205 nonnisi
1086 2162 1330 2208 extremo
1361 2155 1484 2209 vitae
1529 2170 1641 2210 suae
1683 2168 1941 2224 tempore,
1975 2169 2032 2213 ut

450 2241 584 2296 infra
629 2243 887 2307 dicemus,
946 2243 1300 2299 Pictaviensis
1343 2247 1627 2313 episCOpus
1669 2259 1879 2302 creatus
1925 2249 2026 2317 sit,

443 2349 548 2402 quo
602 2344 844 2404 tempore
884 2332 1174 2404 Gregorius
1220 2352 1328 2390 non
1379 2338 1550 2392 solum
1595 2339 1832 2394 ediderat
1869 2341 2032 2397 libros

443 2440 607 2490 suos,
661 2427 753 2480 sed
805 2427 964 2480 etiam
1012 2427 1118 2481 vita
1171 2428 1382 2484 functus
1427 2430 1616 2508 fuerat,
1646 2443 1726 2488 .ut
1772 2449 1870 2487 suo
1914 2434 2032 2489 loco

445 2519 816 2574 ostendemus.
856 2520 1033 2590 Atque
1066 2520 1249 2576 istlta-c
1281 2521 1378 2576 fuit
1408 2537 1568 2576 causa
1599 2540 1694 2578 cur
1723 2524 1836 2594 ejus
1869 2540 2030 2594 opera

447 2608 710 2680 Gregorio
753 2608 958 2664 Turon.
1009 2623 1308 2682 nuncupata
1353 2615 1633 2686 presbyteri
1682 2614 1873 2684 Italici,
1925 2633 2029 2674 non

445 2701 670 2770 episcopi
701 2699 1055 2766 Pictaviettsis,
1082 2718 1274 2758 nomen
1297 2705 1603 2774 priclerant.

521 2791 612 2846 89.
645 2791 762 2860 Quo
795 2807 920 2847 vero
952 2808 1094 2846 anno
1138 2793 1462 2850 Fortunatus
1509 2798 1691 2852 sedem
1734 2797 2028 2855 Pictavien-

447 2899 559 2937 sem
587 2883 986 2947 conscenderit,
1012 2883 1233 2940 difﬁcile
1261 2896 1344 2941 est
1371 2885 1597 2942 delinire
1621 2899 1667 2942 ο.
1694 2890 1806 2956 Quo
1829 2893 2033 2947 scilicet

448 2987 688 3041 tempore
731 2975 963 3030 decessit
1011 2976 1347 3045 liadegundis
1392 2978 1534 3048 (qua:
1580 2979 1710 3032 obiit
1763 2997 1851 3034 an.
1901 2980 2029 3046 587,

450 3081 586 3123 teste
624 3069 850 3139 Gregor.
884 3070 1110 3136 'l‘uron.,
1162 3071 1254 3124 lib.
1289 3087 1341 3124 ts
1389 3072 1522 3127 llist.
1570 3073 1784 3140 Franc.,
1828 3091 1946 3146 cap.
1973 3075 2031 3148 2)

459 3163 844 3216 l‘ictaviensem
878 3161 1172 3217 Ecclesium
1215 3162 1390 3217 adhuc
1435 3165 1648 3234 regebat
1696 3165 2029 3235 Maurovens,

451 3267 514 3302 ex
547 3250 850 3305 testimonio
881 3251 1049 3319 ipsius
1087 3248 1351 3321 Gregorii,
1395 3253 1483 3323 qui
1534 3267 1648 3323 cap.
1687 3255 1788 3310 lC6
1835 3256 1927 3310 lib.
1965 3256 2033 3312 de

449 3341 635 3395 Gloria
659 3340 831 3409 conti,
870 3351 1091 3396 testatur
1119 3357 1198 3409 se,
1231 3341 1519 3399 Mauroveo
1544 3345 1786 3408 absente.
1817 3360 2035 3401 curasse

453 3437 610 3490 t'unus
639 3449 702 3489 ac
731 3435 1059 3505 sepulturam
1090 3435 1262 3490 beatae
1289 3435 1652 3508 Radegundis.
1685 3436 2032 3493 Mauroveum

447 3529 660 3599 excepit
699 3529 846 3583 Plato
891 3543 978 3583 an.
1023 3528 1151 3594 592,
1182 3529 1272 3601 qui
1300 3535 1366 3584 ad
1407 3530 1552 3586 illam
1594 3530 1776 3586 sedem
1821 3543 2037 3587 evectus

446 3630 548 3685 est,
581 3619 755 3674 adhuc
777 3617 1068 3690 superstite
1094 3618 1374 3690 Gregorio,
1409 3619 1563 3689 cujus
1592 3619 1768 3674 fuerat
1795 3619 2035 3690 discipu-

457 3713 558 3766 lus.
591 3712 728 3768 Hinc
758 3727 866 3783 quo
894 3711 980 3767 die
1010 3710 1162 3768 Plato
1205 3711 1553 3769 Pictaviensis
1581 3713 1862 3782 episcopus
1902 3726 2036 3767 con-

450 3803 666 3859 stitutus
703 3813 807 3871 est,
845 3803 923 3858 sic
968 3801 1035 3859 de
1083 3802 1177 3858 illo
1207 3802 1406 3860 cecinit
1444 3801 1774 3859 Fortunatus
1819 3803 1912 3860 lib.
1946 3803 2034 3871 l0,

449 3896 692 3964 cap.l8.

574 3983 758 4049 Gaudia
777 3982 893 4032 laeta
918 3993 1056 4046 paret
1080 3985 1338 4049 praesentia
1361 3983 1578 4049 sanct_a_G
1589 3986 1775 4049 regeri,

639 4045 702 4095 Et
727 4045 946 4108 geminas
963 4045 1120 4096 urbes
1141 4048 1338 4108 adjuvet
1363 4060 1457 4096 una
1481 4046 1620 4095 tides.

575 4105 668 4171 Qui
694 4105 835 4171 modo
855 4107 1089 4171 discipulo
1109 4105 1335 4169 Platone,
1356 4110 1575 4171 antistite
1594 4122 1786 4157 summo
1802 4146 1818 4170 ,

631 4168 916 4220 Solemuem
940 4168 1170 4220 Ecclesiae
1195 4171 1275 4219 hic
1297 4168 1432 4220 dedit
1459 4183 1571 4220 esse
1594 4173 1743 4221 diem.

449 4253 586 4308 Sunt
607 4255 698 4324 qui
725 4255 848 4310 huic
867 4255 1076 4308 Platoni
1105 4254 1376 4309 Placidum
1400 4253 1678 4309 sutiectum
1705 4253 1868 4308 fuisse
1893 4267 2040 4308 asse-

454 4358 575 4400 runt
618 4347 671 4400 in
719 4346 846 4401 sede
885 4345 1235 4411 l’ictaviensi;
1285 4347 1375 4400 sed
1420 4345 1506 4400 liic
1549 4360 1655 4400 non
1705 4347 1842 4400 alius
1887 4346 2040 4399 l'uita

460 4437 679 4490 l‘latone
703 4436 840 4504 ipso,
871 4445 929 4488 ut
958 4433 1178 4488 adnotat
1203 4434 1271 4488 cl.
1297 4434 1489 4500 Ruin.,
1516 4433 1581 4487 ad
1612 4434 1711 4505 0p.
1744 4433 1907 4503 Greg.
1939 4434 2041 4488 Tu-

2133 608 2320 662 regno,
2353 605 2637 663 antequam
2683 597 2969 663 episcopus
3010 597 3178 663 lieret,
3204 605 3415 650 constat
3455 596 3522 650 ad
3553 597 3702 652 illum

2130 682 2440 749 pervenisse
2469 683 2744 754 dignitatis
2767 684 3012 755 gradum,
3037 699 3158 739 cum
3179 685 3286 755 jam
3309 685 3545 740 devexus
3565 698 3708 742 esset

2129 774 2194 828 ad
2224 785 2575 830 senectutem.

2200 866 2292 920 9i.
2342 866 2540 920 Locum
2581 867 2728 922 illum
2767 867 2992 937 adeptus
3041 867 3388 936 Fortunatus,
3428 884 3551 925 cum
3588 871 3709 924 vitae

2130 954 2432 1010 innocentia
2465 967 2518 1010 et
2548 958 2799 1011 virtutum
2831 957 3101 1027 exemplo,
3133 966 3242 1012 tum
3272 957 3516 1013 doctrina
3548 962 3712 1030 pluri-

2130 1062 2298 1112 mum,
2343 1049 2490 1121 gregi
2522 1064 2620 1104 suo
2651 1050 2869 1118 proluit.
2902 1049 3129 1104 Exstant
3169 1050 3281 1118 jam
3323 1051 3566 1123 ejusdem
3608 1055 3714 1108 Ex-

2132 1141 2434 1209 positiones
2475 1144 2526 1196 in
2572 1143 2884 1214 Symbolum
2935 1155 2986 1197 et
3026 1143 3336 1198 Orationem
3381 1143 3711 1199 Dominicam

2131 1231 2218 1301 (L.
2253 1249 2302 1297 x,
2337 1248 2386 1286 c.
2421 1235 2470 1298 Ι,
2495 1232 2577 1302 ‘2),
2611 1248 2748 1304 quas
2777 1234 2864 1290 ille
2904 1234 2968 1288 ad
3010 1249 3128 1289 eum
3165 1237 3323 1290 linem
3369 1237 3713 1292 elucubrassu

2131 1324 2365 1390 videtur,
2399 1333 2456 1378 ut
2483 1339 2575 1379 eas
2603 1325 2741 1393 plebi
2773 1339 2885 1378 sua:
2909 1325 3179 1388 recitaret,
3209 1329 3432 1395 quarum
3465 1327 3516 1379 in
3545 1327 3711 1381 altera

2133 1417 2249 1472 inec
2286 1419 2360 1472 ait
2389 1419 2527 1472 inter
2557 1429 2748 1472 cmtera
2785 1436 2797 1470 :
2832 1415 2964 1472 Inde
2990 1419 3261 1474 retinentes
3285 1422 3398 1490 ejus
3427 1421 3714 1491 (Orationis
3740 1479 3744 1489 ε

2132 1507 2444 1580 Dominicae)
2479 1509 2740 1580 mysteria,
2771 1519 2820 1564 et
2844 1525 2997 1580 quam
3041 1509 3206 1564 multa
3233 1513 3333 1566 sint
3381 1513 3435 1565 in
3481 1497 3747 1572 brevitatei

2130 1600 2338 1668 collata,
2374 1613 2578 1671 propter
2617 1602 3009 1670 wdiﬁcationem
3041 1601 3307 1667 Ecclesia,
3337 1605 3512 1672 paucis
3560 1589 3747 1676 doce-1:

2132 1709 2245 1747 mur
2272 1697 2546 1763 explicare,
2574 1695 2695 1764 quia
2717 1703 2838 1747 tunc
2857 1695 3000 1748 nobis
3022 1696 3198 1749 melius
3225 1695 3490 1765 placebunt
3511 1699 3716 1760 audita,
3743 1679 3750 1692 η’

2131 1802 2246 1840 cum
2291 1788 2548 1855 potuerint
2591 1787 2870 1843 intellectu.
2915 1785 3100 1856 Itaque
3141 1789 3209 1842 ad
3255 1789 3423 1859 ipsum
3462 1791 3717 1843 veniamus

2133 1888 2323 1932 sancta:
2372 1879 2631 1932 Orationis
2677 1893 2960 1932 sermonem
2986 1920 3000 1944 ,
3053 1890 3160 1933 etc.
3201 1878 3407 1946 Quibus
3451 1880 3501 1933 itt
3541 1879 3718 1933 verbis

2138 1971 2373 2026 Pastoris
2432 1986 2646 2042 gregem
2697 1986 2852 2026 suum
2914 1971 3247 2026 instituentis
3303 1986 3530 2041 persona
3585 1973 3718 2026 satis

2133 2061 2451 2116 ostenditur.

2204 2149 2293 2204 92.
2326 2151 2442 2204 Non
2473 2151 2667 2204 multos
2719 2164 2848 2206 vero
2897 2163 3068 2204 annos
3116 2149 3429 2205 Pictaviensi
3466 2149 3718 2206 Ecclesia.-

2134 2236 2344 2305 praaluit
2377 2235 2720 2301 Fortunatus,
2753 2251 2876 2291 cum
2905 2235 3078 2291 eidem
3114 2237 3226 2304 jam
3270 2237 3552 2291 demortuo
3599 2251 3719 2292 suc-

2132 2326 2356 2381 cesserit
2384 2326 2731 2395 Caregisilus,
2783 2335 2837 2380 et
2883 2325 3025 2382 hunc
3076 2327 3384 2384 Ennoaldus
3429 2331 3717 2399 exceperit,

2131 2418 2220 2487 qui
2261 2417 2326 2470 ad
2359 2431 2449 2470 an.
2483 2416 2588 2471 6l5
2624 2416 3007 2472 Pietaviensem
3043 2418 3337 2474 Ecclesiam
3387 2420 3626 2488 regebat,
3652 2423 3720 2476 de

2132 2522 2239 2577 quo
2288 2507 2545 2578 legendus
2584 2507 2827 2563 Cointius
2873 2509 2938 2563 ad
2984 2507 3125 2564 hunc
3163 2525 3385 2574 annum,
3437 2526 3584 2565 num.
3623 2511 3716 2568 27.

2131 2598 2456 2654 Fortunatus
2499 2600 2697 2668 itaque,
2747 2598 2973 2668 septimo
3026 2600 3242 2654 ineunte
3287 2600 3508 2665 saeculo,
3551 2614 3584 2656 θ
3613 2601 3718 2656 vita

2131 2691 2433 2746 excessisse
2464 2689 2724 2746 dicendus
2749 2699 2870 2754 est;
2902 2705 2966 2744 ac
2994 2690 3224 2746 Pictavis
3246 2692 3298 2745 in
3323 2693 3531 2747 basilica
3558 2697 3718 2748 sancti

2134 2777 2326 2833 Hilarii
2375 2780 2458 2850 (ut
2511 2789 2692 2834 narrat
2722 2778 2916 2835 Paulus
2972 2780 3116 2836 Diac.
3151 2781 3270 2837 loco
3309 2785 3505 2852 saepius
3533 2789 3717 2854 citato)

2131 2872 2286 2945 digno
2335 2873 2620 2926 tumulatus
2651 2873 2841 2926 honore
2871 2873 3104 2939 quiescit.
3135 2873 3298 2943 Cujus
3346 2875 3412 2929 ad
3455 2877 3716 2931 tumulum

2134 2979 2256 3019 cum
2289 2962 2430 3017 idem
2462 2962 2678 3027 Paulus,
2706 2964 3071 3018 venerationis
3096 2978 3157 3017 ac
3186 2965 3399 3033 pietatis
3418 2980 3600 3032 causa,
3631 2981 3717 3020 ac-

2131 3053 2404 3119 cessisset,
2433 3067 2664 3122 sequens
2691 3053 3083 3123 epitltaphium,
3111 3066 3294 3124 rogatu
3312 3057 3458 3125 Apri,
3479 3057 3590 3126 ejus
3617 3057 3718 3110 loci

2133 3144 2326 3198 abbatis
2354 3144 2435 3215 (ut
2464 3145 2581 3213 ipse
2610 3143 2772 3199 relett
2799 3145 2866 3199 de
2899 3143 3042 3215 sese)
3075 3147 3394 3202 scribendum
3423 3141 3673 3204 contexuit
3697 3162 3719 3201 :

2263 3255 2467 3321 ingenio
2485 3255 2666 3321 clarus,
2685 3268 2832 3321 sensu
2855 3257 3011 3316 celer,
3038 3269 3126 3321 ore
3147 3260 3328 3321 suavis,

2319 3317 2463 3378 Cujus
2482 3319 2626 3368 dulce
2649 3317 2804 3367 melos
2828 3322 3002 3380 pagina
3027 3319 3174 3367 multa
3199 3317 3343 3369 cauii.

2261 3379 2555 3444 Fortunatus
2575 3393 2702 3439 apex
2729 3379 2911 3444 vatum,
2939 3380 3234 3444 venerabilis
3256 3390 3391 3444 actu,

2320 3443 2531 3490 Augonia
2556 3447 2774 3502 genitus,
2803 3442 3174 3492 liac'tuntulatur
3199 3443 3361 3493 humo.

2262 3503 2417 3556 Huius
2439 3505 2500 3550 ab
2523 3516 2611 3552 ore
2634 3516 2772 3551 sacro
2793 3515 3069 3552 sauciorum
3093 3512 3233 3565 gesta
3258 3507 3471 3566 priorum

2321 3566 2564 3614 Discinius
2586 3580 2597 3614 :
2620 3567 2724 3613 haec
2747 3573 3018 3614 meustraut
3039 3577 3247 3626 carpere
3271 3567 3393 3616 lucis
3421 3571 3534 3618 iter.

2261 3626 2422 3690 Felix,
2448 3641 2559 3688 quze
2584 3631 2730 3676 tantis
2749 3627 3015 3686 decoraris,
3042 3627 3214 3690 Gallia,
3240 3631 3469 3690 gemmis,

2319 3689 2526 3738 Lumine
2551 3690 2614 3736 de
2634 3701 2835 3749 quarum
2865 3701 2956 3750 nox
2984 3688 3069 3738 tibi
3096 3697 3221 3738 tetra
3247 3693 3393 3750 tugit.

2261 3749 2363 3814 Hos
2384 3751 2598 3814 modicos
2623 3747 2831 3814 prompsi
2856 3747 3053 3809 plebeio
3069 3751 3285 3814 carmine
3303 3747 3508 3814 versus,

2326 3811 2400 3860 Ne
2418 3821 2531 3860 tuus
2557 3813 2607 3860 in
2629 3812 2839 3872 pOpulis,
2869 3817 3052 3870 sancte,
3079 3811 3255 3859 lateret
3274 3811 3448 3861 bonor.

2259 3871 2431 3938 Redde
2454 3874 2613 3938 vicem
2633 3871 2834 3938 misero,
2859 3883 2922 3920 ne
2942 3871 3102 3938 judice
3123 3885 3325 3931 spernar
3347 3877 3408 3923 ab
3427 3886 3592 3938 aequo,

2319 3934 2522 3986 Eximiis
2543 3936 2733 3985 meritis
2754 3947 2921 3996 pOsce,
2940 3933 3107 3996 beate,
3138 3946 3325 3996 precor.

2209 4063 2300 4118 95.
2333 4060 2503 4116 Porro
2531 4060 2851 4116 Fortunatus
2889 4074 3012 4115 cum
3041 4059 3112 4115 ob
3153 4059 3410 4129 pietatem
3438 4076 3502 4117 ac
3527 4065 3724 4118 sancti-

2139 4154 2392 4219 tuoniam,
2420 4161 2531 4207 tum
2560 4152 2631 4207 ob
2658 4160 2969 4207 ornamenta
3004 4151 3201 4222 ingenii
3232 4163 3394 4227 atque
3443 4141 3721 4220 docti-inp,

2137 4246 2499 4301 commendari
2526 4245 2809 4316 plurimum
2839 4245 3138 4310 consuevit,
3173 4254 3229 4299 ut
3256 4255 3335 4300 tot
3357 4259 3491 4312 pene
3522 4246 3723 4301 habue-

2141 4341 2209 4394 rit
2239 4340 2445 4395 virtutis
2475 4354 2585 4393 sua:
2617 4352 2912 4408 praecones,
2939 4351 3001 4391 ac
3023 4345 3210 4401 testes,
3241 4347 3370 4408 quot
3391 4338 3460 4392 de
3485 4338 3575 4392 illo
3594 4340 3724 4393 scri-

2142 4445 2319 4502 psere.
2351 4433 2510 4486 Certe
2562 4439 2638 4484 tot
2683 4429 2735 4483 in
2783 4427 2957 4482 Gallia
3005 4427 3395 4498 Germaniaque
3443 4429 3724 4484 clarissimi

457 4544 601 4592 ron.,
632 4525 725 4579 lib.
762 4539 812 4579 tv
839 4523 910 4578 de
935 4523 1049 4578 Mir.
1087 4524 1255 4578 sancti
1298 4522 1531 4589 Martini,
1557 4537 1680 4592 cap.
1710 4520 1800 4578 52.
1827 4523 2035 4578 Platoni
2070 4544 2120 4605 ο
2145 4523 2426 4577 sanctitate
2469 4521 2590 4584 viri,
2615 4521 2754 4576 inter
2797 4533 2931 4589 quos
2978 4519 3317 4574 celeberrimi
3366 4519 3506 4574 illius
3552 4521 3728 4574 aetatis

459 4626 634 4686 itaque
657 4619 764 4672 vita
797 4617 1000 4681 iuncto,
1045 4632 1149 4671 non
1189 4616 1325 4670 alius
1368 4617 1627 4671 successit
1655 4629 1813 4686 quam
1844 4615 2041 4670 Fortu-

460 4723 642 4778 tnttns;
683 4724 912 4780 cumque
953 4708 1130 4763 obitus
1171 4706 1415 4763 Platonis
1456 4707 1718 4762 referatur
1743 4706 1812 4762 ad
1841 4721 2038 4762 annum

457 4804 670 4856 circiter
712 4798 840 4866 599,
878 4798 1068 4852 eodem
1102 4796 1271 4852 ferme
1312 4805 1551 4866 tempore
1571 4794 1899 4852 Fortunatus
1928 4795 2042 4866 epi-

459 4909 654 4962 scopus
683 4892 1034 4947 Pictaviensis
1065 4901 1275 4946 creatus
1301 4890 1474 4946 fuisse
1501 4882 1760 4945 die‘endus
1789 4899 1891 4956 est,
1919 4903 2040 4945 cum

461 4986 620 5054 tit-eg.
654 4985 779 5038 'l‘ur.
813 4982 878 5036 ad
909 4996 998 5036 an.
1027 4981 1133 5036 595
1158 4981 1299 5037 diem
1323 4995 1475 5035 suum
1499 4980 1610 5051 jam
1639 4981 1879 5038 obiisset.

531 5080 620 5132 90.
651 5078 836 5130 Exstat
862 5075 956 5129 lib.
987 5089 1038 5128 tv
1075 5073 1175 5142 0p.
1205 5073 1380 5139 Fort.,
1425 5089 1544 5141 cap.
1576 5072 1670 5138 25,
1702 5088 1887 5142 poema
1911 5073 2042 5129 scri-

461 5181 609 5240 ptum
653 5170 718 5224 ab
745 5183 810 5223 eo
847 5167 898 5221 in
927 5165 1090 5220 l‘unus
1133 5163 1547 5219 Tbeodecltildis
1580 5164 1800 5234 reginae,
1829 5180 1946 5234 quae
1972 5164 2042 5218 ad

462 5279 551 5318 an.
585 5261 690 5318 598
718 5261 828 5314 lato
853 5262 1114 5315 exstincta
1147 5266 1250 5322 est,
1277 5265 1336 5310 ut
1365 5255 1598 5310 ostendit
1627 5257 1694 5309 cl.
1728 5253 1940 5324 Pagina,
1971 5253 2038 5310 ad

463 5358 610 5412 .llum
652 5371 873 5420 annum,
913 5369 1061 5409 num.
1113 5351 1166 5405 4.
1200 5352 1313 5407 Non
1345 5352 1510 5406 multo
1555 5353 1729 5422 itaque
1758 5361 2042 5420 postquam

464 5448 595 5503 illud
621 5445 990 5516 epithapliium
1016 5445 1254 5513 scripsit,
1293 5441 1624 5497 renuntiatus
1656 5451 1737 5496 est
1761 5441 2046 5510 episcopus

463 5538 847 5602 Pietaviensis,
893 5537 1004 5607 jam
1053 5538 1300 5591 inclinata
1351 5535 1416 5587 ad
1476 5542 1806 5587 senectutem
1865 5539 2043 5587 a'tate.

463 5628 595 5684 Gem
625 5626 768 5682 enim
790 5626 835 5680 is
858 5639 1029 5680 annos
1057 5625 1272 5679 circiter
1298 5623 1507 5694 triginta
1533 5636 1628 5677 sex
1663 5629 1816 5674 natus
1839 5623 2048 5676 venerit

537 5762 562 5796 ι’
595 5761 728 5817 Vide
756 5760 906 5832 Pag.,
933 5759 1007 5832 ad_
1039 5775 1127 5814 an.
1157 5757 1453 5832 590._Lege
1480 5756 1824 5832 G_reg."l‘_ur.,
1858 5757 1930 5832 de
1958 5757 2043 5815 Gl.

466 5833 632 5900 cont,
668 5847 717 5890 c.
752 5825 867 5900 96f,
894 5825 958 5886 et
997 5830 1033 5885 l.
1076 5845 1126 5885 tv
1165 5830 1231 5885 de
1263 5829 1379 5883 Mir.
1422 5829 1472 5884 S.
1516 5826 1744 5893 Martini,
1785 5844 1833 5883 c.
1867 5825 1966 5894 3‘2;
1994 5839 2047 5884 et

2145 4615 2402 4685 episcOpi,
2433 4628 2553 4669 cum
2585 4611 2878 4666 Fortunato
2907 4611 3092 4664 intima
3119 4609 3352 4664 amicitia
3396 4622 3460 4662 ac
3503 4609 3728 4663 familia-

2145 4711 2302 4762 ritate
2322 4705 2614 4773 conjuncti,
2633 4705 2684 4757 in
2712 4703 2894 4772 primis
2919 4716 3044 4756 vero
3063 4699 3723 4770 RadegundisetAgnetis,

2144 4815 2264 4869 qua;
2292 4809 2398 4852 tam
2430 4797 2717 4864 singularis
2746 4793 2958 4862 pietatis
2983 4792 3136 4846 laude
3156 4791 3262 4846 illis
3281 4791 3609 4860 temporibus
3624 4793 3725 4846 llo-

2148 4896 2394 4949 ruerunt,
2412 4893 2556 4937 tanta
2580 4896 2704 4936 cum
2722 4881 3019 4935 Fortunato
3046 4875 3384 4933 necessitudo
3399 4886 3454 4931 et
3470 4878 3724 4940 cliaritas,

2144 4976 2274 5032 satis
2299 4976 2575 5029 declarant
2612 4985 2717 5039 qua
2764 4975 2808 5022 is
2837 4968 3232 5022 existimatione
3260 4965 3484 5021 essetin
3515 4965 3726 5032 Galliis,

2143 5081 2370 5140 qumque
2398 5068 2464 5121 de
2490 5064 2732 5136 ejusdem
2763 5062 2963 5116 virtute
2992 5068 3136 5114 esset
3161 5059 3398 5113 omnium
3430 5057 3635 5127 opinio.

2214 5159 2304 5216 94.
2346 5161 2528 5228 Itaque
2551 5153 2852 5214 mirandum
2887 5166 2994 5204 non
3018 5151 3089 5204 sit
3119 5148 3501 5204 Baudoniviam
3529 5157 3730 5216 aposto-

2145 5251 2301 5306 licum
2330 5249 2475 5304 illum
2507 5248 2676 5301 virum
2731 5242 3064 5312 appellasse:
3125 5239 3348 5294 Paulum
3394 5239 3727 5306 Diaconum,

2145 5360 2266 5400 cum
2316 5343 2554 5397 venisset
2593 5341 2646 5394 in
2695 5336 2918 5403 Gallias,
2945 5333 3184 5405 ejusdem
3216 5332 3503 5399 tumulum,
3527 5343 3584 5387 ut
3615 5333 3729 5401 ipse

2145 5437 2215 5494 de
2261 5453 2320 5493 se
2372 5437 2678 5505 proﬁtetur,
2727 5432 2973 5487 orationis
3026 5445 3182 5484 causa
3232 5429 3518 5494 invisisse,
3568 5439 3729 5498 atque

2147 5529 2393 5584 eumdem
2421 5537 2653 5580 sanctum
2679 5539 2734 5579 et
2758 5523 2961 5578 beatum
2995 5523 3052 5576 in
3070 5520 3159 5574 illo
3189 5519 3427 5573 carmine
3470 5519 3611 5586 quod
3658 5523 3726 5572 ad

2148 5620 2267 5691 ejus
2323 5619 2626 5688 sepulcrum
2664 5615 3003 5672 elucubravit
3045 5612 3356 5669 nominasse
3379 5652 3393 5675 ,
3429 5627 3491 5666 ac
3537 5612 3730 5680 implo-

2147 5757 2351 5820 Coint.,
2373 5753 2436 5806 ad
2457 5767 2544 5804 an.
2571 5751 2696 5817 592,
2732 5769 2786 5807 ιι.
2810 5751 2872 5815 5;
2903 5760 2956 5805 et
2985 5747 3163 5811 Ruin.,
3199 5746 3249 5800 in
3289 5745 3428 5799 notis
3458 5744 3521 5798 ad
3563 5746 3726 5816 (ἶνες.

2149 5829 2306 5894 'l‘ur.,
2327 5825 2420 5881 cit.
2450 5825 2586 5880 loco.
