3990 6188
364 340 431 395 lii
1514 340 1673 395 VlTA
1716 340 2031 398 VENAN'I‘H
2077 344 2488 402 FORTUNATI.
3582 359 3650 413 ευ

366 466 518 506 rasse
567 460 625 505 ιιι
671 449 772 504 sibi
817 450 954 519 apud
1009 464 1209 518 mquam
1254 449 1474 517 judicent
1516 452 1714 505 eximiis
1762 454 1958 507 meritis
1990 458 2035 514 Α

369 545 824 614 patmcinaretttr.
853 544 925 596 Ex
965 544 1160 612 quibus
1192 544 1415 611 intelligi
1461 552 1635 611 potest
1684 560 1801 598 eam
1842 561 1959 613 qttte

368 650 495 692 tunc
526 637 595 691 de
628 637 905 691 Fortunali
944 636 1228 689 sanctitate
1278 635 1459 702 Opinio
1499 637 1548 688 in
1597 634 1786 690 Galliis
1842 636 1957 701 fuit,

366 732 452 784 vel
483 730 549 785 ad
574 729 904 798 posteriores
926 739 1138 795 tetates,
1162 742 1417 799 perpetua
1442 728 1712 783 hominum
1734 744 1962 785 consen-

366 826 544 890 sione,
574 825 907 894 pervenisse.

443 916 535 973 95.
578 918 757 988 Ipsum
780 917 976 973 deinde
1005 918 1357 973 Fortunatum
1389 918 1525 973 inter
1551 917 1810 989 imagines
1833 932 1960 971 san-

368 1025 579 1068 ctorum
610 1017 1045 1082 Angustanoruut
1093 1014 1318 1067 relatum
1350 1012 1577 1081 legimus
1622 1012 1688 1066 iis
1726 1010 1903 1065 verbis
1946 1027 1958 1064 :

369 1106 593 1158 Sanctus
622 1088 979 1173 Fortunatus.
1016 1118 1081 1156 ea:
1125 1103 1413 1173 presbytero
1442 1101 1648 1167 Italico,
1698 1104 1963 1173 episcOpns

372 1194 755 1260 Pictariensis;
781 1210 941 1263 quem
972 1193 1228 1248 honorem
1257 1194 1430 1249 eidem
1464 1194 1717 1248 tributum
1740 1200 1965 1247 censent

368 1287 636 1349 nonnulli,
667 1287 808 1356 quod
838 1302 955 1343 eam
987 1288 1051 1340 ad
1081 1287 1291 1353 urbem,
1326 1288 1377 1340 in
1418 1301 1518 1341 suo
1548 1287 1640 1341 illo
1690 1301 1786 1355 per
1833 1284 1967 1339 Ger-

370 1382 605 1435 maniam
636 1381 831 1434 itinere
854 1420 869 1444 ,
899 1381 1206 1445 accesserit,
1240 1390 1299 1433 ut
1336 1380 1546 1433 cineres
1593 1388 1795 1432 sancta:
1823 1377 1965 1432 Afrte

369 1474 438 1527 ibi
470 1471 723 1526 conditos
761 1480 1149 1537 veneraretur;
1180 1487 1243 1527 ac
1270 1471 1425 1539 forte,
1449 1471 1679 1538 spatium
1709 1471 1962 1539 temporis

372 1566 588 1637 aliquod
652 1582 715 1620 ea
746 1568 796 1619 in
842 1567 1055 1620 civitate
1087 1574 1469 1630 commoratus,
1496 1563 1723 1634 egregia:
1754 1564 1965 1618 virtutis

368 1658 640 1724 specimen
672 1654 887 1724 aliquod
918 1654 1125 1709 dederit
1160 1653 1295 1723 ([..σι
1335 1653 1463 1707 Vita:
1487 1652 1547 1708 S.
1575 1651 1783 1720 Mart).
1819 1652 1960 1706 Idem

371 1747 649 1801 invocatur
680 1747 732 1799 in
793 1745 995 1799 litaniis
1051 1746 1219 1800 sancti
1274 1746 1522 1816 Cypriani
1577 1760 1727 1799 extra
1780 1760 1961 1801 muros

2136 456 2223 510 98.
2256 458 2405 523 Quod
2439 474 2563 513 vero
2591 461 2784 517 attinet
2815 463 2877 518 ad
2927 463 3195 534 ingenium
3245 476 3299 521 ct
3343 469 3647 528 doctrinam

2070 545 2363 614 Fortunati,
2398 549 2502 604 etsi
2535 550 2663 605 illud
2685 552 2829 620 dem,
2860 557 3096 625 ejusdem
3132 571 3369 627 poemata
3405 558 3470 616 ils
3504 563 3648 630 lepo-

2064 637 2210 691 ribus
2241 654 2303 692 ac
2336 644 2701 700 venustatibus
2732 644 2823 700 itta
2865 662 3009 717 saepe
3059 665 3163 704 nott
3207 665 3467 720 apparere
3518 670 3651 724 quas

2063 728 2332 782 delicatuli
2366 732 2602 787 nonnulli
2636 738 2883 807 persequi
2912 752 2975 793 ac
2999 739 3306 796 desiderare
3356 758 3649 800 consueve-

2064 829 2206 882 runt,
2232 820 2339 874 itno
2368 832 2420 876 et
2446 826 2730 892 quamdam
2763 828 3033 884 interdum
3058 832 3381 900 barbarietn,
3415 854 3483 892 ex
3513 848 3647 893 tem-

2067 924 2253 976 porum
2297 911 2494 977 indole,
2531 930 2637 983 pra:
2663 931 2723 971 se
2755 917 2895 974 ferre
2923 922 3239 989 concedam,
3270 925 3413 980 idem
3470 936 3648 983 tamen

2065 997 2191 1052 illud
2223 998 2455 1069 affirmo,
2487 1018 2607 1057 cum
2637 1006 2776 1074 aptis
2805 1010 3187 1082 concinnisque
3216 1016 3496 1073 sententiis
3542 1028 3650 1073 tota

2065 1088 2178 1142 fere
2207 1088 2298 1143 illa
2324 1100 2575 1148 contexta
2607 1109 2728 1151 esse
2756 1096 2919 1168 (quod
2949 1101 3159 1169 pluruni
3204 1104 3504 1162 faciendum
3545 1120 3648 1173 est,

2066 1192 2171 1231 non
2200 1180 2375 1234 solum
2404 1181 2459 1236 in
2487 1184 2660 1239 soluta
2706 1188 2966 1255 oratione,
2992 1191 3087 1246 sed
3133 1191 3294 1248 etiam
3351 1196 3404 1250 in
3456 1198 3648 1269 poesi),

2067 1277 2177 1323 tum
2206 1285 2271 1325 ne
2301 1273 2433 1327 rude
2479 1275 2715 1345 quidem,
2739 1279 2929 1334 saltem
2979 1284 3033 1336 in
3088 1283 3221 1338 locis
3272 1286 3531 1355 pluribus,
3560 1300 3652 1341 aut

2066 1362 2367 1432 impolitum
2424 1366 2637 1423 dicendi
2686 1385 2856 1442 genus
2898 1373 2965 1428 ab
3010 1389 3078 1429 eo
3121 1376 3386 1443 adhiberi,
3412 1379 3653 1449 quinitno

2066 1455 2170 1510 tale
2190 1458 2333 1526 quod
2364 1458 2629 1515 interdum
2662 1462 2745 1516 vel
2793 1464 3131 1521 delicatiores
3179 1482 3335 1523 aures
3381 1469 3652 1526 delectare

2066 1548 2255 1613 possit.
2291 1548 2437 1604 Idem
2490 1552 2543 1605 in
2571 1552 2948 1611 affectionibus
3001 1558 3187 1626 animt,
3222 1575 3319 1629 pro
3349 1570 3646 1632 temporum

2070 1654 2133 1692 ac
2158 1655 2506 1708 personarum
2538 1658 2725 1701 natura
2744 1688 2758 1713 ,
2788 1652 3157 1719 exprimendis
3186 1656 3355 1726 (quod
3386 1657 3436 1710 itt
3460 1658 3651 1725 primis

2064 1739 2198 1783 artis
2230 1741 2285 1785 et
2315 1734 2508 1803 ingenii
2538 1737 2647 1791 vim
2671 1740 2931 1809 05lendit)
2965 1746 3197 1800 maxime
3222 1748 3520 1814 antecellit;
3554 1765 3654 1805 nec

372 1836 755 1897 l'ictavienses,
775 1846 835 1890 ut
858 1852 920 1889 ex
958 1836 1096 1890 illius
1125 1836 1377 1891 Ecclesia:
1409 1838 1575 1890 sacris
1604 1837 1958 1892 monumentis

2067 1822 2192 1874 salis
2217 1822 2433 1890 quidem
2458 1833 2512 1879 ct
2535 1826 2730 1895 leporis
2756 1844 2970 1899 expers,
2995 1847 3115 1888 cum
3148 1836 3297 1891 locus
3325 1839 3650 1908 expostulat,

367 1929 605 1983 ostendit
629 1929 873 1983 Andreas
901 1927 1185 1984 Suassaius
1233 1928 1298 1982 ad
1346 1930 1547 1984 calcem
1596 1928 1959 2001 Martyrologii

366 2018 645 2074 Gallicani.
679 2022 793 2088 Qua
818 2021 887 2074 de
931 2036 990 2075 re
1039 2021 1296 2091 legendus
1326 2022 1590 2085 Cointios,
1615 2022 1680 2075 ad
1709 2036 1798 2075 an.
1830 2021 1958 2087 599,

365 2125 518 2165 num.
546 2110 641 2174 28,
671 2120 728 2165 et
755 2110 965 2179 Pagius,
997 2110 1062 2164 ad
1090 2126 1179 2166 an.
1207 2111 1331 2175 568,
1360 2128 1508 2166 num.
1542 2111 1596 2165 4.
1623 2113 1676 2166 In
1709 2113 1959 2167 vetustis-

366 2200 518 2253 simis
544 2202 709 2255 etiam
756 2201 1027 2268 precibus,
1066 2216 1160 2255 seu
1209 2201 1427 2268 litaniis,
1478 2202 1652 2257 solitis
1692 2217 1721 2257 a
1769 2201 1963 2257 Carolo

367 2289 535 2344 Calvo
568 2293 805 2357 recitari,
838 2293 976 2347 inter
1006 2303 1233 2348 caateros
1280 2303 1496 2349 sanctos
1543 2296 1828 2365 episcopos
1877 2296 1959 2350 vel

371 2384 651 2440 Fortunati
685 2402 879 2442 nomen
925 2402 1243 2455 expressum
1294 2388 1560 2457 reperitur
1601 2389 1683 2443 his
1727 2390 1902 2443 verbis
1947 2409 1958 2441 :

370 2479 568 2533 Sancte
602 2478 911 2546 Fortunate,
930 2497 1022 2534 ora
1046 2498 1138 2548 pro
1170 2482 1332 2545 nobis,
1366 2482 1439 2534 uti
1469 2490 1690 2551 apparet
1719 2496 1781 2535 ex
1823 2482 1963 2535 anti-

372 2573 638 2640 quissimo
669 2573 796 2638 Ms.,
852 2574 993 2642 quod
1048 2574 1214 2628 edidit
1272 2573 1575 2643 Stephanus
1626 2573 1859 2627 llalutius
1912 2573 1962 2626 itt

372 2673 495 2725 app.
520 2658 588 2713 ad
611 2658 743 2726 Cap.
777 2658 981 2729 Regum
1010 2658 1226 2724 Franc.,
1244 2673 1363 2727 cap.
1390 2659 1479 2712 9i.
1516 2660 1789 2714 Postremo
1817 2658 1963 2727 ejus-

374 2748 495 2802 dettt
528 2750 751 2803 Festum
784 2750 835 2803 in
871 2749 1112 2805 Ecclesia
1145 2750 1461 2804 Pictavicusi
1493 2750 1593 2804 sub
1632 2750 1735 2803 ritu
1764 2750 1962 2817 duplici

372 2841 683 2895 celebratur
722 2843 789 2895 ad
833 2842 973 2897 diem
1004 2842 1069 2897 14
1103 2843 1429 2909 Decembris,
1454 2854 1511 2897 ttt
1540 2845 1777 2900 referunt
1807 2846 1966 2900 Sant-

375 2932 645 2986 toarthani
678 2932 730 2987 in
754 2933 893 2988 Gall.
918 2932 1141 2999 Christ,
1179 2944 1215 2988 t.
1254 2935 1318 3001 ll,
1340 2952 1389 3002 p.
1425 2934 1581 2990 llSl.
1613 2936 1892 3007 Legendus
1913 2946 1967 2993 et

374 3024 663 3081 Suassaius
692 3027 745 3080 in
776 3027 929 3080 Mart.
955 3026 1096 3083 Gali.
1131 3042 1187 3094 ll,
1221 3042 1271 3097 p.
1304 3028 1387 3095 l3,
1418 3028 1534 3083 Kal.
1559 3028 1679 3083 Jan.

444 3137 534 3193 96.
579 3140 753 3209 Atque
776 3140 890 3193 bare
919 3148 1136 3195 externa
1165 3149 1290 3195 sunt
1311 3141 1379 3195 de
1402 3142 1597 3210 pietate
1623 3156 1686 3196 ac
1711 3140 1964 3211 religione
1993 3171 2039 3234 Ο

377 3231 663 3286 Fortunati
701 3231 1043 3288 'testimonia.
1100 3234 1157 3286 Si
1212 3245 1391 3288 autem
1438 3234 1554 3306 ejus
1602 3234 1819 3304 scripta,
1852 3235 1964 3290 sive

375 3338 554 3393 prosa,
581 3324 699 3379 sive
733 3338 925 3389 versu,
976 3324 1306 3390 elucubrata,
1361 3324 1627 3395 legantur,
1667 3325 1797 3379 nihil
1856 3327 1963 3380 lere

373 3416 517 3470 aliud
544 3417 635 3470 illa
657 3431 819 3486 quam
842 3418 1108 3487 egregiam
1133 3416 1185 3471 in
1210 3416 1378 3473 Deum
1405 3432 1469 3472 ac
1488 3417 1694 3474 beatam
1722 3418 1960 3486 Mariam,

374 3506 643 3577 Divosque
679 3523 893 3575 omnes.
925 3509 1179 3575 pietatem
1230 3519 1284 3563 et
1334 3509 1691 3564 reverentiam
1741 3524 1853 3579 pra:
1904 3525 1962 3566 se

370 3598 570 3663 ferunt,
598 3607 709 3652 tum
741 3600 793 3652 in
829 3598 1117 3653 virtutibus
1148 3599 1422 3653 hominum
1452 3614 1517 3654 ac
1546 3601 1817 3668 praeclaris
1844 3615 1960 3657 me-

368 3691 484 3745 ritis
506 3689 849 3746 celebrandis
872 3691 1105 3745 alienum
1128 3690 1195 3744 ab
1215 3690 1359 3744 omni
1386 3689 1673 3747 invidentia
1693 3691 1962 3763 singulare

368 3782 605 3837 studium
662 3797 728 3837 ac
781 3781 1139 3837 sedulitatem.
1197 3782 1253 3836 ln
1315 3782 1503 3838 iisdem
1556 3782 1752 3853 ubique
1801 3783 1959 3853 digna

370 3874 683 3930 Cltrisdano
706 3873 946 3942 homine,
982 3874 1285 3945 ingenuitas
1314 3888 1377 3929 ac
1405 3890 1615 3929 morum
1643 3874 1959 3944 simplicitas

369 3974 615 4034 apparet,
643 3963 698 4018 in
728 3964 971 4019 colendis
1013 3964 1265 4019 amicitiis
1317 3965 1608 4033 singularis
1659 3966 1957 4019 innocentia

365 4055 605 4121 aclides,
636 4066 748 4113 tum
774 4057 1075 4126 praecipuus
1096 4056 1364 4124 aequitatis
1384 4056 1782 4125 honestatisque
1807 4072 1959 4112 amor

364 4148 560 4217 ubique
582 4161 874 4214 expressus
902 4148 1235 4216 perspicitur.
1266 4148 1340 4203 De
1362 4164 1422 4203 se
1449 4147 1661 4216 quoties
1702 4147 1955 4217 loquitur,

362 4253 464 4294 non
492 4240 657 4294 modo
678 4238 858 4294 verbis
881 4253 983 4295 non
1016 4238 1168 4295 effert
1197 4254 1260 4294 ea
1290 4248 1603 4296 ornamenta
1632 4255 1753 4309 qua:
1780 4241 1870 4294 alii
1902 4241 1954 4295 in

360 4330 475 4401 ipso
504 4330 935 4394 admirabantur,
960 4330 1056 4387 sed
1081 4332 1241 4386 etiam
1269 4340 1410 4386 totus
1452 4340 1533 4387 est
1562 4331 1614 4385 in
1636 4331 1837 4386 eisdem
1860 4346 1956 4387 oc-

360 4422 650 4487 cultandis,
679 4432 771 4476 aut
799 4423 1177 4490 extenuandis,
1205 4422 1347 4478 idem
1373 4424 1422 4477 in
1449 4422 1658 4479 caneris
1679 4424 1951 4489 ornandis,

2064 1912 2505 1982 deprehenditur.

2134 2005 2224 2059 99.
2268 2008 2423 2073 Quod
2452 2010 2497 2062 si
2527 2012 2647 2078 quis
2680 2012 2815 2068 forte
2846 2014 2899 2069 id
2933 2016 3223 2083 desiderat,
3253 2027 3310 2072 ut
3362 2022 3652 2092 elegantior

2064 2095 2330 2152 interdum
2358 2114 2421 2153 ac
2448 2099 2753 2170 diligentior
2779 2115 2944 2171 esset,
2974 2107 3118 2163 idem
3149 2111 3455 2166 meminerit
3476 2128 3651 2182 opor-

2063 2196 2162 2253 tet,
2185 2203 2245 2243 ea
2275 2189 2329 2244 in
2380 2200 2620 2263 tempora
2674 2194 2823 2250 illum
2878 2197 3155 2267 incidisse,
3187 2204 3377 2269 quibus
3427 2205 3648 2261 diutinis

2069 2277 2225 2335 bellis
2252 2295 2314 2335 ac
2348 2280 2713 2352 frequentibus
2748 2287 3101 2346 Barbarorum
3127 2296 3523 2352 incursionibus
3545 2316 3648 2352 non

2063 2371 2236 2425 solum
2265 2370 2432 2440 Italia,
2465 2373 2519 2428 in
2543 2391 2645 2445 qtta
2691 2378 2882 2433 doctus
2929 2389 2983 2435 et
3027 2383 3287 2439 educatus
3331 2385 3525 2453 fuerat,
3557 2392 3651 2444 sed

2065 2461 2251 2529 etiam,
2279 2462 2330 2516 in
2360 2479 2462 2533 qua
2492 2466 2748 2537 deinceps
2782 2470 2935 2537 vixit,
2960 2473 3131 2528 Gallia
3161 2484 3347 2530 vexata
3378 2489 3433 2533 et
3454 2479 3650 2535 afﬂicta

2066 2553 2263 2623 sapius
2293 2553 2412 2622 fuit,
2446 2564 2504 2610 ut
2534 2559 2835 2615 mirandum
2862 2563 3045 2631 potius
3066 2566 3155 2633 sit,
3186 2567 3232 2619 si
3261 2568 3409 2637 quid,
3433 2585 3494 2624 ea
3522 2583 3651 2624 aua-

2067 2652 2142 2713 te,
2174 2660 2294 2698 cum
2321 2649 2531 2702 exteris
2553 2650 2608 2704 in
2653 2651 2834 2720 rebus,
2868 2664 2979 2707 tum
3026 2653 3078 2709 itt
3122 2657 3284 2712 Musis
3330 2674 3392 2712 ac
3438 2660 3649 2722 litteris,

2068 2736 2368 2795 barbariem
2395 2757 2458 2797 ac
2479 2741 2742 2799 feritatem
2774 2762 2879 2800 non
2911 2747 3199 2806 redoleret.
3248 2752 3305 2806 Si
3348 2752 3477 2821 quid
3525 2769 3652 2806 vero

2067 2830 2236 2895 aliud,
2260 2831 2421 2887 Musa:
2449 2843 2595 2891 certe
2624 2836 2857 2905 quietem
2914 2847 2968 2894 et
3010 2841 3178 2895 otium
3231 2842 3557 2909 desiderant,
3582 2862 3644 2898 ac

2067 2921 2351 2990 quamdam
2384 2926 2699 2981 vacuitatem
2753 2927 2820 2980 ab
2865 2930 3169 2999 angoribus.
3216 2931 3472 3001 Quocirca
3520 2936 3648 3002 quid

2070 3014 2285 3069 tandem
2314 3014 2587 3084 festivum,
2619 3034 2681 3074 ac
2712 3019 2915 3089 laetum,
2945 3031 3002 3077 et
3046 3023 3158 3077 suis
3204 3025 3509 3081 absolutum
3552 3044 3651 3080 nu-

2071 3108 2254 3175 meris,
2285 3123 2478 3166 canere
2526 3112 2571 3165 is
2618 3122 2845 3183 poterat,
2879 3115 2993 3184 qui,
3026 3116 3217 3171 anxius
3257 3133 3320 3174 ac
3359 3119 3646 3181 sollicitus.

2070 3202 2198 3256 illud
2229 3216 2371 3271 saape
2396 3215 2661 3273 quaereret
2691 3222 2704 3259 :

2188 3303 2239 3353 Si
2268 3305 2430 3367 gravis
2452 3317 2581 3354 arma
2603 3312 2798 3366 tenens,
2822 3306 2964 3356 [tatas
2983 3308 3100 3357 terit
3117 3308 3296 3371 hospes
3316 3312 3522 3363 arenas?

2064 3384 2263 3454 quique
2291 3384 2360 3439 ab
2390 3384 2536 3441 Italia
2584 3385 2674 3442 diu
2702 3389 2876 3455 exsul,
2905 3402 3085 3444 secum
3118 3389 3245 3444 illud
3274 3399 3329 3444 et
3363 3407 3485 3446 cum
3527 3393 3645 3446 alus

2064 3476 2497 3547 conquerebatur
2530 3494 2545 3531 ;

2187 3566 2282 3633 ρω-
2304 3569 2421 3633 mihi
2446 3574 2539 3619 tam
2564 3568 2747 3619 validas
2772 3572 2982 3620 inuectis
3004 3583 3119 3621 cura
3142 3571 3410 3633 querelas?

2185 3628 2395 3695 Tristius
2417 3644 2535 3695 erro
2553 3634 2716 3689 nimis,
2747 3634 2911 3694 patriis
2935 3647 3084 3695 vagus
3112 3628 3253 3683 exsul
3278 3636 3339 3682 ab
3360 3635 3476 3693 oris,

2246 3692 2401 3751 Quam
2425 3695 2491 3743 sit
2513 3692 2778 3753 Apolloniis
2800 3692 3061 3759 naufragiis
3084 3696 3261 3759 hespes
3284 3697 3438 3758 aquis.

2135 3772 2256 3828 {00.
2288 3775 2447 3839 Hisce
2473 3776 2612 3833 adde
2648 3778 2787 3847 quod
2815 3778 2861 3833 is
2893 3778 3143 3847 pleraque
3190 3778 3485 3832 carminum
3536 3794 3639 3831 non

2059 3864 2203 3922 domi
2228 3869 2442 3935 scripsit
2461 3870 2653 3935 otiose,
2682 3881 2736 3924 ut
2764 3871 2949 3925 eadem
2972 3870 3111 3925 seria
3136 3886 3260 3924 cura
3286 3884 3347 3924 ac
3366 3871 3638 3940 diligentia

2058 3958 2402 4026 elucubrare,
2435 3976 2519 4027 ac,
2543 3962 2589 4015 si
2621 3963 2747 4032 quid
2795 3963 2970 4017 minus
3014 3964 3295 4019 commode
3338 3966 3629 4029 exciderat,

2059 4052 2321 4121 relingere
2345 4068 2409 4107 ac
2438 4053 2626 4108 limare
2652 4054 2897 4108 subtilius
2929 4066 3140 4123 posset,
3172 4055 3267 4110 sed
3314 4056 3366 4109 in
3423 4056 3634 4119 itinere,

2057 4152 2148 4194 aut
2193 4142 2475 4212 navigans,
2522 4152 2614 4197 aut
2659 4145 2923 4213 equitans,
2971 4144 3082 4198 fere
3127 4144 3329 4209 ell'udit,
3364 4155 3453 4200 aut
3502 4148 3641 4202 inter

2061 4233 2315 4289 barbaros
2345 4234 2609 4303 homines,
2636 4236 2890 4291 invitatus
2919 4235 2985 4289 ad
3008 4236 3272 4302 convivia,
3306 4254 3370 4291 ex
3399 4249 3643 4308 tempore

2057 4325 2312 4395 proludit.
2347 4326 2587 4384 Utenim
2615 4329 2732 4399 ipse
2770 4328 2838 4384 de
2880 4342 3001 4384 sese
3046 4327 3237 4383 scribit
3292 4329 3357 4383 ad
3411 4330 3637 4400 Gregotr.

2055 4416 2293 4485 Turon.,
2328 4419 2421 4476 lib.
2452 4435 2490 4487 ι,
2514 4434 2632 4491 cap.
2662 4420 2687 4474 l
2742 4438 2754 4473 :
2795 4420 3121 4487 Prcescrtim,
3151 4421 3346 4493 inquit,
3376 4440 3493 4477 cum
3543 4441 3637 4495 ego

358 4529 492 4580 quos
516 4513 629 4568 ulla
654 4514 868 4569 virtutis
892 4514 1046 4570 laude
1072 4524 1327 4585 praestare
1350 4527 1670 4585 cognoverat
1699 4516 1868 4572 facilis
1887 4532 1950 4573 ac
1972 4524 2028 4584 1)
2054 4512 2322 4582 imperitus
2349 4513 2415 4567 de
2459 4512 2707 4569 Ravenna
2748 4515 3079 4586 Progredi“!
3114 4512 3351 4581 Ραάωη»
3378 4516 3633 4582 Ληιεδὶηι.

359 4606 596 4661 liberalis
625 4605 947 4661 ostenditur.

426 4699 517 4753 97.
563 4700 820 4770 Ejusdem
845 4716 972 4755 vero
998 4701 1050 4755 in
1081 4699 1365 4755 scribendo
1412 4700 1662 4769 pietatem
1714 4701 1948 4757 Ecclesia

360 4794 671 4847 testimonio
712 4806 811 4845 suo
856 4807 920 4847 ac
973 4792 1112 4845 facto
1163 4792 1550 4857 comprobavit,
1601 4807 1721 4846 cum
1770 4793 1950 4863 plures

360 4886 587 4953 hymnos
618 4883 688 4936 ab
718 4885 834 4951 ipso
861 4882 1207 4938 concinnatus
1236 4883 1300 4936 ad
1331 4883 1511 4936 divina
1538 4884 1713 4936 officia
1744 4894 1798 4939 et
1823 4899 1949 4939 san-

356 4988 566 5032 ctorum
597 4975 731 5029 festa
762 4973 1078 5029 celebranda
1104 4973 1429 5038 adhibuerit,
1453 4984 1508 5028 et
1535 4988 1633 5027 usu
1678 4988 1777 5028 suo
1821 4989 1948 5028 con-

357 5069 606 5130 secrarit,
640 5080 775 5135 quos
806 5066 1099 5133 permultos
1132 5066 1293 5120 fuisse
1325 5066 1588 5135 (quamvis
1612 5065 1700 5120 alii
1724 5066 1949 5123 fortasse

352 5160 601 5215 adhiberi
632 5159 911 5225 desierint,
941 5158 1029 5213 alii
1057 5158 1291 5214 auctoris
1317 5159 1402 5213 sui
1431 5173 1499 5213 ex
1542 5160 1745 5214 incuria
1775 5158 1950 5215 homi-

355 5268 480 5304 num
510 5260 567 5305 et
594 5249 865 5305 oblivione
894 5265 1085 5305 nomen
1117 5250 1423 5317 amiserint)
1467 5264 1529 5304 ex
1577 5249 1742 5306 Paulo
1798 5251 1944 5307 Diae.

351 5353 406 5396 et
429 5342 638 5397 Joanne
665 5339 961 5395 Tritltemio
990 5341 1196 5395 discere
1224 5353 1524 5407 possumus,
1555 5354 1781 5409 quorum
1812 5342 1947 5396 alter

352 5435 568 5502 hymnos
583 5432 902 5502 singularum
925 5431 1250 5499 {estititatum
1273 5432 1578 5499 compositos
1601 5445 1631 5485 a
1656 5430 1945 5488 Fortunato

349 5524 517 5577 fuisse
561 5524 749 5587 refert,
773 5523 906 5577 alter
962 5522 1189 5591 hymnos
1239 5523 1307 5577 ab
1361 5523 1553 5577 eodem
1608 5523 1945 5580 elucubratos

348 5616 685 5686 septuaginta
737 5627 943 5684 septem
992 5627 1294 5679 enumerat,
1327 5632 1551 5681 quorum
1597 5619 1801 5687 primus
1854 5620 1943 5674 ille

350 5709 621 5773 statuitur,
650 5708 739 5776 qui
767 5708 951 5775 incipit
988 5724 997 5757 :
1035 5708 1288 5775 Agnoscat
1318 5724 1463 5761 unme
1500 5710 1774 5775 stt'cnlum,
1809 5720 1937 5777 etc.,

348 5800 434 5869 qui
464 5808 643 5855 exstat
673 5798 762 5854 lib.
801 5812 917 5865 vui,
938 5813 1055 5867 cap.
1090 5797 1140 5863 5,
1165 5798 1259 5867 0p.
1292 5798 1437 5853 Fort.

2051 4612 2181 4668 etc.,
2212 4613 2426 4660 tranans
2446 4643 2462 4669 ,
2494 4603 2747 4676 pendulus
2799 4606 3053 4659 montanis
3090 4607 3427 4675 anfractibus,
3472 4605 3637 4676 Pyre.

2052 4696 2179 4750 necis
2200 4712 2491 4764 occurrens,
2508 4695 2651 4752 Julia
2675 4713 2842 4751 mense
2858 4698 3065 4763 nivosis,
3087 4714 3212 4767 pene
3229 4708 3317 4750 aut
3336 4698 3631 4766 equitando,

2051 4800 2140 4845 aut
2158 4790 2481 4845 dormitando
2500 4791 2907 4859 conscripserim.
2934 4789 3033 4846 Ubi
3052 4792 3185 4845 inter
3201 4791 3461 4847 Barbaros
3482 4794 3633 4861 longo

2051 4894 2220 4940 tractu
2244 4885 2504 4955 gradiens,
2533 4892 2623 4937 aut
2664 4885 2746 4937 via
2777 4888 2941 4954 fessus
2960 4928 2975 4951 ,
3004 4894 3093 4937 aut
3135 4884 3346 4951 crapula
3395 4886 3633 4947 brumali,

2051 4985 2138 5027 aut
2164 4975 2377 5047 frigore,
2426 4972 2582 5027 Musa
2620 4974 2876 5039 hortante,
2921 4975 3090 5028 nescio
3135 4974 3304 5044 gelida
3350 4976 3512 5045 magis
3564 4992 3632 5027 an

2050 5065 2207 5131 ebria,
2238 5081 2398 5119 novus
2427 5064 2663 5135 Orpheus
2691 5067 2925 5137 Lyricus,
2954 5066 3094 5119 silva:
3119 5080 3261 5118 uoces
3278 5064 3481 5131 dabunt,
3503 5067 3632 5119 silva

2050 5158 2311 5212 reddebat.
2334 5157 2537 5225 Quibus
2566 5167 2848 5228 propterea
2871 5172 2929 5211 se
2950 5164 3171 5212 excusat
3194 5154 3259 5208 ad
3288 5152 3626 5224 Gregorium,

2048 5252 2333 5321 quominus
2362 5253 2605 5307 carmina
2630 5267 2725 5308 sua
2752 5253 2957 5307 ederet.
2993 5250 3121 5303 Item
3161 5248 3212 5301 iu
3256 5246 3357 5300 alia
3403 5249 3627 5317 epistola

2047 5343 2113 5398 ad
2158 5342 2405 5398 eumdem
2435 5343 2683 5411 Gregor.,
2716 5358 2833 5412 qua:
2874 5342 3085 5411 pra-ﬁxa
3114 5352 3194 5397 est
3224 5352 3450 5413 quatuor
3479 5344 3627 5397 libris

2047 5438 2115 5492 de
2166 5438 2282 5492 Vita
2321 5438 2491 5492 sancti
2540 5437 2791 5499 Martini,
2824 5450 2977 5489 suum
3007 5435 3271 5504 quoddam
3321 5452 3514 5507 poema
3558 5438 3625 5493 ad

2047 5530 2292 5584 eumdem
2319 5529 2444 5595 dicit
2471 5529 2684 5584 mittere
2720 5544 2730 5578 :
2765 5528 2901 5597 quod
2924 5527 2975 5579 in
3002 5544 3150 5598 apere
3179 5530 3503 5596 messium,“
3532 5542 3627 5595 est,

2048 5622 2100 5675 in
2127 5622 2237 5689 ipsa
2257 5637 2437 5687 messe,
2455 5621 2547 5682 ait,
2569 5630 2621 5672 ut
2649 5634 2871 5687 praesens
2900 5621 3157 5687 explicare
3184 5624 3399 5692 portitor
3422 5625 3625 5694 poterit,

2046 5731 2136 5767 nec
2167 5713 2403 5782 expedire
2430 5712 2593 5778 licuit,
2629 5728 2718 5764 nec
2745 5720 2940 5765 tentare
2966 5712 3186 5782 singula.
3216 5712 3276 5767 Et
3300 5714 3447 5769 addit
3480 5732 3491 5766 :
3526 5713 3623 5767 To-

2047 5817 2150 5860 tum
2178 5804 2309 5858 illud
2341 5820 2468 5873 opus
2502 5803 2715 5874 (nempe
2741 5815 2971 5874 quatuor
3004 5803 3166 5862 lbt‘os
3196 5806 3262 5863 de
3294 5807 3409 5862 Vita
3455 5804 3622 5861 sancti
