4060 6190
400 278 461 330 ει
949 279 1461 336 PROLEGO‘MENA
1501 281 1590 335 AD
1637 278 1953 334 VENANTII
1989 278 2145 333 ΙΙΟΝ.
2180 280 2388 337 CLEM.
2429 282 2824 342 FORTUNATI
2868 285 3118 344 OPERA.
3589 295 3656 348 53

398 395 627 465 Martini)
674 413 818 449 versu
847 398 979 449 intra
1008 400 1103 452 hec
1133 399 1364 452 bimestre
1384 399 1629 469 spatium,
1661 398 1834 450 audax
1863 411 1972 448 ma-
1998 394 2052 452 A
2079 392 2289 450 Domini
2317 400 2572 468 scriptum
2603 409 2706 465 est,
2731 404 2859 456 satis
2879 405 3114 458 ostendit
3148 422 3306 476 quam
3341 409 3382 462 is
3410 425 3656 470 versatus

395 489 470 555 gis
499 504 649 553 quam
678 489 884 551 loquax,
917 505 1010 544 nec
1038 490 1240 558 efﬁcax,
1271 491 1462 543 cursim
1493 499 1540 541 et
1566 489 1813 560 impolite,
1842 490 1974 542 inter

395 579 600 649 frit-olus
624 583 998 650 occupationes,
1020 583 1231 635 sulcavi.
1280 581 1422 636 Idem
1455 581 1662 635 veniam
1711 589 1864 649 rogat
1905 582 1971 633 ad

393 680 712 732 extremum,
729 673 867 740 quod
894 686 1133 739 magnam
1158 672 1392 739 lituram,
1416 673 1467 726 in
1499 687 1670 726 messe
1691 673 1970 737 scribenti,

397 765 566 830 pluvia
621 767 1027 831 superfudisset.
1079 766 1209 820 Item
1269 767 1530 835 prolixum
1589 782 1800 836 poema,
1829 768 1970 836 quod

393 865 564 909 exstat
593 857 687 910 lib.
723 873 774 920 v,
804 872 921 924 cap.
955 855 1010 920 5,
1043 858 1296 924 scriptum
1330 868 1514 928 rogatu
1545 859 1782 928 ejusdem
1831 861 1967 915 Gre-

390 947 522 1014 gorii
556 949 604 1000 in
649 946 862 1000 laudem
907 949 1072 1012 Aviti,
1106 949 1370 1016 pontificis
1422 951 1798 1016 Arvernensis,
1830 949 1967 1005 intra

395 1040 521 1090 lnos
553 1051 650 1091 nec
691 1039 923 1107 integros
953 1039 1088 1104 dies,
1127 1055 1185 1097 se
1241 1043 1536 1098 absolvisse
1589 1045 1795 1110 scribit,
1843 1060 1965 1100 cum

392 1127 579 1181 'nstans
600 1130 814 1197 portitor
841 1131 922 1198 (ut
953 1131 1066 1198 ipse
1094 1131 1189 1200 ait.)
1220 1148 1311 1200 per
1331 1133 1498 1198 verba,
1518 1133 1780 1205 sigillatint
1802 1136 1965 1189 hianti

386 1222 530 1285 fauce
573 1224 825 1288 cadentia,
855 1226 1002 1292 quasi
1052 1228 1220 1294 gravis
1269 1237 1494 1290 exactor,
1520 1244 1620 1281 non
1647 1229 1699 1282 in
1745 1245 1824 1282 me
1859 1238 1964 1282 tam

386 1315 556 1382 fenero
584 1313 774 1368 solvere
799 1325 1019 1384 cogeret,
1047 1334 1198 1388 quam
1230 1336 1462 1387 pensare.

454 1408 578 1462 101.
613 1409 688 1461 Ex
718 1409 908 1476 quibus
936 1410 1089 1465 facile
1110 1412 1336 1480 perspici
1374 1422 1548 1480 potest
1585 1411 1956 1479 Fortunatum,

382 1497 505 1552 dum
535 1499 652 1552 aliis
685 1501 794 1553 fere
820 1502 1046 1568 negotiis
1075 1502 1445 1568 distineretur,
1470 1514 1559 1556 aut
1601 1520 1721 1557 cum
1751 1520 1961 1573 preme-

383 1601 527 1644 retur
551 1595 807 1661 temporis
834 1595 1096 1661 angustia,
1131 1603 1375 1660 poemata
1403 1611 1497 1649 sua
1539 1595 1758 1651 fudisse.
1810 1596 1980 1664 Quo-.

379 1685 517 1737 circa
553 1684 677 1738 hinc
707 1685 929 1754 quisque
975 1686 1130 1742 facile
1176 1689 1539 1756 conjecturam
1569 1688 1747 1744 facere
1798 1690 1960 1745 debet

377 1776 549 1843 qualis
602 1785 656 1830 et
707 1790 940 1845 quantus
994 1790 1146 1847 poeta
1206 1781 1520 1847 exstitisset,
1552 1783 1595 1836 si
1648 1782 1959 1838 melioribus

379 1867 709 1933 temporibus
749 1865 937 1922 fuisset
967 1879 1138 1934 natus,
1165 1886 1226 1924 ac
1254 1886 1453 1926 vacuus
1505 1873 1734 1942 negotiis
1789 1873 1962 1927 Musas

375 1959 519 2011 dumi
546 1960 726 2014 colere
755 1962 926 2016 otiose
957 1963 1236 2030 potuisset,
1267 1980 1386 2019 cum
1420 1966 1470 2019 in
1524 1975 1665 2019 tanta
1715 1966 1961 2022 barbarie

378 2051 588 2119 vitaque
621 2063 724 2104 tam
756 2065 1011 2120 occupata
1063 2070 1167 2108 non
1220 2055 1379 2110 modo
1423 2073 1528 2111 non
1586 2058 1841 2128 vulgaris,
1871 2066 1964 2112 aut

381 2143 682 2210 mediocris,
715 2145 807 2198 sed
838 2147 992 2212 plane
1020 2147 1192 2203 bonus
1220 2159 1372 2218 poeta
1401 2163 1463 2204 ac
1486 2165 1580 2204 sua
1610 2161 1766 2206 tntate
1797 2150 1960 2208 facile

377 2237 624 2306 princeps
645 2239 894 2293 evasi‘rit.

442 2329 566 2384 182.
610 2331 746 2396 Quid
797 2341 976 2385 autem
1040 2345 1251 2390 veteres
1309 2337 1579 2392 senserint
1627 2337 1694 2393 de
1743 2340 1956 2408 ingenio

334 2437 338 2440 ’
371 2421 716 2491 doctrinaque
752 2423 1056 2492 Fortunati,
1081 2440 1146 2481 ex
1172 2441 1357 2480 eorum
1389 2429 1709 2483 testimoniis
1734 2430 1952 2502 intelligi

369 2522 564 2581 potest,
584 2529 704 2583 qua:
725 2527 822 2566 suo
848 2513 965 2568 loco
990 2518 1198 2573 anubis
1230 2519 1470 2587 ponenda
1496 2530 1637 2574 sunt.
1663 2521 1755 2576 llic
1777 2523 1952 2579 solum

375 2605 608 2674 rjusdem
641 2608 955 2664 amicissimi
985 2619 1038 2666 et
1064 2613 1285 2681 tequalis
1332 2612 1575 2682 Gregorii
1621 2615 1954 2674 Turonensis

368 2698 730 2752 testiinonium
791 2701 950 2757 liceat
996 2702 1224 2768 afferre.
1269 2707 1359 2774 qui
1410 2707 1459 2760 in
1516 2708 1762 2776 epistola,
1791 2723 1952 2779 quam

367 2795 610 2859 praetexit
634 2804 860 2861 quatuor
888 2796 1036 2852 libris
1062 2797 1130 2852 de
1180 2799 1465 2856 virtutibus
1494 2802 1664 2856 sancti
1716 2799 1948 2870 Martini,

363 2899 484 2936 cum
517 2893 665 2939 tanto
707 2887 854 2954 Operi
880 2888 1017 2955 quod
1063 2904 1344 2961 aggressus
1402 2891 1578 2947 fuerat
1626 2893 1952 2961 perficiendo

363 2985 532 3029 semet
562 2978 816 3046 imparem
847 2979 1069 3034 dixisset
1117 2999 1130 3033 :
1193 2980 1424 3048 Utinam,
1457 2986 1568 3051 ait,
1600 2984 1817 3039 Severus
1863 2995 1950 3038 aut

1990 1747 2038 1806 B

2073 496 2218 542 esset
2248 489 2300 542 in
2334 489 2642 560 tltenlogicis
2666 494 2982 562 disciplinis.
3035 497 3085 550 ls
3114 508 3289 553 tamen
3320 503 3528 558 videtur
3557 507 3656 560 ltu-

2069 577 2221 646 jusce
2258 581 2495 636 scientia:
2529 585 2737 639 laudem
2779 601 2808 639 a
2855 601 2914 641 se
2945 603 3221 644 removere
3249 633 3263 657 ,
3309 593 3550 650 scribens
3585 599 3650 652 ad

2072 672 2354 726 Martinam
2401 675 2636 730 Gallicia:
2685 678 3030 747 episcopum,
3079 681 3172 737 lib.
3207 699 3237 736 v
3262 725 3277 751 ,
3323 701 3441 752 cap.
3476 688 3536 754 1,
3570 692 3653 746 his

2075 765 2249 820 verbis
2276 785 2286 819 :
2319 766 2474 822 Plato
2500 810 2515 835 ,
2549 771 2842 825 Aristoteles
2867 814 2881 839 ,
2916 771 3257 843 Chrysippus,
3288 777 3364 830 vel
3394 777 3646 848 Pittacus,

2071 873 2185 909 cum
2209 857 2332 911 milti
2357 861 2441 914 via:
2466 862 2704 929 opinione
2734 863 2843 917 noti
2872 873 3025 932 sunt,
3056 881 3147 919 nec
3175 868 3358 936 legenti
3392 869 3646 940 Hilarius,

2071 949 2342 1022 Gregorius
2359 994 2375 1018 ,
2402 951 2698 1006 Ambrosius
2720 996 2733 1017 ,
2767 955 3082 1024 Augustinus
3104 997 3120 1017 ,
3145 975 3288 1026 quos,
3317 961 3360 1012 si
3387 963 3462 1014 vel
3486 963 3538 1014 in
3565 964 3649 1015 vi-

2068 1043 2207 1097 sione
2232 1047 2338 1098 noti
2359 1045 2537 1112 ﬁerent
2563 1046 2885 1112 dormitanti,
2911 1063 3000 1100 nec
3020 1065 3109 1117 ego
3137 1066 3248 1103 vere
3271 1067 3645 1120 cognoscerem.

2045 1136 2173 1201 Sed
2204 1137 2329 1206 quid
2356 1137 2657 1192 tnirandum
2684 1149 2767 1194 est
2797 1141 3066 1196 hominem
3099 1142 3283 1196 laudes
3313 1159 3438 1198 suas
3465 1148 3646 1200 occul-

2068 1227 2212 1282 tandi
2241 1228 2649 1298 sagacissimum
2679 1229 2792 1284 haec
2823 1231 3106 1301 scripsisse
3125 1232 3190 1285 ad
3219 1234 3522 1300 Martinum,
3555 1236 3645 1304 qui

2065 1320 2118 1374 in
2151 1334 2244 1374 sua
2290 1321 2519 1390 quadam
2573 1321 2639 1374 ad
2694 1323 2940 1376 eumdem
2981 1324 3208 1392 epistola
3259 1326 3644 1394 scripseratde

2066 1412 2357 1466 Fortunato
2400 1413 2536 1482 quod
2589 1421 2701 1482 post
2743 1415 2954 1466 stoicam
3004 1416 3485 1487 peripateticamque
3528 1436 3645 1472 cen-

2061 1520 2237 1557 suram
2266 1504 2533 1574 theofogia:
2559 1520 2619 1556 ac
2644 1502 2852 1558 tlteorite
2881 1507 3052 1559 studio
3079 1507 3399 1576 mancipatus
3427 1509 3644 1577 fuisset?

2062 1595 2219 1650 Certe
2248 1597 2292 1650 is
2326 1596 2603 1666 presbyter
2629 1597 2881 1666 primum,
2916 1597 3109 1653 deinde
3136 1601 3218 1654 vel
3247 1599 3530 1669 episcopus
3559 1619 3645 1658 re-

2065 1685 2342 1741 nuntiatus
2364 1727 2378 1752 ,
2414 1688 2615 1742 diutius
2656 1687 2744 1742 illa
2777 1689 2999 1744 scientia
3030 1705 3217 1745 carere
3249 1709 3354 1746 non
3387 1694 3552 1760 potuit
3578 1694 3644 1749 ad

2067 1791 2223 1846 quam
2271 1775 2370 1831 sibi
2406 1779 2823 1846 comparandam
2876 1778 2958 1833 vel
3004 1782 3252 1848 exemplo
3306 1781 3644 1850 Radegundis

2067 1870 2278 1926 incendi
2313 1881 2538 1938 poterat,
2567 1871 2635 1924 de
2658 1886 2784 1941 qua,
2812 1879 2868 1925 ut
2888 1870 3056 1926 refert
3083 1871 3412 1925 Baudonivia
3445 1873 3497 1926 in
3529 1879 3644 1941 ejus

2066 1965 2182 2019 Vita
2205 2005 2220 2032 ,
2251 1981 2396 2018 num.
2429 1964 2496 2031 9,
2536 1965 2750 2018 assidua
2781 1980 2961 2019 rerum
2989 1964 3287 2018 divinarum
3339 1964 3388 2018 in
3422 1967 3646 2018 medita-

2065 2056 2207 2109 tione
2235 2055 2556 2124 assidueque
2581 2055 2809 2110 lectione
2833 2055 2920 2109 diu
2945 2064 3211 2124 noctuque
3239 2056 3569 2109 versabatur.

2138 2147 2262 2201 iOl.
2303 2145 2448 2200 Idem
2478 2146 2640 2200 etiam
2671 2145 2766 2217 (ut
2792 2154 2977 2200 censet
3003 2144 3157 2199 Joan.
3193 2143 3410 2213 Joseplt.
3451 2143 3640 2214 Liruti)

2069 2237 2371 2294 Graecarum
2406 2240 2701 2294 litterarum
2733 2252 2928 2307 expers
2953 2253 3059 2292 non
3093 2237 3188 2291 fuit
3216 2253 3347 2306 quas
3373 2238 3510 2291 forte
3540 2237 3643 2290 Ra-

2065 2349 2273 2397 vennae,
2296 2335 2346 2388 in
2367 2333 2458 2388 illo
2483 2332 2833 2388 Scientiarum
2857 2332 3095 2385 omnium
3121 2330 3333 2401 Lycaeo,
3357 2330 3638 2394 didicerat,

2060 2443 2121 2482 ac
2152 2428 2204 2480 in
2239 2425 2461 2480 Galliam
2489 2426 2818 2493 deportarat.
2853 2422 2980 2491 Ejus
3008 2436 3133 2475 vero
3165 2422 3239 2475 rei
3267 2430 3638 2490 argumentum

2057 2521 2125 2573 ab
2152 2519 2268 2585 ipso
2297 2515 2586 2585 profertur,
2619 2514 2759 2584 quod
2790 2512 2836 2568 is
2863 2513 3108 2567 scribens
3132 2512 3198 2566 ad
3223 2510 3474 2578 Felicem,
3511 2512 3639 2582 Epi-

2057 2624 2275 2676 sc0pum
2299 2609 2736 2673 Natnnetensem,
2759 2604 2912 2673 cujus
2934 2603 3251 2673 eloquentiae
3283 2602 3639 2657 admiratione

2056 2717 2114 2756 se
2141 2701 2443 2771 perculsum
2497 2698 2663 2752 fuisse
2713 2705 2934 2764 narrat,
2988 2695 3102 2750 hare
3143 2693 3322 2748 dicat:
3357 2692 3635 2747 Credebam

2053 2796 2197 2863 quasi
2225 2808 2348 2846 sono
2382 2790 2659 2844 Pindarico
2707 2797 2997 2856 compactos
3030 2786 3393 2857 tetrastropltos
3415 2787 3637 2857 pedestri

2053 2885 2248 2954 glutine
2291 2883 2572 2954 suggilatos
2625 2879 2903 2953 (Epistota
2947 2879 3146 2948 prae/ix.
3196 2879 3284 2932 lib.
3334 2893 3349 2931 ι
3409 2877 3535 2930 Vita:
3571 2876 3633 2932 S.

2055 2975 2260 3045 Mart.).
2293 2975 2371 3028 Ac
2401 2973 2642 3043 profecto
2681 2973 2724 3026 is
2753 2971 2864 3040 qui,
2897 2970 3139 3024 scribens
3171 2969 3234 3022 ad
3269 2967 3495 3036 Gregor.
3521 2966 3632 3020 Tu-

365 3067 618 3124 Paulinus
653 3073 889 3138 viverent,
921 3083 1012 3126 aut
1053 3083 1184 3128 certe
1229 3072 1548 3131 Fortunatus
1595 3077 1812 3141 adesset,
1860 3078 1946 3146 qui
1975 3088 2021 3153 ο
2054 3082 2198 3128 ron.,
2233 3066 2311 3120 sic
2335 3062 2612 3120 exorditur
2637 3061 2913 3153 epistolam
2939 3078 2952 3114 :
2983 3060 3132 3153 Apud
3161 3060 3361 3153 pietatis
3384 3059 3631 3153 animum,

363 3161 458 3213 ista
485 3162 843 3215 describerent.
879 3165 1022 3218 Idem
1057 3165 1401 3223 Fortunatutn
1430 3169 1694 3238 adjuravit
1718 3169 1810 3223 sub
1842 3179 1944 3223 tes-

361 3255 641 3316 tiﬁcatione
669 3257 829 3310 divini
855 3262 1100 3328 mysterii,
1123 3271 1171 3314 et
1197 3263 1466 3329 splendore
1497 3265 1740 3317 virtutum
1763 3265 1946 3319 beatis-

359 3349 475 3401 simi
505 3346 740 3414 Martini,
761 3359 818 3404 ut
842 3363 1084 3420 poemata
1115 3367 1209 3407 sua
1237 3356 1288 3408 in
1322 3370 1484 3408 unum
1532 3355 1756 3410 collecta
1797 3357 1944 3410 volu-

360 3457 482 3495 men
506 3443 710 3506 cderet,
744 3445 925 3514 utique
952 3445 1163 3514 plurimi
1216 3448 1478 3503 interesse
1518 3448 1832 3503 existimans
1877 3463 1945 3504 ne

361 3531 561 3588 diutius
588 3534 638 3587 in
679 3534 890 3590 silentio
933 3551 996 3592 ac
1026 3538 1263 3594 tenebris
1307 3540 1555 3606 laterent,
1595 3541 1686 3595 sed
1712 3542 1762 3596 in
1794 3556 1943 3596 eom-

360 3640 573 3680 munem
608 3625 832 3681 fructum
863 3629 1245 3698 proferrentur.
1277 3633 1460 3687 Eidem
1490 3633 1766 3689 addendos
1791 3635 1942 3690 Felix

359 3716 732 3773 Namnetensis
761 3720 1066 3793 episcopus,
1098 3723 1188 3793 qui
1217 3725 1506 3793 scripserat
1553 3727 1620 3781 ad
1674 3726 1937 3781 Fortuna-

359 3814 469 3856 tum
501 3807 614 3871 eius
637 3823 807 3860 vocem
835 3825 927 3863 nec
973 3813 1343 3866 acclamatione
1386 3815 1601 3867 laudum
1646 3825 1940 3884 superatam

355 3898 407 3948 in
435 3897 613 3950 ultimo
645 3900 776 3953 orbis
803 3901 991 3972 angulo
1027 3919 1342 3968 personasse.
1397 3906 1600 3972 Quibus
1642 3923 1708 3962 ex
1762 3908 1940 3964 verbis

358 3988 583 4058 intelligi
626 4002 798 4059 potest
823 4007 1071 4063 quamam
1103 3995 1153 4050 in
1187 4005 1294 4052 t0ta
1321 3996 1493 4052 Gallia
1525 4009 1670 4054 esset
1695 4001 1762 4056 de
1787 4001 1938 4072 inge-

353 4080 441 4136 nio
462 4083 579 4148 ejus
609 4099 671 4138 ac
695 4085 886 4141 litteris
907 4089 1208 4144 communis
1233 4089 1370 4144 fama
1398 4100 1452 4147 et
1481 4093 1826 4148 existimatio.

423 4174 546 4230 103.
567 4175 749 4246 Neque
781 4193 908 4232 vero
929 4180 1172 4248 ejusdem
1194 4195 1356 4250 opera
1381 4181 1434 4236 in
1452 4183 1780 4238 carminibus
1802 4198 1935 4253 pan-

351 4269 540 4337 gendis
566 4272 937 4324 tantummodo
959 4280 1050 4324 aut
1070 4283 1377 4326 sanctorum
1408 4274 1541 4328 Vitis
1562 4275 1932 4330 describendis

355 4359 632 4426 praestitit,
663 4360 756 4414 sed
787 4361 925 4413 idem
971 4376 1041 4417 ne
1069 4376 1097 4414 a
1139 4362 1451 4431 tbeologicis
1486 4365 1700 4433 quidem
1739 4365 1932 4420 studiis

2050 3158 2187 3228 quod
2230 3173 2379 3228 apere
2405 3157 2574 3208 minus
2614 3152 2942 3218 inscribitur,
2973 3150 3258 3204 dilectionis
3291 3150 3476 3204 intuitu
3502 3150 3631 3202 dila-

2047 3259 2206 3304 tatur.
2242 3247 2379 3301 Nam
2425 3252 2860 3301 EIllXEIPlIMATA
2888 3251 3062 3298 AEZlC
3093 3250 3393 3297 AlAEPEClC
3438 3249 3636 3296 ΠΑΡΑΙ-

2047 3351 2227 3398 NECtC
2255 3349 2303 3395 et
2334 3341 2535 3411 reliqua
2561 3339 2846 3392 oratoribus
2869 3345 2912 3390 et
2942 3336 3222 3390 dialecticis
3251 3335 3628 3404 permittantur,

2045 3443 2175 3494 etc.,
2205 3433 2342 3487 haud
2373 3433 2584 3486 videtur
2606 3428 2909 3484 Graecarum
2938 3429 3231 3482 litterarum
3261 3427 3477 3494 ignarus
3501 3423 3633 3480 fuis-

2044 3542 2123 3583 se.
2158 3527 2454 3592 Postremo,
2479 3523 2618 3594 quod
2645 3537 2762 3578 meo
2781 3521 2982 3591 judicio
3004 3507 3240 3575 maxime
3262 3517 3386 3573 facit
3403 3518 3465 3572 ad
3490 3533 3624 3584 rem,

2045 3621 2200 3692 plura
2231 3628 2355 3674 sunt
2382 3620 2435 3674 in
2465 3617 2580 3687 ejus
2610 3617 2824 3682 scriptis
2874 3628 2992 3684 qua:
3021 3612 3264 3666 Graecum
3298 3609 3516 3665 dicendi
3548 3611 3627 3664 le-

2044 3728 2227 3784 porem
2271 3728 2334 3766 ac
2386 3712 2600 3765 modum
2657 3711 2852 3776 passim
2903 3707 3156 3762 referant.
3210 3705 3400 3759 Merito
3449 3705 3626 3772 itaque

2044 3802 2518 3873 reprehendendus
2544 3800 2830 3856 Hilduinus
2861 3799 3046 3861 abbas,
3069 3797 3178 3866 qui,
3214 3797 3266 3851 in
3297 3795 3522 3865 epistola
3554 3795 3620 3848 ad

2043 3895 2374 3952 Ludovicum
2403 3893 2590 3958 Pium,
2622 3893 2823 3948 idcirco
2854 3891 3000 3945 illum
3032 3889 3101 3943 de
3132 3887 3350 3942 natione
3381 3886 3622 3956 Dionysii

2040 3987 2398 4057 Areopagitae,
2421 3988 2487 4042 de
2509 4001 2613 4056 quo
2637 3985 2883 4057 hymnum
2908 3983 3308 4054 pulcherrimum
3330 3982 3621 4051 scripserat,

2040 4091 2088 4133 et
2113 4077 2436 4134 ordinatione
2462 4079 2783 4148 episcopatus
2829 4077 3134 4129 mentiOnem
3164 4089 3264 4126 non
3292 4072 3469 4141 fecisse
3494 4087 3621 4124 nar-

2040 4183 2160 4239 rat,
2197 4175 2316 4244 quia
2345 4172 2539 4228 Graeca:
2584 4173 2775 4242 linguae
2818 4170 3019 4239 penitus
3063 4183 3241 4235 expers
3279 4165 3398 4234 fuit.
3450 4164 3623 4231 Atque

2040 4266 2156 4321 bmc
2186 4266 2253 4320 de
2284 4264 2501 4335 pietate,
2531 4271 2642 4317 tum
2672 4261 2893 4317 scientia
2943 4259 3217 4314 Fortunati
3274 4269 3326 4312 et
3381 4255 3617 4326 ingenio,

2040 4358 2170 4413 satis
2198 4373 2228 4411 a
2260 4373 2345 4411 me
2367 4357 2508 4411 dicta
2531 4354 2802 4410 existimo.

352 4454 556 4506 alienus
586 4451 706 4508 fuit.
738 4451 879 4506 Sane
909 4452 1148 4520 ejusdem
1184 4454 1235 4506 in
1265 4454 1571 4510 Orationem
1600 4433 1929 4511 Dominicam
1962 4447 2015 4509 Ι)
2116 4448 2181 4505 Ut
2208 4458 2384 4503 autem
2415 4449 2503 4502 illa
2541 4463 2658 4517 quae
2689 4447 2740 4500 in
2768 4445 2885 4515 ejus
2916 4443 3032 4498 Vita
3065 4441 3376 4507 retulimus,
3406 4439 3489 4494 vel
3520 4439 3619 4492 lto-

349 4542 653 4610 rxplanatio
678 4558 788 4611 pra:
817 4544 1025 4598 caeteris
1054 4542 1295 4598 declarat
1333 4560 1439 4612 quo
1485 4547 1530 4599 is
1561 4560 1720 4600 senisu
1751 4560 1814 4601 ac
1839 4546 1932 4616 ju-

352 4633 492 4688 dicio
522 4643 666 4689 esset
695 4633 1012 4703 theologicis
1056 4635 1108 4688 in
1151 4635 1334 4689 rebus.
1373 4636 1504 4690 ltem
1527 4651 1744 4691 carmen
1776 4639 1930 4714 7.lib.

351 4739 443 4778 \‘lll
465 4766 480 4790 ,
510 4727 650 4795 quod
683 4726 738 4781 in
767 4723 970 4780 laudem
995 4735 1186 4780 sancta:
1207 4725 1394 4782 Maria:
1421 4729 1632 4800 virginis
1666 4738 1713 4782 et
1745 4727 1930 4784 Matris

2044 4542 2246 4595 minum
2280 4540 2714 4594 doctissimorum
2748 4537 2838 4607 qui
2879 4536 2945 4590 de
2973 4535 3264 4591 Fortunato
3285 4576 3299 4599 ,
3335 4531 3479 4586 omni
3511 4531 3621 4586 fere

2039 4643 2217 4698 aetate,
2255 4631 2454 4703 aliquid
2480 4633 2814 4701 scripserunt
2855 4629 3172 4700 auctoritate
3201 4641 3266 4681 ac
3298 4623 3622 4681 testimoniis

2037 4727 2476 4797 comprobentur,
2499 4726 2675 4795 placet
2701 4723 2787 4778 bic
2812 4723 3088 4778 elenclnnn
3119 4733 3305 4774 eorum
3327 4715 3615 4786 subjicere.

347 4839 3617 4875 ___________________________________________

1061 4973 1588 5052 TESTIMON
1603 4976 1697 5051 IA
1726 4971 2195 5055 VIRORUM
2255 4959 2892 5046 ILLUSTRIUM

1547 5109 1631 5159 DE
1665 5108 1985 5160 VENANTIO
2021 5103 2422 5158 FORTUNATO.

555 5209 712 5280 Greg.
745 5211 897 5276 Tur.,
919 5209 1008 5264 lib.
1035 5225 1064 5261 v
1094 5209 1233 5264 Hist.
1265 5209 1485 5278 Franc.,
1515 5229 1629 5280 cap.
1657 5211 1708 5265 8.

415 5339 469 5393 Si
500 5340 621 5407 quis
673 5351 923 5396 strenuus
976 5343 1198 5398 virtutes
1248 5343 1390 5398 illius
1426 5345 1633 5415 (sancti
1670 5345 1920 5399 Germani

349 5432 722 5502 Parisiensis),
778 5449 908 5502 quas
959 5435 1011 5490 in
1065 5452 1295 5506 corpore
1320 5437 1490 5503 fecit,
1545 5437 1773 5491 sollicite
1808 5436 1923 5488 vult

343 5525 628 5592 inquirere,
654 5525 848 5580 librutn
871 5527 988 5582 vita:
1015 5527 1176 5595 illius,
1199 5529 1290 5597 qui
1323 5545 1348 5579 τι
1381 5529 1674 5583 Fortunato
1703 5529 1919 5600 presby-

345 5627 458 5668 tero
487 5618 815 5686 eomposLus
843 5629 949 5682 est,
983 5619 1183 5689 legens,
1210 5630 1400 5674 cuncta
1431 5621 1678 5688 reperiet.

337 5749 479 5805 idem
541 5750 631 5808 lib.
659 5766 674 5805 ι
702 5753 765 5806 de
789 5752 935 5806 ϐίον.
971 5763 1207 5821 ntartgr.,
1236 5768 1352 5820 cap.
1388 5749 1484 5817 49.,
1514 5767 1668 5821 agens
1705 5757 1766 5808 de
1793 5765 1911 5806 tent-

2105 5206 2193 5274 plo
2213 5204 2378 5259 sancti
2409 5199 2671 5256 Laurentii
2709 5196 2850 5266 apud
2879 5193 3128 5274 Brionas,
3176 5201 3224 5274 et
3250 5192 3313 5244 de
3337 5189 3474 5274 ιγςιιζε
3497 5205 3614 5274 qui:

2102 5260 2190 5346 per
2216 5276 2520 5328 miraculum
2548 5260 2789 5346 creverat,
2813 5277 2908 5332 etc,
2931 5283 3032 5336 qua
3056 5269 3225 5335 frusta
3250 5260 3612 5317 excidebantur

2099 5344 2166 5400 ad
2196 5346 2394 5400 morbos
2420 5344 2674 5397 curandos
2699 5355 2720 5394 :

2101 5494 2121 5527 ς
2159 5474 2308 5542 Quod
2335 5513 2352 5540 ,
2384 5475 2496 5540 ait,
2546 5471 2866 5525 Fortunatus
2911 5467 3192 5536 presbyter
3239 5463 3321 5519 his
3371 5460 3612 5517 versibus

2029 5577 2345 5636 prosecutus
2374 5572 2494 5619 est:
2527 5561 2794 5618 Laurentii
2824 5563 3038 5626 merito,
3070 5568 3203 5619 etc.,
3237 5554 3403 5609 multo
3428 5553 3609 5622 plures

2023 5656 2219 5710 exinde
2277 5656 2491 5722 scripsit
2546 5652 2872 5716 versiculos,
2922 5666 3058 5719 quos
3103 5663 3201 5716 ego
3259 5643 3604 5714 praetermisi,

2022 5748 2122 5802 hos
2153 5756 2353 5801 tantum
2386 5761 2480 5815 pro
2512 5744 2818 5802 testimonio
2841 5742 2951 5798 veri
2979 5740 3238 5804 scribens,
3263 5749 3368 5792 etc.
3402 5755 3420 5788 ι
