3990 6188
284 360 352 411 εδ
1431 364 1582 419 VITA
1628 364 1947 418 VENANTII
1988 364 2402 424 FOI‘tTUNATi.
3476 376 3541 427 Η
3587 377 3600 402 ‘-

361 473 506 524 Idem
529 474 582 525 in
609 475 823 542 epistola
848 473 1059 540 pne/ixi:
1088 473 1177 526 lib.
1204 482 1419 542 quatuor
1447 474 1508 528 de
1535 474 1801 528 virtutibus

885 545 1044 595 sancti
1078 545 1308 596 Martini.

363 634 601 696 l'tiuam,
625 635 807 703 inquit,
829 635 1080 700 Severus,
1105 642 1197 688 aut
1226 634 1476 688 Paulinus
1503 636 1760 700 viverent,
1785 644 1874 689 aut

277 734 438 775 certe
472 722 794 776 Fortunatus
824 725 1056 789 adesset,
1089 725 1176 794 qui
1211 725 1311 777 ista
1349 724 1734 791 describerent,
1766 738 1868 780 etc.

283 814 365 866 De
395 816 573 867 eodem
602 813 886 867 Fortunato
917 814 996 867 vel
1031 815 1149 868 aliis
1175 815 1227 868 in
1253 814 1377 868 locis
1401 816 1701 870 mentionem
1728 816 1871 884 facit.

362 904 689 958 Baudont't'ia
736 906 1172 968 sanctimonialis,
1203 907 1254 958 in
1277 906 1489 976 prologo
1529 908 1596 960 ad
1630 906 1800 962 Vitam

809 987 996 1029 sancite
1029 976 1376 1047 liadegundis.

359 1067 476 1121 Non
507 1083 592 1131 ea,
624 1082 750 1134 qua:
775 1069 857 1120 vir
888 1067 1212 1134 apostolicus
1242 1065 1563 1122 Fortunatus
1591 1068 1873 1139 episcopus

283 1157 355 1218 de
387 1159 558 1210 beatae
585 1156 698 1210 Vita
725 1158 1044 1227 composuit,
1074 1159 1351 1224 iteramus,
1382 1169 1490 1216 etc.

295 1251 495 1304 I’oalus
524 1249 806 1313 Diaconos,
833 1252 896 1302 de
920 1249 1085 1304 Gestis
1110 1249 1425 1322 Longobar.,
1444 1253 1531 1306 lib.
1557 1269 1614 1318 ιι,
1633 1269 1746 1321 cap.
1783 1255 1870 1311 15.

361 1344 506 1397 Sane
537 1345 657 1409 quia
687 1344 842 1412 hujus
883 1343 1073 1398 Felicis
1104 1343 1324 1400 fecimus
1355 1348 1679 1402 mentionem
1701 1390 1716 1413 ,
1745 1349 1872 1403 libet

287 1452 507 1501 quoque
533 1453 696 1498 rauca
725 1452 822 1489 nos
845 1436 912 1490 de
943 1437 1228 1492 venerabili
1253 1447 1308 1493 et
1335 1440 1730 1507 sapientissimo
1753 1443 1872 1496 viro

289 1526 586 1580 Fortunato
614 1538 892 1591 retexere,
925 1527 1010 1595 qui
1045 1528 1186 1583 hunc
1214 1528 1450 1584 Felicem
1479 1546 1631 1585 suum
1659 1547 1870 1588 asseve-

283 1624 370 1667 rat
400 1613 603 1667 socium
650 1614 838 1670 fuisse.
888 1615 1128 1686 Denique
1176 1618 1301 1684 hic,
1327 1617 1396 1674 de
1421 1633 1527 1688 quo
1573 1620 1866 1688 loquimur,

283 1703 646 1771 Foztunatus,
681 1715 839 1760 natus
867 1706 1080 1775 quidem
1127 1708 1179 1761 in
1207 1709 1324 1763 loco
1343 1709 1431 1778 qui
1456 1710 1746 1778 Duplavilis
1783 1712 1868 1765 di-

278 1796 446 1860 ritur,
477 1796 574 1850 fuit
606 1813 625 1851 :
653 1796 743 1865 qui
772 1797 920 1852 locus
958 1798 1096 1852 haud
1126 1798 1282 1870 longe
1311 1814 1341 1901 ιι
1377 1799 1643 1856 Cenitensi
1665 1812 1862 1868 castro,
1897 1827 1941 1888 Β
1968 1822 2083 1879 “eis
2110 1835 2162 1880 ει
2184 1796 2411 1897 ἠειείοίε
2455 1831 2779 1901 regionibus,

286 1888 373 1937 vel
404 1887 718 1940 Tarvisiana
759 1889 923 1941 distat
967 1889 1217 1953 civitate;
1251 1889 1342 1945 sed
1369 1899 1545 1951 tamen
1594 1893 1865 1948 Ravenna:

289 1978 524 2029 intuitus
551 1986 608 2030 et
631 1978 818 2031 doctus
838 2019 852 2042 ,
884 1980 934 2032 in
963 1989 1080 2034 arte
1121 1982 1464 2048 grammatica
1487 2021 1501 2046 ,
1535 1984 1650 2037 sive
1679 1986 1861 2040 rheto-

281 2068 414 2126 rica.
445 2068 560 2122 sive
584 2066 743 2122 etiam
770 2069 1012 2135 metrica,
1034 2071 1361 2126 clarissimus
1388 2074 1609 2128 exstitit.
1636 2074 1731 2129 ilic
1743 2092 1862 2130 cum

281 2157 563 2211 siculorum
608 2160 849 2214 dolorem
900 2161 1430 2218 vehementissimum
1476 2175 1776 2233 pati-retur,
1808 2175 1864 2222 et

283 2245 640 2302 nihilominus
673 2248 820 2302 Felix
850 2251 972 2316 iste,
1001 2251 1166 2318 ipsius
1191 2251 1388 2317 socius,
1416 2256 1525 2322 pari
1555 2255 1710 2310 modo
1737 2270 1863 2310 ocu-

280 2341 364 2394 los
410 2339 653 2404 doleret,
697 2349 923 2408 uterque
964 2340 1030 2393 ad
1080 2340 1352 2397 ba~ilicam
1396 2343 1672 2399 beatorum
1717 2345 1860 2401 Pauli

277 2443 438 2498 atque
467 2429 721 2496 Joannis,
751 2446 871 2500 qua:
917 2433 1052 2486 intra
1099 2434 1340 2489 eamdem
1385 2437 1568 2491 urbem
1614 2437 1712 2492 sita
1742 2449 1855 2503 est,

279 2530 642 2585 perrexerunt
672 2523 722 2576 in
753 2539 855 2590 qua
885 2525 1046 2578 etiam
1077 2525 1320 2580 altarium
1353 2527 1405 2592 in
1430 2528 1686 2588 honorem
1716 2530 1860 2584 beati

281 2610 492 2663 Hartini
536 2607 864 2666 confessoris
907 2623 1268 2670 constructum
1323 2619 1668 2688 propinquam
1703 2619 1861 2674 habet

281 2699 598 2764 fenestram,
633 2700 686 2752 in
714 2714 819 2769 qua
853 2701 1064 2757 lucerna
1094 2704 1160 2758 ad
1186 2705 1541 2760 exhibendum
1575 2707 1752 2763 lumen
1777 2718 1862 2764 est

278 2793 573 2846 constituta
593 2834 611 2861 ,
642 2791 712 2848 de
739 2795 892 2862 cujus
921 2795 1044 2851 oleo
1085 2812 1207 2852 mox
1243 2799 1344 2853 sibi
1386 2799 1507 2868 isti,
1537 2801 1858 2860 Fortunatus

278 2882 488 2935 scilicet
529 2891 584 2936 et
616 2881 797 2950 Felix,
829 2882 1063 2939 dolentia
1105 2885 1304 2941 lumina
1353 2890 1673 2958 tetigerunt:
1714 2892 1859 2948 illico

273 2973 463 3027 dolore
507 2973 729 3042 fugato,
784 2976 1103 3043 sanitatem,
1149 2993 1305 3048 quam
1344 2983 1636 3055 Optabam,
1681 2984 1858 3052 adepti

273 3071 420 3113 sunt.
469 3061 588 3127 Qua
630 3062 700 3116 de
726 3077 884 3118 causa
935 3065 1256 3126 Fortunatus
1303 3071 1356 3124 in
1398 3082 1602 3130 tantum
1643 3073 1856 3136 beatum

279 3151 564 3204 Martinum
594 3165 876 3208 veneratus
905 3165 1010 3222 est,
1041 3170 1116 3222 ut,
1144 3159 1325 3214 relicta
1355 3163 1547 3231 patria,
1582 3165 1740 3232 paulo
1760 3181 1854 3220 an-
1882 3171 1930 3236 ο

278 3251 496 3310 tequam
527 3241 865 3313 Langobardi
913 3247 1111 3302 italiam
1145 3249 1497 3322 invaderent,
1529 3255 1761 3316 Turonis
1789 3259 1855 3313 ad

277 3333 524 3398 ejusdem
559 3336 698 3390 beati
744 3340 841 3391 viri
875 3341 1176 3406 sepulcrum
1206 3355 1538 3413 properaret.
1585 3349 1686 3414 Qui
1716 3350 1858 3417 sibi,

273 3436 328 3476 ut
367 3426 418 3477 in
450 3427 565 3479 suis
617 3427 730 3492 ipse
773 3430 1096 3485 carmimbus
1139 3434 1346 3502 refert,
1376 3435 1499 3490 illuc
1551 3439 1858 3507 properanti

271 3531 370 3581 per
403 3516 662 3572 ﬂuentilia
695 3522 883 3584 menti,
908 3530 962 3575 et
991 3523 1251 3593 liouuam,
1284 3541 1487 3594 perque
1516 3530 1773 3599 Osopum,
1804 3540 1854 3588 et

271 3607 707 3674 AlpemJuliam,
751 3627 946 3682 perque
984 3617 1252 3686 Aguntum
1295 3633 1550 3689 castrum,
1596 3624 1852 3681 Dravum-

270 3713 380 3762 que
403 3739 418 3764 ,
452 3707 512 3753 et
540 3701 761 3771 Byrrum
812 3704 998 3758 ﬂuvios
1023 3747 1038 3771 ,
1073 3722 1135 3762 ac
1176 3709 1396 3765 Briones
1419 3752 1433 3776 ,
1467 3722 1522 3768 et
1566 3715 1854 3785 Augustam

274 3791 576 3858 civitatem,
611 3808 771 3860 quam
811 3795 966 3850 Virdo
997 3808 1050 3852 et
1078 3798 1215 3854 Lech
1246 3800 1523 3869 ﬂuentem,
1555 3805 1653 3862 iter
1693 3807 1858 3864 fuisse

272 3881 558 3936 (ieat'fibil.
609 3883 711 3948 Qui
763 3894 1039 3955 postquam
1093 3889 1406 3960 Turonum,
1451 3891 1608 3963 juxta
1669 3906 1850 3954 votum

274 3977 578 4042 proprium,
610 3976 846 4041 advenit,
878 3978 1108 4034 Pictavis
1134 3983 1496 4048 pertransiens
1520 4030 1536 4054 ,
1573 3988 1680 4043 illic
1703 3989 1854 4045 habi-

273 4067 409 4116 tavit
435 4105 452 4128 ,
485 4077 535 4118 et
567 4067 858 4121 multorum
886 4069 1079 4124 ibidem
1111 4084 1417 4129 sanctorum
1445 4087 1592 4146 gesta
1619 4122 1634 4146 ,
1663 4081 1853 4148 partim

270 4169 433 4216 prosa
453 4194 468 4212 .
499 4155 686 4222 partim
718 4159 922 4212 metraii
950 4159 1190 4217 oratione
1212 4204 1228 4229 ,
1269 4168 1625 4233 conscripsit;
1674 4171 1854 4224 novis-

267 4244 517 4312 sirneqne
539 4245 590 4297 in
613 4245 800 4300 eadem
827 4248 1041 4304 civitate
1067 4255 1290 4318 primum
1318 4254 1594 4325 presbyter
1613 4297 1629 4321 ,
1661 4258 1854 4315 deinde

267 4331 554 4398 episcopus
571 4337 845 4390 ordinatus
862 4346 964 4402 est,
979 4350 1137 4408 atque
1163 4342 1213 4394 in
1237 4343 1421 4398 eodem
1445 4344 1565 4400 loco
1589 4346 1751 4417 digno
1778 4358 1858 4403 tu-

268 4425 508 4476 mulatus
525 4425 729 4482 honore
745 4429 990 4498 quiescit.
1012 4431 1107 4486 llic
1127 4432 1264 4487 beati
1283 4436 1491 4490 Martini
1514 4437 1704 4503 Vitam,
1727 4456 1853 4511 qua-

1901 478 1946 533 Α
1977 477 2110 531 adeo
2133 480 2374 550 quaedam
2400 481 2623 536 solerter
2646 498 2765 537 eum
2792 483 3133 552 investigasse
3153 531 3165 551 ,
3194 501 3312 542 cum
3340 490 3385 540 ei
3415 505 3542 542 eon-

1978 573 2281 638 teniporalis
2329 574 2564 627 existens
2591 577 2670 627 vir
2703 577 2927 640 prudens
2960 589 3010 632 et
3039 581 3542 638 scimlasticissimus

1976 658 2418 731 Fortunatus,qui
2438 666 2581 731 plura
2608 679 2661 718 et
2685 665 2989 736 frequenter
3006 670 3070 722 ad
3093 686 3214 725 eum
3231 675 3536 743 scripserat,

1976 750 2240 820 Hymnum
2275 757 2590 831 rhylhmit-a?
2608 758 3010 826 eontpositionis
3043 761 3451 829 pulcherrimum
3475 769 3541 821 de

1975 839 2076 894 isto
2104 843 2494 911 gloriosissimo
2517 859 2749 917 martyre
2770 853 3149 920 composuerit.
3180 853 3234 908 lu
3257 870 3362 924 quo
3389 871 3539 912 cotu-

1973 941 2234 988 memorat
2259 949 2382 990 eum
2413 952 2440 988 a
2470 936 2630 990 beato
2656 937 2931 996 Clemente
2954 943 3295 1011 destinatum,
3327 948 3463 1002 sicut
3490 951 3540 1004 in

1973 1021 2279 1079 Latinorum
2309 1028 2518 1100 paginis
2539 1029 2743 1090 didicit.
2797 1030 2870 1088 De
2902 1035 3117 1090 natione
3140 1045 3316 1092 autem
3345 1037 3459 1106 ejus
3489 1052 3544 1094 et

1975 1116 2308 1172 ordinatione
2355 1119 2689 1188 episcopatus
2738 1124 3063 1195 mentionem
3095 1141 3198 1182 non
3227 1127 3391 1196 facit,
3421 1133 3543 1200 quia

1977 1204 2167 1272 linguae
2190 1205 2390 1261 Graecae
2424 1212 2628 1276 penitus
2656 1227 2849 1280 expers
2875 1214 2991 1270 fuit.
3442 1199 3450 1200 ί
3486 1199 3490 1210 ’

1977 1293 2310 1364 Hincmarus,
2330 1300 2379 1352 in
2421 1299 2533 1380 Vita
2559 1305 2722 1380 sancti
2756 1304 3219 1380 liemigii‘episeopi
3244 1310 3544 1369 Rhemensis

2502 1374 2554 1424 in
2578 1378 2752 1443 praeit,
2786 1374 2926 1429 nunt.
2959 1377 3015 1432 2.

2043 1457 2280 1529 Egidius,
2315 1471 2432 1530 post
2477 1463 2688 1519 beatum
2735 1466 3075 1537 Remigium,
3125 1482 3343 1540 quartus
3390 1475 3544 1531 istius

1971 1551 2202 1606 civitatis
2249 1554 2528 1624 episcopus
2566 1558 2848 1624 quemdam
2889 1559 3060 1615 virum
3093 1547 3417 1632 religiosum,
3450 1580 3546 1620 no-

1971 1641 2116 1697 mine
2145 1642 2492 1699 Fortunatttm
2518 1688 2532 1712 ,
2565 1649 2804 1703 metricis
2835 1651 3075 1706 versibus
3099 1652 3384 1724 insignem,
3417 1657 3539 1724 quia

1970 1733 2152 1787 multis
2183 1737 2485 1800 potentibus
2507 1747 2561 1793 et
2588 1739 2986 1808 ltonorabilibus
3041 1745 3193 1814 viris,
3223 1747 3274 1801 in
3309 1746 3394 1803 his
3413 1747 3540 1804 Gal-

2829 1851 2924 1906 pcr
2973 1839 3185 1893 diversa
3221 1841 3358 1908 loca,
3413 1852 3540 1897 tunc

1965 1914 2084 1966 vine
2113 1928 2174 1969 ac
2201 1918 2438 1972 scientia:
2492 1935 2605 1974 suae
2656 1925 2847 1979 merito
2896 1926 3246 1997 invitabatur,
3303 1933 3452 1999 petiit
3474 1933 3544 1987 de

1963 2005 2152 2061 eodem
2183 2009 2336 2075 libro,
2371 2013 2633 2067 cothurno
2656 2014 2929 2072 Gallieauo
2958 2020 3179 2086 dictata,
3203 2033 3388 2089 aperto
3415 2037 3533 2076 ser-

1963 2115 2124 2156 mone
2169 2104 2342 2173 aliqua
2378 2107 2662 2176 miracula,
2693 2126 2810 2179 qua:
2837 2111 2890 2165 in
2924 2114 3118 2182 popqu
3164 2116 3539 2181 recitarentur,

1962 2191 2224 2259 excipere,
2254 2205 2358 2252 etc.

1964 2297 2109 2354 Inter
2153 2305 2508 2387 inscriptiones
2563 2308 3167 2387 beatiuij'lacciﬂAlcuini
3211 2320 3266 2372 in
3314 2321 3530 2387 quodam

2032 2377 2564 2458 monasteriotForte,
2598 2379 2966 2454 Nobiliacensi)
2986 2402 3196 2458 sequens
3215 2377 3416 2444 carmen
3447 2393 3539 2444 ha-

2032 2443 2176 2498 betur
2199 2446 2496 2516 inscriptum
2510 2465 2530 2505 .'
2549 2443 2560 2447 ⁷
2941 2464 2943 2466 ’

2129 2579 2449 2623 ΕΡΙΤΑΡΠΙΕΙ
2489 2584 2783 2627 Ροιιτυιηιτι
2824 2588 3007 2630 ΡΟΕΤΒ
3045 2591 3364 2634 διιιιιςτιλτςι.

2030 2653 2142 2710 Hac
2182 2672 2390 2727 quoque
2422 2662 2667 2729 prtesenti
2697 2665 2889 2732 praesul
2919 2668 3204 2735 requiescit
3234 2670 3286 2722 in
3317 2672 3458 2737 aula,

2101 2745 2425 2804 Fortunatus
2451 2750 2592 2806 enim
2621 2755 2720 2818 vir,
2751 2754 2914 2810 decus
2940 2757 3230 2825 Ecclesia};

2029 2836 2258 2894 Plurima
2288 2842 2379 2911 qui
2408 2842 2538 2897 fecit
2563 2855 2869 2900 sanctorum
2895 2848 3132 2903 carmina
3158 2859 3352 2916 metro,

2100 2928 2495 2988 Concelebrans
2525 2943 2737 2990 sanctos
2763 2935 3012 2993 laudibus
3040 2941 3385 3009 hymuidicis°

2027 3019 2126 3088 Qui
2153 3037 2398 3078 sermone
2427 3025 2524 3079 fuit
2551 3026 2770 3096 nitidus,
2800 3043 3071 3098 sensuque
3101 3031 3270 3088 iidelis

2097 3112 2314 3184 Ingenio
2340 3114 2564 3185 calidus,
2590 3128 2866 3190 promptus
2887 3130 2942 3178 et
2967 3136 3062 3178 ore
3089 3139 3208 3180 suo.

2033 3221 2104 3275 lta
2127 3225 2390 3293 reperitur
2417 3227 2634 3282 allatum
2684 3245 2873 3298 poema
2907 3233 2956 3287 in
2990 3233 3128 3289 Edit.
3161 3235 3396 3305 Ratisb.,
3434 3259 3524 3294 an.

1963 3311 2134 3378 1777,
2182 3315 2436 3372 adornata
2483 3333 2579 3387 per
2624 3321 3039 3379 illustrissimum
3090 3336 3143 3380 et
3189 3333 3526 3385 reverendis-

1961 3410 2152 3461 simum
2199 3411 2366 3466 virum
2402 3412 2723 3469 Frobenium
2753 3416 2810 3471 S.
2842 3417 2904 3472 Β.
2937 3417 2976 3474 l.
3012 3421 3325 3490 principem,
3357 3428 3525 3480 etab.

1961 3499 2026 3552 ad
2049 3507 2295 3555 sanctum
2323 3502 2745 3560 Emmeramum.
3003 3503 3008 3508 ’

2107 3589 2458 3661 Flodoardus,
2502 3596 2644 3652 Hist.
2672 3597 2854 3655 Rhem.
2897 3599 3062 3666 Eccl.,
3089 3602 3126 3658 ι.
3163 3619 3222 3668 ιι,
3248 3620 3294 3658 c.
3325 3605 3378 3658 2.

2032 3680 2355 3737 Fortunatus
2401 3683 2613 3743 Italicus
2659 3689 2799 3758 apud
2843 3689 3043 3748 Gallias
3074 3694 3125 3748 in
3151 3701 3371 3750 tnetrica
3403 3697 3530 3751 iusi-

1958 3773 2076 3841 gnis
2107 3773 2422 3828 habebatur.

2220 3865 2509 3935 Aimoinus,
2536 3868 2575 3922 ι.
2608 3883 2664 3924 ιιι
2692 3869 2831 3925 Hist.
2865 3871 3080 3938 Frena,
3105 3891 3150 3927 ε.
3179 3874 3260 3928 15.

2032 3956 2382 4025 Fortunatus,
2427 3961 2515 4030 qui
2545 3963 2597 4015 in
2640 3962 2905 4018 rhetorica
2948 3967 3274 4038 metricaque
3300 3981 3415 4024 arte
3445 3969 3525 4023 fa-

1959 4061 2140 4100 mosus
2185 4047 2500 4113 habebatur,
2531 4051 2598 4104 ab
2638 4051 2890 4120 Hesperia
2923 4053 2973 4107 in
3005 4053 3202 4109 Gallias
3234 4060 3521 4125 transiens,

1961 4137 2188 4192 Pictavis
2227 4139 2509 4208 episcopus
2552 4141 2843 4196 ordinatur.
2889 4143 2993 4197 Hic
3046 4146 3331 4201 multorum
3384 4149 3528 4203 Vitas

1964 4230 2312 4298 passionesve
2332 4242 2659 4297 sanctorum,
2687 4235 2878 4302 partim
2911 4249 3089 4304 prosa,
3111 4238 3299 4305 partim
3331 4252 3524 4305 metro,

1959 4321 2279 4388 composuit,
2313 4321 2377 4373 ad
2409 4321 2610 4376 amicos
2668 4339 2879 4393 quoque
2912 4327 3116 4394 singula
3161 4327 3386 4383 disticha
3417 4333 3522 4385 ele~

1959 4428 2089 4481 guns
2116 4423 2298 4467 orator
2324 4415 2664 4485 conscripsit.
2714 4416 2863 4471 Unde
2889 4419 3160 4489 Sigiberto
3187 4423 3295 4490 regi
3326 4425 3526 4493 elegia-

267 4523 393 4566 tnor
421 4516 472 4566 in
497 4516 664 4581 libris,
693 4517 907 4573 heroico
951 4520 1001 4573 in
1047 4537 1225 4587 versu,
1258 4528 1529 4580 contexuit
1555 4567 1569 4590 ,
1606 4538 1660 4582 et
1691 4502 1852 4584 multa
1887 4523 1934 4582 D
1960 4519 2076 4559 cum
2117 4502 2261 4557 mis"
2309 4520 2547 4571 “ment
2590 4509 2964 4577 ⁰⁰⁰8τ³¹¹¹¹³¹¹⁸
2991 4525 3038 4564 θ’
3068 4527 3119 4564 '"
3150 4515 3348 4584 ""p‘iis
3399 4517 3526 4568 3""

265 4603 395 4665 alia,
437 4606 777 4675 maximeque
804 4608 1027 4675 hymnos
1051 4611 1374 4681 singularum
1407 4615 1770 4683 festivitatum,
1805 4629 1858 4674 et

267 4694 541 4761 prrcipue
571 4696 637 4748 ad
666 4697 904 4767 singulos
933 4701 1134 4756 amicos
1165 4703 1478 4772 versiculos,
1508 4707 1638 4762 nulli
1665 4722 1848 4778 poeta-

268 4804 388 4839 rum
421 4791 714 4855 secundus,
745 4793 890 4845 suavi
931 4804 984 4847 et
1013 4793 1217 4848 diserto
1249 4809 1501 4852 sermone
1528 4801 1851 4868 composuit.

267 4877 351 4929 Ad
383 4876 539 4947 cujus
567 4893 670 4946 ego
700 4881 960 4935 tumulum
987 4923 1002 4946 ,
1031 4898 1149 4938 cum
1175 4884 1298 4938 illuc
1320 4929 1334 4953 ,
1366 4887 1627 4942 orationis
1655 4891 1846 4961 gratia,

264 4969 645 5026 adventassem
673 5014 687 5037 ,
741 4973 842 5027 hoc
883 4973 1250 5042 epitaphium,
1295 4984 1510 5045 rogatus
1555 4978 1622 5031 ab
1667 4979 1848 5048 Apro,

264 5063 508 5130 ejusdem
542 5065 640 5120 loci
665 5067 875 5128 abbate,
900 5070 1238 5124 scribendum
1263 5073 1508 5127 contexui
1555 5086 1660 5130 etc.
1693 5076 1851 5146 (Vide

267 5159 361 5206 hoc
391 5172 596 5208 carmen
625 5157 678 5208 in
715 5155 831 5209 Vita
859 5155 1038 5222 Fort,
1065 5176 1210 5213 num.
1243 5160 1360 5231 92.)

271 5247 560 5302 llitdstinus
581 5248 757 5314 abbas,
779 5251 833 5326 in
857 5251 1158 5326 epistolaad
1175 5251 1490 5326 Ludovicum
1515 5254 1692 5323 Pium,
1714 5260 1853 5326 apud

770 5319 1002 5386 Surium,
1028 5323 1108 5375 die
1124 5323 1154 5378 9
1177 5323 1354 5380 Octob.

336 5407 603 5463 Czeterum
651 5411 973 5478 parcendum
1000 5423 1082 5468 est
1118 5415 1440 5483 simplicitati
1467 5417 1562 5471 viri
1611 5419 1843 5488 religiosi

267 5499 512 5568 Gregorii
558 5501 883 5557 Turonensis
911 5506 1170 5576 episcopi,
1199 5509 1286 5576 qui
1316 5511 1478 5562 multa
1509 5513 1662 5566 aliter
1690 5530 1846 5582 quam

265 5606 321 5642 se
348 5593 546 5643 veritas
570 5590 784 5656 habeat,
804 5594 1099 5662 restitimus,
1124 5611 1228 5648 non
1256 5597 1562 5653 calliditatis
1591 5611 1730 5666 astu,
1753 5603 1846 5656 sed

268 5683 615 5749 benignitatis
663 5699 726 5738 ac
765 5685 1116 5754 simplicitatis
1154 5697 1304 5754 voto,
1347 5689 1536 5744 litteris
1571 5706 1846 5746 commen-

265 5776 431 5830 davit.
485 5773 734 5831 l’atcutcr
763 5777 1052 5846 etquidem
1112 5795 1332 5835 noscere
1388 5796 1688 5850 possumus,
1739 5799 1842 5839 non

1963 4596 2228 4651 nicliildis.
2260 4595 2425 4662 Quem
2458 4613 2576 4653 cam
2601 4615 2717 4654 sors
2746 4601 2959 4667 librum,
2997 4604 3062 4656 ad
3091 4606 3331 4661 diversos
3361 4609 3428 4660 ab
3457 4627 3522 4660 eo

1957 4687 2056 4740 sibi
2087 4687 2374 4741 familiares
2401 4691 2778 4756 conscriptum,
2807 4693 3050 4748 manibus
3073 4695 3339 4750 ἱιιιιιιέεμρι
3371 4700 3523 4758 meis,

1958 4779 2009 4832 in
2027 4793 2095 4833 eo
2123 4778 2503 4857 fecunditatem
2527 4783 2645 4850 viri,
2671 4783 2988 4853 dulcemque
3015 4786 3374 4843 aﬂahilitatein
3398 4792 3524 4845 Salis

1955 4870 2247 4924 admiratus
2275 4885 2411 4925 sum.

2408 4961 2616 5032 Regina,
2651 4965 2703 5016 in
2733 4962 2946 5031 Chrom,
2978 4969 3016 5019 Ι.
3042 4984 3075 5021 t.

2029 5051 2528 5119 Fortunatuspoeta
2560 5054 2610 5107 in
2641 5055 2828 5110 Galliis
2855 5058 3080 5127 insignis
3115 5059 3359 5114 habetur.
3394 5130 3404 5141 .

2239 5143 2545 5214 Sigibertus,
2578 5146 2629 5196 in
2661 5145 2874 5212 Claram,
2903 5149 2970 5200 ad
2996 5165 3084 5200 an.
3109 5148 3230 5202 575.

2028 5231 2345 5287 Fortunatus
2370 5245 2520 5301 poeta
2546 5239 2764 5290 veniens
2789 5239 2855 5290 ab
2886 5238 3028 5292 Italia
3052 5239 3215 5293 claret
3240 5241 3292 5294 in
3325 5241 3516 5302 Gallia.

2307 5324 2474 5390 Idem,
2509 5327 2572 5378 de
2594 5326 2785 5392 Script.
2813 5325 2980 5393 Ecc!.,
3007 5344 3052 5381 c.
3075 5330 3165 5384 45.

2023 5416 2371 5482 Fortunatus,
2423 5419 2637 5472 natione
2694 5419 2889 5484 Italus,
2938 5419 3240 5478 liberalibus
3316 5428 3518 5483 artibus

1949 5506 2264 5571 eruditus,a
2291 5505 2476 5560 dolore
2524 5506 2798 5560 oculorum
2843 5509 3037 5564 virtute
3083 5512 3291 5567 Martini
3344 5515 3516 5570 Turo-

1949 5596 2131 5650 nensis
2154 5597 2390 5664 episcopi
2415 5603 2652 5660 sanatus,
2683 5607 2737 5650 et
2766 5602 2862 5666 pro
2883 5598 2982 5654 hac
3001 5616 3159 5656 causa
3189 5604 3254 5656 ad
3277 5603 3516 5659 Turoues

1948 5689 2111 5751 venit;
2142 5696 2197 5742 et
2223 5687 2288 5741 ad
2342 5687 2587 5741 Pictavos
2616 5703 2950 5758 progressus,
2997 5695 3168 5761 primo
3199 5696 3267 5749 ibi
3295 5699 3510 5768 presby-

1950 5788 2051 5846 ter,
2072 5779 2266 5835 dciude
2284 5779 2564 5848 cpiscopus
2577 5794 2759 5838 consei
2778 5794 2921 5840 ratus
2936 5796 3037 5843 est.
3055 5787 3278 5856 Scripsit
3295 5790 3508 5844 metrica
