4060 6190
471 366 541 422 55
1003 367 1521 426 PROLEGOMENA
1565 371 1655 425 AD
1697 371 2022 428 VENANTII
2062 372 2220 428 "ON.
2261 372 2472 431 CLEM.
2515 376 2908 436 FORTUNATI
2950 382 3199 441 OPERA.
3664 394 3733 455 56

474 481 896 576 llodoepericum
927 496 1083 538 suum
1110 501 1123 551 ;
1148 484 1361 552 scripsit
1382 485 1600 540 metrice
1619 495 1853 554 quatuor
1883 486 2050 540 libros
2088 489 2135 548 A
2165 488 2305 542 nolui
2354 494 2693 562 consignare.
2741 493 2898 551 Plura
2938 503 3078 555 enim
3137 505 3402 576 epitapliia
3446 520 3499 566 ct
3549 530 3736 572 νει-ευρ,

471 579 539 632 de
590 575 705 631 Vita
753 579 918 631 sancti
969 577 1206 641 Martini,
1253 585 1308 631 et
1347 577 1514 631 multa
1553 578 1682 644 alia,
1727 588 1780 634 et
1824 581 2057 634 maxime

474 673 702 740 hymnos
747 671 1081 738 singularum
1130 668 1499 722 festivitatum.
1533 667 1612 722 Ad
1659 667 1897 738 singulos
1925 670 2058 723 ami-

472 771 565 812 cos
595 759 895 824 composuit
920 771 1110 811 versus
1136 755 1287 810 suavi
1319 765 1373 811 et
1402 755 1605 812 diserto
1631 771 1904 812 sermone.

555 843 814 909 Vincenl.,
840 844 996 915 Spec.
1017 845 1105 899 (ib.
1132 859 1264 912 uti,
1282 862 1330 900 c.
1351 845 1556 914 l26,ea:
1585 845 1730 918 Hug.
1749 845 1981 903 Floriac.

549 936 876 991 Fortunatus
905 937 991 990 vir
1021 935 1291 1008 egregius,

722 1025 932 1088 Ingenio
951 1026 1134 1088 clarus,
1157 1040 1307 1076 sensu
1330 1029 1487 1090 celer,
1515 1039 1605 1078 ore
1629 1029 1790 1080 suavis

545 1126 646 1194 Qui
675 1127 742 1182 ab
769 1128 915 1182 Italia
948 1130 1194 1185 Turonos
1243 1131 1556 1194 adveniens,
1581 1140 1730 1188 actus
1759 1132 1900 1187 beati
1923 1131 2060 1186 Mar-

477 1215 572 1270 tini
601 1231 652 1271 iv
684 1217 857 1284 libris,
894 1219 1112 1276 heroico
1159 1223 1437 1276 contexuit
1463 1230 1656 1276 metro.
1709 1221 1904 1277 Verum
1931 1220 2061 1277 inde

471 1319 810 1381 assumptus,
876 1312 1215 1368 Pictavorum
1281 1314 1558 1369 ordinatus
1607 1323 1692 1371 est
1751 1315 2055 1385 episc0pus.

471 1401 695 1472 Scripsit
734 1411 912 1459 autem
943 1404 1103 1459 etiam
1151 1403 1321 1459 Vitam
1350 1403 1490 1460 beati
1519 1404 1706 1459 Hilarii
1758 1404 2060 1461 Pictavien-

473 1496 571 1561 sis,
600 1504 655 1552 et
684 1495 871 1552 Vitam
892 1497 1033 1553 beati
1058 1496 1285 1552 Maurilii
1323 1497 1747 1568 Audegavensis.
1780 1497 1948 1568 Hujus
1977 1509 2060 1554 est

478 1589 570 1645 illa
593 1590 861 1646 sententia
894 1589 1072 1646 brevis
1102 1599 1156 1646 et
1186 1589 1368 1645 utilis:

694 1701 890 1765 Pauper
911 1703 968 1752 in
984 1708 1189 1764 angusto
1212 1705 1389 1765 regnat
1409 1701 1633 1765 habendo
1654 1701 1832 1752 Deum.

1200 1761 1431 1835 (Lngtur
1463 1764 1499 1818 ι.
1535 1778 1646 1828 vni,
1670 1779 1718 1817 ε.
1751 1765 1804 1830 t5,
1834 1780 1882 1817 υ.
1905 1761 2057 1834 396.)

2161 579 2356 636 breves
2375 583 2613 676 scripsit,
2639 603 2770 656 quos
2797 590 2918 646 vidi.
2950 592 3150 649 Claruit
3172 597 3270 652 sub
3291 598 3501 658 Justino
3516 603 3732 676 juniorc

2162 675 2322 742 Aug.,
2353 689 2441 728 an.
2471 675 2681 732 Domini
2709 678 2832 734 570.

2264 762 2446 819 Petrus
2472 765 2718 834 Crinitus,
2749 771 2880 824 libro
2902 774 3082 842 quinto
3112 778 3175 831 de
3200 777 3369 835 Poetis
3392 782 3617 840 Latinis.

2234 855 2528 914 Venantius
2562 859 2824 917 llonorius
2858 863 3181 924 Fortunatus
3232 870 3372 926 inter
3400 874 3733 935 Christianos

2163 958 2350 1018 poetas
2379 950 2576 1006 relatus
2603 959 2686 1006 est
2712 967 2729 1018 ;
2786 965 2840 1008 et
2871 969 2992 1009 cum
3021 957 3234 1027 ingenio
3263 1003 3278 1026 ,
3306 972 3463 1033 atque
3496 969 3734 1024 moribus

2163 1045 2318 1108 longe
2346 1049 2642 1110 praestaret,
2678 1043 3198 1103 Ravennmeruditus
3229 1053 3480 1120 traditur,
3511 1072 3732 1126 magna-

2161 1144 2266 1198 que
2316 1131 2585 1202 diligentia
2642 1135 2697 1189 in
2726 1135 2930 1193 Latinis
2960 1139 3152 1196 litteris
3207 1144 3496 1203 institutus.
3529 1150 3605 1205 De
3634 1152 3736 1207 hoc

2162 1222 2452 1278 Fortunato
2517 1225 2820 1282 referuntur
2866 1232 3123 1299 permulta
3176 1237 3314 1303 apud
3341 1253 3436 1292 eos
3488 1253 3735 1300 auctores

2160 1313 2251 1404 qui
2280 1314 2348 1368 de
2366 1314 2532 1384 gestis
2554 1313 2827 1372 Gallorum
2851 1321 3069 1376 annales
3090 1337 3528 1393 composuerunt.
3551 1331 3735 1404 Neque

2160 1401 2354 1459 desunt
2380 1403 2471 1474 qui
2497 1406 2738 1463 scribant
2763 1408 2909 1464 illum
2939 1410 3032 1466 diu
3055 1425 3321 1471 versatum
3370 1420 3422 1473 ln
3453 1401 3734 1488 Gallia,—ct

2161 1496 2232 1551 ob
2285 1499 2554 1568 egregiam
2617 1501 2970 1559 eruditionem
3036 1506 3401 1580 optimumque
3457 1513 3730 1586 ingenium

2161 1590 2464 1662 pontificem
2499 1591 2835 1649 Pictavorum
2861 1591 3080 1653 factum.
3107 1598 3268 1654 Plura
3307 1617 3371 1657 ac
3393 1604 3538 1659 varia
3568 1621 3734 1675 opera

2161 1683 2343 1750 edidit,
2373 1684 2567 1753 quibus
2613 1686 2808 1755 ingenii
2839 1687 3170 1755 facilitatem,
3210 1693 3533 1765 minimeque
3564 1697 3734 1762 impa-

2166 1791 2279 1832 rem
2339 1777 2658 1846 doctrinam,
2687 1778 3042 1836 demonstrat.
3091 1782 3364 1854 Leguntur
3391 1786 3564 1844 adhuc
3618 1790 3734 1860 ejus

480 1874 663 1930 Petrus
682 1875 746 1929 de
769 1875 1065 1941 Natalibus,
1093 1876 1147 1929 in
1169 1863 1326 1930 catal.
1355 1875 1561 1940 Sanct.,
1587 1875 1676 1929 lib.
1713 1891 1788 1941 ix,
1818 1893 1933 1945 cap.
1964 1876 2054 1931 65.
2087 1841 2134 1901 Β
2166 1879 2409 1938 Poemala
2442 1876 2498 1925 el
2539 1841 2724 1942 ltyutni
2749 1873 3074 1944 complures,
3100 1841 3198 1943 qui
3242 1841 3564 1949 magnopere

542 1967 888 2030 Fortunatus,
948 1966 1234 2035 episcopus
1287 1965 1658 2033 Pictaviensis,
1707 1967 1898 2021 claruit
1927 1975 2059 2022 tem-

475 2070 606 2125 pore
635 2057 830 2113 Justini
862 2057 1204 2125 imperatoris
1225 2056 1472 2126 junioris.
1510 2057 1609 2124 Qui
1637 2059 1852 2114 natione
1875 2059 2056 2126 Italus,

474 2147 652 2215 primo
691 2155 870 2216 poeta,
921 2146 1118 2203 deinde
1146 2148 1199 2201 in
1230 2149 1464 2216 prmlatte
1494 2149 1644 2203 urbis
1691 2151 2056 2219 episcopatum

471 2238 811 2303 sublimatus,
839 2238 920 2294 vir
946 2238 1218 2310 egregius,
1245 2240 1454 2309 ingenio
1476 2240 1675 2310 clarus,
1701 2254 1861 2297 sensu
1891 2241 2054 2307 celer,

467 2345 562 2384 ore
581 2329 786 2385 suavis.

709 2419 938 2487 Plotina,
972 2422 1024 2475 in
1067 2421 1177 2475 Vita
1202 2416 1421 2476 Joannis
1449 2423 1612 2477 Tertii
1640 2439 1810 2494 papa.

541 2528 889 2594 Fortunatus,
908 2530 988 2584 vir
1003 2530 1292 2600 singularis
1312 2531 1627 2587 litteratum
1641 2541 1696 2588 et
1711 2534 2052 2603 eloquentia,

468 2620 650 2674 Gallos
679 2621 746 2676 ad
779 2621 1048 2677 mitiorem
1069 2624 1270 2678 cultum
1292 2624 1503 2694 redegit
1534 2625 1753 2696 scriptis
1782 2636 1837 2682 et
1865 2641 2052 2682 exeni-

468 2719 576 2786 plo.
602 2718 682 2772 Ad
725 2718 1050 2789 Sigibertum
1075 2721 1218 2774 enim
1259 2735 1444 2775 eorum
1491 2735 1672 2790 regem
1720 2720 1956 2777 libellum
1986 2720 2054 2777 de

466 2813 813 2882 gubernando
838 2828 1006 2885 regno
1027 2815 1360 2886 perscripsit,
1394 2831 1457 2872 ac
1482 2815 1622 2872 beati
1649 2816 1862 2873 Martini
1890 2817 2050 2873 vitam

466 2905 739 2975 eleganter
765 2906 1085 2974 composuit.

503 2995 729 3052 Joannes
761 2997 1092 3064 Tritlwmius,
1117 2999 1205 3054 lib.
1237 3000 1299 3054 de
1326 3000 1587 3070 Scriptor.
1617 2999 2011 3056 Ecclesiasticis.

539 3085 863 3141 Fortunatus
892 3087 1177 3157 episcopus
1203 3087 1554 3145 Pictaviensis
1575 3132 1590 3156 ,
1616 3091 1834 3146 natione
1862 3090 2044 3159 Italus,

467 3176 547 3230 vir
576 3176 629 3230 in
675 3176 870 3230 divinis
914 3177 1212 3246 Scuipturis
1258 3178 1481 3244 doctus,
1509 3189 1565 3235 et
1604 3179 1657 3233 in
1701 3181 2046 3236 saecularibus
2073 3191 2124 3257 ο

469 3266 663 3322 litteris
706 3266 1122 3332 eruditissimus,
1177 3266 1393 3338 ingenio
1435 3269 1669 3336 subtilis,
1718 3271 1932 3342 eloquio
1958 3272 2043 3327 di-

466 3366 640 3412 sertus
670 3368 719 3412 et
755 3357 985 3426 nitidus,
1013 3357 1250 3415 carmine
1287 3367 1342 3415 et
1371 3375 1526 3429 prosa
1575 3364 1872 3427 excellens,
1904 3364 2046 3420 inter

463 3457 684 3502 cunctos
724 3461 834 3501 sua:
881 3447 1054 3502 aetatis
1101 3446 1351 3504 doctores
1383 3464 1488 3504 non
1537 3451 1716 3505 minus
1762 3453 2046 3510 sanctitate

464 3537 889 3594 conversationis
959 3553 1120 3610 quam
1201 3541 1422 3595 scientia
1488 3541 1808 3598 eruditionis
1867 3543 2046 3599 clarus

462 3631 682 3687 ell'nlsit.
715 3629 812 3686 llic
841 3630 1036 3687 virtute
1059 3633 1231 3687 sancti
1261 3633 1472 3688 Martini
1497 3650 1524 3688 a
1551 3634 1738 3692 dolore
1766 3635 2042 3691 oculorum

467 3721 722 3776 liberatus
766 3735 863 3791 pro
909 3721 1114 3792 agenda
1154 3721 1443 3793 gratiarum
1488 3725 1717 3791 actione,
1770 3726 2043 3781 Turonem

461 3813 526 3869 ad
571 3814 687 3884 ejus
727 3815 1031 3886 sepulcrum
1085 3815 1232 3870 venit
1256 3857 1272 3880 ,
1305 3825 1382 3882 et,
1412 3816 1661 3873 Pictavos
1704 3832 2040 3889 progressus,

464 3906 635 3974 primo
657 3908 964 3981 presbyter,
989 3909 1186 3965 deinde
1208 3908 1491 3980 episcopus
1513 3910 1710 3966 ibidem
1733 3912 2036 3979 ordinatus,

467 4015 654 4072 magna
680 4001 926 4058 doctrina
946 4012 999 4058 ct
1031 4001 1289 4072 religione
1317 4003 1530 4058 claruit.
1557 4003 1785 4073 Scripsit
1812 4004 2041 4074 eleganti

463 4094 704 4150 rarmine
751 4095 925 4149 multa
950 4095 1101 4149 utilia
1131 4105 1184 4150 et
1215 4094 1414 4152 devota
1453 4095 1728 4165 opuscula,
1757 4094 1824 4152 de
1851 4094 2044 4165 quibus

466 4201 562 4258 ego
590 4194 798 4243 tantum
822 4187 929 4243 vidi
963 4187 1226 4256 subjecta.

529 4280 610 4334 Ad
662 4288 903 4335 sanctam
961 4265 1586 4352 Radegundemfregis
1643 4278 2038 4350 Tliuringorum

458 4370 632 4425 ultimi
674 4369 861 4432 ﬁliam,
890 4378 948 4424 et
973 4370 1115 4441 regis
1145 4370 1472 4425 Francorum
1513 4370 1802 4439 captivam,
1846 4379 2037 4438 postea

460 4461 816 4517 Pictaviensis
857 4462 1090 4515 cmuobii
1120 4459 1469 4529 abbatissam,
1510 4476 1664 4514 versu
1691 4462 2034 4515 hexametro:

2159 1960 2397 2016 mendati
2451 1970 2579 2016 sunt
2603 1977 2634 2016 a
2665 1963 2865 2019 nostris
2897 1965 3283 2035 grammaticis.
3315 1968 3419 2023 Sed
3465 1980 3520 2025 et
3569 1971 3734 2027 libros

2157 2063 2388 2126 quatuor
2419 2053 2548 2110 fecit
2569 2057 2637 2112 de
2662 2058 2826 2126 gestis
2853 2056 2967 2112 divi
2990 2057 3201 2114 Martini
3231 2062 3470 2116 versibus
3484 2061 3735 2118 hexame-

2160 2146 2279 2210 tris,
2308 2144 2563 2216 praefatus
2592 2147 2679 2202 tali
2709 2161 2872 2221 opere
2921 2162 2980 2202 se
3015 2148 3211 2204 imitari
3239 2149 3570 2206 Christianos
3595 2167 3733 2222 poe-

2159 2246 2258 2304 tas,
2279 2247 2338 2292 ut
2355 2236 2682 2302 Alcbimum,
2707 2237 3072 2305 Prudentium,
3091 2238 3409 2307 Iuvencum,
3429 2241 3732 2308 Paulinum,

2157 2337 2212 2384 et
2239 2329 2372 2384 alios
2404 2330 2602 2398 plures.
2649 2329 2796 2385 ldem
2850 2329 3176 2387 Fortunatus
3208 2334 3444 2388 maximo
3497 2334 3726 2402 allecto,

2157 2420 2520 2490 singularique
2556 2419 2927 2476 benevolentia
2961 2433 3271 2492 prosecutus
3307 2434 3392 2480 est
3412 2425 3732 2496 Gregorium

2157 2511 2488 2582 pontiﬁcem,
2541 2513 2928 2584 Euphronium,
2986 2527 3145 2587 atque
3190 2517 3463 2585 Felicem,
3497 2529 3556 2574 ut
3601 2521 3733 2575 alios

2154 2603 2484 2660 omittamus.
2527 2605 2583 2660 ln
2612 2606 2930 2675 pervetustis
2962 2609 3358 2678 exemplaribus
3386 2609 3623 2665 additum
3651 2623 3732 2665 est

2155 2709 2350 2751 nomen
2369 2694 2752 2766 Clementiani,
2779 2697 2920 2767 quod
2951 2697 3018 2752 ab
3043 2697 3129 2753 his
3159 2698 3375 2768 probari
3403 2699 3614 2769 poterit,
3641 2701 3737 2769 qui

2153 2790 2314 2862 paulo
2349 2793 2653 2848 accuratius
2681 2793 3050 2864 antiquitatem
3082 2795 3401 2864 perscrutari
3444 2797 3732 2852 voluerint.

2154 2903 2506 2976 Hieronymus
2527 2904 2769 2976 Boloyni,
2795 2906 2848 2960 in
2886 2906 3058 2961 electis
3105 2907 3342 2978 elegiacis
3398 2908 3611 2964 exlibro
3653 2924 3730 2963 sit

2571 2979 2973 3049 promiscuorum
2992 3019 3006 3043 ,
3031 2995 3174 3034 num.
3195 2979 3287 3033 ‘23.

2223 3065 2538 3136 Fortunate,
2569 3067 2665 3123 tibi
2690 3069 2846 3124 vallis
2879 3069 3170 3138 Duplabilis
3201 3079 3378 3125 ortum

2298 3159 2352 3214 In
2383 3159 2659 3214 'l‘arvisiua
2683 3169 2766 3216 est
2793 3174 2912 3230 quae
2940 3161 3182 3231 regione,
3207 3162 3374 3216 dedit.

2223 3250 2475 3308 Naseenti
2507 3252 2670 3308 Musa:
2699 3255 2956 3321 riserunt,
2987 3254 3104 3309 risit
3124 3255 3351 3324 Apollo;

2290 3343 2508 3414 Ingenio
2535 3343 2794 3400 addentes
2822 3359 3042 3400 munera
3073 3344 3231 3415 digna
3256 3355 3363 3400 tuo.

2217 3433 2326 3490 Nec
2351 3450 2520 3500 mora,
2555 3435 2866 3492 Pindaricos
2886 3436 3096 3507 superis
3120 3437 3436 3494 coelestibus
3465 3439 3696 3510 hymnos

2289 3528 2584 3599 Scripsisti,
2617 3539 2670 3585 et
2699 3529 2868 3584 variis
2889 3529 3111 3599 mystica
3140 3546 3291 3585 sacra
3315 3529 3506 3587 modis.

2215 3619 2423 3688 Scripta
2445 3633 2658 3690 quoque
2685 3626 2770 3674 est
2798 3633 2956 3675 versu
2984 3619 3193 3674 Martini
3224 3620 3340 3675 Vita
3370 3621 3509 3676 beati

2283 3712 2416 3768 Cum
2442 3711 2536 3768 tibi
2565 3713 2811 3767 Turonos
2838 3713 3010 3768 visere
3035 3727 3160 3767 cura
3191 3711 3315 3778 fuit;

2217 3803 2416 3862 Pictavi
2446 3802 2681 3859 didicere
2707 3803 2848 3873 pios,
2879 3813 2931 3859 te
2966 3803 3208 3870 praesule,
3233 3817 3430 3869 mores,

2285 3895 2400 3965 Qua
2429 3894 2643 3950 tandem
2676 3895 2882 3964 positus
2907 3895 3006 3951 rite
3037 3893 3268 3964 quiescis
3297 3894 3482 3948 humo.

2215 3988 2350 4045 Sese
2379 3989 2600 4057 Aponus
2621 3987 2776 4042 stella
2803 3994 2895 4040 aut
2924 3985 3117 4042 Flacco
3140 4000 3207 4041 ne
3229 3985 3394 4056 jactet
3418 3986 3650 4042 alumnis

2288 4081 2425 4136 Urbs
2446 4080 2582 4135 adeo
2611 4079 2750 4134 lastu
2775 4093 2881 4149 quo
2909 4078 3160 4134 Patavina
3189 4086 3381 4134 tumet.

2213 4173 2292 4230 'l'u
2323 4187 2496 4244 neque
2521 4171 2822 4243 praedones,
2848 4172 3034 4226 audaci
3060 4173 3232 4228 classe
3261 4171 3519 4240 furentes,

2283 4264 2393 4322 Nec
2419 4265 2641 4319 Veneris
2665 4261 2807 4319 [teda
2833 4265 3024 4335 probra
3054 4263 3297 4332 pudenda
3318 4266 3488 4320 canis.

2213 4359 2316 4415 Per
2344 4368 2416 4426 te,
2448 4357 2542 4414 sed
2569 4367 2769 4426 quanto
2799 4365 3054 4427 praestant
3083 4355 3262 4412 divina
3287 4355 3561 4425 profanis!

2279 4449 2528 4507 Tarvisio
2556 4449 2726 4518 major
2757 4448 2924 4519 gloria
2957 4457 3104 4518 parta
3139 4456 3230 4503 tuo
3253 4457 3357 4503 est.

462 4551 740 4608 Excidium
771 4549 940 4620 Regni
965 4549 1387 4632 Thuringorum,
1417 4552 1452 4604 I.
1475 4566 1520 4605 ις
1547 4550 1782 4606 Conditio
1803 4551 1920 4604 belli
1941 4551 2031 4605 tri-
2064 4557 2118 4618 ι)
2147 4564 2444 4632 mundi“,
2478 4561 2629 4617 orbi;
2670 4562 2804 4617 εαετξ
2840 4571 2888 4616 ει
2929 4561 3136 4632 profani
3177 4560 3428 4615 illustrari
3471 4569 3608 4629 part,
3657 4578 3713 4618 η,

456 4644 569 4697 stis.
617 4642 696 4697 Ad
742 4641 990 4697 Jovinuni
1020 4630 1086 4696 de
1115 4640 1456 4709 Radegunde,
1481 4642 1517 4695 l.
1545 4657 1592 4694 ιε
1641 4642 1831 4696 Aonias
1859 4643 2032 4708 avido,

455 4734 543 4802 qui
571 4732 728 4810 tinnit.
756 4731 836 4786 Ad
865 4732 1130 4786 Justinum
1149 4731 1440 4800 iuniorem,
1472 4731 1510 4785 l.
1543 4747 1593 4784 ιε
1627 4730 1809 4785 Gloria
1834 4748 2034 4786 summa

462 4825 656 4892 Putris,
704 4823 953 4894 Natique.
987 4823 1067 4877 Ad
1094 4821 1345 4892 SOpbiam
1398 4826 1708 4892 Augustam,
1740 4823 1831 4879 lib.
1862 4839 1910 4880 ιι
1939 4823 2035 4879 Cui

457 4919 648 4971 meritis
675 4932 901 4987 compar.
961 4915 1019 4970 ln
1061 4930 1286 4984 persona
1336 4915 1700 4986 Radegundis,
1734 4917 1769 4970 l.
1804 4932 1857 4971 t:
1909 4914 2034 4970 Post

457 5014 638 5078 patria:
657 5015 873 5067 eineres.
901 5010 955 5066 In
979 5011 1192 5066 laudem
1223 5010 1432 5066 Martini
1489 5013 1748 5083 episcOpi,
1783 5013 1816 5067 l.
1853 5029 1898 5068 ιε
1933 5012 2034 5066 Lu-

457 5123 569 5160 men
588 5106 948 5176 apostolicum.
971 5103 1046 5159 De
1064 5101 1286 5158 Leontio
1309 5103 1603 5158 venerabili.
1619 5105 1895 5172 episcopo,
1920 5103 1954 5156 Ι.
1983 5118 2031 5156 i:

459 5199 600 5253 inter
637 5214 762 5268 quos
807 5197 1001 5269 genuit.
1052 5195 1125 5250 De
1153 5195 1340 5251 eodem
1383 5195 1576 5260 laudis,
1607 5193 1643 5248 ι.
1674 5210 1718 5248 t:
1777 5195 2034 5265 Agnoscat

459 5305 605 5341 omne
629 5289 891 5342 saeculum.
927 5286 1257 5358 Hymnorum
1290 5285 1627 5356 septuaginta
1651 5292 1882 5354 septem,
1908 5284 1947 5338 l.
1982 5299 2031 5337 ιε

459 5385 715 5452 Agnoscat
745 5397 892 5436 omne
917 5379 1184 5435 siccatum.
1215 5381 1288 5433 De
1311 5377 1583 5433 miraculis
1603 5377 1775 5432 sancti
1797 5376 2030 5442 Martini,

457 5475 494 5527 Ι.
527 5489 598 5527 tv.
630 5473 748 5528 Vita
785 5473 953 5527 sancti
985 5472 1179 5526 llilarii
1202 5469 1569 5532 Pictavieusis,
1600 5468 1636 5522 Ι.
1671 5484 1707 5523 ι.
1751 5467 2036 5536 Ηοόοερορ

462 5567 631 5618 ricum
658 5566 764 5619 via:
781 5579 912 5627 sum,
940 5564 975 5616 I.
1004 5578 1040 5616 ι.
1069 5563 1182 5616 Vita
1207 5563 1375 5616 sancti
1397 5560 1625 5616 Maurilii
1650 5559 1908 5628 episc0pi,
1934 5558 1970 5612 l.
1995 5574 2032 5612 ι.

465 5657 635 5724 Epist.
666 5654 733 5708 ad
781 5653 1046 5722 diversos,
1081 5654 1116 5708 Ι.
1144 5670 1184 5708 ι.
1236 5652 1545 5708 Carminum
1570 5651 1636 5706 ad
1688 5652 1890 5706 amicos
1915 5649 1952 5703 Ι.
1983 5666 2032 5704 t:

462 5747 569 5800 [lex
616 5745 839 5816 regionis
892 5761 1052 5814 apex,
1082 5755 1187 5800 etc.
1210 5745 1334 5799 Alia
1353 5758 1564 5814 quoque
1594 5726 1757 5798 multa
1812 5756 2032 5810 compo-

456 5837 596 5904 suit,
629 5852 747 5908 qum
788 5852 906 5893 cum
957 5835 1135 5892 brevia
1189 5836 1330 5904 sint,
1376 5837 1476 5892 sub
1523 5835 1774 5892 librorum
1822 5834 2035 5890 nomine

2816 4636 2918 4688 vol.
2953 4631 3006 4686 Ι.

2210 4728 2366 4783 Viros
2420 4725 2892 4797 praestantissimos
2940 4721 3257 4796 (Tarvisius)
3310 4722 3512 4792 genuit,
3545 4731 3707 4788 atque

2137 4822 2189 4875 in
2221 4821 2283 4874 iis
2311 4819 2546 4874 maxime
2573 4818 3031 4872 excelluerunt....
3092 4813 3383 4868 Venautius
3437 4811 3703 4865 Fortuna-

2138 4921 2240 4974 ius,
2270 4912 2555 4980 episcopus
2595 4909 2966 4973 Pictaviensis,
3005 4907 3322 4960 Christianae
3349 4918 3572 4972 poeseos
3616 4919 3712 4957 no-

2133 4999 2242 5054 bile
2271 5001 2456 5065 decus,
2484 4997 2574 5069 qui
2601 5012 2660 5053 se
2689 4996 2937 5051 Tarvisio
2960 4993 3244 5049 oriundum
3271 4992 3418 5045 hisce
3458 4989 3716 5045 carmini-

2135 5091 2236 5146 bus
2267 5089 2466 5146 indicat
2496 5109 2508 5142 :

2261 5182 2363 5242 Qua
2387 5194 2496 5231 mea
2519 5179 2741 5232 Zarvisus
2762 5179 2964 5239 residet,
2988 5179 3027 5227 si
3051 5176 3262 5226 molliter
3289 5178 3463 5235 intras,
3487 5181 3583 5222 etc.

2135 5267 2364 5325 Joannes
2392 5265 2647 5318 Antonius
2679 5262 2853 5327 Oliva,
2899 5261 3199 5314 Tarvisinas
3228 5259 3475 5312 Bononiae
3501 5257 3715 5309 artistao

2205 5352 2320 5390 rum
2346 5345 2513 5389 rector
2537 5377 2553 5400 ,
2595 5337 2647 5388 in
2683 5336 2912 5387 oratione
2939 5333 3004 5385 de
3026 5331 3263 5385 laudibus
3294 5331 3473 5396 patria!
3499 5327 3715 5400 recitata

2207 5425 2293 5460 an.
2318 5406 2476 5468 l537,
2499 5398 2563 5459 ea:
2594 5405 2697 5457 Ms.
2716 5420 2816 5473 quo
2828 5419 2945 5456 usus
2973 5411 3048 5456 est
3067 5400 3455 5473 doctigimuset
3475 5398 3721 5473 eruditis-

2207 5479 2365 5532 simus
2391 5466 2472 5530 u'r'
2491 5466 2809 5528 Rambaldus
2837 5473 2900 5525 de
2923 5472 3182 5535 Aazoniis,
3207 5468 3491 5522 Tarvisina:
3523 5466 3719 5520 Eccle-

2205 5550 2296 5603 sia:
2321 5549 2619 5613 canonicos,
2649 5563 2681 5600 a
2708 5561 2806 5615 quo
2835 5544 2932 5598 hoc
2982 5541 3325 5597 testimonium
3353 5539 3664 5607 accepimus.

2209 5641 2362 5697 llaud
2393 5652 2474 5697 est
2499 5640 2719 5694 silentio
2745 5635 3096 5693 involvendus
3123 5633 3447 5689 Fortunatus
3478 5631 3715 5686 Tarvisi-

2141 5753 2260 5803 nus,
2295 5735 2459 5803 ipsius
2488 5731 2678 5786 Felicis
2708 5730 2886 5784 socius
2911 5768 2924 5792 ,
2952 5743 3106 5798 quem
3133 5725 3328 5780 merito
3359 5724 3720 5779 Fortunatum

2138 5842 2441 5888 censemus.
2467 5825 2792 5896 Pythagoras
2815 5823 2984 5888 enim,
3015 5819 3103 5876 ille
3136 5818 3337 5890 primus
3361 5813 3724 5888 philosophias
