3990 6188
341 362 408 419 57
1253 355 1658 413 TES'i’lMONlA
1688 351 1774 407 DE
1811 343 2158 405 VENANTIO
2185 352 2619 413 FORTUNATO.
3543 348 3616 401 58

340 482 705 542 nuncupatur,
736 472 874 526 inter
902 471 1126 540 plurima
1159 486 1276 541 qum
1306 472 1540 525 humano
1570 467 1753 539 generi
1790 465 1935 521 salu-
1961 461 2015 520 Α
2040 469 2159 524 dam
2189 471 2495 540 magistrum
2531 513 2547 537 ,
2577 482 2631 527 et
2659 472 2998 543 coryphaeum
3026 469 3346 524 musicnrum
3372 467 3611 521 modum.

342 568 582 619 bcrrima
642 565 961 618 documenta
1014 564 1285 630 prtecepit,
1364 560 1659 630 prmsertim
1721 565 1925 623 monet,

344 659 519 710 Deum
550 654 813 723 religione
863 652 1146 707 colendum
1177 666 1320 717 esse,
1367 652 1604 705 animum
1634 648 1933 718 disciplinis

340 747 700 805 excolendum
723 785 739 811 ,
766 730 887 815 qum
906 745 1018 800 duo
1051 744 1233 798 sociali
1261 743 1401 796 nodo
1431 757 1710 809 connexte,
1745 740 1933 811 procul

342 842 515 895 dubio
546 840 675 893 fient
702 835 1054 893 beatitudinis
1082 834 1379 890 effectrices
1406 876 1421 899 ,
1471 834 1668 903 quippe
1719 831 1931 900 religio,

346 936 601 990 vitiorum
619 931 911 1002 expultrix,
933 930 1046 984 Deo
1069 944 1166 983 nos
1190 927 1466 993 conciliat,
1490 935 1546 982 et
1573 924 1785 981 vinculo
1813 923 1937 993 pul-

347 1026 622 1082 cher-rimo
647 1025 938 1079 connectit.
962 1021 1213 1075 Doctrina
1225 1035 1375 1087 vero,
1391 1017 1933 1089 virtutisindagatrix,

347 1121 463 1175 imo
517 1120 629 1189 ipsa
682 1121 851 1174 virtus
903 1122 1111 1175 animos
1167 1130 1377 1176 nostros
1434 1128 1678 1183 exornat,
1712 1126 1767 1172 et
1818 1117 1936 1179 alit,

350 1218 625 1274 reuustat,
660 1209 828 1275 fovet,
863 1225 927 1265 ac
955 1211 1287 1267 moderatur.
1325 1209 1420 1264 Hic
1440 1208 1713 1281 utriusque
1752 1206 1934 1261 admi-

348 1301 539 1356 rabilis
570 1301 746 1355 cultor
782 1302 853 1356 ita
883 1302 1128 1372 religioni
1153 1301 1365 1358 deditus
1404 1299 1522 1362 fuit,
1554 1298 1699 1369 quod
1732 1312 1798 1352 eo
1822 1296 1935 1365 epi-

349 1408 521 1463 scopo
550 1393 889 1448 Pictarorum
919 1408 1049 1463 gens
1069 1393 1121 1447 in
1146 1392 1466 1460 Gallia,jure
1492 1390 1717 1459 optimo,
1742 1387 1937 1458 gloria-

348 1492 484 1550 tur;
514 1484 585 1539 ita
612 1485 774 1538 etiam
805 1483 1042 1538 doctrina
1087 1482 1373 1539 decoratur
1397 1522 1415 1549 ,
1445 1480 1587 1549 quod
1620 1480 1760 1535 inter
1817 1478 1932 1534 elo-

353 1577 742 1646 quentissimos
765 1585 1006 1631 oratores
1032 1574 1492 1645 suavissimosque
1512 1580 1696 1643 poetas
1718 1585 1824 1626 non
1845 1583 1939 1639 po-

355 1677 596 1726 stremus
624 1670 908 1723 habeatur.

728 1782 889 1839 Card.
917 1781 1197 1851 Baronius,
1220 1782 1289 1834 ad
1310 1797 1399 1835 an.
1423 1778 1549 1833 825.

426 1874 536 1931 Sed
575 1890 738 1947 quam
768 1876 909 1930 male
932 1874 1231 1945 gloriantur
1256 1873 1324 1929 de
1352 1872 1613 1944 majorum
1644 1880 1941 1928 consuetu-

354 1965 481 2020 dine
509 1963 623 2037 (qui
651 1966 823 2020 sacris
870 1964 1191 2037 imaginibus
1218 1962 1617 2032 adversantur),
1654 1972 1736 2017 sat
1765 1962 1867 2016 erit
1896 1962 1943 2016 si

357 2056 733 2111 testificatione
772 2053 1096 2109 sanctissimi
1128 2055 1229 2110 viri
1258 2054 1468 2109 Martini
1495 2093 1511 2117 ,
1543 2062 1599 2109 et
1645 2054 1945 2108 assertione

359 2148 607 2203 Venantii
633 2146 932 2213 Fortunati,
964 2146 1060 2202 viri
1083 2146 1298 2217 quidem
1330 2145 1523 2212 sancti,
1550 2145 1799 2214 doctique
1824 2144 1946 2201 Pic—

359 2243 616 2297 taviensis
635 2240 901 2310 episcopi,
932 2240 1021 2310 qui
1051 2240 1212 2294 ambo
1241 2238 1566 2293 Gallicanam
1619 2235 1943 2299 Ecclesiam,

359 2334 721 2399 illustrarunt,
748 2331 1025 2399 perspicue
1050 2330 1485 2385 demonstremus
1512 2337 1782 2393 receptum
1813 2326 1948 2380 auli-

360 2424 545 2491 quitus
573 2421 788 2492 Deoque
814 2432 1022 2492 gratum
1051 2435 1170 2477 esse
1191 2421 1388 2476 cultum
1422 2429 1727 2474 sanctarum
1757 2417 1950 2488 imagi-

364 2534 513 2581 num,
537 2526 646 2571 etc.

364 2630 569 2700 Gaspar
588 2626 856 2690 Barthius,
883 2626 936 2680 in
962 2625 1264 2680 adversariis
1291 2623 1574 2680 Comment.
1594 2662 1611 2689 ,
1632 2624 1669 2676 Ι.
1693 2637 1746 2689 v,
1778 2638 1824 2674 c.
1859 2619 1944 2674 η.

434 2720 487 2776 ls
512 2729 694 2790 poeta,
729 2718 1042 2773 Venantium
1074 2718 1193 2772 dico
1225 2758 1241 2785 ,
1287 2716 1514 2769 mirilico
1561 2723 1614 2768 et
1653 2711 1952 2766 admirabili

368 2814 587 2883 ingenio
617 2812 744 2875 fuit,
774 2811 1101 2879 temporibus
1130 2820 1184 2864 et
1212 2808 1462 2879 gentibus
1491 2805 1816 2876 eloquentia:
1848 2803 1953 2859 ini-

365 2906 646 2974 quissimis
670 2904 866 2967 editus,
897 2912 953 2957 ut
976 2902 1088 2957 fere
1115 2901 1193 2969 tit,
1219 2900 1582 2971 magnitudine
1606 2896 1805 2969 ingenii
1836 2911 1951 2951 ser-

368 3012 584 3052 monem
611 2995 770 3051 etiam
799 2994 950 3065 pejus
978 2993 1218 3057 corrupit
1246 3007 1403 3060 quam
1428 3008 1565 3047 unus
1588 3001 1642 3047 et
1670 2992 1806 3045 alter
1835 3002 1945 3043 non

367 3089 483 3157 pari
514 3087 769 3142 felicitate
798 3094 1002 3140 natura:
1030 3084 1181 3139 editi.
1216 3084 1373 3137 Multa
1429 3093 1604 3138 tamen
1640 3084 1797 3137 habet
1858 3098 1957 3136 va-

2037 564 2260 629 minum,
2281 565 2513 630 respexit
2536 565 2712 617 omnis
2733 564 3068 628 sequentium
3089 570 3363 631 poetarum
3387 559 3611 613 chorus.

2037 654 2193 708 Card.
2216 652 2583 719 Beltarminus,
2614 655 2664 707 in
2692 654 2778 707 lib.
2803 654 2865 705 de
2896 653 3089 723 Script.
3108 650 3256 712 δίει..
3276 650 3346 704 ad
3372 666 3458 701 an.
3483 648 3608 703 570.

2110 745 2395 800 Venantius
2409 745 2728 799 Fortunatus
2757 745 3035 813 episconus
3065 740 3407 797 Pictaviensis
3437 738 3617 793 ﬂoruit

2039 837 2279 891 doetrina
2308 845 2362 890 et
2392 837 2671 891 sanctitate
2696 844 2933 903 tempore
2963 832 3157 887 Justini
3186 830 3441 900 iunioris,
3475 839 3580 882 etc.

2039 948 2291 1004 Antonius
2314 946 2546 1013 Godeau,
2582 945 2715 1000 Hist.
2754 944 2899 999 Eccl.
2925 955 2966 1000 t.
2994 942 3102 1007 ιγ,
3127 942 3219 997 lib.
3249 959 3309 1009 tt,
3339 952 3608 1013 postquam

2110 1017 2389 1072 Fortunali
2434 1010 2654 1087 patriam
2693 1018 2892 1081 retulit,
2935 1026 2983 1070 et
3026 1018 3139 1085 ejus
3182 1015 3279 1067 iter
3307 1014 3362 1067 in
3389 1010 3610 1074 Gallias,

2113 1092 2221 1145 tunc
2248 1089 2418 1143 subdit
2446 1104 2466 1142 :

2117 1201 2185 1256 Sa
2220 1198 2512 1280 principale
2564 1196 2863 1265 profession
2892 1196 3024 1251 dans
3067 1196 3146 1251 les
3185 1193 3478 1263 pretnieres
3517 1205 3616 1243 an.

2045 1294 2174 1348 nées
2199 1291 2265 1345 de
2285 1306 2343 1345 sa
2375 1291 2459 1345 vie
2489 1288 2566 1343 fut
2592 1289 2640 1344 la
2665 1288 2849 1359 poesie
2882 1288 3065 1353 latine,
3092 1295 3147 1341 et
3169 1286 3214 1340 si
3244 1300 3313 1340 on
3331 1281 3613 1338 considere

2045 1386 2093 1439 la
2117 1382 2363 1437 barbarie
2413 1382 2479 1435 de
2526 1396 2623 1437 son
2676 1390 2871 1449 temps,
2897 1380 2932 1433 il
2962 1386 3047 1433 est
3083 1378 3246 1448 digne
3284 1376 3352 1429 de
3391 1374 3617 1445 quelche

2046 1475 2308 1545 loitange;
2338 1473 2375 1527 il
2424 1479 2509 1527 est
2554 1486 2705 1542 vray,
2735 1486 2839 1540 que
2881 1471 2989 1524 l’on
3033 1483 3224 1524 accuse
3267 1465 3469 1521 d’avoir
3497 1465 3619 1519 Ioue

2046 1565 2435 1634 Fredegonde,
2469 1562 2821 1628 Brunehand,
2874 1577 2905 1616 e
2954 1561 3189 1615 d‘autres
3241 1558 3481 1622 Princes,
3529 1557 3620 1624 qui

2046 1658 2242 1714 etaient
2274 1658 2447 1725 plutot
2474 1656 2661 1726 dignes
2688 1654 2757 1710 de
2787 1668 3018 1711 censure
3038 1694 3051 1717 ,
3083 1666 3188 1721 que
3213 1649 3440 1720 d’él0ge.
3493 1648 3623 1700 Mais

2050 1750 2087 1804 il
2112 1748 2223 1803 faut
2250 1748 2513 1804 l'excuser
2543 1748 2726 1800 vivant
2776 1747 2921 1799 alors
2962 1744 3097 1798 dans
3138 1742 3255 1796 leur
3297 1739 3461 1805 Cour,
3491 1754 3557 1789 nu
3591 1736 3627 1789 it

2046 1858 2115 1897 ne
2144 1840 2444 1906 subsistoit,
2474 1854 2577 1908 que
2609 1852 2705 1908 par
2733 1852 2789 1890 sa
2826 1838 3025 1905 ptume.

2256 1953 2488 2018 Vossius,
2511 1951 2574 2005 de
2606 1948 2744 2004 Hist.
2772 1947 2912 2015 Lat.,
2954 1946 3044 1999 Lb.
3076 1960 3148 2007 ιιι,
3178 1960 3294 2010 cap.
3326 1940 3416 1995 22.

2120 2068 2440 2122 Fortunatus
2487 2072 2665 2133 poeta,
2716 2070 2870 2129 prout
2920 2069 3158 2127 tempora
3190 2055 3275 2109 illa
3317 2061 3488 2115 erant,
3524 2068 3621 2104 no-

2050 2156 2172 2211 bilis
2195 2157 2313 2210 fuit.

2052 2272 2281 2326 Andreas
2309 2270 2371 2321 de
2400 2266 2650 2333 Saussay,
2674 2264 2726 2315 in
2760 2262 2983 2333 Martyr.
3032 2258 3195 2322 Gall.,
3226 2266 3364 2327 part.
3421 2270 3481 2320 tt,
3534 2269 3629 2307 sm

2634 2333 2757 2388 Kal.
2808 2332 3027 2386 Ianuar.

2126 2434 2321 2488 Beatus
2352 2427 2644 2485 Venautius
2673 2424 2996 2480 Fortunatus
3026 2417 3374 2475 Pictaviensis
3416 2415 3625 2485 episco-

2054 2545 2173 2603 pus,
2206 2530 2290 2584 vir
2320 2528 2372 2582 in
2404 2541 2508 2595 quo
2534 2522 2821 2593 ambigitur
2863 2518 3031 2589 magis
3062 2531 3129 2571 ne
3157 2514 3399 2570 doctrina
3430 2520 3485 2565 et
3513 2511 3630 2579 pttl-

2054 2602 2307 2681 chritudo
2333 2618 2533 2690 ingenii
2555 2629 2715 2686 quam
2764 2613 2893 2667 vitae
2948 2610 3203 2665 sanctitas
3248 2602 3629 2675 praecelluerit,

2057 2714 2229 2785 utqui
2254 2711 2611 2769 encomiastes
2649 2716 2959 2760 sanctorum
3009 2717 3108 2757 suo
3139 2714 3254 2754 mro
3303 2696 3631 2767 praecipuus,

2058 2806 2483 2874 eorumdemque
2522 2800 2797 2856 studiosus
2836 2798 3090 2859 imitator,
3134 2808 3196 2848 ac
3225 2789 3632 2860 omnipotentiae

2059 2912 2309 2970 superna:
2358 2893 2658 2966 maiestatis
2706 2906 2884 2962 praeco
2935 2888 3264 2959 perelegans,
3305 2898 3635 2953 operumque

2066 2993 2157 3048 Dei
2208 2992 2260 3046 in
2304 2989 2507 3044 sanctis
2556 2985 2881 3041 mirabilium
2929 2991 3207 3037 enarrator
3252 2975 3633 3048 gravissimus,

2063 3092 2249 3139 exacta
2281 3081 2335 3135 in
2366 3079 2510 3134 onmi
2544 3076 2761 3148 pietatis
2802 3072 2981 3128 studio
3026 3080 3079 3126 et
3108 3077 3227 3124 actu
3276 3075 3454 3131 actate,
3484 3068 3637 3120 senio

369 3182 505 3235 riam
552 3179 837 3236 lectionem
866 3179 1162 3249 arguentia,
1188 3186 1245 3231 et
1287 3193 1390 3231 non
1419 3177 1740 3231 mediocrem
1770 3174 1954 3231 erndi-
1986 3155 2035 3220 (ἶ
2067 3191 2170 3231 non
2200 3184 2307 3229 tam
2328 3186 2488 3243 quam
2508 3169 2708 3224 sanctis
2738 3161 3206 3222 exercitationibus
3236 3161 3451 3224 fractus,
3476 3173 3635 3228 quant

373 3272 597 3355 tionem,
630 3284 796 3341 quare
842 3284 948 3324 non
1006 3269 1162 3337 plane
1193 3268 1348 3323 nobis
1401 3268 1620 3336 insuper
1681 3264 1959 3321 habendus

373 3363 900 3418 videtur.............
938 3360 1015 3415 De
1035 3359 1336 3415 eruditione
1359 3366 1536 3412 autem
1568 3356 1726 3427 hujus
1756 3371 1959 3426 praesu-

374 3456 461 3521 lis,
493 3452 637 3523 quod
655 3451 788 3517 dixi,
817 3450 974 3506 facile
992 3460 1240 3505 auctores
1268 3450 1520 3519 probant,
1548 3463 1680 3519 quos
1709 3446 1959 3502 nomina-

376 3548 467 3601 tim
496 3547 661 3600 citat:
698 3544 981 3607 Homerus,
1013 3541 1326 3608 Menander,
1347 3540 1732 3602 Aratus,Cato,
1762 3538 1955 3610 Pytha-

376 3654 555 3713 goras,
606 3634 958 3705 Chrysippus,
990 3633 1158 3699 Plato,
1191 3631 1463 3696 Cleantes,
1493 3628 1734 3695 Ovidius,
1783 3629 1955 3700 Virgi-

379 3734 503 3801 lius,
531 3728 809 3794 Horatius,
859 3722 1067 3790 Cicero,
1105 3723 1390 3791 Pindarus,
1438 3723 1654 3793 Sappho
1683 3738 1697 3787 ;
1729 3720 1961 3791 denique

378 3820 685 3890 quicunque
713 3815 1038 3871 celebriores
1069 3814 1207 3868 inter
1236 3813 1475 3877 Graecos,
1509 3811 1832 3881 Latinosque
1861 3810 1961 3865 Pa-

384 3923 510 3973 tres,
542 3923 772 3979 quorum
792 3915 898 3961 tam
925 3904 1201 3976 gentilium
1220 3919 1377 3972 quam
1405 3902 1829 3958 Christianorum
1855 3917 1961 3956 non

382 4003 553 4059 solum
609 3998 826 4055 nomina
859 3997 1032 4068 ponit,
1062 3995 1155 4051 sed
1200 3995 1438 4065 phrasim
1466 3993 1662 4062 sacpius
1689 3993 1963 4062 exprimit,

383 4096 791 4163 doctrinamque
814 4090 1053 4146 numeris
1074 4087 1365 4144 concludit.
1389 4086 1541 4140 Adde
1558 4100 1663 4139 non
1689 4086 1962 4154 vulgarem

385 4187 621 4242 historia:
666 4194 720 4239 et
749 4180 1086 4254 geographiae
1114 4194 1181 4235 eo
1216 4188 1455 4247 tempore
1501 4175 1748 4231 notitiam
1783 4193 1797 4241 ;
1830 4175 1963 4229 adde

387 4280 634 4350 physices
664 4291 769 4330 non
791 4273 977 4330 infelix
1004 4273 1266 4338 studium,
1300 4280 1358 4325 ut
1378 4285 1444 4324 ex
1468 4268 1753 4322 herbarum
1778 4310 1794 4333 ,
1818 4281 1964 4336 gem-

384 4387 610 4436 marum,
639 4371 892 4422 arborum
916 4406 932 4433 ,
984 4373 1279 4419 aromatum
1323 4361 1601 4431 speciebus
1638 4367 1869 4425 constat,
1896 4358 1964 4412 de

384 4466 578 4538 quibus
598 4458 887 4518 commode
918 4466 973 4513 et
1000 4457 1208 4512 erudite
1238 4454 1491 4523 loquitur,
1518 4462 1623 4509 etc.

840 4590 987 4645 Idem
1015 4588 1105 4643 lib.
1140 4602 1287 4651 XLVI,
1323 4599 1436 4656 cap.
1480 4583 1535 4639 5.

455 4690 554 4759 Qui
606 4686 925 4742 Venantium
984 4682 1330 4738 Fortunatum
1380 4679 1685 4743 ediderunt,
1742 4676 1968 4730 multum

390 4786 573 4854 gratia:
620 4783 1040 4851 promeruerunt
1066 4775 1132 4828 ab
1160 4773 1408 4827 omnibus
1437 4779 1654 4824 :etatnm
1704 4766 1969 4822 Christia-

392 4890 577 4931 narum
608 4870 925 4927 lectoribus.
956 4868 1163 4921 Inﬁnita
1195 4864 1337 4919 enim
1365 4872 1491 4917 sunt
1518 4861 1581 4914 ad
1602 4861 1867 4915 clarorum
1890 4858 1971 4911 vi-

394 4969 847 5036 rorum,urbinm,
873 4965 1210 5036 populorum,
1231 4976 1435 5015 morum
1460 4968 1515 5013 et
1561 4956 1802 5011 historia:
1831 4953 1975 5007 illus~

396 5070 708 5125 trationem,
733 5060 1010 5114 utilissima
1042 5057 1096 5110 in
1127 5056 1217 5108 illo
1246 5051 1465 5107 maximi
1491 5048 1690 5120 ingenii
1711 5056 1849 5109 vate,
1875 5060 1977 5101 nec

395 5156 680 5213 infeliciter
707 5152 775 5207 ab
809 5150 994 5204 iisdem
1008 5162 1071 5201 ex
1099 5130 1247 5215 parte
1270 5150 1515 5199 enarrata
1535 5150 1693 5208 atque
1708 5137 1972 5207 exposita.

397 5248 601 5303 Tamen
652 5258 758 5297 non
786 5240 903 5295 sine
930 5248 1055 5293 nota
1110 5232 1377 5305 properati
1408 5231 1569 5285 nimis
1598 5228 1778 5297 operis
1806 5271 1821 5295 ,
1856 5241 1977 5296 quas

399 5339 464 5394 ad
487 5338 823 5394 intellectum
854 5333 971 5401 ejus
999 5330 1270 5400 pertinent
1297 5324 1471 5397 quoad
1514 5336 1710 5392 genera
1760 5318 1973 5374 dicendi

397 5443 452 5485 et
481 5430 678 5500 stylum
711 5423 1086 5495 ipsum,etiam
1112 5422 1223 5475 loca
1258 5416 1469 5472 mendis
1494 5416 1766 5484 inquinata
1784 5428 1973 5482 parum

397 5521 568 5577 eidem
598 5517 965 5573 contulerunt.
993 5514 1166 5582 Atque
1217 5508 1335 5564 talis
1366 5508 1455 5576 qui
1488 5507 1539 5559 in
1591 5506 1730 5558 hunc
1758 5512 1972 5572 poetam

401 5623 549 5667 notas
579 5608 939 5664 elaboraverit
970 5647 986 5673 ,
1038 5619 1144 5659 non
1191 5600 1363 5656 solum
1422 5596 1598 5670 ipsum
1628 5636 1645 5661 ,
1676 5595 1768 5650 sed
1819 5608 1978 5649 omne

398 5707 565 5777 ipsius
595 5702 873 5764 saeculum,
896 5716 1017 5754 cum
1037 5695 1307 5752 universis
1323 5689 1671 5762 sequentibus
1692 5687 1973 5759 adiuverit.

401 5804 480 5855 Ad
504 5799 647 5855 hunc
667 5796 807 5852 cnim
832 5783 1433 5855 Fortunatutn,vclutad
1456 5780 1775 5853 Calliopium
1793 5795 1975 5853 quem:

2065 3282 2185 3322 cum
2215 3266 2269 3320 iu
2299 3263 2512 3319 assidua
2558 3260 2699 3316 sacri
2747 3258 2987 3313 muneris
3022 3253 3388 3318 exsecutione,
3425 3260 3533 3304 tum
3585 3250 3638 3302 iu

2060 3354 2382 3411 Christiane
2426 3351 2704 3420 sapientiae
2748 3348 2893 3403 cultu
2948 3355 3003 3402 et
3032 3346 3366 3417 egregiorum
3412 3356 3633 3410 operum

2060 3432 2372 3505 exa‘ratione
2419 3444 2604 3507 subiit,
2650 3440 2755 3494 line
2805 3437 2962 3493 beito
3009 3444 3436 3497 consummatur,
3479 3439 3638 3496 atque

2062 3540 2129 3595 ad
2160 3539 2393 3593 lauream
2436 3535 2713 3591 ctelestem
2767 3526 3138 3601 progreditur,
3182 3526 3250 3579 ab
3298 3521 3487 3577 amicis
3536 3520 3642 3574 illis

2062 3644 2263 3689 atterna
2295 3631 2347 3685 in
2381 3625 2722 3684 tabernacula
2754 3619 3104 3691 excipiendus
3132 3612 3408 3687 quos'sibi
3433 3628 3539 3667 non
3569 3610 3638 3663 de

2064 3725 2361 3795 iniquitatis
2403 3735 2728 3784 mammona,
2764 3715 2860 3772 sed
2891 3730 2960 3770 ex
3006 3713 3131 3767 doni
3182 3708 3419 3766 scientiae
3470 3719 3642 3773 penu,

2064 3818 2359 3891 gratiaeque
2381 3830 2442 3868 ac
2465 3812 2676 3883 pietatis
2694 3808 2881 3863 fenore
2909 3803 3208 3875 iustissimo
3245 3796 3640 3867 comparavit...

2068 3886 2174 3980 quo
2207 3886 2360 3960 titulo
2388 3904 2573 3968 sancti,
2604 3910 2662 3957 et
2690 3901 2734 3954 si
2769 3896 2991 3952 minime
3021 3901 3334 3950 recensetur
3362 3890 3415 3942 in
3452 3886 3646 3956 llagin-

2069 3978 2209 4068 logio
2241 3998 2499 4051 Bonnense
2529 3991 2805 4052 Ecclesiae,
2837 3988 3029 4043 merito
3060 3994 3235 4039 tamen
3281 3981 3477 4035 dudum
3505 3978 3644 4031 inter

2069 4098 2284 4144 sanctos
2310 4095 2757 4147 connumeratum
2784 4077 3121 4133 solertissimi
3149 4082 3453 4129 sanctorum
3496 4071 3642 4122 inda-

2065 4189 2280 4251 gatores
2305 4185 2586 4233 testantur.
2614 4176 2679 4228 Et
2700 4187 2887 4227 revera
2921 4168 3121 4237 pridem
3152 4166 3202 4219 iu
3236 4161 3514 4232 Aquitania
3544 4162 3640 4213 ho-

2068 4269 2290 4326 noribus
2312 4267 2511 4323 sanctis
2541 4265 2631 4335 qui
2662 4262 2833 4319 beatis
2854 4259 3168 4315 deferuntur
3189 4254 3489 4309 celebratus
3513 4260 3613 4303 est.

2560 4380 2809 4443 Cointius,
2831 4376 2900 4430 ad
2924 4390 3010 4429 an.
3035 4370 3155 4425 599.

1998 4514 2053 4574 D
2148 4484 2471 4539 Fortunatus
2495 4487 2553 4533 nt
2583 4474 2904 4537 eruditione,
2946 4471 3015 4522 ita
3045 4468 3240 4536 pietate
3270 4463 3486 4517 emicuit
3505 4499 3521 4523 ,
3568 4458 3650 4510 in-

2076 4585 2404 4644 vocatnrque
2435 4573 2485 4626 in
2516 4567 2713 4625 litaniis
2745 4561 3055 4619 monasterii
3085 4556 3251 4613 sancti
3274 4553 3525 4624 Cypriani
3549 4565 3644 4601 ex-

2075 4685 2154 4730 tra
2183 4685 2363 4727 muros
2390 4664 2771 4723 Pictavienses,
2808 4666 2863 4711 ut
2892 4670 2961 4711 ex
2988 4653 3156 4707 sacris
3190 4647 3441 4703 Ecclesia:
3471 4641 3647 4698 Picta—

2073 4764 2274 4820 viensis
2329 4756 2689 4813 monumentis
2747 4751 2911 4807 refert
2952 4738 3195 4802 Andreas
3252 4737 3532 4797 Suassaius
3585 4736 3649 4787 ad

2075 4859 2274 4913 calcem
2300 4853 2519 4920 Martyr.
2547 4846 2681 4901 Gali.

2080 4991 2353 5059 Dupinius,
2395 5002 2446 5039 tn
2480 4998 2606 5036 nova
2638 4976 2959 5032 Bibliozheca
2991 4980 3259 5027 auctorum
3289 4966 3439 5029 θεὼ,
3491 4973 3530 5016 t.
3582 4961 3649 5016 V.

2149 5127 2461 5182 Fortunata
2492 5119 2649 5191 nasse
2684 5133 2751 5172 en
2791 5130 2888 5171 son
2910 5125 3083 5181 temps
3124 5122 3260 5178 ponr
3283 5120 3351 5158 nn
3392 5100 3654 5156 excellent

2078 5221 2307 5276 Orateur
2335 5225 2389 5272 et
2416 5230 2551 5285 pour
2576 5228 2647 5267 un
2679 5212 2784 5265 bon
2818 5210 2981 5264 Poete
3006 5223 3017 5257 :
3047 5214 3101 5259 et
3129 5217 3193 5256 ce
3230 5199 3366 5253 n‘est
3397 5210 3492 5266 pas
3517 5210 3645 5249 sans

2084 5314 2263 5368 raison
2293 5328 2307 5364 :
2340 5323 2434 5364 car
2468 5322 2572 5361 non
2602 5304 2910 5361 seulement
2940 5297 2974 5351 il
3012 5305 3263 5363 surpasse
3295 5301 3412 5344 lous
3452 5289 3528 5342 les
3556 5300 3655 5340 au-

2078 5414 2190 5461 tres
2218 5402 2408 5458 Poetes
2433 5398 2501 5454 de
2533 5412 2629 5452 son
2660 5393 2826 5449 siecle
2847 5434 2861 5458 ,
2895 5388 3030 5443 mais
3059 5385 3095 5440 il
3125 5380 3396 5453 approche
3417 5380 3485 5434 de
3513 5395 3651 5435 ceux

2077 5499 2203 5554 d'un
2235 5494 2479 5549 meilleur
2508 5505 2615 5545 non
2645 5500 2738 5556 pas
2780 5499 2808 5537 a
2856 5484 2905 5537 la
2939 5479 3105 5537 νεινὶιό
3131 5493 3225 5549 par
3255 5478 3304 5532 la
3342 5484 3529 5546 purete
3557 5475 3652 5529 des

2078 5586 2437 5657 espressions,
2464 5582 2521 5636 ni
2549 5593 2642 5648 par
2668 5578 2714 5631 Ia
2743 5575 2937 5631 beaute
2965 5572 3058 5628 des
3106 5585 3247 5636 vers,
3291 5568 3425 5624 mais
3469 5581 3564 5637 par
3605 5566 3659 5619 le

2086 5693 2210 5738 tuur
2265 5678 2533 5747 pectique.
2579 5680 2634 5727 et
2679 5670 2728 5723 la
2776 5666 2974 5725 facilité
3019 5666 3393 5723 tnerveilleuse
3421 5675 3551 5718 aveo
3603 5662 3658 5714 ta

2080 5774 2256 5846 quelle
2284 5769 2318 5825 il
2349 5766 2511 5825 cscrit
2541 5782 2607 5823 cn
2640 5772 2779 5818 vers.
