3990 6188
305 342 373 396 59
1009 338 1328 392 VENANTII
1366 337 1520 391 llON.
1553 337 1756 394 CLEM.
1802 335 2190 391 FUR'I’UNATI
2231 336 2511 392 υυιείιὶυὶί
2557 337 2728 394 PARS
2767 338 2804 393 i.
3484 336 3553 394 (τυ

458 452 795 516 Μαι-σηπίαι,
826 451 1197 506 Anecdotorum
1229 450 1524 501 Latinorum
1549 457 1589 501 t.
1627 446 1711 502 ΙΙ.

374 542 699 599 Fortunatus
728 543 814 598 liic
840 551 1164 597 memoratus
1190 541 1327 592 alius
1353 554 1383 592 a
1418 540 1710 593 Fortunato
1759 552 1864 597 non

306 642 409 703 est,
436 648 593 704 quem
626 634 804 689 infulae
849 630 1189 687 Pictaviensis
1219 629 1495 693 Ecclesiae,
1522 643 1676 697 quem
1718 625 1872 681 Chri-

312 724 499 778 stiane
541 723 775 791 paelices
821 717 1490 780 ornamenta,mternitate
1541 716 1807 769 donarunt
1853 730 1868 767 :

310 813 462 880 plura
491 814 651 868 abeo
683 809 919 882 profecta
964 809 1161 877 ingenii
1205 823 1271 863 ac
1316 807 1629 863 eruditionis
1678 821 1871 859 monu-

311 912 488 957 menta
515 903 581 957 ad
624 911 863 956 nostram
905 915 1072 972 usque
1100 908 1308 957 aetatem
1355 908 1563 954 servata
1605 908 1729 952 sunt
1770 912 1872 956 non

306 996 422 1046 sine
449 1007 638 1062 magna
690 991 835 1053 illius
880 990 1384 1052 commendatione,
1442 988 1580 1058 quod
1630 987 1873 1043 barbaris

1900 452 1950 511 Α
1978 450 2196 504 omnino
2236 451 2566 518 temporibus
2605 452 2837 522 inqusles
2880 451 3013 507 alios
3042 452 3345 522 scriptores
3375 469 3548 524 supe-

1977 543 2192 598 raverit.

1978 633 2269 688 Gulielmus
2285 633 2434 695 Cane,
2452 635 2506 688 in
2529 633 2759 688 Historia
2783 635 3033 690 litterario
3053 635 3374 700 Scriptorum
3393 637 3547 690 eccle-

2014 706 2353 772 siasticarum,
2373 704 2620 770 Colonia,
2643 705 2995 775 Allobrog.,in
3014 722 3135 762 stuc.
3163 707 3508 778 Eutychiano.

2056 797 2218 853 Multa
2267 797 2588 864 conscripsit
2632 797 2999 866 (Fortunatus)
3056 797 3245 866 partim
3295 798 3543 867 poetica,

1990 890 2182 957 partim
2229 887 2499 943 historica.
2550 885 2665 943 Vim
2717 887 2861 942 illius
2900 889 3156 955 poeticum
3200 888 3278 943 sic
3304 887 3547 941 dilaudat

1986 982 2250 1047 Barthius,
2275 981 2414 1037 Adv.
2437 981 2477 1037 Ι.
2506 997 2578 1048 tv,
2601 996 2652 1038 c.
2685 982 2735 1035 5.
2762 979 2979 1035 Maximi
3000 980 3188 1052 ingenii
3213 989 3369 1045 vates,
3400 988 3503 1032 etc.

304 1117 3552 1166 Μ-

307 1262 1247 1376 ἿΕΝΔΝΤῙῙ
1319 1258 1759 1373 ΗΟΝ-
1833 1254 2371 1371 αιεπι.
2463 1256 3543 1371 ποητυιπωιιι

1564 1475 1994 1530 PICTAVIENSIS
2028 1473 2309 1525 EPISCOPI

705 1664 1849 1877 OPEBUM

2018 1660 3164 1873 OMNIUM

1487 1968 1820 2076 PARS
1898 1968 2360 2107 PRIMA,

1025 2179 1641 2241 BROWEBIANAM
1689 2179 2135 2239 EDITIONEM
2178 2179 2768 2243 COMPLECTENS.

1697 2308 2135 2325 ——_.

1193 2381 2636 2602 MISCEEEANEA.

1696 2668 2159 2778 protegas.

1866 2835 1992 2853 —

465 2901 685 2953 DUHNO
722 2902 748 2931 ⁸
783 2901 1023 2952 SANCTO
1057 2901 1136 2952 ET
1171 2898 1340 2952 DOTE
1372 2897 1743 2948 MIRITOR-UM
1777 2898 1994 2948 SACRIS
2029 2897 2386 2949 ALTARIBUS
2419 2898 2639 2951 ASCITO
2678 2898 2969 2962 PARITIZR,
3007 2901 3084 2951 ΕΤ
3121 2902 3395 2962 EDUCTO.

1383 2978 1704 3032 GREGORIO
1737 2978 1920 3031 PAPtE
1951 2979 1981 3020 ιι
2014 2979 2454 3033 FOBTUNATUS.
3154 2978 3171 2997 ‘

320 3138 667 3211 [Fortunatus
693 3135 970 3211 Gregorio,
995 3131 1301 3211 _'l‘uronen_si
1335 3129 1576 3211 antistiti,
1604 3130 1693 3196 qui
1721 3144 2047 3211 magimpere
2087 3145 2116 3185 a
2146 3144 2204 3187 se
2234 3130 2582 3211 contenderat
2609 3137 2660 3182 et
2690 3128 3030 3211 atljuraverat
3071 3141 3123 3183 ut
3167 3131 3405 3211 cat-mitia
3447 3146 3539 3211 sua

394 3209 445 3260 in
478 3222 638 3259 unum
668 3200 886 3259 collecta
922 3204 1171 3255 Volumen
1203 3201 1406 3264 ederet,
1442 3202 1538 3253 bac
1566 3213 1625 3252 se
1652 3200 1873 3268 cpistola
1903 3212 2141 3265 excusat,
2170 3212 2223 3257 et
2253 3201 2569 3264 imperitiam
2600 3214 2747 3252 suam
2771 3215 2831 3251 ac
2858 3200 3063 3268 negotia
3096 3201 3398 3267 praetendit,
3425 3204 3544 3268 qui-

392 3278 490 3331 bus
521 3277 780 3329 distentus
811 3274 995 3329 eadem
1026 3275 1197 3325 minus
1232 3271 1497 3339 perpolire
1525 3275 1787 3336 potuerat.
1822 3271 1901 3323 Ad
1930 3281 2227 3325 extremum
2256 3272 2398 3325 cedit
2426 3269 2660 3334 poscenti
2685 3310 2699 3332 ,
2730 3280 2784 3324 et
2811 3270 2928 3337 eius
2958 3274 3007 3322 in
3039 3286 3098 3325 se
3129 3270 3549 3326 benevo'eutiam

394 3362 457 3401 ac
485 3347 808 3398 voluntatem
839 3343 1139 3403 graviorem
1171 3341 1405 3395 declarat
1434 3341 1620 3411 fuisse.
1635 3355 1800 3411 quam
1825 3343 2072 3396 timorem
2103 3356 2259 3397 suum
2281 3351 2336 3397 et
2362 3339 2760 3396 verecundiam.
2795 3341 2922 3394 Data
2948 3340 3250 3406 occasione,
3283 3344 3381 3397 iter
3411 3342 3553 3411 quod

388 3432 454 3472 ex
487 3415 631 3469 Italia
662 3416 715 3469 in
739 3413 957 3469 Galliam
988 3412 1334 3468 contenderat
1357 3408 1656 3482 describit.]

391 3570 707 3627 Acuminum
724 3584 942 3624 suorum
965 3565 1229 3622 luculenta
1252 3567 1446 3622 veteris
1468 3568 1640 3621 aetatis
1668 3565 1877 3636 ingenia
1912 3572 1959 3632 Β
1985 3566 2142 3622 claris
2182 3575 2208 3605 ο
2250 3567 2499 3638 operibus
2537 3567 2866 3623 celebratura
2890 3608 2905 3633 ,
2945 3582 3008 3621 ac
3055 3567 3284 3638 posteris
3333 3576 3556 3637 stupore

323 3677 505 3715 eorum
541 3675 561 3701 ο
591 3661 703 3729 qui,
734 3671 919 3713 natura
952 3658 1161 3722 fervidi,
1192 3667 1439 3713 curatura
1485 3657 1695 3727 fulgidi,
1740 3673 1836 3711 usu
1858 3655 1885 3696 ἀ

325 3750 488 3807 attriti
510 3790 526 3818 ,
553 3764 682 3805 ausu
713 3748 908 3814 securi,
935 3763 1030 3803 ore
1058 3745 1302 3815 facundi,
1335 3762 1482 3802 more
1525 3747 1726 3813 iesﬁvi,
1754 3762 1891 3816 pra:-

400 3933 426 3961 ι
458 3922 514 3977 lo
545 3919 834 3987 exemplari
863 3917 1164 3974 Calaritano
1196 3917 1274 3972 sic
1308 3916 1496 3987 legitur
1536 3915 1623 3971 hic
1648 3915 1830 3971 titulus
1862 3934 1875 3970 :

336 3995 455 4048 Viro
479 3992 760 4061 apostolico
789 4000 834 4044 et
864 3989 1189 4061 pradicando
1214 4004 1403 4061 μοραλς
1426 4002 1489 4040 ex
1524 3987 1702 4061 Brow.

401 4064 426 4102 δ
463 4056 585 4118 Haec
613 4056 1000 4129 epiSIola,'qu:e
1029 4056 1325 4129 Operibusg
1340 4057 1616 4129 Fortunati
1659 4056 1885 4129 praeﬁgig

332 4146 438 4200 tur,
470 4126 809 4188 dedicatoriae
853 4126 1024 4184 locum
1077 4128 1252 4200 liabet.
1292 4126 1554 4184 Scribitur
1590 4129 1773 4200 eadem
1814 4126 1885 4182 ad

333 4197 665 4274 Gregorium,
727 4202 1041 4274 pontificem
1080 4199 1474 4274 Turonensem,
1504 4197 1886 4274 atrocissimum

340 4266 517 4347 ipsius
535 4266 828 4347 Fortunati,
858 4280 917 4347 ut
957 4270 1111 4347 bujus
1141 4270 1191 4347 in
1224 4268 1340 4347 Vita
1369 4266 1621 4347 diximus,
1652 4284 1710 4324 n.
1738 4270 1805 4324 67
1834 4282 1887 4322 et

1995 3659 2286 3724 laudanda,
2333 3660 2596 3729 reliquere
2623 3662 2843 3729 vestigia
2878 3679 2889 3713 :
2922 3670 3066 3715 certe
3113 3661 3187 3715 illi
3241 3660 3554 3718 inventione

1997 3749 2221 3819 providi,
2250 3747 2535 3820 partitione
2556 3751 2702 3817 serii,
2736 3750 3108 3806 distributione
3136 3750 3313 3806 librati
3338 3790 3355 3817 ,
3383 3754 3556 3823 epilo—

1995 3916 2083 3971 lici
2131 3918 2548 3983 nominarentur,
2582 3930 2640 3973 ut
2665 3918 2798 3975 satis
2826 3920 3058 3974 ostendit
3088 3920 3252 3987 ipsius
3282 3919 3553 3975 Fortunati

1993 3989 2236 4060 epistola,
2263 4004 2367 4058 qua
2407 3992 2646 4045 srribens
2694 3990 2760 4043 ad
2805 3990 3200 4058 Euphronium,
3245 3994 3555 4060 episcopum

1995 4059 2120 4113 item
2145 4059 2535 4125 Turonensem,
2564 4062 2642 4115 sic
2684 4060 2871 4128 incipit
2895 4077 2908 4113 :
2942 4060 3140 4114 Damno
3165 4073 3342 4116 sancto
3370 4070 3419 4115 et
3437 4059 3558 4115 m-

1993 4129 2107 4183 ritis
2144 4132 2422 4200 apostolico
2459 4132 2682 4199 domno,
2726 4138 2778 4185 et
2824 4130 3016 4200 duplici
3059 4129 3207 4186 Patri
3251 4129 3555 4200 Euphronio

1996 4215 2142 4268 papa:
2163 4197 2503 4255 Fortunatus.

2069 4272 2324 4337 Quamvis
2352 4281 2527 4325 autem
2557 4270 2713 4325 sedes
2740 4284 2926 4324 omnes
2954 4271 3284 4340 episcopales
3309 4271 3559 4341 apostoli-

331 4338 447 4413 εἰη.
478 4341 746 4413 Nonnulli,
780 4342 928 4413 titulo
955 4338 1184 4413 decepti,
1216 4338 1415 4413 opinati
1443 4346 1571 4413 sunt
1606 4339 1747 4413 hunc
1775 4353 1893 4413 esse
1925 4341 1970 4403 C
2001 4356 2073 4393 car
2102 4340 2521 4413 nominarentur,
2544 4356 2665 4413 cum
2695 4341 2746 4394 id
2773 4338 3290 4413 tamensimpliciter
3317 4338 3373 4397 et
3397 4349 3558 4413 auso-

336 4407 577 4482 Ma'gnnm
616 4407 1154 4482 Gregorium,Rum.
1190 4408 1516 4476 pontilicem,
1558 4407 1609 4482 i_t_t
1655 4408 1838 4482 primis
1867 4422 1895 4461 a

336 4477 555 4540 veritate
580 4477 906 4535 aberrantes.
940 4481 1069 4533 Nam
1098 4488 1156 4531 ut
1193 4485 1504 4543 praeteream
1534 4477 1749 4533 aliunde
1791 4493 1897 4531 non

335 4563 581 4607 constare
607 4551 767 4607 ullam
795 4564 915 4603 cum
964 4548 1254 4603 Fortunato
1283 4554 1339 4601 et
1368 4545 1624 4618 Gregorio
1648 4546 1729 4618 7M.
1762 4550 1896 4601 ami-

339 4625 477 4678 citiae
500 4618 967 4682 necessitudinem,
994 4628 1084 4671 aut
1106 4619 1394 4671 litterarum
1436 4634 1589 4672 usum
1645 4617 1900 4672 interces-

342 4698 495 4755 sisse,
522 4706 640 4746 cum
665 4704 694 4743 e
724 4698 908 4742 contra
952 4697 1149 4741 tantam
1183 4687 1431 4741 amicitia;
1467 4688 1897 4754 coniunctionem

342 4777 391 4817 et
421 4763 540 4816 vita:
590 4759 755 4814 totius
799 4758 1234 4812 consuetudinem
1272 4757 1447 4812 eidem
1490 4773 1610 4811 cum
1641 4756 1903 4825 Gregorio

345 4831 640 4886 Turonensi
668 4828 974 4885 interfuisse
999 4838 1203 4881 certum
1251 4829 1468 4885 omnino
1495 4828 1586 4891 sit,
1622 4842 1652 4881 a
1700 4843 1806 4896 quo
1836 4827 1902 4883 ad

345 4901 685 4957 scribendum
714 4901 907 4966 saepius
936 4899 1325 4953 exstimulatum
1371 4912 1429 4952 se
1472 4897 1637 4951 fuisse
1683 4898 1902 4964 profite-

351 4986 457 5035 tur,
498 4975 612 5026 sive
655 4972 833 5038 potius
880 4969 1153 5023 invitatum
1200 4968 1444 5023 amicitia:
1487 4967 1810 5038 ipsiusjure,
1840 4982 1904 5038 ac

350 5044 587 5109 nomine,
622 5036 679 5094 ui.
723 5038 851 5094 illud
879 5040 1038 5109 etiam
1092 5047 1424 5107 praeteream,
1474 5036 1785 5109 Gregorium
1830 5037 1899 5091 Μ.

352 5129 486 5183 pene
525 5107 766 5167 estrcmo
798 5109 947 5183 “Vitae
992 5108 1268 5183 Fortunati
1322 5118 1562 5183 tempore
1609 5107 1903 5183 Romanam

350 5178 527 5241 sedem
550 5179 923 5237 conscendisse
942 5190 1004 5235 .et
1032 5178 1283 5242 tenuisse,
1317 5187 1463 5233 certe
1490 5180 1772 5231 obtestatio
1804 5194 1903 5245 qua

355 5255 640 5324 Gregorius
680 5250 894 5324 adjurat
934 5249 1279 5324 Fortunatum
1309 5249 1409 5324 sub
1437 5249 1785 5324 testificatione
1823 5246 1907 5324 di-

352 5315 721 5394 sini'mysterti,
745 5315 791 5375 ct
815 5318 1079 5390 splendore
1107 5321 1347 5394 virtutum
1376 5317 1651 5394 beatissimi
1674 5315 1910 5382 Martini,

2006 4412 2113 4463 tute
2136 4411 2534 4474 enuntiabitur,
2561 4412 2685 4479 quin
2719 4412 2933 4477 privatis
2962 4411 3240 4475 Ecclesiae,
3283 4420 3375 4467 aut
3399 4412 3565 4478 sedis,

2004 4479 2085 4532 Vel
2115 4479 2349 4549 episcolii
2380 4496 2571 4534 nomen
2603 4481 2904 4545 adderetur,
2944 4481 3102 4537 Rom.
3147 4481 3380 4550 pontifex
3420 4482 3566 4533 sole-

2006 4550 2093 4602 bat
2124 4550 2365 4603 indicari.
2403 4552 2476 4603 Ita
2503 4550 2846 4605 Cbaribertus
2871 4566 2961 4605 rex
2993 4566 3115 4606 cum
3140 4553 3207 4606 ad
3247 4567 3368 4606 eum
3415 4550 3567 4605 Nun-

2003 4631 2233 4691 cupatus
2257 4621 2534 4691 presbyter
2582 4623 2832 4686 venisset,
2878 4621 3103 4689 Leontii,
3160 4621 3567 4690 Burdegaleosis

2004 4690 2264 4758 episcopi,
2313 4688 2536 4759 ejusque
2575 4691 3096 4759 comprovincialium
3143 4688 3378 4754 nomine,
3411 4701 3572 4756 atque

2003 4760 2072 4813 ita
2103 4761 2346 4813 eumdem
2361 4763 2639 4815 salutasset
2657 4779 2670 4813 :
2686 4760 2845 4818 Sedes
2862 4761 3148 4830 apostolica
3163 4763 3450 4816 eminentiae
3469 4772 3572 4814 tute

2003 4834 2218 4884 salutem
2264 4831 2415 4883 mittit
2465 4831 2789 4895 uberrimam,
2834 4833 3106 4897 respondit
3134 4847 3227 4886 rex
3260 4849 3272 4883 :
3308 4830 3567 4894 Nunquid

2004 4898 2292 4972 Romanam
2326 4901 2479 4953 adisti
2521 4901 2718 4972 urbem,
2760 4911 2816 4954 ut
2842 4916 2990 4972 papa:
3016 4902 3157 4955 illius
3180 4901 3328 4972 nobis
3358 4903 3574 4954 salutem

2004 4970 2237 5039 deferas?
2282 4979 2336 5023 ut
2384 4972 2549 5025 refert
2589 4970 2874 5040 Gregorius
2911 4970 3134 5033 Τηΐου..
3174 4971 3270 5034 lib,
3317 4986 3388 5025 tv.
3435 4972 3571 5024 tlist.

2008 5040 2225 5100 Frnnc"
2260 5055 2377 5107 cap.
2401 5041 2491 5094 26.
2527 5043 2698 5108 Atque
2725 5048 2784 5094 ut
2813 5042 2966 5095 Rom.
2999 5040 3157 5097 sedes
3186 5055 3281 5108 per
3304 5040 3571 5096 excellen-

1937 5131 1986 5192 ο
2011 5113 2135 5163 tiam
2166 5108 2325 5192 sedes
2352 5109 2642 5191 apostolica
2675 5112 3072 5178 nominabatur,
3102 5126 3200 5166 usu
3240 5111 3377 5172 apud
3409 5111 3569 5191 Fran-

2012 5194 2104 5233 cos
2153 5177 2397 5246 recepto.
2441 5183 2508 5234 ita
2562 5196 2707 5246 papa:
2753 5196 2944 5235 nomen
2999 5196 3093 5249 per
3153 5177 3576 5249 antonomasiam

2019 5250 2174 5303 Rom.
2209 5250 2447 5317 pontiﬁci
2482 5249 2827 5305 tribuebatur.
2858 5250 2961 5305 Sed
2992 5248 3061 5305 de
3091 5251 3174 5306 bis
3216 5251 3363 5318 plura
3403 5248 3578 5303 Coin—

2023 5321 2145 5391 tius,
2173 5320 2239 5373 ad
2269 5334 2359 5391 an.
2392 5319 2517 5384 562,
2548 5336 2603 5374 n.
2628 5322 2701 5391 .10
2721 5329 2775 5374 et
2802 5321 2891 5376 il.
2921 5321 3044 5375 Haec
3063 5331 3242 5376 autem
3262 5321 3487 5391 epistola
3508 5319 3576 5374 ad

356 5404 413 5447 ut
438 5386 632 5461 scripta
673 5407 702 5445 a
743 5406 803 5446 se
832 5386 1071 5459 poemata
1117 5392 1321 5455 ederet,
1359 5390 1490 5461 satis
1526 5386 1911 5461 declarat_.eum
2019 5389 2239 5461 Gregor.
2268 5389 2470 5446 Turon.
2499 5390 2835 5461 desideratur
2857 5392 2908 5445 in
2950 5392 3082 5461 Ven.
3114 5391 3239 5446 Edit

357 5466 446 5531 qui
474 5456 871 5529 sicadjurabat,
913 5475 1019 5516 non
1050 5457 1563 5529 Romapontilicetn,
1603 5456 1699 5512 sed
1746 5456 1916 5512 Turo-

360 5548 575 5588 nensetn
606 5535 783 5585 fuisse.

431 5604 609 5671 Neque
640 5616 764 5653 vero
802 5599 1034 5654 insolens
1061 5609 1177 5654 erat
1206 5601 1269 5654 iis
1315 5596 1645 5671 temporibus
1694 5604 1749 5648 ut
1783 5595 1914 5649 alia-
1943 5616 1947 5620 λ

362 5690 478 5728 rum
499 5686 712 5740 quoque
741 5672 1096 5724 Ecclesiarutn
1120 5670 1374 5738 episcopi,
1398 5677 1591 5740 praeter
1612 5680 1751 5721 sum.
1785 5682 1915 5733 pon-

365 5738 577 5810 tiﬁcem,
608 5756 756 5812 papa:
785 5742 998 5795 nomine
1027 5740 1423 5807 decorarentur,
1458 5738 1580 5808 quin
1611 5746 1665 5791 et
1699 5748 1910 5808 aposto-

2091 5469 2114 5498 ε
2149 5460 2305 5514 Deest
2331 5476 2506 5515 eorum
2532 5462 2583 5513 in
2614 5461 2776 5519 duob.
2803 5460 2973 5516 Codd.
3013 5460 3128 5516 Vat.

2087 5526 2113 5565 ἀ
2148 5529 2201 5582 In
2231 5528 2392 5585 duob.
2439 5530 2609 5585 Codd.
2650 5531 2794 5596 Vat.,
2840 5546 2935 5584 usu
2983 5532 3111 5593 triti.
3158 5547 3281 5586 auso
3324 5532 3575 5589 securior"

2018 5601 2155 5669 freti,
2190 5601 2269 5652 vel
2301 5600 2491 5668 potius,
2522 5616 2648 5656 auso
2677 5601 2859 5663 securi,
2890 5616 2974 5654 ore
2999 5602 3136 5671 freti.

2092 5680 2113 5709 ο
2149 5674 2206 5726 In
2235 5685 2340 5725 uno
2369 5671 2540 5727 Codd.
2576 5671 2718 5740 Vat.,
2751 5671 2982 5742 operibus
3005 5673 3271 5731 celebrata.
