3990 6188
413 336 483 392 63
1129 332 1440 390 VENAN-TII
1502 334 1660 389 HON.
1704 334 1912 391 CLEM.
1955 333 2348 390 FOIITUNATI
2395 336 2681 394 OPERUM
2716 339 2892 397 PARS
2932 339 2973 396 Ι.
3622 333 3689 385 (⁷4

417 453 521 516 nis,
553 464 736 520 poema
767 464 871 503 non
901 463 1171 514 canerem,
1226 448 1319 503 sed
1366 449 1656 517 garrirem,
1708 464 1814 518 quo
1863 450 1994 503 resi-
2024 454 2068 510 Α
2100 452 2237 520 gusti
2283 467 2472 506 sensus
2503 454 2774 522 ingenium
2822 471 2881 509 se
2929 462 3203 508 mensuret
3253 468 3507 517 censore,
3541 453 3684 520 quud

414 544 604 598 dentes
630 541 921 606 auditores,
955 541 1095 594 inter
1123 555 1348 594 acernea
1379 541 1572 607 pocula
1603 540 1774 593 salute
1807 541 1996 594 biben-

416 644 499 690 tes
531 635 741 697 insana,
792 630 1000 687 baccho
1041 629 1257 699 judice,
1299 629 1715 684 debacchnrent.
1743 629 1879 698 Quid
1925 629 1996 684 ibi

415 723 616 778 aII'abre
643 719 673 759 ι’
704 722 904 776 dictum
954 721 1056 784 sit,
1106 720 1196 774 ubi
1243 720 1362 789 quis
1403 735 1570 777 sanus
1604 721 1694 774 vix
1739 720 1992 784 creditur,

421 814 526 870 nisi
579 828 760 868 secum
793 811 991 878 pariter
1020 823 1042 850 ο
1074 811 1370 866 insanitur?
1411 827 1516 882 quo
1544 812 1796 884 gratulari
1829 815 1997 880 magis

413 916 517 972 est,
549 907 592 960 si
620 906 800 959 vivere
831 903 975 972 licet,
1009 911 1131 972 post
1175 903 1395 971 bibere;
1442 905 1512 961 de
1565 921 1671 974 quo
1715 905 1995 959 convivam

415 996 742 1069 tltyrsicum,
791 1012 896 1050 non
927 995 1201 1050 fatidicum
1253 996 1376 1059 licet
1419 998 1602 1062 exire,
1633 997 1727 1052 sed
1759 996 1993 1062 fatuum,

413 1105 533 1145 cum
561 1099 814 1158 quantum
846 1089 911 1144 ad
945 1090 1047 1144 mei
1079 1103 1270 1144 sensus
1298 1089 1708 1159 intelligentiam
1742 1091 1996 1159 pertinet,

413 1179 533 1250 quia
563 1195 622 1236 se
648 1181 855 1251 pigram
881 1195 984 1234 non
1016 1180 1248 1248 explicat
1271 1179 1442 1235 bruta:
1470 1181 1687 1246 animae,
1717 1182 1831 1247 ipsa
1857 1180 1998 1250 jeju-

415 1272 500 1325 nia
526 1280 653 1327 sunt
679 1271 848 1327 ebria.
877 1271 1008 1324 Hinc
1031 1279 1113 1325 est
1139 1271 1280 1340 quod
1312 1271 1482 1325 latens
1511 1271 1846 1340 opusculum,
1871 1279 1925 1324 et
1950 1269 1995 1323 si

415 1365 591 1416 minus
647 1364 855 1417 videtur
906 1359 933 1398 ά
991 1363 1250 1416 famosum
1302 1373 1349 1428 ι’,
1409 1362 1527 1432 plus
1591 1370 1674 1416 est
1729 1362 1994 1428 liberum,

413 1453 536 1523 quia
587 1453 656 1508 de
683 1453 1078 1509 examinatione
1114 1451 1133 1490 τ
1170 1469 1276 1508 non
1310 1453 1472 1508 habet
1500 1454 1642 1522 quod
1689 1461 1796 1508 tam
1830 1454 1996 1524 trepi-

414 1544 508 1599 det
532 1544 792 1612 privatum
824 1558 981 1614 quam
1033 1542 1302 1613 publicum
1329 1559 1344 1608 ;
1377 1542 1518 1597 unde
1565 1543 1871 1599 necessarie
1899 1557 1998 1597 an-

415 1713 500 1830 ἵει
547 1713 909 1772 repercutere,
961 1705 1263 1774 repulsare.
1314 1702 1492 1759 Utitur
1535 1701 1636 1759 hac
1677 1717 1809 1757 voce
1861 1702 1996 1757 alias

440 1775 756 1829 ‘ortunatus.

440 1775 756 1829 I‘ortunatus.

487 1854 511 1880 κ
564 1844 761 1898 Deraso
819 1847 946 1914 ﬂore
1007 1845 1273 1900 redditum
1323 1851 1408 1898 est
1474 1858 1542 1896 ex
1609 1853 1789 1897 vetere
1854 1857 1986 1896 mss.

413 1913 576 1980 Galli,
608 1915 672 1968 de
697 1913 842 1968 rosea
867 1918 1014 1984 ﬂore,
1063 1925 1121 1968 ut
1149 1914 1277 1968 olim
1320 1913 1618 1984 legebatur,
1668 1913 1932 1982 expuncto
1959 1928 1989 1967 a

414 1985 589 2037 Brow.
629 1985 828 2038 Favent
858 1983 979 2038 huic
1018 1985 1237 2039 lectioni
1265 1993 1322 2038 et
1349 1983 1522 2038 Codd.
1557 1983 1681 2038 Vat.

484 2052 512 2092 δ
540 2055 686 2108 Unus
715 2054 844 2109 Cod.
867 2055 1009 2113 Vat..
1037 2055 1161 2120 quid
1191 2055 1259 2107 ibi
1290 2055 1469 2122 fabre?

485 2134 508 2162 ε
546 2123 648 2178 Un.
677 2124 809 2178 Cod.
843 2125 987 2189 Val.,
1017 2126 1116 2178 nisi
1144 2141 1312 2178 secum
1335 2125 1607 2178 insanitur.

481 2191 508 2231 ἀ
547 2193 603 2248 In
635 2194 797 2248 duob.
828 2196 997 2249 Codd.
1027 2195 1148 2248 Vat.
1180 2196 1380 2248 videtur
1407 2211 1514 2248 esse
1542 2195 1817 2264 famosum.

485 2275 510 2334 ξ’
546 2265 682 2334 Edit.
713 2265 909 2331 Paris.,
941 2267 1139 2318 videtur
1167 2282 1274 2318 esse
1303 2269 1600 2334 formoxum.

482 2332 690 2458 {HUnus
739 2334 877 2390 Cod.
935 2335 1081 2403 Vat.,
1131 2336 1250 2404 quia
1303 2332 1366 2395 de
1423 2336 1653 2389 examine
1708 2333 1845 2387 alius
1893 2349 1997 2387 non

511 2421 530 2458 ι
560 2444 573 2456 .

410 2405 573 2460 dabit.

483 2485 510 2522 8
537 2475 684 2531 Unus
719 2473 852 2531 Cod.
891 2475 1035 2545 Vat.,
1075 2475 1318 2530 arbitrem
1345 2476 1481 2529 idem
1509 2474 1850 2544 conﬁtentem.

2025 1806 2072 1866 B

2097 555 2181 598 est
2225 545 2541 598 mittendum
2590 547 2691 599 sub
2742 546 2941 614 judice.
2977 546 3082 601 Sed
3127 547 3378 614 quoniam
3429 547 3686 598 huntilent

2099 635 2384 703 impulsum
2414 635 2666 691 alacriter
2693 639 2870 690 acrius
2903 639 3223 691 retinentem
3278 635 3383 690 sub
3429 637 3684 690 testifica-

2103 725 2246 780 tione
2275 725 2437 780 davini
2469 727 2730 797 mysterii,
2761 736 2815 782 et
2859 728 3146 796 splendore
3177 727 3437 782 virtutum
3487 727 3687 781 beatis-

2098 816 2218 870 simi
2270 816 2478 871 Martini
2523 817 2810 888 conjurans
2859 818 3091 872 hortaris
3141 817 3330 873 sedulo
3382 827 3442 871 ttt
3492 827 3683 870 contra

2098 905 2354 974 pudorem
2407 922 2586 962 meum
2640 908 2875 962 deducar
2923 908 2976 962 in
3023 909 3317 976 publicum,
3349 923 3436 962 me
3466 909 3517 961 in
3551 910 3686 961 meis

2072 997 2300 1053 ‘frivolis
2330 999 2534 1054 arbitro
2565 1009 2613 1064 κ,
2649 998 2886 1054 scabrosi
2927 999 3109 1068 operis
3155 999 3514 1068 ignorantiam
3555 1011 3687 1051 cou-

2099 1091 2284 1146 Iitente
2311 1088 2362 1156 ¹¹,
2392 1091 2534 1161 quod
2579 1091 2700 1146 aliis
2741 1092 3084 1159 poscentibus
3125 1094 3426 1160 patefacere
3472 1091 3681 1155 distuli,

2097 1181 2398 1238 obediendo
2436 1181 2570 1236 cedo
2599 1183 2820 1248 virtuti,
2857 1182 2994 1236 hanc
3032 1183 3225 1236 saltem
3273 1180 3682 1250 obtentperandi

2098 1272 2520 1327 vicissitudinem
2573 1270 2591 1309 ι
2650 1286 3004 1340 repensurus,
3059 1282 3118 1326 ut
3155 1274 3275 1343 quia
3330 1272 3447 1326 haec
3500 1271 3685 1326 favore

2098 1366 2268 1435 magis
2311 1365 2625 1434 delegantur
2652 1365 2698 1429 Ι,
2726 1379 2886 1433 quam
2913 1364 3120 1433 judice,
3157 1373 3248 1418 aut
3275 1363 3372 1418 tibi
3420 1373 3626 1417 tantum
3654 1361 3681 1402 ¹ι

2097 1457 2484 1511 innotescentia
2517 1456 2748 1526 relegas,
2780 1464 2871 1508 aut
2900 1457 3211 1510 intimorum
3241 1455 3458 1512 auribus
3483 1459 3682 1511 amica-

2100 1546 2222 1602 liter
2253 1545 2300 1614 1,
2332 1560 2538 1617 quaeso,
2571 1546 2831 1601 collatura
2860 1545 2899 1567 '
2929 1546 3234 1601 committas
3265 1557 3313 1600 ο.

2175 1700 2200 1736 ιι
2227 1699 2367 1754 Edit.
2405 1700 2675 1754 Paris.....
2707 1700 2954 1753 deducam
2985 1716 3064 1753 me
3092 1701 3144 1752 in
3169 1701 3448 1770 pubticum,
3483 1719 3679 1758 me.....

2098 1772 2434 1825 arbitrum...
2466 1771 2805 1837 conﬁtentem.

2181 1838 2346 1894 ‘Duo
2399 1841 2570 1896 Codd.
2619 1841 2762 1906 Vat.,
2818 1840 3245 1895 vicissitudinem
3295 1859 3534 1910 repensus
3576 1846 3678 1907 nsi,

2100 1913 2378 1966 mendose.

2177 1981 2192 2030 i
2227 1982 2337 2035 Duo
2361 1980 2534 2036 Codd.
2565 1980 2710 2047 Vat.,
2741 1981 3080 2034 delectantur.

2176 2051 2201 2088 ι
2230 2052 2282 2105 In
2315 2067 2420 2107 uno
2442 2050 2601 2116 Cod.,
2630 2062 2720 2104 aut
2750 2053 2839 2104 tibi
2869 2051 3242 2105 tantummodo.

2179 2119 2197 2158 ι
2229 2122 2385 2186 Ibid.,
2417 2133 2581 2175 tecum
2613 2122 2968 2175 anticabititer.

2173 2201 2212 2229 ιιι
2239 2193 2294 2246 In
2336 2209 2440 2246 uno
2488 2191 2646 2257 Cod.,
2686 2207 2857 2261 qna'so
2903 2191 3250 2245 consolatam.
3285 2192 3550 2246 Collatura
3581 2209 3680 2260 pro

2103 2264 2446 2321 conferenda.
2482 2273 2542 2316 ut
2569 2278 2751 2331 supra,
2795 2271 3037 2316 curatura
3069 2278 3163 2331 pro
3206 2268 3463 2316 curanda.
3501 2264 3678 2319 Fami-

2102 2334 2237 2388 Iiare
2271 2333 2370 2387 hoc
2400 2332 2714 2398 Fortunato,
2748 2342 2805 2386 ut
2827 2335 3202 2387 animadverbt
3234 2334 3294 2388 Ρ.
3331 2335 3507 2389 Brow.

2177 2412 2204 2439 η
2229 2404 2373 2458 Edtt.
2405 2403 2603 2470 Paris.,
2636 2405 2910 2473 repandus.

419 2633 3684 2661 ——————————-———_——‘————_-—_

1649 2773 1949 2850 LIBER
2003 2737 2421 2848 PRIMUS.

921 2930 1147 2986 CAPUT
1189 2929 1474 2988 PRIMUM.

642 3024 720 3079 Ad
752 3021 969 3077 Vitalem
995 3030 1020 3057 ⁸
1045 3023 1337 3093 episcopum
1363 3023 1764 3078 liaeennensem.

2103 2927 2390 2997 Sumpsisti
2418 2941 2446 2979 a
2478 2925 2704 2980 Domino
2733 2927 2969 2994 culmen,
3000 2927 3082 2980 cui
3112 2927 3342 2981 culmina
3372 2929 3585 2997 condis,

2170 3019 2273 3085 Qui
2306 3018 2397 3071 tibi
2422 3017 2581 3087 digna
2616 3018 2782 3082 dedit,
2816 3016 2996 3072 reddis
3020 3017 3223 3074 honore
3253 3020 3446 3075 vicem.
3579 3010 3592 3020 ’

414 3116 724 3193 [Basilicam
752 3116 922 3193 sancti
955 3115 1202 3193 Andreae,
1241 3130 1278 3193 a_
1306 3114 1482 3178 Vitali,
1513 3115 1848 3193 Ravennensi
1871 3113 1987 3180 epi-
2018 3109 2068 3174 C
2098 3113 2313 3172 Emicat.
2338 3111 2456 3165 aula
2483 3120 2693 3181 potens,
2730 3111 2905 3166 solido
2939 3110 3170 3180 perfecta
3204 3113 3442 3175 metallo,

479 3203 669 3255 scopo,
701 3185 1014 3240 aedificatam
1053 3200 1117 3239 ac
1161 3184 1483 3248 dedicatam,
1517 3187 1681 3239 refert
1728 3187 1828 3238 hoc
1867 3200 1986 3238 car-

484 3261 647 3313 mine.
683 3256 1043 3310 Dedicationis
1091 3256 1255 3324 ipsius
1304 3255 1674 3310 celebritatem
1715 3271 1778 3308 ac
1804 3259 1985 3325 singu-

481 3330 594 3384 lare
624 3327 806 3397 p0puli
835 3326 1144 3397 in_Vitalem
1179 3325 1412 3380 studium
1444 3336 1500 3381 et
1531 3326 1982 3387 benevolentiam,

480 3395 916 3468 cotutnetnorat.]

419 3492 659 3547 Antistes
687 3489 916 3554 domini,
949 3489 1157 3545 meritis
1187 3487 1241 3542 in
1271 3488 1464 3544 sazcula
1497 3489 1702 3554 vivens,

486 3582 690 3638 Gaudia
717 3581 805 3650 qui
835 3581 1038 3636 Christi
1069 3579 1136 3637 de
1163 3596 1326 3652 grege
1358 3591 1539 3652 pastor
1563 3581 1748 3647 habes,

412 3675 545 3730 Cum
575 3682 630 3730 te
659 3672 886 3726 Vitalem
919 3671 1088 3726 voluit
1116 3673 1353 3726 vocitare
1380 3681 1644 3738 vetustas,

485 3763 716 3819 Noverat
742 3772 1001 3818 tetvrnum
1029 3771 1079 3815 te
1109 3762 1370 3817 meruisse
1398 3761 1561 3816 diem.

419 3855 620 3925 Dignus
641 3853 935 3922 apostolica
972 3852 1290 3922 przefulgens
1312 3862 1492 3907 mente
1529 3851 1809 3914 sacerdos,

487 3948 589 4014 Qui
614 3960 768 4000 sacer
797 3945 1024 3998 Andreae
1051 3953 1160 3997 tam
1194 3945 1274 4012 pia
1309 3943 1503 4013 templa
1529 3943 1694 3998 locas.

421 4038 591 4104 Quam
612 4035 748 4091 bene
777 4049 874 4103 pro
905 4032 1112 4088 meritis
1142 4032 1343 4089 domini
1361 4031 1386 4069 ι’
1413 4032 1662 4088 consedit
1684 4031 1735 4085 in
1764 4030 1906 4095 aula,

491 4130 594 4186 Per
618 4145 774 4200 quem
798 4129 957 4200 digna
984 4128 1096 4184 Deo
1121 4137 1206 4183 est
1235 4129 1496 4185 aedificata
1525 4129 1736 4183 domus.

490 4241 635 4295 nHic
685 4239 892 4303 Vitatis,
937 4239 1036 4294 etsi
1087 4238 1308 4294 minime
1336 4251 1583 4295 occurrat
1624 4243 1676 4297 in
1725 4242 1985 4310 catalogis

419 4312 789 4382 episcoporum
843 4312 1207 4364 Ravennatum
1253 4311 1335 4379 (ut
1376 4311 1691 4379 jampridem
1747 4314 1990 4368 animad-

418 4380 580 4435 vertit
607 4382 667 4435 P.
715 4380 1045 4445 Browerus),
1089 4383 1134 4434 is
1182 4393 1329 4435 certe
1371 4383 1624 4438 Ecclesia:
1657 4383 1995 4438 ltavennensi

2168 3204 2288 3270 Quo
2316 3204 2431 3257 sine
2461 3213 2618 3257 nocte
2643 3211 2821 3258 manet
2841 3202 3146 3256 continuata
3178 3202 3310 3256 dies.

2095 3293 2288 3348 Invitat
2319 3293 2468 3346 locus
2492 3293 2604 3361 ipse
2637 3294 2824 3358 Deum,
2847 3293 2950 3346 sub
2978 3293 3096 3347 luce
3124 3293 3373 3360 perenni,

2164 3385 2447 3440 Gressibus
2477 3395 2534 3438 ut
2564 3385 2787 3454 placidis
2829 3386 2991 3438 intret
3030 3384 3260 3438 amando
3295 3386 3454 3439 lares.

2093 3477 2195 3543 Qui
2215 3476 2329 3531 loca
2359 3475 2456 3530 das
2484 3475 2712 3544 populis,
2741 3476 3022 3530 Dominum
3047 3489 3395 3545 quo.semper
3429 3478 3677 3546 adorent,

2171 3569 2238 3624 Ut
2267 3569 2482 3638 capiant
2514 3569 2747 3632 veniam,
2779 3579 2834 3623 tu
2867 3568 2998 3624 facis
3025 3579 3049 3607 ε
3077 3583 3197 3624 esse
3226 3567 3383 3641 [ipse]
3415 3570 3575 3625 viam.

2098 3659 2302 3725 Gratia,
2337 3674 2514 3725 mens,
2550 3662 2784 3726 animus,
2810 3659 3044 3728 bonitas,
3077 3659 3294 3715 dilectio
3323 3663 3516 3730 plebis,

2175 3752 2241 3806 Et
2263 3751 2484 3820 gradus,
2514 3761 2568 3806 et
2600 3751 2767 3820 pietas
2798 3761 2848 3806 te
2875 3751 3023 3806 dedit
3046 3766 3167 3806 esse
3196 3763 3422 3820 patrem.

2099 3843 2439 3914 Prosperitas
2459 3842 2486 3880 ά
2513 3859 2573 3897 se
2599 3853 2774 3897 vestra
2801 3843 3013 3912 probat,
3041 3846 3367 3915 quangaudia
3400 3847 3675 3914 suppletis,

2171 3935 2355 3991 Intulit
2380 3935 2623 4006 egregios
2658 3937 2722 3990 ad
2754 3946 2842 3990 tua
2871 3946 2992 3990 vota
3021 3938 3184 3991 viros.

2102 4029 2218 4084 Dux
2247 4036 2270 4065 °
2305 4027 2436 4081 nitet
2467 4026 2591 4081 hinc
2619 4027 2805 4093 armis,
2837 4027 3125 4095 prafectus
3154 4029 3359 4094 legibus
3383 4030 3568 4094 illinc;

2177 4121 2452 4178 Venerunt
2481 4137 2574 4191 per
2603 4137 2736 4192 quos
2759 4137 3005 4178 crescere
3037 4123 3168 4178 festa
3199 4124 3390 4178 solent.

2102 4241 2347 4313 Calliam,
2375 4253 2433 4299 ut
2473 4245 2588 4313 ipse
2618 4244 2794 4298 Brow.
2828 4242 3054 4298 fatetur.
3091 4243 3256 4314 (Nota
3284 4245 3466 4313 prima:
3494 4250 3684 4314 curre.)

2102 4344 2170 4354 —
2201 4315 2420 4380 Ducem,
2450 4315 2538 4381 qui
2582 4325 3033 4368 commemoratur
3075 4331 3105 4367 a
3138 4314 3457 4375 Fortunato.
3495 4317 3596 4370 hoc
3629 4318 3680 4370 in

2101 4385 2361 4449 carmine,
2388 4385 2693 4440 interfuisse
2713 4385 3036 4438 dedicationi
3068 4384 3308 4440 basilicae
3337 4387 3398 4441 S.
3423 4387 3680 4450 Andre»,

422 4452 564 4507 circa
680 4461 890 4518 tempus
915 4450 1637 4531 prmfuissedicendus__est,
1669 4469 1778 4531 quo
1808 4455 1996 4531 [fortu-
2025 4471 2078 4531 Ι)
2103 4455 2325 4531 a_Vitali
2377 4455 2711 4531 Havenncnsi
2762 4455 3131 4531 exmditicataa,
3179 4458 3294 4531 sive
3342 4467 3673 4531 restauratae,

425 4532 583 4577 natus
603 4520 872 4592 Ravennae
897 4521 1142 4592 degebat,
1163 4521 1252 4574 ubi
1285 4522 1430 4575 illum
1455 4520 1763 4592 aliquandiu
1798 4525 1994 4580 vixisse

421 4592 651 4663 diximus
679 4593 730 4646 in
758 4591 878 4662 ejus
901 4591 1039 4663 Vita,
1073 4594 1319 4663 num.”
1349 4602 1402 4647 et
1432 4591 1572 4663 seq.)
1614 4595 1768 4662 cujus
1797 4594 1990 4650 Vitalis

423 4677 585 4716 suasu
612 4662 748 4716 forte
778 4671 834 4716 et
857 4661 1081 4716 consilio
1108 4662 1341 4716 basilicae
1369 4663 1437 4716 ab
1465 4661 1653 4718 eodem
1683 4661 1989 4725 exstructa:

421 4733 813 4788 dedicationem
863 4732 962 4802 hoc
1008 4742 1254 4800 poemate
1306 4733 1463 4788 fuerit
1524 4745 1860 4802 prosecutus.
1920 4741 1988 4790 At

426 4803 606 4859 Brow.
635 4803 910 4858 existimat
941 4801 1164 4856 Vitalem
1197 4803 1353 4856 Petro
1383 4801 1580 4858 seniori
1610 4806 1987 4861 sufﬁciendom

423 4888 567 4937 esse,
605 4877 695 4944 qui
724 4888 828 4927 non
862 4873 960 4945 nisi
993 4887 1133 4925 anno
1161 4870 1266 4926 568
1298 4873 1664 4945 Ravennensis
1711 4877 1995 4945 episcopus

423 4942 636 4999 creatus
661 4953 772 5008 est;
805 4959 910 5013 quo
933 4942 1044 5012 jam
1073 4953 1338 5008 tempore,
1371 4944 1540 5012 ipsius
1570 4942 1809 5002 Broweri
1841 4947 1991 5001 testi-

425 5016 629 5083 monio,
662 5017 712 5068 in
751 5013 975 5068 Galliam
1028 5024 1348 5082 pervenerat
1391 5015 1736 5072 Fortunatus.
1772 5019 1846 5074 De
1891 5018 1994 5073 hoc

427 5086 584 5157 Vitali
612 5085 735 5157 quid
768 5086 889 5157 ipse
918 5098 1192 5157 censeam1
1213 5085 1343 5140 infra
1368 5090 1670 5143 ostendam.

497 5155 524 5196 ι’
555 5153 656 5213 υηζ
691 5158 822 5210 Cod.
848 5154 994 5218 Vat.,
1023 5170 1135 5207 cum
1162 5153 1368 5210 Domini
1388 5159 1537 5211 sedit.
1567 5173 1706 5213 corr.

496 5239 518 5266 ε
541 5229 694 5282 Alius
721 5227 854 5281 Cod.
887 5225 1029 5289 Vat.,
1065 5235 1118 5277 tu
1143 5227 1271 5292 facis
1299 5229 1408 5295 ipse
1439 5230 1591 5283 aiam.

494 5296 518 5334 ἀ
545 5299 699 5363 lbid.,
732 5297 1041 5367 prosperitas
1070 5312 1244 5348 secura
1274 5297 1474 5361 probat.

497 5377 521 5405 ο
546 5368 606 5422 Ρ.
642 5369 922 5422 Browerus
967 5369 1218 5434 opinatur
1266 5368 1349 5422 bis
1380 5370 1554 5423 verbis
1587 5371 1876 5426 exarchum
1913 5368 1995 5424 in-

427 5437 591 5492 dicari
659 5438 748 5505 qui
795 5452 914 5491 cum
947 5436 1348 5507 Nomophylace
1390 5440 1710 5495 dedicationi
1762 5441 1993 5496 basilica:

425 5507 752 5563 interfuerit.
783 5511 851 5562 At
878 5521 1000 5561 cum
1029 5509 1247 5563 exarctti
1280 5511 1492 5564 nonnisi
1533 5525 1620 5564 an.
1653 5511 1758 5566 568
1787 5513 1992 5565 Raven-

428 5593 512 5631 na:
540 5580 730 5632 sedere
758 5580 1040 5651 coeperint,
1082 5594 1304 5645 quorum
1335 5579 1535 5650 primus
1565 5581 1664 5634 fuit
1696 5580 1990 5651 Longinus,

427 5661 576 5704 certe
613 5649 877 5703 exarchus
924 5665 1026 5702 non
1061 5651 1230 5715 potuit
1262 5649 1520 5706 interesse
1568 5649 1991 5708 ecclesias—dedi-

425 5719 645 5792 cationi,
677 5735 798 5774 cum
828 5721 1004 5772 adhuc
1034 5719 1304 5773 Ravenna:
1335 5733 1478 5776 esset
1509 5721 1866 5784 Fortunatus;
1898 5723 1990 5792 qui

429 5805 516 5845 an.
551 5789 673 5860 565,
707 5801 795 5847 aut
837 5792 900 5846 ad
950 5807 1215 5846 summum
1245 5793 1371 5861 566,
1417 5795 1683 5864 proiectus
1716 5795 1887 5852 fuerat
1917 5789 1990 5848 Vin

2103 4525 2381 4580 Narsetem
2405 4527 2654 4580 comitem
2680 4539 2801 4579 esse
2827 4525 3168 4590 crediderim,
3203 4526 3293 4594 qui
3322 4540 3352 4580 a
3378 4527 3682 4581 Justiniano

2103 4596 2259 4664 imp.,
2292 4605 2348 4649 ut
2377 4597 2712 4650 notissimum
2736 4606 2840 4660 est,
2883 4595 3081 4650 missus
3108 4597 3161 4649 in
3190 4595 3394 4650 Italiam
3426 4612 3515 4650 an.
3547 4597 3677 4662 55!,

2103 4667 2169 4720 ad
2199 4666 2559 4736 Ostrogothos
2604 4665 2976 4736 debellandos,
3019 4666 3290 4720 Ravennae
3320 4669 3587 4733 residere,
3622 4681 3678 4720 et

2101 4736 2357 4799 Basilicte,
2412 4736 2479 4790 de
2522 4751 2624 4804 qua
2667 4735 2753 4789 hic
2800 4750 3000 4801 sermo,
3043 4736 3369 4790 dedicationi
3417 4739 3679 4792 interesse

2099 4807 2380 4863 commode
2412 4815 2604 4875 potuit.
2639 4805 2780 4875 Idem
2817 4807 3027 4867 Narses,
3055 4818 3337 4861 revocatus
3365 4807 3680 4861 Constanti-

2099 4878 2334 4944 n0polim
2386 4873 2470 4932 est
2517 4893 2656 4931 anno
2689 4873 2793 4931 5’58
2845 4877 2928 4930 vel
2959 4876 3085 4942 567,
3135 4879 3208 4930 uti
3253 4888 3440 4932 censet
3486 4879 3683 4946 Pagius

2097 4948 2164 5002 ad
2201 4949 2342 5002 hunc
2370 4963 2567 5002 annum
2596 4965 2608 4998 :
2643 4962 2798 5013 quem
2831 4951 3042 5015 excepit
3089 4946 3400 5016 Longinus;
3425 4951 3515 5016 qui
3562 4952 3677 5014 pri-

2099 5033 2218 5072 mus
2249 5021 2445 5074 missus
2491 5019 2544 5072 in
2589 5018 2796 5072 Italiam
2851 5025 2933 5072 est
2985 5032 3104 5071 cum
3155 5020 3308 5073 titulo
3357 5029 3411 5071 et
3469 5020 3678 5073 honore

2098 5088 2356 5152 exoro/tte,
2389 5100 2442 5142 et
2473 5089 2742 5142 Ravenna)
2770 5088 2970 5141 resedit
2997 5103 3160 5152 anno,
3191 5099 3248 5142 ut
3277 5089 3508 5154 videtur,
3543 5089 3676 5154 568,

2097 5175 2202 5229 quo
2232 5158 2569 5230 Langobardi
2599 5160 2648 5212 in
2682 5158 2884 5230 Italiam
2933 5160 3195 5230 irrupere.
3247 5159 3326 5214 Ex
3366 5161 3562 5226 quibus
3595 5162 3681 5212 in-

2101 5227 2371 5299 tclligitur
2407 5240 2640 5300 tempus,
2670 5243 2775 5297 quo
2802 5227 2998 5300 Narses
3029 5230 3083 5283 in
3110 5229 3254 5284 Italia
3299 5230 3450 5293 vixit,
3475 5232 3683 5296 optime

2098 5315 2397 5370 congruere
2417 5299 2535 5354 cuin
2564 5314 2652 5364 eo,
2680 5315 2786 5368 quo
2809 5309 2864 5353 et
2887 5299 3212 5354 Fortunatus
3229 5301 3498 5355 Ravennae
3514 5304 3680 5368 degev

2099 5372 2361 5440 batzquo
2421 5380 2684 5440 prmsente
2732 5370 3102 5424 existimamus
3151 5370 3422 5424 basilicam
3470 5371 3682 5425 Raven-

2101 5456 2319 5496 nensem
2369 5440 2666 5496 dedicatam
2719 5440 2901 5494 fuisse.
2947 5441 3063 5508 Ipse
3109 5440 3304 5495 Narses
3354 5441 3474 5495 Dux
3502 5440 3682 5496 Italia!

2098 5513 2407 5567 nominatur
2427 5527 2456 5565 a
2478 5511 2637 5579 Greg.
2665 5510 2868 5565 Turoo.
2910 5511 2947 5564 I.
2981 5527 3032 5564 v.
3068 5511 3312 5565 Historiae
3343 5512 3680 5568 Francorum

2097 5599 2218 5651 cap.
2247 5583 2319 5637 20
2347 5599 2362 5635 :
2392 5581 2545 5652 cujus
2570 5582 2794 5651 proinde
2820 5597 3090 5652 personm,
3114 5593 3165 5635 et
3197 5583 3435 5650 dignitati
3463 5597 3526 5635 ea
3549 5600 3679 5636 con-

2097 5653 2318 5708 veniunt
2347 5668 2467 5722 qum
2502 5654 2587 5707 hic
2628 5667 2657 5706 a
2691 5653 2982 5707 Fortunato
3031 5653 3099 5706 de
3127 5653 3216 5707 illo
3247 5667 3677 5707 commemoran-

2098 5735 2182 5781 tur
2217 5743 2229 5778 :
2255 5725 2380 5781 Dux
2411 5724 2533 5779 nitet
2557 5723 2672 5778 hinc
2704 5724 2877 5789 armis,
2912 5733 3015 5779 etc.
3045 5723 3322 5795 (Secunda:
3351 5739 3488 5778 cura:
3509 5726 3679 5794 nota.)
