3990 6188
281 345 353 395 65
1512 347 2009 404 MISCELLANEA.
2036 377 2107 389 —
2137 348 2265 403 LIB.
2310 350 2350 405 Ι.
3500 356 3569 410 66

281 457 363 509 Nu
401 457 499 509 iilti
533 456 674 510 desit
717 456 911 520 honor,
957 457 1209 524 populum
1260 456 1396 511 Deus
1425 461 1572 512 auxit
1612 459 1873 529 opimum,
1907 466 1954 521 Α
1983 461 2099 525 Quo
2129 459 2426 514 veneranda
2460 459 2527 525 pii
2558 459 2899 528 requiescunt
2927 460 3131 515 viscera
3168 461 3331 529 Petri,

355 550 456 612 Qui
497 548 632 600 vidit
660 562 877 601 sensum
913 546 1011 600 lioc
1043 549 1276 603 voluisse
1308 558 1478 604 tuum.

280 637 606 707 iilysterittm
637 636 762 691 lidei
788 638 1078 707 complevit
1105 649 1225 693 vota
1259 640 1497 708 petendi,

359 730 531 793 Felix,
564 729 652 783 cui
680 729 956 795 dominus,
986 745 1109 800 qua!
1137 734 1311 800 cupis,
1347 733 1459 801 ipsa
1491 733 1661 789 vehit.

284 824 528 876 I'litrima
556 822 746 876 divino
772 822 1017 877 celebres
1044 824 1305 877 solemnia
1333 825 1497 890 dono,

355 916 535 984 Atque
558 913 651 968 Dei
686 914 889 969 ﬂorens
918 914 1117 983 templa
1142 915 1370 970 locando
1399 918 1549 971 colas
1572 924 1624 969 ³.

922 1025 1148 1083 CAPUT
1190 1027 1253 1081 Il.

287 1141 363 1195 De
404 1142 599 1204 templo
626 1140 655 1178 δ
682 1142 859 1195 damni
908 1141 1149 1203 An‘drew,
1179 1141 1316 1205 quod
1363 1141 1635 1209 aediﬁcavit
1691 1140 1879 1197 Vitalis

540 1211 831 1281 Episcopus
876 1210 1152 1265 Ravennas
1183 1212 1617 1285 [ﬂavennensis].

283 1323 572 1396 [Eamdem
628 1322 801 1377 sancti
845 1322 1084 1396 Andreai
1132 1321 1403 1396 basilicam
1450 1322 1871 1396 a-dilicatam__et

353 1396 505 1449 brevi
536 1404 783 1460 tempore
808 1393 1106 1447 absolutam
1141 1392 1305 1447 fuisse
1328 1403 1509 1446 narrat
1542 1408 1755 1447 summo
1785 1394 1877 1447 Vi-

356 1465 481 1519 talis
508 1465 689 1535 studio
712 1478 777 1535 ac
806 1464 1146 1518 liberalitate.
1174 1463 1367 1535 Sacras
1396 1464 1653 1533 reliquias
1679 1464 1875 1535 quibus

350 1535 545 1589 eadem
576 1534 806 1604 insignis
836 1544 953 1588 emt
977 1532 1269 1605 recenset.]
1518 1532 1531 1533 ’
1638 1572 1641 1575 .

280 1650 539 1719 Quisquis
565 1648 633 1702 ad
658 1647 772 1702 haec
799 1649 971 1702 sancti
1003 1650 1284 1703 concurris
1313 1647 1499 1702 limina
1534 1647 1743 1718 templi,

351 1743 407 1797 Si
433 1742 623 1796 venitis
645 1739 905 1809 supplex,
938 1739 1024 1794 liic
1052 1753 1215 1809 prece
1247 1739 1417 1793 sumis
1444 1754 1624 1809 opem.

279 1834 454 1898 Quam
486 1845 641 1884 sacer
671 1829 903 1883 antistes
929 1827 1117 1884 Vitalis
1146 1828 1389 1883 condidit
1417 1843 1621 1894 arcem,

351 1919 604 1975 Culinine
631 1935 751 1989 qua:
778 1919 917 1973 ctelo
943 1928 964 1956 ε
992 1930 1076 1973 cst
1107 1928 1351 1987 tempore
1380 1922 1537 1973 ducta
1571 1918 1744 1976 brevi.

286 2010 574 2070 Fundavit,
605 2010 822 2073 struxit,
857 2009 1096 2073 dntavit;
1124 2009 1319 2063 deinde
1346 2008 1565 2075 dicavit,

356 2104 424 2157 Et
448 2101 651 2157 meruit
682 2103 868 2170 templi
890 2102 1099 2157 solvere
1130 2111 1251 2156 vota
1280 2103 1387 2156 sui.

354 2227 379 2254 ⁸
408 2216 554 2272 ﬁdit.
590 2215 759 2269 Paris.
792 2232 806 2267 :

408 2297 576 2358 Atque
602 2294 697 2344 Dei
724 2294 897 2345 laudes
920 2293 1101 2357 templa
1123 2292 1327 2344 colenda
1352 2294 1504 2345 loces.

352 2364 379 2404 ε’
408 2368 465 2421 In
499 2382 610 2419 uno
650 2365 784 2419 Ccd.
819 2364 936 2417 Vat.
968 2366 1160 2434 legitur
1187 2365 1265 2418 sic
1295 2366 1481 2419 titulus
1508 2363 1614 2418 iste
1639 2380 1652 2417 :
1682 2362 1876 2417 Versus

286 2443 349 2491 de
377 2435 572 2505 templo
601 2438 770 2490 sancti
800 2436 1053 2501 Andrew;
1084 2434 1353 2504 wdi/it-avit
1397 2434 1579 2489 Vitatis
1608 2434 1878 2504 episcopus

291 2510 558 2563 llarenna.

358 2590 381 2616 ⁸
421 2579 540 2632 Duo
570 2576 739 2631 Codd.
773 2576 965 2639 Vatic.,
999 2575 1219 2630 culmine
1244 2591 1361 2645 quae
1382 2574 1551 2630 Celso.

356 2646 383 2684 ἀ
430 2649 689 2702 Maturius
735 2659 893 2717 atque
938 2648 1195 2703 Sisennus
1242 2644 1503 2717 martyres
1547 2644 1697 2702 fuere
1728 2660 1758 2700 e
1790 2645 1867 2701 Ie-

288 2720 448 2797 gione
472 2717 537 2797 _F
534 2719 698 2797 _elici,_
708 2718 839 2797 dicti
871 2730 1133 2797 martyres
1161 2724 1527 2787 Agaunenses,
1568 2721 1637 2772 de
1664 2718 1862 2788 quibus

290 2786 635 2860 plurainlra,
668 2789 760 2843 lib.
794 2786 1051 2860 "£6.15.

363 2870 386 2897 ε
435 2859 519 2915 CI.
567 2860 649 2913 vir
698 2858 1031 2922 Baccbinius,
1084 2857 1136 2912 io
1185 2857 1452 2927 agnellum
1503 2858 1765 2926 Ravenn.,
1814 2858 1865 2912 in

286 2933 504 2985 observ.
547 2931 613 2983 ad
654 2929 825 2983 Vitam
868 2930 1037 2983 sancti
1090 2927 1421 2992 Maximiani,
1470 2939 1655 2984 censet
1702 2929 1867 2984 Joan-

288 3018 434 3066 nem,
484 3001 557 3055 de
600 3015 708 3068 quo
746 2998 830 3053 hic
862 2999 1211 3064 Fortunatus,
1246 2998 1616 3053 Ravennatem
1647 3001 1862 3069 episco-

291 3090 413 3136 pum
446 3070 639 3134 fuisse,
685 3071 867 3141 illum,
913 3074 1001 3138 qui
1054 3070 1293 3141 proxime
1322 3069 1461 3141 sedit
1504 3080 1625 3141 post
1649 3069 1864 3141 Petrum

1905 1831 1955 1894 B

2056 549 2154 615 Qui
2184 548 2378 602 meruit
2407 548 2552 602 solus
2574 548 2725 603 clave
2759 548 2926 620 ligare
2956 553 3133 620 polos.

1986 639 2187 697 Paulus
2211 642 2502 712 apostolica
2528 641 2686 697 simul
2716 643 2818 697 hac
2845 613 3106 698 retinetur
3139 644 3190 698 in
3221 646 3361 712 aula,

2067 732 2329 788 Seductor
2351 732 2641 802 quondam,
2673 734 2762 802 qui
2796 733 2955 788 modo
2984 738 3172 789 det-tor
3194 744 3339 791 ovat.

1994 822 2143 878 Hanc
2168 837 2322 879 sacer
2353 823 2595 878 Andreas
2627 824 2895 893 propriam
2944 823 3045 878 sibi
3090 824 3324 881 vindicat
3353 842 3559 899 arcem,

2059 913 2124 968 Et
2148 927 2269 968 cum
2298 912 2463 968 fratre
2492 912 2581 983 pio
2609 912 2927 982 participato
2950 914 3111 983 regit.

1984 1003 2110 1058 Haec
2136 1019 2228 1059 sua
2264 1014 2404 1059 tecta
2435 1004 2607 1073 replet
2634 1004 2957 1060 Laurentius
2985 1005 3107 1075 igne
3137 1020 3352 1077 sereno,

2051 1093 2149 1149 Cui
2178 1097 2262 1163 pia
2292 1094 2505 1150 ﬂamma
2534 1095 2680 1150 dedit
2711 1095 2828 1150 luce
2854 1110 3090 1164 perenne
3115 1098 3277 1153 diem.

1982 1184 2139 1239 Vitali
2172 1186 2361 1241 domus
2392 1187 2493 1242 ista
2527 1187 2729 1257 placet,
2768 1188 2861 1257 qui
2891 1191 3044 1245 vivus
3072 1192 3249 1247 arenis

2053 1275 2309 1333 Defossus
2337 1280 2532 1335 meruit
2563 1280 2789 1349 perdere
2817 1280 3006 1337 mortis
3034 1282 3155 1337 iter.

1983 1369 2121 1425 Sunt
2150 1370 2267 1425 loca
2298 1370 2534 1437 Martini,
2566 1371 2657 1441 qui
2687 1372 2826 1428 texit
2854 1384 3007 1428 veste
3040 1382 3336 1441 tonantem,

2054 1459 2133 1515 Ne
2153 1459 2323 1528 magis
2352 1462 2576 1531 algeret,
2602 1477 2663 1517 se
2688 1463 2923 1533 spoliare
2954 1464 3123 1520 dedit.

1985 1549 2127 1605 Ecce
2159 1550 2314 1621 Vigili
2345 1565 2437 1605 arx
2467 1561 2572 1619 est,
2604 1567 2765 1622 quem
2789 1553 2994 1608 rustica
3021 1553 3172 1609 turba
3200 1555 3424 1624 peremit
3449 1573 3465 1611 :

2054 1642 2209 1698 Unde
2237 1644 2374 1698 mori
2401 1645 2590 1709 voluit,
2624 1659 2770 1700 mors
2798 1646 2966 1715 magis
2995 1646 3109 1717 ipsa
3136 1646 3289 1718 fugit.

1982 1731 2172 1787 Incolit
2200 1734 2314 1789 haec
2344 1733 2546 1805 pariter
2575 1733 2833 1791 Maturius
2856 1732 2883 1772 ά
2914 1745 3075 1806 atque
3102 1737 3362 1793 Sisennus
3388 1757 3400 1791 :

2050 1822 2195 1891 Quos
2217 1838 2387 1892 genus
2414 1832 2577 1893 atque
2608 1825 2760 1891 ﬁdes,
2789 1833 2845 1881 et
2872 1834 3021 1882 tenet
3046 1842 3149 1881 una
3181 1827 3347 1883 salus.

1983 1913 2212 1970 Sanctus
2240 1915 2545 1970 Alexander
2573 1916 2806 1987 felixque
2834 1917 3031 1973 Cecilia
3062 1917 3263 1988 pollent
3292 1937 3304 1971 :

2054 2007 2199 2074 Quos
2229 2007 2433 2061 meritis
2457 2021 2645 2062 omnes
2675 2023 2779 2061 una
2807 2022 3004 2063 corona
3034 2019 3236 2064 manet.

1987 2104 2010 2131 ε
2035 2100 2159 2155 Haec
2184 2098 2357 2155 bonus
2385 2099 2661 2167 antistes,t
2684 2100 2837 2155 Vitali
2868 2110 3111 2171 urgente,
3142 2101 3398 2171 Joannes,

1981 2210 2079 2265 sibi
2111 2220 2158 2265 et
2194 2227 2339 2283 soror
2390 2213 2615 2278 viveret,
2643 2219 2697 2267 et
2717 2212 2873 2283 longa
2917 2220 3154 2281 nepotum
3205 2215 3358 2269 series
3429 2227 3551 2269 cunt

1983 2290 2183 2353 tamen,
2213 2282 2415 2336 exclusi
2456 2283 2718 2337 bellorum
2759 2282 3090 2347 tumultibus,
3120 2283 3250 2337 nihil
3278 2286 3343 2338 ad
3372 2284 3547 2353 ipsum

1982 2351 2275 2406 litterarum
2307 2367 2497 2407 novem
2526 2367 2786 2406 annorum
2815 2353 2990 2421 spatio
3019 2355 3312 2408 misissent.
3341 2351 3548 2410 Deinde

1986 2422 2089 2476 hoc
2137 2424 2189 2476 in
2235 2422 2473 2477 carmine
2521 2421 2742 2477 Fortun.
2791 2438 2851 2477 se
2890 2439 2993 2477 non
3026 2424 3226 2477 indicat
3272 2425 3548 2479 absentem

1983 2506 2127 2555 esse,
2157 2492 2297 2561 quod
2326 2492 2402 2545 illi
2431 2491 2671 2547 solemne
2697 2494 2829 2547 alias
2857 2491 2973 2558 fuit,
3008 2508 3105 2547 nec
3129 2494 3379 2549 absentes
3406 2509 3553 2550 cont~

1981 2562 2168 2636 pellat,
2218 2573 2271 2636 et
2299 2577 2394 2636 eos
2422 2563 2543 2618 huic
2572 2563 2893 2618 dedicationi
2919 2563 3233 2636 interfuisse
3271 2565 3419 2632 dicit,
3462 2564 3549 2633 qui

1980 2633 2175 2704 mirum
2226 2633 2289 2704 si
2329 2634 2519 2687 absens
2574 2648 2733 2688 nosse
2785 2633 2960 2704 potuit
3009 2636 3151 2702 quod
3204 2636 3540 2690 interessent.

1974 2702 2253 2775 Postremo
2279 2702 2379 2775 hoc
2401 2717 2593 2775 poema
2615 2705 2768 2775 tanti
2789 2702 2918 2775 'uon
2949 2718 3069 2758 esse
3098 2705 3325 2768 videtur,
3357 2721 3542 2775 qnam—

1972 2772 2157 2826 obrem
2201 2788 2266 2828 ex
2309 2770 2481 2827 Gallia
2522 2776 2573 2827 in
2611 2774 2815 2828 Italiam
2867 2774 2996 2828 illud
3045 2779 3284 2830 mitteret
3322 2770 3548 2831 sive-de

1971 2842 2253 2914 industria,
2282 2843 2395 2897 sive
2423 2844 2675 2897 invitatus
2700 2844 2767 2898 ab
2789 2843 2965 2914 aliquo
2992 2848 3309 2899 amicorum.

2044 2912 2306 2991 quocirca
2337 2927 2403 2966 eo
2430 2914 2693 2968 sententia
2727 2912 3057 2991 propendeo,
3090 2924 3145 2967 ut
3178 2926 3359 2991 putem
3383 2915 3541 2991 _bunc

1974 2981 2204 3037 Vitalem
2252 2984 2653 3037 Ravennensein
2683 2981 2998 3054 episcopum
3036 3000 3141 3039 non
3179 2981 3343 3039 alium
3378 2986 3545 3039 fuisse

1973 3068 2002 3107 a
2038 3054 2382 3117 Maximiano,
2412 3056 2524 3123 qui,
2555 3068 2644 3107 an.
2675 3055 2801 3118 546,
2850 3063 3063 3125 creatus
3108 3057 3391 3125 episc0pus
3434 3056 3541 3110 Ra-

290 3122 609 3198 sitiam;
623 3122 744 3208 ipse
758 3122 1080 3195 caecitas";
1104 3140 1321 3208 insuper
1341 3122 1591 3209 opimiiir
1614 3122 1864 3205 viauia;

1976 3126 2285 3212 vetiaensis,
2322 3125 2458 3177 sedit
2489 3138 2653 3212 usque
2678 3126 2743 3179 ad
2767 3138 2855 3212 an.
2881 3122 3231 3212 §55,_quique
3262 3122 3534 3181 basilicam

289 3231 316 3266 a
359 3230 469 3281 quo
523 3212 807 3266 Basilicam
855 3214 1022 3265 sancti
1073 3213 1299 3265 Andreae
1350 3212 1735 3281 exmdilicatam
1778 3212 1864 3266 hic

290 3280 453 3338 refert
499 3282 847 3345 Fortunatus,
881 3298 985 3335 tton
1009 3281 1220 3351 quidem
1246 3282 1555 3349 episc0pum
1588 3280 1857 3335 Ravenna:

291 3356 492 3417 fuisse,
542 3354 638 3407 sed
683 3353 857 3406 solum
914 3352 1275 3405 Ravennatem
1316 3356 1521 3419 patria,
1569 3360 1617 3404 et
1662 3352 1863 3418 episco-

292 3442 415 3493 pum
463 3425 759 3493 cujuspiam
808 3437 872 3475 ea:
909 3424 1224 3485 dioecesibus,
1278 3419 1583 3493 Ravennati
1611 3432 1866 3490 metropo-

289 3500 391 3549 titte
432 3492 705 3565 subjectis,
734 3494 821 3563 qui
867 3501 914 3565 et
960 3494 1069 3563 ipse
1095 3492 1210 3545 divo
1255 3492 1471 3545 Antii-en:
1506 3492 1685 3565 rudem
1716 3508 1862 3565 egre-

286 3570 420 3637 giam
442 3563 757 3637 condiderit,
779 3563 1155 3631 dedicaritque,
1170 3573 1215 3615 et
1232 3579 1263 3615 a
1286 3566 1611 3637 metropolita
1637 3563 1865 3637 obtinue-

285 3633 350 3690 rit
387 3635 641 3705 reliquias
682 3645 969 3700 enarratas,
1007 3648 1283 3703 earumque
1329 3635 1606 3705 solemnem
1654 3633 1708 3685 in
1742 3650 1862 3688 suos

287 3708 485 3761 loculos
502 3702 903 3759 translationem
923 3746 937 3767 ,
967 3702 1411 3758 intervenientibus
1436 3702 1747 3757 Ravennatis
1772 3721 1862 3773 po-

286 3781 391 3847 puli
414 3778 740 3847 proceribus,
780 3790 1062 3846 magnaque
1088 3775 1417 3841 ﬁnitimorum
1444 3775 1751 3847 frequentia,
1783 3791 1860 3830 ce-

285 3846 518 3903 lebrant.
583 3846 721 3901 Eum
770 3860 901 3901 vero
951 3847 1379 3914 metropolitani,
1432 3861 1461 3896 a
1509 3860 1618 3914 quo
1672 3846 1861 3901 Vitalis

288 3920 566 3989 reliquias,
593 3919 647 3971 in
679 3918 783 3970 isto
808 3919 1287 3989 carmine_relatas,
1309 3914 1558 3989 obtinuit,
1592 3916 1769 3989 fuisse,
1790 3918 1863 3985 ip-

281 3986 725 4050 sum'Joannem,
754 3987 845 4056 qui
894 3986 1254 4056 postPetruin
1303 3986 1582 4042 Seniorem
1629 3987 1862 4041 tenuisse

286 4062 471 4114 sedem
505 4055 912 4112 Ravennensem
944 4055 1154 4127 lefttur.

357 4131 557 4208 Yet-um
588 4138 771 4208 etego
800 4125 1274 4208 minimél‘ortassce
1317 4125 1708 4208 recusaremin
1739 4141 1862 4208 eru-

282 4201 535 4255 ditissimi
575 4199 673 4252 viri
713 4197 791 4253 ire
829 4197 1171 4264 sententiain,
1202 4198 1249 4250 si
1278 4207 1369 4250 aut
1390 4197 1685 4251 verisimile
1712 4197 1863 4253 vide-

283 4284 430 4325 retur
463 4270 815 4324 Fortunatum
848 4268 1153 4322 nominasse
1188 4267 1413 4322 Vitalem
1446 4271 1621 4337 potius
1648 4282 1715 4321 ex
1764 4283 1863 4337 pa-

285 4344 397 4394 triae
427 4355 592 4409 quam
621 4354 685 4394 ex
717 4338 864 4395 sedis
886 4353 1044 4407 quam
1076 4338 1289 4393 tenebat
1318 4342 1533 4392 nomine
1573 4338 1858 4393 Ravenna-

284 4425 389 4466 lem
433 4414 774 4481 episcopum,
807 4414 1137 4464 reclamante
1166 4411 1327 4481 totius
1357 4409 1640 4481 vetustatis
1665 4412 1859 4479 (quan-

282 4495 393 4535 tum
438 4476 542 4551 ego
582 4476 795 4548 quidem
842 4481 1053 4548 assequi
1102 4479 1271 4551 potui)
1317 4476 1730 4551 consuetudine,
1770 4488 1862 4532 aut

281 4548 499 4607 ostendi
548 4563 731 4620 posset
776 4551 879 4604 hoc
909 4564 1093 4619 poema
1124 4548 1384 4620 scriptum
1414 4549 1583 4604 fuisse
1607 4563 1638 4602 a
1669 4548 1861 4604 Fortu-

286 4634 410 4676 nato
439 4637 566 4676 cum
605 4622 717 4691 jam
739 4622 957 4690 degeret
985 4622 1036 4673 in
1065 4620 1258 4691 Gallia,
1291 4634 1397 4689 quo
1425 4630 1741 4691 pervenerat
1770 4635 1861 4674 an.

281 4693 409 4757 .565,
435 4695 521 4747 vel
547 4689 620 4746 ad
645 4689 911 4745 somnium
942 4706 1032 4745 an.
1066 4690 1191 4756 566,
1225 4702 1281 4745 ut
1304 4692 1515 4745 ostendi
1541 4692 1593 4744 in
1619 4689 1864 4759 ejusdem

284 4765 425 4830 Vita,
460 4779 616 4817 num.
660 4763 730 4815 26
757 4772 811 4816 et
839 4776 955 4830 seq.
986 4762 1223 4816 Joannes
1254 4776 1403 4827 vero,
1449 4762 1540 4830 qui
1580 4763 1719 4815 sedit
1743 4770 1867 4829 post

284 4837 501 4888 l'etrum
547 4834 849 4896 Senioreni,
883 4848 989 4885 non
1037 4834 1174 4886 rexit
1216 4832 1513 4886 Ecclesium
1546 4831 1867 4886 ltavennenv

284 4916 394 4959 sem
433 4914 560 4958 ante
606 4919 695 4957 an.
746 4904 878 4971 575,
929 4903 1046 4972 ipso
1087 4903 1389 4956 atlirniante
1436 4902 1745 4956 Baccliinio.
1796 4904 1866 4957 At

287 4977 530 5042 profecto
574 4974 835 5028 credibile
876 4989 979 5027 non
1025 4984 1128 5037 est,
1164 4976 1432 5042 praecipue
1463 4982 1570 5025 tam
1605 4974 1868 5041 procello-

286 5051 378 5110 sis,
410 5061 477 5099 ac
505 5046 732 5099 turbulis
773 5046 1126 5113 temporibus,
1173 5059 1201 5096 a
1247 5044 1862 5113 quoquatnatnicorum,

290 5133 338 5169 in
368 5118 520 5171 Italia
541 5111 1278 5183 degentium,compellatum
1304 5118 1467 5167 luisse
1490 5111 1865 5178 Fortunntttm,

290 5200 343 5237 nt
389 5200 608 5240 carmen
649 5187 911 5239 scriberet
939 5189 989 5237 in
1020 5186 1408 5237 dedicationem
1442 5183 1673 5237 basilica:
1702 5186 1865 5248 illius,

291 5258 582 5322 pnesertim
612 5271 735 5310 cum
769 5256 884 5324 ipse
916 5256 986 5308 ab
1014 5256 1162 5308 Italia
1195 5260 1284 5309 diu
1315 5258 1468 5310 exsul
1516 5256 1643 5307 illud
1683 5271 1866 5309 secum

288 5335 733 5399 conquereretur,
757 5327 793 5378 I.
827 5341 921 5390 vn,
943 5340 993 5380 c.
1025 5326 1084 5378 II
1115 5342 1127 5377 :

409 5419 562 5471 Exsul
588 5423 649 5470 ab
674 5419 811 5471 Italia
836 5429 963 5467 nono
989 5424 1102 5479 puto
1121 5416 1281 5465 volior
1300 5416 1361 5468 ab
1386 5427 1531 5479 anno,

477 5484 672 5532 Littoris
689 5484 872 5536 Oceani
892 5489 1206 5540 contiguame
1229 5488 1347 5527 salo.

406 5546 652 5606 Tempora
678 5554 750 5595 tot
765 5545 976 5606 fugiunt,
990 5550 1043 5589 et
1058 5542 1214 5589 adhuc
1237 5555 1326 5606 per
1344 5544 1523 5602 scripta
1539 5548 1810 5605 parentum,

470 5607 646 5657 Nullus
664 5610 726 5657 ab
750 5605 964 5655 exclusis
980 5615 1063 5651 tne
1087 5605 1330 5653 recreavit
1351 5616 1499 5667 apex.

358 5682 426 5735 At
455 5695 585 5734 vero
607 5682 651 5733 si
680 5680 800 5746 quis
845 5679 1036 5732 litteris
1087 5674 1437 5730 Fortunatum
1486 5676 1718 5733 salutare
1770 5681 1867 5733 ab-

288 5764 495 5806 sentem
535 5750 789 5815 debebat,
824 5751 867 5805 is
898 5751 1087 5802 luisset
1112 5747 1374 5816 quispiam
1406 5762 1470 5801 ex
1506 5747 1819 5817 propinquvé
1848 5770 1861 5816 ;

293 5824 588 5890 pra'sertint
620 5837 765 5887 cum,
799 5832 852 5875 ut
881 5823 984 5876 alio
1015 5821 1129 5874 loco
1154 5832 1331 5874 narrat
1363 5819 1500 5875 idem
1534 5821 1670 5890 ipse,
1703 5821 1869 5877 Mater

1971 3196 2141 3250 sancti
2169 3197 2397 3248 Andreae
2424 3206 2752 3249 restaurasse
2773 3197 2840 3249 ab
2870 3198 3092 3265 Agnello
3121 3197 3326 3251 Raven.
3357 3212 3537 3251 narra-

1972 3274 2081 3331 tur,
2112 3276 2168 3339 ut
2213 3266 2349 3339 inl'ra
2390 3266 2626 3339 dicetur.
2682 3268 2760 3319 Ac
2804 3281 2926 3339 cum
2976 3267 3020 3339 is
3065 3265 3148 3339 [ut
3193 3268 3354 3321 refert
3403 3268 3543 3321 idem

1975 3335 2252 3407 Agnellusl
2281 3337 2516 3389 venisset
2542 3335 3084 3406 Constantinopolim,
3111 3345 3169 3390 ut
3194 3352 3389 3407 corpus
3415 3352 3543 3392 san-

1970 3407 2042 3461 cti
2075 3406 2303 3460 Andreae
2334 3408 2588 3472 auferret,
2637 3421 2700 3460 ac
2739 3407 3043 3462 Ravennam
3092 3406 3401 3475 deveheret,
3440 3422 3541 3462 nec

1968 3478 2233 3600 potuisset
2277 3476 2344 3530 ab
2395 3478 2718 3546 imperatore
2765 3476 3171 3546 Constantinop.
3227 3480 3534 3547 impetrare,

2004 3547 2185 3600 arbam
2224 3546 2293 3600 de
2336 3560 2566 3600 cornore
2613 3547 2850 3600 eiusdem
2875 3549 3060 3600 sancti
3090 3548 3319 3600 Aitdrea:
3347 3549 3534 3600 secuit.

2004 3547 2185 3601 arbam
2224 3546 2293 3601 de
2336 3560 2566 3614 corpore
2613 3547 2850 3615 ejusdem
2873 3549 3060 3613 ,sancti
3090 3546 3319 3604 Audreai
3347 3549 3538 3611 secuit,

1967 3632 2031 3672 ac
2062 3618 2368 3671 llavennain
2414 3618 2608 3672 detulit
2648 3632 2767 3671 cum
2803 3618 2919 3672 aliis
2960 3618 3198 3688 pluribus
3227 3631 3537 3674 sanctorum

1968 3688 2228 3759 reliquiis.
2262 3687 2452 3756 Neque
2482 3703 2609 3742 vero
2637 3688 2877 3743 insolens
2904 3687 3122 3743 utunus
3172 3689 3415 3759 idemque
3460 3689 3543 3742 vir

1968 3769 2023 3813 et
2056 3756 2239 3813 Vitalis
2268 3768 2323 3812 et
2350 3759 2703 3812 Maximianus
2729 3759 3118 3830 appellaretur,
3149 3756 3447 3828 praesertim
3476 3774 3539 3813 ea

1968 3838 2124 3883 rotate
2165 3844 2266 3900 qua
2298 3830 2491 3898 singuli
2536 3832 2686 3898 plura
2718 3833 2816 3900 sibi
2851 3832 3061 3884 nomina
3104 3830 3453 3900 usurpabant,
3486 3842 3544 3883 ut

1967 3898 2446 3953 animadvertimus
2488 3903 2538 3953 in
2588 3900 2702 3954 Vita
2746 3899 2915 3965 It‘ort.,
2948 3916 3096 3953 unm.
3125 3902 3159 3955 5
3187 3898 3251 3956 εί
3271 3901 3325 3953 li.
3358 3901 3410 3953 Id
3441 3916 3540 3953 au-

1970 3977 2077 4023 teitt
2108 3978 2165 4021 ut
2196 3973 2445 4037 sentiam,
2477 3981 2655 4040 movet
2683 3972 2734 4023 in
2764 3971 2951 4039 primis
2974 3970 3142 4039 ipsius
3166 3972 3372 4040 Agnelli
3397 3972 3544 4025 testi-

1968 4044 2232 4104 inonium,
2263 4042 2354 4107 qui
2396 4039 2543 4093 addit
2569 4040 2945 4092 Maxinuanutn
2977 4039 3243 4093 ecclesiam
3270 4040 3401 4094 beati
3430 4045 3542 4093 An-

1966 4112 2103 4163 drere
2129 4111 2348 4177 apostoli
2390 4124 2505 4161 cum
2535 4110 2673 4161 omni
2702 4108 2968 4179 diligentia
3016 4112 3269 4163 columnis
3320 4126 3548 4162 marmo-

1965 4180 2066 4232 reis
2106 4179 2409 4248 suﬂ'ulsisse,
2458 4180 2739 4247 ablatisqtte
2766 4178 2973 4232 vetustis
3001 4178 3181 4247 ligneis
3223 4181 3287 4231 de
3331 4180 3547 4233 nucibus

1966 4247 2251 4320 proconisis
2290 4250 2575 4320 decorassc.
2615 4249 2697 4302 Ab
2727 4263 2800 4320 eo
2835 4247 3015 4317 itaque
3052 4250 3543 4320 etdedicationent

1968 4318 2202 4374 basilicae
2224 4319 2398 4373 sancti
2423 4321 2649 4374 Andreae
2671 4319 3000 4375 celebratam
3025 4318 3319 4376 verisimile
3348 4330 3450 4389 est,
3473 4320 3542 4376 de

1966 4405 2070 4459 qua
2102 4389 2189 4444 hic
2218 4389 2559 4447 Fortunatus.

2036 4462 2189 4526 Quod
2220 4475 2349 4515 vero
2395 4462 2589 4533 attinet
2635 4460 2700 4515 ad
2748 4458 3032 4526 Joannem,
3063 4460 3133 4516 de
3159 4476 3269 4533 quo
3300 4462 3401 4515 hoc
3428 4461 3547 4516 loco

1892 4519 1941 4579 Ι)
1971 4519 2151 4586 εει-ἷηο
2179 4542 2282 4597 est,
2315 4546 2420 4586 non
2456 4532 2865 4586 Ravennensetn
2914 4519 3259 4597 antistitem»
3283 4533 3377 4588 sed
3431 4533 3540 4587 Ro—

1979 4617 2195 4656 manum
2234 4600 2400 4656 fuisse
2428 4604 2768 4672 crediderim,
2803 4605 3028 4656 fortasse
3060 4605 3283 4672 hujusce
3312 4606 3544 4657 nominis

1982 4675 2218 4735 tertium,
2263 4690 2293 4726 a
2320 4687 2425 4740 quo
2457 4670 2666 4736 \‘i'talis,
2697 4677 2985 4743 episcopus
3012 4670 3542 4742 jani‘tlavennensis,

1979 4756 2130 4797 sacra
2163 4744 2248 4796 illa
2281 4744 2511 4812 Lipsana
2544 4746 2862 4813 impetrarit,
2899 4759 2950 4796 in
2983 4744 3203 4799 basilica
3232 4748 3406 4799 sancti
3433 4748 3543 4798 An-

1977 4815 2122 4868 dreae
2152 4815 2448 4867 condenda.
2481 4816 2647 4868 Porro
2676 4814 2728 4867 id
2758 4817 2809 4867 iii
2840 4830 2990 4868 more
3012 4814 3196 4879 fuisse,
3228 4824 3284 4869 ut
3322 4830 3351 4868 a
3386 4814 3540 4870 Rom.

1979 4884 2321 4952 pontiﬁcibus
2352 4885 2589 4954 reliquie:
2625 4894 2931 4939 sanctorum
2977 4887 3043 4939 ad
3088 4888 3281 4955 tenipla
3334 4886 3546 4940 ditanda

1979 4956 2415 5023 postularentur,
2477 4957 2609 5009 satis
2667 4957 2902 5009 declarat
2965 4968 3116 5012 vetus
3188 4971 3404 5010 carmen
3479 4960 3549 5008 ab

1978 5026 2201 5094 Agnello
2254 5029 2478 5079 relatum
2507 5026 2559 5079 iti
2612 5024 2727 5079 Vita
2776 5026 2994 5079 Joannis
3038 5027 3276 5096 episcopi
3322 5026 3546 5086 navem,

1980 5102 2068 5163 qui
2121 5108 2501 5149 monasterium
2556 5108 2860 5151 sanctorum
2918 5097 3121 5161 Marci,
3173 5096 3443 5156 Marcelli,
3488 5108 3549 5149 et

1984 5166 2235 5219 Felicqu
2282 5175 2619 5221 exstinxerat
2672 5184 2683 5218 :
2739 5169 2878 5235 quod
2926 5182 3179 5230 carmen,
3229 5181 3389 5234 supra
3443 5170 3550 5216 val-

1980 5250 2073 5289 vas
2119 5236 2248 5290 dicti
2299 5236 2608 5292 tuonasterti
2658 5238 2991 5307 inscriptum,
3046 5238 3161 5290 huic
3216 5239 3374 5291 habet
3412 5240 3551 5291 inter

1979 5316 2170 5360 cetera
2204 5324 2214 5358 :

2104 5377 2269 5442 Inclita
2296 5376 2586 5442 praefulgent
2608 5388 2877 5442 sanctorum
2906 5378 3066 5427 limina
3090 5378 3259 5442 templi

2172 5439 2335 5499 Marci,
2363 5439 2594 5499 Marcelli,
2622 5439 2946 5500 Feltculmque
2969 5443 3128 5489 simul.

2103 5500 2365 5565 Pontiﬁces
2388 5505 2477 5552 bos
2502 5503 2648 5550 [lonia
2669 5507 2816 5560 cepit,
2838 5504 2943 5551 haec
2963 5511 3141 5565 martyr
3162 5503 3386 5564 habetur;

2166 5562 2349 5613 Horum
2371 5566 2635 5624 Gregorius
2657 5565 2738 5611 dat
2761 5578 2878 5626 papa
2900 5562 3156 5625 relliquias
3184 5580 3197 5617 :

2104 5624 2233 5691 Quas
2259 5630 2381 5691 petit
2403 5636 2605 5675 allllsles‘
2626 5624 3091 5689 meritis‘aiiinioque
3112 5628 3352 5691 Joannes;

2168 5687 2471 5753 I’arvulaﬁptﬁo
2493 5690 2927 5753 summisureddrre
2949 5687 3071 5739 dona
3096 5702 3228 5753 parat

2056 5747 2073 5787 τ
2107 5750 2164 5804 lu
2197 5767 2300 5805 uno
2341 5747 2473 5804 Cod.
2510 5751 2650 5818 νειμ,
2688 5749 2853 5806 i’ttale
2896 5747 3120 5825 urgente,
3154 5767 3205 5811 et
3254 5757 3521 5827 supcrsori

1978 5830 2126 5892 ptum
2154 5833 2381 5891 rogante.
