3990 6188
312 303 385 354 6’)

464 415 585 482 Quo
617 421 642 448 ⁸
677 412 809 466 nihil
839 413 1088 482 egregius
1114 409 1282 481 gloria
1315 411 1490 465 laudis
1521 423 1663 479 egi-t.

320 508 558 563 Additur
578 505 650 560 ad
671 505 944 574 specimen
969 505 1119 558 locus
1139 501 1168 539 δ
1194 503 1329 572 ipse,
1355 503 1494 570 quod
1519 503 1719 560 eminet
1741 505 1907 573 arvis,

474 599 738 666 Elatoqiie
763 595 914 665 jngo,
942 595 1082 649 colle
1106 603 1368 658 tumente,
1403 603 1547 664 patet
1575 612 1587 648 :

320 691 499 745 Altius
528 689 724 743 educto
755 687 857 741 sub
885 701 946 741 se
979 689 1127 740 tenet
1153 684 1334 739 omnia
1364 684 1562 749 dorso,

471 783 543 835 Et
569 793 888 850 quacunque
917 778 1070 847 petit,
1114 776 1365 831 deliciosa
1396 777 1546 831 videt
1577 795 1589 830 :

320 876 369 928 Δ
404 875 561 942 longe
585 871 828 933 veniens,
858 879 880 907 ε
913 869 1073 924 oculo
1101 869 1307 922 vicinus
1335 867 1585 930 habetur,

470 961 722 1029 Jungitur
750 968 991 1026 aspectu,
1022 957 1346 1012 dissociante
1375 959 1514 1012 loco.

322 1055 446 1120 Quo
475 1053 651 1107 fessus
678 1053 908 1119 rapitur,
940 1050 1055 1104 visu
1087 1051 1380 1115 invitante,
1415 1053 1607 1115 viator,

471 1143 527 1196 Si
559 1142 696 1208 pede
725 1140 986 1194 defecerit
1009 1139 1055 1204 ἀ,
1082 1139 1287 1193 lumine
1313 1150 1516 1192 tractus
1544 1139 1676 1194 adit.

323 1238 461 1302 Quae
493 1233 765 1288 Placidttta
797 1241 820 1268 °
847 1231 1017 1284 saetis
1047 1235 1254 1283 ornavit
1279 1228 1514 1283 culmina
1547 1230 1702 1295 velis,

471 1327 650 1395 Atque
685 1323 703 1361 ί
740 1324 897 1378 simul
929 1330 1158 1386 certant,
1196 1323 1280 1375 hic
1311 1319 1468 1385 facit,
1513 1321 1599 1374 illa
1631 1321 1778 1374 colit.

924 1423 1152 1479 CAPUT
1194 1423 1302 1476 VII.

321 1509 393 1561 In
425 1509 671 1561 honorem
703 1505 926 1558 basilica!
954 1504 1120 1555 sancti
1148 1501 1392 1561 Martini,
1445 1517 1599 1568 quam
1620 1502 1915 1568 mdiﬁcave-

451 1589 576 1632 runt
599 1576 828 1630 Basilius
860 1585 905 1627 et
930 1572 1306 1644 Baudegundes
1332 1571 1780 1643 [BandegundisL

325 1668 642 1741 [Templum
675 1668 727 1741 it_i
761 1665 1020 1741 honorem
1053 1665 1223 1741 sancti
1249 1661 1492 1727 Martini,
1523 1677 1549 1714 a
1589 1662 1804 1726 Basilio,
1859 1673 1914 1717 et

399 1732 762 1806 liatidegunde
785 1779 799 1800 ,
830 1735 946 1804 ejus
980 1732 1240 1806 conjuge,
1275 1747 1582 1806 renovarunt
1615 1745 1668 1806 et
1697 1744 1901 1806 restau-

395 1804 1049 1870 rzitutmcommemorat;
1102 1804 1254 1872 aquis
1295 1820 1414 1872 quge
1458 1804 1670 1857 aedilicii
1727 1805 1900 1858 locum

393 1882 645 1934 obtutum
679 1877 934 1932 tenebant
963 1875 1068 1929 alio
1095 1870 1385 1942 deiluctis.]

324 1971 548 2033 Discite,
582 1978 607 2017 8
630 1967 910 2030 mortales,
939 1966 1099 2020 terris
1127 1963 1257 2018 nihil
1284 1979 1406 2018 esse
1432 1963 1572 2033 quod
1606 1963 1783 2020 obstet

471 2061 605 2116 Cum
633 2074 786 2113 sacra
816 2057 1013 2128 templa
1038 2056 1160 2125 Dei,
1207 2056 1428 2111 ﬂumine
1459 2056 1566 2110 tlxa
1600 2066 1836 2113 manent.

324 2213 469 2256 sum,
503 2193 835 2248 horriliiliter
883 2189 1201 2253 deformem,
1235 2204 1462 2254 eumque
1512 2190 1697 2244 osculo
1740 2205 1901 2246 sana-

327 2271 422 2320 vit.
461 2266 640 2320 Facile
661 2263 980 2317 crediderim
1011 2261 1112 2314 huc
1141 2259 1348 2314 Martini
1378 2259 1572 2313 factum
1601 2262 1651 2312 iti
1681 2261 1906 2317 Basilica

329 2335 542 2392 Leontii
579 2342 779 2402 pictura
822 2331 996 2398 aliqua
1041 2331 1685 2402 expressumexstitisse.
1744 2333 1906 2390 Certe

325 2411 374 2461 id
411 2400 589 2460 moris
604 2406 787 2467 fuisse,
817 2412 871 2455 ut
898 2403 1117 2465 Templa
1141 2403 1311 2453 sacris
1335 2400 1556 2460 picturis
1581 2400 1905 2457 decoraren-

327 2491 437 2540 tur,
469 2476 601 2530 satis
624 2476 782 2528 fiderit
813 2473 968 2526 nobis
1010 2473 1130 2524 facit
1161 2471 1272 2538 ipse
1307 2469 1626 2524 Fortunatus
1656 2473 1738 2535 (ut
1769 2475 1901 2529 alios

325 2551 511 2616 plures
542 2545 822 2612 omittam)
851 2559 972 2597 cum
1004 2543 1135 2616 alias
1155 2581 1187 2616 ,_
1220 2541 1448 2616 ltlm-lllj.
1481 2557 1531 2616 tv
1570 2542 1699 2593 Vita:
1731 2546 1899 2616 sancti

332 2612 570 2679 Martini,
620 2617 706 2670 ubi
758 2625 968 2692 nar-rat,
1014 2614 1135 2692 oleo
1177 2612 1374 2692 lychni,
1405 2612 1493 2692 qui
1543 2619 1665 2664 ante
1708 2612 1902 2692 pictam

329 2693 620 2758 imaginem
693 2683 1136 2758 sancti_Martitii
1178 2682 1245 2758 _iu
1299 2682 1524 2758 basilica
1552 2752 1562 2758 _
1594 2691 1903 2758 sanctorum

327 2752 558 2812 Joannis
596 2767 649 2811 et
698 2756 846 2810 Pauli
879 2753 1144 2807 Ravennae
1177 2753 1415 2818 lucebat,
1444 2752 1720 2807 oculorum
1751 2755 1907 2823 nigri-

331 2831 512 2884 tudine
543 2843 600 2882 se
624 2828 789 2880 fuisse
811 2836 1077 2877 sanatum.

399 2909 424 2934 °
471 2901 525 2953 lu
558 2898 722 2950 duob.
770 2895 941 2948 Codd.
997 2894 1148 2959 \'at.,
1199 2906 1298 2962 quo
1324 2893 1694 2964 nilcgregins,
1742 2895 1912 2964 gleria

329 2971 501 3024 laudis
530 2979 643 3038 aget
674 2967 814 3038 quod
851 2968 1042 3033 placet.

402 3041 431 3078 δ
464 3031 613 3092 idem
667 3031 1024 3096 Fortunatus.
1072 3048 1190 3098 cap.
1229 3033 1294 3087 19
1325 3042 1379 3088 et
1416 3031 1486 3087 ιο
1531 3033 1650 3087 libri
1693 3033 1914 3102 hujusce

325 3111 512 3180 primi,
547 3108 800 3180 describit
829 3103 1336 3180 villani__V'er_-itgii_iis,
1359 3113 1415 3180 et
1436 3102 1615 3158 villam
1641 3105 1914 3180 lfroemia-

329 3173 503 3242 cum,
541 3178 672 3232 sitas
724 3181 773 3230 in
823 3192 951 3244 agro
1001 3173 1418 3243 Burdeg-ilensi,
1473 3188 1605 3244 quas
1661 3173 1914 3244 Leontius

331 3249 574 3304 ωύιίὶειίς
648 3243 1004 3318 exurnaverat
1044 3243 1630 3318 _lll:tgtllllcenliSSitlliS:
1676 3243 1912 3318 _llarum

327 3323 490 3386 igitur
526 3322 577 3372 in
603 3320 864 3372 alterutra
898 3310 1185 3369 verisimile
1212 3323 1332 3377 est,
1385 3314 1524 3369 hanc
1548 3314 1646 3386 sub
1676 3310 1916 3369 Patroci-

325 3384 421 3445 riio
453 3405 515 3445 ac
548 3389 766 3442 nomine
806 3389 972 3438 sancti
1012 3386 1243 3449 Martini,
1267 3384 1599 3439 Turonensis
1624 3386 1912 3451 Antistitis,

326 3463 504 3514 a'dcm
538 3462 704 3514 fuisse
730 3465 1055 3511 exstructam
1091 3457 1386 3523 pra-serum
1419 3468 1540 3508 cum
1577 3454 1788 3508 iilarum
1812 3454 1910 3510 vil-

323 3535 499 3585 larum
532 3531 706 3593 situs,
754 3528 1048 3597 positarum
1083 3529 1134 3578 iii
1173 3527 1310 3579 colle
1358 3525 1553 3579 leniter
1577 3526 1818 3589 devexo,
1852 3539 1916 3580 ac

323 3596 774 3671 prospicientiqu
827 3596 1238 3671 aintenissimus
1261 3610 1456 3671 agros,
1484 3597 1558 3671 _e_i
1591 3597 1915 3671 respondeat

325 3665 543 3725 loco'in
592 3685 702 3739 quo
746 3667 1025 3721 Basilicmn
1071 3667 1251 3739 sancti
1290 3665 1497 3739 Martini
1539 3665 1913 3739 itimditicatam

324 3743 498 3796 fuisse
534 3736 676 3794 idem
724 3739 1051 3792 Fortunatus
1094 3736 1180 3788 hic
1225 3736 1498 3790 describit.
1543 3736 1695 3802 Quod
1737 3746 1914 3790 autem

325 3829 497 3866 moris
545 3811 706 3864 fuerit
756 3807 1017 3878 piissimis
1057 3805 1200 3859 illius
1241 3807 1417 3859 aetatis
1462 3807 1729 3878 episcopis
1761 3805 1916 3860 vittas

331 3898 464 3936 suas
521 3877 767 3936 delubris
817 3892 1042 3941 ornare,
1095 3891 1158 3928 ac
1212 3878 1467 3945 religione
1525 3877 1917 3943 quodammodo

325 3955 691 4013 communire,
744 3950 875 4001 satis
903 3946 1203 4000 Ostenditur
1229 3947 1477 4014 exemplo
1518 3945 1704 3999 Nicetii
1730 3986 1744 4010 ,
1791 3947 1918 4012 epi-

327 4028 478 4090 scopi
511 4023 854 4076 Trevireosis
879 4059 893 4082 ,
926 4019 1078 4084 cujus
1105 4018 1281 4090 villam
1311 4016 1628 4090 describens
1650 4015 1917 4069 Fortuna-

328 4086 439 4154 tus,
479 4093 738 4146 sacellum
784 4090 853 4142 ibi
879 4092 1110 4157 positum
1135 4089 1371 4141 declarat
1399 4097 1586 4154 aperte
1619 4086 1764 4141 hisce
1797 4101 1918 4141 ver-

323 4167 499 4225 sibus,
531 4165 625 4216 ltb.
657 4175 734 4226 tit,
767 4175 884 4228 cap.
919 4160 1028 4212 ης

447 4255 627 4306 Turris
647 4253 712 4300 ab
732 4251 937 4299 adverso
954 4259 1065 4310 qute
1087 4249 1302 4299 constitit
1323 4248 1466 4298 obvia
1489 4245 1648 4312 Clivo,

515 4319 806 4366 Sanctorum
831 4315 964 4361 locus
987 4318 1081 4374 est,
1099 4325 1230 4361 arma
1250 4312 1463 4359 tenenda
1486 4311 1617 4360 viris.

400 4412 422 4440 ε
459 4399 516 4453 ln
549 4398 685 4452 God.
713 4396 857 4464 Vat.,
891 4412 921 4447 a
946 4399 1097 4464 longe
1116 4394 1412 4448 adveniens.

397 4472 423 4507 τι
460 4470 605 4523 Edit.
642 4468 791 4521 Paris
813 4508 828 4531 ,
870 4463 1111 4535 defuerit;
1140 4467 1192 4518 in
1224 4479 1416 4531 marg.,
1449 4463 1658 4534 defecit.

401 4553 426 4578 ο
465 4539 739 4594 Placidina
802 4533 1009 4590 Leontii
1072 4550 1205 4589 uxor
1250 4535 1457 4602 fuerat,
1507 4533 1909 4602 religiosissima

325 4627 391 4667 ac
413 4612 660 4680 piissima
687 4608 898 4662 mulier.
927 4608 1259 4680 Eratillaex
1291 4607 1638 4680 imperatorio
1676 4619 1908 4675 genere.

325 4698 380 4735 ut
409 4674 626 4736 dicetur
658 4681 814 4742 infra,
850 4692 971 4747 cap.
1009 4677 1074 4729 t5
1102 4674 1325 4747 hujusce
1353 4676 1495 4730 libri.

401 4753 422 4792 ί
455 4753 594 4805 Tres
644 4749 814 4804 Codd.
872 4745 1025 4812 Van,
1079 4760 1134 4802 et
1187 4745 1318 4803 Ven.
1377 4747 1506 4800 edit.
1561 4756 1912 4816 certantesque

327 4826 504 4876 dmul.

402 4907 427 4940 ts
465 4895 520 4946 lu
550 4889 842 4946 \'en.edit.

459 4984 675 5040 Discite,
695 4979 940 5038 mortales,
967 4975 1083 5025 nihil
1107 4983 1180 5026 est
1199 4976 1325 5037 quod
1344 4976 1512 5025 obstet
1533 4979 1732 5023 amanti.

406 5066 446 5104 τι
480 5066 805 5121 Fortunatus
825 5064 878 5114 in
900 5060 1056 5112 funus
1081 5058 1299 5127 hujusce
1329 5058 1512 5127 Basilii
1546 5059 1762 5126 scripsit
1792 5058 1916 5127 Epi-

325 5141 592 5206 taphium,
645 5133 784 5204 quod
815 5141 988 5206 εδει-ιιι
1018 5128 1113 5184 lib.
1153 5126 1235 5192 iv,
1283 5143 1334 5182 c.
1374 5126 1462 5181 18.
1511 5128 1654 5206 Inter
1693 5126 1917 5206 crateras

325 5199 451 5275 ejus
496 5199 737 5264 virtutes.
789 5202 1102 5275 religionem
1151 5214 1364 5275 quoque
1411 5213 1476 5252 ac
1531 5199 1911 5275 liberalitatem

327 5268 576 5346 ejusdem
621 5278 675 5328 in
719 5268 1134 5328 sacris—aedibus
1159 5268 1393 5324 ditandis
1437 5271 1780 5324 commendat
1830 5269 1912 5324 bis

329 5351 578 5403 verSibus
607 5365 618 5399 :

421 5443 670 5494 Ecclesias
687 5440 865 5500 ditatis,
892 5439 993 5487 loca
1019 5444 1180 5486 sancta
1204 5436 1442 5486 decenter
1464 5435 1706 5486 honoratis
1720 5449 1736 5498 ;

487 5504 791 5566 Pauperibus
804 5505 1044 5558 tribuens,
1064 5501 1203 5547 dives
1216 5500 1276 5547 ad
1299 5509 1429 5547 astra
1453 5501 1603 5547 subit.

325 5604 410 5655 Au
434 5612 568 5650 Vero
613 5596 696 5648 hic
726 5595 884 5646 fuerit
914 5591 1141 5644 Basilius
1179 5591 1266 5644 ille
1289 5592 1420 5644 civis
1463 5591 1817 5644 l‘ictaviensis
1844 5589 1912 5645 de

322 5687 441 5738 quo
468 5668 634 5737 (ἐπε-ε.
679 5665 910 5729 Turuu.,
962 5662 1096 5738 llist.
1142 5659 1333 5738 Eraiic.
1390 5663 1482 5738 liii.
1529 5676 1608 5738 tv,
1662 5676 1782 5727 cap.
1802 5663 1908 5738 ﬁli,

323 5731 444 5819 (im,
475 5731 598 5803 ωηζ
628 5757 792 5799 διίκεο.
826 5759 855 5792 a
880 5733 1116 5808 p;»rtibus
1147 5731 1451 5800 Chilperici,
1483 5741 1538 5787 et
1558 5733 1907 5786 Mummulum

1526 296 2025 350 MISCELLANEA.
2067 325 2136 336 —
2179 293 2305 348 LIB.
2349 294 2385 347 I.

3523 294 3594 346 70

1940 419 1986 478 Α
2019 410 2240 464 Pulchra
2275 426 2370 478 per
2397 420 2652 479 angustos
2682 421 2740 465 ut
2773 421 3023 482 surgeret
3049 414 3172 468 aula
3201 424 3430 481 meatus,

2084 502 2150 555 Et
2173 501 2218 556 si
2251 518 2406 556 mons
2435 503 2622 568 vetuit,
2649 504 2876 572 pra-ltuit
2907 506 3044 559 unda
3082 506 3280 560 locum.

2014 590 2082 647 Ut
2110 590 2466 646 famularetur
2499 592 2688 646 Domni
2716 606 2844 663 vaga
2876 593 3075 664 limpha
3105 610 3374 664 superum,

2081 686 2337 741 Cursibus
2367 686 2614 756 antiquas
2645 697 2736 742 ars
2767 701 2900 740 nova
2929 689 3106 742 subdit
3135 704 3337 757 aquas;

2013 779 2142 833 Cum
2184 777 2546 847 Baudeguude
2571 793 2681 846 quo
2714 787 2895 833 mente
2927 779 3154 835 Basilius
3176 777 3204 817 δ
3238 793 3335 837 una

2085 869 2195 924 [loc
2234 883 2521 937 renovans,
2550 869 2782 937 priscum
2817 870 3016 936 reddit,
3052 880 3107 925 et
3136 881 3299 941 auget
3326 887 3481 942 opus.

2013 960 2122 1026 Sic,
2151 959 2399 1024 Martiae,
2431 970 2552 1014 tuus
2583 960 2759 1014 honor
2787 962 3000 1028 amplus
3032 962 3230 1031 ubique
3261 977 3519 1032 meretur,

2089 1053 2152 1107 Ut
2181 1055 2294 1107 loca
2324 1054 2464 1106 nulla
2497 1063 2708 1120 negent,
2738 1069 2844 1123 quo
2877 1054 2890 1091 ί
2928 1054 3021 1108 tibi
3052 1055 3186 1110 festa
3228 1067 3444 1114 sonant.

2014 1144 2228 1200 Talibus
2255 1147 2448 1200 officiis
2478 1156 2724 1214 pacatus,
2756 1148 2934 1215 opime
2962 1149 3233 1215 sacerdos,

2083 1234 2319 1301 Quorum
2355 1235 2368 1284 i
2411 1245 2534 1288 vota
2558 1237 2728 1300 vides,
2758 1237 2920 1291 redde
2949 1238 3178 1308 benigne
3210 1238 3403 1295 vicem.

2605 1345 2832 1403 CAPUT
2874 1347 3004 1403 Vlll.

2089 1458 2163 1511 De
2191 1459 2400 1512 basilica
2431 1459 2595 1512 sancti
2631 1456 2882 1512 Vincentii
2909 1456 2936 1496 ¹ί
2965 1460 3105 1530 apud
3134 1458 3453 1515 Garumnam
3476 1459 3521 1515 ι.

2016 1572 2237 1644 [Sancti
2280 1572 2840 1644 Vinceiitiirmartyris
2876 1573 3201 1644 Agimicnsie
3233 1585 3503 1630 certamen
3540 1587 3594 1630 et

2086 1644 2306 1714 gloriam
2339 1643 2620 1696 describit.
2665 1644 2868 1697 Leontii
2902 1643 3136 1714 episcopi
3179 1646 3590 1709 Burdegalensis

2086 1714 2138 1766 iti
2171 1713 2286 1781 ejus
2322 1715 2560 1777 basilica,
2595 1718 2693 1766 sita
2728 1728 2891 1784 prope
2928 1713 3218 1779 Agii'nitim,
3271 1716 3509 1771 ornanda
3538 1729 3592 1770 et

2080 1784 2367 1926 giuiijenda
2416 1795 2643 1839 stanneo
2693 1791 2858 1845 tectu,
2910 1785 3283 1840 liberalitatem
3313 1802 3591 1841 commeti-

2115 1865 2186 1908 at.

2077 1857 2186 1908 dat.

2009 1966 2273 2035 Tempore
2297 1966 2402 2020 vita
2426 1966 2630 2032 brevis,
2663 1967 2872 2021 meritis
2904 1967 2961 2020 tlt
2987 1967 3199 2037 longior
3225 1969 3383 2024 almis

2087 2060 2457 2128 Angustosque
2488 2060 2605 2113 dies
2637 2060 2804 2114 tendit
2833 2059 3037 2114 honore
3061 2060 3215 2115 fides.

2013 2206 2108 2262 pro
2155 2190 2422 2258 Sigiberto
2475 2189 2843 2245 advenientem
2894 2199 3014 2244 cum
3059 2192 3296 2252 exercitu
3328 2193 3395 2247 ab
3441 2194 3588 2251 urbis

2013 2267 2256 2330 ingressu
2307 2263 2467 2316 vellet
2521 2263 2826 2327 prohibere,
2881 2267 3054 2315 Victus
3109 2265 3176 2315 ali
3231 2264 3421 2317 eodem
3478 2278 3582 2324 est.

1979 2336 2169 2402 (plane
2197 2333 2477 2402 incertum.
2517 2335 2776 2385 Eumitem
2829 2331 2996 2385 fuisse
3037 2335 3172 2386 forte
3224 2333 3588 2401 conjecturam

2009 2400 2072 2456 ex
2106 2419 2169 2456 eo
2194 2403 2424 2470 aliquam
2453 2400 2633 2456 facere
2665 2416 2967 2467 po~sumus,
2992 2403 3132 2471 quod
3153 2404 3244 2455 lib.
3279 2400 3354 2466 tv,
3397 2421 3446 2458 c.
3491 2404 3577 2470 t8,

2009 2489 2038 2525 a
2067 2473 2356 2526 Fortunato
2403 2471 2612 2525 dicatur
2640 2472 2688 2526 in
2721 2471 3031 2540 Hispaniam
3081 2472 3272 2527 missus
3303 2474 3465 2529 fuisse
3497 2492 3583 2530 re~

2010 2543 2096 2614 gio
2125 2544 2364 2604 nomine,
2400 2543 2464 2596 iis
2497 2543 2673 2602 verbis
2705 2561 2716 2595 :

2135 2633 2274 2743 Ruﬁo
2298 2632 2652 2681 consultantem
2673 2628 2824 2694 legati
2850 2641 2984 2682 sorte
3009 2631 3168 2691 frequi
3189 2642 3318 2697 nter,

2251 2697 2328 2742 isit
2349 2697 2410 2743 ad
2434 2695 2676 2743 Hispanus
2691 2695 2871 2743 Gallica
2893 2709 3005 2743 cura
3034 2699 3178 2743 viros.

2251 2697 2328 2742 isit
2349 2697 2410 2743 ad
2434 2695 2676 2756 Hispanus
2691 2695 2871 2744 Gallica
2893 2709 3005 2743 cura
3034 2699 3178 2744 viros.

2093 2777 2167 2832 Ex
2198 2777 2387 2845 quibus
2415 2784 2627 2830 constat
2655 2792 2776 2830 eum
2810 2777 3034 2844 publicis
3066 2778 3298 2843 negotiis
3330 2780 3470 2847 fungi
3502 2797 3592 2832 so-

2022 2847 2193 2910 litum,
2223 2857 2275 2902 et
2300 2847 2436 2915 apud
2467 2862 2592 2900 suos
2627 2847 2822 2900 illustri
2856 2851 2904 2898 iii
2940 2849 3055 2898 loco
3085 2847 3264 2901 fuisse
3302 2850 3418 2904 Jam
3460 2867 3590 2906 vero

2020 2919 2064 2972 si
2115 2918 2425 2988 cujusquam
2480 2926 2595 2988 erat
2645 2916 2845 2988 legatos
2895 2919 2943 2968 iu
2989 2917 3295 2984 Hispaniam
3352 2920 3595 2988 tiiitte-e,

2023 2997 2170 3042 certe
2195 2989 2242 3040 id
2266 2997 2379 3042 erat
2401 2987 2630 3040 maxime
2670 2987 2978 3054 Cliitpet-ici,
3010 2989 3101 3058 qui
3141 2999 3194 3042 et
3225 2987 3585 3058 Athanagtldi,

2025 3058 2316 3113 Gothorum
2353 3059 2402 3110 in
2433 3058 2680 3125 llispania
2714 3060 2874 3126 regis,
2898 3061 3054 3111 tiliam
3086 3059 3313 3113 duxerat
3343 3077 3583 3125 uxorum,

2019 3131 2260 3198 quamvis
2307 3128 2504 3183 infelici
2555 3128 2856 3198 tiuptiartitti
2907 3130 3074 3194 exitu,
3127 3141 3181 3181 ut
3212 3131 3490 3184 retulimus
3537 3134 3591 3186 in

2020 3195 2122 3252 vita
2161 3199 2460 3262 Fortunati,
2519 3215 2572 3251 ti.
2620 3195 2711 3257 45,
2744 3208 2794 3251 et
2829 3199 2989 3251 filiani
3039 3214 3212 3262 suam,
3248 3202 3587 3268 ltignntliem,

2018 3269 2387 3332 lteccliaredo,
2412 3271 2526 3340 regi
2554 3270 2678 3322 item
2711 3269 3108 3340 Hispaniarum,
3139 3271 3472 3340 Alllﬂftnglltll
3501 3289 3592 3327 ne-

2020 3343 2129 3406 poti
2183 3339 2573 3408 desponderat;
2625 3344 2868 3406 quamvis
2913 3337 3025 3407 jam
3052 3340 3152 3392 iter
3194 3357 3244 3392 ni
3278 3337 3588 3408 Hispaniam

2020 3410 2276 3480 ingressa,
2325 3410 2390 3462 ad
2439 3410 2557 3463 illas
2602 3411 2814 3476 nuptias
2853 3411 3132 3478 pervenire
3160 3410 3298 3463 haud
3339 3414 3588 3480 potuerit.

2019 3479 2167 3533 Haud
2211 3479 2566 3533 itivcrisimile
2604 3481 2781 3548 itaque
2813 3480 3170 3546 Ctiilpcricum
3205 3479 3357 3534 usum
3407 3484 3585 3536 Basilii

2019 3565 2179 3617 Opera
2218 3564 2282 3603 ac
2321 3551 2613 3620 diligentia,
2648 3551 2736 3616 qui
2783 3551 3047 3620 legatione
3091 3565 3186 3618 pro
3210 3565 3270 3605 se
3305 3553 3441 3610 apud
3473 3555 3594 3606 llis-

2019 3634 2186 3688 panos
2211 3622 2546 3689 fungeretur,
2601 3621 2955 3689 eunidcuique
2982 3635 3078 3690 pro
3106 3620 3388 3690 Chilperit-i
3429 3626 3588 3690 parti-

2017 3693 2118 3744 bus
2173 3691 2430 3745 adversus
2480 3691 2826 3762 Muttitiiulum
2877 3697 3112 3745 stetisse.
3163 3693 3320 3745 (let-te
3365 3694 3409 3746 is
3447 3696 3591 3762 regis

2017 3777 2165 3815 amor
2215 3763 2522 3814 nominatur
2577 3777 2606 3814 a
2665 3761 2956 3815 Fortunato
3011 3761 3156 3816 laud.
3213 3763 3450 3817 carmine
3498 3761 3589 3823 t8.

2019 3831 2111 3885 lib.
2157 3847 2226 3886 tv.
2261 3830 2477 3901 (Pi-ima:
2506 3847 2644 3885 cum
2684 3832 2850 3900 nota.)
2880 3861 2948 3871 —
2974 3831 3328 3897 Beccaredus,
3366 3844 3420 3885 ut
3464 3836 3588 3887 alibi

2018 3905 2415 3968 annotavimus,
2452 3902 2586 3956 t.lius
2617 3902 2713 3955 fuit
2745 3902 3096 3966 Leuvichildi,
3149 3918 3242 3955 seu
3273 3903 3588 3973 Leuvigildi,

2019 3975 2106 4039 qui
2135 3973 2490 4040 Atliatiagildo
2521 3983 2670 4039 patre
2713 3975 2814 4024 vita
2846 3974 3046 4036 functo,
3105 3987 3326 4039 ri-gnum
3361 3975 3584 4039 adeptus

2021 4044 2190 4095 fuerat
2231 4059 2354 4095 cum
2400 4043 2574 4095 Letiva
2618 4043 2782 4096 fratre
2833 4055 2952 4106 suo,
2983 4053 3036 4094 et
3077 4040 3252 4094 Leuva
3297 4057 3468 4095 morte
3497 4059 3587 4097 ex-

2019 4114 2236 4177 stincm,
2291 4120 2456 4164 totum
2488 4115 2601 4179 ipse
2640 4125 2858 4180 iegnum
2894 4112 3040 4165 solus
3072 4113 3262 4173 tenuit,
3295 4125 3348 4180 ut
3395 4115 3586 4178 legitur

2021 4182 2311 4249 itiepitom.
2371 4182 2570 4234 llistor.
2616 4180 2804 4234 Frauc.
2851 4196 2906 4232 ιι.
2952 4181 3041 4234 63.
3073 4184 3117 4233 A
3152 4179 3458 4249 Leuvigildo
3489 4181 3586 4234 ita-

2019 4267 2124 4319 que
2179 4253 2445 4319 procreati
2499 4249 2984 4320 llermeiiegildus,
3040 4249 3273 4320 quipro
3321 4252 3590 4304 catholico

2019 4327 2266 4392 dogmate
2307 4332 2507 4392 martyr
2535 4323 2690 4385 obiit,
2737 4319 2958 4374 a’Patre
3001 4334 3100 4373 suo
3145 4319 3496 4392 interfectus;
3535 4331 3592 4376 et

2027 4391 2380 4458 lteccarediis,
2424 4391 2510 4460 qui
2543 4392 2819 4460 paternum
2844 4405 3065 4460 regnum
3091 4391 3336 4458 adeptus,
3370 4402 3581 4460 gentem

1942 4438 1990 4498 Ι)
2021 4438 3065 4530 ἰίἧὲἷέὸῖιῖίὸῗυιὶἶῖιιῖιῐέῥᾶἧίἇξὲῖῦἓᾶὗ
3081 4438 3592 4527 Ᾰὲιίιῖιὶῖἷιὶιίἷῖέὶξιῖξ,

2015 4536 2080 4586 ad
2106 4534 2429 4587 catholicum
2459 4533 2528 4587 de
2573 4531 2688 4585 Filii
2719 4532 2996 4586 divinitate
3036 4531 3224 4602 dogma
3264 4536 3584 4601 amplecten-

2015 4606 2140 4657 dom
2182 4603 2476 4668 convertit;
2527 4602 2595 4658 de
2636 4617 2742 4672 quo
2784 4603 2872 4657 hic
2923 4617 3103 4658 sermo
3150 4613 3252 4657 est.
3313 4608 3590 4668 (secunda:

2015 4690 2151 4728 cura:
2182 4675 2347 4743 nota.)

2096 4742 2112 4781 ί
2151 4745 2202 4797 In
2232 4741 2338 4797 uno
2365 4741 2494 4797 Cod.
2530 4743 2673 4808 Vat.,
2701 4741 2840 4812 quod
2871 4742 2958 4796 tibi
2987 4749 3115 4812 festa
3143 4754 3346 4797 sanant.

2092 4812 2106 4864 i
2139 4813 2272 4869 Ibid.
2304 4816 2452 4868 deest
2477 4813 2690 4866 ultimus
2724 4827 2927 4866 versus.
3396 4821 3412 4838 ‘

2095 4881 2119 4921 ¹ι
2155 4885 2383 4939 Sanctus
2409 4882 2738 4944 Vincentius,
2765 4883 3092 4946 Ag‘tiitiensis
3117 4885 3348 4938 civitatis
3390 4895 3591 4940 martvr

2023 4954 2212 5016 fuerat,
2243 4971 2273 5008 e
2306 4957 2606 5008 Levitarum
2635 4969 2875 5017 numero,
2906 4965 2960 5008 ut
2990 4958 3154 5009 refert
3177 4957 3335 5022 Greg.
3364 4954 3592 5012 Turon..

2021 5026 2116 5080 lib.
2149 5041 2160 5077 ι
2190 5030 2256 5078 de
2282 5024 2458 5078 Gloria
2489 5037 2806 5094 martyrum,
2830 5040 2948 5094 cap.
2986 5026 3338 5086 105.1irow.,
3371 5023 3424 5077 iti
3459 5027 3596 5076 uotis

2020 5097 2086 5147 :id
2129 5095 2499 5159 Fortunatum,
2539 5097 2712 5163 carpit
2745 5097 3056 5161 Barontutn,
3107 5096 3248 5162 quod
3299 5096 3343 5147 is
3373 5095 3596 5146 Vincen-

2023 5170 2152 5219 tiutn
2201 5167 2560 5234 Agiiiuensem
2612 5181 2732 5219 cum
2787 5165 3067 5219 Vincentio
3115 5165 3595 5231 Cwsaz‘augusmtio

2021 5235 2348 5301 contuderit,
2401 5239 2464 5288 ad
2496 5250 2585 5288 an.
2623 5235 2716 5289 5t)!
2751 5274 2766 5298 ,
2798 5247 2980 5303 aperte
3021 5236 3437 5287 reclamantibus
3486 5244 3593 5287 tam

2020 5311 2220 5373 apertis
2245 5305 2407 5376 Greg.
2436 5305 2641 5376 Turon.
2665 5319 2720 5360 et
2751 5303 3030 5359 Fortunati
3061 5307 3226 5372 ipsius
3256 5305 3596 5376 testimoniis.

2023 5377 2120 5432 llic
2148 5392 2299 5432 error
2324 5373 2534 5432 Baronii
2565 5375 2649 5431 vel
2698 5377 2817 5430 aliis
2859 5377 3102 5445 pluribus
3142 5377 3440 5430 communis
3466 5373 3591 5436 fuit,

3475 5446 3590 5515 qui,

2101 5583 2114 5622 ι
2145 5584 2278 5640 Tres
2303 5585 2478 5639 Codd.
2509 5583 2654 5648 Vat.,
2685 5584 2821 5636 ultra
2853 5581 3118 5646 Carmina,
3148 5583 3227 5638 vel
3256 5581 3571 5636 Garumnam

2023 5657 2076 5781 lori
2110 5656 2238 5711 Ven.
2293 5657 2430 5712 Edit.
2460 5675 2473 5712 :
2504 5654 2580 5710 De
2610 5656 2816 5709 basilica
2864 5656 3030 5711 sancti
3067 5654 3321 5710 Vincentti
3366 5653 3499 5706 tituli
3527 5654 3593 5705 dc

2071 5743 2285 5780 aronna.
