4060 6190
409 234 467 286 7|
1103 230 1427 286 VENANTII
1468 231 1622 285 "0N.
1667 229 1871 283 CLEM.
1919 230 2305 286 FORTUNATI
2345 229 2628 286 OPI'ZRUM
2701 231 2875 285 PARS
2914 233 2954 286 Ι.
3585 238 3656 290 7?.

410 345 535 396 ιλιυδι
555 341 712 396 linem
741 343 858 397 sine
883 344 988 398 fine
1014 354 1193 397 manet
1223 357 1374 398 meus
1400 342 1582 396 dedita
1612 349 1634 375 υ
1665 339 1903 404 Christo,

479 433 744 502 Linquens
775 434 983 488 turbam
1016 435 1310 496 hominum,
1339 441 1444 486 stat
1468 433 1674 486 sociata
1695 430 1828 486 Deo.

412 523 524 576 llac
552 537 654 592 ope
680 522 928 579 snil‘dltus
954 525 1261 580 Vincentius
1288 530 1464 576 exstat
1485 522 1539 576 in
1569 537 1764 588 aevum,

478 614 656 670 Gloria
686 618 924 689 martyrii
950 617 1103 689 cujus
1131 618 1311 686 opima
1340 619 1498 672 viret.

407 705 616 761 Vertice
643 708 874 775 succiso,
904 707 1078 776 rapuit
1104 707 1197 777 qui
1220 721 1286 762 ex
1319 718 1494 762 morte
1521 705 1878 777 triumphum,

476 799 541 852 Et
567 813 706 853 nova
735 799 803 854 de
835 799 990 855 terris
1017 800 1197 870 proles
1223 798 1290 854 ad
1320 808 1464 854 astra
1493 800 1657 853 volat.

398 888 1038 959 Crediditundenecem,
1070 901 1256 945 sancto
1286 889 1434 946 dedit
1459 889 1632 945 hostis
1656 890 1940 958 honorem,

477 980 868 1050 Percussorque
892 982 1060 1052 magis
1090 989 1264 1037 morte
1292 996 1530 1051 perenne
1559 980 1726 1052 jacet.

409 1075 620 1131 Vicerat
649 1075 675 1112 δ
707 1075 800 1130 ille
829 1073 1012 1142 miser,
1036 1073 1178 1127 hunc
1205 1073 1251 1127 si
1277 1073 1524 1142 jugulare
1555 1071 1827 1141 nequisset
1855 1088 1872 1138 ;

475 1165 606 1220 Nam
631 1164 850 1220 abstulit
880 1164 1020 1218 unde
1044 1171 1224 1231 caput,
1248 1162 1475 1218 contulit
1497 1161 1621 1216 inde
1646 1162 1849 1232 pulum.

403 1257 572 1326 llujus
601 1273 783 1311 amore
809 1270 949 1310 novo
971 1255 1053 1322 pia
1079 1264 1202 1309 vota
1233 1254 1486 1310 Leontius
1520 1254 1760 1323 explens,

471 1348 586 1414 (tuo
615 1358 636 1386 ο
667 1361 818 1400 sacra
849 1345 1089 1400 membra
1115 1347 1317 1414 jacent,
1352 1355 1573 1399 stannea
1607 1353 1743 1398 tecta
1769 1343 1938 1400 dedit.

404 1441 470 1492 Et
497 1440 620 1493 licet
648 1438 849 1493 eniteat
874 1434 1079 1491 meritis
1105 1434 1412 1490 venerabile
1443 1434 1722 1502 templum,

471 1532 721 1585 Attamen
751 1537 1000 1583 ornatum
1029 1526 1256 1595 praebuit
1286 1525 1388 1580 iste
1411 1539 1591 1580 suum.

406 1621 631 1677 Pramia
662 1619 954 1676 succedant
979 1617 1224 1687 operanti
1257 1618 1412 1687 longa
1433 1615 1641 1681 salutis,

475 1710 645 1781 llujus
673 1722 730 1766 ut
759 1708 1031 1780 obsequiis
1054 1708 1288 1763 culmina
1325 1714 1507 1763 sancta
1535 1706 1758 1762 micent.

399 1890 478 1944 De
499 1889 717 1943 basilica
747 1887 912 1942 sancti
944 1805 1536 1941 Vitatrlt’tii‘li'elgtemetis
1561 1877 1970 1955 [Virnimetis]d.

395 1979 709 2053 jBasilicam
744 1979 797 2033 in
830 1978 1147 2053 memoriam
1172 1976 1340 2053 sancti
1366 1972 1626 2029 Vincentii
1653 1971 1974 2053 Aginnensis

467 2068 496 2103 ει
531 2051 750 2104 Leontio
782 2047 1010 2118 positam
1045 2048 1099 2118 in
1129 2047 1247 2101 loco
1273 2046 1572 2118 Vernemete
1596 2047 1753 2114 vulgo
1783 2042 1972 2111 appel-

468 2122 577 2175 lato
600 2115 874 2185 celebrat,
905 2133 968 2172 ac
999 2117 1196 2172 malum
1231 2115 1477 2185 spiritum
1513 2129 1577 2169 ex
1608 2127 1970 2185 energumeno

479 2193 690 2258 pulsum
714 2189 779 2242 ad
799 2181 1040 2257 ejusdem
1064 2181 1297 2242 basilica:
1321 2181 1969 2252 dedicationem,'refert.]

389 2280 628 2336 (:ultoris
660 2278 871 2334 Domini
905 2285 1018 2332 toto
1048 2290 1214 2332 sonus
1240 2277 1372 2332 exiit
1401 2276 1551 2341 orbe,

464 2372 572 2426 Nec
599 2370 749 2426 locus
770 2377 853 2425 est
873 2369 961 2424 ubi
994 2382 1053 2423 se
1080 2368 1246 2439 gloria
1278 2368 1420 2423 celsa
1453 2373 1630 2437 neget.

393 2462 500 2518 Sed
532 2461 695 2535 cujus
717 2461 969 2516 meritum
999 2461 1200 2516 scimus
1230 2473 1546 2529 percurrere
1582 2457 1860 2528 mundum,

467 2553 633 2623 Huius
655 2552 850 2623 ubique
871 2553 967 2608 viri
998 2566 1220 2622 surgere
1247 2551 1440 2621 templa
1471 2551 1648 2608 decet.

392 2643 536 2698 Ecce
559 2645 710 2697 beata
741 2641 910 2697 nitent
937 2641 1179 2696 Vincenti
1209 2641 1442 2696 culmina
1471 2642 1688 2708 summi,

465 2736 681 2790 Munere
713 2735 948 2805 martyrii
976 2734 1066 2805 qui
1094 2733 1222 2790 colit
1249 2743 1396 2788 astra
1430 2733 1557 2802 poli.

393 2827 677 2895 Promptus
704 2840 888 2881 amore
917 2826 1028 2894 pio,
1058 2840 1176 2895 qua:
1214 2839 1347 2895 papa
1380 2823 1634 2880 Leontius
1660 2823 1788 2882 olim

462 2919 730 2985 Condidit,
761 2919 966 2974 eximio
999 2918 1327 2972 consolidala
1362 2917 1499 2973 loco.

389 3009 614 3063 Nomine
639 3007 978 3062 Vernemetis
1001 3008 1170 3062 voluit
1191 3006 1424 3062 vocitare
1452 3015 1712 3076 vetustas,

464 3099 615 3168 Quod
645 3101 795 3170 quasi
828 3099 1008 3154 fannm
1043 3109 1067 3136 ο
1099 3099 1286 3170 ingens
1307 3099 1509 3156 Gallica
1541 3100 1716 3170 lingua
1741 3101 1926 3158 refert.

391 3190 627 3257 Ausi-icii
660 3192 932 3260 praemissa
962 3190 1093 3246 fides
1121 3198 1237 3246 erat
1264 3199 1388 3246 ante
1419 3190 1438 3228 ί
1465 3189 1663 3258 futura,

464 3281 528 3338 Ut
557 3281 718 3337 modo
740 3281 888 3338 celsa
909 3281 1102 3338 domus
1121 3291 1289 3337 staret
1311 3282 1517 3338 honore
1545 3282 1660 3339 Dei.

386 3374 486 3428 llic
511 3374 672 3428 etiam
702 3379 938 3440 sanctus,
973 3373 1184 3429 Domini
1215 3372 1465 3428 suffultus
1491 3388 1695 3434 amore.

465 3464 688 3519 Virtutis
713 3479 939 3520 summa:
967 3465 1116 3534 signa
1141 3465 1414 3520 tremenda
1440 3464 1608 3521 dedit.

382 3604 498 3674 qui,
530 3603 737 3672 decepti
777 3603 1008 3658 nominis
1056 3603 1427 3669 similitudine,
1463 3600 1798 3656 Vincentium
1847 3599 1964 3674 Cas-

387 3671 829 3742 saraugustanum
873 3689 971 3739 pro
1003 3674 1292 3742 Aginuensi
1313 3674 1550 3737 coluere,
1584 3688 1647 3726 ac
1670 3686 1856 3742 errore
1885 3671 1964 3742 lae

387 3748 492 3798 tius
538 3741 808 3809 manante,
858 3741 1100 3798 Basilica:
1141 3746 1242 3800 sub
1282 3745 1435 3798 titulo
1477 3743 1646 3797 sancti
1697 3741 1959 3795 Viocentii

392 3815 713 3884 Aginnensis
761 3815 886 3867 olim
916 3814 1178 3884 dedicata:
1209 3814 1289 3884 (ut
1317 3822 1564 3868 censent.
1597 3813 1693 3866 viri
1737 3810 1956 3884 eruditi)

387 3881 590 3939 sensim
620 3883 949 3954 Vincentium
971 3881 1503 3954 Cresaratigustanuui
1536 3894 1814 3954 patronum
1842 3882 1962 3936 ade-

385 3966 492 4022 ptae
521 3961 664 4007 sunt.
703 3953 831 4009 Vide
868 3956 937 4008 cl.
970 3954 1158 4020 Ruiu.,
1209 3953 1260 4008 in
1310 3957 1448 4007 notis
1495 3955 1559 4006 ad
1603 3953 1764 4018 Grca.
1795 3953 1945 4017 Tun,

387 4028 425 4078 l.
461 4024 565 4078 ide
593 4025 771 4095 Gloria
800 4033 1116 4095 martyrum,
1158 4039 1274 4093 cap.
1302 4022 1425 4079 l05.
1473 4024 1611 4094 Lege
1642 4035 1695 4080 et
1725 4023 1948 4093 Scalig.,

387 4097 484 4150 lib.
517 4110 565 4148 vr
597 4095 663 4164 de
693 4094 917 4149 Emend.
941 4094 1260 4164 temporum.

459 4176 482 4200 υ
517 4164 570 4217 In
594 4163 732 4218 Ven.
759 4165 881 4226 Ed.,
916 4163 1278 4219 mensreddita
1307 4164 1530 4220 Christo.

457 4234 487 4273 ιι
513 4232 569 4287 1η
620 4248 723 4286 uno
765 4235 898 4293 Cod.
948 4234 1087 4298 Vat.,
1118 4236 1333 4289 vinceret
1371 4234 1460 4288 ille
1506 4235 1677 4290 miser.
1713 4233 1767 4287 In
1813 4230 1948 4290 Cod.

391 4304 532 4366 Vat.,
567 4302 792 4373 Stagnea
822 4312 974 4369 tecta,
1006 4304 1132 4359 item
1162 4306 1213 4359 in
1249 4306 1378 4358 Ven.
1412 4304 1551 4358 Edit.

1993 3046 2042 3109 C

2007 355 2056 410 Α
2084 340 2214 394 Nam
2247 356 2365 395 cum
2393 341 2588 409 templa
2623 341 2714 395 Dei
2750 343 2940 410 praesul
2975 343 3038 396 de
3069 357 3214 396 more
3244 343 3461 412 dicavit,

2155 433 2400 504 Martyris
2426 433 2656 487 adventu
2685 434 2942 488 daemonis
2972 434 3046 488 ira
3078 436 3228 505 fugit.

2082 523 2345 580 Redditur
2369 523 2650 580 incolumis
2678 523 2894 593 quidam
2925 524 2993 579 de
3020 534 3168 594 parte
3193 533 3219 572 ε
3251 525 3508 596 maligna.

2150 613 2247 670 Cui
2270 614 2470 669 vidisse
2495 615 2563 684 pii
2594 617 2815 686 templa,
2848 615 3073 671 medella
3107 616 3222 670 luit.

2081 706 2290 761 Emicat
2317 705 2437 761 aula
2462 715 2667 774 potens,
2696 706 2878 762 divino
2907 709 3062 776 plena
3085 723 3293 775 sereno,

2151 795 2221 852 Ut
2249 798 2442 854 merito
2471 799 2674 867 placeat
2702 799 2788 854 hic
2818 798 3058 854 habitare
3085 799 3216 856 Deo.

2081 889 2232 945 Nunc
2260 891 2440 959 specie
2465 890 2724 946 suadente
2753 890 2876 956 loci,
2905 905 2966 946 ac
2998 892 3206 948 virtutis
3239 875 3462 960 honore,

2155 984 2352 1038 Evocat
2372 982 2400 1020 ιι
2429 983 2517 1039 bic
2539 984 2787 1054 populos,
2817 983 2941 1038 hinc
2961 983 3147 1050 decus,
3174 984 3295 1041 inde
3321 987 3487 1043 salus.

2049 1063 2051 1065 ’
2078 1075 2180 1142 Qui
2209 1075 2415 1143 plebem
2439 1075 2683 1131 accendit
2711 1076 3028 1130 venerandae
3053 1077 3300 1131 conditor
3327 1080 3488 1133 arcis.

2149 1163 2367 1220 Talibus
2396 1163 2587 1220 ofﬁciis
2608 1164 2827 1234 praemia
2851 1165 2993 1234 justa
3017 1166 3169 1219 metit
3196 1164 3240 1220 ί.

2695 1266 2923 1323 CAPUT
2959 1267 3028 1323 X.

2327 1344 2400 1400 De
2427 1347 2612 1400 domno
2634 1345 2866 1402 Nazario
2890 1348 2904 1399 i
2945 1364 3167 1420 martyre
3191 1350 3399 1406 Christi.

2079 1435 2382 1514 [Basilicam
2427 1438 2481 1492 in
2526 1437 2840 1514 memoriam
2884 1442 3057 1514 sancti
3107 1441 3316 1514 Nazarii
3357 1453 3646 1514 martyris,

2150 1510 2338 1594 item-a7
2360 1507 2606 1594 Leontio,
2641 1509 3020 1594 Burdega‘lensi
3061 1513 3315 1594 episcopo
3336 1557 3351 1579 ,
3394 1527 3425 1568 e
3456 1507 3645 1594 fu'oda;

2150 1587 2347 1652 mentis
2374 1587 2686 1643 excitatam,
2718 1587 3031 1652 vetustiore,
3054 1597 3170 1649 quae
3199 1593 3314 1637 erat
3342 1587 3638 1652 angustior,

2147 1645 2378 1725 dejecta,
2408 1660 2814 1725 commemorat.
2845 1645 3093 1722 Martyris
3124 1652 3290 1722 ipsius
3319 1645 3644 1725 triuinphuni

2147 1727 2201 1770 et
2224 1717 2445 1784 gloriam
2477 1717 2782 1790 describit.]

2075 1809 2318 1866 Culmina
2345 1811 2625 1882 conspicui
2652 1814 2862 1870 radiant
2889 1818 3192 1873 veneranda
3220 1817 3430 1885 Nazari,

2147 1901 2314 1973 Cujus
2341 1904 2579 1960 membra
2611 1906 2812 1976 polum,
2845 1908 3064 1978 spiritus
3094 1920 3236 1966 astra
3269 1921 3434 1968 tenet.

2073 1997 2292 2054 Semine
2321 1998 2612 2070 terrigena,
2647 2002 2874 2056 terrenis
2901 2003 3089 2059 usibus
3117 2019 3324 2070 exsors,

2144 2089 2443 2146 lmmortale
2482 2090 2702 2162 bonum,
2735 2093 2954 2160 pulvere
2980 2107 3133 2151 natus
3166 2096 3346 2152 homo.

2072 2178 2154 2234 Nil
2180 2181 2395 2237 carnale
2421 2181 2629 2249 volens,
2662 2183 2756 2238 sed
2781 2183 2980 2240 Christi
3016 2189 3233 2255 praemia
3267 2203 3508 2257 poscens.

2145 2271 2413 2343 Sanguine
2440 2275 2507 2330 de
2533 2278 2748 2346 proprio
2772 2275 2988 2333 victima
3018 2279 3178 2348 digna
3209 2281 3337 2335 Deo.

2072 2363 2198 2420 llaec
2227 2365 2323 2420 tibi
2354 2367 2556 2436 templa
2583 2382 2739 2424 sacer
2767 2369 2958 2426 devota
2992 2370 3245 2427 Leontius
3271 2373 3445 2435 olfert,
3529 2361 3532 2366 ’

2142 2455 2500 2527 Majoremqne
2524 2473 2674 2515 suam
2709 2459 2833 2517 hinc
2862 2463 3008 2533 cupit
3035 2477 3157 2520 esse
3184 2463 3424 2519 domum.

2074 2545 2170 2602 llic
2195 2548 2344 2617 prius
2375 2557 2609 2619 angusto
2636 2551 2890 2609 fabricata
2915 2565 2998 2610 est
3027 2555 3270 2611 machina
3292 2571 3443 2629 gyro,

2143 2637 2261 2704 Quo
2290 2652 2465 2708 neque
2493 2647 2618 2696 tunc
2647 2650 2852 2712 poterat
2888 2644 3046 2715 plebs
3071 2647 3370 2701 veneranda
3400 2662 3516 2714 cap.

2073 2726 2462 2798 Dejectamqne
2491 2731 2606 2787 solo
2635 2747 2819 2788 rursus
2843 2732 3086 2790 fundavit
3111 2735 3180 2790 ab
3209 2735 3338 2801 imo,

2144 2817 2210 2875 Et
2237 2819 2384 2877 dedit
2411 2821 2545 2892 haec,
2585 2839 2702 2896 qua:
2730 2840 2871 2882 nunc
2899 2827 3220 2897 amplificata
3251 2828 3481 2899 placent.

2672 2925 2900 2982 CAPUT
2951 2927 3042 2982 XI.

2437 3003 2514 3059 De
2538 3005 2748 3059 basilica
2775 3005 2950 3061 damni
2979 3005 3215 3078 Dionysii
3238 3005 3284 3059 ιι.

2083 3089 2388 3167 [Basilicam
2419 3096 2589 3167 sancti
2629 3095 2898 3167 Dionysii,
2929 3098 3163 3167 episcopi
3195 3096 3505 3154 Parisiensis
3525 3138 3540 3163 ,
3581 3113 3635 3152 et

2145 3165 2419 3235 martyris,
2465 3165 2594 3219 item
2635 3180 2665 3220 a
2717 3165 3256 3223 Leontio‘reilditam
3305 3169 3636 3238 ampliorem,

2143 3243 2558 3301 commemorat,
2592 3251 2696 3290 non
2721 3246 2844 3292 ante
2866 3249 3044 3294 vetere
3070 3238 3273 3309 dejecta
3297 3253 3455 3308 quam
3502 3254 3633 3293 nova

2145 3316 2446 3364 constructa
2470 3309 2675 3366 fuisset.
2697 3311 2865 3382 ipsius
2883 3319 3134 3389 martyris
3153 3319 3333 3373 laudes
3350 3319 3635 3391 celebrat.l

2068 3402 2167 3469 Qui
2197 3403 2348 3471 cupis
2369 3407 2564 3474 egregii
2588 3417 2908 3465 structorem
2935 3427 3156 3468 noscere
3181 3415 3386 3481 templi.

2137 3490 2266 3544 Tam
2295 3492 2382 3562 pia
2413 3509 2517 3548 non
2547 3499 2718 3566 patiar
2749 3510 2866 3554 vota
2894 3502 3058 3557 latere
3089 3505 3206 3560 tibi.

2073 3597 2177 3672 hoc
2219 3599 2335 3667 ipso
2379 3600 2613 3656 carmine
2655 3615 2942 3672 possumus
2983 3602 3268 3671 conjicere.
3301 3601 3394 3657 llle
3436 3602 3632 3672 quippe

2070 3669 2284 3739 videtur
2309 3681 2580 3738 spectasse
2605 3669 2669 3724 ad
2707 3672 2982 3727 dioecesim
3014 3669 3253 3737 Leontii,
3287 3673 3375 3739 qui
3408 3669 3465 3724 in‘
3489 3669 3631 3727 basi-

2067 3738 2169 3792 lica
2197 3743 2366 3794 sancti
2394 3739 2652 3796 Vincentii
2683 3742 3004 3798 exslruend’a
3039 3751 3094 3799 et
3115 3738 3350 3797 ornanda
3378 3751 3482 3796 tam
3510 3758 3630 3800 mu-

2063 3809 2253 3864 niﬁcus
2275 3811 2572 3865 exstiterat.

2139 3892 2162 3917 ε
2195 3881 2250 3932 In
2282 3881 2508 3956 vu'gatis
2534 3881 2806 3956 legebatur
2831 3883 3002 3953 favum
3027 3883 3225 3956 ingens,
3253 3896 3414 3953 quam
3443 3881 3631 3939 lectio-

2059 3965 2180 4004 nem
2209 3949 2515 4004 emendavit
2543 3950 2722 4006 Drow.

2134 4019 2153 4094 ζ
2182 4019 2314 4094 Tres
2343 4020 2510 4075 Codd.
2546 4021 2692 4086 Vat.,
2725 4039 2841 4079 arce
2869 4023 3070 4094 futura.
3112 4023 3170 4079 ln
3213 4023 3346 4080 Ven.
3382 4023 3523 4079 Edit.
3551 4025 3631 4080 sic

2055 4089 2247 4161 legitur
2276 4091 2483 4159 integer
2510 4106 2697 4148 versus
2729 4111 2743 4148 :

2179 4192 2418 4256 Auspiciis
2436 4196 2681 4256 promissa
2703 4194 2824 4246 ﬁdes
2841 4203 2948 4246 erat
2971 4206 3087 4246 arce
3111 4195 3288 4246 futura.

2130 4309 2156 4374 ς
2183 4299 2296 4374 Duo
2317 4298 2484 4374 C9_dd.
2517 4299 2665 4366 Vat.,
2690 4302 2753 4356 de
2775 4310 2912 4370 peste
2935 4304 3186 4374 maligna.

460 4352 1947 4445 '6'tissiantifyiissa‘iia"sagittifera...iam...
1979 4352 2032 4414 D
2128 4352 3128 4445 ιδῌρἰιξῇᾖζ,εἷμὸίαἶιιξιῖἷξνὸῇἷιὶῖὲζ

387 4444 488 4497 sita
519 4451 632 4497 erat
657 4443 708 4495 in
737 4444 853 4512 loco
874 4443 1192 4512 Pompeiaco
1222 4446 1384 4506 dicto,
1409 4442 1460 4496 iu
1489 4458 1594 4512 quo
1620 4442 1950 4512 Vincentius,

388 4514 654 4566 Christum
702 4509 1025 4579 confessus,‘
1057 4513 1231 4579 capite
1283 4515 1470 4580 plexus
1508 4509 1715 4566 fuerat.
1765 4511 1956 4568 Narrat

392 4582 550 4651 Greg.
577 4582 799 4644 Turon.,
830 4582 927 4635 lib.
950 4597 1024 4636 vn
1049 4582 1182 4636 llist.
1215 4583 1433 4644 Franc.,
1465 4595 1583 4648 cap.
1627 4580 1720 4645 55,
1740 4592 1794 4634 et
1815 4582 1906 4636 lib.
1936 4598 1954 4638 ι

387 4655 454 4706 de
492 4653 671 4706 Gloria
722 4651 1046 4721 Martyrum,
1087 4666 1207 4721 cap.
1263 4653 1404 4717 l05,
1463 4652 1598 4707 hanc
1651 4653 1951 4719 basilicam,

395 4739 425 4775 a
459 4721 774 4775 Cuntramni
819 4721 1073 4778 militibus
1097 4722 1259 4778 fuisse
1290 4723 1561 4788 violatam,
1593 4731 1650 4776 ut
1672 4727 1950 4777 thesauros

385 4791 691 4846 accolarum
739 4792 848 4846 illic
875 4792 1148 4859 depositus
1178 4803 1445 4860 raperent,
1477 4791 1576 4847 hoc
1604 4807 1789 4847 eorum
1820 4789 1954 4845 faci-

393 4878 491 4916 nus
521 4861 774 4932 continuo
799 4861 1085 4918 ulciseeute
1107 4862 1354 4917 Numine.
1383 4862 1641 4932 Scaliger,
1679 4863 1770 4917 lib.
1806 4877 1856 4916 vr
1885 4863 1953 4917 de

386 4931 600 4986 cmend.
632 4940 816 5004 temp.,
847 4934 1102 5004 Opinatur,
1133 4933 1294 5004 Greg.
1343 4931 1548 4986 Turon.
1577 4947 1639 4988 ea
1671 4935 1723 4986 in
1754 4948 1814 4987 re
1842 4933 1956 4985 hal-

388 5004 675 5057 lucinalum
725 5001 910 5072 fuisse,
961 5004 1050 5071 qui
1091 5001 1364 5058 basilicam
1394 5003 1536 5056 illam
1572 5018 1759 5072 prope
1787 5005 1954 5071 Agin-

389 5089 512 5126 num
544 5075 701 5143 sitam
729 5071 1130 5138 eaistimaverjt,
1163 5087 1284 5126 cum
1314 5073 1499 5127 eadem
1533 5086 1699 5143 prope
1745 5071 1958 5140 Lugdu-

390 5160 514 5197 num
543 5141 912 5196 Conrenarum
947 5147 1112 5212 posita
1144 5143 1320 5207 fuerit,
1353 5141 1578 5212 quatuor
1607 5144 1812 5196 dierum
1853 5146 1951 5196 iter

387 5217 454 5265 ah
484 5212 689 5281 Agiuno
726 5213 949 5266 diStans.
978 5213 1082 5268 Sed
1114 5213 1274 5282 Greg.
1306 5212 1439 5268 Tur.
1467 5213 1682 5282 egregie
1709 5212 1953 5282 vindica-

389 5292 520 5405 itura
560 5281 629 5336 cl.
673 5283 854 5347 ltuin.,
889 5283 940 5337 in
984 5285 1122 5339 uois
1160 5281 1416 5352 ad’caput
1454 5281 1524 5338 53
1566 5281 1661 5338 lib.
1692 5297 1763 5337 vn
1811 5281 1946 5336 Hist.

407 5365 576 5405 *ranc.

407 5351 576 5406 ﬁ‘ranc.

456 5419 482 5457 ἀ
521 5422 585 5474 Et
623 5421 669 5475 si
710 5422 1014 5491 ignoremus
1053 5423 1269 5478 ubinam
1300 5437 1427 5477 vere
1468 5431 1614 5476 esset
1655 5421 1741 5475 hic
1782 5421 1950 5483 locus,

393 5487 902 5562 Veruemetis'vulgo
933 5493 1260 5553 nontinatus,
1292 5491 1449 5546 facile
1479 5503 1652 5545 tamen
1685 5492 1953 5545 credimus

387 5567 592 5625 uspiam
634 5563 685 5613 in
725 5576 856 5631 agro
896 5562 1268 5631 Burdegttlcnsi
1314 5563 1540 5630 positum
1591 5562 1777 5624 fuisse,
1829 5575 1952 5613 cum

391 5633 521 5685 s‘tus
569 5634 894 5700 amoenitate,
941 5642 1050 5686 tum
1089 5633 1347 5701 religione
1387 5632 1758 5703 conspicuum,
1789 5641 1846 5686 ut
1886 5645 1949 5686 ex

2135 4437 2153 4477 ί
2195 4440 2341 4496 Unus
2365 4439 2494 4495 Cod.
2525 4440 2670 4502 Vat.,
2695 4453 2864 4498 metet.

2133 4510 2148 4560 Ι
2188 4509 2451 4565 Incertum
2483 4513 2601 4581 quis
2637 4512 2795 4566 fuerit
2825 4513 2911 4568 hic
2939 4513 3218 4578 Nazarius,
3245 4528 3367 4568 cum
3395 4523 3501 4568 tres
3527 4514 3628 4568 sub

2060 4581 2162 4637 hoc
2185 4581 2402 4636 nomine
2429 4581 2770 4637 celebrentur
2791 4582 2877 4638 die
2910 4585 2977 4637 l2
3010 4584 3174 4639 Junii.
3207 4584 3418 4638 Primus
3443 4598 3632 4650 passus

2058 4662 2141 4706 est
2173 4650 2454 4723 Mediolani
2494 4667 2616 4723 cum
2645 4650 2806 4708 Celso
2836 4668 3036 4722 puero.
3064 4669 3292 4723 quorum
3333 4668 3555 4722 corpora
3597 4671 3628 4706 a

2059 4728 2244 4776 sancto
2275 4720 2558 4775 Ambrosio
2585 4723 2794 4777 inventa
2825 4720 2972 4780 sunt.
2999 4720 3147 4778 Alter
3173 4720 3482 4785 Ebroduni;
3511 4731 3623 4776 ter-

2061 4795 2166 4845 tius
2193 4790 2407 4853 Romae;
2438 4792 2590 4858 cujus
2633 4807 2827 4860 corpus
2857 4795 3088 4848 delatum
3123 4795 3173 4848 in
3205 4793 3432 4847 Galliam
3463 4807 3629 4860 opera

2058 4854 2761 4931 Chrudegandifepiscopi
2821 4863 3127 4928 Mettensis,
3175 4877 3262 4916 an.
3319 4863 3445 4917 765.
3503 4854 3636 4916 Vide

2063 4929 2246 5002 liuiu.,
2277 4929 2328 4985 in
2359 4931 2499 5002 notis
2535 4931 2598 5002 ad
2631 4930 2792 5000 Greg.
2826 4933 2980 4998 Tur.,
3008 4936 3075 4988 de
3105 4934 3284 4988 Gloria
3314 4941 3633 5002 martyrum,

2061 5001 2098 5055 l.
2132 5017 2171 5063 ι,
2200 5015 2319 5069 cap.
2357 4999 2452 5065 6i,
2485 5001 2624 5056 unde
2650 4999 2764 5056 haec
2794 5001 3090 5058 hausimus.

2136 5071 2317 5126 Sancti
2351 5071 2830 5142 NazariiAreliqnize
2868 5074 3184 5130 colebantur
3212 5074 3264 5129 in
3302 5088 3428 5142 agro
3469 5071 3636 5125 Nam-

2061 5142 2236 5212 netico
2269 5149 2508 5210 tempore
2551 5139 2794 5210 Gregdrii
2838 5142 3164 5200 Turonensis
3186 5185 3202 5212 ,
3231 5153 3287 5199 ut
3325 5139 3505 5199 videre
3553 5153 3640 5196 εει

2061 5210 2179 5264 loco
2204 5213 2452 5278 superius
2481 5212 2666 5264 citato.

2133 5278 2157 5317 ⁸
2205 5279 2430 5352 sanctus
2480 5279 2796 5352 Dionysius,
2880 5284 3160 5350 episcopus
3205 5282 3555 5345 Parisiensis.
3610 5296 3638 5331 π

2059 5349 2219 5424 Greg.
2262 5349 2635 5424 Turonnulib.
2668 5368 2707 5415 ι,
2738 5366 2855 5422 cap.
2888 5349 2982 5419 28,
3039 5349 3173 5409 llist.
3209 5353 3425 5422 Franc.,
3451 5365 3642 5424 passos

2060 5419 2290 5496 refertur
2319 5435 2406 5474 an.
2431 5419 2539 5476 250
2559 5429 2657 5496 aut,
2675 5419 3010 5496 etiam_post;
3043 5425 3137 5478 sed
3152 5423 3272 5496 alia
3296 5419 3642 5496 monumenta

2060 5491 2351 5546 ostendunt
2393 5505 2514 5544 eum
2566 5505 2596 5544 a
2646 5493 2800 5547 beato
2828 5491 3103 5548 Clemente
3150 5493 3202 5548 in
3235 5492 3462 5548 Galliam
3509 5491 3642 5548 mis-

2062 5557 2410 5633 sumiuisse;
2447 5562 2600 5633 “unde
2633 5564 2751 5628 ejus
2779 5564 3091 5633 martyrium
3139 5563 3205 5617 ad
3250 5566 3506 5619 seculurn
3553 5576 3644 5617 sc-

2065 5631 2293 5686 ouudum
2345 5641 2486 5688 esset
2528 5630 2934 5702 rej‘ciendumf
2966 5633 3103 5704 Lege
3149 5633 3302 5689 lluin.
3330 5675 3347 5703 ,
3398 5635 3452 5691 in
3500 5635 3645 5689 notis
