3990 6188
349 253 425 307 73

354 368 598 435 Longius
621 367 743 421 Iriuc
772 365 896 421 oliui
925 381 1077 421 sacra
1109 379 1228 420 cum
1252 365 1472 422 delubra
1501 368 1758 431 fuissent,

431 459 500 512 l-lt
526 458 678 527 plebs
707 459 778 512 ob
799 459 1029 528 spatium
1063 472 1208 528 δεῖρε
1239 458 1450 514 timeret
1482 459 1605 521 iter,

356 550 620 620 Exiguam
650 549 870 604 dederat
903 549 988 604 hic
1019 550 1212 618 praesul
1243 550 1486 606 Amelius
1509 560 1537 590 ι
1560 565 1762 618 arcem,

430 641 806 696 Christicolam
837 640 1092 710 populum
1126 655 1224 696 nec
1253 643 1502 710 capiente
1533 641 1685 705 loco;

349 731 478 804 Quo
508 730 629 786 vita:
655 731 938 786 claudente
968 731 1137 796 diem,
1169 732 1362 787 dehinc
1390 713 1539 800 prole
1567 734 1837 802 graduque

436 823 593 878 Venit
621 823 686 876 ad
719 824 988 877 Irteredem
1026 823 1129 878 hoc
1157 837 1293 892 opus
1322 832 1496 892 atque.
1517 828 1686 878 locus.

356 913 732 984 Fundavitque
762 915 904 983 piam
936 916 1072 969 hatrc
1111 930 1240 984 papa
1278 914 1532 970 Leontius
1564 915 1591 952 δ
1621 917 1835 980 aulam,

430 1006 636 1060 Obtulit
664 1015 721 1060 et
747 1005 966 1059 domino
992 1005 1268 1075 Splendida
1299 1006 1436 1059 dona
1467 1021 1587 1060 suo.

355 1099 532 1168 Quam
562 1099 900 1154 venerandus
932 1099 1092 1154 habet
1132 1098 1398 1167 propriam
1431 1097 1715 1168 Dionysius
1747 1098 1940 1166 aedem,

429 1192 663 1248 Nomine
695 1191 797 1245 sub
826 1194 976 1258 cujus
1006 1189 1332 1244 sanctificata
1365 1191 1517 1244 nitet.

355 1285 459 1352 Qui
504 1282 742 1338 fervente
773 1281 904 1343 ﬁde,
936 1281 1133 1334 Christi
1164 1281 1426 1335 solidatus
1455 1294 1659 1344 amore,

433 1377 649 1432 Vertice
675 1372 951 1443 supposito
979 1373 1110 1428 colla
1138 1374 1368 1427 secanda
1401 1373 1568 1426 dedit.

359 1468 722 1525 llz-mbrorutu
767 1474 1104 1534 contemptor
1131 1471 1264 1528 erat,
1293 1463 1560 1532 cupiendo
1594 1477 1870 1527 coronam,

433 1558 555 1613 Vile
585 1567 778 1625 putans
805 1552 1052 1624 quidquid
1086 1552 1250 1607 ferret
1282 1567 1466 1607 amore
1494 1551 1610 1606 Dei.

360 1649 432 1704 Ut
465 1650 721 1702 moritura
751 1661 879 1698 caro
907 1646 1106 1697 donum
1143 1630 1444 1697 immortale
1472 1652 1704 1710 pararet,

436 1738 669 1792 Vulnera
702 1737 911 1799 dilexit,
939 1737 1030 1790 sed
1070 1735 1301 1788 car-itura
1344 1749 1493 1787 nece.

363 1831 557 1885 llostili
589 1843 878 1883 occurrens
905 1825 1104 1895 gladio,
1137 1839 1197 1878 se
1225 1825 1373 1878 misit
1401 1825 1662 1894 Olympo;

440 1921 593 1977 Unde
622 1921 758 1975 mori
789 1921 978 1984 voluit,
1014 1929 1132 1974 tota
1165 1920 1352 1974 salutis
1385 1919 1568 1974 habet.

364 2075 431 2130 ad
452 2073 616 2146 Greg.
641 2074 870 2137 Turon.,
896 2073 989 2127 lib.
1016 2089 1030 2126 I
1060 2073 1127 2146 de
1147 2072 1337 2146 Gloria
1360 2080 1678 2146 martyrum.
1707 2083 1830 2138 cap.
1859 2068 1946 2123 72.

375 2142 603 2216 Legeie't
630 2159 697 2200 ea
736 2161 852 2211 qua:
878 2144 1245 2216 adnotavimus
1262 2142 1340 2216 _ad
1371 2143 1502 2216 Acta
1535 2143 1593 2216 ξ.
1617 2142 1791 2216 Diom,
1829 2155 1878 2208 p.
1914 2155 1950 2194 ll

365 2209 480 2284 0p:
501 2215 649 2268 Fort.
679 2209 1007 2268 l'ercelebris
1034 2222 1150 2284 erat
1178 2214 1235 2267 S.
1262 2211 1500 2284 Dionysii
1549 2209 1761 2284 basilica
1787 2225 1951 2278 prope

364 2280 629 2349 Parisios,
669 2285 738 2338 de
777 2299 881 2354 qua
926 2299 1070 2352 saepe
1111 2283 1334 2351 Gregor.
1381 2280 1606 2354 'I‘uron.,
1639 2291 1691 2335 et
1732 2280 1800 2334 de
1846 2294 1950 2347 qua

366 2356 491 2412 fuse
515 2352 807 2409 Adrianus
829 2353 1089 2417 Valesius,
1121 2355 1173 2406 itt
1203 2361 1340 2422 part.
1372 2367 1409 2405 tt
1441 2352 1652 2422 Defens.
1681 2365 1791 2404 suae
1822 2364 1951 2422 con-

368 2439 453 2482 tra
489 2425 823 2490 Launoium;
862 2426 1028 2485 altera
1064 2419 1576 2480 vero'Atnbasciaci.
1610 2423 1679 2474 At
1718 2425 1850 2482 haec,
1882 2419 1952 2474 de

365 2511 474 2567 qua
508 2497 612 2554 hoc
638 2499 757 2551 loco
787 2496 1129 2560 Fortunatus,
1154 2493 1490 2567 ‘Burdegaite,
1521 2501 1622 2567 aut
1655 2494 1706 2543 in
1743 2490 1951 2567 iturae:

364 2558 576 2636 g'alensi
609 2581 739 2636 agro
778 2568 881 2619 sita
910 2567 1074 2621 fuisse
1101 2558 1444 2628 videturfab
1472 2558 1703 2628 Aurelio,
1739 2558 1949 2616 Leontii

369 2643 681 2702 timeare,
714 2638 958 2704 primitus
981 2647 1270 2690 exstructa.

460 2717 486 2744 ι
518 2707 616 2761 Hic
657 2702 896 2761 Aurelius
963 2706 1013 2759 in
1053 2705 1430 2775 Burdegalensi
1493 2703 1620 2775 sede
1667 2702 1954 2775 antecessit

370 2776 655 2833 montium
685 2776 729 2843 I,
758 2777 1092 2831 decessorem
1124 2771 1343 2844 hujusce
1367 2773 1530 2829 nostri
1563 2773 1789 2828 Leontii.
1815 2771 1976 2837 (Ριοὶο

369 2863 467 2901 κισ
484 2863 625 2900 cura
647 2846 1168 2917 nota.)-Posuimus
1199 2847 1462 2900 Amelium
1485 2845 1685 2917 sedisse
1712 2846 1952 2917 proxime

367 2928 493 2973 ante
525 2913 806 2972 Leontium
837 2917 1103 2970 seniorem
1131 2917 1183 2970 in
1225 2917 1351 2970 sede
1397 2913 1778 2983 Burdigalensi,
1810 2913 1950 2981 quod

368 2989 512 3043 inter
564 2987 909 3057 Cyprianum,
941 2987 1030 3055 qui
1058 3001 1146 3039 an.
1179 2984 1283 3040 508
1317 2984 1553 3057 interfuit
1580 2983 1771 3057 conci].
1805 2987 1948 3057 nga-

1575 249 2068 308 MISCELLANEA.
2112 278 2180 294 -—
2218 250 2344 307 LIB.
2384 250 2422 310 1.

3549 253 3624 310 74

1969 367 2021 428 Α
2051 365 2156 420 Nec
2195 376 2416 436 angusta
2453 377 2476 405 ο
2511 366 2657 437 prius
2685 370 2946 424 subtraxit
2977 369 3092 424 fana
3123 369 3398 435 sacerdos,

2117 457 2244 512 llaec
2265 458 2364 512 nisi
2385 459 2684 527 perliceret,
2705 475 2824 527 qum
2850 461 3010 515 modo
3036 461 3174 516 culta
3193 459 3597 531 [factalplacent

2048 547 2278 602 Assidue
2308 549 2362 603 in
2393 548 2568 617 prisco
2601 565 2858 620 peragens
2896 551 3185 606 cerimonia
3217 553 3444 621 templo,

2119 638 2298 693 Donec
2330 640 2432 694 rite
2467 655 2698 711 sequens
2729 642 3116 698 consolidasset
3141 656 3297 712 opus.

2653 754 2875 809 CAPUT
2915 753 3022 808 XII.

2431 844 2506 898 De
2530 845 2739 898 basilica
2770 846 2795 880 ιι
2827 847 2988 899 sancti
3015 843 3238 899 Bibiani.

2047 954 2347 1024 [Basilicam
2383 953 2550 1008 sancti
2593 954 2824 1018 Bibiani,
2856 955 3204 1009 Santonensis
3245 954 3503 1024 episcopi,
3548 956 3617 1010 ab

2120 1025 2346 1079 Eusebio
2371 1033 2598 1090 emptam
2625 1026 2899 1090 aedificari,
2926 1027 3018 1079 sed
3052 1026 3270 1079 minime
3301 1025 3615 1093 perfectanr,

2117 1094 2390 1160 Leontius,
2425 1096 2705 1162 episc0pus
2729 1095 3156 1164 Burdegaleusis,
3193 1097 3437 1163 precibus
3462 1095 3620 1149 Erne-

2116 1165 2203 1230 rii,
2244 1165 2477 1234 episcopi
2504 1165 2876 1231 Santoueusis,
2912 1165 3296 1234 compleverat,
3331 1181 3433 1218 non
3463 1165 3617 1218 ruini-

2120 1250 2265 1287 nium
2313 1237 2378 1288 ad
2423 1232 2539 1288 eam
2592 1252 2700 1289 rem
2747 1236 2830 1289 vel
2869 1236 3174 1299 Placidiua,
3230 1232 3440 1289 Leontii
3489 1236 3615 1289 oliui

2119 1320 2304 1368 uxore,
2335 1307 2662 1358 conferente.
2698 1305 2892 1358 llorum
2920 1308 3097 1374 itaque
3125 1307 3375 1374 pietatem
3408 1320 3473 1358 ac
3502 1321 3625 1358 mu-

2123 1375 2442 1430 nificentiam
2476 1375 2794 1428 Fortunatus
2822 1373 3210 1446 courmerrdat.]

2051 1464 2214 1532 Digna
2245 1466 2542 1520 sacerdotis
2568 1465 2774 1520 Bibiani
2805 1475 2827 1503 ε
2859 1467 3050 1535 templa
3080 1476 3381 1532 coruscant,

2121 1559 2257 1624 Quo,
2291 1557 2334 1611 si
2356 1558 2496 1626 justa
2527 1558 2682 1624 petis,
2717 1558 2809 1611 dat
2833 1558 2914 1626 pia
2948 1568 3065 1611 vota
3103 1557 3120 1596 τ
3149 1558 3301 1616 lides.

2051 1644 2179 1712 Quae
2207 1648 2398 1716 praesul
2430 1646 2664 1702 fundavit
2693 1661 2860 1701 ovans
2891 1647 3151 1702 Eusebius
3183 1657 3208 1695 ε
3247 1648 3406 1712 olim;

1977 1711 2024 1770 Β
2078 1711 2088 1712 7
2125 1711 2405 1792 Ne'tameu
2436 1740 2694 1806 expleret,
2726 1747 2908 1806 ruptus
2936 1740 3003 1794 ab
3029 1739 3160 1793 orbe
3199 1737 3315 1792 fuit.

2052 1829 2148 1881 Cui
2178 1844 2296 1882 mox
2328 1830 2571 1882 Emerius
2598 1828 2624 1864 ιι
2652 1830 2915 1884 successit
2944 1830 2994 1884 in
3026 1845 3148 1884 arce
3177 1829 3446 1892 sacerdos.

2121 1920 2226 1976 Sed
2255 1935 2487 1991 emptum
2520 1920 2534 1958 ί
2572 1931 2626 1976 ut
2650 1930 2896 1988 strueret,
2930 1921 3068 1977 ferre
3097 1933 3306 1977 recusat
3333 1936 3492 1976 onus.

2122 2076 2188 2128 At
2219 2074 2498 2147 Lauttoyus
2550 2076 2601 2129 in
2647 2075 2785 2129 Diss.
2821 2076 2886 2131 de
2921 2075 3124 2130 duobus
3170 2076 3453 2147 Dionysiis,
3482 2091 3530 2130 c.
3563 2077 3616 2138 6,
3701 2116 3710 2127 .

2051 2144 2260 2199 observ.
2295 2146 2348 2211 6,
2380 2144 2563 2199 eeutet
2594 2148 2862 2199 basilicam
2893 2148 2958 2199 de
2987 2163 3086 2212 qua
3136 2152 3220 2200 hic
3274 2144 3612 2207 Fortunatus,

2053 2231 2156 2268 non
2187 2217 2236 2268 iri
2254 2215 2613 2283 Burdigalensi
2640 2216 2880 2281 dimcesi,
2896 2217 2987 2270 sed
3017 2216 3235 2269 Lutetire
3257 2215 3448 2270 fuisse:
3465 2232 3617 2284 quam

2053 2287 2278 2354 primum
2311 2286 2548 2340 Aurelius
2576 2288 2798 2340 antistes
2828 2286 3137 2340 Parisiensis
3162 2287 3392 2340 erexerit
3420 2287 3485 2338 ad
3526 2301 3613 2341 an.

2052 2355 2264 2426 circiter
2288 2358 2414 2420 550,
2434 2371 2545 2426 quo
2571 2357 2805 2410 Aurelius
2829 2355 3177 2409 Parisiensem
3203 2356 3414 2423 regebat
3431 2356 3617 2409 Eccle-

2050 2425 2206 2485 siam,
2237 2441 2500 2492 quamque
2529 2425 2778 2479 Leomius
2803 2426 3061 2493 Burdigal.
3079 2427 3312 2494 pontifex
3337 2439 3400 2478 ex
3420 2426 3615 2490 studio,

2051 2506 2108 2550 et
2136 2495 2392 2562 religione
2421 2511 2545 2566 erga
2579 2496 2637 2550 Ι).
2676 2495 2983 2566 Dionysium
3007 2497 3358 2559 ainplificarit,
3388 2509 3450 2549 ac
3480 2495 3619 2550 refe-

2052 2567 2207 2621 cerit.
2239 2566 2431 2621 Verum
2465 2578 2812 2633 przeterquatu
2841 2567 2978 2634 quod
3006 2568 3143 2619 nulla
3174 2566 3256 2619 hic
3279 2566 3475 2618 mentio
3503 2566 3559 2619 fit
3590 2583 3618 2614 ει

2054 2637 2346 2692 Fortunato
2374 2637 2512 2705 quod
2539 2640 2651 2689 [nec
2681 2636 2894 2689 basilica
2922 2648 3061 2689 esset
3086 2637 3321 2699 Parisiis,
3359 2651 3526 2702 eaque
3554 2636 3620 2688 ab

2053 2707 2302 2776 episcopo
2335 2706 2693 2775 Burdigalensi
2724 2705 2918 2760 refecta
2951 2706 3150 2771 luisset,
3174 2718 3319 2757 certe
3357 2707 3620 2776 Aurelium

2054 2775 2159 2830 nun
2189 2777 2535 2831 Parisiensem
2558 2776 2863 2832 antiStiteur.
2880 2776 2972 2829 sed
2991 2776 3420 2844 Burdigalensein
3436 2775 3618 2836 fuisse,

2052 2850 2182 2902 satis
2213 2847 2336 2900 inde
2358 2847 2675 2914 perspicitur
2701 2846 2839 2914 quod
2864 2845 3180 2899 Fortunatus
3201 2843 3498 2907 Leontium,
3516 2844 3620 2896 trti-

2054 2932 2156 2987 que
2183 2917 2445 2987 Burdigal.
2477 2917 2804 2987 episcotiuni,
2836 2917 3041 2987 Aurelio
3079 2915 3401 2987 successisse
3441 2916 3494 2968 in
3537 2915 3621 2968 illa

2056 2985 2182 3042 sede
2207 2987 2401 3042 referat
2429 2985 2523 3040 lib.
2552 3003 2588 3048 t,
2623 3000 2738 3053 cap.
2767 2986 2853 3051 11,
2883 2985 2963 3038 his
2985 2986 3185 3039 verbis:

371 3059 552 3135 mensi
606 3050 1079 3135 etmirureliauensi
1125 3057 1333 3135 primo,
1373 3066 1427 3110 et
1453 3056 1616 3135 inter.
1646 3050 1946 3132 Leontium,

2115 3076 2220 3134 Quo
2235 3071 2466 3135 (Amelio)
2479 3076 2586 3122 vitae
2598 3050 2856 3121 claudente
2870 3071 3016 3129 diem,
3029 3072 3091 3135 de
3106 3073 3213 3120 hinc
3226 3070 3360 3133 prole
3374 3070 3623 3134 graduque

367 3130 460 3199 qui
513 3143 604 3181 an.
662 3127 788 3199 _54I_
855 3128 1090 3199 interluit
1127 3123 1372 3199 concilio
1437 3123 1845 3199 Aureliarrettsh
1890 3137 1942 3176 tv

370 3194 458 3267 (ut
484 3197 720 3252 ostendit
768 3196 1006 3251 (Iorntius
1025 3197 1090 3248 ad
1114 3210 1201 3248 an.
1233 3196 1358 3267 5M,
1395 3211 1555 3267 num.
1575 3194 1689 3262 65),
1721 3195 1944 3267 nimium

368 3263 531 3337 spatii
561 3268 895 3336 irrterjecturn
923 3265 1386 3337 situquamobrem
1404 3263 1946 3337 Cyprianocontinuo

368 3332 656 3394 Leontium
696 3332 1400 3391 solliciamus'.70iltenartus
1447 3332 1628 3388 tamen
1661 3334 1741 3404 (ut
1776 3332 1949 3404 refert

368 3409 640 3477 (Quintius)
691 3407 745 3462 in
791 3406 985 3461 Notitia
1041 3408 1314 3475 utriusque
1358 3403 1698 3477 \’asconia:,i_
1733 3403 1826 3458 lib.
1850 3417 1945 3477 Arri,

368 3494 423 3533 c.
471 3481 530 3546 ’7,
596 3473 716 3547 post
772 3477 1096 3547 Cyprianum
1151 3473 1298 3547 ponit
1369 3485 1625 3547 utrosque
1678 3473 1947 3547 Leontios.

370 3543 646 3605 Boberttis
673 3562 800 3602 vero
821 3543 1067 3601 'Leonlio
1122 3543 1292 3614 primo
1346 3543 1669 3598 successisse
1705 3543 1868 3602 refert
1897 3545 1950 3596 irt

366 3624 505 3674 sede
559 3617 826 3688 Burdigal.
890 3616 1240 3688 Gailiciuum,
1291 3615 1412 3688 huic
1475 3615 1772 3688 Aurelium,
1840 3624 1952 3688 ium

370 3689 701 3760 Cyprianum
729 3684 770 3760 ,_
798 3699 909 3741 tum
967 3686 1244 3760 Leontium
1292 3685 1580 3760 juniorem.
1645 3684 1773 3760 Nos
1819 3685 1954 3738 duos

379 3754 641 3814 Leontio:-
695 3756 1056 3826 sejungendos
1118 3771 1226 3810 non
1271 3757 1580 3826 duximus,
1634 3754 1774 3824 quod
1831 3767 1953 3808 cum

383 3828 681 3885 Leontiusl
713 3824 1090 3894 subscripserit
1116 3824 1321 3896 synodo
1351 3824 1724 3880 Aurelianensi
1757 3839 1827 3890 tv,
1861 3839 1952 3878 an.

372 3900 505 3964 541,
561 3907 620 3953 et
677 3898 929 3951 Leontius
973 3898 1151 3965 junior
1185 3896 1375 3950 sedere
1417 3897 1638 3962 coeperit
1689 3902 1816 3948 ante
1865 3909 1953 3948 an.

371 3973 508 4034 549,
534 3983 644 4038 quo
693 3982 790 4034 per
817 3973 1044 4038 legatum
1074 3965 1388 4038 subscripsit
1434 3967 1640 4036 synodo
1678 3966 1956 4020 Aurelian.

379 4056 436 4109 ν,
472 4036 615 4093 haud
645 4040 889 4109 videntur
917 4036 1272 4109 disjungendi.

449 4107 852 4165 Sammarthaui
901 4103 1030 4162 vero
1072 4103 1125 4161 in
1174 4106 1347 4160 Gallia
1411 4103 1711 4160 Christiana
1750 4104 1960 4160 Amelio

377 4182 667 4236 Leontiqu
696 4177 1066 4246 lraubrogant:
1101 4179 1239 4232 inter
1262 4176 1403 4246 hunc
1443 4191 1572 4231 vero
1599 4185 1654 4246 et
1679 4175 1960 4230 Leontium

374 4251 652 4320 iuniorem
701 4245 1027 4320 Cyprianum
1069 4248 1275 4320 sedisse
1304 4245 1563 4320 referunt.
1592 4245 1701 4320 Nec
1736 4249 1964 4320 proban-

377 4316 508 4375 dum
535 4316 758 4374 videtur
781 4319 923 4388 quod
968 4320 1068 4389 ipsi
1106 4319 1307 4389 ideirco
1353 4325 1473 4386 post
1501 4317 1764 4389 Arnehum
1793 4316 1963 4389 velint

2139 3132 2290 3186 Venit
2311 3137 2369 3183 ad
2388 3132 2635 3183 bteredem
2656 3140 2746 3183 hoc
2762 3146 2884 3193 Opus
2902 3142 3050 3194 atque
3065 3132 3220 3181 locus.

2107 3197 2440 3259 Fundavitque
2462 3198 2586 3258 piam
2609 3196 2730 3244 hanc
2744 3207 2861 3257 papa
2889 3196 3117 3259 Leon'ius
3135 3195 3308 3254 aulam,
3334 3200 3434 3244 etc.

2899 3257 3174 3328 (Secunda:
3197 3272 3333 3309 cum
3356 3257 3520 3325 nota.)

2120 3339 2148 3378 ι)
2179 3339 2234 3393 In
2249 3336 2413 3392 Gallia
2427 3336 2746 3398 Christiana,
2765 3336 3036 3391 aSamniai
3053 3338 3129 3389 th.
3153 3336 3312 3398 edita,
3337 3335 3436 3390 hoc
3454 3334 3626 3403 operis

2067 3411 2313 3467 tribuitur
2341 3423 2443 3462 nou
2478 3407 2698 3462 Leontio
2727 3408 2795 3470 II,
2822 3409 2907 3474 qui
2940 3405 3054 3471 fuit,
3075 3415 3229 3460 aetate
3251 3406 3542 3463 Fortunati.
3577 3409 3627 3458 in

2054 3482 2220 3536 Gallia
2271 3478 2671 3548 Burdegalensis
2711 3478 3016 3548 episcopus,
3072 3476 3165 3530 sed
3204 3474 3320 3545 ejus
3361 3476 3628 3530 decessori

2053 3550 2274 3608 Leontio
2305 3547 2344 3613 l,
2365 3548 2505 3618 quod
2527 3547 2776 3601 demiror.
3496 3616 3506 3618 _
3703 3611 3708 3616 .

2129 3634 2152 3660 ε
2186 3621 2325 3675 Edtt.
2363 3616 2492 3672 Ven.
2545 3627 2600 3672 et
2639 3618 2830 3681 Paris.,
2876 3633 2967 3672 nec
3015 3628 3252 3688 congesta
3299 3618 3460 3686 prius.
3494 3616 3620 3671 Item

2059 3707 2194 3749 unus
2219 3688 2353 3744 Cod.
2387 3687 2500 3742 Vat.

2130 3762 2157 3801 ά
2187 3761 2336 3815 Hauc
2364 3758 2535 3814 sancti
2570 3757 2772 3812 Bibiani
2799 3757 3071 3812 basilicam
3117 3758 3168 3811 in
3211 3757 3472 3812 suburbio
3495 3756 3632 3812 San-

2059 3839 2246 3888 tonum
2297 3830 2482 3893 fuisse,
2513 3839 2734 3898 apparet
2777 3845 2841 3882 ex
2871 3829 3173 3882 testimonio
3201 3827 3362 3898 Greg.
3395 3827 3630 3892 'l‘urou.,

2061 3845 2246 3888 tonum
2297 3845 2482 3893 tuisse,
2513 3845 2734 3951 aplparct
2777 3845 2841 3882 ex
2871 3845 2998 3882 Iesu:

2061 3903 2159 3958 lib.
2181 3904 2246 3954 de
2271 3899 2444 3955 Gloria
2474 3914 2573 3952 con
2602 3912 2734 3963 ess.,
2763 3912 2882 3965 cap.
2910 3897 2998 3951 58.

2134 3984 2158 4010 υ
2186 3972 2412 4027 Sanctus
2439 3968 2707 4030 Bibiauus,
2735 3968 2846 4020 sive
2875 3966 3212 4032 VrvianusJin
3231 3967 3456 4035 vulgatis
3471 3967 3630 4021 Cata-

2063 4043 2219 4111 logis,
2243 4039 2502 4111 secundus
2525 4037 2670 4111 urbis
2699 4036 3047 4111 Santoneusis
3077 4040 3356 4111 episenpus
3387 4037 3624 4111 ponitur.

2139 4105 2159 4151 ἲ
2192 4111 2382 4166 Narrat
2404 4107 2564 4176 Greg.
2597 4107 2753 4169 'I‘ur.,
2781 4120 2941 4174 supra
2963 4105 3124 4158 citato
3155 4109 3290 4170 loco,
3321 4106 3461 4174 quod
3493 4106 3627 4158 liber

2066 4184 2118 4236 in
2156 4179 2297 4248 vulgi
2327 4178 2594 4241 manibus,
2623 4187 2678 4231 et
2705 4177 3213 4248 oculis_versabatur
3239 4190 3339 4248 suo
3367 4186 3630 4243 tempore,
3713 4215 3716 4224 .

2067 4255 2153 4322 qui
2184 4245 2368 4322 molem
2397 4248 2639 4322 virtutum
2662 4245 3054 4322 sanciiBibr'am'
3081 4247 3386 4322 continebat.

2140 4331 2166 4369 ε
2192 4320 2288 4376 Hic
2314 4319 2574 4374 Eu~ebius
2601 4315 2797 4370 Enterii
2819 4315 3068 4371 decessor
3090 4319 3184 4370 fuit
3206 4318 3258 4371 in
3283 4316 3412 4371 sede
3439 4314 3635 4370 Santo-

378 4391 666 4448 Leontium
693 4391 712 4442 ι
741 4383 969 4456 sedisse,
989 4383 1130 4460 quod
1161 4383 1404 4450 Fortuna
1427 4400 1478 4441 c.
1504 4387 1564 4440 11
1595 4389 1631 4440 l.
1664 4401 1704 4450 ι,
1725 4386 1920 4441 referat
1949 4403 1956 4438 :

2073 4386 2888 4469 nensi_._Interfuit-conenMrel.
2911 4401 2972 4449 tt.
2993 4385 3226 4469 an.__535,
3250 4399 3303 4442 et
3321 4401 3375 4469 _v,
3393 4400 3486 4469 an.

507 4483 755 4544 Exiguam
777 4479 985 4544 dederat
1004 4480 1082 4544 hic
1098 4478 1275 4542 praesul
1300 4477 1519 4544 Amelius
1541 4490 1706 4544 arcem

574 4540 918 4605 Christianam
941 4540 1171 4605 populum
1196 4540 1536 4605 neccapieute
1561 4540 1665 4588 loco

509 4607 620 4665 Quo
639 4607 754 4653 vitae
772 4601 1032 4652 claudente
1053 4603 1204 4660 diem,
1225 4604 1401 4650 dehinc
1424 4602 1563 4665 prole
1592 4601 1846 4663 graduque

575 4667 726 4716 Venit
747 4665 808 4713 ad
831 4667 1081 4714 bieredem
1104 4666 1196 4713 hoc
1216 4675 1357 4725 opus,
1378 4668 1532 4723 atque
1551 4662 1702 4710 locus.

510 4729 855 4790 Fundavitque
877 4730 1007 4789 piam
1029 4728 1152 4777 hanc
1171 4723 1292 4787 papa
1311 4723 1548 4773 Leontius
1565 4726 1742 4786 aulam,
1763 4732 1861 4774 etc.

382 4828 498 4871 tum
519 4827 626 4866 non
657 4818 862 4864 asserat
890 4807 1210 4863 Fortunatus
1241 4805 1381 4861 istud
1427 4806 1627 4874 operis,
1671 4811 1739 4860 ab
1764 4805 1974 4860 Aurelio

383 4891 683 4955 angustum
725 4889 781 4955 et
824 4881 1245 4955 incommodum
1278 4880 1545 4955 relictum,
1597 4876 1828 4955 adeum
1865 4878 1972 4955 _qui

385 4945 638 5027 proxime
671 4949 776 5027 loci
804 4951 918 5020 ejus
943 4961 996 5005 et
1024 4949 1220 5027 gradus
1234 4947 1408 5002 haeres
1431 4945 1972 5027 fuitamplilicanduin

383 5016 454 5081 'ac
478 5016 848 5080 renovandum
870 5016 1208 5089 pervenisse;
1237 5033 1269 5073 e
1290 5028 1474 5072 contra
1506 5016 1591 5089 illa
1605 5017 1778 5070 omnia
1795 5017 1875 5089 vel
1905 5016 1975 5069 de

387 5096 620 5153 Leontio
637 5093 683 5147 I1
695 5086 895 5161 Optime
910 5091 1078 5157 accipi
1104 5091 1326 5161 possiui,
1342 5091 1430 5161 qui
1451 5088 1550 5161 etsi
1575 5086 1972 5161 nou_p_roxime,

387 5174 567 5222 nares
597 5154 778 5218 tamen
826 5154 1260 5216 Amelii'in'sede
1287 5154 1652 5228 Btt'rdigalensi
1682 5154 1978 5228 fuit._Quo-

385 5240 537 5294 circa
589 5245 645 5288 et
700 5233 990 5298 Robertus,
1045 5235 1134 5300 qtti
1159 5229 1405 5283 laudatur
1424 5225 1722 5300 a'Cointio,
1769 5225 1856 5280 illa
1896 5235 1979 5280 est

384 5305 680 5367 Fortunati
729 5305 894 5358 verba
948 5303 1016 5357 de
1045 5298 1268 5355 Leontio
1321 5299 1534 5370 iuniore
1579 5298 1974 5370 interpretatus.

388 5378 704 5434 Praesertim
736 5389 856 5429 cum
884 5372 1229 5435 Fortunatus,
1259 5368 1347 5440 qui
1369 5379 1514 5425 totus
1541 5368 1744 5440 eratin
1772 5368 1976 5440 Leontii

389 5448 626 5521 iunioris
650 5447 897 5521 laudibus
915 5444 1257 5521 enrollendis,
1276 5436 1524 5521 'ejusﬂdem
1549 5437 1787 5521 studium
1806 5437 1859 5490 in
1877 5436 1976 5491 ba-

388 5507 562 5577 silicis
589 5533 694 5587 qua
727 5515 1048 5587 reﬁciendis,
1085 5529 1186 5583 qua
1213 5507 1611 5587 eamdiﬁcaudis
1640 5522 1851 5587 saeptus
1890 5521 1980 5587 os-

392 5579 662 5646 tenderit:
692 5587 821 5640 nihil
851 5599 980 5639 vero
1005 5579 1264 5654 ejusmodi
1298 5581 1526 5636 narrarit
1565 5581 1632 5654 de
1666 5579 1890 5654 Leontio
1935 5579 1976 5648 Ι,

394 5666 545 5731 :njus
571 5658 902 5732 epitaphium
931 5651 1169 5725 scripsit,
1197 5654 1337 5722 quod
1363 5660 1536 5707 exstat
1564 5651 1599 5705 l.
1633 5664 1706 5718 rv,
1733 5664 1783 5704 c.
1815 5652 1868 5704 9.

821 5784 1069 5841 Parnm.
1142 5778 1540 5840 LXXXVIII.

2151 4463 2178 4500 δ
2213 4462 2308 4516 llic
2346 4459 2610 4521 Emerius,
2653 4454 2897 4510 zEmulus
2937 4459 3235 4524 appellatus
3285 4459 3352 4511 ab
3392 4455 3634 4520 infantia,

2075 4534 2120 4588 is
2161 4535 2260 4587 fuit
2302 4544 2458 4600 quem
2495 4527 2743 4582 Leantius
2771 4543 2873 4580 una
2918 4542 3038 4582 curn
3081 4527 3341 4600 episcopis
3385 4539 3632 4600 compro-

2077 4596 2414 4660 vincialibus.
2445 4600 2496 4654 in
2526 4599 2732 4666 synodo
2761 4600 3083 4661 convocatis,
3113 4599 3391 4664 depulerat
3417 4596 3483 4648 de
3509 4597 3633 4660 .epi-

2075 4681 2326 4741 scopatu,
2353 4670 2552 4738 quippe
2601 4667 2691 4741 qui
2733 4667 3111 4741 impetraverat
3154 4683 3185 4741 a
3232 4667 3468 4720 Clotario
3515 4679 3643 4734 rege

2077 4756 2134 4798 ut
2157 4737 2340 4809 absque
2367 4737 2742 4809 metropolitani
2772 4738 2982 4809 consilio
3005 4737 3488 4809 Qenedicereturttrt
3514 4750 3642 4809 nar-

2077 4823 2162 4868 rat
2189 4803 2347 4879 Gr'eg.
2379 4803 2610 4879 Turon.,
2637 4807 2726 4879 lib.
2756 4822 2806 4879 tv
2839 4806 2974 4879 Hist.
3008 4807 3225 4870 Franc.,
3251 4804 3512 4879 ea_p_._2'5._
3548 4803 3642 4879 Vi.

2077 4884 2233 4940 detur
2274 4874 2453 4949 itaque
2502 4877 2756 4949 Leontius
2797 4876 3068 4929 basilicam
3109 4876 3276 4949 sancti
3310 4874 3513 4949 Bibiani
3544 4874 3642 4926 ab-

2077 4944 2385 5008 solvendani
2438 4947 2771 5015 suscepisse,
2825 4954 3127 5015 antequam
3159 4946 3208 4998 iu
3265 4944 3471 5015 synodo
3519 4957 3640 5015 euin

2077 5025 2390 5089 deponeret,
2421 5027 2516 5071 aut
2535 5009 2689 5089 certe
2713 5009 2986 5089 postquam
3018 5009 3544 5089 redierateuiiripso
3586 5009 3640 5062 iu

2077 5080 2320 5163 gratiam.
2363 5080 2725 5163 Charibertus
2755 5080 3036 5163 nimirum,
3069 5083 3288 5137 L‘lutarii
3321 5080 3518 5160 Filius,
3554 5093 3646 5163 ve-

2081 5149 2360 5219 hementer
2410 5158 2462 5211 irt
2529 5156 2804 5210 Leontium
2874 5163 2928 5208 et
2981 5152 3098 5221 ejus
3166 5149 3645 5221 comprovinciales

2079 5239 2371 5296 exnrserat,
2399 5229 2540 5298 quod
2583 5228 2747 5298 patris
2784 5224 2905 5294 ejus
2942 5219 3530 5298 factumrescidissent,
3560 5219 3647 5284 ui-

2080 5306 2155 5360 hil
2181 5317 2241 5358 se
2263 5291 2508 5357 consulto
2530 5316 2544 5364 ;
2569 5291 2678 5351 tum
2700 5291 2990 5368 clericum,
3005 5291 3186 5368 iudicii
3217 5291 3646 5368 illiusnuntium,

2081 5376 2349 5446 plaustro,
2381 5360 2771 5446 spinisstrato,
2804 5364 3131 5445 impositum,
3164 5360 3504 5446 in.e_xsiliuilt
3534 5360 3648 5438 ejef

2078 5434 2258 5508 ceret;
2297 5434 2361 5496 ac
2387 5434 2640 5494 Leomius
2669 5439 2804 5504 ipse,
2833 5435 3042 5488 nonnisi
3076 5434 3339 5508 persoluta
3359 5438 3503 5508 certa
3531 5434 3648 5508 auri

2080 5499 2311 5575 summa,
2331 5511 2565 5576 eﬂugere
2588 5499 3344 5576 potuit'cotttrttutietncteteris
3363 5499 3647 5576 episcopis,

2081 5585 2170 5658 qui
2215 5572 2600 5658 convertamur
2629 5579 2691 5658 in.
2733 5576 2872 5630 illam
2921 5575 3221 5646 synoduut,
3267 5572 3643 5630 Calautitatcu».

2156 5655 2175 5694 ί
2211 5653 2352 5710 Edit.
2384 5650 2574 5718 Paris.,
2603 5649 2691 5704 sed
2719 5659 2997 5718 comptum.

3212 5782 3247 5837 3
