4060 6190
368 281 428 334 77
1560 256 2060 318 MlSCELLANEA.
2103 283 2168 296 --
2207 251 2336 308 LIB.
2378 251 2416 306 ι.
3557 244 3624 298 78

371 398 517 453 Nunc
545 392 773 446 meliore
798 389 884 441 via
912 384 1069 439 viruit
1092 388 1350 438 renovata
1380 385 1634 440 vetustas,

443 485 508 539 Et
538 485 695 536 lassa:
727 477 937 532 fabricze
961 475 1058 528 nos
1081 471 1357 527 redivivus
1386 468 1515 521 adit.

377 577 527 633 Etas
551 569 802 635 accessit,
834 577 1016 622 tanton
1040 575 1065 602 °
1091 564 1206 618 hate
1231 560 1524 631 juvenescit
1560 559 1784 624 honore,

445 665 596 720 Unde
619 675 784 715 senex
815 659 987 720 ﬁeret,
1009 653 1186 723 junior
1215 653 1338 706 inde
1370 651 1527 706 redit.

377 757 470 812 ilic
494 754 714 822 scalpta:
740 741 902 813 [Ms.,
927 749 1173 822 sculpta]
1207 759 1435 800 camera:
1461 743 1626 797 decus
1653 739 1955 794 interrasile

1640 833 1886 904 [pendct,

450 938 592 1006 Quos
620 937 824 1004 pictura
853 932 1015 998 solet,
1048 929 1190 1000 ligna
1215 926 1412 984 dedere
1430 927 1603 996 jocos.

377 1030 610 1098 Snmpsit
638 1027 933 1098 imagincas
961 1023 1136 1091 paries
1155 1019 1459 1077 simulando
1483 1020 1702 1086 ﬁguras,

444 1125 574 1192 Quae
601 1136 777 1186 neque
806 1130 945 1172 tecta
977 1115 1146 1186 prius,
1178 1113 1295 1169 haec
1324 1112 1483 1168 modo
1505 1113 1643 1180 picta
1673 1111 1862 1165 nitent.

382 1214 538 1272 Urbis
567 1211 903 1269 Sanctonicm
934 1209 1136 1277 primus
1157 1205 1254 1261 fuit
1278 1205 1380 1260 iste
1400 1203 1675 1269 sacerdos,

445 1303 513 1361 Et
543 1306 634 1361 tibi
667 1303 761 1372 qui
789 1317 1029 1372 reparas,
1048 1303 1174 1368 jure
1193 1297 1368 1370 priora
1398 1296 1426 1336 δ
1455 1297 1620 1353 dedit.
1742 1353 1756 1372 ἢ.

380 1401 512 1456 Cum
541 1412 636 1453 sua
664 1396 861 1463 templa
892 1401 1036 1448 tenet
1061 1399 1305 1455 sanctus,
1331 1388 1622 1444 habitando
1653 1396 1852 1457 quiete,

450 1488 798 1546 lnstauratori
823 1487 999 1542 reddit
1025 1485 1231 1538 honore
1262 1495 1284 1522 ε
1319 1482 1513 1537 vicem.

960 1638 1191 1695 CAPUT
1243 1636 1384 1692 XIV.

766 1755 846 1811 De
867 1755 1030 1809 calice
1052 1752 1078 1790 ά
1113 1751 1313 1807 Leontii
1341 1751 1584 1822 episcopi.

383 1870 638 1942 [Calicem
671 1883 699 1922 a
730 1867 954 1922 Leontio
979 1875 1032 1919 et
1087 1863 1354 1918 Placidina
1381 1862 1489 1942 aedi
1531 1875 1697 1916 sacra:
1725 1859 1962 1914 oblatum

962 1932 1398 2005 cutnutetnorat.]

388 2057 640 2111 Summus
667 2055 719 2108 in
747 2068 871 2108 arce
904 2054 996 2108 Det
1027 2055 1114 2124 pia
1145 2051 1287 2107 dona
1318 2051 1571 2106 Leontius
1599 2047 1776 2111 offert,

456 2150 607 2203 Votis
631 2149 818 2218 juncta
847 2149 1040 2214 sacris,
1068 2153 1123 2202 et
1169 2145 1439 2200 Placidina
1469 2143 1647 2198 simul.

388 2240 613 2305 Felices,
645 2253 873 2308 quorum
906 2247 930 2275 ο
960 2238 1111 2293 labor
1139 2246 1223 2292 est
1259 2235 1519 2291 altaribus
1546 2243 1720 2304 aptus,

455 2332 726 2401 Tempore
757 2331 845 2400 qui
880 2343 1046 2398 parvo
1077 2345 1182 2383 non
1213 2329 1452 2396 peritura
1481 2327 1678 2381 ierunt.

999 2523 1223 2579 CAPUT
1265 2522 1379 2576 XV.

864 2639 936 2694 De
961 2639 1174 2695 Leontio
1205 2635 1224 2676 τ
1258 2639 1512 2707 episcopo.

395 2776 650 2852 [Leontii
675 2742 1010 2852 nobilitatem
1050 2783 1301 2852 generis,
1348 2764 1704 2852 episcopalem
1733 2769 1978 2852 gradum,

465 2846 888 2902 muniﬁcentiam
938 2843 993 2894 in
1045 2837 1242 2908 templa
1299 2840 1537 2892 celebrat
1567 2837 1668 2892 hoc
1716 2837 1980 2908 carmine,

464 2918 753 2984 eidemque
782 2911 1094 2979 Placidinae,
1141 2905 1350 2966 Leontii
1377 2911 1503 2963 olim
1534 2909 1738 2972 uxoris,
1797 2905 1984 2960 laudes

467 2987 754 3056 adiungi”

399 3103 544 3158 Inter
575 3114 712 3170 quos
738 3097 923 3168 genuit
949 3094 1165 3151 radians
1192 3090 1536 3162 Aquitanicus
1568 3099 1594 3138 ε
1622 3089 1762 3156 axis,

475 3193 722 3263 l-Igregiis
753 3187 958 3242 meritis
982 3186 1215 3242 culmina
1240 3184 1412 3253 prima
1442 3191 1616 3247 tenes,

403 3284 624 3339 Civibus
645 3296 711 3335 es
745 3276 844 3352 [et]
872 3277 1037 3331 Gallis
1065 3275 1428 3345 supereminet
1455 3273 1564 3326 alta
1597 3279 1854 3339 potestas,

475 3377 555 3429 Tu
586 3373 765 3442 potior
795 3370 1038 3440 reliquis,
1070 3379 1126 3423 et
1153 3368 1247 3423 tibi
1277 3381 1436 3422 nemo
1467 3364 1631 3436 prior.

404 3465 676 3521 Praecedis
708 3462 924 3526 multos,
957 3460 1084 3514 nulli
1116 3459 1311 3526 minor,
1342 3465 1500 3525 atque
1525 3455 1814 3517 secundus,

479 3557 593 3613 Nec
618 3561 865 3624 superest
892 3550 1111 3621 aliquid,
1142 3549 1280 3616 quod
1307 3547 1435 3602 dare
1465 3543 1632 3614 possit
1661 3545 1856 3602 honor.

409 3653 656 3721 Quicum
689 3663 750 3704 se
780 3647 1008 3718 primum
1031 3641 1060 3680 h
1087 3642 1300 3698 vestivit
1329 3641 1459 3695 ﬂore
1484 3639 1760 3707 jttventus,

481 3743 688 3797 Parvus
710 3755 830 3794 cras
860 3738 1038 3802 annis,
1069 3744 1124 3790 et
1143 3735 1406 3804 gravitate
1435 3747 1597 3787 senex
1635 3730 1676 3784 ί.
1799 3802 1802 3805 _

410 3835 618 3890 Versus
646 3836 713 3885 ad
746 3829 1009 3897 Hispanas
1036 3828 1180 3880 acies
1201 3839 1322 3880 cum
1353 3838 1478 3893 rege
1503 3836 1694 3878 sereno
1721 3826 1766 3887 i,

484 3925 688 3980 Hilitia:
713 3923 884 3977 crevit
910 3921 1086 3990 palma
1115 3917 1346 3974 secunda
1377 3927 1502 3972 ture.

407 4016 580 4086 Cujus
603 4012 854 4084 primitiae
871 4020 1017 4066 tanto
1039 4010 1286 4079 placuere
1311 4009 1503 4073 relatu,

497 4108 565 4163 Ut
590 4105 799 4160 meritis
828 4111 973 4158 esset
998 4101 1210 4156 debitus
1239 4100 1340 4154 iste
1363 4099 1576 4168 gradus.

1971 372 2022 429 Α
2053 365 2160 421 Nec
2189 369 2442 435 poterant
2469 360 2650 416 subito
2683 359 2774 414 tibi
2795 357 3028 413 culmina
3056 357 3198 411 celsa
3230 358 3423 424 parari,

2133 457 2259 511 llzcc
2286 454 2385 509 nisi
2417 452 2575 522 digna
2605 461 2751 505 tuum
2784 449 3165 518 promeruisset
3192 464 3326 518 opus

2059 550 2347 603 Nobilitate
2378 556 2566 615 potens
2605 543 2888 614 prteccllis,
2923 557 3052 612 papa
3084 541 3292 605 Leonti,

2126 643 2320 698 Clarus
2348 640 2415 695 ab
2445 638 2697 706 antiquis,
2728 637 3143 692 sinumerentur
3171 635 3279 689 avi.

2061 733 2190 787 Nam
2217 745 2404 802 genus,
2436 737 2491 785 et
2509 729 2717 798 proavi,
2747 728 2826 781 vel
2853 725 3109 797 quidquid
3142 727 3194 780 in
3225 725 3415 779 ordine
3436 725 3636 790 dicam.

2136 823 2237 877 Per
2265 835 2515 890 proceres
2536 819 2710 874 celsos
2733 820 2903 872 currit
2925 821 3074 886 origo
3102 827 3274 872 vetns.

2063 916 2325 983 Tempora
2347 911 2651 982 dﬁugiunt,
2678 921 2729 966 et
2762 921 2867 965 stat
2899 921 3074 965 tamen
3105 911 3226 964 aula
3254 921 3567 980 parentum:
3622 959 3627 969 ,

2134 1006 2247 1062 Nec
2279 1006 2479 1076 patitur
2504 1005 2734 1074 lapsum,
2769 1014 2822 1060 te
2850 1014 3156 1072 reparante,
3179 1005 3384 1059 domus.

2063 1096 2322 1151 Nobilitas
2347 1095 2535 1164 longos
2563 1109 2670 1148 non
2700 1093 2971 1148 inclinavit
2999 1094 3052 1148 in
3080 1109 3250 1148 annos
3274 1111 3290 1158 ;

2133 1187 2230 1242 Cui
2260 1187 2426 1256 magis
2455 1201 2736 1242 ascensum
2763 1186 2941 1255 proles
2968 1185 3147 1254 Opima
3175 1186 3337 1242 dedit.

2065 1277 2264 1347 inclyta
2299 1275 2582 1347 progenies
2612 1277 2826 1330 ornavit
2863 1275 2980 1329 luce
3007 1275 3250 1344 priores,

2136 1366 2375 1421 Hieredis
2406 1365 2560 1420 radio
2600 1365 2850 1434 splendet
2887 1365 3038 1434 origo
3068 1374 3291 1434 patrum.

2071 1459 2142 1512 De
2167 1458 2347 1513 radice
2374 1471 2471 1512 sua
2502 1458 2694 1510 vestita
2721 1467 2804 1511 est
2831 1456 2967 1512 ﬂore
2996 1465 3265 1520 vetustas;

2136 1547 2307 1616 Quam
2337 1549 2526 1603 merito
2557 1557 2748 1602 vestrae
2781 1547 2950 1601 laudis
2971 1547 3252 1602 obumbrat
3284 1549 3473 1604 honor.

2037 1643 2320 1709 ‘Qnamvis
2347 1657 2453 1697 non
2483 1642 2675 1709 aliquis
2706 1644 2881 1711 potior
2911 1641 3069 1695 modo
3110 1643 3276 1711 possit
3298 1644 3504 1711 haberi,

1995 1746 2040 1806 Β
2142 1732 2220 1788 Tu
2251 1733 2341 1787 tibi
2371 1733 2651 1801 pracedis,
2679 1732 3058 1802 amplilicando
3090 1745 3295 1802 patres.

2070 1824 2276 1878 Emicat
2301 1825 2442 1878 altus
2465 1838 2624 1890 apex,
2650 1838 2903 1894 generosa
2929 1835 3210 1878 Stemmata
3245 1827 3504 1893 pandens,

2139 1915 2306 1981 Cujus
2332 1913 2471 1982 apud
2503 1928 2655 1983 reges
2687 1914 2840 1967 unica
2875 1913 3046 1982 palma
3081 1923 3244 1980 patet.

2072 2004 2333 2060 Ecclesia
2355 2018 2499 2058 nunc
2520 2003 2642 2074 jura
2672 2005 2836 2072 regis,
2867 2004 3171 2058 venerande
3199 2007 3472 2069 sacerdos.

2143 2095 2324 2149 Altera
2354 2095 2603 2149 nobilitas
2633 2095 2845 2148 additur
2875 2093 2999 2149 inde
3042 2095 3155 2149 tibi.

2075 2185 2403 2241 Pontiﬁcalis
2433 2200 2569 2255 apex
2599 2185 2841 2254 quamvis
2869 2184 2938 2238 sit
2976 2185 3150 2238 celsus
3191 2184 3242 2238 in
3291 2185 3420 2240 urbe
3444 2184 3618 2259 [orbe]
3639 2228 3655 2255 ,

2147 2279 2433 2348 Postquam
2457 2288 2511 2332 te
2548 2278 2759 2340 meruit,
2789 2276 2960 2330 crevit
2987 2275 3212 2340 adeptus
3251 2276 3443 2330 honor.

2076 2370 2208 2426 Aula
2240 2369 2358 2437 Dei,
2383 2378 2436 2423 et
2466 2377 2669 2436 pastor,
2703 2367 2908 2421 vicibus
2930 2367 3030 2422 sibi
3061 2368 3282 2434 prnunia
3312 2368 3557 2431 reddunt,

2149 2459 2227 2514 llli
2259 2470 2311 2514 tu
2339 2467 2606 2521 ornatum,
2640 2471 2790 2524 spem
2817 2456 2966 2510 dedit
2994 2456 3080 2510 illa
3123 2457 3234 2510 tibi.

2081 2553 2301 2607 Munere
2331 2549 2513 2605 divino
2543 2547 2742 2616 pariter
2771 2548 2976 2602 ﬁoretis
3007 2551 3237 2617 utrique,

2153 2642 2232 2696 Tu
2264 2641 2511 2698 mercede
2537 2639 2716 2709 places
2736 2679 2751 2702 ,
2786 2638 2874 2693 illa
2900 2638 3093 2692 decore
3122 2641 3270 2692 nitet.

2093 2735 2310 2790 Tertius
2338 2749 2368 2786 a
2396 2735 2604 2788 decimo
2633 2732 2757 2786 huic
2787 2730 2900 2784 ttrbi
2932 2731 3156 2784 antis:cs
3187 2730 3418 2792 balteris,

2156 2827 2262 2882 Sed
2295 2829 2496 2895 primus
2525 2825 2729 2880 meritis
2758 2823 3153 2878 enumerandus
3179 2825 3307 2878 eris.

2088 2917 2308 2986 Templa
2342 2925 2547 2970 vetusta
2574 2915 2666 2970 Dei
2694 2914 2960 2970 revocasti
2985 2913 3039 2968 in
3065 2915 3302 2983 culmine
3327 2915 3523 2984 prisco,

2162 3012 2394 3081 Postque
2424 3025 2578 3066 suum
2607 3009 2812 3078 lapsum
2841 3023 2984 3064 nunc
3015 3010 3236 3064 meliora
3268 3010 3499 3079 placent.

2011 3101 2056 3160 C
2093 3103 2248 3158 Flore
2269 3101 2579 3172 juventutis,
2614 3101 2766 3156 senio
2795 3100 3046 3170 fugiente,
3077 3112 3385 3162 coruscant.

2171 3195 2234 3247 Et
2261 3193 2354 3246 tibi
2387 3192 2504 3248 laeta
2539 3191 2738 3255 favent,
2777 3206 2884 3261 quo
2915 3201 3206 3246 renovante
3234 3192 3425 3245 virent.

2099 3285 2165 3340 Ut
2191 3295 2244 3338 ttt
2276 3283 2392 3352 plus
2419 3297 2627 3354 ageres,
2659 3280 2900 3336 incendia
2931 3289 3068 3335 tecta
3094 3288 3424 3347 cremarnnt,

2169 3375 2235 3428 Et
2263 3390 2405 3430 nunc
2431 3374 2587 3428 laude
2617 3383 2702 3428 tua
2737 3371 3008 3442 pulchrius
3035 3373 3125 3428 illa
3154 3375 3372 3426 micant.

2098 3469 2358 3536 Nullaque
2380 3466 2776 3521 ﬁammicremte
2805 3473 3088 3519 senserunt
3108 3463 3303 3518 damna
3330 3463 3518 3527 ruinm,

2167 3559 2296 3626 Quae
2327 3557 2484 3611 modo
2518 3563 2639 3626 post
2668 3556 2817 3626 ignes
2843 3552 2865 3591 ¹ί
2895 3555 3099 3608 lumine
3125 3554 3283 3622 plena
3315 3554 3503 3606 nitent.

2097 3647 2270 3702 Credo
2292 3647 2429 3715 quod
2460 3661 2524 3699 ex
2557 3659 2680 3699 sese
2710 3644 3002 3699 voluissent
3031 3644 3147 3712 ipsa
3170 3642 3396 3696 cremari
3415 3683 3430 3708 ,

2170 3739 2238 3793 Ut
2267 3738 2414 3793 latior
2440 3737 2530 3792 ille
2555 3746 2678 3790 tuus
2710 3735 2821 3789 hazc
2849 3734 3071 3789 meliora
3099 3733 3255 3787 daret

2101 3829 2227 3883 Post
2249 3828 2458 3881 cineres
2486 3834 2802 3894 consumpta
2829 3838 2975 3887 suos,
3003 3831 3299 3891 tenuesque
3327 3822 3553 3883 favillas,

2171 3919 2260 3972 Sic
2289 3919 2425 3972 solet
2453 3925 2507 3971 et
2536 3915 2759 3970 Phtenix
2797 3913 2816 3953 ι
2847 3929 2908 3968 se
2934 3929 3196 3968 renovare
3219 3927 3403 3966 senex.

2104 4007 2398 4062 lnstaurata
2428 4009 2588 4062 etiam
2618 4010 2756 4064 sacri
2783 4019 2866 4066 est
2903 4009 3230 4077 baptismatis
3251 4008 3368 4060 aula
3399 4015 3459 4068 η’,

2173 4101 2290 4164 Quo
2309 4100 2550 4154 maculas
2581 4110 2788 4155 veteres
2817 4101 2934 4154 ions
2963 4101 3104 4153 lavat
3131 4113 3268 4153 unus
3300 4100 3474 4167 aquis.

489 4248 514 4275 ⁸
549 4239 664 4292 Duo
692 4235 866 4290 Codd.
903 4234 1042 4300 Vat.,
1077 4233 1313 4299 accessit,
1353 4233 1442 4286 sed
1485 4233 1615 4288 lucc.
1662 4231 1805 4285 Edit.
1840 4230 2001 4295 νειμ,

412 4311 634 4363 accessit
655 4307 744 4361 sed
771 4316 816 4360 ct
849 4309 976 4361 hac.

490 4381 523 4417 δ
555 4380 715 4434 Hisce
743 4377 944 4440 verbis,
965 4376 1088 4444 jure
1113 4376 1290 4444 priora
1312 4373 1472 4433 dedit.
1501 4373 1802 4427 declaratur
1832 4372 2008 4425 Leon-

2107 4232 2386 4295 ﬁnitimus,
2417 4233 2860 4302 quemadmodum
2898 4243 2953 4289 et
2979 4233 3130 4288 villas
3164 4249 3284 4302 quae
3327 4251 3357 4288 a
3389 4235 3607 4290 Sidonio
3635 4246 3688 4286 ct

2108 4303 2398 4358 Fortunato
2419 4314 2908 4371 commemorantur
2927 4305 3120 4360 domus
3144 4305 3356 4359 illorum
3383 4320 3446 4362 ac
3476 4307 3689 4360 familiai

2110 4375 2351 4444 proprias
2381 4374 2568 4439 fuisse,
2600 4375 2895 4431 similitudo
2921 4391 3103 4431 earum
3127 4375 3337 4444 evincit,
3364 4386 3421 4430 ut
3449 4391 3547 4432 suo
3574 4377 3692 4429 loco

410 4454 557 4506 tium
587 4443 981 4516 metropolitani
1023 4447 1184 4500 fuisse
1227 4445 1384 4514 cujus
1434 4444 1654 4500 dioecesi
1698 4453 1813 4497 erat
1853 4457 2002 4496 cotn-
2029 4443 2478 4516 Dindicabimus.

411 4519 782 4588 provincialis
808 4516 1159 4588 Santonensis
1188 4517 1446 4588 Ecclesia.

489 4605 515 4630 ο
562 4589 695 4643 Tres
735 4587 903 4641 Codd.
938 4587 1130 4651 Vatic.,
1161 4587 1327 4639 reddit
1357 4600 1530 4638 amore
1558 4585 1736 4637 vicem.

485 4658 518 4697 (ι
561 4658 794 4728 Hujusce
821 4658 1002 4712 calicis
1033 4659 1356 4728 mentionem
1378 4655 1770 4728 iterutntacere
1795 4651 2006 4708 videtur

410 4725 758 4783 Fortunatus
787 4743 904 4797 seq.
929 4727 1192 4792 carmine,
1226 4728 1334 4779 illis
1359 4725 1633 4779 versiculis
1664 4743 1676 4777 :

558 4840 947 4901 Muneribusque
972 4840 1062 4900 piis
1082 4837 1257 4901 dotasti
1282 4835 1449 4884 altaria
1473 4836 1668 4901 Christi,

618 4903 738 4951 Cum
764 4909 847 4950 tua
865 4897 985 4949 'vasa'
1003 4901 1167 4948 ferunt
1184 4900 1371 4947 viscera
1395 4906 1560 4946 sancta
1587 4897 1706 4946 Det.

505 5015 530 5042 ε
560 5006 617 5060 In
664 5005 834 5060 Edi'tis
864 5003 1138 5073 legebatur
1186 5018 1398 5070 quorum
1443 5010 1516 5054 est
1565 4999 1815 5073 altaribus
1866 5009 2014 5070 aptus

424 5086 680 5143 uterque;
710 5071 1010 5128 restitutum
1041 5090 1066 5124 a
1099 5074 1301 5140 Brom,
1341 5088 1407 5126 ex
1436 5081 1618 5126 vetere
1646 5071 1769 5139 Ms.,
1800 5087 2017 5141 quarunt

427 5147 583 5202 labor
613 5158 685 5199 est
708 5145 957 5198 altaribus
995 5155 1166 5213 aptus.

517 5215 535 5252 ί
575 5217 671 5269 llic
700 5215 954 5269 Leontius
1001 5209 1333 5268 successerat
1381 5211 1434 5265 in
1484 5209 1612 5264 sede
1643 5209 2019 5280 Burdegalensi

422 5287 592 5352 aiteri
615 5287 857 5349 Leontio,
891 5300 1010 5338 cum
1038 5284 1173 5352 ipso,
1197 5294 1250 5336 ut
1274 5282 1504 5345 videtur,
1537 5281 1748 5348 generis
1778 5281 2024 5352 ttecc~_si-

427 5350 630 5410 tudine
658 5355 994 5425 conjunctus.
1029 5350 1226 5425 llorum
1249 5353 1468 5418 stirpem
1497 5363 1554 5425 et
1572 5350 2026 5425 originent_rel'et't

425 5427 621 5482 Brow.
641 5425 707 5480 ad
726 5421 1026 5494 prosapiam
1052 5423 1415 5494 Paulinorum,
1437 5423 1799 5494 conjecturam
1824 5421 2025 5494 iaciens

419 5511 500 5551 ex
534 5492 760 5562 quodam
791 5495 998 5550 Sidonii
1046 5493 1371 5560 Apollinaris
1395 5494 1532 5554 loco,
1584 5493 1676 5545 lib.
1723 5507 1834 5548 vttt.
1865 5492 2021 5560 epist.

421 5567 530 5619 12.
568 5567 725 5620 Certe
757 5567 1012 5620 Leontius
1053 5564 1162 5627 ille,
1191 5563 1258 5617 de
1286 5578 1391 5632 quo
1427 5562 1679 5632 Sidonius
1720 5563 1874 5632 facile
1920 5563 2028 5631 pri-

417 5653 556 5688 τινας
602 5637 972 5705 Aquitanorum
1010 5633 1234 5705 dicitur;
1279 5631 1439 5705 atque
1494 5631 1928 5705 ltuic_Leontio,
1958 5633 2023 5686 de

419 5721 548 5776 quo
577 5703 666 5761 hic
690 5707 1033 5762 Fortunatus.
1062 5704 1271 5758 videtur
1297 5703 1504 5771 origine
1533 5709 1586 5757 ct
1627 5703 1826 5756 fotnilia
1861 5704 2026 5756 fuisse

2181 4525 2204 4585 ις
2239 4515 2384 4585 Unus
2413 4515 2544 4569 Cod.
2579 4515 2718 4579 Vat.,
2745 4515 3050 4585 Aquitanius
3078 4517 3212 4569 axis.

2180 4582 2208 4662 ξι
2238 4583 2387 4662 Unus
2569 4585 2714 4662 Yah,
2747 4582 2835 4656 qui
2867 4603 2982 4662 cant
3009 4603 3060 4638 ce
3089 4589 3270 4662 primo.
3586 4613 3591 4624 ι

2186 4653 2201 4691 ί
2232 4653 2388 4726 Unus
2408 4654 2543 4709 Cod.
2569 4655 2710 4718 νει..
2744 4653 2791 4710 ét
2820 4657 3066 4726 grauitate
3091 4659 3246 4721 senis,
3267 4670 3334 4713 ac
3378 4667 3692 4723 perpetuum

2113 4734 2195 4778 est
2225 4724 2336 4779 fere
2363 4726 2414 4778 in
2444 4726 2547 4780 hoc
2588 4726 2784 4782 Codice
2810 4724 2942 4780 senis
2975 4741 3070 4796 pro
3115 4743 3268 4780 senex
3299 4741 3517 4794 ponere,
3553 4730 3691 4794 quod

2113 4799 2277 4848 semel
2311 4805 2523 4850 notasse
2550 4797 2794 4852 snliiciat.

2190 4869 2204 4914 i
2245 4865 2430 4919 Refert
2456 4865 2748 4933 Gregorius
2783 4866 3131 4932 Turonensis,
3158 4867 3358 4920 liistor.
3385 4867 3572 4920 Franc.
3603 4867 3692 4919 ἰειι.

2120 4951 2199 5001 ιιι,
2228 4950 2346 5004 cap.
2378 4936 2464 5001 10,
2497 4935 2895 4990 Childebortutn
2928 4953 3127 5006 regem,
3157 4937 3459 5006 llislianiant
3492 4939 3696 4995 inut-es-

2118 5021 2234 5059 sum
2281 5021 2401 5060 cum
2443 5006 2710 5070 exercitu,
2752 5007 2988 5074 ejusdem
3013 5045 3029 5070 ,
3062 5007 3239 5062 occiso
3282 5021 3423 5073 rege,
3471 5009 3694 5072 potitum

2121 5076 2304 5131 fuisse.
2331 5077 2454 5130 llznc
2485 5080 2660 5142 itaque
2687 5089 2860 5131 castra
2893 5091 3105 5130 secutus
3141 5076 3303 5129 fuisse
3339 5076 3590 5128 Leontius
3617 5078 3697 5127 di-

2119 5147 2320 5200 cendus
2349 5157 2450 5209 est.
2474 5147 2581 5214 jam
2607 5157 2731 5202 tunc
2755 5156 2913 5201 aetate
2943 5147 3254 5214 pubescens.
3285 5144 3575 5214 lillarautem
3603 5161 3696 5198 ex-

2123 5217 2321 5286 peditio
2347 5213 2561 5286 contigit
2594 5218 2658 5271 ad
2693 5234 2776 5270 an.
2807 5215 2904 5286 515i
2948 5213 3196 5286 ’t'irciter,
3234 5213 3570 5286 Uli‘tliXimUS
3600 5230 3696 5267 su-

2127 5282 2240 5354 pra,
2268 5289 2319 5339 in
2351 5282 2583 5340 notis'ad
2605 5303 2770 5340 carm.
2793 5286 2858 5337 15
2880 5283 3100 5352 hujusce
3128 5283 3271 5337 libri.
3297 5282 3695 5354 Childehertunt

2124 5359 2302 5424 itaque
2327 5357 2428 5411 sub
2475 5359 2689 5411 nomine
2714 5358 2842 5426 regis
2866 5354 3025 5408 sereni
3057 5354 3276 5408 minime
3307 5353 3491 5407 dubito
3515 5355 3702 5426 decla-

2125 5427 2256 5490 rari,
2279 5427 2430 5496 cujus
2459 5425 2857 5492 religionem'ac
2887 5426 3136 5493 pietatem
3165 5440 3308 5496 saepe
3352 5427 3534 5480 laudat
3564 5425 3699 5481 For-

2127 5495 2360 5558 tunatus,
2392 5498 2484 5550 sed
2518 5498 2780 5565 przecipuc
2806 5497 2895 5548 lib.
2929 5509 3000 5557 vt,
3031 5508 3149 5565 cap.
3182 5495 3236 5548 4.

2202 5565 2224 5602 ¹ι
2261 5568 2406 5619 Unus
2433 5567 2565 5620 Cod.
2591 5567 2732 5628 Vat.,
2761 5582 2851 5628 per
2877 5567 3036 5632 ignes.

2207 5634 2222 5674 ι
2264 5636 2410 5690 Unus
2455 5636 2586 5688 Cod.
2622 5634 2764 5696 Vat.,
2797 5636 2869 5687 sic
2898 5638 3046 5705 floret
3081 5644 3128 5687 et
3164 5633 3402 5696 Phanix.
3434 5646 3703 5702 corrupto.

2203 5707 2570 5772 mBrowcrus,
2628 5705 2677 5758 in
2738 5707 2875 5760 notis
2907 5707 2972 5759 ad
3026 5705 3169 5759 hunc
3227 5709 3422 5772 locum,
3471 5707 3710 5760 ostendit
