4060 6190
427 240 496 297 79
1143 241 1468 299 VENANTII
1510 189 1667 298 IlO.N.
1711 238 1920 298 CLEM.
1964 239 2364 304 FORTUNATI
2403 247 2686 306 OPERUM
2728 248 2902 305 PARS
2937 249 2977 304 l.
3628 251 3695 306 80

428 364 567 418 Ecce
597 360 750 417 beata
776 375 944 417 sacrae
971 360 1202 416 fundasti
1231 362 1426 431 templa
1459 363 1657 430 Maria,

498 453 609 508 Nox
634 455 722 509 ubi
752 453 887 508 victa
919 451 1069 523 fugit,
1103 466 1314 518 semper
1336 451 1582 508 habendo
1610 451 1771 508 diem.

427 545 650 601 Lumine
674 545 825 614 plena
851 544 1075 609 micans,
1105 542 1309 598 imitata
1338 554 1419 599 est
1440 544 1560 598 aula
1589 542 1830 610 Mariam,

496 636 586 693 illa
617 645 768 692 utero
797 637 968 691 lucem
999 634 1212 700 clausit,
1243 645 1297 689 et
1325 635 1423 690 ista
1450 635 1592 692 diem
1623 643 1670 689 δ.

421 728 532 785 Nec
556 729 732 783 solum
767 726 996 794 hie,-sed
1028 725 1225 797 ubique
1251 724 1278 765 δ
1313 728 1513 783 micant
1550 735 1635 780 tua
1666 727 1886 796 templa,
1917 741 2007 782 sa-

1563 814 1794 891 [cerdos.

493 910 636 965 inter
661 923 780 980 qua:
811 909 1070 980 plaudens
1097 910 1397 966 Sanctonus
1429 909 1514 965 illa
1542 912 1698 966 docet
1732 922 1778 967 ο.

421 1001 520 1069 Qui
550 1001 663 1056 loca
689 1003 786 1057 das
817 1003 1046 1073 populis,
1075 1004 1165 1060 ubi
1186 1003 1458 1060 Christum
1486 1004 1684 1076 iugiter
1713 1015 1890 1074 orent,

492 1093 642 1149 Unde
669 1095 813 1150 salus
843 1095 1041 1164 veniat,
1070 1105 1121 1150 te
1144 1095 1272 1150 facis
1291 1111 1413 1151 esse
1435 1097 1593 1153 viam.

421 1184 778 1254 Ecclesizeque
807 1185 998 1240 domus
1027 1197 1306 1242 crescente
1333 1189 1611 1243 cacumine
1642 1189 1826 1257 pollet,

493 1276 553 1330 Et
584 1276 770 1344 probat
796 1291 920 1333 esse
950 1286 1121 1344 tuum,
1153 1279 1293 1346 quod
1320 1278 1482 1332 modo
1512 1279 1654 1334 culta
1679 1282 1873 1349 placet.

419 1365 612 1422 Fecisti
643 1376 699 1422 ut
725 1367 886 1423 libeat
910 1376 1131 1423 cunctos
1162 1367 1264 1422 huc
1293 1383 1508 1424 currere
1537 1371 1708 1439 cives,

493 1461 561 1515 Et
584 1461 772 1516 domus
799 1476 901 1516 una
933 1471 1106 1529 vocet,
1135 1464 1389 1533 quidquid
1414 1465 1466 1519 in
1499 1466 1632 1521 urbe
1661 1475 1860 1523 manet.

418 1552 632 1610 Ornasti
665 1553 912 1622 patriam,
941 1553 1024 1607 cui
1047 1554 1182 1608 dona
1214 1555 1466 1624 perennia
1492 1565 1737 1626 praestas,

488 1641 568 1696 Tu
595 1657 808 1712 quoque
836 1643 1111 1708 dicendus,
1140 1643 1533 1714 Burdegalense
1562 1644 1744 1700 decus.

2040 365 2090 422 Δ
2119 363 2242 421 llaec
2271 381 2550 436 possessor
2575 354 2752 432 habet,
2786 365 3038 438 quidquid
3063 365 3419 421 transmiserit
3447 377 3591 431 ante,

2183 457 2308 512 Sola
2338 467 2482 514 tenet
2503 457 2528 494 ιι
2560 475 2762 524 secum,
2793 475 2912 530 qua:
2942 460 3089 528 prius
3120 459 3197 514 ire
3226 458 3371 513 facit.

2112 545 2237 603 llaec
2262 545 2354 603 tibi
2379 551 2574 619 templa
2609 552 2828 616 dabunt,
2860 560 2914 605 et
2943 566 3065 606 vasa
3091 562 3319 615 sacrata,
3348 551 3620 616 sacerdos,

2183 637 2248 692 Et
2275 638 2526 709 quidquid
2559 641 2840 710 reliquum,
2866 655 2965 696 nec
2991 628 3274 695 numerare
3302 655 3441 710 queo

2110 729 2362 784 Ecclesia;
2399 731 2648 787 columen
2696 730 2952 802 [culmen]
2984 746 3077 802 per
3107 741 3349 797 tempora
3391 733 3547 800 longa
3587 745 3689 801 gn-

3242 818 3475 894 [bernes,

2179 908 2248 965 Et
2272 909 2522 966 mercede
2550 911 2632 980 pia
2663 910 2864 966 fructus
2891 911 3086 982 ubique
3115 912 3302 966 mices.

2107 999 2281 1072 Cogor
2299 1017 2482 1058 amore
2505 1006 2664 1060 etiam
2699 1005 2982 1060 Placidinte
3007 1017 3168 1072 pauca
3206 1001 3429 1070 referre,

2174 1091 2305 1159 Quae
2334 1094 2424 1147 tibi
2457 1103 2580 1148 tunc
2607 1095 2822 1164 coniux,
2851 1102 2930 1149 est
2956 1094 3115 1147 modo
3142 1092 3305 1148 chara
3332 1107 3482 1148 soror
3511 1089 3557 1148 ί.

2106 1181 2308 1237 Lumen
2329 1182 2398 1237 ab
2417 1183 2644 1238 Arcadio
2675 1185 2896 1239 veniens
2917 1183 3158 1253 genitore
3183 1181 3427 1251 refulget,

2175 1275 2290 1342 Quo
2315 1285 2492 1330 manet
2513 1285 2793 1348 augustum
2826 1292 3064 1348 germen,
3090 1278 3262 1340 Avite,
3297 1287 3440 1331 tuum
3467 1294 3481 1329 :

2105 1364 2315 1434 Imperii
2339 1364 2353 1415 ἱ
2395 1366 2558 1420 fastus
2577 1365 2790 1438 [fasces]
2819 1376 2927 1420 toto
2947 1367 3034 1436 qui
3060 1368 3194 1420 rexit
3222 1367 3273 1421 in
3301 1368 3468 1431 orbe;

2174 1457 2337 1526 Cujus
2366 1458 2538 1513 adhuc
2567 1459 2771 1526 pollens
2793 1459 2912 1528 jura
2940 1467 3156 1512 senatus
3185 1459 3362 1513 habet.

2105 1546 2332 1601 Humani
2358 1549 2570 1618 generis
2599 1549 2642 1603 si
2670 1549 2900 1602 culmina
2932 1547 3098 1617 prima
3127 1549 3386 1617 requiras,

2177 1638 2392 1695 Semine
2419 1639 2666 1694 Caesareo
2695 1636 2721 1676 ἰ
2753 1639 2825 1694 nil
2854 1653 3135 1708 superesse
3161 1649 3353 1708 potest.

417 1709 681 1801 Quantum
721 1709 868 1788 inter
911 1735 1141 1804 reliquas
1190 1709 1349 1806 caput
1395 1736 1509 1792 haec
1539 1733 1564 1773 ἀ
1596 1752 1758 1808 super
1809 1737 1999 1792 extulit
2031 1709 2079 1771 Β
2103 1729 2209 1786 Sed
2241 1744 2410 1798 genus
2432 1730 2544 1800 ipsa
2569 1745 2723 1785 suum
2755 1745 2945 1785 sensus
2974 1731 3338 1785 moderamine
3363 1731 3515 1796 vicit;

809 1879 816 1886 .
1420 1861 1427 1864 η
1577 1829 1781 1896 [urbes,

809 1879 816 1886 ,
1420 1861 1427 1864 η
1603 1829 1688 1883 urb

484 1915 711 1969 Tantum
738 1914 1022 1970 Pontifices
1047 1914 1216 1971 vincis
1245 1916 1448 1972 honore
1473 1827 1688 1987 gratllus.

415 2002 669 2058 lnferiora
700 2004 842 2058 velut
869 2013 994 2058 sunt
1023 2004 1240 2059 ﬂumina
1268 2014 1459 2060 cuncta
1487 2006 1771 2064 Garumna:
1805 2017 1852 2076 ο,

486 2094 601 2150 Non
630 2093 786 2151 aliter
815 2095 966 2151 vobis
992 2096 1232 2166 subiacet
1263 2099 1437 2152 omnis
1461 2114 1619 2169 apex.

414 2183 635 2241 Rhenus
661 2185 728 2241 ab
755 2185 892 2256 Alpe
923 2201 1106 2242 means
1136 2201 1309 2257 neque
1340 2189 1499 2244 tantis
1525 2199 1739 2260 spumat
1775 2190 1995 2248 habenis

1523 2279 1778 2352 ’[arenis],

477 2368 695 2425 Fortior
726 2369 978 2425 Adriacas
1007 2385 1105 2425 nec
1128 2370 1302 2427 Padus
1328 2372 1490 2426 intrat
1512 2387 1705 2441 aquas;

369 2506 372 2510 .
413 2459 683 2516 Danubius
715 2477 811 2532 par
834 2470 938 2528 est,
971 2464 1060 2532 qui
1089 2463 1300 2534 longius
1329 2473 1513 2534 egerat
1545 2462 1561 2501 τ
1597 2465 1766 2518 undas
1795 2477 1810 2515 :

483 2554 606 2608 llaec
635 2569 734 2624 ego
767 2556 1104 2621 transcendi;
1134 2556 1316 2625 iudico
1341 2567 1463 2610 nota
1489 2556 1642 2611 mihi.

408 2643 822 2716 Muneribusque
846 2647 947 2715 piis
975 2646 1168 2702 dotasti
1195 2648 1383 2702 altaria
1413 2648 1634 2710 Christi,

479 2735 613 2788 Cum
636 2745 729 2789 ‘tua
751 2751 882 2791 vasa
903 2735 1092 2793 "ferunt
1116 2736 1321 2792 viscera
1349 2748 1530 2794 sancta
1564 2739 1678 2794 1ὶεὶ.

407 2823 538 2878 Nam
565 2839 744 2891 cruor,
776 2836 830 2881 et
867 2841 1059 2897 corpus
1087 2827 1293 2882 Domini
1323 2829 1571 2883 libamina
1595 2830 1810 2896 summi,

479 2913 602 2970 Rite
631 2916 932 2971 ministerio
959 2915 1383 2988 [ministerium],
1415 2929 1466 2973 te
1501 2921 1789 2986 tribuente,
1823 2922 1986 2977 venit.

409 3007 456 3060 υ
481 3005 633 3071 felix,
663 3005 815 3076 cuius
846 3007 980 3061 ditat
1005 3007 1089 3077 pia
1109 3009 1319 3078 templa
1349 3009 1590 3076 facultas,

483 3097 579 3152 Cui
612 3113 697 3153 res
726 3099 824 3154 ista
855 3100 1026 3170 magis
1053 3101 1408 3170 nonperilura
1434 3114 1634 3158 manet.

409 3191 525 3246 Non
547 3205 728 3260 aerugo
758 3200 891 3246 teret
917 3201 943 3239 ε
975 3183 1211 3246 mordaci
1239 3192 1396 3247 dente
1427 3195 1704 3258 talen-tum,

474 3281 582 3337 Nec
618 3291 800 3336 c0nlra
833 3279 947 3336 hate
977 3279 1123 3336 fures
1147 3297 1290 3336 arma
1317 3282 1500 3336 dolosa
1531 3292 1766 3338 movent.

405 3373 470 3430 Et
491 3374 615 3429 data
647 3388 733 3429 res
761 3373 910 3439 vivit,
944 3372 1070 3428 facit
1087 3381 1141 3429 et
1168 3374 1304 3429 bene
1334 3373 1512 3428 vivere
1533 3373 1746 3428 dantem

473 3465 605 3522 Cum
631 3467 855 3520 moritur
883 3464 1060 3533 terris,
1092 3464 1302 3520 ducitur
1326 3463 1450 3519 inde
1474 3463 1626 3534 polis.

403 3600 735 3671 baptisteria,
793 3600 990 3656 veteris
1045 3599 1534 3671 Ecclesiaeﬂmore,
1586 3609 1642 3654 et
1693 3614 1814 3667 usu,
1855 3599 1984 3671 fere

398 3669 626 3726 seorsim
656 3686 685 3724 a
717 3671 956 3726 basilicis
983 3671 1188 3725 exstrui
1238 3669 1392 3725 solita
1427 3669 1611 3734 fuisse,
1662 3671 1804 3737 quod
1850 3670 1976 3724 item

341 3759 358 3770 ’ί
399 3755 462 3795 ex
505 3740 605 3795 hoc
654 3740 965 3795 testimonio
1013 3741 1287 3796 Fortunati
1334 3740 1702 3793 confirmatur.
1753 3740 1981 3795 Sanctus

396 3812 561 3880 (ἔωθε.
593 3810 722 3865 Tur.
755 3811 916 3865 etiam
962 3812 1056 3864 lib.
1090 3827 1121 3864 x
1153 3811 1290 3865 Hist.
1322 3808 1543 3868 Frattc..
1569 3825 1687 3875 cap.
1719 3810 1810 3875 3i,
1841 3811 1981 3865 inter

395 3895 595 3935 cetera
637 3895 821 3950 opera,
870 3881 1063 3950 quibus
1111 3881 1227 3948 ipse
1280 3881 1574 3935 Ecclesiam
1606 3881 1978 3938 'l‘uronensem

399 3961 703 4017 ornaverat,
736 3951 1101 4020 baptisterium
1135 3958 1397 4016 recenset,
1438 3950 1578 4019 quod
1629 3966 1794 4019 prope
1839 3951 1979 4005 basi-

393 4021 554 4076 licam
582 4031 864 4077 curaverat
891 4022 1284 4086 ardilicandum,
1336 4022 1579 4087 inquiens
1610 4039 1620 4073 :
1655 4039 1674 4072 ‹
1714 4020 1978 4088 Baptiste-

396 4093 540 4148 rium
576 4091 654 4146 ad
689 4092 869 4160 ipsam
916 4091 1193 4148 basilicam
1224 4091 1474 4146 aedificari
1507 4094 1757 4162 praecepi.

397 4162 770 4246 baptisterium
803 4162 1278 4246 Moguntize,‘quod
1301 4177 1332 4216 a
1363 4163 1603 4244 Sidoiiio,
1659 4164 1774 4246 eius
1824 4164 1974 4246 urbis

396 4231 672 4301 episcopo,
723 4231 1052 4286 exstructum
1105 4231 1298 4293 fuerat.
1332 4234 1599 4300 propriam
1649 4236 1823 4286 aulam
1877 4233 1971 4286 ha-

396 4303 599 4365 buisse,
628 4317 657 4355 a
687 4301 929 4372 basilica:
949 4302 1178 4372 aedificio
1217 4302 1537 4372 seiunctam,
1573 4301 1766 4369 conjici
1798 4313 1975 4369 potest

389 4389 462 4428 ex
491 4372 663 4438 Fort.,
690 4385 752 4426 ac.
791 4371 882 4435 12,
921 4371 957 4425 1.
993 4387 1058 4426 -u.
1109 4371 1366 4440 Denique,
1410 4381 1589 4425 nostla
1639 4373 1740 4426 hac
1787 4382 1966 4439 aetate,

393 4453 632 4500 veterum
664 4441 1001 4496 basilicarum
1036 4442 1339 4508 baptisteria
1361 4480 1376 4504 ,
1423 4440 1535 4495 fere
1571 4441 1639 4493 ab
1670 4442 1798 4508 ipsis
1829 4443 1970 4496 basi-

396 4513 512 4568 licis
534 4514 758 4569 seorsim
784 4511 979 4581 posita,
1000 4519 1239 4565 veterem
1269 4511 1412 4564 illam
1443 4511 1884 4566 consuetudinem
1909 4527 1972 4567 ac

395 4598 600 4637 morem
645 4586 773 4637 satis
803 4582 1094 4635 declarant.

470 4663 496 4688 "
539 4652 859 4706 Fortunatus
925 4650 1012 4704 hic
1078 4651 1314 4706 indicare
1374 4651 1625 4716 videtur,

395 4732 596 4776 Sancta:
646 4721 843 4785 Mariae,
894 4721 1206 4775 aedificatam
1256 4737 1284 4774 a
1323 4721 1563 4786 Leontio,
1600 4722 1782 4777 vitreis
1831 4723 1974 4777 feneo

394 4793 522 4848 stris
555 4793 821 4846 oculatam
867 4789 1052 4855 fuisse,
1101 4791 1238 4845 sicut
1285 4792 1422 4846 idem
1467 4796 1534 4846 de
1583 4793 1849 4848 Parisiaca
1894 4794 1971 4849 lo-

394 4877 562 4934 quens
586 4861 837 4930 ecclesia,
866 4861 960 4915 lib.
985 4876 1044 4927 tt,
1071 4874 1192 4932 cap.
1218 4862 1306 4928 11,
1332 4863 1444 4931 pari
1473 4863 1630 4918 modo
1658 4863 1792 4918 dixit
1823 4881 1836 4916 :

513 4963 832 5026 Primakcapit
850 4963 1029 5023 radios,
1057 4965 1225 5026 vitreis
1243 4963 1428 5013 oculata
1454 4964 1702 5026 fenestris,

575 5024 882 5087 Arti‘ﬁcisque
903 5038 1063 5089 manu,
1089 5024 1262 5075 clausit
1283 5028 1331 5074 in
1355 5039 1469 5076 arce
1489 5025 1642 5075 diem.

1693 4651 1969 4707 basilicam

391 5108 656 5235 libMlide
681 5123 802 5180 quae
828 5123 988 5178 supra
1017 5109 1269 5176 diximus,
1297 5108 1364 5163 ad
1391 5123 1442 5164 c.
1477 5108 1545 5162 l2
1571 5118 1626 5164 et
1655 5108 1725 5165 1⁸5
1748 5109 1971 5180 huiusce

465 5194 532 5235 ιιι.

414 5193 532 5237 1111⁵1.

466 5262 488 5290 ε
521 5249 662 5305 Edit.
692 5249 888 5312 Paris.,
917 5258 1110 5303 monet.

460 5315 489 5356 δ
525 5320 671 5389 Unus
697 5319 828 5374 Cod.
865 5320 1008 5385 Vat.,
1039 5327 1192 5388 caput
1221 5336 1434 5389 exsuper
1463 5320 1665 5374 extulit.

467 5398 490 5426 °
518 5387 651 5444 Cod.
684 5389 804 5445 Vat.
835 5387 1128 5456 Garanum;
1162 5393 1288 5446 item
1320 5387 1460 5445 Edit.
1493 5390 1629 5444 V'en.

465 5456 487 5497 ί
523 5459 664 5514 Edit.
686 5456 894 5530 _Paris.,
925 5463 1101 5530 egerit.

461 5539 486 5601 ει
521 5527 842 5601 Edit._Ven.,
876 5527 975 5583 non
1005 5547 1176 5601 rerugo
1207 5541 1359 5588 tenet.

459 5599 484 5636 ιι
516 5600 568 5654 In
601 5598 739 5652 Edil.
776 5600 908 5654 Ven.
954 5598 1145 5656 desunt
1192 5604 1243 5657 hi
1274 5603 1380 5658 duo
1425 5613 1652 5658 versus:
1679 5600 1788 5654 sola
1835 5609 1969 5657 tenet

392 5684 580 5739 secuta,
605 5679 658 5724 et
686 5684 800 5738 seq.

2017 3054 2064 3118 C

1791 4069 1818 4144 ἶ
1831 4069 1974 4145 Ῐῖἐῦι
2068 4069 2198 4146 Ϊιξθε
2223 4075 2468 4146 mittetur.

2175 1821 2341 1891 Cujus
2367 1822 2434 1877 ab
2463 1822 2672 1892 eloquio
2697 1822 2869 1876 dulcia
2897 1823 3048 1876 mella
3073 1822 3263 1876 ﬂuunt.

2100 1912 2298 1977 Chara,
2325 1929 2536 1979 serena,
2566 1913 2785 1976 decens,
2810 1914 3000 1978 solcrs,
3027 1913 3133 1982 pia,
3165 1914 3326 1977 mitis,
3353 1915 3546 1982 npima,

2169 2009 2300 2072 Qua:
2327 2006 2466 2060 bona
2489 2015 2677 2060 cuncta
2706 2005 2862 2073 gerit,
2891 2004 3146 2073 quidquid
3179 2005 3382 2058 honore
3413 2006 3602 2071 placet.

2099 2099 2352 2163 Moribus,
2376 2097 2608 2168 ingenio,
2640 2098 2950 2153 meritorum
2981 2099 3096 2152 luce
3125 2112 3432 2163 coruscans,

2169 2190 2389 2244 Ornavit
2413 2204 2598 2244 sexum
2623 2203 2778 2266 mens
2805 2190 3029 2258 pretiosa
3052 2203 3230 2242 suum.

2101 2285 2332 2339 Plurima
2360 2297 2457 2337 cur
2484 2267 2731 2345 referam,
2759 2280 2971 2350 quantis
2999 2280 3068 2334 sit
3099 2281 3320 2349 praedita
3351 2281 3529 2346 rebus,

2169 2378 2298 2442 Quae
2329 2375 2498 2444 potuit
2527 2375 2664 2427 votis
2692 2381 2852 2442 nupta
2883 2373 3090 2441 placere
3114 2374 3237 2427 tuis.

2096 2472 2300 2541 Augeat
2331 2469 2444 2524 haac
2463 2469 2612 2525 vobis
2642 2467 2823 2534 vitam,
2849 2467 2937 2521 cui
2966 2467 3158 2534 templa
3190 2464 3431 2530 dedistis,

2163 2561 2599 2631 Culminibusque
2625 2559 2736 2614 suis
2765 2557 2992 2613 culmina
3014 2567 3188 2612 vestra
3213 2565 3371 2626 tegat.

2675 2676 2900 2731 CAPUT
2941 2675 3074 2731 XVI.

2442 2763 2682 2834 Hymnus
2720 2765 2781 2817 de
2821 2763 3029 2817 Leontio
3067 2778 3327 2832 episcopo.

2093 2874 2246 2950 [Cum
2279 2875 2491 2950 quidam
2521 2875 2763 2950 ambiens
2801 2874 2971 2950 locum
3003 2874 3233 2950 Leontii,
3265 2875 3504 2950 episcopi
3538 2876 3668 2930 Bur-

2163 2949 2481 3015 degaiensis,
2517 2947 2784 3007 eumdem,
2820 2947 3092 2999 absentem
3133 2946 3268 3014 iam,
3317 2946 3447 3001 falso
3491 2959 3667 3002 morte

2163 3021 2484 3071 exstinctum
2539 3017 2699 3070 fuisse
2745 3015 3089 3083 divulgassel,
3130 3032 3236 3085 quo
3269 3017 3460 3070 mortui
3496 3018 3546 3069 ill
3583 3020 3659 3070 lu-

2161 3101 2280 3141 cum
2303 3086 2656 3150 sufftceretur,
2679 3101 2741 3139 ac
2761 3085 3016 3140 Leontius
3036 3100 3099 3138 ex
3126 3087 3392 3151 insperato
3415 3102 3664 3141 reversus

2162 3175 2226 3212 ex
2260 3159 2468 3222 itinere,
2516 3171 2636 3211 sese
2665 3157 2980 3210 incolumem
3011 3157 3156 3226 gregi
3187 3171 3284 3210 suo
3314 3158 3657 3220 ostendisset,

2162 3228 2522 3292 Fortunatus,
2575 3230 2816 3294 sequenti
2871 3225 3146 3292 carmine,
3209 3227 3439 3280 reditum
3497 3228 3665 3292 ipsius

2167 3297 2532 3353 felicissimum
2562 3297 2876 3363 gratulatur,
2903 3311 3059 3365 quem
3094 3304 3241 3349 tanto
3286 3297 3663 3364 iucundiorem

2160 3368 2418 3423 accidisse
2457 3367 2712 3430 aflirmat,
2751 3366 2888 3432 quod
2937 3367 2987 3420 in
3035 3380 3158 3420 eum
3216 3365 3470 3422 inciderat
3516 3369 3662 3422 diem

2160 3452 2266 3508 quo
2294 3442 2338 3492 Is
2365 3437 2537 3508 primo
2565 3437 2744 3492 sedem
2772 3436 3217 3506 Burdegalensem
3243 3438 3672 3499 conscenderat.

2164 3570 2178 3608 ί
2219 3572 2309 3626 Eae
2357 3572 2570 3627 scilicet
2614 3585 2734 3639 quae
2786 3584 3006 3625 uxorum
3065 3571 3116 3626 in
3164 3571 3282 3626 loco
3330 3580 3480 3625 erant
3532 3582 3666 3627 ante

2085 3643 2469 3712 episcopatum,
2503 3641 2964 3712 hocceidignitatis
2990 3643 3152 3710 gradu
3175 3641 3343 3695 auctis
3385 3641 3664 3712 habeban-

2087 3710 2170 3766 tur
2201 3727 2295 3782 pro
2325 3713 2618 3768 sororibus.
2649 3711 2833 3780 Neque
2876 3712 3018 3766 enim
3067 3726 3221 3767 secus
3263 3727 3382 3765 cum
3433 3710 3541 3764 illis
3591 3728 3666 3767 ac

2083 3798 2203 3837 cum
2251 3784 2524 3838 sororibus
2572 3782 2841 3846 vivebant,
2889 3783 3043 3835 thoro
3093 3782 3246 3850 plane
3291 3782 3539 3848 sejuncti,
3585 3799 3661 3838 ex

2080 3867 2346 3907 canonum
2372 3853 2622 3918 decretis,
2645 3863 2700 3907 et
2729 3852 2903 3916 prisca
2937 3851 3185 3906 Ecclesiae
3233 3851 3656 3908 consuetudine.

2082 3922 2219 3977 lliuc
2245 3923 2589 3978 Constantius
2615 3924 2911 3992 presbyter,
2940 3922 2992 3976 in
3026 3921 3144 3976 Vita
3172 3921 3428 3978 Germani
3463 3923 3659 3975 Antis-

2079 3994 2427 4060 siodorensis,
2456 4008 2576 4062 cap.
2605 3993 2641 4047 9.
2665 4009 2678 4044 :
2705 4007 2855 4057 uxor,
2886 3992 3078 4062 inquit,
3106 3993 3161 4046 in
3184 4007 3408 4047 sororem
3441 4007 3506 4045 ea:
3533 4007 3665 4062 con-

2655 4063 2772 4118 vide
2810 4063 3070 4128 Sirmon.,
3116 4064 3168 4116 in
3201 4065 3340 4116 notis
3379 4061 3446 4115 ad
3490 4061 3663 4117 Sido-

2081 4132 2250 4205 nium,
2281 4135 2436 4205 epist.
2467 4134 2534 4188 16
2557 4134 2649 4205 lib.
2680 4149 2735 4205 v,
2767 4133 2853 4187 ubi
2886 4132 3123 4205 pluribus
3147 4132 3262 4189 haec
3285 4132 3542 4187 Illustrat.

2157 4204 2170 4256 i
2211 4203 2355 4260 Unus
2380 4205 2514 4260 Cod.
2546 4204 2688 4269 γει,
2711 4203 2936 4268 imperiis
2958 4203 3144 4272 factus,
3170 4217 3310 4257 corr.

2151 4273 2178 4313 ι
2210 4277 2420 4339 Avitus,
2445 4276 2688 4329 Ctesarea
2713 4273 2994 4342 dignitate,
3032 4287 3198 4342 genus
3223 4287 3399 4338 suum,
3431 4283 3665 4328 caetero-

2078 4345 2208 4414 quin
2257 4346 2668 4409 nobilissimum,
2721 4343 2886 4397 multo
2931 4345 3207 4412 augustius
3252 4357 3411 4413 atque
3452 4345 3662 4400 clarius

1999 4408 2051 4469 Ι)
2076 4408 2400 4471 reddiderat.
2445 4415 2494 4470 Is
2543 4408 2798 4469 Arvernis
2839 4408 3291 4468 ortus'Aniciana
3325 4408 3403 4468 'ex
3463 4424 3661 4483 gente,

2076 4501 2204 4540 avos
2231 4495 2287 4539 et
2317 4499 2542 4554 proavos
2579 4485 2736 4553 longa
2779 4485 2918 4538 serie
2960 4483 3197 4539 illustres
3237 4484 3556 4550 honoribus,
3584 4499 3661 4541 ac

2075 4557 2299 4626 patricio
2347 4556 2535 4610 ordine
2585 4556 2821 4626 insignes
2867 4555 3233 4626 enumerabat.
3287 4555 3360 4609 De
3407 4568 3541 4624 quo,
3593 4570 3658 4611 ut

2073 4625 2218 4680 canit
2269 4626 2519 4680 Sidonius
2574 4625 2951 4694 Appollinaris,
3003 4625 3080 4695 in_
3116 4625 3444 4695 panegyrico
3488 4643 3655 4693 quem

2076 4697 2258 4751 Romae
2286 4697 2527 4767 recitavit
2568 4693 2740 4767 eidem
2790 4695 2946 4750 Avito
2975 4693 3150 4767 (cuius
3198 4693 3360 4749 [illam
3391 4695 3659 4751 Siduﬂllls

2073 4767 2189 4836 ipse
2220 4781 2438 4821 uxorem
2467 4765 2734 4833 duxerat),
2768 4767 2840 4819 ait
2868 4784 2880 4819 :

2199 4918 2212 4931 .
2240 4918 2254 4932 .
2283 4920 2293 4931 .
2323 4919 2335 4931 .
2364 4919 2375 4930 .
2404 4916 2417 4929 .
2447 4918 2459 4930 .
2488 4916 2500 4929 .
2527 4879 2686 4928 Rutila
2707 4881 2786 4928 cui
2806 4879 3010 4928 maxima
3034 4879 3214 4928 dudum

2193 4948 2460 4994 Stemmata
2484 4942 2788 5003 complexum
2811 4954 3036 5004 germen,
3061 4938 3496 5004 palmata_cu_currit

2194 5006 2294 5054 Per
2312 5018 2535 5065 proavos,
2563 5000 2835 5065 gentisque
2848 5016 2972 5065 suae,
2999 5010 3049 5052 te
3071 5010 3224 5064 teste,
3260 5000 3492 5063 Philagri,

2194 5017 2294 5054 I’er
2312 5018 2535 5065 proavos,
2563 5017 2825 5114 ﬂauusque
2848 5017 2902 5052 su

2192 5067 2435 5120 Patricius
2452 5079 2568 5128 resp
2619 5067 2902 5125 ndetapex.

2071 5177 2382 5244 Quanquam
2438 5176 2551 5242 ipse
2603 5172 2826 5244 Avitus,
2870 5171 2978 5239 iam
3022 5165 3603 5244 adeptusnlmperium
3635 5211 3656 5236 ,

2072 5239 2256 5314 postea
2283 5247 2334 5300 in
2382 5239 2731 5317 eo'regendo
2756 5246 2936 5297 minus
2967 5243 3088 5317 felix
3120 5241 3233 5294 fuit.
3257 5239 3408 5317 Nam,
3434 5254 3555 5291 cum
3594 5243 3659 5292 in

2071 5311 2252 5370 odium
2309 5326 2524 5370 senatus
2553 5311 2883 5378 vincidisset,
2941 5311 3187 5366 exsulare
3241 5311 3478 5378 cogitur;
3542 5324 3663 5375 quo

2074 5398 2311 5452 tempore
2355 5385 2494 5439 idem
2535 5395 2744 5437 creatur
2792 5383 3074 5452 Placentiae
3114 5381 3416 5452 episcopus.
3446 5380 3661 5452 Serum

2071 5466 2126 5510 et
2167 5449 2291 5510 inde
2329 5455 2654 5523 profugiens,
2702 5454 2843 5520 quod
2875 5469 2934 5506 se
2962 5451 3193 5523 undique
3219 5449 3457 5523 conquili
3487 5449 3664 5523 senti-

2073 5535 2154 5581 ret
2173 5527 2238 5580 ad
2272 5519 2620 5589 nécemfcum
2655 5519 2858 5592 peteret
2893 5522 3138 5592 Galliam,
3173 5520 3465 5592 inititiere
3488 5519 3661 5585 obiit,

2072 5599 2138 5650 de
2189 5612 2294 5665 quo
2345 5597 2466 5651 vide
2511 5588 2672 5663 Greg.
2725 5594 2950 5663 Turon.,
3001 5591 3093 5646 lib.
3141 5605 3198 5643 ll'
3239 5590 3373 5644 llist.
3426 5588 3660 5658 Franc.,

2074 5682 2188 5737 cap.
2223 5666 2312 5720 11.
