3990 6188
352 358 418 413 8|
1544 360 2046 420 MISCELLANEA.
2089 393 2159 405 —
2196 365 2322 421 LIB.
2368 368 2409 421 l.

434 473 564 548 Data
594 474 900 548 occasione,
949 474 1099 542 plura
1144 476 1393 532 edisserit
1437 478 1693 533 adversus
1723 493 1814 533 eos
1845 479 1934 548 qui
1963 476 2017 535 Α

426 546 790 614 episc0palcm
821 546 1078 601 honorem
1110 560 1269 616 atque
1297 550 1520 619 gradum
1547 548 1835 618 ambiunt.l

571 660 844 729 Agnoscat
872 670 897 697 ι
921 675 1081 717 omne
1105 662 1363 735 saeculum

644 750 950 807 Antistitem
979 751 1280 820 Leontium,

641 843 1038 915 Burdegalense
1069 845 1368 915 praemium,

640 936 791 991 Dono
818 952 1055 1006 superno
1082 939 1369 996 redditum.

567 1039 825 1110 Bilinguis
855 1054 951 1094 ore
979 1040 1178 1097 callido

637 1129 852 1185 Crimen
881 1130 1094 1187 fovebat
1124 1132 1386 1199 invidum,

634 1220 836 1276 Ferens
860 1221 1112 1277 acerbum
1143 1224 1417 1290 nuntium,

634 1312 785 1367 llunc
802 1311 916 1382 jam
942 1314 1188 1381 sepulcro
1216 1316 1519 1372 conditum.

556 1410 747 1468 Celare
774 1428 835 1469 se
864 1429 970 1468 non
1001 1416 1243 1483 pertulit,

624 1503 724 1570 Qui
756 1504 908 1559 triste
937 1506 1095 1561 funus
1124 1507 1315 1566 edidit.

629 1595 742 1650 Etsi
770 1610 970 1652 nocere
997 1597 1181 1665 desiit,

629 1686 819 1742 lnsana
847 1700 968 1743 vota
998 1691 1254 1759 prodidit.

551 1801 817 1871 Deceptus
844 1812 962 1860 arte
989 1807 1176 1871 noxia,
1957 1825 2009 1887 Β

626 1891 843 1947 Cassata
871 1891 897 1932 δ
924 1892 1088 1950 deﬂet
1116 1897 1365 1968 crimina,

624 1983 758 2039 Dum
784 2001 905 2056 qua:
930 1988 1146 2057 putabat
1177 1989 1375 2059 tristia,

623 2075 895 2134 Conversa
917 2089 1043 2135 sunt
1072 2080 1123 2135 in
1144 2084 1363 2151 gaudia.

555 2187 810 2257 Exempla
838 2203 980 2246 steva
1011 2192 1250 2261 protulit,

616 2279 881 2335 Calcanda
909 2292 1103 2338 cuncto
1131 2292 1400 2355 tempore,

621 2372 686 2428 Ut
709 2373 819 2443 jam
852 2374 951 2431 sibi
982 2377 1355 2435 conscriberet

625 2464 870 2532 Decreta,
901 2466 1026 2521 vivo
1054 2467 1313 2526 antistite.

546 2570 745 2626 Fueata
775 2581 797 2609 ο
824 2586 911 2628 res
936 2572 1051 2629 haec
1077 2574 1320 2645 contigit,

619 2664 841 2721 Vitanda
871 2678 1020 2722 casto
1047 2676 1290 2738 pectore,

614 2755 913 2824 Superstite
944 2764 1001 2811 ut
1030 2768 1401 2827 praesumeret,

616 2847 743 2903 Post
764 2847 870 2902 fata
900 2849 1042 2918 quod
1077 2849 1167 2905 vix
1187 2846 1374 2908 debuit
1399 2850 1640 2925 [defuit[.

553 2958 753 3014 Gravat
773 2959 1026 3031 sacerdos
1053 2960 1322 3031 ordinem,

620 3050 721 3115 Qui
752 3023 1114 3119 epis'copatum
1144 3049 1222 3106 sic
1247 3023 1395 3121 petit,

616 3138 887 3209 Praecepta
909 3141 999 3210 qui
1026 3143 1419 3211 complectitur,
1942 3178 1995 3247 ο

616 3232 774 3301 Fugit
808 3232 1027 3289 honoris
1055 3234 1331 3289 ambitum.

546 3345 658 3401 lloc
687 3347 732 3400 si
761 3345 847 3402 cui
877 3344 905 3384 ά
934 3347 1004 3402 sit
1027 3346 1289 3415 debitum,

614 3437 843 3492 Coactus
871 3439 1125 3494 ascendat
1166 3440 1411 3512 gradum,

614 3527 730 3582 Non
759 3543 817 3583 se
847 3536 1059 3597 petente
1089 3529 1301 3596 callide,

612 3620 719 3676 Sed
746 3619 909 3677 dante
937 3618 1139 3677 Christi
1166 3635 1413 3680 munere.

542 3733 759 3801 lneptns
789 3742 873 3789 est
901 3734 1021 3803 quis
1053 3742 1076 3771 ο
1107 3733 1221 3804 ipse
1248 3748 1309 3790 se

613 3823 875 3881 Praeferre
903 3824 1019 3882 vult
1046 3823 1300 3882 Ecclesiae
1327 3843 1343 3893 ;

609 3917 741 3971 Nam
772 3932 885 3972 rem
915 3927 1176 3973 sacratam
1208 3931 1445 3987 sumere,

614 4008 851 4064 Eclectio
879 4009 1056 4063 divina
1087 4011 1179 4065 sit.

538 4100 709 4158 Katns
744 4098 765 4139 ί
794 4102 1044 4157 sacerdos
1071 4102 1317 4159 ordinem

608 4192 842 4247 llilarius
870 4207 977 4248 non
1005 4192 1225 4261 ambiit,

608 4285 865 4341 Martinus
896 4284 1026 4340 illud
1055 4284 1264 4356 effugit,

607 4374 898 4445 Gregorius
924 4374 1009 4429 vix
1039 4376 1272 4432 sustulit.

539 4488 709 4560 Leges
738 4485 1281 4594 refutantambii‘t'um,
1927 4527 1987 4594 Β

609 4580 827 4635 lnvasor
852 4578 1027 4636 omnis
1055 4579 1266 4649 pellitur
1291 4597 1306 4635 :

606 4671 761 4740 Quod
788 4680 1049 4740 respuunt
1075 4671 1347 4740 praetoria,

607 4762 751 4819 Vitet
780 4772 806 4811 κ
834 4761 987 4819 nefas
1015 4762 1274 4820 Ecclesia.

537 4876 765 4947 Maligna
794 4885 950 4930 erant
978 4875 1004 4912 ιι
1042 4876 1337 4932 certamina

609 4967 689 5023 De
717 4966 847 5022 sede
873 4982 980 5022 non
1008 4974 1184 5023 tamen
1213 4981 1331 5036 sua,

391 5115 421 5144 ι
457 5101 859 5178 Primi__versus
906 5102 976 5178 in_
1004 5101 1139 5178 colis
1183 5110 1309 5178 sunt
1352 5103 1757 5178 acrosttcbides,
1803 5121 1902 5178 per

316 5175 595 5247 alphabeti
627 5173 834 5247 litteras
861 5170 1050 5228 ordine
1078 5172 1303 5243 digesti,
1349 5180 1409 5228 ut
1430 5170 1751 5245 jampridem
1777 5170 1900 5236 ani-

316 5243 620 5305 madvertit
646 5243 950 5298 Brovverus.

344 5358 355 5369 .
390 5317 419 5354 δ
465 5316 615 5396 Unus
658 5312 793 5396 Cod.
848 5312 991 5381 Vat.,
1034 5328 1178 5369 cassa
1219 5314 1391 5384 deﬂet.
1433 5313 1576 5370 Edit.
1606 5315 1803 5389 Paris.,
1843 5319 1899 5377 in

866 5454 1084 5537 [υθφεακ
1123 5526 1133 5537 ,
1252 5534 1259 5537 Α
1335 5525 1346 5537 .
1384 5524 1427 5537 ..

390 5526 418 5565 δ
456 5527 575 5609 gen
609 5524 772 5609 Elditr
799 5525 897 5609 {too
924 5524 968 5579 si
995 5526 1281 5609 qnijumt,
1312 5524 1556 5580 debitum.

394 5607 418 5635 °
456 5595 609 5654 Unus
632 5594 767 5649 Cod.
801 5594 943 5660 νει..
969 5596 1058 5663 qui
1077 5594 1185 5662 ipse
1206 5613 1278 5651 se.

397 5665 417 5705 ί
464 5667 599 5748 Xen.
629 5664 1102 5748 Edit.,‘et_Paris.,
1127 5666 1325 5748 Chorus
1350 5667 1605 5727 sacerdos.

394 5748 421 5810 tt
464 5737 615 5810 illius
643 5735 778 5810 Cod.
808 5733 952 5802 Vat.,
982 5738 1104 5791 vitat
1131 5738 1295 5810 nefas.

393 5806 445 5882 ³,
462 5804 624 5878 lbid.,
652 5806 880 5878 maligna
904 5818 1069 5864 erunt.

2324 482 2452 549 Quae
2485 499 2582 539 nec
2614 487 2720 555 pati
2748 488 3039 555 desiderat,

2327 574 2443 629 Non
2471 576 2630 631 infert
2659 593 2811 634 mens
2838 578 3106 650 improba.

2256 686 2366 742 Nec
2396 688 2636 761 longiore
2668 702 2905 761 tempore

2322 781 2617 838 Versantur
2645 784 2696 840 in
2730 787 2831 841 boc
2859 803 3174 857 murmure,

2323 874 2458 929 Dum
2488 878 2725 946 cogitant
2751 880 3060 945 succedere,

2321 962 2480 1020 Redit
2504 967 2758 1024 sacerdos
2785 970 2873 1040 qui
2905 971 3023 1026 fuit.

2247 1080 2446 1137 Orante
2476 1082 2652 1153 plebe,
2686 1086 2925 1152 protinus

2314 1172 2447 1227 Dum
2480 1189 2637 1229 nemo
2677 1176 2867 1240 credit,
2900 1175 3161 1232 redditur.

2313 1263 2444 1332 Quae
2475 1266 2748 1321 conﬂuunt
2775 1281 2870 1336 per
2904 1265 2917 1303 ί
2953 1268 3147 1326 tristia.

2314 1354 2512 1423 Majora
2542 1365 2665 1410 sunt
2697 1356 2810 1411 hzec
2839 1356 3052 1427 gaudia.

2242 1464 2435 1521 Plausu
2466 1467 2678 1522 favebat
2708 1470 2919 1535 civitas,

2310 1558 2410 1613 Cui
2439 1560 2577 1614 redit
2604 1561 2850 1625 felicitas,

2307 1652 2526 1723 Orbata,
2557 1669 2718 1723 quem
2746 1653 3063 1723 deﬂeverat,

2317 1742 2529 1800 Patrem
2558 1746 2762 1817 recepit
2789 1747 2969 1801 anxia.

2245 1858 2415 1927 Quem
2446 1860 2532 1914 vix
2559 1861 2777 1929 putabat
2805 1862 3096 1931 redditum,

2311 1950 2592 2007 Praeventa
2619 1964 2743 2008 voto
2771 1967 3053 2023 prospero,

2312 2042 2421 2097 Res
2448 2044 2581 2097 mira
2610 2045 2822 2113 quando
2847 2046 3105 2113 cernitur,

2309 2132 2462 2189 Solet
2484 2142 2701 2205 stupere
2731 2135 2889 2193 visio.

2241 2244 2521 2317 Recolligit
2550 2247 2565 2297 ἱ
2604 2257 2781 2303 rector
2808 2263 3060 2319 gregem;

2310 2337 2510 2394 Errore
2537 2348 2748 2407 captum
2776 2340 2998 2410 suscipit
3025 2337 3052 2378 ιι
3079 2356 3095 2406 ;

2306 2428 2548 2485 Pastoris
2581 2444 2706 2485 arce
2732 2432 2964 2502 cognita,

2303 2518 2493 2576 Gavisa
2521 2532 2644 2577 sunt
2676 2522 2857 2578 ovilia.

2234 2632 2477 2703 Sumpsit
2500 2634 2722 2703 gradum
2750 2649 2858 2705 quo
2885 2642 3151 2705 tempore,

2303 2723 2597 2794 Regressus
2628 2735 2710 2782 est
2737 2740 2805 2783 eo
2835 2727 2943 2782 die.

2303 2817 2435 2884 Quis
2465 2831 2571 2873 non
2600 2832 2833 2889 superno
2860 2834 3084 2875 munere

2302 2908 2416 2964 Hoc
2441 2909 2729 2979 contigisse
2756 2910 3052 2976 praedicet?

2229 3021 2459 3077 Tantum
2485 3036 2587 3076 nec
2613 3029 2740 3076 ante
2770 3022 3047 3089 praemium

2303 3114 2453 3170 Plebi
2481 3114 2602 3180 fuit,
2631 3128 2752 3168 cum
2780 3114 2952 3170 factus
2977 3124 3093 3181 est;

2306 3211 2505 3267 Laztata
2532 3220 2785 3281 quantum
2815 3220 2940 3266 tunc
2965 3210 3083 3275 fuit,

2298 3301 2522 3370 Quando
2551 3304 2751 3371 recepit
2781 3302 3086 3373 praesulem.

2232 3416 2443 3485 Venite,
2473 3416 2640 3481 cives,
2672 3416 2928 3485 plaudite,

2300 3508 2367 3563 Et
2390 3516 2511 3562 vota
2543 3508 2681 3562 votis
2708 3507 2925 3574 addite,

2298 3601 2414 3669 Quo
2440 3600 2578 3655 facta
2607 3608 2732 3655 sunt
2757 3598 3034 3666 miracula,

2295 3693 2522 3750 Servent
2547 3708 2668 3749 eum
2694 3692 2954 3749 ctelestia.

2230 3802 2446 3860 Xristus
2475 3817 2670 3859 sereno
2698 3802 2900 3858 lumine

2289 3895 2674 3959 Circumvolet,
2705 3910 2864 3965 quem
2892 3893 3140 3963 reddidit,

2295 3988 2364 4044 llt
2394 3987 2527 4042 trina
2558 3997 2762 4042 crescat
2790 3986 2980 4056 gratia,

2288 4078 2553 4145 Mercede,
2585 4079 2712 4144 vita,
2736 4078 2928 4148 gloria.

2229 4194 2464 4251 Ymnum
2491 4193 2733 4249 canendo
2757 4202 3062 4260 concrepet,

2236 4276 2239 4277 7
2290 4282 2543 4355 Quisquis
2568 4284 2680 4339 Deo
2709 4297 2814 4337 non
2844 4282 3067 4347 invidet,

2292 4375 2435 4431 Laus
2462 4373 2579 4445 ejus
2606 4383 2709 4441 est,
2736 4374 2823 4443 qui
2853 4373 3137 4441 praesulem

2293 4470 2370 4526 De
2398 4470 2587 4525 mortis
2613 4483 2705 4525 ore
2736 4469 2979 4524 retrahit.

2217 4589 2434 4647 Zelante
2463 4588 2570 4665 fido
2597 4598 2835 4660 pectore,

2289 4681 2422 4736 Tam
2452 4695 2575 4737 vera
2605 4681 2707 4737 dici
2736 4696 2840 4736 non
2870 4679 3072 4751 pudet:

2292 4773 2417 4829 Haec
2446 4787 2609 4843 parva
2638 4772 2972 4829 nobilissimo

2287 4867 2444 4939 Papae
2470 4868 2659 4925 damus
2685 4867 2931 4925 Leontio.

2078 5094 2098 5135 ι
2140 5093 2300 5162 lbid,,
2330 5100 2445 5163 post
2471 5092 2666 5153 tristia.

2077 5164 2094 5218 t
2141 5167 2199 5222 ln
2228 5164 2366 5221 Edit.
2394 5163 2531 5220 Ven.
2562 5165 2642 5221 sic
2670 5164 2863 5236 legitur
2884 5178 3115 5236 sequens
3143 5163 3299 5224 colon
3328 5181 3347 5221 :

2185 5253 2449 5317 Recolligit
2464 5259 2631 5317 rector
2650 5266 2878 5316 gregem,

2247 5314 2429 5366 Errare
2445 5314 2619 5366 ductus
2634 5314 2738 5366 sem
2745 5314 2865 5377 ita,

2250 5377 2467 5427 Pastoris
2490 5389 2609 5427 voce
2631 5379 2845 5439 cognita,

2248 5439 2418 5489 Gavisa
2442 5444 2555 5489 sunt
2575 5440 2734 5489 ovilia.

2252 5683 2428 5733 Errare
2449 5688 2639 5740 captum
2661 5684 2853 5733 semitze
2866 5696 2880 5744 ;

2001 5758 2057 5807 et
2086 5748 2141 5806 in
2168 5746 2408 5833 margine
2434 5743 2845 5833 ejusd'ellnAl‘idit.
2868 5743 3064 5833 Paris.

2250 5813 2475 5866 Errorem
2495 5813 2631 5877 pellit
2644 5816 2837 5867 semita.

2643 5952 2699 5966 ﬁ

3527 370 3596 427 82

2071 5521 2100 5562 ιι
2138 5522 2194 5577 In
2226 5536 2332 5576 uno
2359 5519 2489 5575 Cod.
2523 5520 2642 5576 Vat.
2674 5530 2729 5576 et
2764 5520 2907 5577 Edit.
2939 5521 3111 5581 Paris.
3140 5516 3403 5581 secundus
3438 5537 3558 5582 vero

1999 5608 2093 5653 sus
2118 5593 2220 5650 coli
2250 5592 2329 5647 sic
2353 5590 2543 5661 legitur
2568 5607 2582 5645 :
