  <div class='ocr_page' id='page_1' title='image "/cluster/home/n/w/nwhite01/storage/ocr_20150623/88/hvd.32044069618767/048.png"; bbox 0 0 3990 6188; ppageno 0'>
   <div class='ocr_carea' id='block_1_1' title="bbox 326 362 3585 428">
    <p class='ocr_par' dir='ltr' id='par_1_1' title="bbox 326 362 3585 428">
     <span class='ocr_line' id='line_1_1' title="bbox 326 362 3585 428; baseline 0.001 -11"><span class='ocrx_word' id='word_1_1' title='bbox 326 372 397 428; x_wconf 65' lang='lat'><strong>85</strong></span> <span class='ocrx_word' id='word_1_2' title='bbox 1541 362 2041 422; x_wconf 75' lang='lat' dir='ltr'><strong>MISCELLANEA.</strong></span> <span class='ocrx_word' id='word_1_3' title='bbox 2073 394 2140 404; x_wconf 93' lang='lat'><strong>—</strong></span> <span class='ocrx_word' id='word_1_4' title='bbox 2180 364 2308 423; x_wconf 86' lang='lat' dir='ltr'><strong>LIB.</strong></span> <span class='ocrx_word' id='word_1_5' title='bbox 2352 369 2391 424; x_wconf 85' lang='grc'><strong>1.</strong></span> <span class='ocrx_word' id='word_1_6' title='bbox 3521 376 3585 423; x_wconf 76' lang='lat'><strong>80&#39;</strong></span> 
     </span>
    </p>
   </div>
   <div class='ocr_carea' id='block_1_2' title="bbox 330 479 1784 556">
    <p class='ocr_par' dir='ltr' id='par_1_2' title="bbox 330 479 1784 556">
     <span class='ocr_line' id='line_1_2' title="bbox 330 479 1784 556; baseline -0.007 -15"><span class='ocrx_word' id='word_1_7' title='bbox 330 498 534 556; x_wconf 70' lang='lat' dir='ltr'><strong>Lapttts</strong></span> <span class='ocrx_word' id='word_1_8' title='bbox 562 502 745 542; x_wconf 85' lang='lat' dir='ltr'><strong>amore</strong></span> <span class='ocrx_word' id='word_1_9' title='bbox 778 496 878 548; x_wconf 82' lang='lat' dir='ltr'><strong>tut,</strong></span> <span class='ocrx_word' id='word_1_10' title='bbox 906 498 1175 553; x_wconf 85' lang='lat' dir='ltr'><strong>nunquam</strong></span> <span class='ocrx_word' id='word_1_11' title='bbox 1209 479 1552 535; x_wconf 75' lang='lat' dir='ltr'><strong>memoranda</strong></span> <span class='ocrx_word' id='word_1_12' title='bbox 1577 479 1784 542; x_wconf 83' lang='lat' dir='ltr'><strong>tacebo,</strong></span> 
     </span>
    </p>
   </div>
   <div class='ocr_carea' id='block_1_3' title="bbox 412 575 1636 649">
    <p class='ocr_par' dir='ltr' id='par_1_3' title="bbox 412 575 1636 649">
     <span class='ocr_line' id='line_1_3' title="bbox 412 575 1636 649; baseline -0.008 -14"><span class='ocrx_word' id='word_1_13' title='bbox 412 583 455 635; x_wconf 85' lang='grc' dir='ltr'><strong>Τ</strong></span> <span class='ocrx_word' id='word_1_14' title='bbox 461 599 490 635; x_wconf 89' lang='lat' dir='ltr'><strong>e</strong></span> <span class='ocrx_word' id='word_1_15' title='bbox 516 596 692 649; x_wconf 85' lang='lat' dir='ltr'><strong>neque</strong></span> <span class='ocrx_word' id='word_1_16' title='bbox 717 587 1002 648; x_wconf 65' lang='lat' dir='ltr'><strong>prsetereo,</strong></span> <span class='ocrx_word' id='word_1_17' title='bbox 1041 578 1412 645; x_wconf 66' lang='lat' dir='ltr'><strong>prmtereundo</strong></span> <span class='ocrx_word' id='word_1_18' title='bbox 1441 575 1636 627; x_wconf 88' lang='lat' dir='ltr'><strong>locum.</strong></span> 
     </span>
    </p>
   </div>
   <div class='ocr_carea' id='block_1_4' title="bbox 339 664 1842 739">
    <p class='ocr_par' dir='ltr' id='par_1_4' title="bbox 339 664 1842 739">
     <span class='ocr_line' id='line_1_4' title="bbox 339 664 1842 739; baseline -0.007 -14"><span class='ocrx_word' id='word_1_19' title='bbox 339 674 443 737; x_wconf 81' lang='lat' dir='ltr'><strong>Qui</strong></span> <span class='ocrx_word' id='word_1_20' title='bbox 468 681 495 708; x_wconf 70' lang='grc'><strong><em>³</em></strong></span> <span class='ocrx_word' id='word_1_21' title='bbox 527 688 647 725; x_wconf 89' lang='lat' dir='ltr'><strong>cum</strong></span> <span class='ocrx_word' id='word_1_22' title='bbox 679 671 836 739; x_wconf 84' lang='lat' dir='ltr'><strong>digna</strong></span> <span class='ocrx_word' id='word_1_23' title='bbox 863 669 1070 735; x_wconf 90' lang='lat' dir='ltr'><strong>loquar,</strong></span> <span class='ocrx_word' id='word_1_24' title='bbox 1092 666 1138 720; x_wconf 86' lang='lat' dir='ltr'><strong>si</strong></span> <span class='ocrx_word' id='word_1_25' title='bbox 1162 666 1363 735; x_wconf 82' lang='lat' dir='ltr'><strong>syllaba</strong></span> <span class='ocrx_word' id='word_1_26' title='bbox 1390 678 1574 734; x_wconf 74' lang='lat' dir='ltr'><strong>quarta</strong></span> <span class='ocrx_word' id='word_1_27' title='bbox 1609 664 1842 726; x_wconf 88' lang='lat' dir='ltr'><strong>recedat,</strong></span> 
     </span>
    </p>
   </div>
   <div class='ocr_carea' id='block_1_5' title="bbox 412 758 1705 831">
    <p class='ocr_par' dir='ltr' id='par_1_5' title="bbox 412 758 1705 831">
     <span class='ocr_line' id='line_1_5' title="bbox 412 758 1705 831; baseline -0.005 -13"><span class='ocrx_word' id='word_1_28' title='bbox 412 765 757 818; x_wconf 67' lang='lat' dir='ltr'><strong>Pracmiacum</strong></span> <span class='ocrx_word' id='word_1_29' title='bbox 786 761 1018 831; x_wconf 88' lang='lat' dir='ltr'><strong>pollens,</strong></span> <span class='ocrx_word' id='word_1_30' title='bbox 1053 758 1267 828; x_wconf 69' lang='lat' dir='ltr'><strong>praemia</strong></span> <span class='ocrx_word' id='word_1_31' title='bbox 1296 776 1489 812; x_wconf 88' lang='lat' dir='ltr'><strong>nomen</strong></span> <span class='ocrx_word' id='word_1_32' title='bbox 1523 758 1705 813; x_wconf 87' lang='lat' dir='ltr'><strong>habes.</strong></span> 
     </span>
    </p>
   </div>
   <div class='ocr_carea' id='block_1_6' title="bbox 344 852 1564 923">
    <p class='ocr_par' dir='ltr' id='par_1_6' title="bbox 344 852 1564 923">
     <span class='ocr_line' id='line_1_6' title="bbox 344 852 1564 923; baseline -0.003 -13"><span class='ocrx_word' id='word_1_33' title='bbox 344 858 566 910; x_wconf 72' lang='lat' dir='ltr'><strong>Deliciis</strong></span> <span class='ocrx_word' id='word_1_34' title='bbox 595 858 850 910; x_wconf 85' lang='lat' dir='ltr'><strong>obsessus</strong></span> <span class='ocrx_word' id='word_1_35' title='bbox 876 869 1003 923; x_wconf 88' lang='lat' dir='ltr'><strong>ager</strong></span> <span class='ocrx_word' id='word_1_36' title='bbox 1035 852 1393 907; x_wconf 77' lang='lat' dir='ltr'><strong>viridantibus</strong></span> <span class='ocrx_word' id='word_1_37' title='bbox 1421 852 1564 906; x_wconf 82' lang='lat' dir='ltr'><strong>arvis</strong></span> 
     </span>
    </p>
   </div>
   <div class='ocr_carea' id='block_1_7' title="bbox 418 946 1306 1017">
    <p class='ocr_par' dir='ltr' id='par_1_7' title="bbox 418 946 1306 1017">
     <span class='ocr_line' id='line_1_7' title="bbox 418 946 1306 1017; baseline -0.003 -17"><span class='ocrx_word' id='word_1_38' title='bbox 418 950 477 1000; x_wconf 70' lang='lat' dir='ltr'><strong>Et</strong></span> <span class='ocrx_word' id='word_1_39' title='bbox 504 947 765 1000; x_wconf 79' lang='lat' dir='ltr'><strong>naturalis</strong></span> <span class='ocrx_word' id='word_1_40' title='bbox 789 948 959 1017; x_wconf 86' lang='lat' dir='ltr'><strong>gratia</strong></span> <span class='ocrx_word' id='word_1_41' title='bbox 985 946 1127 1000; x_wconf 92' lang='lat' dir='ltr'><strong>ruris</strong></span> <span class='ocrx_word' id='word_1_42' title='bbox 1150 947 1306 1000; x_wconf 89' lang='lat' dir='ltr'><strong>inest.</strong></span> 
     </span>
    </p>
   </div>
   <div class='ocr_carea' id='block_1_8' title="bbox 345 1037 1917 1108">
    <p class='ocr_par' dir='ltr' id='par_1_8' title="bbox 345 1037 1917 1108">
     <span class='ocr_line' id='line_1_8' title="bbox 345 1037 1917 1108; baseline -0.003 -15"><span class='ocrx_word' id='word_1_43' title='bbox 345 1041 574 1093; x_wconf 88' lang='lat' dir='ltr'><strong>Condita</strong></span> <span class='ocrx_word' id='word_1_44' title='bbox 604 1055 709 1108; x_wconf 90' lang='lat' dir='ltr'><strong>quo</strong></span> <span class='ocrx_word' id='word_1_45' title='bbox 740 1040 931 1092; x_wconf 87' lang='lat' dir='ltr'><strong>domus</strong></span> <span class='ocrx_word' id='word_1_46' title='bbox 955 1047 1058 1103; x_wconf 87' lang='lat' dir='ltr'><strong>est,</strong></span> <span class='ocrx_word' id='word_1_47' title='bbox 1092 1038 1282 1107; x_wconf 90' lang='lat' dir='ltr'><strong>planus</strong></span> <span class='ocrx_word' id='word_1_48' title='bbox 1306 1046 1482 1091; x_wconf 88' lang='lat' dir='ltr'><strong>tumor</strong></span> <span class='ocrx_word' id='word_1_49' title='bbox 1507 1038 1619 1091; x_wconf 81' lang='lat' dir='ltr'><strong>exit</strong></span> <span class='ocrx_word' id='word_1_50' title='bbox 1648 1037 1700 1093; x_wconf 89' lang='lat' dir='ltr'><strong>in</strong></span> <span class='ocrx_word' id='word_1_51' title='bbox 1730 1038 1917 1099; x_wconf 88' lang='lat' dir='ltr'><strong>altum,</strong></span> 
     </span>
    </p>
   </div>
   <div class='ocr_carea' id='block_1_9' title="bbox 416 1129 1472 1197">
    <p class='ocr_par' dir='ltr' id='par_1_9' title="bbox 416 1129 1472 1197">
     <span class='ocr_line' id='line_1_9' title="bbox 416 1129 1472 1197; baseline -0.001 -15"><span class='ocrx_word' id='word_1_52' title='bbox 416 1130 525 1183; x_wconf 79' lang='lat' dir='ltr'><strong>Nec</strong></span> <span class='ocrx_word' id='word_1_53' title='bbox 554 1130 685 1182; x_wconf 77' lang='lat' dir='ltr'><strong>satis</strong></span> <span class='ocrx_word' id='word_1_54' title='bbox 707 1130 851 1183; x_wconf 87' lang='lat' dir='ltr'><strong>elato</strong></span> <span class='ocrx_word' id='word_1_55' title='bbox 877 1129 1074 1183; x_wconf 91' lang='lat' dir='ltr'><strong>vertice</strong></span> <span class='ocrx_word' id='word_1_56' title='bbox 1106 1138 1291 1197; x_wconf 78' lang='lat' dir='ltr'><strong>regnat</strong></span> <span class='ocrx_word' id='word_1_57' title='bbox 1317 1143 1472 1195; x_wconf 83' lang='lat' dir='ltr'><strong>apex.</strong></span> 
     </span>
    </p>
   </div>
   <div class='ocr_carea' id='block_1_10' title="bbox 331 1215 1926 1280">
    <p class='ocr_par' dir='ltr' id='par_1_10' title="bbox 331 1215 1926 1280">
     <span class='ocr_line' id='line_1_10' title="bbox 331 1215 1926 1280; baseline 0.007 -16"><span class='ocrx_word' id='word_1_58' title='bbox 331 1216 446 1280; x_wconf 75' lang='lat' dir='ltr'><strong>Qun</strong></span> <span class='ocrx_word' id='word_1_59' title='bbox 480 1230 645 1279; x_wconf 81' lang='lat' dir='ltr'><strong>super</strong></span> <span class='ocrx_word' id='word_1_60' title='bbox 676 1215 993 1268; x_wconf 83' lang='lat' dir='ltr'><strong>incumbens</strong></span> <span class='ocrx_word' id='word_1_61' title='bbox 1026 1215 1175 1269; x_wconf 88' lang='lat' dir='ltr'><strong>locus</strong></span> <span class='ocrx_word' id='word_1_62' title='bbox 1207 1226 1311 1278; x_wconf 88' lang='lat' dir='ltr'><strong>est,</strong></span> <span class='ocrx_word' id='word_1_63' title='bbox 1341 1217 1575 1271; x_wconf 80' lang='lat' dir='ltr'><strong>devexus</strong></span> <span class='ocrx_word' id='word_1_64' title='bbox 1607 1220 1657 1273; x_wconf 91' lang='lat' dir='ltr'><strong>in</strong></span> <span class='ocrx_word' id='word_1_65' title='bbox 1688 1234 1926 1275; x_wconf 88' lang='lat' dir='ltr'><strong>amnem.</strong></span> 
     </span>
    </p>
   </div>
   <div class='ocr_carea' id='block_1_11' title="bbox 409 1304 1574 1375">
    <p class='ocr_par' dir='ltr' id='par_1_11' title="bbox 409 1304 1574 1375">
     <span class='ocr_line' id='line_1_11' title="bbox 409 1304 1574 1375; baseline 0.003 -16"><span class='ocrx_word' id='word_1_66' title='bbox 409 1306 597 1359; x_wconf 79' lang='lat' dir='ltr'><strong>Florea</strong></span> <span class='ocrx_word' id='word_1_67' title='bbox 629 1304 1169 1375; x_wconf 83' lang='lat' dir='ltr'><strong>gemmatogramine</strong></span> <span class='ocrx_word' id='word_1_68' title='bbox 1202 1315 1346 1372; x_wconf 90' lang='lat' dir='ltr'><strong>prata</strong></span> <span class='ocrx_word' id='word_1_69' title='bbox 1379 1307 1574 1362; x_wconf 88' lang='lat' dir='ltr'><strong>virent.</strong></span> 
     </span>
    </p>
   </div>
   <div class='ocr_carea' id='block_1_12' title="bbox 334 1398 1561 1464">
    <p class='ocr_par' dir='ltr' id='par_1_12' title="bbox 334 1398 1561 1464">
     <span class='ocr_line' id='line_1_12' title="bbox 334 1398 1561 1464; baseline 0.002 -13"><span class='ocrx_word' id='word_1_70' title='bbox 334 1399 557 1451; x_wconf 79' lang='lat' dir='ltr'><strong>Leniter</strong></span> <span class='ocrx_word' id='word_1_71' title='bbox 586 1398 843 1464; x_wconf 88' lang='lat' dir='ltr'><strong>appulsus</strong></span> <span class='ocrx_word' id='word_1_72' title='bbox 872 1400 1079 1464; x_wconf 90' lang='lat' dir='ltr'><strong>quoties</strong></span> <span class='ocrx_word' id='word_1_73' title='bbox 1107 1398 1340 1452; x_wconf 85' lang='lat' dir='ltr'><strong>insibilat</strong></span> <span class='ocrx_word' id='word_1_74' title='bbox 1366 1399 1561 1463; x_wconf 87' lang='lat' dir='ltr'><strong>Eurus.</strong></span> 
     </span>
    </p>
   </div>
   <div class='ocr_carea' id='block_1_13' title="bbox 410 1488 1523 1557">
    <p class='ocr_par' dir='ltr' id='par_1_13' title="bbox 410 1488 1523 1557">
     <span class='ocr_line' id='line_1_13' title="bbox 410 1488 1523 1557; baseline 0.001 -15"><span class='ocrx_word' id='word_1_75' title='bbox 410 1490 569 1542; x_wconf 76' lang='lat' dir='ltr'><strong>Flexa</strong></span> <span class='ocrx_word' id='word_1_76' title='bbox 601 1489 863 1557; x_wconf 86' lang='lat' dir='ltr'><strong>supinatis</strong></span> <span class='ocrx_word' id='word_1_77' title='bbox 890 1488 1109 1542; x_wconf 88' lang='lat' dir='ltr'><strong>ﬂuctuat</strong></span> <span class='ocrx_word' id='word_1_78' title='bbox 1142 1490 1300 1543; x_wconf 88' lang='lat' dir='ltr'><strong>herba</strong></span> <span class='ocrx_word' id='word_1_79' title='bbox 1332 1492 1523 1547; x_wconf 88' lang='lat' dir='ltr'><strong>comis.</strong></span> 
     </span>
    </p>
   </div>
   <div class='ocr_carea' id='block_1_14' title="bbox 339 1580 1565 1649">
    <p class='ocr_par' dir='ltr' id='par_1_14' title="bbox 339 1580 1565 1649">
     <span class='ocr_line' id='line_1_14' title="bbox 339 1580 1565 1649; baseline 0.004 -16"><span class='ocrx_word' id='word_1_80' title='bbox 339 1581 475 1633; x_wconf 81' lang='lat' dir='ltr'><strong>llinc</strong></span> <span class='ocrx_word' id='word_1_81' title='bbox 504 1581 605 1633; x_wconf 87' lang='lat' dir='ltr'><strong>alia</strong></span> <span class='ocrx_word' id='word_1_82' title='bbox 633 1580 701 1633; x_wconf 90' lang='lat' dir='ltr'><strong>de</strong></span> <span class='ocrx_word' id='word_1_83' title='bbox 731 1589 881 1647; x_wconf 87' lang='lat' dir='ltr'><strong>parte</strong></span> <span class='ocrx_word' id='word_1_84' title='bbox 913 1594 1065 1649; x_wconf 80' lang='lat' dir='ltr'><strong>seges</strong></span> <span class='ocrx_word' id='word_1_85' title='bbox 1093 1580 1331 1635; x_wconf 90' lang='lat' dir='ltr'><strong>ﬂavescit</strong></span> <span class='ocrx_word' id='word_1_86' title='bbox 1358 1583 1565 1647; x_wconf 82' lang='lat' dir='ltr'><strong>aristis,</strong></span> 
     </span>
    </p>
   </div>
   <div class='ocr_carea' id='block_1_15' title="bbox 410 1669 1700 1740">
    <p class='ocr_par' dir='ltr' id='par_1_15' title="bbox 410 1669 1700 1740">
     <span class='ocr_line' id='line_1_15' title="bbox 410 1669 1700 1740; baseline 0.006 -19"><span class='ocrx_word' id='word_1_87' title='bbox 410 1669 630 1736; x_wconf 77' lang='lat' dir='ltr'><strong>Pinguis</strong></span> <span class='ocrx_word' id='word_1_88' title='bbox 658 1682 711 1724; x_wconf 90' lang='lat' dir='ltr'><strong>et</strong></span> <span class='ocrx_word' id='word_1_89' title='bbox 741 1669 980 1724; x_wconf 84' lang='lat' dir='ltr'><strong>altricem</strong></span> <span class='ocrx_word' id='word_1_90' title='bbox 1012 1670 1213 1740; x_wconf 87' lang='lat' dir='ltr'><strong>palmes</strong></span> <span class='ocrx_word' id='word_1_91' title='bbox 1241 1680 1431 1739; x_wconf 78' lang='lat' dir='ltr'><strong>Opacat</strong></span> <span class='ocrx_word' id='word_1_92' title='bbox 1460 1676 1700 1730; x_wconf 87' lang='lat' dir='ltr'><strong>humum.</strong></span> 
     </span>
    </p>
   </div>
   <div class='ocr_carea' id='block_1_16' title="bbox 337 1764 1795 1837">
    <p class='ocr_par' dir='ltr' id='par_1_16' title="bbox 337 1764 1795 1837">
     <span class='ocr_line' id='line_1_16' title="bbox 337 1764 1795 1837; baseline 0.002 -18"><span class='ocrx_word' id='word_1_93' title='bbox 337 1766 583 1819; x_wconf 76' lang='lat' dir='ltr'><strong>Piscibus</strong></span> <span class='ocrx_word' id='word_1_94' title='bbox 608 1765 901 1818; x_wconf 90' lang='lat' dir='ltr'><strong>innumeris</strong></span> <span class='ocrx_word' id='word_1_95' title='bbox 925 1779 1030 1818; x_wconf 90' lang='lat' dir='ltr'><strong>non</strong></span> <span class='ocrx_word' id='word_1_96' title='bbox 1062 1764 1240 1819; x_wconf 80' lang='lat' dir='ltr'><strong>deﬁcit</strong></span> <span class='ocrx_word' id='word_1_97' title='bbox 1269 1766 1405 1819; x_wconf 91' lang='lat' dir='ltr'><strong>unda</strong></span> <span class='ocrx_word' id='word_1_98' title='bbox 1435 1765 1719 1822; x_wconf 70' lang='lat' dir='ltr'><strong>Garumnae</strong></span> <span class='ocrx_word' id='word_1_99' title='bbox 1743 1767 1795 1837; x_wconf 76' lang='grc'><strong>³³,</strong></span> 
     </span>
    </p>
   </div>
   <div class='ocr_carea' id='block_1_17' title="bbox 412 1855 1543 1926">
    <p class='ocr_par' dir='ltr' id='par_1_17' title="bbox 412 1855 1543 1926">
     <span class='ocr_line' id='line_1_17' title="bbox 412 1855 1543 1926; baseline 0.002 -17"><span class='ocrx_word' id='word_1_100' title='bbox 412 1858 522 1909; x_wconf 86' lang='lat' dir='ltr'><strong>Etsi</strong></span> <span class='ocrx_word' id='word_1_101' title='bbox 550 1856 691 1910; x_wconf 83' lang='lat' dir='ltr'><strong>desit</strong></span> <span class='ocrx_word' id='word_1_102' title='bbox 713 1856 879 1925; x_wconf 88' lang='lat' dir='ltr'><strong>agris,</strong></span> <span class='ocrx_word' id='word_1_103' title='bbox 904 1855 1085 1926; x_wconf 77' lang='lat' dir='ltr'><strong>fruges</strong></span> <span class='ocrx_word' id='word_1_104' title='bbox 1108 1856 1343 1910; x_wconf 81' lang='lat' dir='ltr'><strong>abundat</strong></span> <span class='ocrx_word' id='word_1_105' title='bbox 1372 1858 1543 1925; x_wconf 84' lang='lat' dir='ltr'><strong>aquis.</strong></span> 
     </span>
    </p>
   </div>
   <div class='ocr_carea' id='block_1_18' title="bbox 337 1948 1684 2020">
    <p class='ocr_par' dir='ltr' id='par_1_18' title="bbox 337 1948 1684 2020">
     <span class='ocr_line' id='line_1_18' title="bbox 337 1948 1684 2020; baseline 0.001 -18"><span class='ocrx_word' id='word_1_106' title='bbox 337 1949 442 2002; x_wconf 86' lang='lat' dir='ltr'><strong>Sed</strong></span> <span class='ocrx_word' id='word_1_107' title='bbox 467 1958 517 2001; x_wconf 91' lang='lat' dir='ltr'><strong>te</strong></span> <span class='ocrx_word' id='word_1_108' title='bbox 544 1949 861 2017; x_wconf 69' lang='lat' dir='ltr'><strong>quaerebant</strong></span> <span class='ocrx_word' id='word_1_109' title='bbox 892 1948 1003 2003; x_wconf 76' lang='lat' dir='ltr'><strong>hazc</strong></span> <span class='ocrx_word' id='word_1_110' title='bbox 1027 1964 1245 2003; x_wconf 89' lang='lat' dir='ltr'><strong>munera</strong></span> <span class='ocrx_word' id='word_1_111' title='bbox 1281 1958 1449 2014; x_wconf 89' lang='lat' dir='ltr'><strong>tanta,</strong></span> <span class='ocrx_word' id='word_1_112' title='bbox 1475 1949 1684 2020; x_wconf 87' lang='lat' dir='ltr'><strong>Leonti,</strong></span> 
     </span>
    </p>
   </div>
   <div class='ocr_carea' id='block_1_19' title="bbox 405 2040 1534 2109">
    <p class='ocr_par' dir='ltr' id='par_1_19' title="bbox 405 2040 1534 2109">
     <span class='ocr_line' id='line_1_19' title="bbox 405 2040 1534 2109; baseline 0.001 -15"><span class='ocrx_word' id='word_1_113' title='bbox 405 2040 566 2094; x_wconf 85' lang='lat' dir='ltr'><strong>Solos</strong></span> <span class='ocrx_word' id='word_1_114' title='bbox 597 2040 863 2102; x_wconf 68' lang='lat' dir='ltr'><strong>defueras,</strong></span> <span class='ocrx_word' id='word_1_115' title='bbox 896 2040 981 2109; x_wconf 88' lang='lat' dir='ltr'><strong>qui</strong></span> <span class='ocrx_word' id='word_1_116' title='bbox 1015 2040 1153 2094; x_wconf 90' lang='lat' dir='ltr'><strong>bona</strong></span> <span class='ocrx_word' id='word_1_117' title='bbox 1179 2042 1329 2109; x_wconf 92' lang='lat' dir='ltr'><strong>plena</strong></span> <span class='ocrx_word' id='word_1_118' title='bbox 1359 2041 1534 2096; x_wconf 89' lang='lat' dir='ltr'><strong>dares.</strong></span> 
     </span>
    </p>
   </div>
   <div class='ocr_carea' id='block_1_20' title="bbox 334 2130 1926 2202">
    <p class='ocr_par' dir='ltr' id='par_1_20' title="bbox 334 2130 1926 2202">
     <span class='ocr_line' id='line_1_20' title="bbox 334 2130 1926 2202; baseline 0.002 -18"><span class='ocrx_word' id='word_1_119' title='bbox 334 2130 467 2185; x_wconf 77' lang='lat' dir='ltr'><strong>Nam</strong></span> <span class='ocrx_word' id='word_1_120' title='bbox 510 2131 653 2200; x_wconf 89' lang='lat' dir='ltr'><strong>quod</strong></span> <span class='ocrx_word' id='word_1_121' title='bbox 696 2132 919 2201; x_wconf 85' lang='lat' dir='ltr'><strong>pulchra</strong></span> <span class='ocrx_word' id='word_1_122' title='bbox 970 2131 1193 2198; x_wconf 89' lang='lat' dir='ltr'><strong>domus,</strong></span> <span class='ocrx_word' id='word_1_123' title='bbox 1228 2131 1369 2199; x_wconf 90' lang='lat' dir='ltr'><strong>quod</strong></span> <span class='ocrx_word' id='word_1_124' title='bbox 1414 2143 1559 2202; x_wconf 89' lang='lat' dir='ltr'><strong>grata</strong></span> <span class='ocrx_word' id='word_1_125' title='bbox 1609 2134 1814 2187; x_wconf 86' lang='lat' dir='ltr'><strong>lavacra</strong></span> <span class='ocrx_word' id='word_1_126' title='bbox 1844 2136 1926 2187; x_wconf 88' lang='lat' dir='ltr'><strong>ni-</strong></span> 
     </span>
    </p>
   </div>
   <div class='ocr_carea' id='block_1_21' title="bbox 1663 2226 3565 2316">
    <p class='ocr_par' dir='ltr' id='par_1_21' title="bbox 1663 2226 3565 2316">
     <span class='ocr_line' id='line_1_21' title="bbox 1663 2226 3565 2316; baseline 0.007 -20"><span class='ocrx_word' id='word_1_127' title='bbox 1663 2226 1921 2296; x_wconf 67' lang='grc' dir='ltr'><strong>[ῑθεουηίν</strong></span> <span class='ocrx_word' id='word_1_128' title='bbox 2012 2242 2118 2297; x_wconf 78' lang='lat' dir='ltr'><strong>Nec</strong></span> <span class='ocrx_word' id='word_1_129' title='bbox 2142 2243 2352 2311; x_wconf 87' lang='lat' dir='ltr'><strong>ﬂuvius,</strong></span> <span class='ocrx_word' id='word_1_130' title='bbox 2386 2260 2486 2300; x_wconf 88' lang='lat' dir='ltr'><strong>nec</strong></span> <span class='ocrx_word' id='word_1_131' title='bbox 2513 2262 2736 2316; x_wconf 88' lang='lat' dir='ltr'><strong>campus</strong></span> <span class='ocrx_word' id='word_1_132' title='bbox 2766 2247 2938 2313; x_wconf 86' lang='lat' dir='ltr'><strong>adest,</strong></span> <span class='ocrx_word' id='word_1_133' title='bbox 2970 2264 3070 2304; x_wconf 89' lang='lat' dir='ltr'><strong>nec</strong></span> <span class='ocrx_word' id='word_1_134' title='bbox 3095 2258 3258 2316; x_wconf 90' lang='lat' dir='ltr'><strong>terra,</strong></span> <span class='ocrx_word' id='word_1_135' title='bbox 3288 2268 3385 2307; x_wconf 84' lang='lat' dir='ltr'><strong>nec</strong></span> <span class='ocrx_word' id='word_1_136' title='bbox 3424 2254 3565 2310; x_wconf 88' lang='lat' dir='ltr'><strong>unda</strong></span> 
     </span>
    </p>
   </div>
   <div class='ocr_carea' id='block_1_22' title="bbox 402 2222 1418 2278">
    <p class='ocr_par' dir='ltr' id='par_1_22' title="bbox 402 2222 1418 2278">
     <span class='ocr_line' id='line_1_22' title="bbox 402 2222 1418 2278; baseline -0.001 -3"><span class='ocrx_word' id='word_1_137' title='bbox 402 2222 867 2277; x_wconf 87' lang='lat' dir='ltr'><strong>Consolidatorem</strong></span> <span class='ocrx_word' id='word_1_138' title='bbox 899 2232 949 2277; x_wconf 89' lang='lat' dir='ltr'><strong>te</strong></span> <span class='ocrx_word' id='word_1_139' title='bbox 976 2224 1217 2278; x_wconf 88' lang='lat' dir='ltr'><strong>cecinere</strong></span> <span class='ocrx_word' id='word_1_140' title='bbox 1243 2239 1418 2278; x_wconf 89' lang='lat' dir='ltr'><strong>suum.</strong></span> 
     </span>
    </p>
   </div>
   <div class='ocr_carea' id='block_1_23' title="bbox 336 2314 1910 2385">
    <p class='ocr_par' dir='ltr' id='par_1_23' title="bbox 336 2314 1910 2385">
     <span class='ocr_line' id='line_1_23' title="bbox 336 2314 1910 2385; baseline 0.003 -16"><span class='ocrx_word' id='word_1_141' title='bbox 336 2314 403 2369; x_wconf 80' lang='lat' dir='ltr'><strong>Ut</strong></span> <span class='ocrx_word' id='word_1_142' title='bbox 427 2324 609 2368; x_wconf 92' lang='lat' dir='ltr'><strong>tamen</strong></span> <span class='ocrx_word' id='word_1_143' title='bbox 646 2316 926 2381; x_wconf 77' lang='lat' dir='ltr'><strong>acquirunt</strong></span> <span class='ocrx_word' id='word_1_144' title='bbox 955 2322 1010 2369; x_wconf 90' lang='lat' dir='ltr'><strong>et</strong></span> <span class='ocrx_word' id='word_1_145' title='bbox 1042 2324 1064 2352; x_wconf 74' lang='grc' dir='ltr'><em>ε</em></span> <span class='ocrx_word' id='word_1_146' title='bbox 1094 2314 1267 2370; x_wconf 85' lang='lat' dir='ltr'><strong>adhuc</strong></span> <span class='ocrx_word' id='word_1_147' title='bbox 1311 2315 1615 2372; x_wconf 68' lang='lat' dir='ltr'><strong>fabricanda</strong></span> <span class='ocrx_word' id='word_1_148' title='bbox 1641 2319 1910 2385; x_wconf 87' lang='lat' dir='ltr'><strong>decorem,</strong></span> 
     </span>
    </p>
   </div>
   <div class='ocr_carea' id='block_1_24' title="bbox 402 2407 1590 2481">
    <p class='ocr_par' dir='ltr' id='par_1_24' title="bbox 402 2407 1590 2481">
     <span class='ocr_line' id='line_1_24' title="bbox 402 2407 1590 2481; baseline 0.002 -20"><span class='ocrx_word' id='word_1_149' title='bbox 402 2407 760 2477; x_wconf 80' lang='lat' dir='ltr'><strong>Temporibus</strong></span> <span class='ocrx_word' id='word_1_150' title='bbox 785 2407 957 2477; x_wconf 81' lang='lat' dir='ltr'><strong>longis</strong></span> <span class='ocrx_word' id='word_1_151' title='bbox 985 2409 1099 2461; x_wconf 62' lang='lat' dir='ltr'><strong>haec</strong></span> <span class='ocrx_word' id='word_1_152' title='bbox 1130 2418 1215 2462; x_wconf 91' lang='lat' dir='ltr'><strong>tua</strong></span> <span class='ocrx_word' id='word_1_153' title='bbox 1248 2410 1385 2464; x_wconf 90' lang='lat' dir='ltr'><strong>dona</strong></span> <span class='ocrx_word' id='word_1_154' title='bbox 1417 2426 1590 2481; x_wconf 88' lang='lat' dir='ltr'><strong>regas.</strong></span> 
     </span>
    </p>
   </div>
   <div class='ocr_carea' id='block_1_25' title="bbox 919 2513 1324 2572">
    <p class='ocr_par' dir='ltr' id='par_1_25' title="bbox 919 2513 1324 2572">
     <span class='ocr_line' id='line_1_25' title="bbox 919 2513 1324 2572; baseline 0.002 -4"><span class='ocrx_word' id='word_1_155' title='bbox 919 2513 1148 2571; x_wconf 83' lang='lat' dir='ltr'><strong>CAPUT</strong></span> <span class='ocrx_word' id='word_1_156' title='bbox 1187 2514 1324 2572; x_wconf 74' lang='lat' dir='ltr'><strong>XXI.</strong></span> 
     </span>
    </p>
   </div>
   <div class='ocr_carea' id='block_1_26' title="bbox 816 2604 1434 2678">
    <p class='ocr_par' dir='ltr' id='par_1_26' title="bbox 816 2604 1434 2678">
     <span class='ocr_line' id='line_1_26' title="bbox 816 2604 1434 2678; baseline 0.011 -20"><span class='ocrx_word' id='word_1_157' title='bbox 816 2604 893 2660; x_wconf 83' lang='lat' dir='ltr'><strong>De</strong></span> <span class='ocrx_word' id='word_1_158' title='bbox 923 2605 1129 2678; x_wconf 85' lang='lat' dir='ltr'><strong>Egircio</strong></span> <span class='ocrx_word' id='word_1_159' title='bbox 1154 2605 1181 2645; x_wconf 74' lang='grc' dir='ltr'>ά</span> <span class='ocrx_word' id='word_1_160' title='bbox 1205 2610 1434 2678; x_wconf 78' lang='lat' dir='ltr'><strong>ﬂumine.</strong></span> 
     </span>
    </p>
   </div>
   <div class='ocr_carea' id='block_1_27' title="bbox 358 2718 1869 2801">
    <p class='ocr_par' dir='ltr' id='par_1_27' title="bbox 358 2718 1869 2801">
     <span class='ocr_line' id='line_1_27' title="bbox 358 2718 1869 2801; baseline 0.007 -28"><span class='ocrx_word' id='word_1_161' title='bbox 358 2718 582 2789; x_wconf 83' lang='lat' dir='ltr'><strong>[Egircii</strong></span> <span class='ocrx_word' id='word_1_162' title='bbox 612 2720 849 2775; x_wconf 87' lang='lat' dir='ltr'><strong>ﬂuminis</strong></span> <span class='ocrx_word' id='word_1_163' title='bbox 890 2720 1124 2777; x_wconf 89' lang='lat' dir='ltr'><strong>indolem</strong></span> <span class='ocrx_word' id='word_1_164' title='bbox 1157 2737 1221 2779; x_wconf 90' lang='lat' dir='ltr'><strong>ac</strong></span> <span class='ocrx_word' id='word_1_165' title='bbox 1251 2726 1539 2781; x_wconf 86' lang='lat' dir='ltr'><strong>varietates</strong></span> <span class='ocrx_word' id='word_1_166' title='bbox 1566 2727 1869 2801; x_wconf 74' lang='lat' dir='ltr'><strong>describit.)</strong></span> 
     </span>
    </p>
   </div>
   <div class='ocr_carea' id='block_1_28' title="bbox 325 2831 1866 2909">
    <p class='ocr_par' dir='ltr' id='par_1_28' title="bbox 325 2831 1866 2909">
     <span class='ocr_line' id='line_1_28' title="bbox 325 2831 1866 2909; baseline 0.007 -24"><span class='ocrx_word' id='word_1_167' title='bbox 325 2831 463 2885; x_wconf 87' lang='lat' dir='ltr'><strong>Laus</strong></span> <span class='ocrx_word' id='word_1_168' title='bbox 489 2832 586 2886; x_wconf 91' lang='lat' dir='ltr'><strong>tibi</strong></span> <span class='ocrx_word' id='word_1_169' title='bbox 619 2831 759 2888; x_wconf 78' lang='lat' dir='ltr'><strong>forte</strong></span> <span class='ocrx_word' id='word_1_170' title='bbox 784 2834 962 2889; x_wconf 89' lang='lat' dir='ltr'><strong>minor</strong></span> <span class='ocrx_word' id='word_1_171' title='bbox 992 2835 1185 2903; x_wconf 83' lang='lat' dir='ltr'><strong>fuerat,</strong></span> <span class='ocrx_word' id='word_1_172' title='bbox 1235 2853 1495 2907; x_wconf 83' lang='lat' dir='ltr'><strong>generose</strong></span> <span class='ocrx_word' id='word_1_173' title='bbox 1526 2851 1549 2879; x_wconf 79' lang='grc'><strong><em>⁸</em></strong></span> <span class='ocrx_word' id='word_1_174' title='bbox 1575 2842 1866 2909; x_wconf 88' lang='lat' dir='ltr'><strong>Garomna,</strong></span> 
     </span>
    </p>
   </div>
   <div class='ocr_carea' id='block_1_29' title="bbox 392 2924 1459 2998">
    <p class='ocr_par' dir='ltr' id='par_1_29' title="bbox 392 2924 1459 2998">
     <span class='ocr_line' id='line_1_29' title="bbox 392 2924 1459 2998; baseline 0.007 -21"><span class='ocrx_word' id='word_1_175' title='bbox 392 2924 452 2977; x_wconf 88' lang='lat' dir='ltr'><strong>Si</strong></span> <span class='ocrx_word' id='word_1_176' title='bbox 485 2939 593 2977; x_wconf 90' lang='lat' dir='ltr'><strong>non</strong></span> <span class='ocrx_word' id='word_1_177' title='bbox 618 2926 837 2991; x_wconf 81' lang='lat' dir='ltr'><strong>exiguas</strong></span> <span class='ocrx_word' id='word_1_178' title='bbox 864 2926 1003 2981; x_wconf 82' lang='lat' dir='ltr'><strong>alter</strong></span> <span class='ocrx_word' id='word_1_179' title='bbox 1029 2926 1249 2984; x_wconf 89' lang='lat' dir='ltr'><strong>haberet</strong></span> <span class='ocrx_word' id='word_1_180' title='bbox 1277 2944 1459 2998; x_wconf 88' lang='lat' dir='ltr'><strong>aquas.</strong></span> 
     </span>
    </p>
   </div>
   <div class='ocr_carea' id='block_1_30' title="bbox 322 3012 1803 3089">
    <p class='ocr_par' dir='ltr' id='par_1_30' title="bbox 322 3012 1803 3089">
     <span class='ocr_line' id='line_1_30' title="bbox 322 3012 1803 3089; baseline 0.008 -23"><span class='ocrx_word' id='word_1_181' title='bbox 322 3012 488 3066; x_wconf 87' lang='lat' dir='ltr'><strong>Lnbri</strong></span> <span class='ocrx_word' id='word_1_182' title='bbox 507 3025 593 3066; x_wconf 84' lang='lat' dir='ltr'><strong>cat</strong></span> <span class='ocrx_word' id='word_1_183' title='bbox 628 3016 713 3067; x_wconf 87' lang='lat' dir='ltr'><strong>hic</strong></span> <span class='ocrx_word' id='word_1_184' title='bbox 741 3016 987 3083; x_wconf 89' lang='lat' dir='ltr'><strong>quoniam</strong></span> <span class='ocrx_word' id='word_1_185' title='bbox 1011 3027 1228 3073; x_wconf 89' lang='lat' dir='ltr'><strong>tenuato</strong></span> <span class='ocrx_word' id='word_1_186' title='bbox 1248 3017 1516 3089; x_wconf 60' lang='lat' dir='ltr'><strong>lEgircius</strong></span> <span class='ocrx_word' id='word_1_187' title='bbox 1543 3021 1560 3060; x_wconf 69' lang='grc' dir='ltr'>ί</span> <span class='ocrx_word' id='word_1_188' title='bbox 1591 3023 1803 3089; x_wconf 85' lang='lat' dir='ltr'><strong>hausto,</strong></span> 
     </span>
    </p>
   </div>
   <div class='ocr_carea' id='block_1_31' title="bbox 392 3104 1512 3177">
    <p class='ocr_par' dir='ltr' id='par_1_31' title="bbox 392 3104 1512 3177">
     <span class='ocr_line' id='line_1_31' title="bbox 392 3104 1512 3177; baseline 0.009 -20"><span class='ocrx_word' id='word_1_189' title='bbox 392 3104 627 3158; x_wconf 61' lang='lat' dir='ltr'><strong>Pratiert</strong></span> <span class='ocrx_word' id='word_1_190' title='bbox 657 3116 681 3152; x_wconf 74' lang='grc' dir='ltr'><strong>ις</strong></span> <span class='ocrx_word' id='word_1_191' title='bbox 712 3105 923 3160; x_wconf 86' lang='lat' dir='ltr'><strong>divitias</strong></span> <span class='ocrx_word' id='word_1_192' title='bbox 945 3122 1179 3177; x_wconf 86' lang='lat' dir='ltr'><strong>paupere</strong></span> <span class='ocrx_word' id='word_1_193' title='bbox 1204 3108 1351 3166; x_wconf 82' lang='lat' dir='ltr'><strong>fonte</strong></span> <span class='ocrx_word' id='word_1_194' title='bbox 1377 3122 1512 3167; x_wconf 76' lang='lat' dir='ltr'><strong>tuas.</strong></span> 
     </span>
    </p>
   </div>
   <div class='ocr_carea' id='block_1_32' title="bbox 320 3193 1788 3274">
    <p class='ocr_par' dir='ltr' id='par_1_32' title="bbox 320 3193 1788 3274">
     <span class='ocr_line' id='line_1_32' title="bbox 320 3193 1788 3274; baseline 0.01 -30"><span class='ocrx_word' id='word_1_195' title='bbox 320 3193 566 3261; x_wconf 75' lang='lat' dir='ltr'><strong>Denique</strong></span> <span class='ocrx_word' id='word_1_196' title='bbox 596 3194 914 3251; x_wconf 87' lang='lat' dir='ltr'><strong>dissimilem</strong></span> <span class='ocrx_word' id='word_1_197' title='bbox 945 3198 989 3252; x_wconf 92' lang='lat' dir='ltr'><strong>si</strong></span> <span class='ocrx_word' id='word_1_198' title='bbox 1020 3209 1296 3268; x_wconf 88' lang='lat' dir='ltr'><strong>comparet</strong></span> <span class='ocrx_word' id='word_1_199' title='bbox 1321 3202 1455 3257; x_wconf 89' lang='lat' dir='ltr'><strong>ullus</strong></span> <span class='ocrx_word' id='word_1_200' title='bbox 1486 3214 1788 3274; x_wconf 85' lang='lat' dir='ltr'><strong>utrumque,</strong></span> 
     </span>
    </p>
   </div>
   <div class='ocr_carea' id='block_1_33' title="bbox 390 3284 1463 3356">
    <p class='ocr_par' dir='ltr' id='par_1_33' title="bbox 390 3284 1463 3356">
     <span class='ocr_line' id='line_1_33' title="bbox 390 3284 1463 3356; baseline 0.008 -19"><span class='ocrx_word' id='word_1_201' title='bbox 390 3284 488 3338; x_wconf 82' lang='lat' dir='ltr'><strong>ilic</strong></span> <span class='ocrx_word' id='word_1_202' title='bbox 520 3285 607 3338; x_wconf 92' lang='lat' dir='ltr'><strong>ubi</strong></span> <span class='ocrx_word' id='word_1_203' title='bbox 634 3287 694 3339; x_wconf 86' lang='lat' dir='ltr'><strong>iit</strong></span> <span class='ocrx_word' id='word_1_204' title='bbox 720 3285 882 3351; x_wconf 81' lang='lat' dir='ltr'><strong>rivus,</strong></span> <span class='ocrx_word' id='word_1_205' title='bbox 910 3297 963 3341; x_wconf 94' lang='lat' dir='ltr'><strong>tu</strong></span> <span class='ocrx_word' id='word_1_206' title='bbox 992 3298 1136 3356; x_wconf 89' lang='lat' dir='ltr'><strong>puto,</strong></span> <span class='ocrx_word' id='word_1_207' title='bbox 1159 3288 1310 3345; x_wconf 80' lang='lat' dir='ltr'><strong>Nilus</strong></span> <span class='ocrx_word' id='word_1_208' title='bbox 1338 3292 1463 3346; x_wconf 91' lang='lat' dir='ltr'><strong>eris.</strong></span> 
     </span>
    </p>
   </div>
   <div class='ocr_carea' id='block_1_34' title="bbox 312 3376 1837 3455">
    <p class='ocr_par' dir='ltr' id='par_1_34' title="bbox 312 3376 1837 3455">
     <span class='ocr_line' id='line_1_34' title="bbox 312 3376 1837 3455; baseline 0.007 -24"><span class='ocrx_word' id='word_1_209' title='bbox 312 3378 393 3432; x_wconf 79' lang='lat' dir='ltr'><strong>Te</strong></span> <span class='ocrx_word' id='word_1_210' title='bbox 424 3376 693 3433; x_wconf 79' lang='lat' dir='ltr'><strong>famulans</strong></span> <span class='ocrx_word' id='word_1_211' title='bbox 727 3382 909 3449; x_wconf 90' lang='lat' dir='ltr'><strong>intrat,</strong></span> <span class='ocrx_word' id='word_1_212' title='bbox 937 3381 1032 3436; x_wconf 88' lang='lat' dir='ltr'><strong>sed</strong></span> <span class='ocrx_word' id='word_1_213' title='bbox 1058 3382 1158 3436; x_wconf 88' lang='lat' dir='ltr'><strong>huc</strong></span> <span class='ocrx_word' id='word_1_214' title='bbox 1179 3378 1209 3420; x_wconf 70' lang='grc' dir='ltr'><strong>ιι</strong></span> <span class='ocrx_word' id='word_1_215' title='bbox 1241 3395 1330 3438; x_wconf 90' lang='lat' dir='ltr'><strong>tua</strong></span> <span class='ocrx_word' id='word_1_216' title='bbox 1354 3399 1517 3453; x_wconf 86' lang='lat' dir='ltr'><strong>regna</strong></span> <span class='ocrx_word' id='word_1_217' title='bbox 1543 3386 1837 3455; x_wconf 82' lang='lat' dir='ltr'><strong>refrenant,</strong></span> 
     </span>
    </p>
   </div>
   <div class='ocr_carea' id='block_1_35' title="bbox 391 3469 1521 3539">
    <p class='ocr_par' dir='ltr' id='par_1_35' title="bbox 391 3469 1521 3539">
     <span class='ocr_line' id='line_1_35' title="bbox 391 3469 1521 3539; baseline 0.005 -16"><span class='ocrx_word' id='word_1_218' title='bbox 391 3470 631 3523; x_wconf 77' lang='lat' dir='ltr'><strong>Gallicus</strong></span> <span class='ocrx_word' id='word_1_219' title='bbox 662 3469 964 3538; x_wconf 85' lang='lat' dir='ltr'><strong>Euphrates</strong></span> <span class='ocrx_word' id='word_1_220' title='bbox 991 3482 1045 3525; x_wconf 92' lang='lat' dir='ltr'><strong>tu</strong></span> <span class='ocrx_word' id='word_1_221' title='bbox 1073 3470 1214 3539; x_wconf 88' lang='lat' dir='ltr'><strong>ﬂuis,</strong></span> <span class='ocrx_word' id='word_1_222' title='bbox 1247 3473 1349 3530; x_wconf 89' lang='lat' dir='ltr'><strong>iste</strong></span> <span class='ocrx_word' id='word_1_223' title='bbox 1372 3476 1521 3530; x_wconf 84' lang='lat' dir='ltr'><strong>latet.</strong></span> 
     </span>
    </p>
   </div>
   <div class='ocr_carea' id='block_1_36' title="bbox 316 3560 1859 3640">
    <p class='ocr_par' dir='ltr' id='par_1_36' title="bbox 316 3560 1859 3640">
     <span class='ocr_line' id='line_1_36' title="bbox 316 3560 1859 3640; baseline 0.006 -25"><span class='ocrx_word' id='word_1_224' title='bbox 316 3561 451 3615; x_wconf 64' lang='lat' dir='ltr'><strong>Nam</strong></span> <span class='ocrx_word' id='word_1_225' title='bbox 482 3570 745 3629; x_wconf 86' lang='lat' dir='ltr'><strong>quantum</strong></span> <span class='ocrx_word' id='word_1_226' title='bbox 780 3560 1050 3617; x_wconf 84' lang='lat' dir='ltr'><strong>Oceanum</strong></span> <span class='ocrx_word' id='word_1_227' title='bbox 1070 3564 1303 3619; x_wconf 90' lang='lat' dir='ltr'><strong>tumidus</strong></span> <span class='ocrx_word' id='word_1_228' title='bbox 1329 3574 1383 3619; x_wconf 91' lang='lat' dir='ltr'><strong>tu</strong></span> <span class='ocrx_word' id='word_1_229' title='bbox 1411 3568 1656 3622; x_wconf 90' lang='lat' dir='ltr'><strong>cursibus</strong></span> <span class='ocrx_word' id='word_1_230' title='bbox 1674 3583 1859 3640; x_wconf 88' lang='lat' dir='ltr'><strong>auges,</strong></span> 
     </span>
    </p>
   </div>
   <div class='ocr_carea' id='block_1_37' title="bbox 386 3650 1655 3727">
    <p class='ocr_par' dir='ltr' id='par_1_37' title="bbox 386 3650 1655 3727">
     <span class='ocr_line' id='line_1_37' title="bbox 386 3650 1655 3727; baseline 0.009 -25"><span class='ocrx_word' id='word_1_231' title='bbox 386 3650 491 3703; x_wconf 75' lang='lat' dir='ltr'><strong>iste</strong></span> <span class='ocrx_word' id='word_1_232' title='bbox 520 3659 643 3705; x_wconf 87' lang='lat' dir='ltr'><strong>tuas</strong></span> <span class='ocrx_word' id='word_1_233' title='bbox 673 3661 876 3705; x_wconf 90' lang='lat' dir='ltr'><strong>tantum</strong></span> <span class='ocrx_word' id='word_1_234' title='bbox 903 3667 1146 3708; x_wconf 87' lang='lat' dir='ltr'><strong>crescere</strong></span> <span class='ocrx_word' id='word_1_235' title='bbox 1179 3664 1394 3722; x_wconf 79' lang='lat' dir='ltr'><strong>praestat</strong></span> <span class='ocrx_word' id='word_1_236' title='bbox 1418 3671 1582 3727; x_wconf 88' lang='lat' dir='ltr'><strong>aquas</strong></span> <span class='ocrx_word' id='word_1_237' title='bbox 1611 3656 1655 3712; x_wconf 78' lang='grc' dir='ltr'><strong>ί.</strong></span> 
     </span>
    </p>
   </div>
   <div class='ocr_carea' id='block_1_38' title="bbox 312 3740 1681 3815">
    <p class='ocr_par' dir='ltr' id='par_1_38' title="bbox 312 3740 1681 3815">
     <span class='ocr_line' id='line_1_38' title="bbox 312 3740 1681 3815; baseline 0.009 -22"><span class='ocrx_word' id='word_1_238' title='bbox 312 3740 551 3794; x_wconf 83' lang='lat' dir='ltr'><strong>Torrida</strong></span> <span class='ocrx_word' id='word_1_239' title='bbox 578 3743 878 3810; x_wconf 61' lang='lat' dir='ltr'><strong>prmsertim</strong></span> <span class='ocrx_word' id='word_1_240' title='bbox 914 3758 1035 3798; x_wconf 91' lang='lat' dir='ltr'><strong>cum</strong></span> <span class='ocrx_word' id='word_1_241' title='bbox 1068 3746 1223 3799; x_wconf 90' lang='lat' dir='ltr'><strong>terris</strong></span> <span class='ocrx_word' id='word_1_242' title='bbox 1253 3746 1468 3801; x_wconf 90' lang='lat' dir='ltr'><strong>incubat</strong></span> <span class='ocrx_word' id='word_1_243' title='bbox 1502 3759 1681 3815; x_wconf 65' lang='lat' dir='ltr'><strong>uastas,</strong></span> 
     </span>
    </p>
   </div>
   <div class='ocr_carea' id='block_1_39' title="bbox 385 3831 1523 3907">
    <p class='ocr_par' dir='ltr' id='par_1_39' title="bbox 385 3831 1523 3907">
     <span class='ocr_line' id='line_1_39' title="bbox 385 3831 1523 3907; baseline 0.011 -25"><span class='ocrx_word' id='word_1_244' title='bbox 385 3833 483 3895; x_wconf 80' lang='lat' dir='ltr'><strong>Ac,</strong></span> <span class='ocrx_word' id='word_1_245' title='bbox 508 3831 731 3885; x_wconf 83' lang='lat' dir='ltr'><strong>sitiente</strong></span> <span class='ocrx_word' id='word_1_246' title='bbox 770 3832 906 3898; x_wconf 89' lang='lat' dir='ltr'><strong>solo,</strong></span> <span class='ocrx_word' id='word_1_247' title='bbox 939 3834 1105 3887; x_wconf 89' lang='lat' dir='ltr'><strong>tristis</strong></span> <span class='ocrx_word' id='word_1_248' title='bbox 1132 3834 1348 3890; x_wconf 89' lang='lat' dir='ltr'><strong>anhelat</strong></span> <span class='ocrx_word' id='word_1_249' title='bbox 1376 3853 1523 3907; x_wconf 87' lang='lat' dir='ltr'><strong>ager,</strong></span> 
     </span>
    </p>
   </div>
   <div class='ocr_carea' id='block_1_40' title="bbox 307 3914 1553 3996">
    <p class='ocr_par' dir='ltr' id='par_1_40' title="bbox 307 3914 1553 3996">
     <span class='ocr_line' id='line_1_40' title="bbox 307 3914 1553 3996; baseline 0.009 -24"><span class='ocrx_word' id='word_1_250' title='bbox 307 3914 442 3972; x_wconf 87' lang='lat' dir='ltr'><strong>Cum</strong></span> <span class='ocrx_word' id='word_1_251' title='bbox 469 3918 628 3973; x_wconf 86' lang='lat' dir='ltr'><strong>Titan</strong></span> <span class='ocrx_word' id='word_1_252' title='bbox 659 3920 819 3975; x_wconf 85' lang='lat' dir='ltr'><strong>radiis</strong></span> <span class='ocrx_word' id='word_1_253' title='bbox 844 3920 1169 3979; x_wconf 77' lang='lat' dir='ltr'><strong>ferventibus</strong></span> <span class='ocrx_word' id='word_1_254' title='bbox 1195 3936 1380 3980; x_wconf 88' lang='lat' dir='ltr'><strong>exarat</strong></span> <span class='ocrx_word' id='word_1_255' title='bbox 1406 3944 1553 3996; x_wconf 89' lang='lat' dir='ltr'><strong>arva,</strong></span> 
     </span>
    </p>
   </div>
   <div class='ocr_carea' id='block_1_41' title="bbox 376 4012 1565 4082">
    <p class='ocr_par' dir='ltr' id='par_1_41' title="bbox 376 4012 1565 4082">
     <span class='ocr_line' id='line_1_41' title="bbox 376 4012 1565 4082; baseline 0.01 -17"><span class='ocrx_word' id='word_1_256' title='bbox 376 4013 447 4065; x_wconf 75' lang='lat' dir='ltr'><strong>Et</strong></span> <span class='ocrx_word' id='word_1_257' title='bbox 477 4012 626 4066; x_wconf 85' lang='lat' dir='ltr'><strong>calor</strong></span> <span class='ocrx_word' id='word_1_258' title='bbox 654 4012 877 4082; x_wconf 77' lang='lat' dir='ltr'><strong>ignifero</strong></span> <span class='ocrx_word' id='word_1_259' title='bbox 901 4029 1119 4071; x_wconf 79' lang='lat' dir='ltr'><strong>vomere</strong></span> <span class='ocrx_word' id='word_1_260' title='bbox 1148 4016 1301 4073; x_wconf 87' lang='lat' dir='ltr'><strong>ﬂndit</strong></span> <span class='ocrx_word' id='word_1_261' title='bbox 1326 4020 1565 4077; x_wconf 89' lang='lat' dir='ltr'><strong>humum.</strong></span> 
     </span>
    </p>
   </div>
   <div class='ocr_carea' id='block_1_42' title="bbox 376 4253 1777 4335">
    <p class='ocr_par' dir='ltr' id='par_1_42' title="bbox 376 4253 1777 4335">
     <span class='ocr_line' id='line_1_42' title="bbox 376 4253 1777 4335; baseline 0.019 -40"><span class='ocrx_word' id='word_1_262' title='bbox 376 4263 400 4335; x_wconf 55' lang='grc' dir='ltr'><strong><em>ξ</em></strong></span> <span class='ocrx_word' id='word_1_263' title='bbox 429 4253 592 4335; x_wconf 55' lang='lat' dir='ltr'><strong>Prius</strong></span> <span class='ocrx_word' id='word_1_264' title='bbox 607 4254 908 4335; x_wconf 48' lang='lat' dir='ltr'><strong>godyat.</strong></span> <span class='ocrx_word' id='word_1_265' title='bbox 938 4263 999 4335; x_wconf 57' lang='lat' dir='ltr'><strong>et</strong></span> <span class='ocrx_word' id='word_1_266' title='bbox 1019 4254 1151 4310; x_wconf 88' lang='lat' dir='ltr'><strong>Ven.</strong></span> <span class='ocrx_word' id='word_1_267' title='bbox 1184 4256 1354 4327; x_wconf 85' lang='lat' dir='ltr'><strong>Edit.,</strong></span> <span class='ocrx_word' id='word_1_268' title='bbox 1394 4261 1574 4330; x_wconf 74' lang='lat' dir='ltr'><strong>cuique</strong></span> <span class='ocrx_word' id='word_1_269' title='bbox 1600 4265 1777 4335; x_wconf 83' lang='lat' dir='ltr'><strong>digna.</strong></span> 
     </span>
    </p>
   </div>
   <div class='ocr_carea' id='block_1_43' title="bbox 370 4322 1233 4389">
    <p class='ocr_par' dir='ltr' id='par_1_43' title="bbox 370 4322 1233 4389">
     <span class='ocr_line' id='line_1_43' title="bbox 370 4322 1233 4389; baseline 0.005 -11"><span class='ocrx_word' id='word_1_270' title='bbox 370 4322 399 4360; x_wconf 68' lang='grc' dir='ltr'>δ</span> <span class='ocrx_word' id='word_1_271' title='bbox 429 4324 579 4379; x_wconf 85' lang='lat' dir='ltr'><strong>Unus</strong></span> <span class='ocrx_word' id='word_1_272' title='bbox 604 4322 738 4378; x_wconf 87' lang='lat' dir='ltr'><strong>Cod.</strong></span> <span class='ocrx_word' id='word_1_273' title='bbox 766 4324 914 4389; x_wconf 88' lang='lat' dir='ltr'><strong>Vat.,</strong></span> <span class='ocrx_word' id='word_1_274' title='bbox 956 4323 1233 4382; x_wconf 66' lang='lat' dir='ltr'><strong>Garanum.</strong></span> 
     </span>
    </p>
   </div>
   <div class='ocr_carea' id='block_1_44' title="bbox 377 4395 1879 4466">
    <p class='ocr_par' dir='ltr' id='par_1_44' title="bbox 377 4395 1879 4466">
     <span class='ocr_line' id='line_1_44' title="bbox 377 4395 1879 4466; baseline 0.014 -22"><span class='ocrx_word' id='word_1_275' title='bbox 377 4408 400 4433; x_wconf 75' lang='grc' dir='ltr'>ε</span> <span class='ocrx_word' id='word_1_276' title='bbox 439 4396 580 4447; x_wconf 83' lang='lat' dir='ltr'><strong>Ante</strong></span> <span class='ocrx_word' id='word_1_277' title='bbox 602 4395 769 4447; x_wconf 82' lang='lat' dir='ltr'><strong>adhuc</strong></span> <span class='ocrx_word' id='word_1_278' title='bbox 787 4396 939 4449; x_wconf 88' lang='lat' dir='ltr'><strong>deest</strong></span> <span class='ocrx_word' id='word_1_279' title='bbox 963 4406 1011 4450; x_wconf 85' lang='lat' dir='ltr'><strong>et</strong></span> <span class='ocrx_word' id='word_1_280' title='bbox 1040 4399 1091 4451; x_wconf 91' lang='lat' dir='ltr'><strong>in</strong></span> <span class='ocrx_word' id='word_1_281' title='bbox 1114 4412 1221 4452; x_wconf 91' lang='lat' dir='ltr'><strong>uno</strong></span> <span class='ocrx_word' id='word_1_282' title='bbox 1242 4397 1375 4455; x_wconf 88' lang='lat' dir='ltr'><strong>Cod.</strong></span> <span class='ocrx_word' id='word_1_283' title='bbox 1391 4399 1510 4456; x_wconf 89' lang='lat' dir='ltr'><strong>Vat.</strong></span> <span class='ocrx_word' id='word_1_284' title='bbox 1536 4404 1660 4460; x_wconf 89' lang='lat' dir='ltr'><strong>Edit</strong></span> <span class='ocrx_word' id='word_1_285' title='bbox 1676 4407 1842 4466; x_wconf 87' lang='lat' dir='ltr'><strong>Paris.</strong></span> <span class='ocrx_word' id='word_1_286' title='bbox 1865 4452 1879 4465; x_wconf 94' lang='lat'><strong>.</strong></span> 
     </span>
    </p>
   </div>
   <div class='ocr_carea' id='block_1_45' title="bbox 296 4466 920 4531">
    <p class='ocr_par' dir='ltr' id='par_1_45' title="bbox 296 4466 920 4531">
     <span class='ocr_line' id='line_1_45' title="bbox 296 4466 920 4531; baseline 0.002 -14"><span class='ocrx_word' id='word_1_287' title='bbox 296 4476 531 4517; x_wconf 79' lang='lat' dir='ltr'><strong>attamen</strong></span> <span class='ocrx_word' id='word_1_288' title='bbox 560 4466 823 4531; x_wconf 81' lang='lat' dir='ltr'><strong>acquirant</strong></span> <span class='ocrx_word' id='word_1_289' title='bbox 847 4476 920 4519; x_wconf 81' lang='lat' dir='ltr'><strong>ut.</strong></span> 
     </span>
    </p>
   </div>
   <div class='ocr_carea' id='block_1_46' title="bbox 371 4533 1797 4617">
    <p class='ocr_par' dir='ltr' id='par_1_46' title="bbox 371 4533 1797 4617">
     <span class='ocr_line' id='line_1_46' title="bbox 371 4533 1797 4617; baseline 0.015 -33"><span class='ocrx_word' id='word_1_290' title='bbox 371 4533 397 4617; x_wconf 54' lang='grc' dir='ltr'><strong>εξ</strong></span> <span class='ocrx_word' id='word_1_291' title='bbox 430 4534 654 4617; x_wconf 43' lang='lat' dir='ltr'><strong>inferi.</strong></span> <span class='ocrx_word' id='word_1_292' title='bbox 686 4536 826 4616; x_wconf 58' lang='lat' dir='ltr'><strong>Edit.</strong></span> <span class='ocrx_word' id='word_1_293' title='bbox 859 4546 1116 4604; x_wconf 90' lang='lat' dir='ltr'><strong>perpetuo</strong></span> <span class='ocrx_word' id='word_1_294' title='bbox 1141 4538 1335 4595; x_wconf 88' lang='lat' dir='ltr'><strong>dicitur</strong></span> <span class='ocrx_word' id='word_1_295' title='bbox 1365 4540 1567 4598; x_wconf 82' lang='lat' dir='ltr'><strong>Circius</strong></span> <span class='ocrx_word' id='word_1_296' title='bbox 1587 4549 1797 4617; x_wconf 82' lang='lat' dir='ltr'><strong>ﬂuvius.</strong></span> 
     </span>
    </p>
   </div>
   <div class='ocr_carea' id='block_1_47' title="bbox 376 4604 1088 4677">
    <p class='ocr_par' dir='ltr' id='par_1_47' title="bbox 376 4604 1088 4677">
     <span class='ocr_line' id='line_1_47' title="bbox 376 4604 1088 4677; baseline 0.006 -22"><span class='ocrx_word' id='word_1_297' title='bbox 376 4613 402 4677; x_wconf 66' lang='grc' dir='ltr'><strong>ξ</strong></span> <span class='ocrx_word' id='word_1_298' title='bbox 429 4604 571 4677; x_wconf 44' lang='lat' dir='ltr'><strong>ﬁdit.</strong></span> <span class='ocrx_word' id='word_1_299' title='bbox 601 4605 795 4677; x_wconf 80' lang='lat' dir='ltr'><strong>Paris.,</strong></span> <span class='ocrx_word' id='word_1_300' title='bbox 827 4623 1088 4677; x_wconf 83' lang='lat' dir='ltr'><strong>generosa.</strong></span> 
     </span>
    </p>
   </div>
   <div class='ocr_carea' id='block_1_48' title="bbox 378 4671 1876 4756">
    <p class='ocr_par' dir='ltr' id='par_1_48' title="bbox 378 4671 1876 4756">
     <span class='ocr_line' id='line_1_48' title="bbox 378 4671 1876 4756; baseline 0.013 -31"><span class='ocrx_word' id='word_1_301' title='bbox 378 4671 402 4713; x_wconf 73' lang='grc' dir='ltr'>ί</span> <span class='ocrx_word' id='word_1_302' title='bbox 438 4671 1158 4756; x_wconf 37' lang='grc' dir='ltr'><strong>Εξεὶτρὶιιεηρὶίϐτοπθιίυε,</strong></span> <span class='ocrx_word' id='word_1_303' title='bbox 1206 4679 1531 4756; x_wconf 74' lang='lat' dir='ltr'><strong>clarissimos</strong></span> <span class='ocrx_word' id='word_1_304' title='bbox 1580 4688 1876 4756; x_wconf 88' lang='lat' dir='ltr'><strong>Aquitano-</strong></span> 
     </span>
    </p>
   </div>
   <div class='ocr_carea' id='block_1_49' title="bbox 298 4746 1877 4822">
    <p class='ocr_par' dir='ltr' id='par_1_49' title="bbox 298 4746 1877 4822">
     <span class='ocr_line' id='line_1_49' title="bbox 298 4746 1877 4822; baseline 0.013 -25"><span class='ocrx_word' id='word_1_305' title='bbox 298 4760 423 4822; x_wconf 87' lang='lat' dir='ltr'><strong>rum</strong></span> <span class='ocrx_word' id='word_1_306' title='bbox 456 4746 683 4811; x_wconf 79' lang='lat' dir='ltr'><strong>Auscos,</strong></span> <span class='ocrx_word' id='word_1_307' title='bbox 716 4747 1200 4822; x_wconf 77' lang='lat' dir='ltr'><strong>NovempOpulanze</strong></span> <span class='ocrx_word' id='word_1_308' title='bbox 1230 4752 1540 4822; x_wconf 76' lang='lat' dir='ltr'><strong>provinciae,</strong></span> <span class='ocrx_word' id='word_1_309' title='bbox 1578 4746 1720 4815; x_wconf 55' lang='lat' dir='ltr'><strong>nu&#39;nc</strong></span> <span class='ocrx_word' id='word_1_310' title='bbox 1749 4763 1877 4818; x_wconf 86' lang='lat' dir='ltr'><strong>Vas-</strong></span> 
     </span>
    </p>
   </div>
   <div class='ocr_carea' id='block_1_50' title="bbox 300 4818 1064 4884">
    <p class='ocr_par' dir='ltr' id='par_1_50' title="bbox 300 4818 1064 4884">
     <span class='ocr_line' id='line_1_50' title="bbox 300 4818 1064 4884; baseline 0.008 -17"><span class='ocrx_word' id='word_1_311' title='bbox 300 4818 475 4870; x_wconf 76' lang='lat' dir='ltr'><strong>conia:</strong></span> <span class='ocrx_word' id='word_1_312' title='bbox 510 4818 866 4884; x_wconf 85' lang='lat' dir='ltr'><strong>metrOpolint,</strong></span> <span class='ocrx_word' id='word_1_313' title='bbox 894 4819 1064 4873; x_wconf 84' lang='lat' dir='ltr'><strong>alluit.</strong></span> 
     </span>
    </p>
   </div>
   <div class='ocr_carea' id='block_1_51' title="bbox 374 4884 1057 4959">
    <p class='ocr_par' dir='ltr' id='par_1_51' title="bbox 374 4884 1057 4959">
     <span class='ocr_line' id='line_1_51' title="bbox 374 4884 1057 4959; baseline 0.01 -23"><span class='ocrx_word' id='word_1_314' title='bbox 374 4894 402 4959; x_wconf 63' lang='lat' dir='ltr'><strong>ii</strong></span> <span class='ocrx_word' id='word_1_315' title='bbox 436 4884 584 4959; x_wconf 47' lang='lat' dir='ltr'><strong>ﬁdit.</strong></span> <span class='ocrx_word' id='word_1_316' title='bbox 621 4886 813 4959; x_wconf 55' lang='lat' dir='ltr'><strong>Paris&quot;</strong></span> <span class='ocrx_word' id='word_1_317' title='bbox 844 4892 1057 4959; x_wconf 76' lang='lat' dir='ltr'><strong>profert.</strong></span> 
     </span>
    </p>
   </div>
   <div class='ocr_carea' id='block_1_52' title="bbox 372 4951 1877 5034">
    <p class='ocr_par' dir='ltr' id='par_1_52' title="bbox 372 4951 1877 5034">
     <span class='ocr_line' id='line_1_52' title="bbox 372 4951 1877 5034; baseline 0.013 -26"><span class='ocrx_word' id='word_1_318' title='bbox 372 4951 404 4990; x_wconf 73' lang='grc'><strong>³³</strong></span> <span class='ocrx_word' id='word_1_319' title='bbox 433 4955 616 5010; x_wconf 82' lang='lat' dir='ltr'><strong>Monet</strong></span> <span class='ocrx_word' id='word_1_320' title='bbox 659 4958 738 5034; x_wconf 67' lang='lat' dir='ltr'><strong>ad</strong></span> <span class='ocrx_word' id='word_1_321' title='bbox 774 4951 914 5013; x_wconf 77' lang='lat' dir='ltr'><strong>hunc</strong></span> <span class='ocrx_word' id='word_1_322' title='bbox 939 4951 1143 5034; x_wconf 17' lang='lat' dir='ltr'><strong>&#39;iocum,</strong></span> <span class='ocrx_word' id='word_1_323' title='bbox 1186 4962 1360 5018; x_wconf 87' lang='lat' dir='ltr'><strong>Brow.</strong></span> <span class='ocrx_word' id='word_1_324' title='bbox 1412 4966 1724 5034; x_wconf 73' lang='lat' dir='ltr'><strong>perpeiuum</strong></span> <span class='ocrx_word' id='word_1_325' title='bbox 1767 4972 1877 5029; x_wconf 82' lang='lat' dir='ltr'><strong>fere</strong></span> 
     </span>
    </p>
   </div>
   <div class='ocr_carea' id='block_1_53' title="bbox 302 5026 1876 5098">
    <p class='ocr_par' dir='ltr' id='par_1_53' title="bbox 302 5026 1876 5098">
     <span class='ocr_line' id='line_1_53' title="bbox 302 5026 1876 5098; baseline 0.013 -21"><span class='ocrx_word' id='word_1_326' title='bbox 302 5041 514 5098; x_wconf 84' lang='lat' dir='ltr'><strong>morem</strong></span> <span class='ocrx_word' id='word_1_327' title='bbox 547 5041 667 5081; x_wconf 88' lang='lat' dir='ltr'><strong>esse</strong></span> <span class='ocrx_word' id='word_1_328' title='bbox 697 5026 993 5092; x_wconf 84' lang='lat' dir='ltr'><strong>Fortunati,</strong></span> <span class='ocrx_word' id='word_1_329' title='bbox 1023 5041 1077 5085; x_wconf 86' lang='lat' dir='ltr'><strong>ut</strong></span> <span class='ocrx_word' id='word_1_330' title='bbox 1127 5033 1345 5088; x_wconf 74' lang='lat' dir='ltr'><strong>litteram</strong></span> <span class='ocrx_word' id='word_1_331' title='bbox 1396 5026 1439 5090; x_wconf 75' lang='grc' dir='ltr'>Π</span> <span class='ocrx_word' id='word_1_332' title='bbox 1487 5026 1666 5092; x_wconf 67' lang='lat' dir='ltr'><strong>habeat</strong></span> <span class='ocrx_word' id='word_1_333' title='bbox 1713 5026 1876 5098; x_wconf 71' lang='lat' dir='ltr'><strong>instar</strong></span> 
     </span>
    </p>
   </div>
   <div class='ocr_carea' id='block_1_54' title="bbox 300 5096 1874 5179">
    <p class='ocr_par' dir='ltr' id='par_1_54' title="bbox 300 5096 1874 5179">
     <span class='ocr_line' id='line_1_54' title="bbox 300 5096 1874 5179; baseline 0.012 -30"><span class='ocrx_word' id='word_1_334' title='bbox 300 5096 453 5166; x_wconf 79' lang='lat' dir='ltr'><strong>fortis</strong></span> <span class='ocrx_word' id='word_1_335' title='bbox 475 5100 820 5179; x_wconf 65' lang='lat' dir='ltr'><strong>consonantis,</strong></span> <span class='ocrx_word' id='word_1_336' title='bbox 841 5115 954 5179; x_wconf 54' lang='lat' dir='ltr'><strong>qua:</strong></span> <span class='ocrx_word' id='word_1_337' title='bbox 969 5117 1077 5179; x_wconf 67' lang='lat' dir='ltr'><strong>non</strong></span> <span class='ocrx_word' id='word_1_338' title='bbox 1101 5106 1498 5179; x_wconf 36' lang='lat' dir='ltr'><strong>evanescattsed</strong></span> <span class='ocrx_word' id='word_1_339' title='bbox 1522 5096 1874 5179; x_wconf 71' lang='lat' dir='ltr'><strong>synalazphans</strong></span> 
     </span>
    </p>
   </div>
   <div class='ocr_carea' id='block_1_55' title="bbox 294 5168 1873 5245">
    <p class='ocr_par' dir='ltr' id='par_1_55' title="bbox 294 5168 1873 5245">
     <span class='ocr_line' id='line_1_55' title="bbox 294 5168 1873 5245; baseline 0.013 -28"><span class='ocrx_word' id='word_1_340' title='bbox 294 5182 505 5245; x_wconf 72' lang='lat' dir='ltr'><strong>quoque</strong></span> <span class='ocrx_word' id='word_1_341' title='bbox 539 5168 823 5245; x_wconf 70' lang='lat' dir='ltr'><strong>prohibeat.</strong></span> <span class='ocrx_word' id='word_1_342' title='bbox 869 5168 1149 5245; x_wconf 51' lang='lat' dir='ltr'><strong>Bedaiait</strong></span> <span class='ocrx_word' id='word_1_343' title='bbox 1178 5174 1334 5245; x_wconf 85' lang='lat' dir='ltr'><strong>idem)</strong></span> <span class='ocrx_word' id='word_1_344' title='bbox 1373 5168 1479 5229; x_wconf 18' lang='lat' dir='ltr'><strong>Vltoc</strong></span> <span class='ocrx_word' id='word_1_345' title='bbox 1521 5168 1873 5239; x_wconf 59' lang='lat' dir='ltr'><strong>animadvertit</strong></span> 
     </span>
    </p>
   </div>
   <div class='ocr_carea' id='block_1_56' title="bbox 297 5240 1873 5319">
    <p class='ocr_par' dir='ltr' id='par_1_56' title="bbox 297 5240 1873 5319">
     <span class='ocr_line' id='line_1_56' title="bbox 297 5240 1873 5319; baseline 0.013 -31"><span class='ocrx_word' id='word_1_346' title='bbox 297 5240 389 5319; x_wconf 53' lang='lat' dir='ltr'><strong>{de</strong></span> <span class='ocrx_word' id='word_1_347' title='bbox 412 5246 530 5317; x_wconf 33' lang='grc' dir='ltr'><em>,αντε</em></span> <span class='ocrx_word' id='word_1_348' title='bbox 555 5240 766 5319; x_wconf 71' lang='lat' dir='ltr'><strong>metrica</strong></span> <span class='ocrx_word' id='word_1_349' title='bbox 793 5240 843 5293; x_wconf 84' lang='lat' dir='ltr'><strong>in</strong></span> <span class='ocrx_word' id='word_1_350' title='bbox 886 5242 1222 5319; x_wconf 52' lang='lat' dir='ltr'><strong>synaloephe),</strong></span> <span class='ocrx_word' id='word_1_351' title='bbox 1253 5240 1369 5298; x_wconf 75' lang='lat' dir='ltr'><strong>cum</strong></span> <span class='ocrx_word' id='word_1_352' title='bbox 1406 5248 1460 5319; x_wconf 87' lang='lat' dir='ltr'><strong>in</strong></span> <span class='ocrx_word' id='word_1_353' title='bbox 1494 5260 1755 5319; x_wconf 82' lang='lat' dir='ltr'><strong>poetarum</strong></span> <span class='ocrx_word' id='word_1_354' title='bbox 1792 5272 1873 5308; x_wconf 87' lang='lat' dir='ltr'><strong>ar-</strong></span> 
     </span>
    </p>
   </div>
   <div class='ocr_carea' id='block_1_57' title="bbox 296 5310 1871 5390">
    <p class='ocr_par' dir='ltr' id='par_1_57' title="bbox 296 5310 1871 5390">
     <span class='ocr_line' id='line_1_57' title="bbox 296 5310 1871 5390; baseline 0.013 -30"><span class='ocrx_word' id='word_1_355' title='bbox 296 5310 453 5389; x_wconf 70' lang='lat' dir='ltr'><strong>bitrio</strong></span> <span class='ocrx_word' id='word_1_356' title='bbox 482 5323 588 5361; x_wconf 81' lang='lat' dir='ltr'><strong>esse</strong></span> <span class='ocrx_word' id='word_1_357' title='bbox 616 5311 810 5390; x_wconf 78' lang='lat' dir='ltr'><strong>scribit,</strong></span> <span class='ocrx_word' id='word_1_358' title='bbox 836 5320 1005 5364; x_wconf 85' lang='lat' dir='ltr'><strong>utrum</strong></span> <span class='ocrx_word' id='word_1_359' title='bbox 1042 5311 1088 5364; x_wconf 83' lang='grc' dir='ltr'><strong>Η</strong></span> <span class='ocrx_word' id='word_1_360' title='bbox 1128 5310 1475 5390; x_wconf 73' lang='lat' dir='ltr'><strong>consonantis,</strong></span> <span class='ocrx_word' id='word_1_361' title='bbox 1494 5310 1573 5390; x_wconf 59' lang='grc' dir='ltr'><strong>’θη</strong></span> <span class='ocrx_word' id='word_1_362' title='bbox 1601 5324 1871 5390; x_wconf 82' lang='lat' dir='ltr'><strong>aspiratio-</strong></span> 
     </span>
    </p>
   </div>
   <div class='ocr_carea' id='block_1_58' title="bbox 293 5380 1872 5452">
    <p class='ocr_par' dir='ltr' id='par_1_58' title="bbox 293 5380 1872 5452">
     <span class='ocr_line' id='line_1_58' title="bbox 293 5380 1872 5452; baseline 0.013 -22"><span class='ocrx_word' id='word_1_363' title='bbox 293 5381 380 5431; x_wconf 85' lang='lat' dir='ltr'><strong>nis</strong></span> <span class='ocrx_word' id='word_1_364' title='bbox 432 5388 607 5452; x_wconf 77' lang='lat' dir='ltr'><strong>notam</strong></span> <span class='ocrx_word' id='word_1_365' title='bbox 639 5380 877 5452; x_wconf 74' lang='lat' dir='ltr'><strong>impleat,</strong></span> <span class='ocrx_word' id='word_1_366' title='bbox 925 5385 1200 5452; x_wconf 73' lang='lat' dir='ltr'><strong>prwsertim</strong></span> <span class='ocrx_word' id='word_1_367' title='bbox 1252 5386 1335 5439; x_wconf 82' lang='lat' dir='ltr'><strong>ubi</strong></span> <span class='ocrx_word' id='word_1_368' title='bbox 1364 5380 1470 5439; x_wconf 68' lang='lat' dir='ltr'><strong>hac</strong></span> <span class='ocrx_word' id='word_1_369' title='bbox 1498 5380 1670 5444; x_wconf 67' lang='lat' dir='ltr'><strong>littera</strong></span> <span class='ocrx_word' id='word_1_370' title='bbox 1707 5410 1872 5451; x_wconf 82' lang='lat' dir='ltr'><strong>sermo</strong></span> 
     </span>
    </p>
   </div>
   <div class='ocr_carea' id='block_1_59' title="bbox 292 5449 1869 5529">
    <p class='ocr_par' dir='ltr' id='par_1_59' title="bbox 292 5449 1869 5529">
     <span class='ocr_line' id='line_1_59' title="bbox 292 5449 1869 5529; baseline 0.013 -27"><span class='ocrx_word' id='word_1_371' title='bbox 292 5449 873 5529; x_wconf 43' lang='grc' dir='ltr'><strong>εειῃιιεξησιξξιιτιιοαυενξιἶ</strong></span> <span class='ocrx_word' id='word_1_372' title='bbox 924 5449 1236 5522; x_wconf 76' lang='lat' dir='ltr'><strong>iiujusmodi</strong></span> <span class='ocrx_word' id='word_1_373' title='bbox 1282 5459 1524 5527; x_wconf 86' lang='lat' dir='ltr'><strong>exempla</strong></span> <span class='ocrx_word' id='word_1_374' title='bbox 1580 5464 1773 5529; x_wconf 86' lang='lat' dir='ltr'><strong>passim</strong></span> <span class='ocrx_word' id='word_1_375' title='bbox 1816 5449 1869 5523; x_wconf 79' lang='lat' dir='ltr'><strong>in</strong></span> 
     </span>
    </p>
   </div>
   <div class='ocr_carea' id='block_1_60' title="bbox 294 5519 1862 5596">
    <p class='ocr_par' dir='ltr' id='par_1_60' title="bbox 294 5519 1862 5596">
     <span class='ocr_line' id='line_1_60' title="bbox 294 5519 1862 5596; baseline 0.015 -25"><span class='ocrx_word' id='word_1_376' title='bbox 294 5519 476 5596; x_wconf 68' lang='lat' dir='ltr'><strong>poetis</strong></span> <span class='ocrx_word' id='word_1_377' title='bbox 496 5520 640 5596; x_wconf 71' lang='lat' dir='ltr'><strong>aliis,</strong></span> <span class='ocrx_word' id='word_1_378' title='bbox 672 5536 789 5596; x_wconf 59' lang='lat' dir='ltr'><strong>qua;</strong></span> <span class='ocrx_word' id='word_1_379' title='bbox 822 5522 911 5577; x_wconf 87' lang='lat' dir='ltr'><strong>hic</strong></span> <span class='ocrx_word' id='word_1_380' title='bbox 934 5519 1201 5593; x_wconf 74' lang='lat' dir='ltr'><strong>apponere</strong></span> <span class='ocrx_word' id='word_1_381' title='bbox 1223 5519 1673 5595; x_wconf 72' lang='lat' dir='ltr'><strong>Supervacaneum</strong></span> <span class='ocrx_word' id='word_1_382' title='bbox 1701 5519 1862 5596; x_wconf 71' lang='lat' dir='ltr'><strong>duco.</strong></span> 
     </span>
    </p>
   </div>
   <div class='ocr_carea' id='block_1_61' title="bbox 292 5590 1867 5673">
    <p class='ocr_par' dir='ltr' id='par_1_61' title="bbox 292 5590 1867 5673">
     <span class='ocr_line' id='line_1_61' title="bbox 292 5590 1867 5673; baseline 0.009 -31"><span class='ocrx_word' id='word_1_383' title='bbox 292 5590 486 5643; x_wconf 85' lang='lat' dir='ltr'><strong>Liceat</strong></span> <span class='ocrx_word' id='word_1_384' title='bbox 513 5590 689 5673; x_wconf 69' lang='lat' dir='ltr'><strong>solum</strong></span> <span class='ocrx_word' id='word_1_385' title='bbox 717 5590 982 5671; x_wconf 78' lang='lat' dir='ltr'><strong>adnotare</strong></span> <span class='ocrx_word' id='word_1_386' title='bbox 1006 5590 1066 5648; x_wconf 85' lang='lat' dir='ltr'><strong>in</strong></span> <span class='ocrx_word' id='word_1_387' title='bbox 1095 5590 1323 5673; x_wconf 74' lang='lat' dir='ltr'><strong>disticho</strong></span> <span class='ocrx_word' id='word_1_388' title='bbox 1354 5599 1439 5673; x_wconf 76' lang='lat' dir='ltr'><strong>qui</strong></span> <span class='ocrx_word' id='word_1_389' title='bbox 1473 5600 1759 5673; x_wconf 89' lang='lat' dir='ltr'><strong>inscriptus</strong></span> <span class='ocrx_word' id='word_1_390' title='bbox 1791 5590 1867 5662; x_wconf 59' lang='lat' dir='ltr'><strong>le;</strong></span> 
     </span>
    </p>
   </div>
   <div class='ocr_carea' id='block_1_62' title="bbox 291 5661 1865 5744">
    <p class='ocr_par' dir='ltr' id='par_1_62' title="bbox 291 5661 1865 5744">
     <span class='ocr_line' id='line_1_62' title="bbox 291 5661 1865 5744; baseline 0.014 -34"><span class='ocrx_word' id='word_1_391' title='bbox 291 5670 442 5744; x_wconf 69' lang='lat' dir='ltr'><strong>gitur</strong></span> <span class='ocrx_word' id='word_1_392' title='bbox 468 5662 615 5744; x_wconf 75' lang='lat' dir='ltr'><strong>cruci</strong></span> <span class='ocrx_word' id='word_1_393' title='bbox 637 5661 1104 5744; x_wconf 43' lang='lat' dir='ltr'><strong>&#39;V‘i&#39;aticanze,quarn</strong></span> <span class='ocrx_word' id='word_1_394' title='bbox 1129 5661 1573 5744; x_wconf 45' lang='lat' dir='ltr'><strong>Justinus&#39;Junior</strong></span> <span class='ocrx_word' id='word_1_395' title='bbox 1593 5661 1865 5744; x_wconf 55' lang='lat' dir='ltr'><strong>et&#39;Sophia</strong></span> 
     </span>
    </p>
   </div>
   <div class='ocr_carea' id='block_1_63' title="bbox 290 5729 1865 5809">
    <p class='ocr_par' dir='ltr' id='par_1_63' title="bbox 290 5729 1865 5809">
     <span class='ocr_line' id='line_1_63' title="bbox 290 5729 1865 5809; baseline 0.011 -24"><span class='ocrx_word' id='word_1_396' title='bbox 290 5729 588 5809; x_wconf 70' lang='lat' dir='ltr'><strong>Aug._urbi</strong></span> <span class='ocrx_word' id='word_1_397' title='bbox 636 5729 835 5809; x_wconf 69' lang='lat' dir='ltr'><strong>Romae</strong></span> <span class='ocrx_word' id='word_1_398' title='bbox 870 5729 1073 5809; x_wconf 82' lang='lat' dir='ltr'><strong>muneri</strong></span> <span class='ocrx_word' id='word_1_399' title='bbox 1099 5736 1390 5809; x_wconf 73' lang='lat' dir='ltr'><strong>miserunt;</strong></span> <span class='ocrx_word' id='word_1_400' title='bbox 1438 5757 1700 5809; x_wconf 88' lang='lat' dir='ltr'><strong>quamque</strong></span> <span class='ocrx_word' id='word_1_401' title='bbox 1742 5729 1865 5801; x_wconf 65' lang='lat' dir='ltr'><strong>illa:</strong></span> 
     </span>
    </p>
   </div>
   <div class='ocr_carea' id='block_1_64' title="bbox 291 5802 1860 5885">
    <p class='ocr_par' dir='ltr' id='par_1_64' title="bbox 291 5802 1860 5885">
     <span class='ocr_line' id='line_1_64' title="bbox 291 5802 1860 5885; baseline 0.011 -29"><span class='ocrx_word' id='word_1_402' title='bbox 291 5804 489 5858; x_wconf 77' lang='lat' dir='ltr'><strong>stravit</strong></span> <span class='ocrx_word' id='word_1_403' title='bbox 513 5802 586 5857; x_wconf 90' lang='lat' dir='ltr'><strong>ci.</strong></span> <span class='ocrx_word' id='word_1_404' title='bbox 614 5813 671 5858; x_wconf 89' lang='lat' dir='ltr'><strong>et</strong></span> <span class='ocrx_word' id='word_1_405' title='bbox 697 5802 1035 5862; x_wconf 80' lang='lat' dir='ltr'><strong>doctissimus</strong></span> <span class='ocrx_word' id='word_1_406' title='bbox 1062 5807 1143 5865; x_wconf 89' lang='lat' dir='ltr'><strong>vir</strong></span> <span class='ocrx_word' id='word_1_407' title='bbox 1169 5802 1469 5879; x_wconf 78' lang='lat' dir='ltr'><strong>Stephanus</strong></span> <span class='ocrx_word' id='word_1_408' title='bbox 1517 5802 1705 5885; x_wconf 77' lang='lat' dir='ltr'><strong>Borgia</strong></span> <span class='ocrx_word' id='word_1_409' title='bbox 1749 5832 1860 5875; x_wconf 86' lang='lat' dir='ltr'><strong>sac.</strong></span> 
     </span>
    </p>
   </div>
   <div class='ocr_carea' id='block_1_65' title="bbox 1905 4543 1960 4606">
    <p class='ocr_par' dir='ltr' id='par_1_65' title="bbox 1905 4543 1960 4606">
     <span class='ocr_line' id='line_1_65' title="bbox 1905 4543 1960 4606; baseline 0 0"><span class='ocrx_word' id='word_1_410' title='bbox 1905 4543 1960 4606; x_wconf 83' lang='grc' dir='ltr'><strong>Ι)</strong></span> 
     </span>
    </p>
   </div>
   <div class='ocr_carea' id='block_1_66' title="bbox 1944 474 3387 559">
    <p class='ocr_par' dir='ltr' id='par_1_66' title="bbox 1944 474 3387 559">
     <span class='ocr_line' id='line_1_66' title="bbox 1944 474 3387 559; baseline 0.007 -27"><span class='ocrx_word' id='word_1_411' title='bbox 1944 478 1993 532; x_wconf 77' lang='grc' dir='ltr'><strong>Α</strong></span> <span class='ocrx_word' id='word_1_412' title='bbox 2024 474 2323 547; x_wconf 77' lang='lat' dir='ltr'><strong>Languidus</strong></span> <span class='ocrx_word' id='word_1_413' title='bbox 2353 491 2563 535; x_wconf 84' lang='lat' dir='ltr'><strong>arentes</strong></span> <span class='ocrx_word' id='word_1_414' title='bbox 2589 481 2793 559; x_wconf 77' lang='lat' dir='ltr'><strong>fugiens</strong></span> <span class='ocrx_word' id='word_1_415' title='bbox 2820 485 2903 537; x_wconf 76' lang='lat' dir='ltr'><strong>vix</strong></span> <span class='ocrx_word' id='word_1_416' title='bbox 2931 486 3162 552; x_wconf 81' lang='lat' dir='ltr'><strong>explicat</strong></span> <span class='ocrx_word' id='word_1_417' title='bbox 3194 491 3387 553; x_wconf 81' lang='lat' dir='ltr'><strong>undas,</strong></span> 
     </span>
    </p>
   </div>
   <div class='ocr_carea' id='block_1_67' title="bbox 2098 569 3205 645">
    <p class='ocr_par' dir='ltr' id='par_1_67' title="bbox 2098 569 3205 645">
     <span class='ocr_line' id='line_1_67' title="bbox 2098 569 3205 645; baseline 0.009 -23"><span class='ocrx_word' id='word_1_418' title='bbox 2098 569 2163 622; x_wconf 85' lang='lat' dir='ltr'><strong>Et</strong></span> <span class='ocrx_word' id='word_1_419' title='bbox 2193 586 2310 623; x_wconf 87' lang='lat' dir='ltr'><strong>cum</strong></span> <span class='ocrx_word' id='word_1_420' title='bbox 2342 572 2484 639; x_wconf 70' lang='lat' dir='ltr'><strong>pisce</strong></span> <span class='ocrx_word' id='word_1_421' title='bbox 2507 586 2604 626; x_wconf 90' lang='lat' dir='ltr'><strong>suo</strong></span> <span class='ocrx_word' id='word_1_422' title='bbox 2632 575 2851 645; x_wconf 64' lang='lat' dir='ltr'><strong>palpitat</strong></span> <span class='ocrx_word' id='word_1_423' title='bbox 2882 577 2995 643; x_wconf 90' lang='lat' dir='ltr'><strong>ipse</strong></span> <span class='ocrx_word' id='word_1_424' title='bbox 3024 578 3205 632; x_wconf 86' lang='lat' dir='ltr'><strong>simul.</strong></span> 
     </span>
    </p>
   </div>
   <div class='ocr_carea' id='block_1_68' title="bbox 2025 659 3303 739">
    <p class='ocr_par' dir='ltr' id='par_1_68' title="bbox 2025 659 3303 739">
     <span class='ocr_line' id='line_1_68' title="bbox 2025 659 3303 739; baseline 0.012 -27"><span class='ocrx_word' id='word_1_425' title='bbox 2025 659 2268 717; x_wconf 87' lang='lat' dir='ltr'><strong>Flumine</strong></span> <span class='ocrx_word' id='word_1_426' title='bbox 2295 665 2557 720; x_wconf 68' lang='lat' dir='ltr'><strong>subducno</strong></span> <span class='ocrx_word' id='word_1_427' title='bbox 2586 676 2838 723; x_wconf 77' lang='lat' dir='ltr'><strong>vacuatus</strong></span> <span class='ocrx_word' id='word_1_428' title='bbox 2867 670 3054 724; x_wconf 90' lang='lat' dir='ltr'><strong>lambit</strong></span> <span class='ocrx_word' id='word_1_429' title='bbox 3088 688 3303 739; x_wconf 89' lang='lat' dir='ltr'><strong>arenas,</strong></span> 
     </span>
    </p>
   </div>
   <div class='ocr_carea' id='block_1_69' title="bbox 2095 756 3290 832">
    <p class='ocr_par' dir='ltr' id='par_1_69' title="bbox 2095 756 3290 832">
     <span class='ocr_line' id='line_1_69' title="bbox 2095 756 3290 832; baseline 0.01 -23"><span class='ocrx_word' id='word_1_430' title='bbox 2095 756 2323 810; x_wconf 88' lang='lat' dir='ltr'><strong>Sedibus</strong></span> <span class='ocrx_word' id='word_1_431' title='bbox 2355 757 2405 811; x_wconf 92' lang='lat' dir='ltr'><strong>in</strong></span> <span class='ocrx_word' id='word_1_432' title='bbox 2438 761 2666 828; x_wconf 87' lang='lat' dir='ltr'><strong>propriis</strong></span> <span class='ocrx_word' id='word_1_433' title='bbox 2693 765 2843 816; x_wconf 90' lang='lat' dir='ltr'><strong>exsul</strong></span> <span class='ocrx_word' id='word_1_434' title='bbox 2873 765 3087 819; x_wconf 87' lang='lat' dir='ltr'><strong>oberrat</strong></span> <span class='ocrx_word' id='word_1_435' title='bbox 3116 768 3290 832; x_wconf 89' lang='lat' dir='ltr'><strong>aquis.</strong></span> 
     </span>
    </p>
   </div>
   <div class='ocr_carea' id='block_1_70' title="bbox 2022 845 3347 924">
    <p class='ocr_par' dir='ltr' id='par_1_70' title="bbox 2022 845 3347 924">
     <span class='ocr_line' id='line_1_70' title="bbox 2022 845 3347 924; baseline 0.011 -25"><span class='ocrx_word' id='word_1_436' title='bbox 2022 845 2078 899; x_wconf 91' lang='lat' dir='ltr'><strong>ln</strong></span> <span class='ocrx_word' id='word_1_437' title='bbox 2111 846 2259 915; x_wconf 82' lang='lat' dir='ltr'><strong>limo,</strong></span> <span class='ocrx_word' id='word_1_438' title='bbox 2295 849 2555 919; x_wconf 82' lang='lat' dir='ltr'><strong>migrante</strong></span> <span class='ocrx_word' id='word_1_439' title='bbox 2578 852 2717 919; x_wconf 89' lang='lat' dir='ltr'><strong>lacu,</strong></span> <span class='ocrx_word' id='word_1_440' title='bbox 2741 856 3073 911; x_wconf 88' lang='lat' dir='ltr'><strong>consumitur</strong></span> <span class='ocrx_word' id='word_1_441' title='bbox 3101 856 3116 907; x_wconf 87' lang='lat' dir='ltr'><strong>i</strong></span> <span class='ocrx_word' id='word_1_442' title='bbox 3152 861 3347 924; x_wconf 84' lang='lat' dir='ltr'><strong>amnis,</strong></span> 
     </span>
    </p>
   </div>
   <div class='ocr_carea' id='block_1_71' title="bbox 2093 940 3352 1021">
    <p class='ocr_par' dir='ltr' id='par_1_71' title="bbox 2093 940 3352 1021">
     <span class='ocr_line' id='line_1_71' title="bbox 2093 940 3352 1021; baseline 0.014 -32"><span class='ocrx_word' id='word_1_443' title='bbox 2093 940 2362 1008; x_wconf 83' lang='lat' dir='ltr'><strong>Terraque</strong></span> <span class='ocrx_word' id='word_1_444' title='bbox 2391 942 2445 995; x_wconf 87' lang='lat' dir='ltr'><strong>iit</strong></span> <span class='ocrx_word' id='word_1_445' title='bbox 2475 945 2697 1011; x_wconf 73' lang='lat' dir='ltr'><strong>sterilis,</strong></span> <span class='ocrx_word' id='word_1_446' title='bbox 2732 962 2838 1014; x_wconf 89' lang='lat' dir='ltr'><strong>quo</strong></span> <span class='ocrx_word' id='word_1_447' title='bbox 2868 948 2965 1002; x_wconf 80' lang='lat' dir='ltr'><strong>fuit</strong></span> <span class='ocrx_word' id='word_1_448' title='bbox 2998 950 3137 1004; x_wconf 90' lang='lat' dir='ltr'><strong>unda</strong></span> <span class='ocrx_word' id='word_1_449' title='bbox 3162 965 3352 1021; x_wconf 80' lang='lat' dir='ltr'><strong>rapax.</strong></span> 
     </span>
    </p>
   </div>
   <div class='ocr_carea' id='block_1_72' title="bbox 2022 1027 3090 1108">
    <p class='ocr_par' dir='ltr' id='par_1_72' title="bbox 2022 1027 3090 1108">
     <span class='ocr_line' id='line_1_72' title="bbox 2022 1027 3090 1108; baseline 0.013 -27"><span class='ocrx_word' id='word_1_450' title='bbox 2022 1027 2279 1083; x_wconf 79' lang='lat' dir='ltr'><strong>Deﬁciunt</strong></span> <span class='ocrx_word' id='word_1_451' title='bbox 2306 1044 2423 1086; x_wconf 90' lang='lat' dir='ltr'><strong>usto</strong></span> <span class='ocrx_word' id='word_1_452' title='bbox 2450 1035 2637 1088; x_wconf 89' lang='lat' dir='ltr'><strong>solatia</strong></span> <span class='ocrx_word' id='word_1_453' title='bbox 2669 1047 2859 1091; x_wconf 90' lang='lat' dir='ltr'><strong>cuncta</strong></span> <span class='ocrx_word' id='word_1_454' title='bbox 2894 1041 3090 1108; x_wconf 85' lang='lat' dir='ltr'><strong>rigore,</strong></span> 
     </span>
    </p>
   </div>
   <div class='ocr_carea' id='block_1_73' title="bbox 2092 1121 3355 1203">
    <p class='ocr_par' dir='ltr' id='par_1_73' title="bbox 2092 1121 3355 1203">
     <span class='ocr_line' id='line_1_73' title="bbox 2092 1121 3355 1203; baseline 0.01 -30"><span class='ocrx_word' id='word_1_455' title='bbox 2092 1121 2316 1175; x_wconf 78' lang='lat' dir='ltr'><strong>Numine</strong></span> <span class='ocrx_word' id='word_1_456' title='bbox 2344 1140 2465 1177; x_wconf 88' lang='lat' dir='ltr'><strong>cum</strong></span> <span class='ocrx_word' id='word_1_457' title='bbox 2500 1128 2714 1195; x_wconf 81' lang='lat' dir='ltr'><strong>preprio</strong></span> <span class='ocrx_word' id='word_1_458' title='bbox 2746 1129 2932 1193; x_wconf 90' lang='lat' dir='ltr'><strong>tristis,</strong></span> <span class='ocrx_word' id='word_1_459' title='bbox 2964 1140 3019 1185; x_wconf 90' lang='lat' dir='ltr'><strong>et</strong></span> <span class='ocrx_word' id='word_1_460' title='bbox 3046 1147 3189 1201; x_wconf 76' lang='lat' dir='ltr'><strong>:eger</strong></span> <span class='ocrx_word' id='word_1_461' title='bbox 3214 1142 3355 1203; x_wconf 86' lang='lat' dir='ltr'><strong>eget.</strong></span> 
     </span>
    </p>
   </div>
   <div class='ocr_carea' id='block_1_74' title="bbox 2020 1214 3483 1291">
    <p class='ocr_par' dir='ltr' id='par_1_74' title="bbox 2020 1214 3483 1291">
     <span class='ocr_line' id='line_1_74' title="bbox 2020 1214 3483 1291; baseline 0.01 -25"><span class='ocrx_word' id='word_1_462' title='bbox 2020 1214 2180 1268; x_wconf 73' lang='lat' dir='ltr'><strong>Forte</strong></span> <span class='ocrx_word' id='word_1_463' title='bbox 2212 1216 2400 1279; x_wconf 89' lang='lat' dir='ltr'><strong>viator,</strong></span> <span class='ocrx_word' id='word_1_464' title='bbox 2435 1220 2534 1271; x_wconf 85' lang='lat' dir='ltr'><strong>iter</strong></span> <span class='ocrx_word' id='word_1_465' title='bbox 2563 1220 2837 1288; x_wconf 85' lang='lat' dir='ltr'><strong>gradiens,</strong></span> <span class='ocrx_word' id='word_1_466' title='bbox 2870 1238 2972 1275; x_wconf 91' lang='lat' dir='ltr'><strong>non</strong></span> <span class='ocrx_word' id='word_1_467' title='bbox 3007 1222 3213 1279; x_wconf 75' lang='lat' dir='ltr'><strong>invenit</strong></span> <span class='ocrx_word' id='word_1_468' title='bbox 3245 1228 3483 1291; x_wconf 83' lang='lat' dir='ltr'><strong>haustus,</strong></span> 
     </span>
    </p>
   </div>
   <div class='ocr_carea' id='block_1_75' title="bbox 2093 1308 3221 1383">
    <p class='ocr_par' dir='ltr' id='par_1_75' title="bbox 2093 1308 3221 1383">
     <span class='ocr_line' id='line_1_75' title="bbox 2093 1308 3221 1383; baseline 0.011 -24"><span class='ocrx_word' id='word_1_469' title='bbox 2093 1308 2243 1369; x_wconf 86' lang='lat' dir='ltr'><strong>Unde</strong></span> <span class='ocrx_word' id='word_1_470' title='bbox 2268 1309 2399 1363; x_wconf 89' lang='lat' dir='ltr'><strong>alios</strong></span> <span class='ocrx_word' id='word_1_471' title='bbox 2430 1322 2653 1377; x_wconf 77' lang='lat' dir='ltr'><strong>recreet,</strong></span> <span class='ocrx_word' id='word_1_472' title='bbox 2689 1316 2775 1382; x_wconf 88' lang='lat' dir='ltr'><strong>qui</strong></span> <span class='ocrx_word' id='word_1_473' title='bbox 2806 1315 2916 1369; x_wconf 90' lang='lat' dir='ltr'><strong>sitit</strong></span> <span class='ocrx_word' id='word_1_474' title='bbox 2947 1316 3059 1383; x_wconf 89' lang='lat' dir='ltr'><strong>ipse</strong></span> <span class='ocrx_word' id='word_1_475' title='bbox 3088 1319 3221 1381; x_wconf 85' lang='lat' dir='ltr'><strong>sibi,</strong></span> 
     </span>
    </p>
   </div>
   <div class='ocr_carea' id='block_1_76' title="bbox 2018 1400 3291 1475">
    <p class='ocr_par' dir='ltr' id='par_1_76' title="bbox 2018 1400 3291 1475">
     <span class='ocr_line' id='line_1_76' title="bbox 2018 1400 3291 1475; baseline 0.007 -22"><span class='ocrx_word' id='word_1_476' title='bbox 2018 1400 2089 1455; x_wconf 91' lang='lat' dir='ltr'><strong>Se</strong></span> <span class='ocrx_word' id='word_1_477' title='bbox 2115 1401 2259 1468; x_wconf 83' lang='lat' dir='ltr'><strong>cupit</strong></span> <span class='ocrx_word' id='word_1_478' title='bbox 2287 1400 2489 1455; x_wconf 80' lang='lat' dir='ltr'><strong>infundi</strong></span> <span class='ocrx_word' id='word_1_479' title='bbox 2521 1402 2732 1467; x_wconf 86' lang='lat' dir='ltr'><strong>ﬂuvius,</strong></span> <span class='ocrx_word' id='word_1_480' title='bbox 2767 1406 2811 1458; x_wconf 91' lang='lat' dir='ltr'><strong>si</strong></span> <span class='ocrx_word' id='word_1_481' title='bbox 2845 1409 3071 1475; x_wconf 86' lang='lat' dir='ltr'><strong>porrigis</strong></span> <span class='ocrx_word' id='word_1_482' title='bbox 3101 1409 3291 1469; x_wconf 87' lang='lat' dir='ltr'><strong>undas,</strong></span> 
     </span>
    </p>
   </div>
   <div class='ocr_carea' id='block_1_77' title="bbox 2091 1489 3489 1563">
    <p class='ocr_par' dir='ltr' id='par_1_77' title="bbox 2091 1489 3489 1563">
     <span class='ocr_line' id='line_1_77' title="bbox 2091 1489 3489 1563; baseline 0.006 -19"><span class='ocrx_word' id='word_1_483' title='bbox 2091 1489 2145 1544; x_wconf 88' lang='lat' dir='ltr'><strong>Si</strong></span> <span class='ocrx_word' id='word_1_484' title='bbox 2182 1500 2355 1545; x_wconf 88' lang='lat' dir='ltr'><strong>tamen</strong></span> <span class='ocrx_word' id='word_1_485' title='bbox 2389 1504 2466 1544; x_wconf 91' lang='lat' dir='ltr'><strong>est</strong></span> <span class='ocrx_word' id='word_1_486' title='bbox 2498 1491 2710 1557; x_wconf 88' lang='lat' dir='ltr'><strong>ﬂuvius,</strong></span> <span class='ocrx_word' id='word_1_487' title='bbox 2733 1510 2888 1563; x_wconf 86' lang='lat' dir='ltr'><strong>quem</strong></span> <span class='ocrx_word' id='word_1_488' title='bbox 2915 1497 3229 1551; x_wconf 63' lang='lat' dir='ltr'><strong>niadei’actat</strong></span> <span class='ocrx_word' id='word_1_489' title='bbox 3256 1496 3281 1537; x_wconf 64' lang='grc' dir='ltr'><strong>κ</strong></span> <span class='ocrx_word' id='word_1_490' title='bbox 3310 1499 3489 1553; x_wconf 87' lang='lat' dir='ltr'><strong>homo.</strong></span> 
     </span>
    </p>
   </div>
   <div class='ocr_carea' id='block_1_78' title="bbox 2016 1590 3566 1672">
    <p class='ocr_par' dir='ltr' id='par_1_78' title="bbox 2016 1590 3566 1672">
     <span class='ocr_line' id='line_1_78' title="bbox 2016 1590 3566 1672; baseline 0.006 -26"><span class='ocrx_word' id='word_1_491' title='bbox 2016 1592 2250 1659; x_wconf 77' lang='lat' dir='ltr'><strong>Gurgitis</strong></span> <span class='ocrx_word' id='word_1_492' title='bbox 2272 1590 2558 1660; x_wconf 85' lang='lat' dir='ltr'><strong>impressas</strong></span> <span class='ocrx_word' id='word_1_493' title='bbox 2588 1593 2771 1649; x_wconf 89' lang='lat' dir='ltr'><strong>labens</strong></span> <span class='ocrx_word' id='word_1_494' title='bbox 2803 1594 2957 1667; x_wconf 76' lang='lat' dir='ltr'><strong>[Ma.,</strong></span> <span class='ocrx_word' id='word_1_495' title='bbox 2978 1596 3255 1672; x_wconf 85' lang='lat' dir='ltr'><strong>lambens]</strong></span> <span class='ocrx_word' id='word_1_496' title='bbox 3280 1609 3393 1654; x_wconf 88' lang='lat' dir='ltr'><strong>rota</strong></span> <span class='ocrx_word' id='word_1_497' title='bbox 3418 1602 3566 1670; x_wconf 82' lang='lat' dir='ltr'><strong>signa</strong></span> 
     </span>
    </p>
   </div>
   <div class='ocr_carea' id='block_1_79' title="bbox 2088 1777 3196 1847">
    <p class='ocr_par' dir='ltr' id='par_1_79' title="bbox 2088 1777 3196 1847">
     <span class='ocr_line' id='line_1_79' title="bbox 2088 1777 3196 1847; baseline 0.008 -20"><span class='ocrx_word' id='word_1_498' title='bbox 2088 1779 2261 1841; x_wconf 83' lang='lat' dir='ltr'><strong>Atque</strong></span> <span class='ocrx_word' id='word_1_499' title='bbox 2290 1777 2603 1831; x_wconf 87' lang='lat' dir='ltr'><strong>resudantes</strong></span> <span class='ocrx_word' id='word_1_500' title='bbox 2628 1778 2803 1832; x_wconf 88' lang='lat' dir='ltr'><strong>orbita</strong></span> <span class='ocrx_word' id='word_1_501' title='bbox 2835 1779 2977 1833; x_wconf 86' lang='lat' dir='ltr'><strong>sistit</strong></span> <span class='ocrx_word' id='word_1_502' title='bbox 3005 1796 3196 1847; x_wconf 87' lang='lat' dir='ltr'><strong>aquas.</strong></span> 
     </span>
    </p>
   </div>
   <div class='ocr_carea' id='block_1_80' title="bbox 1944 1844 3469 1941">
    <p class='ocr_par' dir='ltr' id='par_1_80' title="bbox 1944 1844 3469 1941">
     <span class='ocr_line' id='line_1_80' title="bbox 1944 1844 3469 1941; baseline 0.005 -21"><span class='ocrx_word' id='word_1_503' title='bbox 1944 1844 1991 1903; x_wconf 78' lang='grc' dir='ltr'><strong>Β</strong></span> <span class='ocrx_word' id='word_1_504' title='bbox 2017 1867 2072 1921; x_wconf 82' lang='lat' dir='ltr'><strong>Si</strong></span> <span class='ocrx_word' id='word_1_505' title='bbox 2101 1869 2281 1921; x_wconf 79' lang='lat' dir='ltr'><strong>venias</strong></span> <span class='ocrx_word' id='word_1_506' title='bbox 2312 1868 2599 1938; x_wconf 87' lang='lat' dir='ltr'><strong>equitando</strong></span> <span class='ocrx_word' id='word_1_507' title='bbox 2629 1871 2768 1925; x_wconf 93' lang='lat' dir='ltr'><strong>viam</strong></span> <span class='ocrx_word' id='word_1_508' title='bbox 2798 1880 2837 1907; x_wconf 70' lang='grc'>³</span> <span class='ocrx_word' id='word_1_509' title='bbox 2869 1873 2969 1926; x_wconf 89' lang='lat' dir='ltr'><strong>sub</strong></span> <span class='ocrx_word' id='word_1_510' title='bbox 2999 1880 3241 1941; x_wconf 89' lang='lat' dir='ltr'><strong>tempore</strong></span> <span class='ocrx_word' id='word_1_511' title='bbox 3267 1874 3469 1941; x_wconf 79' lang='lat' dir='ltr'><strong>cancri,</strong></span> 
     </span>
    </p>
   </div>
   <div class='ocr_carea' id='block_1_81' title="bbox 2088 1958 3343 2033">
    <p class='ocr_par' dir='ltr' id='par_1_81' title="bbox 2088 1958 3343 2033">
     <span class='ocr_line' id='line_1_81' title="bbox 2088 1958 3343 2033; baseline 0.007 -23"><span class='ocrx_word' id='word_1_512' title='bbox 2088 1958 2184 2011; x_wconf 87' lang='lat' dir='ltr'><strong>Vix</strong></span> <span class='ocrx_word' id='word_1_513' title='bbox 2222 1969 2395 2014; x_wconf 85' lang='lat' dir='ltr'><strong>tamen</strong></span> <span class='ocrx_word' id='word_1_514' title='bbox 2426 1962 2682 2015; x_wconf 73' lang='lat' dir='ltr'><strong>insidians</strong></span> <span class='ocrx_word' id='word_1_515' title='bbox 2711 1971 2737 1998; x_wconf 79' lang='grc' dir='ltr'><strong>ει</strong></span> <span class='ocrx_word' id='word_1_516' title='bbox 2768 1964 2959 2032; x_wconf 92' lang='lat' dir='ltr'><strong>ungula</strong></span> <span class='ocrx_word' id='word_1_517' title='bbox 2988 1967 3175 2032; x_wconf 88' lang='lat' dir='ltr'><strong>mergit</strong></span> <span class='ocrx_word' id='word_1_518' title='bbox 3198 1968 3343 2033; x_wconf 85' lang='lat' dir='ltr'><strong>equi.</strong></span> 
     </span>
    </p>
   </div>
   <div class='ocr_carea' id='block_1_82' title="bbox 2015 2050 3286 2125">
    <p class='ocr_par' dir='ltr' id='par_1_82' title="bbox 2015 2050 3286 2125">
     <span class='ocr_line' id='line_1_82' title="bbox 2015 2050 3286 2125; baseline 0.006 -21"><span class='ocrx_word' id='word_1_519' title='bbox 2015 2050 2256 2106; x_wconf 75' lang='lat' dir='ltr'><strong>Vidimus</strong></span> <span class='ocrx_word' id='word_1_520' title='bbox 2285 2055 2534 2123; x_wconf 87' lang='lat' dir='ltr'><strong>exiguum</strong></span> <span class='ocrx_word' id='word_1_521' title='bbox 2566 2053 2633 2109; x_wconf 89' lang='lat' dir='ltr'><strong>de</strong></span> <span class='ocrx_word' id='word_1_522' title='bbox 2656 2054 2783 2108; x_wconf 89' lang='lat' dir='ltr'><strong>limo</strong></span> <span class='ocrx_word' id='word_1_523' title='bbox 2814 2070 3034 2123; x_wconf 88' lang='lat' dir='ltr'><strong>surgere</strong></span> <span class='ocrx_word' id='word_1_524' title='bbox 3064 2056 3286 2125; x_wconf 89' lang='lat' dir='ltr'><strong>piscem.</strong></span> 
     </span>
    </p>
   </div>
   <div class='ocr_carea' id='block_1_83' title="bbox 2082 2142 3348 2214">
    <p class='ocr_par' dir='ltr' id='par_1_83' title="bbox 2082 2142 3348 2214">
     <span class='ocr_line' id='line_1_83' title="bbox 2082 2142 3348 2214; baseline 0.007 -21"><span class='ocrx_word' id='word_1_525' title='bbox 2082 2142 2180 2209; x_wconf 84' lang='lat' dir='ltr'><strong>Qui</strong></span> <span class='ocrx_word' id='word_1_526' title='bbox 2213 2144 2473 2199; x_wconf 88' lang='lat' dir='ltr'><strong>retinente</strong></span> <span class='ocrx_word' id='word_1_527' title='bbox 2505 2145 2637 2209; x_wconf 90' lang='lat' dir='ltr'><strong>luto,</strong></span> <span class='ocrx_word' id='word_1_528' title='bbox 2669 2152 2956 2214; x_wconf 75' lang='lat' dir='ltr'><strong>nautragus</strong></span> <span class='ocrx_word' id='word_1_529' title='bbox 2984 2158 3129 2201; x_wconf 90' lang='lat' dir='ltr'><strong>errat</strong></span> <span class='ocrx_word' id='word_1_530' title='bbox 3162 2148 3348 2203; x_wconf 88' lang='lat' dir='ltr'><strong>humo.</strong></span> 
     </span>
    </p>
   </div>
   <div class='ocr_carea' id='block_1_84' title="bbox 2083 2336 3245 2412">
    <p class='ocr_par' dir='ltr' id='par_1_84' title="bbox 2083 2336 3245 2412">
     <span class='ocr_line' id='line_1_84' title="bbox 2083 2336 3245 2412; baseline 0.007 -21"><span class='ocrx_word' id='word_1_531' title='bbox 2083 2336 2327 2392; x_wconf 86' lang='lat' dir='ltr'><strong>Piscibus</strong></span> <span class='ocrx_word' id='word_1_532' title='bbox 2358 2339 2645 2394; x_wconf 89' lang='lat' dir='ltr'><strong>inhabilem</strong></span> <span class='ocrx_word' id='word_1_533' title='bbox 2677 2341 2857 2395; x_wconf 89' lang='lat' dir='ltr'><strong>nullus</strong></span> <span class='ocrx_word' id='word_1_534' title='bbox 2885 2356 3041 2398; x_wconf 89' lang='lat' dir='ltr'><strong>arare</strong></span> <span class='ocrx_word' id='word_1_535' title='bbox 3069 2353 3245 2412; x_wconf 88' lang='lat' dir='ltr'><strong>potest</strong></span> 
     </span>
    </p>
   </div>
   <div class='ocr_carea' id='block_1_85' title="bbox 2012 2429 3443 2504">
    <p class='ocr_par' dir='ltr' id='par_1_85' title="bbox 2012 2429 3443 2504">
     <span class='ocr_line' id='line_1_85' title="bbox 2012 2429 3443 2504; baseline 0.007 -19"><span class='ocrx_word' id='word_1_536' title='bbox 2012 2429 2137 2485; x_wconf 85' lang='lat' dir='ltr'><strong>Sola</strong></span> <span class='ocrx_word' id='word_1_537' title='bbox 2173 2430 2364 2499; x_wconf 89' lang='lat' dir='ltr'><strong>palude</strong></span> <span class='ocrx_word' id='word_1_538' title='bbox 2391 2443 2582 2487; x_wconf 90' lang='lat' dir='ltr'><strong>natans</strong></span> <span class='ocrx_word' id='word_1_539' title='bbox 2608 2436 2860 2503; x_wconf 90' lang='lat' dir='ltr'><strong>querulos</strong></span> <span class='ocrx_word' id='word_1_540' title='bbox 2892 2436 2982 2490; x_wconf 90' lang='lat' dir='ltr'><strong>dat</strong></span> <span class='ocrx_word' id='word_1_541' title='bbox 3012 2452 3139 2491; x_wconf 89' lang='lat' dir='ltr'><strong>rana</strong></span> <span class='ocrx_word' id='word_1_542' title='bbox 3171 2453 3443 2504; x_wconf 86' lang='lat' dir='ltr'><strong>susurros,</strong></span> 
     </span>
    </p>
   </div>
   <div class='ocr_carea' id='block_1_86' title="bbox 2080 2530 3234 2609">
    <p class='ocr_par' dir='ltr' id='par_1_86' title="bbox 2080 2530 3234 2609">
     <span class='ocr_line' id='line_1_86' title="bbox 2080 2530 3234 2609; baseline 0.008 -24"><span class='ocrx_word' id='word_1_543' title='bbox 2080 2530 2323 2586; x_wconf 81' lang='lat' dir='ltr'><strong>Piscibus</strong></span> <span class='ocrx_word' id='word_1_544' title='bbox 2353 2533 2588 2589; x_wconf 79' lang='lat' dir='ltr'><strong>exclusis</strong></span> <span class='ocrx_word' id='word_1_545' title='bbox 2618 2534 2821 2590; x_wconf 89' lang='lat' dir='ltr'><strong>advena</strong></span> <span class='ocrx_word' id='word_1_546' title='bbox 2847 2547 3036 2606; x_wconf 87' lang='lat' dir='ltr'><strong>regnat</strong></span> <span class='ocrx_word' id='word_1_547' title='bbox 3059 2540 3234 2609; x_wconf 88' lang='lat' dir='ltr'><strong>aquis.</strong></span> 
     </span>
    </p>
   </div>
   <div class='ocr_carea' id='block_1_87' title="bbox 2009 2622 3243 2698">
    <p class='ocr_par' dir='ltr' id='par_1_87' title="bbox 2009 2622 3243 2698">
     <span class='ocr_line' id='line_1_87' title="bbox 2009 2622 3243 2698; baseline 0.006 -22"><span class='ocrx_word' id='word_1_548' title='bbox 2009 2622 2078 2676; x_wconf 79' lang='lat' dir='ltr'><strong>At</strong></span> <span class='ocrx_word' id='word_1_549' title='bbox 2103 2623 2144 2675; x_wconf 86' lang='lat' dir='ltr'><strong>si</strong></span> <span class='ocrx_word' id='word_1_550' title='bbox 2178 2624 2314 2677; x_wconf 81' lang='lat' dir='ltr'><strong>forte</strong></span> <span class='ocrx_word' id='word_1_551' title='bbox 2344 2623 2469 2677; x_wconf 89' lang='lat' dir='ltr'><strong>ﬂuat</strong></span> <span class='ocrx_word' id='word_1_552' title='bbox 2495 2625 2670 2680; x_wconf 90' lang='lat' dir='ltr'><strong>tenuis</strong></span> <span class='ocrx_word' id='word_1_553' title='bbox 2695 2626 2762 2681; x_wconf 92' lang='lat' dir='ltr'><strong>de</strong></span> <span class='ocrx_word' id='word_1_554' title='bbox 2795 2628 3025 2682; x_wconf 90' lang='lat' dir='ltr'><strong>nubibus</strong></span> <span class='ocrx_word' id='word_1_555' title='bbox 3050 2629 3243 2698; x_wconf 81' lang='lat' dir='ltr'><strong>imber,</strong></span> 
     </span>
    </p>
   </div>
   <div class='ocr_carea' id='block_1_88' title="bbox 2082 2714 3335 2787">
    <p class='ocr_par' dir='ltr' id='par_1_88' title="bbox 2082 2714 3335 2787">
     <span class='ocr_line' id='line_1_88' title="bbox 2082 2714 3335 2787; baseline 0.009 -21"><span class='ocrx_word' id='word_1_556' title='bbox 2082 2714 2177 2768; x_wconf 77' lang='lat' dir='ltr'><strong>\‘ix</strong></span> <span class='ocrx_word' id='word_1_557' title='bbox 2210 2716 2345 2783; x_wconf 90' lang='lat' dir='ltr'><strong>pluit</strong></span> <span class='ocrx_word' id='word_1_558' title='bbox 2369 2716 2420 2769; x_wconf 92' lang='lat' dir='ltr'><strong>in</strong></span> <span class='ocrx_word' id='word_1_559' title='bbox 2455 2718 2631 2784; x_wconf 88' lang='lat' dir='ltr'><strong>terris,</strong></span> <span class='ocrx_word' id='word_1_560' title='bbox 2661 2717 2772 2787; x_wconf 89' lang='lat' dir='ltr'><strong>jam</strong></span> <span class='ocrx_word' id='word_1_561' title='bbox 2805 2732 2973 2775; x_wconf 89' lang='lat' dir='ltr'><strong>tumet</strong></span> <span class='ocrx_word' id='word_1_562' title='bbox 3006 2722 3106 2777; x_wconf 85' lang='lat' dir='ltr'><strong>iste</strong></span> <span class='ocrx_word' id='word_1_563' title='bbox 3136 2724 3335 2779; x_wconf 85' lang='lat' dir='ltr'><strong>minax.</strong></span> 
     </span>
    </p>
   </div>
   <div class='ocr_carea' id='block_1_89' title="bbox 2004 2804 3241 2879">
    <p class='ocr_par' dir='ltr' id='par_1_89' title="bbox 2004 2804 3241 2879">
     <span class='ocr_line' id='line_1_89' title="bbox 2004 2804 3241 2879; baseline 0.008 -21"><span class='ocrx_word' id='word_1_564' title='bbox 2004 2804 2254 2875; x_wconf 88' lang='lat' dir='ltr'><strong>Ingentes</strong></span> <span class='ocrx_word' id='word_1_565' title='bbox 2276 2810 2483 2863; x_wconf 91' lang='lat' dir='ltr'><strong>animos</strong></span> <span class='ocrx_word' id='word_1_566' title='bbox 2513 2824 2672 2879; x_wconf 87' lang='lat' dir='ltr'><strong>parva</strong></span> <span class='ocrx_word' id='word_1_567' title='bbox 2704 2811 2771 2866; x_wconf 91' lang='lat' dir='ltr'><strong>de</strong></span> <span class='ocrx_word' id='word_1_568' title='bbox 2803 2812 2942 2867; x_wconf 90' lang='lat' dir='ltr'><strong>nube</strong></span> <span class='ocrx_word' id='word_1_569' title='bbox 2971 2817 3200 2871; x_wconf 83' lang='lat' dir='ltr'><strong>resnmit</strong></span> <span class='ocrx_word' id='word_1_570' title='bbox 3229 2834 3241 2868; x_wconf 90' lang='lat'><strong>:</strong></span> 
     </span>
    </p>
   </div>
   <div class='ocr_carea' id='block_1_90' title="bbox 2079 2899 3229 2973">
    <p class='ocr_par' dir='ltr' id='par_1_90' title="bbox 2079 2899 3229 2973">
     <span class='ocr_line' id='line_1_90' title="bbox 2079 2899 3229 2973; baseline 0.009 -22"><span class='ocrx_word' id='word_1_571' title='bbox 2079 2899 2161 2951; x_wconf 87' lang='lat' dir='ltr'><strong>Fit</strong></span> <span class='ocrx_word' id='word_1_572' title='bbox 2186 2900 2363 2953; x_wconf 90' lang='lat' dir='ltr'><strong>subito</strong></span> <span class='ocrx_word' id='word_1_573' title='bbox 2394 2901 2633 2971; x_wconf 88' lang='lat' dir='ltr'><strong>pelagus,</strong></span> <span class='ocrx_word' id='word_1_574' title='bbox 2667 2903 2759 2973; x_wconf 91' lang='lat' dir='ltr'><strong>qui</strong></span> <span class='ocrx_word' id='word_1_575' title='bbox 2788 2904 2883 2958; x_wconf 80' lang='lat' dir='ltr'><strong>fuit</strong></span> <span class='ocrx_word' id='word_1_576' title='bbox 2908 2915 3035 2960; x_wconf 89' lang='lat' dir='ltr'><strong>ante</strong></span> <span class='ocrx_word' id='word_1_577' title='bbox 3061 2906 3229 2961; x_wconf 88' lang='lat' dir='ltr'><strong>lacus.</strong></span> 
     </span>
    </p>
   </div>
   <div class='ocr_carea' id='block_1_91' title="bbox 2006 2988 3277 3066">
    <p class='ocr_par' dir='ltr' id='par_1_91' title="bbox 2006 2988 3277 3066">
     <span class='ocr_line' id='line_1_91' title="bbox 2006 2988 3277 3066; baseline 0.009 -27"><span class='ocrx_word' id='word_1_578' title='bbox 2006 2988 2273 3043; x_wconf 86' lang='lat' dir='ltr'><strong>Turbidus</strong></span> <span class='ocrx_word' id='word_1_579' title='bbox 2305 2990 2581 3054; x_wconf 88' lang='lat' dir='ltr'><strong>incedens,</strong></span> <span class='ocrx_word' id='word_1_580' title='bbox 2617 2994 2773 3047; x_wconf 91' lang='lat' dir='ltr'><strong>undis</strong></span> <span class='ocrx_word' id='word_1_581' title='bbox 2797 3005 2918 3065; x_wconf 87' lang='lat' dir='ltr'><strong>eget</strong></span> <span class='ocrx_word' id='word_1_582' title='bbox 2950 2996 3064 3066; x_wconf 90' lang='lat' dir='ltr'><strong>ipse</strong></span> <span class='ocrx_word' id='word_1_583' title='bbox 3089 2998 3277 3063; x_wconf 84' lang='lat' dir='ltr'><strong>lavari,</strong></span> 
     </span>
    </p>
   </div>
   <div class='ocr_carea' id='block_1_92' title="bbox 2077 3078 3363 3151">
    <p class='ocr_par' dir='ltr' id='par_1_92' title="bbox 2077 3078 3363 3151">
     <span class='ocr_line' id='line_1_92' title="bbox 2077 3078 3363 3151; baseline 0.012 -19"><span class='ocrx_word' id='word_1_584' title='bbox 2077 3078 2299 3149; x_wconf 89' lang='lat' dir='ltr'><strong>Semper</strong></span> <span class='ocrx_word' id='word_1_585' title='bbox 2323 3082 2620 3151; x_wconf 60' lang='lat' dir='ltr'><strong>inatqualis,</strong></span> <span class='ocrx_word' id='word_1_586' title='bbox 2649 3087 2734 3140; x_wconf 90' lang='lat' dir='ltr'><strong>cui</strong></span> <span class='ocrx_word' id='word_1_587' title='bbox 2766 3095 2792 3123; x_wconf 74' lang='grc' dir='ltr'><strong>θ</strong></span> <span class='ocrx_word' id='word_1_588' title='bbox 2818 3088 2952 3143; x_wconf 91' lang='lat' dir='ltr'><strong>nihil</strong></span> <span class='ocrx_word' id='word_1_589' title='bbox 2982 3099 3073 3143; x_wconf 88' lang='lat' dir='ltr'><strong>aut</strong></span> <span class='ocrx_word' id='word_1_590' title='bbox 3102 3090 3233 3145; x_wconf 89' lang='lat' dir='ltr'><strong>satis</strong></span> <span class='ocrx_word' id='word_1_591' title='bbox 3258 3100 3363 3147; x_wconf 91' lang='lat' dir='ltr'><strong>est.</strong></span> 
     </span>
    </p>
   </div>
   <div class='ocr_carea' id='block_1_93' title="bbox 1930 3171 3339 3249">
    <p class='ocr_par' dir='ltr' id='par_1_93' title="bbox 1930 3171 3339 3249">
     <span class='ocr_line' id='line_1_93' title="bbox 1930 3171 3339 3249; baseline 0.009 -25"><span class='ocrx_word' id='word_1_592' title='bbox 1930 3180 1976 3241; x_wconf 74' lang='grc' dir='ltr'>ρ</span> <span class='ocrx_word' id='word_1_593' title='bbox 2008 3171 2119 3225; x_wconf 80' lang='lat' dir='ltr'><strong>Non</strong></span> <span class='ocrx_word' id='word_1_594' title='bbox 2154 3173 2281 3240; x_wconf 91' lang='lat' dir='ltr'><strong>ripis</strong></span> <span class='ocrx_word' id='word_1_595' title='bbox 2311 3184 2616 3240; x_wconf 82' lang='lat' dir='ltr'><strong>contentus,</strong></span> <span class='ocrx_word' id='word_1_596' title='bbox 2646 3178 2754 3248; x_wconf 88' lang='lat' dir='ltr'><strong>agit</strong></span> <span class='ocrx_word' id='word_1_597' title='bbox 2781 3183 3096 3249; x_wconf 89' lang='lat' dir='ltr'><strong>compendia</strong></span> <span class='ocrx_word' id='word_1_598' title='bbox 3125 3197 3339 3249; x_wconf 85' lang='lat' dir='ltr'><strong>cursus,</strong></span> 
     </span>
    </p>
   </div>
   <div class='ocr_carea' id='block_1_94' title="bbox 2073 3264 3344 3341">
    <p class='ocr_par' dir='ltr' id='par_1_94' title="bbox 2073 3264 3344 3341">
     <span class='ocr_line' id='line_1_94' title="bbox 2073 3264 3344 3341; baseline 0.013 -27"><span class='ocrx_word' id='word_1_599' title='bbox 2073 3264 2224 3329; x_wconf 88' lang='lat' dir='ltr'><strong>Quod</strong></span> <span class='ocrx_word' id='word_1_600' title='bbox 2254 3264 2322 3319; x_wconf 90' lang='lat' dir='ltr'><strong>de</strong></span> <span class='ocrx_word' id='word_1_601' title='bbox 2348 3276 2527 3323; x_wconf 90' lang='lat' dir='ltr'><strong>monte</strong></span> <span class='ocrx_word' id='word_1_602' title='bbox 2552 3268 2707 3335; x_wconf 91' lang='lat' dir='ltr'><strong>bibit,</strong></span> <span class='ocrx_word' id='word_1_603' title='bbox 2740 3285 2835 3340; x_wconf 90' lang='lat' dir='ltr'><strong>per</strong></span> <span class='ocrx_word' id='word_1_604' title='bbox 2855 3282 2967 3327; x_wconf 89' lang='lat' dir='ltr'><strong>sata</strong></span> <span class='ocrx_word' id='word_1_605' title='bbox 3002 3274 3154 3341; x_wconf 80' lang='lat' dir='ltr'><strong>plena</strong></span> <span class='ocrx_word' id='word_1_606' title='bbox 3178 3276 3344 3330; x_wconf 83' lang='lat' dir='ltr'><strong>vomit</strong></span> 
     </span>
    </p>
   </div>
   <div class='ocr_carea' id='block_1_95' title="bbox 2004 3360 3437 3443">
    <p class='ocr_par' dir='ltr' id='par_1_95' title="bbox 2004 3360 3437 3443">
     <span class='ocr_line' id='line_1_95' title="bbox 2004 3360 3437 3443; baseline 0.013 -32"><span class='ocrx_word' id='word_1_607' title='bbox 2004 3360 2213 3416; x_wconf 81' lang='lat' dir='ltr'><strong>Vortice</strong></span> <span class='ocrx_word' id='word_1_608' title='bbox 2244 3366 2468 3420; x_wconf 90' lang='lat' dir='ltr'><strong>torrenti</strong></span> <span class='ocrx_word' id='word_1_609' title='bbox 2498 3367 2719 3435; x_wconf 89' lang='lat' dir='ltr'><strong>rapitur,</strong></span> <span class='ocrx_word' id='word_1_610' title='bbox 2750 3370 2901 3438; x_wconf 84' lang='lat' dir='ltr'><strong>quasi</strong></span> <span class='ocrx_word' id='word_1_611' title='bbox 2934 3380 3103 3425; x_wconf 91' lang='lat' dir='ltr'><strong>morte</strong></span> <span class='ocrx_word' id='word_1_612' title='bbox 3128 3381 3157 3421; x_wconf 73' lang='grc' dir='ltr'><strong>Ρ</strong></span> <span class='ocrx_word' id='word_1_613' title='bbox 3185 3376 3437 3443; x_wconf 61' lang='lat' dir='ltr'><strong>tyranni,</strong></span> 
     </span>
    </p>
   </div>
   <div class='ocr_carea' id='block_1_96' title="bbox 2073 3453 3149 3531">
    <p class='ocr_par' dir='ltr' id='par_1_96' title="bbox 2073 3453 3149 3531">
     <span class='ocr_line' id='line_1_96' title="bbox 2073 3453 3149 3531; baseline 0.009 -25"><span class='ocrx_word' id='word_1_614' title='bbox 2073 3453 2379 3523; x_wconf 85' lang='lat' dir='ltr'><strong>Indignatus</strong></span> <span class='ocrx_word' id='word_1_615' title='bbox 2410 3458 2534 3527; x_wconf 90' lang='lat' dir='ltr'><strong>iter,</strong></span> <span class='ocrx_word' id='word_1_616' title='bbox 2567 3474 2791 3514; x_wconf 88' lang='lat' dir='ltr'><strong>munera</strong></span> <span class='ocrx_word' id='word_1_617' title='bbox 2813 3470 2988 3515; x_wconf 88' lang='lat' dir='ltr'><strong>vastat</strong></span> <span class='ocrx_word' id='word_1_618' title='bbox 3015 3466 3149 3531; x_wconf 88' lang='lat' dir='ltr'><strong>agri.</strong></span> 
     </span>
    </p>
   </div>
   <div class='ocr_carea' id='block_1_97' title="bbox 2002 3547 3573 3627">
    <p class='ocr_par' dir='ltr' id='par_1_97' title="bbox 2002 3547 3573 3627">
     <span class='ocr_line' id='line_1_97' title="bbox 2002 3547 3573 3627; baseline 0.006 -27"><span class='ocrx_word' id='word_1_619' title='bbox 2002 3547 2261 3601; x_wconf 90' lang='lat' dir='ltr'><strong>Discurrit</strong></span> <span class='ocrx_word' id='word_1_620' title='bbox 2292 3563 2445 3619; x_wconf 88' lang='lat' dir='ltr'><strong>seges</strong></span> <span class='ocrx_word' id='word_1_621' title='bbox 2484 3550 2537 3603; x_wconf 94' lang='lat' dir='ltr'><strong>in</strong></span> <span class='ocrx_word' id='word_1_622' title='bbox 2580 3551 2797 3606; x_wconf 89' lang='lat' dir='ltr'><strong>ﬂuvium</strong></span> <span class='ocrx_word' id='word_1_623' title='bbox 2817 3561 2846 3602; x_wconf 74' lang='grc' dir='ltr'><strong>(ι</strong></span> <span class='ocrx_word' id='word_1_624' title='bbox 2876 3562 2982 3609; x_wconf 88' lang='lat' dir='ltr'><strong>stat</strong></span> <span class='ocrx_word' id='word_1_625' title='bbox 3010 3552 3303 3627; x_wconf 50' lang='lat' dir='ltr'><strong>illa&quot;,de</strong></span> <span class='ocrx_word' id='word_1_626' title='bbox 3336 3558 3496 3626; x_wconf 82' lang='lat' dir='ltr'><strong>piscis</strong></span> <span class='ocrx_word' id='word_1_627' title='bbox 3524 3556 3573 3610; x_wconf 87' lang='lat' dir='ltr'><strong>in</strong></span> 
     </span>
    </p>
   </div>
   <div class='ocr_carea' id='block_1_98' title="bbox 2068 3638 3572 3719">
    <p class='ocr_par' dir='ltr' id='par_1_98' title="bbox 2068 3638 3572 3719">
     <span class='ocr_line' id='line_1_98' title="bbox 2068 3638 3572 3719; baseline 0.005 -27"><span class='ocrx_word' id='word_1_628' title='bbox 2068 3638 2265 3695; x_wconf 85' lang='lat' dir='ltr'><strong>Ordine</strong></span> <span class='ocrx_word' id='word_1_629' title='bbox 2295 3654 2568 3709; x_wconf 85' lang='lat' dir='ltr'><strong>perverso,</strong></span> <span class='ocrx_word' id='word_1_630' title='bbox 2598 3657 2773 3697; x_wconf 89' lang='lat' dir='ltr'><strong>messe</strong></span> <span class='ocrx_word' id='word_1_631' title='bbox 2803 3654 3035 3709; x_wconf 88' lang='lat' dir='ltr'><strong>natante,</strong></span> <span class='ocrx_word' id='word_1_632' title='bbox 3067 3646 3227 3713; x_wconf 82' lang='lat' dir='ltr'><strong>jacet.</strong></span> <span class='ocrx_word' id='word_1_633' title='bbox 3379 3646 3526 3719; x_wconf 88' lang='lat' dir='ltr'><strong>[agro</strong></span> <span class='ocrx_word' id='word_1_634' title='bbox 3551 3657 3572 3684; x_wconf 72' lang='grc' dir='ltr'><strong><em>ν</em></strong></span> 
     </span>
    </p>
   </div>
   <div class='ocr_carea' id='block_1_99' title="bbox 1998 3729 3379 3805">
    <p class='ocr_par' dir='ltr' id='par_1_99' title="bbox 1998 3729 3379 3805">
     <span class='ocr_line' id='line_1_99' title="bbox 1998 3729 3379 3805; baseline 0.007 -23"><span class='ocrx_word' id='word_1_635' title='bbox 1998 3730 2126 3797; x_wconf 75' lang='lat' dir='ltr'><strong>Quae</strong></span> <span class='ocrx_word' id='word_1_636' title='bbox 2155 3729 2367 3785; x_wconf 83' lang='lat' dir='ltr'><strong>fuerant</strong></span> <span class='ocrx_word' id='word_1_637' title='bbox 2394 3731 2607 3797; x_wconf 85' lang='lat' dir='ltr'><strong>ovibus,</strong></span> <span class='ocrx_word' id='word_1_638' title='bbox 2640 3733 2908 3787; x_wconf 86' lang='lat' dir='ltr'><strong>donantur</strong></span> <span class='ocrx_word' id='word_1_639' title='bbox 2935 3750 3129 3804; x_wconf 88' lang='lat' dir='ltr'><strong>pascua</strong></span> <span class='ocrx_word' id='word_1_640' title='bbox 3163 3738 3307 3790; x_wconf 88' lang='lat' dir='ltr'><strong>ranis</strong></span> <span class='ocrx_word' id='word_1_641' title='bbox 3332 3746 3379 3805; x_wconf 73' lang='grc' dir='ltr'><strong>ι,</strong></span> 
     </span>
    </p>
   </div>
   <div class='ocr_carea' id='block_1_100' title="bbox 2071 3824 3329 3900">
    <p class='ocr_par' dir='ltr' id='par_1_100' title="bbox 2071 3824 3329 3900">
     <span class='ocr_line' id='line_1_100' title="bbox 2071 3824 3329 3900; baseline 0.006 -21"><span class='ocrx_word' id='word_1_642' title='bbox 2071 3824 2226 3879; x_wconf 90' lang='lat' dir='ltr'><strong>Prata</strong></span> <span class='ocrx_word' id='word_1_643' title='bbox 2255 3836 2438 3880; x_wconf 88' lang='lat' dir='ltr'><strong>tenent</strong></span> <span class='ocrx_word' id='word_1_644' title='bbox 2469 3831 2662 3892; x_wconf 81' lang='lat' dir='ltr'><strong>pisces,</strong></span> <span class='ocrx_word' id='word_1_645' title='bbox 2695 3835 2751 3882; x_wconf 90' lang='lat' dir='ltr'><strong>et</strong></span> <span class='ocrx_word' id='word_1_646' title='bbox 2782 3827 2944 3882; x_wconf 85' lang='lat' dir='ltr'><strong>trahit</strong></span> <span class='ocrx_word' id='word_1_647' title='bbox 2974 3830 3112 3883; x_wconf 89' lang='lat' dir='ltr'><strong>unda</strong></span> <span class='ocrx_word' id='word_1_648' title='bbox 3141 3845 3329 3900; x_wconf 88' lang='lat' dir='ltr'><strong>pecus.</strong></span> 
     </span>
    </p>
   </div>
   <div class='ocr_carea' id='block_1_101' title="bbox 1997 3914 3422 3989">
    <p class='ocr_par' dir='ltr' id='par_1_101' title="bbox 1997 3914 3422 3989">
     <span class='ocr_line' id='line_1_101' title="bbox 1997 3914 3422 3989; baseline 0.007 -20"><span class='ocrx_word' id='word_1_649' title='bbox 1997 3914 2210 3969; x_wconf 89' lang='lat' dir='ltr'><strong>Oblinet</strong></span> <span class='ocrx_word' id='word_1_650' title='bbox 2238 3918 2497 3986; x_wconf 87' lang='lat' dir='ltr'><strong>expulsus</strong></span> <span class='ocrx_word' id='word_1_651' title='bbox 2530 3918 2548 3953; x_wconf 69' lang='grc' dir='ltr'>ί</span> <span class='ocrx_word' id='word_1_652' title='bbox 2581 3918 2849 3973; x_wconf 85' lang='lat' dir='ltr'><strong>stabulum</strong></span> <span class='ocrx_word' id='word_1_653' title='bbox 2879 3932 3180 3988; x_wconf 87' lang='lat' dir='ltr'><strong>campestre</strong></span> <span class='ocrx_word' id='word_1_654' title='bbox 3202 3921 3422 3989; x_wconf 87' lang='lat' dir='ltr'><strong>silurus,</strong></span> 
     </span>
    </p>
   </div>
   <div class='ocr_carea' id='block_1_102' title="bbox 2066 4006 3399 4086">
    <p class='ocr_par' dir='ltr' id='par_1_102' title="bbox 2066 4006 3399 4086">
     <span class='ocr_line' id='line_1_102' title="bbox 2066 4006 3399 4086; baseline 0.008 -26"><span class='ocrx_word' id='word_1_655' title='bbox 2066 4006 2191 4062; x_wconf 88' lang='lat' dir='ltr'><strong>Plus</strong></span> <span class='ocrx_word' id='word_1_656' title='bbox 2219 4006 2424 4076; x_wconf 88' lang='lat' dir='ltr'><strong>capitur</strong></span> <span class='ocrx_word' id='word_1_657' title='bbox 2454 4008 2629 4075; x_wconf 89' lang='lat' dir='ltr'><strong>terris,</strong></span> <span class='ocrx_word' id='word_1_658' title='bbox 2662 4024 2821 4080; x_wconf 92' lang='lat' dir='ltr'><strong>quam</strong></span> <span class='ocrx_word' id='word_1_659' title='bbox 2852 4010 3010 4066; x_wconf 92' lang='lat' dir='ltr'><strong>modo</strong></span> <span class='ocrx_word' id='word_1_660' title='bbox 3040 4013 3200 4082; x_wconf 90' lang='lat' dir='ltr'><strong>piscis</strong></span> <span class='ocrx_word' id='word_1_661' title='bbox 3226 4016 3399 4086; x_wconf 90' lang='lat' dir='ltr'><strong>aquis.</strong></span> 
     </span>
    </p>
   </div>
   <div class='ocr_carea' id='block_1_103' title="bbox 1990 4246 3576 4315">
    <p class='ocr_par' dir='ltr' id='par_1_103' title="bbox 1990 4246 3576 4315">
     <span class='ocr_line' id='line_1_103' title="bbox 1990 4246 3576 4315; baseline 0.01 -18"><span class='ocrx_word' id='word_1_662' title='bbox 1990 4260 2241 4313; x_wconf 80' lang='lat' dir='ltr'><strong>congreg.</strong></span> <span class='ocrx_word' id='word_1_663' title='bbox 2271 4246 2337 4299; x_wconf 92' lang='lat' dir='ltr'><strong>de</strong></span> <span class='ocrx_word' id='word_1_664' title='bbox 2366 4246 2593 4313; x_wconf 80' lang='lat' dir='ltr'><strong>Propag.</strong></span> <span class='ocrx_word' id='word_1_665' title='bbox 2622 4246 2751 4301; x_wconf 81' lang='lat' dir='ltr'><strong>Fide</strong></span> <span class='ocrx_word' id='word_1_666' title='bbox 2788 4263 2819 4299; x_wconf 92' lang='lat' dir='ltr'><strong>a</strong></span> <span class='ocrx_word' id='word_1_667' title='bbox 2841 4250 3067 4315; x_wconf 75' lang='lat' dir='ltr'><strong>secretis,</strong></span> <span class='ocrx_word' id='word_1_668' title='bbox 3093 4249 3221 4305; x_wconf 88' lang='lat' dir='ltr'><strong>item</strong></span> <span class='ocrx_word' id='word_1_669' title='bbox 3254 4254 3485 4310; x_wconf 87' lang='lat' dir='ltr'><strong>litteram</strong></span> <span class='ocrx_word' id='word_1_670' title='bbox 3518 4257 3576 4313; x_wconf 65' lang='lat' dir='ltr'><strong>H&#39;</strong></span> 
     </span>
    </p>
   </div>
   <div class='ocr_carea' id='block_1_104' title="bbox 1990 4316 2784 4372">
    <p class='ocr_par' dir='ltr' id='par_1_104' title="bbox 1990 4316 2784 4372">
     <span class='ocr_line' id='line_1_104' title="bbox 1990 4316 2784 4372; baseline 0.004 -3"><span class='ocrx_word' id='word_1_671' title='bbox 1990 4318 2159 4370; x_wconf 86' lang='lat' dir='ltr'><strong>instar</strong></span> <span class='ocrx_word' id='word_1_672' title='bbox 2186 4318 2528 4371; x_wconf 88' lang='lat' dir='ltr'><strong>consonantis</strong></span> <span class='ocrx_word' id='word_1_673' title='bbox 2556 4316 2740 4371; x_wconf 90' lang='lat' dir='ltr'><strong>haberi</strong></span> <span class='ocrx_word' id='word_1_674' title='bbox 2771 4336 2784 4372; x_wconf 92' lang='lat'>:</span> 
     </span>
    </p>
   </div>
   <div class='ocr_carea' id='block_1_105' title="bbox 2083 4411 3419 4475">
    <p class='ocr_par' dir='ltr' id='par_1_105' title="bbox 2083 4411 3419 4475">
     <span class='ocr_line' id='line_1_105' title="bbox 2083 4411 3419 4475; baseline 0.01 -15"><span class='ocrx_word' id='word_1_675' title='bbox 2083 4411 2287 4475; x_wconf 83' lang='lat' dir='ltr'><strong>Lignum</strong></span> <span class='ocrx_word' id='word_1_676' title='bbox 2305 4424 2401 4473; x_wconf 90' lang='lat' dir='ltr'><strong>quo</strong></span> <span class='ocrx_word' id='word_1_677' title='bbox 2423 4411 2639 4463; x_wconf 85' lang='lat' dir='ltr'><strong>Christus</strong></span> <span class='ocrx_word' id='word_1_678' title='bbox 2656 4412 2914 4463; x_wconf 84' lang='lat' dir='ltr'><strong>humanum</strong></span> <span class='ocrx_word' id='word_1_679' title='bbox 2932 4416 3144 4469; x_wconf 88' lang='lat' dir='ltr'><strong>subdidit</strong></span> <span class='ocrx_word' id='word_1_680' title='bbox 3165 4418 3419 4473; x_wconf 85' lang='lat' dir='ltr'><strong>hostem...</strong></span> 
     </span>
    </p>
   </div>
   <div class='ocr_carea' id='block_1_106' title="bbox 2062 4491 2496 4551">
    <p class='ocr_par' dir='ltr' id='par_1_106' title="bbox 2062 4491 2496 4551">
     <span class='ocr_line' id='line_1_106' title="bbox 2062 4491 2496 4551; baseline 0.002 -2"><span class='ocrx_word' id='word_1_681' title='bbox 2062 4491 2079 4529; x_wconf 79' lang='grc' dir='ltr'><strong>ί</strong></span> <span class='ocrx_word' id='word_1_682' title='bbox 2115 4494 2254 4549; x_wconf 86' lang='lat' dir='ltr'><strong>Edit.</strong></span> <span class='ocrx_word' id='word_1_683' title='bbox 2285 4495 2453 4549; x_wconf 88' lang='lat' dir='ltr'><strong>Paris.</strong></span> <span class='ocrx_word' id='word_1_684' title='bbox 2481 4511 2496 4551; x_wconf 87' lang='lat'><strong>:</strong></span> 
     </span>
    </p>
   </div>
   <div class='ocr_carea' id='block_1_107' title="bbox 2168 4585 3136 4649">
    <p class='ocr_par' dir='ltr' id='par_1_107' title="bbox 2168 4585 3136 4649">
     <span class='ocr_line' id='line_1_107' title="bbox 2168 4585 3136 4649; baseline 0.009 -13"><span class='ocrx_word' id='word_1_685' title='bbox 2168 4585 2373 4636; x_wconf 85' lang='lat' dir='ltr'><strong>Tantum</strong></span> <span class='ocrx_word' id='word_1_686' title='bbox 2393 4591 2442 4636; x_wconf 91' lang='lat' dir='ltr'><strong>te</strong></span> <span class='ocrx_word' id='word_1_687' title='bbox 2467 4586 2671 4649; x_wconf 75' lang='lat' dir='ltr'><strong>lymphis</strong></span> <span class='ocrx_word' id='word_1_688' title='bbox 2689 4590 2873 4639; x_wconf 86' lang='lat' dir='ltr'><strong>excitat</strong></span> <span class='ocrx_word' id='word_1_689' title='bbox 2890 4589 2986 4639; x_wconf 88' lang='lat' dir='ltr'><strong>iste</strong></span> <span class='ocrx_word' id='word_1_690' title='bbox 3007 4593 3136 4645; x_wconf 83' lang='lat' dir='ltr'><strong>suis.</strong></span> 
     </span>
    </p>
   </div>
   <div class='ocr_carea' id='block_1_108' title="bbox 2054 4669 2981 4735">
    <p class='ocr_par' dir='ltr' id='par_1_108' title="bbox 2054 4669 2981 4735">
     <span class='ocr_line' id='line_1_108' title="bbox 2054 4669 2981 4735; baseline 0.011 -16"><span class='ocrx_word' id='word_1_691' title='bbox 2054 4674 2068 4719; x_wconf 67' lang='grc' dir='ltr'><strong><em>ἓ</em></strong></span> <span class='ocrx_word' id='word_1_692' title='bbox 2107 4671 2244 4724; x_wconf 86' lang='lat' dir='ltr'><strong>Edit.</strong></span> <span class='ocrx_word' id='word_1_693' title='bbox 2280 4669 2439 4735; x_wconf 80' lang='lat' dir='ltr'><strong>Ven.,</strong></span> <span class='ocrx_word' id='word_1_694' title='bbox 2469 4672 2769 4726; x_wconf 82' lang='lat' dir='ltr'><strong>subducitur</strong></span> <span class='ocrx_word' id='word_1_695' title='bbox 2794 4676 2981 4729; x_wconf 84' lang='lat' dir='ltr'><strong>amnis.</strong></span> 
     </span>
    </p>
   </div>
   <div class='ocr_carea' id='block_1_109' title="bbox 2050 4738 2836 4811">
    <p class='ocr_par' dir='ltr' id='par_1_109' title="bbox 2050 4738 2836 4811">
     <span class='ocr_line' id='line_1_109' title="bbox 2050 4738 2836 4811; baseline 0.008 -17"><span class='ocrx_word' id='word_1_696' title='bbox 2050 4738 2080 4811; x_wconf 57' lang='grc' dir='ltr'><strong>ξι</strong></span> <span class='ocrx_word' id='word_1_697' title='bbox 2108 4741 2264 4811; x_wconf 88' lang='lat' dir='ltr'><strong>lbid.,</strong></span> <span class='ocrx_word' id='word_1_698' title='bbox 2295 4743 2603 4811; x_wconf 72' lang='lat' dir='ltr'><strong>madefacta!</strong></span> <span class='ocrx_word' id='word_1_699' title='bbox 2631 4745 2836 4800; x_wconf 82' lang='lat' dir='ltr'><strong>humus.</strong></span> 
     </span>
    </p>
   </div>
   <div class='ocr_carea' id='block_1_110' title="bbox 2054 4809 2746 4877">
    <p class='ocr_par' dir='ltr' id='par_1_110' title="bbox 2054 4809 2746 4877">
     <span class='ocr_line' id='line_1_110' title="bbox 2054 4809 2746 4877; baseline 0.001 -13"><span class='ocrx_word' id='word_1_700' title='bbox 2054 4809 2073 4849; x_wconf 80' lang='grc' dir='ltr'>ι</span> <span class='ocrx_word' id='word_1_701' title='bbox 2108 4810 2248 4865; x_wconf 87' lang='lat' dir='ltr'><strong>Edit.</strong></span> <span class='ocrx_word' id='word_1_702' title='bbox 2279 4809 2474 4877; x_wconf 47' lang='lat' dir='ltr'><strong>Parisi,</strong></span> <span class='ocrx_word' id='word_1_703' title='bbox 2505 4814 2746 4866; x_wconf 76' lang='lat' dir='ltr'><strong>habenas.</strong></span> 
     </span>
    </p>
   </div>
   <div class='ocr_carea' id='block_1_111' title="bbox 2049 4882 3220 4957">
    <p class='ocr_par' dir='ltr' id='par_1_111' title="bbox 2049 4882 3220 4957">
     <span class='ocr_line' id='line_1_111' title="bbox 2049 4882 3220 4957; baseline 0.011 -24"><span class='ocrx_word' id='word_1_704' title='bbox 2049 4882 2251 4957; x_wconf 71' lang='lat' dir='ltr'><strong>m_l_§d_it.</strong></span> <span class='ocrx_word' id='word_1_705' title='bbox 2271 4882 2471 4957; x_wconf 83' lang='lat' dir='ltr'><strong>_Paris.,</strong></span> <span class='ocrx_word' id='word_1_706' title='bbox 2498 4884 2673 4957; x_wconf 70' lang='lat' dir='ltr'><strong>diem;</strong></span> <span class='ocrx_word' id='word_1_707' title='bbox 2700 4885 2750 4937; x_wconf 93' lang='lat' dir='ltr'><strong>in</strong></span> <span class='ocrx_word' id='word_1_708' title='bbox 2768 4886 3034 4957; x_wconf 85' lang='lat' dir='ltr'><strong>margine,</strong></span> <span class='ocrx_word' id='word_1_709' title='bbox 3065 4890 3220 4946; x_wconf 77' lang='lat' dir='ltr'><strong>viam.</strong></span> 
     </span>
    </p>
   </div>
   <div class='ocr_carea' id='block_1_112' title="bbox 2045 4952 3549 5035">
    <p class='ocr_par' dir='ltr' id='par_1_112' title="bbox 2045 4952 3549 5035">
     <span class='ocr_line' id='line_1_112' title="bbox 2045 4952 3549 5035; baseline 0.017 -32"><span class='ocrx_word' id='word_1_710' title='bbox 2045 4960 2074 4988; x_wconf 85' lang='grc' dir='ltr'><strong>ιι</strong></span> <span class='ocrx_word' id='word_1_711' title='bbox 2095 4953 2239 5035; x_wconf 62' lang='grc' dir='ltr'><strong>βόὶι.</strong></span> <span class='ocrx_word' id='word_1_712' title='bbox 2271 4952 2426 5035; x_wconf 61' lang='lat' dir='ltr'><strong>Ven,</strong></span> <span class='ocrx_word' id='word_1_713' title='bbox 2460 4954 2545 5007; x_wconf 78' lang='lat' dir='ltr'><strong>via;</strong></span> <span class='ocrx_word' id='word_1_714' title='bbox 2567 4964 2731 5008; x_wconf 81' lang='lat' dir='ltr'><strong>tamen</strong></span> <span class='ocrx_word' id='word_1_715' title='bbox 2759 4952 3031 5013; x_wconf 70' lang='lat' dir='ltr'><strong>insidians.</strong></span> <span class='ocrx_word' id='word_1_716' title='bbox 3060 4960 3208 5019; x_wconf 86' lang='lat' dir='ltr'><strong>Unus</strong></span> <span class='ocrx_word' id='word_1_717' title='bbox 3243 4964 3374 5021; x_wconf 87' lang='lat' dir='ltr'><strong>Cod.</strong></span> <span class='ocrx_word' id='word_1_718' title='bbox 3408 4968 3549 5035; x_wconf 66' lang='grc' dir='ltr'><strong>νει..</strong></span> 
     </span>
    </p>
   </div>
   <div class='ocr_carea' id='block_1_113' title="bbox 1970 5022 2525 5079">
    <p class='ocr_par' dir='ltr' id='par_1_113' title="bbox 1970 5022 2525 5079">
     <span class='ocr_line' id='line_1_113' title="bbox 1970 5022 2525 5079; baseline 0 -2"><span class='ocrx_word' id='word_1_719' title='bbox 1970 5023 2061 5079; x_wconf 68' lang='lat' dir='ltr'><strong>vix</strong></span> <span class='ocrx_word' id='word_1_720' title='bbox 2086 5032 2251 5077; x_wconf 85' lang='lat' dir='ltr'><strong>tamen</strong></span> <span class='ocrx_word' id='word_1_721' title='bbox 2272 5022 2525 5077; x_wconf 65' lang='lat' dir='ltr'><strong>inszdens.</strong></span> 
     </span>
    </p>
   </div>
   <div class='ocr_carea' id='block_1_114' title="bbox 1951 5092 2805 5164">
    <p class='ocr_par' dir='ltr' id='par_1_114' title="bbox 1951 5092 2805 5164">
     <span class='ocr_line' id='line_1_114' title="bbox 1951 5092 2805 5164; baseline 0.002 -17"><span class='ocrx_word' id='word_1_722' title='bbox 1951 5093 1957 5101; x_wconf 83' lang='grc'><em>’</em></span> <span class='ocrx_word' id='word_1_723' title='bbox 2046 5104 2071 5131; x_wconf 89' lang='grc' dir='ltr'><strong><em>ο</em></strong></span> <span class='ocrx_word' id='word_1_724' title='bbox 2102 5094 2157 5148; x_wconf 85' lang='grc' dir='ltr'><strong>1η</strong></span> <span class='ocrx_word' id='word_1_725' title='bbox 2188 5094 2327 5147; x_wconf 86' lang='lat' dir='ltr'><strong>Edit.</strong></span> <span class='ocrx_word' id='word_1_726' title='bbox 2358 5092 2512 5160; x_wconf 87' lang='lat' dir='ltr'><strong>Ven.,</strong></span> <span class='ocrx_word' id='word_1_727' title='bbox 2546 5096 2631 5164; x_wconf 81' lang='lat' dir='ltr'><strong>qui</strong></span> <span class='ocrx_word' id='word_1_728' title='bbox 2658 5095 2805 5150; x_wconf 73' lang='lat' dir='ltr'><strong>nihil.</strong></span> 
     </span>
    </p>
   </div>
   <div class='ocr_carea' id='block_1_115' title="bbox 2042 5164 2665 5227">
    <p class='ocr_par' dir='ltr' id='par_1_115' title="bbox 2042 5164 2665 5227">
     <span class='ocr_line' id='line_1_115' title="bbox 2042 5164 2665 5227; baseline 0.006 -12"><span class='ocrx_word' id='word_1_729' title='bbox 2042 5176 2071 5215; x_wconf 87' lang='lat' dir='ltr'><strong>P</strong></span> <span class='ocrx_word' id='word_1_730' title='bbox 2102 5165 2245 5218; x_wconf 84' lang='lat' dir='ltr'><strong>Edit.</strong></span> <span class='ocrx_word' id='word_1_731' title='bbox 2276 5164 2470 5227; x_wconf 62' lang='lat' dir='ltr'><strong>Paris,</strong></span> <span class='ocrx_word' id='word_1_732' title='bbox 2508 5181 2665 5220; x_wconf 73' lang='lat' dir='ltr'><strong>more.</strong></span> 
     </span>
    </p>
   </div>
   <div class='ocr_carea' id='block_1_116' title="bbox 2044 5235 2718 5305">
    <p class='ocr_par' dir='ltr' id='par_1_116' title="bbox 2044 5235 2718 5305">
     <span class='ocr_line' id='line_1_116' title="bbox 2044 5235 2718 5305; baseline 0.006 -18"><span class='ocrx_word' id='word_1_733' title='bbox 2044 5246 2071 5286; x_wconf 74' lang='grc' dir='ltr'><strong>(ι</strong></span> <span class='ocrx_word' id='word_1_734' title='bbox 2100 5235 2244 5288; x_wconf 87' lang='lat' dir='ltr'><strong>Edit.</strong></span> <span class='ocrx_word' id='word_1_735' title='bbox 2275 5235 2436 5299; x_wconf 87' lang='lat' dir='ltr'><strong>Ven.,</strong></span> <span class='ocrx_word' id='word_1_736' title='bbox 2460 5236 2513 5289; x_wconf 78' lang='lat' dir='ltr'><strong>in</strong></span> <span class='ocrx_word' id='word_1_737' title='bbox 2540 5237 2718 5305; x_wconf 74' lang='lat' dir='ltr'><strong>ﬂuvio.</strong></span> 
     </span>
    </p>
   </div>
   <div class='ocr_carea' id='block_1_117' title="bbox 2045 5308 3544 5392">
    <p class='ocr_par' dir='ltr' id='par_1_117' title="bbox 2045 5308 3544 5392">
     <span class='ocr_line' id='line_1_117' title="bbox 2045 5308 3544 5392; baseline 0.009 -35"><span class='ocrx_word' id='word_1_738' title='bbox 2045 5316 2067 5344; x_wconf 73' lang='grc' dir='ltr'>ι</span> <span class='ocrx_word' id='word_1_739' title='bbox 2112 5308 2501 5392; x_wconf 45' lang='grc' dir='ltr'><strong>Βτοξχ..ροειςα</strong></span> <span class='ocrx_word' id='word_1_740' title='bbox 2532 5308 2859 5373; x_wconf 85' lang='lat' dir='ltr'><strong>emendavit,</strong></span> <span class='ocrx_word' id='word_1_741' title='bbox 2894 5310 3034 5392; x_wconf 73' lang='lat' dir='ltr'><strong>quod</strong></span> <span class='ocrx_word' id='word_1_742' title='bbox 3066 5311 3456 5392; x_wconf 72' lang='lat' dir='ltr'><strong>bisediderat,</strong></span> <span class='ocrx_word' id='word_1_743' title='bbox 3488 5317 3544 5392; x_wconf 75' lang='lat' dir='ltr'><strong>in</strong></span> 
     </span>
    </p>
   </div>
   <div class='ocr_carea' id='block_1_118' title="bbox 1969 5378 3555 5529">
    <p class='ocr_par' dir='ltr' id='par_1_118' title="bbox 1969 5378 3555 5529">
     <span class='ocr_line' id='line_1_118' title="bbox 1969 5378 3540 5461; baseline 0.008 -33"><span class='ocrx_word' id='word_1_744' title='bbox 1969 5391 2115 5447; x_wconf 86' lang='lat' dir='ltr'><strong>agro,</strong></span> <span class='ocrx_word' id='word_1_745' title='bbox 2147 5378 2418 5430; x_wconf 82' lang='lat' dir='ltr'><strong>suiliciens</strong></span> <span class='ocrx_word' id='word_1_746' title='bbox 2442 5378 2501 5433; x_wconf 73' lang='lat' dir='ltr'><strong>in</strong></span> <span class='ocrx_word' id='word_1_747' title='bbox 2526 5382 2963 5461; x_wconf 41' lang='lat' dir='ltr'><strong>arvo,&#39;qnomodo</strong></span> <span class='ocrx_word' id='word_1_748' title='bbox 2995 5381 3045 5434; x_wconf 94' lang='lat' dir='ltr'><strong>in</strong></span> <span class='ocrx_word' id='word_1_749' title='bbox 3075 5381 3210 5439; x_wconf 88' lang='lat' dir='ltr'><strong>Ven.</strong></span> <span class='ocrx_word' id='word_1_750' title='bbox 3243 5388 3373 5440; x_wconf 86' lang='lat' dir='ltr'><strong>edit.</strong></span> <span class='ocrx_word' id='word_1_751' title='bbox 3406 5378 3540 5454; x_wconf 81' lang='lat' dir='ltr'><strong>legi-</strong></span> 
     </span>
     <span class='ocr_line' id='line_1_119' title="bbox 1970 5447 3555 5529; baseline 0.008 -30"><span class='ocrx_word' id='word_1_752' title='bbox 1970 5454 2072 5500; x_wconf 92' lang='lat' dir='ltr'><strong>tnr.</strong></span> <span class='ocrx_word' id='word_1_753' title='bbox 2115 5447 2271 5529; x_wconf 77' lang='lat' dir='ltr'><strong>A_tin</strong></span> <span class='ocrx_word' id='word_1_754' title='bbox 2299 5448 2466 5529; x_wconf 45' lang='lat' dir='ltr'><strong>(dadd.</strong></span> <span class='ocrx_word' id='word_1_755' title='bbox 2501 5449 2617 5503; x_wconf 85' lang='lat' dir='ltr'><strong>Vat.</strong></span> <span class='ocrx_word' id='word_1_756' title='bbox 2646 5451 2775 5503; x_wconf 88' lang='lat' dir='ltr'><strong>mtnl</strong></span> <span class='ocrx_word' id='word_1_757' title='bbox 2806 5451 3152 5509; x_wconf 77' lang='lat' dir='ltr'><strong>animadverti</strong></span> <span class='ocrx_word' id='word_1_758' title='bbox 3180 5456 3357 5514; x_wconf 87' lang='lat' dir='ltr'><strong>simile</strong></span> <span class='ocrx_word' id='word_1_759' title='bbox 3386 5457 3555 5529; x_wconf 60' lang='lat' dir='ltr'><strong>huius</strong></span> 
     </span>
    </p>
   </div>
   <div class='ocr_carea' id='block_1_119' title="bbox 1968 5516 2370 5572">
    <p class='ocr_par' dir='ltr' id='par_1_119' title="bbox 1968 5516 2370 5572">
     <span class='ocr_line' id='line_1_120' title="bbox 1968 5516 2370 5572; baseline -0.002 -1"><span class='ocrx_word' id='word_1_760' title='bbox 1968 5516 2370 5572; x_wconf 86' lang='lat' dir='ltr'><strong>emendationis.</strong></span> 
     </span>
    </p>
   </div>
   <div class='ocr_carea' id='block_1_120' title="bbox 2041 5587 2985 5660">
    <p class='ocr_par' dir='ltr' id='par_1_120' title="bbox 2041 5587 2985 5660">
     <span class='ocr_line' id='line_1_121' title="bbox 2041 5587 2985 5660; baseline 0.007 -20"><span class='ocrx_word' id='word_1_761' title='bbox 2041 5596 2065 5660; x_wconf 56' lang='grc' dir='ltr'><em>ε</em></span> <span class='ocrx_word' id='word_1_762' title='bbox 2095 5587 2238 5660; x_wconf 74' lang='lat' dir='ltr'><strong>Unus</strong></span> <span class='ocrx_word' id='word_1_763' title='bbox 2265 5588 2394 5660; x_wconf 70' lang='lat' dir='ltr'><strong>(Sed.</strong></span> <span class='ocrx_word' id='word_1_764' title='bbox 2430 5587 2573 5657; x_wconf 87' lang='lat' dir='ltr'><strong>Vat.,</strong></span> <span class='ocrx_word' id='word_1_765' title='bbox 2598 5604 2788 5660; x_wconf 83' lang='lat' dir='ltr'><strong>pascua</strong></span> <span class='ocrx_word' id='word_1_766' title='bbox 2813 5597 2985 5647; x_wconf 75' lang='lat' dir='ltr'><strong>remis.</strong></span> 
     </span>
    </p>
   </div>
   <div class='ocr_carea' id='block_1_121' title="bbox 2042 5659 3347 5799">
    <p class='ocr_par' dir='ltr' id='par_1_121' title="bbox 2042 5659 3347 5799">
     <span class='ocr_line' id='line_1_122' title="bbox 2042 5659 3347 5799; baseline 0.011 -22"><span class='ocrx_word' id='word_1_767' title='bbox 2042 5659 2060 5694; x_wconf 48' lang='grc' dir='ltr'><strong>ι</strong></span> <span class='ocrx_word' id='word_1_768' title='bbox 2092 5659 2547 5792; x_wconf 48' lang='grc' dir='ltr'><strong>ξείὶξθὲἓξρἀιεος</strong></span> <span class='ocrx_word' id='word_1_769' title='bbox 2568 5730 2809 5781; x_wconf 87' lang='lat' dir='ltr'><strong>stabulum</strong></span> <span class='ocrx_word' id='word_1_770' title='bbox 2832 5742 3111 5799; x_wconf 80' lang='lat' dir='ltr'><strong>campestre</strong></span> <span class='ocrx_word' id='word_1_771' title='bbox 3129 5735 3347 5797; x_wconf 65' lang='grc' dir='ltr'><strong>κηποι,</strong></span> 
     </span>
    </p>
   </div>
   <div class='ocr_carea' id='block_1_122' title="bbox 2035 5809 2901 5873">
    <p class='ocr_par' dir='ltr' id='par_1_122' title="bbox 2035 5809 2901 5873">
     <span class='ocr_line' id='line_1_123' title="bbox 2035 5809 2901 5873; baseline 0.005 -4"><span class='ocrx_word' id='word_1_772' title='bbox 2035 5809 2176 5869; x_wconf 81' lang='lat' dir='ltr'><strong>Edit.</strong></span> <span class='ocrx_word' id='word_1_773' title='bbox 2209 5810 2379 5869; x_wconf 83' lang='lat' dir='ltr'><strong>Paris.</strong></span> <span class='ocrx_word' id='word_1_774' title='bbox 2436 5812 2660 5870; x_wconf 75' lang='lat' dir='ltr'><strong>silvestre</strong></span> <span class='ocrx_word' id='word_1_775' title='bbox 2686 5816 2901 5873; x_wconf 80' lang='lat' dir='ltr'><strong>silurus.</strong></span> 
     </span>
    </p>
   </div>
  </div>
