3990 6188
244 388 316 442 89

321 500 464 555 Cm
493 498 689 562 lldclis,
716 497 855 551 inter
876 510 1065 551 omnes
1092 496 1250 552 arbor
1273 511 1375 550 una
1398 497 1614 563 nobilis,

255 592 412 646 Nulla
443 590 603 643 talem
635 589 766 642 silva
801 587 1196 667 proferttllore,
1220 586 1700 656 frotide,'germine
1723 596 1769 640 ι.

257 684 424 739 Dulce
455 682 658 751 lignum
683 721 698 745 ,
728 678 915 733 dulces
950 676 980 716 ι’
1015 678 1214 742 clavos,
1246 676 1405 733 dulce
1455 677 1661 747 pondus
1685 675 1845 732 susti-

1576 768 1596 841 [
1615 781 1772 823 nens.

336 864 517 920 Flecte
543 875 724 918 ramos
745 860 906 916 arbor
929 858 1062 924 alta,
1088 868 1239 914 tensa
1266 858 1383 913 laxa
1408 857 1638 927 viscera,

264 955 334 1010 Et
360 954 505 1024 rigor
529 954 786 1008 lentescat
816 949 929 1017 ille,
961 964 1119 1019 quem
1152 949 1299 1005 dedit
1324 949 1591 1016 nativitas,

276 1046 344 1101 Ut
370 1044 589 1114 superni
621 1042 859 1097 membra
890 1040 1033 1111 regis
1058 1039 1172 1095 miti
1204 1039 1393 1095 lendas
1418 1040 1618 1109 stipite.

335 1135 458 1191 Sola
486 1136 646 1205 digna
671 1144 723 1187 tu
754 1132 897 1188 luisti
912 1131 1051 1188 ferre
1073 1131 1298 1201 pretium
1324 1132 1505 1187 saeculi
1536 1130 1848 1205 [Ms.,s:ecli

1528 1219 1778 1292 pretium]

272 1326 440 1388 Atque
462 1328 677 1389 portum
704 1331 1008 1387 praeparare
1032 1326 1192 1371 nauta
1223 1314 1421 1371 mundo
1452 1314 1736 1384 naufrago,

266 1412 435 1479 Quem
465 1423 806 1464 sacercruor
838 1406 1108 1477 perunxit,
1132 1406 1278 1461 fusus
1298 1406 1420 1476 agni
1451 1419 1700 1475 corpore.

906 1495 1131 1553 CAPUT
1159 1495 1247 1551 Ill.

341 1594 406 1648 In
438 1595 682 1648 honorem
722 1601 745 1631 ε
777 1602 965 1645 sancta:
998 1590 1163 1644 crucis
1204 1584 1251 1644 et
1294 1591 1561 1644 aratoriit1
1601 1589 1780 1643 domus

716 1661 943 1716 ecclesire
979 1663 1116 1730 apud
1148 1660 1398 1715 Turonos.

272 1757 479 1831 [ϐπ-μεὶς
530 1754 739 1831 βωτρηὶ
789 1755 1043 1831 virtutem
1093 1768 1157 1807 ac
1204 1753 1432 1831 pretium
1480 1753 1849 1831 celebra_t_,_'et

340 1828 585 1896 Gregmii
633 1824 961 1896 Turonensis
1005 1825 1058 1877 in
1100 1822 1342 1896 eamdem
1377 1837 1588 1878 crucem
1632 1823 1847 1896 religio-

342 1893 490 1959 nem',
526 1906 636 1949 tum
668 1896 722 1948 in
752 1894 992 1950 ornando
1021 1893 1158 1963 apud
1186 1893 1432 1947 Turones
1457 1894 1692 1963 oratorio
1731 1908 1849 1947 mu-

343 1968 672 2021 mlicentiam
704 1978 764 2019 ac
794 1961 1109 2019 liberalitem
1137 1961 1519 2033 commendat.J

274 2060 455 2114 Virtus
482 2058 624 2113 celsa
654 2056 829 2111 crucis
858 2066 1029 2110 totum
1055 2067 1201 2110 recte
1228 2066 1450 2124 occupat
1478 2054 1689 2123 orbem,

344 2151 474 2207 llaec
498 2151 749 2219 quoniam
781 2159 806 2187 ο
840 2149 1020 2203 mundi
1053 2148 1255 2217 perdita
1286 2159 1475 2203 cuncta
1506 2148 1692 2205 refert.

348 2291 373 2318 "
405 2282 555 2337 Unus
581 2280 749 2336 Codd.
782 2280 923 2342 ναι..
952 2282 1220 2351 germinat.

345 2353 374 2389 δ
408 2353 540 2406 Ibid.
571 2396 585 2420 ,
627 2353 776 2405 dulce
804 2348 1025 2406 clavuin.
1064 2352 1120 2405 In
1162 2350 1267 2405 alio
1305 2348 1439 2406 Cod.
1462 2350 1582 2405 Vat.
1609 2392 1623 2419 ,
1655 2351 1857 2406 dulcem

279 2426 499 2477 clavum.

350 2507 371 2532 ε
403 2492 615 2547 Titulus
643 2491 799 2561 hujus
839 2490 1090 2545 carminis
1134 2491 1186 2544 in
1214 2491 1344 2546 Ven.
1371 2490 1510 2545 Edit.
1544 2491 1622 2546 sic
1650 2491 1809 2546 habet
1839 2510 1851 2545 :

284 2562 347 2617 In
387 2564 583 2617 honore
624 2572 813 2615 sancta:
853 2563 1041 2627 crucis,
1088 2563 1164 2615 uel
1207 2562 1439 2629 oratorii,
1483 2572 1589 2617 etc.
1635 2561 1763 2617 Item
1803 2564 1855 2617 in

282 2635 444 2687 duob.
478 2632 648 2686 Codd.
677 2632 844 2687 Vatic.

351 2704 377 2739 ἀ
412 2704 491 2757 De
523 2703 624 2756 hoc
653 2702 789 2769 apud
815 2702 1055 2755 Turones
1083 2702 1335 2755 'oratorio
1372 2702 1700 2755 mentionem
1732 2702 1857 2757 facit

284 2773 439 2842 Greg.
464 2772 667 2827 Turon.
697 2810 711 2832 ,
746 2772 835 2842 lib.
867 2787 883 2824 ι
914 2772 979 2823 de
1009 2769 1183 2825 Gloria
1211 2782 1539 2842 martyrum,
1587 2786 1707 2839 cap.
1745 2774 1812 2827 15
1837 2814 1853 2838 ,

286 2841 523 2912 inquiens
557 2860 570 2895 :
607 2842 754 2910 Apud
788 2841 1089 2912 Turonicam
1116 2858 1233 2895 vero
1263 2843 1433 2895 urbem
1457 2885 1471 2905 ,
1504 2845 1625 2895 dum
1655 2848 1707 2895 in
1738 2859 1858 2895 ora-

286 2911 469 2966 torium
498 2914 621 2965 atrii
650 2912 781 2965 beati
811 2911 1045 2975 Martini,
1077 2912 1235 2979 ipsius
1259 2914 1587 2980 praecursoria
1612 2913 1856 2981 reliquias

282 2984 734 3037 collocaremus.'...
764 2982 931 3052 {erunt
954 2991 1123 3033 autem
1152 2983 1322 3049 in_hoc
1352 2983 1574 3035 oratorio
1611 2999 1641 3033 (ι
1670 2982 1855 3052 lychno

284 3055 450 3106 oleum
476 3053 708 3106 ebullire.
754 3051 1020 3106 [labentur
1056 3052 1189 3105 enim
1231 3063 1279 3106 et
1313 3052 1382 3105 ibi
1418 3052 1644 3122 reliquis:
1668 3051 1857 3108 sanctis

283 3139 470 3176 cruris.

1456 383 1956 442 MISCELLANEA.
1989 415 2058 428 —
2098 385 2224 441 LIB.
2268 389 2328 443 II.
3452 385 3519 441 90

1864 497 1915 556 Α
1941 497 2196 570 Quodque
2224 498 2368 553 ferus
2393 511 2617 567 serpens
2642 498 2826 553 infecit
2855 498 2976 553 felle
3005 496 3216 560 veneni,

2014 598 2211 654 Christi
2239 598 2455 667 sanguis
2489 598 2543 652 in
2575 597 2674 652 hac
2700 582 2855 652 dulce
2883 596 3090 665 liquore
3119 582 3281 651 lavat.

1942 708 2175 780 Quaeque
2206 709 2311 777 lupi
2344 708 2551 764 fuerant
2576 709 2805 779 raptoris
2833 709 3009 777 praeda
3040 708 3255 774 ferocis,

2014 819 2069 872 In
2098 830 2256 872 cruce
2278 812 2512 869 restituit
2538 811 2769 883 Virginis
2791 826 2957 881 agnus
2981 825 3131 867 oves.

1946 927 2151 985 Tensus
2171 926 2225 981 in
2249 923 2332 980 his
2354 923 2537 990 ramis,
2561 936 2684 977 cum
2707 920 2904 990 plantis
2928 920 3146 975 brachia
3174 916 3415 987 pendens

3210 1006 3520 1084 [pandens].

2017 1106 2308 1162 Ecclesiam
2330 1102 2555 1189 stabilit,
2586 1100 2854 1173 pendulus
2882 1101 2997 1170 ipse
3021 1114 3197 1155 cruce.

1946 1218 2061 1275 Hoc
2088 1218 2207 1288 pius
2236 1217 2255 1255 ί
2289 1216 2343 1272 in
2369 1217 2517 1286 ligno
2546 1229 2802 1284 reparans
2824 1214 3099 1284 deperdita
3126 1214 3353 1284 pridem,

2018 1309 2170 1377 Quod
2198 1308 2348 1363 vetiti
2380 1306 2508 1378 ligni
2538 1320 2693 1378 poma
2716 1305 2885 1361 tulere
2912 1306 3055 1360 boni.

1949 1422 2140 1477 Addita
2167 1420 2293 1491 quin
2321 1422 2482 1476 etiam
2513 1420 2769 1475 virtutum
2803 1420 3013 1475 ﬂamma
3041 1428 3311 1486 coruscat,

2021 1512 2166 1567 Dona
2195 1511 2334 1583 quod
2357 1510 2628 1581 obsequiis
2652 1526 2782 1565 crux
2807 1520 2959 1580 parat
2987 1512 3099 1579 ipsa
3125 1511 3254 1566 suis.

1952 1625 2192 1694 Denique
2213 1633 2392 1679 sancta
2417 1623 2561 1677 cruci
2588 1623 2702 1678 haec
2726 1622 2925 1691 templa
2954 1621 3242 1706 Gregorius
3266 1622 3445 1689 oll'ert,

2025 1716 2159 1771 Dum
2184 1716 2346 1783 pallas
2377 1724 2402 1761 κ
2430 1711 2653 1782 ceperit,
2685 1715 2834 1782 signa
2864 1710 2890 1749 ιι
2919 1712 3155 1782 gerendo
3183 1712 3380 1768 crucis.

1881 1844 1930 1904 Β
1961 1828 2106 1882 Dona
2134 1835 2352 1893 repente
2380 1824 2525 1879 dedit
2546 1823 2721 1879 divina
2756 1822 2989 1890 potentia
3013 1820 3286 1890 Christus,

2029 1920 2149 1975 Mox
2181 1918 2277 1973 fuit
2307 1927 2362 1973 et
2382 1918 2491 1972 voti
2520 1932 2679 1972 causa
2706 1925 2887 1971 secuta
2914 1916 3004 1983 pii.

1956 2032 2119 2089 Pallia
2146 2046 2264 2085 nam
2295 2032 2509 2093 meruit,
2534 2038 2658 2084 sunt
2682 2044 2798 2099 quae
2827 2044 2988 2084 cruce
3017 2027 3176 2082 texile
3198 2026 3440 2095 pulchra.

2027 2123 2412 2193 Obsequiisque
2436 2121 2548 2176 suis
2576 2137 2705 2176 crux
2740 2121 2894 2176 habet
2919 2120 3059 2173 alma
3090 2132 3296 2174 cruces.

1959 2275 2122 2330 rietes
2151 2275 2416 2346 insigniri,
2448 2289 2511 2328 ac
2539 2274 2701 2346 velari
2730 2275 2973 2329 solebant
2998 2291 3011 2346 ξ
3037 2288 3262 2346 quorum
3291 2271 3534 2346 meminit

1959 2346 2115 2411 Greg.
2150 2343 2375 2411 Turon.,
2417 2345 2509 2399 lib.
2546 2346 2609 2399 de
2636 2345 2818 2400 Mirac.
2847 2345 3017 2400 sancti
3048 2343 3268 2407 Juliani,
3296 2359 3415 2411 cap.
3439 2343 3529 2406 20,

1964 2418 2047 2469 ubi
2078 2424 2263 2469 narrat
2292 2417 2461 2470 furem
2485 2417 2765 2484 quemdam
2789 2415 3086 2483 ingressum
3112 2413 3387 2467 basilicam
3413 2427 3529 2467 san-

1959 2487 2030 2541 cti
2057 2486 2272 2549 Juliani,
2298 2498 2456 2541 noctu
2484 2486 2724 2539 eamdem
2747 2485 3092 2552 compilasse;
3121 2484 3529 2552 detractamque,

1962 2556 2151 2622 inquit,
2184 2572 2214 2607 a
2245 2573 2441 2609 summo
2470 2573 2623 2609 unum
2663 2556 2871 2625 gemmis
2918 2555 3298 2608 coruscantibus
3324 2568 3529 2625 crucem

1960 2632 2026 2678 ad
2054 2637 2240 2679 terram
2285 2628 2482 2697 deiecit,
2513 2622 2836 2690 collectisque
2875 2625 3071 2687 velulis,
3103 2640 3163 2697 ac
3194 2622 3439 2697 palliolis,
3473 2623 3537 2697 de

1962 2698 2173 2749 circuitu
2220 2694 2465 2763 parii-tum
2518 2698 2872 2765 pendentibus,
2895 2712 3051 2748 unum
3073 2694 3333 2748 volucrum
3372 2694 3529 2765 facit.

1967 2766 2184 2821 Videtur
2234 2768 2408 2834 itaque
2457 2763 2613 2835 Greg.
2665 2766 2923 2831 ejusmodi
2975 2766 3162 2818 velulis
3206 2780 3268 2818 ac
3302 2763 3530 2835 palliolis

1963 2837 2181 2890 oratorii
2213 2832 2352 2891 illius
2382 2832 2583 2890 Turoni
2614 2839 2844 2905 parietes
2873 2850 3186 2900 exornasse,
3212 2850 3330 2902 quae
3358 2832 3532 2905 cruci-

1964 2906 2061 2959 bus
2084 2906 2356 2970 texilibus,
2385 2903 2702 2972 aliisque’ad
2736 2907 2964 2973 speciem
2993 2917 3045 2960 et
3073 2915 3321 2959 ornatum
3352 2903 3534 2972 operi-

1964 2976 2079 3039 bus,
2105 2978 2241 3046 picta
2272 2984 2472 3041 essent,
2499 2985 2657 3045 atque
2689 2976 3044 3040 interstincta,
3071 2975 3231 3046 idque
3259 2990 3324 3046 eo
3348 2988 3529 3046 versu,

1962 3043 2124 3170 quem
2171 3045 2414 3113 superius
2470 3043 2626 3101 retuli
2650 3086 2666 3111 ,
2701 3047 2823 3101 licet
2871 3045 3168 3112 obscurius,
3203 3043 3450 3110 indicari,
3476 3051 3535 3098 ut

2005 3116 2098 3170 ixi.
2120 3118 2462 3170 Crediderim.

2005 3116 2098 3179 ixi,
2120 3118 2462 3171 Crediderim.

356 3201 380 3227 ο
414 3192 561 3247 Edit.
592 3191 727 3248 Ven.
753 3234 769 3260 ,
802 3193 1004 3255 hmcque
1033 3193 1180 3245 modo
1216 3193 1416 3247 mundi.
1462 3191 1603 3247 Edit.
1644 3192 1813 3249 Paris.
1836 3235 1851 3260 ,
1881 3193 1932 3259 C
2032 3186 2161 3254 Qua!
2183 3201 2309 3241 vero
2334 3194 2628 3256 Sequuntur
2654 3206 2666 3241 :

283 3263 391 3316 hcc
418 3264 648 3330 quando,
676 3264 728 3316 in
760 3262 1015 3331 margine,
1036 3263 1298 3332 quoniam.

358 3332 378 3370 ί
409 3333 558 3387 Edit.
582 3332 777 3397 Paris.,
808 3333 903 3385 hoc
932 3348 1082 3396 Opus.

353 3413 381 3450 κ
410 3401 560 3459 Edit.
592 3403 747 3468 νειμ,
769 3404 930 3473 pallia
958 3402 1082 3456 dum
1111 3402 1320 3472 ceperit.
1346 3401 1405 3457 In
1429 3417 1534 3460 uno
1553 3401 1685 3458 Cod.
1708 3402 1875 3471 Ἴθι..-

283 3476 402 3527 dum
429 3474 575 3543 palla
601 3478 810 3543 ceperit.

350 3544 377 3581 δ
410 3541 697 3599 Βιλοῖτετυς
717 3552 903 3609 aestuat
930 3542 1215 3612 plurimum
1247 3541 1298 3596 in
1338 3542 1438 3599 hoc
1476 3542 1858 3598 obscurissime

284 3616 398 3669 loco
418 3613 758 3681 explicando.
788 3614 862 3666 Eo
889 3622 1064 3669 tamen
1096 3613 1389 3683 propendet
1411 3652 1427 3679 ,
1469 3622 1527 3668 ut
1553 3614 1735 3670 credat
1761 3629 1859 3683 per

284 3685 424 3740 hunc
444 3683 766 3739 versiculum
799 3699 816 3739 :
1864 3711 1871 3738 ε

466 3775 600 3824 Dum
624 3773 771 3837 pallas
791 3776 999 3837 coperlt,
1025 3776 1162 3839 signa
1185 3777 1408 3838 gerendo
1430 3776 1611 3837 crucis,

285 3862 366 3915 vel
393 3876 485 3915 eas
509 3860 681 3930 pallas
709 3859 932 3914 indicari
956 3861 1146 3928 quibus
1168 3868 1409 3915 contecta
1432 3860 1603 3916 fuerat
1629 3861 1764 3930 palla
1787 3863 1855 3918 ab

287 3930 675 4000 Hierosolymis
703 3930 908 4000 delata,
924 3931 1294 3984 miraculorum
1324 3930 1579 3997 ell'ectrix,
1603 3943 1694 3985 aut
1721 3941 1856 3987 tem-

288 4002 432 4066 plum
464 3999 675 4069 ipsutu,
707 4001 847 4069 quod
877 3999 1161 4071 Gregorius
1191 4001 1241 4052 in
1272 4001 1389 4069 ejus
1420 4002 1570 4069 pallae
1598 4001 1853 4057 honorem

287 4080 339 4125 et
382 4070 701 4125 memoriam
742 4070 1005 4136 erexerat,
1052 4085 1157 4139 quo
1195 4072 1407 4125 condita
1445 4071 1529 4125 illa
1554 4111 1570 4136 ,
1609 4086 1672 4126 ac
1695 4073 1856 4128 veluti

286 4149 536 4210 cooperta
580 4150 825 4208 tectaque
859 4139 1048 4195 fuerat.
1081 4140 1193 4195 lloc
1232 4149 1408 4195 autem
1450 4142 1703 4209 templum
1725 4182 1741 4207 ,
1771 4143 1856 4197 vel

285 4214 577 4265 oratorium
601 4225 628 4261 a
661 4210 917 4280 Gregorio
947 4210 1245 4265 dedicatum
1270 4212 1428 4264 luisse
1449 4211 1721 4278 opinatur,
1754 4226 1854 4265 an-

288 4291 498 4349 tequam
542 4280 826 4348 episcopus
857 4280 1185 4336 Turonensis
1225 4289 1515 4336 crearetur.
1558 4280 1725 4336 Deum
1756 4282 1857 4336 ita-

288 4367 385 4418 que
411 4352 654 4419 ejusdem
689 4352 934 4416 pietatem
964 4367 1024 4404 ac
1068 4350 1373 4419 religionem
1421 4350 1471 4403 in
1502 4366 1663 4406 cruce
1692 4352 1856 4406 deco-

288 4423 445 4474 randa
477 4423 605 4474 novi
646 4420 787 4474 illius
824 4422 1000 4488 Operis
1034 4421 1345 4485 molitione,
1387 4435 1609 4476 ornasse
1648 4424 1887 4490 episco—g

1886 4542 1942 4603 D

292 4493 388 4555 pali
414 4493 603 4559 pallio,
631 4493 712 4544 cui
738 4506 1012 4559 purpurea:
1036 4506 1222 4545 cruces
1247 4498 1400 4545 erant
1421 4490 1659 4559 intextae,
1694 4492 1853 4562 idque

288 4562 562 4615 declarare
590 4571 875 4630 sequentes
906 4576 1089 4615 versus
1118 4577 1133 4613 :

405 4674 545 4723 Dona
571 4680 781 4736 repente
799 4674 935 4723 dedit
957 4675 1117 4723 divina
1142 4676 1356 4734 potentia
1380 4672 1613 4736 Christus,

472 4736 583 4784 Mox
602 4735 692 4785 fuit
717 4743 767 4785 et
790 4739 887 4783 voti
912 4748 1055 4784 causa
1071 4745 1236 4784 secuta
1266 4737 1346 4796 pii.

410 4796 564 4861 Pallia
591 4809 703 4861 nam,
721 4799 926 4861 meruit,
936 4804 1049 4845 sunt
1067 4809 1176 4861 quae
1190 4810 1338 4861 cruce
1362 4798 1515 4846 texile
1533 4796 1751 4861 pulchra,

471 4860 835 4919 Obsequiisqne
857 4860 959 4906 suis
980 4871 1097 4907 crux
1124 4859 1273 4922 habet
1286 4858 1418 4922 alma
1439 4858 1631 4922 cruces,

408 4921 579 4983 Serica
601 4933 711 4980 quae
735 4922 891 4983 niveis
912 4927 1026 4969 sunt
1045 4931 1229 4983 agnava
1252 4920 1433 4970 blattea
1453 4920 1583 4983 telis,

475 4982 533 5029 Et
557 4982 711 5029 textis
732 4981 955 5029 crucibus
976 4982 1308 5041 magniﬁcatur
1328 4994 1472 5042 opus.

360 5067 447 5128 At,
473 5066 516 5116 si
544 5064 670 5117 licet
692 5064 1016 5132 conjecturas
1038 5064 1236 5132 aliquid
1255 5064 1334 5117 vel
1359 5079 1389 5118 a
1412 5079 1497 5119 me
1519 5064 1570 5119 in
1593 5078 1653 5119 re
1673 5064 1864 5120 obscu-

289 5134 707 5205 rissimaaﬂerri
740 5136 909 5203 (quod
943 5142 1119 5188 tamen
1146 5143 1315 5187 totum
1341 5136 1689 5189 eruditiorum
1713 5135 1864 5205 judi-

293 5207 374 5258 cio
404 5204 615 5272 penitus
643 5206 918 5274 submitte,
942 5212 1106 5273 atque
1135 5204 1527 5259 decernendum
1554 5205 1855 5274 relinquo),

290 5276 496 5329 videtur
522 5273 805 5329 dicendum
830 5273 989 5345 Greg.
1014 5274 1142 5328 Tur.
1180 5274 1307 5328 illud
1337 5288 1491 5329 suum
1524 5274 1663 5343 apud
1693 5273 1864 5330 Turo-

289 5356 401 5399 nes‘
427 5346 720 5399 oratorium
756 5348 809 5398 in
835 5346 1087 5398 honorem
1109 5345 1320 5413 quidem
1351 5354 1549 5400 sancte
1570 5346 1744 5399 crucis
1764 5346 1861 5399 ob-

291 5415 508 5479 tulisse,
542 5430 604 5469 ac
629 5415 941 5479 dedicasse;
973 5424 1060 5466 aut
1093 5414 1391 5468 dedicatum
1412 5416 1541 5482 jam,
1572 5416 1722 5468 novis
1746 5431 1864 5470 mu-

287 5486 508 5611 tifribus
532 5488 749 5541 auxisse
771 5524 788 5552 ,
830 5494 885 5540 et
906 5500 1227 5549 exornasse;
1255 5485 1503 5555 quocirca
1531 5485 1860 5541 versiculum

287 5572 302 5610 ι
349 5571 439 5611 um
472 5574 486 5609 :

287 5556 439 5611 illum
472 5574 486 5609 :

411 5646 541 5697 Dum
559 5646 709 5709 pallas
726 5648 932 5709 c0perit,
946 5648 1085 5708 signa
1104 5645 1323 5709 gerendo
1346 5647 1523 5706 crucis,

288 5724 359 5782 ita
386 5727 711 5783 crediderim
754 5742 873 5783 esse
918 5728 1339 5798 intelligendum,
1373 5739 1431 5784 ut
1476 5728 1734 5797 pallarum
1765 5745 1863 5785 no-

289 5801 431 5856 mine
456 5814 521 5856 ea
551 5799 918 5871 signiﬁcentur
960 5800 1171 5871 palliola
1201 5799 1391 5870 quibus
1422 5801 1741 5870 templorum
1768 5816 1863 5869 pa-

1862 3711 1871 3771 έ
1957 3689 2135 3771 Gloria
2179 3700 2468 3771 martyrum
2490 3727 2514 3771 ,-
2533 3702 2651 3771 cap.
2680 3690 2742 3771 6,
2761 3702 2862 3768 qua

2083 3300 2218 3349 Dona
2238 3307 2447 3363 repente
2467 3300 2605 3350 dedit
2621 3300 2783 3351 divina
2807 3302 3021 3364 potentia
3045 3301 3281 3365 Christus,

1958 3422 2063 3462 non
2104 3406 2169 3462 ad
2204 3407 2417 3476 pallium
2461 3407 2934 3477 archiepiscopale.
2968 3418 3023 3463 ut
3075 3413 3239 3477 putat
3264 3405 3444 3477 lirovv.
3474 3411 3533 3458 et

1958 3493 2076 3533 cum
2120 3474 2346 3540 eo‘alii,
2378 3478 2565 3532 referri
2616 3474 2970 3547 malofquam
3032 3478 3098 3531 ad
3144 3475 3334 3543 pallam
3381 3474 3534 3547 illam

1959 3547 2333 3610 holosericam,
2363 3563 2519 3614 quam
2569 3544 2945 3602 miraculorum
2994 3548 3317 3603 effectricem
3368 3544 3533 3611 Greg.

1956 3619 2023 3672 ab
2050 3619 2249 3673 advena
2294 3618 2522 3686 quodam
2576 3632 2634 3673 se
2681 3619 2949 3681 accepisse
2993 3624 3214 3673 testatur
3238 3656 3255 3682 ,
3290 3615 3380 3686 lib.
3414 3629 3430 3669 ι
3462 3615 3536 3686 de

2912 3691 3047 3757 palla
3077 3699 3288 3741 crucem
3322 3684 3536 3757 Domini

1958 3754 2339 3829 Hierosolymis
2378 3754 2665 3811 involutam
2720 3754 2884 3814 fuisse
2914 3754 3014 3814 ille
3040 3757 3363 3829 affirmabat.
3411 3754 3538 3809 Haec

1958 3828 2224 3897 profecto,
2252 3843 2372 3896 quae
2402 3836 2478 3882 tot
2505 3831 2769 3883 claruerat
2794 3829 3064 3897 prodigiis,
3090 3828 3249 3896 digna
3274 3834 3392 3897 erat
3417 3840 3538 3893 qua:

1958 3895 2060 3964 piis
2086 3895 2327 3966 Gregorii
2353 3899 2489 3952 votis
2519 3900 2569 3952 iu
2595 3899 2837 3953 ornando
2862 3895 3094 3953 oratorio
3120 3895 3259 3965 apud
3283 3895 3531 3950 Turones

1958 3970 2010 4022 iu
2043 3969 2300 4023 honorem
2329 3980 2529 4022 sancta:
2558 3970 2733 4023 crucis
2762 3970 3134 4037 responderet,
3157 3975 3212 4020 et
3234 3967 3321 4021 illa
3350 3974 3535 4020 essent

1956 4039 2094 4093 dona
2125 4054 2243 4108 quae
2271 4039 2414 4093 daret
2438 4039 2610 4092 divina
2634 4036 2865 4107 potentia
2883 4036 3135 4092 Christus.
3170 4037 3538 4108 Sane_versus

1957 4109 2044 4176 qui
2078 4103 2474 4176 consequuntur
2501 4103 2742 4163 eamdem
2778 4123 2894 4163 rem
2920 4107 3240 4164 confirmare
3262 4103 3537 4172 videntur,

1958 4178 2153 4248 quibus
2181 4179 2257 4230 ait
2284 4177 2605 4233 Fortunatus
2633 4195 2646 4230 :

2081 4287 2162 4338 Sic
2184 4290 2281 4337 cito
2299 4288 2508 4351 pontiﬁci
2532 4286 2668 4337 dedit
2687 4289 2861 4351 devota
2885 4286 3121 4351 voluntas,

2140 4349 2482 4413 Atqueidicata
2506 4351 2659 4413 cruci,
2681 4350 2869 4413 condita
2896 4349 3003 4400 vela
3029 4350 3221 4413 placent

2083 4411 2232 4461 Unde
2247 4411 2508 4473 salutifero,
2518 4411 2659 4473 signo
2679 4412 2787 4473 tibi,
2807 4411 2940 4460 clare
2958 4412 3203 4469 sacerdos,

2141 4475 2245 4524 Hoc
2264 4475 2341 4522 cui
2360 4472 2666 4535 complacuit,
2687 4472 2897 4522 reddere
2917 4486 3091 4535 magna
3112 4473 3256 4523 valet.

2033 4600 2162 4669 Quae
2199 4615 2328 4656 sane
2371 4599 2636 4669 quomodo
2661 4608 2783 4665 apte
2826 4599 2889 4655 ad
2923 4600 3135 4668 pallium
3167 4597 3533 4667 archiepisco-

1963 4673 2081 4739 pale
2104 4671 2289 4726 referri
2314 4679 2368 4726 et
2395 4672 2786 4726 accommodari
2814 4672 3018 4738 possint
3048 4685 3152 4724 non
3185 4669 3365 4725 video.
3392 4669 3536 4723 Nihil

1961 4750 2137 4797 autem
2189 4742 2529 4797 verisimilius
2574 4756 2732 4809 quam
2780 4751 2835 4795 ut
2885 4740 2999 4795 hzcc
3048 4740 3349 4794 holoserica
3397 4740 3536 4808 palla

1962 4812 2237 4866 textilibus
2265 4812 2513 4865 crucibus
2559 4826 2654 4878 pro
2701 4826 2767 4865 eo
2806 4811 2890 4865 cui
2924 4811 3239 4865 inservierat
3264 4824 3362 4865 usu
3392 4818 3538 4864 esset

1962 4881 2124 4949 picta,
2148 4891 2305 4949 atque
2354 4881 2626 4944 distincta,
2656 4896 2838 4950 eaeque
2865 4894 3055 4935 cruces
3094 4890 3149 4935 et
3175 4887 3538 4950 purpureo_et

1962 4948 2187 5007 candido
2220 4948 2403 5005 colore
2429 4960 2611 5005 essent
2636 4948 2927 5020 permistze,
2958 4950 3100 5021 quod
3122 4948 3357 5006 indicare
3384 4948 3536 5004 vide-

1962 5030 2049 5076 tur
2075 5036 2306 5090 sequens
2334 5035 2518 5075 versus
2542 5039 2555 5074 :

2081 5133 2247 5183 Serica
2270 5145 2380 5194 qua
2404 5134 2563 5184 niveis
2584 5141 2698 5183 sunt
2720 5144 2902 5193 agoava
2921 5132 3101 5182 blattea
3124 5131 3257 5182 tells.

2034 5237 2147 5292 Etsi
2200 5235 2287 5291 hic
2334 5250 2522 5291 versus
2568 5237 2922 5306 perobscurus
2968 5234 3158 5291 evadat
3202 5232 3435 5306 maxime
3464 5247 3534 5289 ex

1962 5306 2293 5429 ignoratione
2317 5309 2555 5377 germani
2577 5305 2799 5370 sensus,
2828 5308 2915 5372 qui
2947 5307 3129 5360 subest
3157 5305 3274 5359 voci
3303 5320 3531 5374 aguaua.

1962 5407 1979 5429 ι
2010 5394 2091 5429 am
2115 5378 2255 5429 ouod
2286 5377 2569 5429 Browerus
2587 5386 2769 5429 censet
2790 5391 2971 5429 vocem
3000 5391 3200 5429 aanava
3226 5390 3322 5429 oro
3342 5376 3531 5429 Graeca

1962 5376 2091 5431 Nam
2115 5378 2255 5446 quod
2286 5376 2569 5433 Browerus
2587 5386 2769 5432 censet
2790 5391 2971 5431 vocem
3000 5391 3200 5445 agnava
3226 5376 3531 5446 prorGraaca

1962 5445 2158 5522 ἄγναφά
2189 5449 2452 5522 usurpari,
2494 5463 2616 5522 non
2651 5448 2835 5522 prohu.
2883 5447 3029 5522 _Cum_
3054 5456 3119 5522 et
3173 5460 3278 5500 vox
3325 5445 3535 5522 istiuas.

1962 5515 2135 5586 palam
2176 5518 2360 5572 Grieca
2385 5558 2401 5582 ,
2432 5533 2463 5571 a
2506 5517 2706 5572 Latinis
2738 5515 2897 5585 (quod
2943 5516 3157 5586 quidem
3203 5530 3303 5586 ego
3344 5518 3535 5585 sciam)

1965 5603 2059 5640 usu
2093 5589 2209 5641 trita
2254 5604 2357 5642 non
2388 5588 2477 5651 sit,
2508 5598 2562 5641 et
2607 5602 2797 5656 sensus
2837 5586 2926 5656 qui
2975 5586 3149 5642 eidem
3194 5589 3382 5643 subeat
3411 5587 3535 5641 huic

1964 5658 2080 5711 luco
2107 5659 2322 5712 minime
2345 5656 2677 5727 respondeat.
2698 5654 2926 5727 'Ayvapa
2949 5658 3095 5712 enim
3125 5657 3264 5713 idem
3293 5666 3451 5713 sonat
3474 5670 3537 5711 ae

1964 5679 2080 5711 meo
2107 5679 2322 5712 nnmrne
2345 5679 2677 5727 respunueat.
2722 5679 2757 5710 Δ
2824 5679 2926 5727 aea
2949 5679 3095 5712 enim
3126 5679 3264 5713 luem
3293 5679 3451 5713 sonat
3474 5679 3537 5711 ac

1963 5729 2169 5800 minime
2192 5738 2412 5799 purgata
2439 5744 2470 5780 α
2496 5728 2708 5800 fullone.
2761 5679 2966 5783 mallem
3005 5729 3192 5798 itaque
3224 5728 3402 5800 legere
3431 5728 3500 5781 ad
3517 5754 3539 5768 -

1965 5798 2093 5863 dita,
2123 5799 2222 5855 nisi
2257 5798 2469 5856 vererer
2498 5799 2615 5853 voci
2648 5798 2863 5855 nimiam
2894 5800 2998 5855 vim
3030 5802 3253 5856 inferre.
