4060 6190
446 374 520 431 95

1051 484 1279 541 CAPUT
1324 483 1413 535 Vl.

1006 579 1077 632 De
1104 586 1284 632 sancta
1316 591 1485 629 cruce.

1010 702 1478 745 8VLASASAI.VS

1058 781 1440 823 LASATASAL

1091 861 1394 902 SATRTAS

1134 942 1357 981 TRERT

1131 1022 1353 1061 RECER

1133 1100 1355 1140 εοιεε

1131 1178 1349 1220 CIBIC

1129 1260 1353 1299 1111111

650 1343 701 1383 γι
1138 1340 1359 1380 "IIII!
1760 1337 1832 1378 CV

650 1422 744 1465 ‘GV
1133 1422 1189 1461 Il
1219 1413 1269 1460 Χ
1298 1422 1357 1460 Ml
1729 1418 1836 1458 NEC

654 1494 1826 1543 GVFERIHINXVXMDOIIINIIIB

659 1570 1838 1620 vrzntutuxvnVXDOtuturu

662 1650 1417 1701 FERII‘IIIXVBCRVX
1470 1655 1838 1697 DOMINI

658 1730 1366 1795 vesuluruxvnvx
1418 1736 1893 1777 DOMINIII-

656 1811 1319 1862 avrunlulexvx
1362 1817 1840 1859 EDOIINIHB

661 1900 750 1941 tcv
1136 1902 1198 1939 se
1228 1892 1276 1938 x
1307 1900 1369 1939 es
1735 1897 1839 1937 nec

659 1980 712 2018 Vl
1129 1978 1366 2018 TSEST
1772 1976 1838 2016 CV

660 2058 696 2097 Ι
1132 2058 1372 2107 0⁸18το
1804 2056 1839 2095 ﬂ

1124 2138 1366 2185 VQ‘I‘QV

1132 2218 1364 2266 AVQVA

1130 2299 1362 2337 MAVAII

1132 2377 1361 2416 εΜΑΜε

1135 2456 1355 2496 εεωεε

1131 2528 1352 2567 DIESEII

1129 2607 1353 2645 PII-1MP

1126 2687 1351 2725 EPMPB

1073 2767 1405 2805 AREPERL

1020 2844 1443 2885 ODARERADO

976 2923 1500 2964 ORODARADORO

1058 3022 1288 3080 CAPUT
1322 3023 1428 3078 VII.

709 3120 949 3191 Hymnus
995 3118 1050 3171 in
1095 3118 1339 3172 honorem
1368 3127 1560 3174 sancta:
1605 3114 1813 3174 crucis.'

885 3228 1091 3285 Vexilla
1118 3229 1263 3300 regis
1293 3229 1581 3299 prodeunt,

831 3322 1020 3393 Fulget
1047 3323 1221 3377 crucis
1250 3323 1589 3393 mysterium,

816 3417 934 3482 Quo
961 3429 1125 3470 carne
1155 3415 1332 3469 carnis
1362 3415 1613 3471 conditor

819 3508 1127 3576 Suspensus
1157 3516 1237 3561 est
1268 3508 1529 3576 patibulo.

893 3598 1112 3652 Conﬁxa
1144 3602 1169 3628 ³³
1200 3600 1368 3654 clavis
1398 3600 1633 3669 viscera,

818 3690 1067 3744 Tendens
1097 3706 1286 3745 manus
1316 3692 1562 3762 vestigia,

822 3780 1219 3848 Redemptioiiis
1246 3781 1447 3851 gratia.

824 3873 920 3927 llic
950 3874 1222 3928 immolata
1253 3885 1336 3929 est
1361 3876 1559 3931 hostia.

889 3967 1007 4035 Quo
1035 3966 1063 4005 δ
1089 3969 1398 4024 vulneratus
1426 3970 1669 4042 insuper,

821 4058 1074 4115 Macrone
1094 4060 1214 4114 diro
1239 4073 1261 4101 ο
1295 4060 1520 4128 lancem,

821 4151 889 4207 Ut
918 4168 1015 4207 nos
1046 4153 1248 4210 lavaret
1272 4155 1519 4221 crimine,

820 4242 1055 4299 Manavit
1083 4244 1221 4300 unda
1251 4245 1278 4282 ά
1308 4246 1593 4315 sanguine.

887 4336 1109 4405 Impleta
1139 4346 1261 4392 sunt
1293 4352 1411 4407 quae
1439 4339 1676 4395 concinit

816 4425 983 4482 David
1018 4428 1159 4483 ﬁdeli
1189 4438 1212 4465 ε
1236 4428 1498 4495 carmine,

534 4613 559 4640 ⁸
589 4604 737 4658 Unus
765 4601 899 4657 Cod.
931 4600 1075 4667 νει,
1101 4600 1334 4667 conﬁxus
1363 4599 1547 4656 clavis.

531 4671 562 4713 δ
593 4674 747 4739 lbid.,
770 4673 907 4742 quod
935 4674 1245 4725 vulneratus.

539 4755 561 4811 '3
595 4743 755 4811 Ibid.,
785 4744 895 4796 dire
922 4743 1133 4796 lancem.

533 4810 561 4850 ἀ
590 4814 648 4868 1η
678 4810 783 4867 uno
811 4813 942 4867 Cod.
976 4812 1116 4880 Vat.,
1144 4822 1192 4866 et
1217 4810 1495 4881 sanguine.

536 4893 561 4955 ξ
589 4882 650 4955 In
679 4884 874 4955 Hymn.
905 4883 976 4955 cl.
997 4883 1178 4955 Tom.,
1207 4883 1372 4955 David
1399 4882 1570 4952 ﬁdelis
1599 4884 1847 4955 carmine.

540 4953 560 4991 ί
593 4954 650 5008 In
678 4953 841 5009 duob.
871 4954 1042 5007 Codd.
1074 4954 1220 5021 Vat.,
1243 4954 1460 5008 dicendo
1489 4955 1800 5011 nationibus.
1836 4954 1964 5012 Item
1994 4956 2051 5013 in

465 5034 772 5096 pervetusta
813 5023 1037 5088 scheda,
1064 5039 1127 5081 ac
1179 5039 1315 5095 pene
1363 5024 1591 5091 derosa,
1623 5026 1831 5096 adjecta
1864 5029 1953 5083 uni
1981 5042 2051 5085 ex

465 5095 633 5151 Codd.
662 5110 797 5152 mss.
835 5095 952 5151 Vat.
982 5096 1037 5151 in
1060 5110 1161 5165 qua
1192 5098 1458 5163 reperitur
1485 5095 1589 5152 hoc
1614 5095 1823 5166 poema.

540 5176 574 5238 lt
596 5167 719 5222 Hzec
747 5168 942 5238 verba,
972 5167 1203 5238 regnavit
1246 5182 1279 5219 a
1321 5167 1472 5238 ligno
1507 5166 1666 5233 Deus,
1697 5168 1947 5235 leguntur
1993 5168 2051 5224 in

466 5236 605 5309 psal.
632 5253 773 5309 xcv,
786 5237 939 5309 juxta
990 5235 1294 5293 versionem
1339 5235 1480 5309 LXX
1504 5277 1521 5301 ,
1547 5252 1705 5309 quam
1757 5238 2045 5295 lectionem

469 5307 710 5379 plerique
763 5306 938 5364 Latini
990 5309 1176 5364 Patres
1217 5306 1386 5363 secuti
1437 5306 1585 5379 sunt.
1632 5308 1946 5379 Quanquam
1995 5311 2048 5365 in

468 5378 652 5469 (.Iodd.’
674 5378 803 5470 Vat.’
814 5389 878 5470 et
907 5379 1195 5470 It‘lexandr.
1219 5379 1416 5435 desunt
1434 5378 1550 5448 illa,
1572 5392 1637 5435 ac
1660 5379 1833 5437 solum
1856 5380 2052 5452 legitur

467 5451 547 5505 ὅτι
583 5451 765 5523 κύριος
784 5451 1114 5507 ἐϐασίλευσε.

540 5515 570 5591 ξι
597 5520 651 5591 1η
679 5535 783 5591 uno
812 5520 968 5583 Cod.,
994 5520 1319 5591 praedamque
1351 5519 1490 5577 tulit.

546 5585 564 5627 ί
593 5589 746 5656 Ibid.,
778 5606 958 5644 aroma
987 5592 1160 5660 fundis
1182 5585 1388 5646 cortice.

543 5661 570 5730 ιί
599 5660 653 5714 In
682 5675 788 5715 uno
813 5660 948 5715 Cod.
982 5662 1125 5724 Vah,
1154 5663 1311 5716 vincis
1356 5678 1592 5730 saporem
1629 5661 1869 5717 nectaris.
1919 5660 2050 5717 Item

470 5728 525 5784 in
557 5729 750 5801 Hymn.
778 5730 848 5785 cl.
878 5731 1034 5786 Tom.
1070 5733 1354 5788 Browerus
1396 5728 1572 5788 tamen
1602 5732 1833 5788 afﬁrmat
1859 5733 2051 5787 lectio-

473 5815 595 5857 nam
625 5802 764 5857 hanc
793 5816 821 5856 a
849 5816 981 5860 mss.
1010 5802 1295 5861 Codicibus
1337 5803 1509 5874 rejici,
1535 5819 1651 5861 eam
1678 5817 1809 5862 vero
1834 5802 2051 5876 probari

1180 362 1504 419 VENANTII
1545 359 1702 417 IiO‘N.
1744 356 1952 414 CLEM.
1996 351 2392 411 FORTUNATI
2433 347 2719 408 OPERUM
2758 345 2939 404 PARS
2977 345 3023 402 I.

2064 480 2111 533 Δ

2077 4534 2132 4595 D

2416 479 2427 487 '
2497 466 2692 522 Diceris
2725 463 2745 504 ί
2778 482 2790 518 :
2818 464 2875 520 In
2901 461 3203 519 nationibus

2499 557 2761 629 Regnavit
2791 566 2816 605 Β
2842 573 2872 612 a
2901 556 3043 627 ligno
3069 557 3232 610 Deus.

2573 650 2748 705 Arbor
2775 650 3003 715 decora,
3033 658 3089 705 et
3116 646 3341 719 fulgida,

2504 742 2706 798 Ornata
2735 740 2877 812 regis
2904 754 3166 810 purpura,

2504 836 2687 891 Electa
2710 835 2871 906 digno
2895 835 3079 906 stipite

2504 929 2635 984 Tam
2663 938 2847 985 sancta
2874 930 3115 984 membra
3147 935 3391 1000 tangere.

2580 1020 2766 1086 Beata,
2800 1020 2954 1091 cujus
2982 1020 3239 1088 brachiis,

2508 1115 2748 1173 Pretium
2784 1116 3039 1187 pependit
3063 1118 3265 1184 saeculi,

2510 1208 2721 1264 Statera
2753 1208 2887 1263 facta
2918 1217 3002 1263 est
3022 1210 3273 1279 corporis

2513 1299 2756 1355 Pmdam
2785 1296 2813 1337 ¹ι
2850 1300 3073 1371 tulitque
3100 1301 3334 1358 Tartari.

2583 1392 2787 1449 Fundis
2816 1408 2999 1448 aroma
3034 1391 3051 1431 ί
3087 1394 3314 1460 cortice,

2515 1484 2697 1542 Vincis
2723 1500 2916 1555 sapore
2949 1488 2964 1536 i
3005 1495 3244 1554 nectare,

2512 1575 2754 1631 Jucunda
2784 1576 2960 1632 fructu
2988 1576 3175 1642 fertili,

2514 1669 2731 1725 Plsudis
2758 1669 3029 1739 triumpho
3059 1667 3087 1708 ι
3112 1669 3299 1727 nobili.

2588 1760 2752 1817 Salve
2780 1776 2896 1827 ara,
2927 1761 3072 1816 salve
3104 1761 3321 1818 victima

2516 1853 2593 1910 De
2620 1853 2887 1924 passionis
2917 1853 3087 1922 gloria
3115 1853 3164 1920 ι,

2512 1948 2628 2015 Qua
2654 1957 2694 1985 ιιι
2716 1946 2823 2002 vita
2853 1956 3082 2003 mortem
3110 1945 3351 2016 pertulit,

2517 2039 2585 2095 Et
2611 2048 2785 2095 morte
2815 2039 2981 2123 vitam
3012 2037 3265 2095 reddidit.

2745 2181 2976 2239 CAPUT
3016 2181 3148 2239 VIII.

2622 2273 2688 2328 1η
2717 2292 2921 2329 sacrum
2948 2276 3276 2346 baptismum.

2588 2407 2708 2463 Titii
2737 2416 2764 2444 ιι
2796 2408 2913 2463 laus
2945 2408 3219 2480 perennis,
3243 2415 3433 2465 auctor

2518 2497 2863 2564 Baptismatis
2890 2508 3151 2564 sacrator,

2510 2591 2611 2656 Qui
2642 2601 2788 2646 sorte
2817 2592 3084 2661 passionis

2515 2683 2621 2737 Das
2649 2683 2925 2753 praemium
2957 2684 3173 2740 salutis.

2588 2774 2703 2829 Nox
2732 2775 2872 2828 clara
2906 2774 3046 2844 plus,
3079 2783 3135 2830 et
3162 2773 3324 2839 alma,

2514 2866 2686 2934 Quam
2718 2866 2868 2934 luna,
2897 2865 3000 2930 sol,
3027 2874 3082 2920 et
3107 2873 3275 2933 astra,

2514 2956 2644 3023 Quae
2675 2957 2934 3012 luminum
2964 2971 3163 3012 corona

2510 3049 2711 3106 Reddis
2740 3049 2880 3106 diem
2912 3064 3006 3116 per
3032 3049 3297 3105 umbram.
3374 3048 3516 3105 Tibi.

2593 3143 2795 3211 Dulcis,
2823 3152 3056 3209 sacrata,
3083 3141 3300 3210 blanda,

2524 3235 2730 3301 Electa,
2760 3250 2912 3304 pura,
2944 3234 3191 3304 pulchra,

2519 3326 2732 3383 Sudans
2759 3327 2962 3381 honore
2990 3326 3172 3383 mella.

2518 3418 2719 3488 Rigans
2744 3419 2909 3473 odore
2937 3418 3192 3474 chrisma.
3265 3418 3410 3475 Tibi.

2593 3511 2647 3565 In
2675 3525 2777 3580 qua
2802 3510 3131 3580 Redemptor
3158 3510 3331 3578 orbis,

2521 3604 2597 3657 De
2636 3612 2808 3658 morte
2837 3604 2993 3658 vivus
3016 3603 3149 3669 exit,

2518 3694 2586 3749 Et
2612 3708 2747 3762 quos
2777 3704 2963 3749 catena
2994 3694 3188 3759 vinxit,

2523 3783 2778 3853 Sepultus
2806 3783 2897 3838 ille
2924 3784 3105 3838 solvit.
3181 3784 3327 3840 Tibi.

2586 3877 2757 3943 Quam
2786 3874 3032 3930 Christus
3054 3876 3265 3946 aperuit

2521 3968 2600 4023 Ad
2641 3968 2878 4037 gentium
2909 3965 3136 4023 salutem

2513 4059 2675 4130 Cujus
2700 4058 2896 4121 salubri
2922 4074 3071 4129 cura,

2522 4153 2682 4209 Redit
2708 4164 2899 4209 novata
2930 4153 3160 4224 plasma.
3234 4151 3377 4209 Tibi.

2585 4246 2839 4302 Accedite
2864 4259 2993 4314 ergo
3022 4244 3173 4315 digni

2523 4334 2606 4390 Ad
2632 4333 2856 4405 gratiam
2884 4333 3104 4402 lavacri,

2512 4423 2629 4493 Quo
2656 4425 2804 4481 fonte
2830 4425 3060 4482 recreati

2161 4618 2321 4673 quam
2354 4601 2468 4669 ipse
2496 4599 2755 4673 sequitur.
2782 4598 2893 4655 Nec
2918 4599 3162 4665 dubium,
3191 4597 3287 4667 ait,
3321 4597 3445 4673 quin
3478 4599 3744 4673 Fortuna-

2158 4670 2245 4729 tus
2273 4670 2549 4743 scripserit
2575 4671 2734 4725 uincis
2754 4687 2937 4743 sapore
2957 4683 3157 4726 nectare
3187 4679 3245 4726 ut
3273 4670 3511 4743 membra
3544 4672 3597 4727 in
3619 4689 3744 4727 cer-

2146 4744 2256 4799 tice
2274 4753 2330 4799 et
2353 4740 2559 4798 nectare
2586 4744 2893 4797 concinant.
2925 4742 2980 4797 In
3014 4756 3122 4798 uno
3148 4756 3250 4797 ms.
3294 4740 3428 4798 Cod.
3463 4741 3581 4798 Vat.
3614 4744 3743 4800 item

2122 4872 2129 4883 ,
2160 4815 2352 4880 legitur
2374 4829 2390 4868 :
2414 4813 2571 4884 uincis
2596 4827 2777 4884 sapore
2807 4825 3032 4868 nectare.

2228 4885 2257 4924 ι
2299 4885 2439 4941 Edit.
2486 4882 2664 4949 Ven;
2693 4883 2898 4954 plaudis
2942 4883 3260 4954 triumphant
3305 4883 3546 4954 nobilem.
3592 4882 3744 4940 Unus

2156 4957 2291 5014 Cod.
2324 4956 2523 5021 Vatic.,
2552 4952 2843 5009 mendose:
2869 4954 3076 5023 plaudis
3102 4952 3421 5022 triumphum
3449 4954 3627 5009 nobili.

2234 5027 2345 5083 1In
2368 5028 2767 5099 Iiymn_._supra_
2795 5025 2967 5093 laud.,
3016 5025 3082 5079 de
3130 5025 3384 5099 passionis
3423 5024 3614 5099 hostia.
3658 5023 3742 5080 Ad

2157 5094 2456 5155 extremum
2486 5096 2697 5151 additur
2727 5094 2772 5149 0
2800 5111 2932 5151 orna:
2957 5110 3069 5163 ave,
3093 5110 3210 5165 spes
3231 5094 3407 5165 unica,
3427 5105 3486 5151 ut
3514 5094 3746 5152 habetur

2154 5169 2209 5226 in
2240 5168 2444 5237 vulgari
2473 5168 2649 5222 crucis
2676 5168 2899 5237 hymno.

2229 5250 2268 5278 ω
2306 5236 2360 5293 lu
2388 5252 2494 5293 uno
2515 5237 2647 5293 Cod.
2681 5236 2822 5302 νει,
2853 5236 2973 5306 quia
2996 5236 3120 5291 vita.

2227 5318 2257 5348 ιι
2288 5310 2444 5365 Hunc
2473 5309 2751 5381 hymnum,
2779 5303 2892 5381 sive
2919 5308 3174 5381 rithmurn
3205 5305 3474 5381 ediditc‘l.
3500 5303 3745 5381 Edmun-

2156 5381 2257 5438 dus
2302 5376 2539 5436 Martene
2559 5420 2575 5444 ,
2606 5379 2676 5434 de
2716 5378 2887 5447 antiq.
2934 5379 3079 5434 Eccl.
3110 5379 3323 5435 Ritibus
3346 5417 3364 5443 ,
3392 5376 3484 5431 lib.
3519 5391 3571 5443 ι,
3602 5390 3652 5433 c.
3676 5376 3741 5447 1,

2155 5460 2258 5507 art.
2285 5452 2375 5513 18,
2404 5449 2524 5505 ord.
2554 5451 2588 5505 9
2610 5490 2625 5516 ,
2648 5445 3019 5519 depromptum
3059 5463 3124 5504 ex
3152 5445 3746 5519 pontiﬁcaliAEcclesiae

2158 5520 2506 5578 Pictaviensis
2534 5534 2626 5575 an.
2660 5520 2784 5575 800.
2831 5516 2949 5587 Ipse
2976 5516 3247 5575 existimat
3285 5534 3407 5575 esse
3433 5516 3741 5582 Fortunati,

2154 5593 2239 5647 cui
2270 5592 2424 5648 facile
2450 5591 2779 5645 assentiatur
2800 5594 2887 5658 qui
2907 5590 3225 5646 afﬁnitatem
3245 5604 3309 5646 ac
3328 5589 3744 5646 similitudinem

2155 5662 2397 5731 ejusdem
2419 5675 2540 5716 cum
2563 5662 2706 5731 stylo
2738 5661 2962 5717 Fortun.
2990 5662 3301 5717 attenderit.
3332 5660 3486 5717 Nunc
3507 5660 3741 5728 primum

2154 5734 2367 5861 actitatis
2412 5732 2691 5790 Fortunati
2720 5733 2984 5804 Operibus
3010 5732 3298 5805 adjunctus
3325 5732 3379 5790 in
3408 5732 3585 5788 lucem
3614 5744 3745 5800 pro-

2193 5821 2209 5860 ι
2239 5845 2252 5859 .

2193 5812 2252 5860 ιι.
