4060 6190
496 301 562 355 99

848 410 948 465 Pro
979 410 1122 479 Rege
1153 410 1288 464 colla
1319 409 1570 464 tradidit:

849 503 1201 557 Dilectionem
1233 501 1488 570 pectoris,

853 592 1078 646 Cerviee
1106 604 1264 652 caesa,
1296 588 1545 654 prodidit.

915 681 1131 748 Magnus
1161 677 1434 741 sacerdos,
1468 677 1552 744 qui
1578 676 1737 729 dabat

845 769 1046 838 Templi
1079 776 1282 821 sacrata
1315 782 1557 822 munera.

843 861 981 916 Fuso
1008 863 1162 914 beato
1188 861 1470 928 sanguine,

847 952 940 1006 Est
970 949 1140 1005 factus
1167 951 1280 1020 ipse
1308 951 1541 1004 victima.

912 1042 1058 1096 Feli-x
1092 1043 1178 1110 pio
1207 1040 1275 1095 de
1305 1041 1550 1106 vulnere,

833 1137 961 1201 Qua:
989 1147 1144 1202 poena
1177 1132 1406 1202 palmam
1437 1128 1694 1200 pra-built

844 1224 944 1293 Qui
971 1237 1143 1278 morte
1173 1234 1397 1278 mortem
1420 1221 1674 1286 conteris,

833 1315 984 1370 Nunc
1015 1329 1172 1384 regna
1196 1312 1324 1367 cteli
1349 1311 1614 1379 possides.

905 1405 1086 1459 Gloria
1118 1405 1188 1458 sit
1218 1404 1328 1458 Deo
1349 1403 1515 1466 Patri,
1609 1462 1612 1465 Α

840 1497 1020 1552 Gloria
1051 1496 1356 1567 Uuigenito,

839 1588 953 1642 Una
984 1601 1102 1641 cmn
1135 1597 1318 1642 sancto
1340 1585 1563 1654 Spiritu,

840 1679 894 1732 lu
925 1676 1254 1748 sempiterna
1285 1677 1501 1729 smcnla.

1085 1761 1308 1820 CAPUT
1366 1765 1455 1819 XI.

928 1836 1007 1889 De
1043 1837 1228 1889 domno
1254 1837 1538 1890 Saturnino
1561 1844 1610 1888 ⁸.

487 1921 701 1993 [Sancti
724 1929 1018 1993 Saturnini,
1045 1928 1197 1995 primi
1223 1926 1430 1980 Tolosa).
1461 1927 1721 1994 episcopi,
1751 1923 2063 1995 martyrium

826 2037 890 2078 ac
917 2021 1164 2076 virtutem
1191 2022 1417 2090 sepulcri
1449 2017 1746 2090 deseribit.]

489 2114 662 2171 Janua
691 2114 832 2170 celsa
864 2114 992 2183 poli,
1026 2121 1168 2168 terra
1199 2113 1461 2180 pulsante,
1493 2113 1734 2180 patescit,

559 2204 623 2257 Et
651 2202 839 2271 recipit
869 2211 1045 2267 natos,
1079 2215 1216 2272 quos
1241 2203 1518 2271 generavit
1545 2201 1757 2254 humus.

481 2296 807 2353 Admiranda
836 2293 862 2333 ιι
895 2297 1009 2349 haec
1038 2304 1124 2349 est
1148 2296 1358 2349 occasio
1387 2293 1524 2348 facta
1554 2294 1764 2356 salutis,

558 2387 629 2442 Ut
650 2387 717 2441 de
739 2393 915 2440 morte
948 2399 1044 2439 sua
1075 2387 1290 2453 praemia
1322 2384 1456 2438 lucis
1486 2393 1686 2438 emant.

483 2477 800 2535 Saturninos
820 2480 960 2534 enim
986 2475 1207 2547 cupiens
1236 2491 1296 2531 se
1326 2484 1536 2531 nectere
1566 2475 1797 2537 Christo,

555 2571 771 2626 Carnali
800 2569 851 2624 in
885 2570 1064 2624 habitu
1094 2567 1265 2622 noluit
1294 2581 1414 2621 esse
1438 2565 1558 2619 diu.

488 2664 705 2719 Vincula
731 2662 972 2732 corporei
994 2660 1294 2714 dissolvere
1314 2655 1830 2729 [dissolvijcareeris
1853 2663 2065 2723 optans,

556 2753 768 2807 Plenius
793 2763 850 2806 ut
881 2751 1105 2805 Domino
1128 2764 1185 2804 se
1206 2747 1435 2804 sociaret
1468 2748 1647 2802 homo.

486 2843 752 2913 Tempore
781 2851 992 2896 maturo
1017 2855 1136 2895 cum
1163 2838 1274 2909 jam
1299 2853 1422 2909 spes
1441 2845 1590 2893 esset
1617 2835 1820 2899 adulta,

558 2933 914 3002 Sumpserunt
941 2931 1165 3000 pretium
1191 2938 1311 2983 vota
1346 2932 1498 2982 beata
1528 2943 1702 2982 suum.

490 3022 734 3093 Dumque
763 3021 1065 3078 sacerdotio
1097 3021 1362 3088 frueretur
1389 3019 1439 3072 iu
1473 3019 1602 3073 urbe
1630 3018 1847 3084 Tolosa,

566 3115 630 3168 Et
661 3115 866 3184 populis
893 3111 1163 3167 Christum
1193 3111 1452 3180 panderet
1478 3124 1596 3164 esse
1625 3106 1816 3178 Deum,

490 3202 796 3260 Ostendens
829 3201 1027 3266 verbis,
1059 3199 1262 3254 addens
1287 3199 1539 3252 miracula
1569 3197 1746 3262 factis,

575 3293 644 3350 Ut
673 3292 813 3362 quod
844 3305 1021 3346 sermo
1043 3291 1214 3352 daret,
1244 3297 1662 3356 consequeretur
1689 3301 1843 3358 Opus.

498 3384 734 3442 Gentiles
759 3385 962 3437 animas
984 3381 1199 3450 rapiens
1224 3381 1291 3434 de
1315 3372 1462 3435 fauce
1491 3379 1724 3449 tyranni,

565 3475 842 3533 Subdebat
869 3473 1001 3544 regi,
1035 3473 1123 3543 qui
1150 3473 1297 3526 dedit
1321 3487 1468 3525 arma
1493 3471 1614 3525 sibi.

497 3568 607 3626 Sed
637 3568 816 3622 vitiata
847 3567 1026 3629 malis,
1049 3575 1104 3620 et
1135 3565 1282 3634 plebs
1311 3565 1510 3620 infecta
1536 3563 1780 3633 venenis,

565 3657 752 3714 Curari
778 3655 1054 3726 ellogiens,
1083 3669 1219 3724 aegra
1248 3654 1428 3723 jacere
1461 3655 1665 3709 voices.

497 3748 849 3821 Compreudit
878 3759 900 3787 ο
931 3749 1069 3802 male
1110 3763 1236 3800 sana
1268 3748 1474 3809 virum;
1507 3747 1571 3799 ad
1612 3745 1858 3814 capitolia
1892 3745 2079 3814 duxit,

568 3841 740 3908 Atque
768 3852 866 3892 suo
897 3837 1104 3891 medico
1138 3837 1354 3890 vufnera
1386 3835 1532 3902 plura
1557 3834 1726 3888 dedit.

497 3926 602 3986 Pro
631 3929 826 3996 pietate
855 3923 883 3962 ἀ
907 3926 1110 3990 dolum,
1145 3940 1241 3994 pro
1272 3925 1431 3978 melle
1454 3939 1656 3979 venena
1681 3924 2007 3993 rependens,

572 4017 769 4072 Contra
798 4025 1030 4071 tutorem
1061 4014 1216 4069 noxia
1248 4015 1383 4070 bella
1416 4026 1612 4068 movet.

499 4105 742 4178 Subligat
771 4115 793 4144 °
819 4105 1059 4161 indomiti
1087 4116 1326 4162 sanctum
1352 4115 1408 4161 et
1440 4104 1459 4143 ί
1491 4107 1711 4176 vestigia
1743 4107 1912 4170 tauri.

578 4199 643 4254 Et
671 4199 936 4265 stimulat,
971 4201 1121 4255 fieret
1144 4214 1210 4253 ne
1241 4199 1358 4268 luga
1391 4198 1539 4253 tarda
1565 4199 1659 4254 feri

578 4333 606 4363 ⁸
637 4329 866 4386 Sanctus
895 4329 1214 4401 Saturninus
1241 4346 1269 4401 a
1301 4330 1463 4398 Greg.
1488 4331 1810 4395 Turonensi,
1843 4333 1880 4386 Ι.
1907 4348 1922 4386 t
1946 4333 2087 4388 Hist.

504 4402 724 4464 Franc.,
754 4415 872 4467 cap.
897 4398 990 4462 28,
1021 4399 1294 4455 institutus
1317 4401 1510 4455 dicitur
1538 4402 1746 4456 Tolosa:
1774 4403 2080 4470 episcOpus,

504 4472 664 4527 Decio
692 4457 745 4524 et
788 4457 953 4524 Grato
978 4457 1146 4534 coss"
1180 4471 1231 4524 id
1285 4481 1388 4535 est,
1423 4486 1566 4524 anno
1591 4472 1718 4525 £50.
1744 4457 1895 4536 Qiiod
1943 4457 2081 4526 idem
2102 4457 2166 4516 ‘D

501 4551 558 4596 et
579 4541 649 4596 cI.
683 4539 926 4594 Ruinart.
959 4540 1211 4610 suffragio
1241 4555 1340 4594 suo
1380 4542 1681 4603 conﬁrmat,
1717 4541 1874 4610 idqtte
1901 4557 1967 4596 ex
1998 4543 2083 4610 ip-

505 4612 730 4665 siusmet
757 4611 1026 4664 Saturnini
1053 4608 1218 4677 Actis,
1243 4624 1361 4676 qua:
1390 4613 1594 4663 sincera
1625 4608 1913 4665 existimat.
1942 4608 2084 4666 Idem

506 4679 667 4748 Greg.
699 4681 928 4739 Turou.,
964 4677 1094 4733 lib.t
1125 4680 1192 4734 de
1220 4677 1402 4749 Gloria
1429 4689 1674 4748 martyr.,
1701 4695 1820 4749 cap.
1846 4682 1935 4746 48,
1967 4699 1996 4736 a
2027 4698 2087 4738 se

508 4747 630 4816 ipso
666 4749 998 4820 discordans,
1047 4749 1206 4804 refert
1246 4767 1285 4820 :7
1314 4747 1658 4804 Saturninum
1700 4747 1977 4820 martyrem
2024 4755 2090 4805 ab

505 4824 854 4883 apostolorum
885 4818 1146 4888 discipulis
1176 4819 1465 4873 ordinatum
1494 4822 1545 4872 in
1573 4824 1746 4875 urbem
1777 4818 2088 4876 Tolosatium

508 4891 666 4958 fuisse
709 4889 987 4957 directum,
1022 4891 1074 4943 in
1103 4906 1232 4959 quo,
1258 4899 1434 4944 tamen
1488 4890 1630 4959 vulgi
1677 4891 1982 4958 opinionem
2029 4905 2090 4947 se

509 4963 657 5032 sequi
702 4959 831 5014 satis
863 4961 1091 5029 produnt
1130 4976 1190 5014 ea
1223 4958 1390 5028 ipsius
1413 4958 1728 5032 verbaque
1768 4962 2040 5018 interserit
2071 4978 2087 5016 :

506 5039 560 5085 ttt
585 5039 766 5085 fertur.

636 5099 783 5154 Unus
811 5099 945 5154 Cod.
967 5099 1113 5166 Vat.,
1139 5099 1485 5155 admirandae.

585 5181 607 5210 ο
642 5170 789 5226 Unus
814 5171 944 5224 Cod.
973 5169 1116 5234 νειμ,
1139 5171 1537 5236 comprehendit.

582 5237 611 5277 ἀ
641 5241 693 5294 In
727 5241 857 5294 Ven.
892 5239 1029 5294 ludit.
1061 5251 1180 5310 post
1210 5242 1348 5295 hunc
1376 5255 1588 5296 versum
1620 5256 1711 5308 pro
1743 5242 1948 5310 pietate,
1981 5251 2086 5297 etc.

512 5310 883 5364 desiderantur
907 5319 1135 5379 quatuor
1155 5326 1341 5365 versus
1361 5320 1765 5378 consequentes.

589 5391 613 5418 ι’
645 5382 825 5452 Sancti
867 5380 1135 5452 Saturnini
1177 5384 1488 5450 martyrium
1536 5382 1604 5433 ita
1635 5379 1891 5452 describit
1921 5381 2089 5452 Greg.

518 5449 743 5515 'I‘uron.,
777 5451 908 5505 lib.t
937 5450 1003 5504 de
1044 5451 1220 5505 Gloria
1269 5449 1582 5519 martyrum,
1614 5465 1665 5504 ε.
1695 5451 1802 5506 48ε
1843 5453 1975 5520 Qui,
2008 5449 2104 5506 ἰπὶ-λ

519 5523 725 5592 quiens,
774 5521 998 5585 impulsu
1046 5536 1384 5592 paganorum,
1428 5520 1563 5592 bovis
1596 5521 1804 5592 petulci
1848 5526 2092 5592 religatus

517 5591 733 5656 re~tigiis
779 5605 868 5656 per
910 5592 1100 5659 gradus
1131 5589 1367 5657 Capitolii
1399 5589 1766 5658 prwcipitatus,
1797 5589 2090 5657 promentem

519 5660 677 5724 ﬁnivit
720 5661 874 5712 vitam
909 5659 1101 5729 _capt'tis
1145 5675 1388 5729 compage
1433 5661 1682 5727 dispersa.
1728 5662 1858 5716 Hinc
1901 5664 1979 5718 sic
2024 5665 2090 5718 de

521 5675 677 5724 ῃηιυιι
720 5675 874 5712 vitam
920 5675 1101 5780 carl”:
1145 5675 1388 5729 compage
1433 5675 1626 5727 aispers

521 5731 708 5784 eodem
736 5730 877 5782 canit
902 5727 976 5781 Su
997 5727 1173 5795 unius,
1208 5731 1295 5783 IIII.
1325 5746 1396 5793 ts,
1427 5745 1511 5799 ep.
1545 5731 1626 5783 l6.

1079 5986 1089 6011 \

1201 295 1526 352 VENANTII
1567 295 1724 352 IION.
1766 295 1973 376 CLEhl.
2018 292 2413 352 EORTUNATI
2453 291 2736 351 OPEllUM
2779 290 2954 348 PARS
2996 291 3036 345 l.

3652 289 3744 347 100

2092 389 2141 478 Α
2171 403 2411 458 Pessima
2445 417 2598 458 mens
2622 397 2916 466 hominum,
2941 401 3039 454 diri
3069 416 3201 455 nova
3235 401 3398 456 besua
3433 406 3676 466 monstri,

2239 496 2345 551 Nec
2374 495 2506 550 tauri
2537 494 2777 548 indomiti
2808 494 3009 547 sufficit
3039 493 3113 545 ira
3149 493 3266 545 tibi.

2165 584 2380 639 Natum
2407 585 2608 638 rabida:
2639 583 2904 638 feritatem
2927 581 3221 653 adiungere
3253 583 3423 644 nosti;

2237 678 2389 746 Quod
2425 693 2518 748 per
2545 691 2604 732 se
2631 678 2818 742 nescit,
2851 685 2905 732 te
2932 677 3259 739 stimulante,
3294 675 3416 727 furit
3446 683 3470 720 ε

2167 769 2342 824 Turba
2379 779 2624 834 cruenta,
2658 782 2880 830 noeens.
2909 767 3064 835 hujus
3092 777 3142 820 te
3173 767 3392 821 vulnere
3422 765 3599 835 perdis
3624 764 3672 831 δ,

2240 860 2308 913 Ει
2336 859 2380 912 si
2414 873 2520 912 non
2549 858 2647 926 illi,
2683 873 2903 925 parcere
2927 857 3074 910 disce
3102 858 3216 912 tibi.

2169 951 2267 1007 llic
2301 949 2321 991 ί
2356 951 2524 1018 ferus,
2553 952 2860 1021 impatiens,
2893 966 3014 1004 mox
3058 964 3219 1004 curva
3256 963 3349 1014 per
3389 962 3505 1002 avia
3543 957 3751 1016 raptus.

2237 1043 2442 1097 Passim
2466 1043 2703 1097 membra
2733 1044 2801 1111 pii
2831 1041 3003 1096 fundit
3029 1041 3082 1095 in
3110 1039 3240 1099 urbe
3269 1039 3394 1093 viri.

2165 1133 2303 1188 Tum
2333 1133 2524 1187 mulier
2553 1133 2764 1202 collegit
2792 1147 2980 1198 ovans,
3007 1142 3061 1187 et
3088 1129 3327 1185 condist
3355 1138 3532 1188 artus.

2240 1222 2365 1278 Sola
2400 1222 2415 1273 l
2454 1237 2559 1276 una
2591 1223 2784 1276 famula
2815 1220 3114 1294 [miracula]
3145 1220 3494 1287 participante
3520 1217 3641 1272 sibi.

2172 1312 2298 1367 llaec
2329 1312 2431 1367 fuit
2459 1313 2648 1382 insigni
2679 1313 2946 1382 rapienda:
2974 1327 3132 1367 causa
3159 1327 3392 1376 coronat,

2244 1405 2430 1459 Gloria
2461 1405 2698 1473 martyrii
2728 1406 2802 1459 sic
2830 1405 3097 1459 celebrata
3129 1402 3154 1440 κ
3182 1404 3331 1457 nitet.

2169 1500 2306 1553 Ante
2330 1497 2578 1566 sepulcra
2612 1498 2683 1564 pii
2711 1498 2910 1552 dantur
2939 1496 3098 1551 modo
3124 1496 3264 1549 dona
3292 1494 3500 1556 salutis,

2243 1590 2306 1643 Et
2337 1603 2529 1658 corpus
2555 1589 2788 1643 lacerum
2815 1602 3037 1657 corpora
3070 1588 3235 1641 multa
3267 1584 3434 1640 fovet.

2169 1676 2285 1741 Dic,
2315 1678 2424 1744 ubi,
2453 1692 2599 1732 mors
2624 1677 2858 1740 inimica,
2889 1676 3072 1746 jaces?
3101 1675 3188 1730 ubi
3218 1677 3354 1729 vieta
3389 1672 3675 1735 recumbis,

2091 1753 2140 1814 Β
2233 1768 2457 1834 Quando
2484 1766 2634 1822 vides
2659 1768 2827 1824 sancti
2859 1767 3048 1823 funere
3072 1779 3192 1821 veta
3226 1767 3379 1820 dari?

2163 1857 2334 1926 Quem
2368 1856 2386 1898 1
2419 1859 2558 1913 male
2588 1859 2844 1914 credebas
2869 1859 3016 1913 obitu
3047 1859 3201 1912 linire
3228 1859 3476 1920 salutem,

2235 1947 2333 2001 Dat
2359 1947 2523 2001 vitam
2552 1949 2755 2014 multis,
2780 1959 2834 2003 et
2865 1957 3012 2004 tenet
3039 1948 3154 2016 ipse
3185 1961 3356 2000 suam.

2167 2039 2284 2095 Iluc
2301 2048 2339 2074 ω
2363 2038 2570 2107 captiva
2597 2039 2785 2108 cubas,
2814 2054 2933 2118 qua;
2966 2049 3018 2094 te
3041 2053 3266 2108 regnare
3294 2039 3532 2106 putabas,

2241 2129 2548 2185 lnvadeodo
2579 2131 2746 2199 peris,
2775 2117 2934 2199 teque
2965 2128 3192 2184 furendo
3221 2117 3400 2183 necas.

2167 2219 2246 2278 Te
2277 2231 2364 2276 tua
2396 2235 2552 2291 ptena
2577 2221 2792 2289 premit,
2815 2229 2904 2274 tua
2929 2229 2980 2275 te
3003 2219 3115 2275 fera
3144 2220 3349 2274 vincula
3383 2229 3652 2286 torquent,

2238 2314 2381 2382 Quos
2407 2314 2534 2369 dare
2559 2313 2639 2368 vis
2666 2312 2916 2384 gemitus,
2948 2314 3058 2382 ipsa
3086 2311 3310 2368 ferendo
3335 2313 3532 2382 gemis.

2169 2404 2371 2474 Martyr
2399 2417 2565 2458 ovans
2591 2406 2756 2459 etelos
2783 2404 3000 2470 retinet,
3029 2413 3085 2458 tu
3114 2403 3296 2468 livida,
3325 2405 3509 2472 tristis,

2241 2495 2404 2558 Mors,
2432 2493 2646 2547 inimica
2674 2493 2770 2548 tibi
2801 2493 3024 2548 Tartara
3055 2495 3202 2564 nigra
3231 2494 3382 2548 colis.

2175 2582 2452 2653 Florigera
2476 2598 2619 2638 nunc
2645 2583 2773 2640 sede
2802 2594 2982 2640 manet
3012 2585 3129 2638 sine
3161 2584 3264 2639 line
3292 2584 3386 2638 bea
3414 2597 3494 2647 us,

2243 2673 2385 2729 Inter
2429 2675 2678 2730 odoratos
2709 2682 2736 2710 ¹¹
2763 2675 2921 2730 thure
2967 2675 3175 2730 calente
3220 2669 3410 2744 [thura
3451 2670 3748 2742 adoletquc]

3445 2761 3680 2834 [clioros.

2177 2856 2292 2912 Non
2323 2857 2530 2926 aliquas
2559 2857 2750 2911 metuit
2775 2855 2981 2926 placato
3001 2855 3180 2926 judice
3205 2869 3411 2918 causas,

2249 2949 2474 3003 Praemia
2503 2948 2598 3003 sed
2629 2947 2783 3002 miles
2807 2948 2976 3001 victor
3003 2946 3246 3001 habenda
3281 2945 3432 3013 petit.

2181 3044 2347 3113 Digna
2374 3042 2820 3111 triumphantem,
2843 3056 2959 3111 qua:
2986 3049 3153 3096 restat
3183 3041 3375 3110 palma,
3408 3048 3678 3107 sequetur,

2097 3094 2146 3160 Ο
2249 3135 2350 3191 Pro
2381 3143 2454 3202 te,
2481 3133 2715 3201 Christe,
2748 3133 2887 3189 mori
2914 3145 2997 3188 est
3021 3133 3212 3203 gloria,
3248 3133 3376 3201 vita,
3403 3131 3572 3209 quies.

2777 3246 3005 3303 CAPUT
3046 3245 3166 3302 XII.

2178 3359 2257 3413 De
2307 3357 2617 3411 Launebode
2678 3358 2768 3428 qui
2817 3359 3086 3440 aediﬁcavit
3145 3357 3382 3426 templum
3441 3356 3604 3410 sancti
3656 3354 3751 3408 Sa-

2867 3439 3081 3482 turtttut.

2183 3519 2449 3590 [Studium
2499 3533 2656 3574 suum
2702 3533 2756 3572 tn
2808 3519 3065 3574 ornandis
3112 3533 3176 3574 ac
3219 3517 3550 3590 celebrandis
3595 3519 3757 3590 gestis

2250 3599 2557 3643 sanctorum
2611 3599 2902 3659 martyrum
2948 3589 3202 3644 declarat.
3255 3588 3432 3643 Sancti
3481 3587 3760 3659 Saturnini

2253 3661 2564 3728 martyrium
2619 3655 2893 3712 describit.
2948 3659 3345 3720 Launebodcm,
3396 3659 3615 3721 ducem,
3671 3655 3759 3722 qui

2256 3730 2529 3782 basilicam
2560 3731 2610 3782 in
2642 3731 2882 3795 ejusdem
2918 3729 3246 3791 memoriam,
3275 3743 3379 3796 quo
3411 3731 3524 3780 loco
3551 3728 3765 3778 vinctus

2256 3815 2284 3851 a
2317 3799 2562 3852 Barbaris
2592 3800 2784 3865 fuerat,
2814 3807 3170 3858 exstruxerat.
3205 3813 3303 3851 nec
3337 3811 3438 3850 non
3477 3797 3593 3864 ejus
3623 3811 3766 3847 uxo-

2261 3883 2372 3921 rem
2427 3869 2833 3932 Berethrudem,
2866 3871 3230 3935 commendat,
3261 3884 3376 3935 qua:
3423 3867 3474 3920 in
3517 3867 3767 3919 eamdem

2255 3939 2528 3993 basilicam
2558 3940 2790 3992 liberalis
2816 3943 3111 3992 exstiterat.
3135 3939 3602 4006 Carterasquoquc
3635 3936 3768 4004 piis-

2262 4010 2411 4062 simae
2442 4009 2674 4063 mulieris
2703 4011 2925 4062 virtutes
2952 4005 3383 4077 commemorat.l
3413 4005 3420 4006 “
3446 4027 3457 4066 ι

2187 4098 2457 4155 Laudibus
2493 4100 2734 4154 humanis
2762 4099 3084 4170 reliquorum
3118 4099 3278 4152 corda
3311 4098 3594 4160 resultent,

2262 4194 2332 4248 At
2361 4191 2488 4246 mihi
2527 4190 2596 4245 de
2621 4191 2777 4259 justis
2806 4205 3227 4245 conuucmorare
3255 4197 3407 4242 vacet
3437 4190 3480 4238 °.

2375 4324 2412 4374 Ε
2435 4325 2611 4386 quibus
2632 4325 2838 4386 primum
2857 4325 2976 4374 mihi
3004 4322 3175 4386 psallat
3201 4323 3422 4384 hymnus,

2317 4386 2409 4443 Qui
2432 4387 2706 4435 Tolosatem
2731 4393 2890 4434 tenmt
2909 4387 3208 4444 cathedram,

2313 4446 2390 4498 De
2413 4448 2563 4510 gradu
2581 4459 2767 4510 summo
2792 4447 3131 4508 Capitoliorum

2626 4508 3002 4569 Prteeipitatum.

2374 4568 2532 4627 Quem
2551 4567 2835 4630 negatorem
2861 4569 2993 4617 Jovis
3015 4581 3069 4615 ac
3094 4567 3328 4617 Minervas
3342 4579 3356 4629 ;

2317 4629 2375 4679 Et
2399 4634 2558 4679 crucis
2585 4629 2761 4680 Christi
2787 4630 2909 4677 bona
2933 4630 3243 4678 confitentem

2312 4692 2487 4744 Vinxit
2501 4692 2559 4738 ad
2584 4694 2705 4740 tauri
2724 4689 2852 4739 latus
2874 4693 3072 4750 iniugati

2621 4751 2770 4800 Plebs
2791 4751 3066 4800 furibunda.

2378 4811 2444 4862 Ut
2470 4824 2556 4875 per
2582 4813 2987 4875 abruptumbove
3007 4813 3242 4860 concitato

2312 4873 2780 4936 Spargeretcursus
2801 4874 3014 4936 lacerum
3035 4875 3261 4930 cadaver,

2317 4934 2547 4985 Gentibus
2569 4935 2735 4984 tinctis
2757 4935 2910 4983 calida
2931 4934 3079 4983 soluti

2624 4995 2772 5044 Pulte
2784 4997 3001 5046 cerebri.

2267 5107 2288 5147 ί
2326 5109 2461 5163 Edit.
2493 5107 2690 5176 Paris.,
2717 5108 2802 5160 ad.

2267 5189 2292 5225 8
2327 5179 2381 5232 In
2410 5193 2518 5231 uno
2542 5178 2676 5232 God.
2706 5179 2847 5238 Vat..
2879 5187 2926 5229 te
2953 5178 3240 5230 stimulante
3268 5176 3413 5245 facit.

2265 5245 2294 5317 ξι
2323 5249 2464 5302 Edit.
2497 5249 2690 5310 Paris.,
2718 5249 2924 5316 prodis;
2955 5248 3004 5299 in
3037 5264 3227 5317 tnarg.,
3263 5251 3450 5317 perdis.

2273 5315 2287 5353 ί
2325 5318 2378 5371 In
2409 5317 2574 5371 Codd.
2605 5313 2745 5382 Van,
2771 5318 2888 5370 hinc
2913 5321 3074 5386 ferus.
3102 5313 3230 5370 Item
3266 5318 3402 5370 Edit.
3435 5313 3564 5367 Ven.

2271 5390 2285 5457 t
2329 5387 2442 5440 Duo
2469 5387 2600 5440 God.
2626 5386 2769 5448 Van,
2800 5403 2900 5439 una
2923 5389 3012 5440 sed
3045 5387 3256 5457 famula.

2268 5455 2292 5493 ¹ι
2330 5458 2470 5510 Edit.
2509 5457 2701 5520 l‘aris.,
2728 5455 3056 5512 celebranda.

2270 5525 2289 5562 1
2329 5527 2470 5580 Edit.
2505 5526 2700 5589 Paris.,
2725 5542 2857 5593 quaz.

2268 5606 2306 5632 πι
2339 5597 2391 5650 lu
2419 5611 2545 5658 uno,
2570 5596 2653 5648 hic
2679 5598 2896 5664 captiva.

2269 5674 2296 5702 ιι
2333 5666 2473 5719 Edit.
2505 5666 2695 5736 Patis.,
2725 5669 2999 5732 adoratas;
3029 5669 3081 5722 in
3109 5681 3303 5736 marg,
3328 5669 3592 5720 odoratos.

2278 5745 2301 5772 °
2349 5737 2488 5791 Edit.
2521 5735 2710 5804 Paris.,
2743 5738 2876 5791 licet.
3109 5765 3116 5770 ·
