3990 6188
365 298 452 348 ltit

347 409 480 465 Nam
515 406 729 477 pietatis
756 418 910 473 opus,
939 404 1169 459 victores
1190 409 1371 458 texere
1398 401 1572 466 libris,

424 498 693 554 Admonet
721 494 1010 564 ingenium,
1040 507 1128 548 res
1175 493 1383 547 ratione
1411 491 1624 561 duplex.

293 601 297 624 ε
355 589 469 644 L'na
499 586 640 654 quod
669 594 754 640 est
784 583 975 638 habilis
1003 589 1056 647 ι,
1083 582 1153 638 de
1173 583 1378 650 magnis
1408 597 1594 652 magna
1619 583 1790 649 fateri,

425 678 560 733 Nam
593 677 728 731 bona
756 675 846 744 qui
874 676 1084 742 reticet,
1113 675 1358 729 criminis
1383 683 1568 729 auctor
1589 677 1710 730 erit.

347 765 539 821 Altera
561 780 720 820 causa
781 775 982 828 monet,
1019 763 1266 833 quoniam
1317 777 1600 819 successus
1646 763 1672 802 δ
1704 776 1931 831 amatur,

429 858 494 911 Et
527 857 744 911 meliora
775 855 943 919 cupit,
971 855 1059 924 qui
1089 868 1184 908 sua
1217 853 1356 906 facta
1402 853 1546 922 legit.

347 947 680 1002 Saturninus
711 946 854 1000 enim
889 955 1093 1015 martyr
1119 942 1440 998 venerabilis
1465 943 1612 1008 orbi;

421 1038 533 1092 Nec
555 1037 681 1092 latet
705 1027 908 1106 egregii
930 1037 1098 1104 palma
1128 1035 1280 1090 beata
1319 1035 1439 1088 viri.

349 1131 452 1196 Qui
481 1145 605 1184 cum
631 1130 870 1184 Romana
900 1138 1236 1199 pr0perasset
1257 1128 1324 1181 ab
1348 1128 1478 1182 urbe
1500 1127 1749 1182 Tolosam
1769 1167 1786 1191 ,

424 1221 491 1274 Et
521 1221 605 1288 pia
640 1219 942 1274 Clirlslicoli
966 1219 1170 1273 semina
1207 1217 1370 1272 ferret
1391 1218 1502 1287 agri
1535 1230 1580 1283 ο,

347 1311 503 1367 Tunc
529 1326 730 1366 vesana
760 1313 974 1375 cohors,
1006 1308 1214 1364 Domini
1245 1309 1652 1377 comprehendit
1676 1323 1925 1370 amicum,

418 1402 762 1471 Instituitque
794 1401 864 1468 pii
897 1402 1131 1453 membra
1167 1399 1385 1453 terenda
1417 1400 1578 1460 trahi,

347 1492 648 1561 lntplicitus
681 1493 819 1545 tauri
853 1491 985 1559 pede
1015 1491 1310 1559 pomeriore
1343 1491 1612 1558 pependit,

417 1589 644 1641 Tractus
675 1588 728 1639 iu
760 1586 1030 1652 obiiquum
1062 1584 1381 1636 dilaceratus
1408 1583 1540 1635 obit.
1585 1602 1598 1618 ο

345 1679 456 1733 llac
487 1695 591 1746 ope
615 1677 686 1730 de
715 1676 873 1730 terris
903 1676 1130 1728 animam
1164 1673 1457 1727 tratisiiiisit
1497 1675 1750 1742 Olympo;

412 1771 458 1823 0
488 1770 616 1822 felix
643 1769 802 1836 cujus
833 1767 1019 1820 funere
1050 1781 1195 1820 mors
1225 1771 1466 1821 moritur.

341 1859 445 1914 Sed
473 1861 625 1913 locus
653 1860 742 1913 ille
769 1857 1006 1926 quidem,
1038 1871 1144 1926 quo
1189 1866 1406 1910 sanctus
1435 1854 1647 1910 vincula
1673 1855 1918 1925 sumpsit.

409 1951 622 2004 Nullius
655 1949 838 2016 templi
867 1949 1029 2002 fultus
1055 1951 1256 2001 honore
1287 1947 1401 2001 fuit.
1732 2017 1739 2024 .

341 2040 694 2095 Latiriebudes
724 2040 866 2093 enim
897 2049 1014 2107 post
1040 2039 1232 2093 saecula
1262 2039 1435 2106 longa,
1459 2038 1708 2092 ducatum

415 2133 553 2186 Dum
573 2132 734 2200 gerit,
760 2131 1006 2184 instruxit
1031 2128 1265 2183 eulmina
1305 2144 1484 2182 saucia
1518 2130 1638 2182 loci.

338 2224 493 2292 Quod
522 2225 700 2278 nullus
729 2223 950 2278 veniens
982 2221 1216 2276 Romana
1247 2231 1404 2288 gente
1437 2221 1670 2286 fabrivit,

416 2317 528 2370 Hoc
555 2316 635 2368 vir
662 2313 937 2367 barbarica
960 2309 988 2349 τι
1010 2313 1158 2376 prole
1192 2315 1394 2380 peregit
1419 2325 1575 2380 opus.

336 2407 578 2476 Coniuge
605 2421 725 2459 cum
758 2405 968 2474 propria
1000 2403 1329 2458 Beretlirude
1353 2413 1399 2467 ε,
1423 2406 1563 2456 clara
1595 2402 1809 2468 decore,

411 2498 640 2552 Pectore
667 2512 788 2563 qua:
830 2496 1022 2551 blando
1050 2495 1246 2549 clarior
1283 2495 1395 2562 ipsa
1427 2498 1576 2546 nitet.

332 2590 431 2644 Cui
463 2605 636 2658 genus
667 2591 942 2657 egregium
971 2585 1136 2655 fulget
1165 2585 1232 2640 de
1261 2587 1428 2654 stirpe
1455 2595 1746 2650 potentum,

409 2681 633 2736 Addidit
660 2690 906 2734 ornatum
937 2680 1039 2744 vir,
1078 2681 1378 2731 venerando
1412 2679 1595 2730 Deum.

334 2769 467 2836 Quae
500 2768 750 2822 manibus
772 2767 1002 2836 prepriis
1029 2766 1275 2820 alimonia
1307 2767 1463 2833 digna
1488 2766 1770 2825 ministrat,

405 2860 741 2927 Pauperibus
773 2859 1014 2913 tribuens
1061 2872 1120 2910 se
1149 2862 1349 2912 satiare
1378 2859 1540 2924 cupit.

324 2943 616 3007 indefessa
638 2949 657 2990 ί
691 2966 837 3018 spem
867 2947 1074 3022 [ﬁdem]
1101 2949 1296 3004 Christi
1330 2964 1423 3016 per
1447 2949 1639 3017 templa
1668 2946 1908 3015 requirit,

392 3044 608 3113 Jugiter
635 3057 924 3099 excurrens
954 3042 1019 3096 ad
1049 3041 1261 3111 pietatis
1289 3056 1440 3108 Opus.

325 3137 511 3192 Nudos
536 3148 690 3192 veste
719 3138 870 3206 tegit,
901 3137 1099 3191 sitienti
1135 3136 1320 3204 pocula
1353 3135 1572 3203 profert,

392 3232 468 3286 Se
495 3231 668 3298 magis
698 3241 900 3283 teterno
930 3229 1125 3284 femina
1156 3228 1303 3282 fonte
1330 3229 1519 3296 replet.

325 3319 547 3376 Prolicit
579 3321 683 3374 hoc
711 3319 896 3383 etiam,
925 3318 1177 3388 quidquid
1204 3320 1340 3386 gerit
1373 3319 1456 3371 illa
1490 3318 1702 3384 marito,

395 3413 568 3467 Anxia
604 3426 702 3479 pro
730 3412 884 3477 cujus
916 3418 1035 3462 vota
1066 3411 1237 3464 salute
1274 3410 1420 3462 facit.

322 3501 438 3555 Dux
473 3502 683 3555 meritis
714 3502 763 3554 in
789 3510 947 3570 gente
976 3516 1068 3555 soa
1125 3500 1211 3568 qui
1247 3501 1409 3564 pollet
1437 3499 1655 3567 upimis,

389 3592 585 3644 Celsus
617 3590 810 3656 ubique
832 3629 848 3654 ,
881 3590 1080 3642 micans
1109 3589 1397 3643 nobilitatis
1426 3605 1545 3656 ope.

323 3683 426 3737 Sed
459 3682 704 3750 quamvis
731 3683 893 3732 altum
927 3690 1100 3734 teneat
1131 3681 1197 3733 de
1221 3682 1384 3747 Stirpe
1410 3695 1688 3738 cacumen.

393 3773 630 3827 Moribus
660 3771 773 3839 ipse
803 3787 928 3825 suos
957 3772 1303 3840 amplificavit
1330 3785 1480 3824 avos.

321 3866 461 3932 Ergo
487 3865 602 3932 pari
636 3873 764 3919 voto
796 3874 1044 3918 maneant
1065 3866 1117 3918 in
1141 3865 1330 3918 smcnla
1351 3864 1541 3933 juncti,

388 3955 454 4008 Et
486 3961 646 4011 micet
677 3957 937 4011 ambobus
967 3955 1343 4016 consolidatus.
1375 3971 1546 4010 amor.

392 4369 416 4396 ³
459 4357 575 4413 Duo
602 4357 771 4411 Codd.
806 4356 950 4417 Vah,
979 4357 1230 4419 habilem;
1259 4358 1382 4410 item
1414 4358 1554 4412 Edit.
1588 4359 1719 4414 Ven.

393 4429 422 4464 ¹³
485 4430 600 4482 Duo
654 4429 822 4480 Codd.
881 4427 1043 4503 \_t'_atic.
1089 4443 1208 4503 cum
1264 4428 1390 4482 Ven.
1423 4429 1591 4503 Edit..
1655 4432 1896 4498 quoniam
1929 4443 1980 4503 Ι)

318 4516 590 4553 succensus
643 4513 838 4550 amore.
891 4497 1035 4553 Unus
1081 4498 1281 4566 Codex,
1335 4502 1574 4566 quoniam
1629 4516 1889 4554 successus

315 4589 398 4621 ain
405 4586 507 4621 ore.

395 4651 417 4675 ε
463 4639 606 4689 Ισῖιίίι.
647 4636 841 4692 Paris..
875 4636 1431 4705 Clitisticolis...agris.

389 4706 412 4751 ἀ
461 4705 853 4779 Hinc_conjicit
906 4707 1207 4773 Browerus,
1262 4706 1633 4779 Launebodem
1680 4709 1889 4779 origine

313 4784 561 4836 αρνίοιιιιι
613 4776 797 4838 fuisse.
846 4792 963 4827 cum
995 4793 1098 4829 non
1153 4779 1308 4830 fuerit
1340 4779 1391 4830 iu
1420 4793 1569 4832 more
1599 4776 1887 4833 Fortunato

313 4855 520 4912 Gallos,
575 4861 705 4904 tunc
755 4863 929 4901 rerth
987 4848 1250 4910 dominos,
1300 4847 1551 4902 barbaros
1597 4850 1882 4917 appellare,

312 4927 442 4990 quin
472 4922 652 4991 pztlius
682 4921 896 4973 ettSdrflll
927 4919 1207 4991 “001.1le
1239 4921 1492 4991 nurninet.

393 5005 417 5028 τ
443 4987 667 5050 Forsan,
692 4992 899 5058 praprio
921 4988 1275 5042 Berct/trudes.
1293 4987 1522 5057 Hujusce
1546 4987 1887 5058 lieretlirudis

317 5063 644 5114 mentionem
694 5057 818 5111 lacit
848 5062 1004 5121 Greg.
1033 5062 1256 5121 'l‘urou.,
1286 5061 1376 5110 lth.
1411 5074 1462 5110 ix
1497 5058 1628 5110 l'list.
1666 5057 1883 5124 Franc.,

312 5145 434 5194 cap.
469 5129 561 5188 55.
592 5131 744 5196 cujus
772 5145 914 5183 mors
943 5131 1147 5181 videtur
1177 5129 1450 5181 referenda
1480 5129 1543 5180 ad
1573 5143 1767 5180 annum
1801 5127 1883 5194 14,

315 5199 484 5263 Ηναηί
515 5199 866 5263 (ἐὴίιιινὴυηι,
896 5199 1006 5251 sive
1036 5200 1101 5250 ad
1147 5213 1341 5250 annum
1374 5197 1498 5252 589.
1555 5197 1742 5250 Narrat
1785 5201 1881 5250 ibi-

313 5271 439 5320 dem
464 5269 776 5336 Gregorius,
808 5271 945 5333 qud
976 5271 1159 5321 eadem
1193 5271 1424 5321 moriens
1457 5285 1469 5320 :
1496 5266 1686 5320 Filiam
1741 5285 1885 5320 suam

312 5341 566 5391 heredem
589 5340 832 5400 instituit,
872 5339 1156 5406 relinquens
1186 5340 1433 5407 quispiam
1464 5341 1538 5390 vel
1565 5340 1884 5391 monasteriis

307 5411 626 5480 puellarum,
657 5423 772 5476 qnte
798 5409 909 5472 ipsa
958 5412 1263 5472 instituerat,
1290 5410 1364 5461 vel
1390 5409 1630 5480 ecclesiis,
1661 5411 1761 5462 sive
1806 5411 1886 5480 lm-

306 5478 470 5532 silicis
515 5482 867 5547 carfeuorum
902 5488 1213 5541 sanctorum,
1243 5495 1360 5547 qua:
1405 5478 1604 5546 optime
1650 5492 1769 5532 eum
1805 5479 1884 5532 bis

306 5553 638 5603 enucordant
670 5564 790 5614 qua:
816 5551 882 5600 de
914 5550 997 5600 illa
1034 5550 1381 5613 praedicantur
1405 5563 1436 5602 a
1470 5547 1780 5606 Fortunato.

383 5617 403 5655 τ
450 5621 590 5672 Etlit.
621 5616 812 5676 Paria.
853 5618 1106 5684 indefessa
1135 5619 1324 5682 inopes.

379 5697 405 5733 ⁸
436 5688 582 5745 Unus
611 5690 744 5742 God.
783 5687 922 5747 νει..
950 5700 993 5739 et
1021 5700 1151 5739 venit
1173 5690 1373 5742 incude.

1553 287 2050 343 MISCELLANEA.
2094 316 2162 328 —
2204 287 2333 344 LIB.
2373 287 2440 344 ll.

1960 407 2008 464 Α
2632 402 2857 459 CAPUT
2901 405 3033 460 Xlll.

1935 3091 1983 3153 Ο

3513 297 3613 354 109.

2499 471 2580 524 Ad
2602 474 2792 527 clerum
2823 473 3159 532 Parisiacum.

2029 549 2130 620 [Sc
2151 559 2468 628 jampridem
2491 562 2747 618 desuesse
2793 579 2822 618 tt
2848 563 3145 619 scribendis
3167 571 3488 626 carminibus
3516 575 3609 628 de-

2106 628 2291 686 cla‘at.
2330 631 2652 687 Provocatus
2675 644 2849 688 tamen
2895 635 2994 689 hoc
3023 636 3075 690 in
3106 638 3312 694 laudem
3353 644 3478 697 cleri
3510 642 3608 696 Pa.

2108 699 2282 780 risiaci
2310 715 2522 780 carmen
2551 703 2848 780 elucubrat,
2875 705 2992 774 ejus
3016 709 3255 761 ordinem
3289 712 3339 764 in
3377 717 3608 780 psalmo-

2104 769 2205 821 ὀίω
2236 771 2548 826 assiduitate
2591 783 2643 826 et
2677 769 2922 839 peritiam
2969 769 3605 840 comtnendans.'Laudat

2106 852 2232 919 vero
2281 841 2566 919 in_pritnis
2623 841 2912 919 Germani,
2944 848 3194 919 antistitis
3268 851 3600 919 Pariszeosis,

2105 907 2589 991 lidemtpictatem,
2617 920 2670 965 et
2699 913 3031 991 iunljieclesia
3084 921 3313 991 regenda
3367 907 3601 991 pastore:

2125 979 2227 1031 lem
2257 979 2588 1048 diligentiam
2615 996 2677 1035 ac
2705 979 3162 1058 sollicitudinem]

2033 1067 2214 1124 Cmtus
2245 1069 2520 1126 honorifici
2546 1073 2708 1128 decus
2737 1083 2789 1129 et
2815 1077 3011 1144 gradus
3037 1078 3239 1133 ordinis
3279 1085 3465 1153 ampli,

2103 1162 2245 1228 Quos
2275 1165 2395 1217 colo
2444 1165 2624 1229 corde,
2668 1165 2790 1230 fide,
2821 1167 3078 1236 religione
3107 1181 3302 1239 patres,

2033 1251 2152 1306 Iam
2175 1252 2374 1306 dudum
2407 1255 2560 1308 obliti
2589 1257 2810 1311 desueto
2855 1263 3090 1315 caimine
3125 1264 3327 1331 plectri,

2101 1337 2301 1408 Cogitis
2331 1345 2601 1411 antiquam
2632 1361 2718 1400 me
2751 1361 3010 1402 renovare
3061 1351 3250 1420 lyram.

2033 1429 2108 1483 En
2169 1431 2395 1500 stupidis
2442 1433 2622 1503 digitis
2671 1436 2958 1492 stimulatis
3000 1438 3344 1516 [sitnulastis]
3395 1457 3610 1517 tangere

3199 1530 3234 1603 [ί
3257 1534 3469 1599 bordas,

2097 1612 2229 1662 Cum
2261 1611 2389 1665 mihi
2423 1629 2526 1666 non
2549 1613 2709 1670 solito
2737 1627 2920 1671 currat
2949 1618 2999 1672 in
3030 1632 3145 1675 arte
3189 1638 3397 1678 manus.

2031 1700 2286 1754 Scabrida
2322 1693 2458 1756 nunc
2486 1716 2702 1759 resonat
2730 1723 2846 1761 mea
2873 1709 3048 1777 lingua
3082 1713 3324 1782 rubigine
3351 1716 3534 1770 verba.

2102 1791 2221 1845 Exit
2245 1801 2298 1845 et
2321 1788 2592 1862 inco‘mpto
2619 1810 2811 1848 raucus
2839 1801 2905 1850 ab
2935 1813 3027 1852 ore
3061 1801 3253 1868 fragor.

2043 1879 2139 1935 \‘ix
2170 1882 2317 1936 dabit
2346 1887 2396 1936 in
2433 1887 2598 1938 veteri
2630 1887 2897 1957 ferrugine
2921 1892 3056 1943 cotis
3085 1907 3331 1958 acumen,

2098 1974 2202 2027 Aut
2226 1973 2371 2027 fumo
2402 1975 2593 2030 iniecto
2620 1978 2866 2046 splendet
2897 1979 2950 2033 in
2999 1997 3106 2036 aere
3137 1988 3304 2036 color.

2028 2065 2132 2121 Sed
2165 2069 2286 2136 quia
2320 2069 2547 2124 dulcedo
2579 2076 2795 2140 pulsans
2817 2074 2966 2142 quasi
3001 2077 3224 2132 malleus
3247 2082 3430 2146 instat,

2099 2157 2161 2210 Et
2189 2160 2333 2212 velut
2358 2159 2550 2215 incude
2583 2169 2610 2208 Β
2642 2178 2766 2216 cura
2793 2165 2951 2218 relisa
2985 2170 3126 2222 terit.

2025 2247 2263 2302 Pectoris
2296 2261 2456 2318 atque
2482 2252 2584 2305 mei
2616 2256 2940 2309 succenditis
2969 2257 3088 2326 igne
3112 2263 3379 2314 caminum
3411 2261 3460 2327 ιι,

2096 2338 2246 2395 Unde
2277 2342 2611 2400 ministratur
2640 2347 2819 2416 cordis
2866 2349 2918 2401 in
2949 2365 3072 2404 arce
3121 2367 3317 2419 vapor;

2022 2433 2296 2504 Obsequor
2326 2436 2466 2504 hinc,
2504 2441 2588 2510 qui
2624 2457 2708 2496 me
2748 2443 2910 2498 veluti
2948 2445 3161 2502 fornace
3194 2459 3429 2512 recocto,

2093 2531 2236 2586 Artis
2258 2533 2323 2586 ad
2359 2535 2596 2590 officium
2630 2547 2806 2592 vester
2834 2541 3009 2608 adegit
3038 2557 3209 2595 amur.

2019 2617 2174 2674 Cclsa
2207 2623 2460 2678 l’arisiaci
2492 2627 2619 2682 cleri
2659 2628 2672 2665 ί
2712 2635 3010 2684 reverentia
3053 2635 3278 2700 pollens,

2092 2712 2342 2768 Ecclesia!
2369 2715 2581 2784 genium
2619 2720 2633 2769 ἰ
2684 2721 2879 2787 gloria,
2917 2739 3131 2788 munus,
3167 2725 3354 2778 honor.

2017 2801 2263 2857 Carmine
2296 2805 2543 2860 Davidico
2571 2800 2768 2861 divina
2803 2823 3044 2878 poemata
3089 2828 3344 2881 pangeos,

2087 2895 2345 2948 Cursibus
2374 2899 2601 2952 assiduis
2629 2900 2783 2953 dulce
2815 2902 3042 2954 reVolvit
3084 2901 3106 2938 ¹ε
3138 2919 3293 2968 opus.

2022 2984 2149 3039 lude
2177 2990 2508 3053 sacerdotes,
2539 2989 2808 3043 Leviticus
2855 2991 2975 3044 hinc
3008 2992 3164 3044 micat
3191 2997 3342 3060 ordo,

2086 3073 2209 3128 Illos
2236 3079 2479 3140 canities.
2513 3077 2610 3131 hos
2640 3080 2774 3133 smla
2818 3080 3034 3147 pulchra
3069 3086 3218 3150 tegit.

2012 3163 2122 3218 Illis
2151 3168 2318 3235 pallor
2348 3169 2503 3233 inest,
2533 3171 2695 3224 rubor
2726 3173 2806 3226 his
2835 3173 2885 3226 in
2918 3175 3154 3228 vultibus
3182 3185 3344 3231 errat.

2087 3256 2148 3310 Et
2177 3259 2404 3313 candent
2432 3261 2602 3313 rutilis
2630 3263 2734 3315 lilia
2767 3264 2920 3316 niista
2941 3265 3076 3318 rosis

2011 3346 2090 3401 llli
2113 3347 2222 3416 jam
2252 3349 2425 3414 senio,
2451 3351 2543 3405 sed
2572 3360 2626 3406 et
2657 3353 2707 3405 hi
2734 3353 2868 3407 bene
2897 3356 3134 3409 vestibus
3168 3359 3368 3422 albent,

2081 3439 2152 3494 Ut
2174 3440 2381 3508 placeat
2401 3457 2612 3496 summo
2643 3442 2778 3512 picta
2801 3460 2995 3499 corona
3023 3447 3151 3500 Deo.

2008 3529 2066 3585 in
2097 3531 2270 3584 medio
2298 3530 2590 3588 Germanus
2618 3537 2768 3589 adest
2797 3533 2814 3574 ι
2846 3519 3067 3591 antistes
3092 3541 3316 3600 honore.

2078 3623 2178 3688 Qui
2210 3623 2343 3691 regit
2370 3622 2490 3678 hinc
2515 3627 2760 3694 juvenes,
2795 3629 3019 3697 subrigit
3051 3629 3171 3683 inde
3200 3646 3357 3685 so-ues
3379 3641 3446 3688 η’.

2007 3713 2204 3787 Levita
2237 3728 2493 3786 preeunt;
2535 3723 2776 3788 sequitur
2815 3721 2990 3790 gravis
3031 3723 3164 3776 ordo
3193 3726 3441 3778 ducatum
3476 3725 3592 3796 [ca-

3149 3817 3414 3888 uentum],

2080 3904 2190 3959 llos
2214 3905 2506 3971 gradiendo
2535 3914 2731 3968 movet,
2763 3906 2862 3960 bos
2893 3908 3215 3960 moderando
3248 3911 3427 3964 trahit.

2003 3992 2124 4062 Ipse
2153 4002 2328 4047 tamen
2352 3996 2548 4048 sensim
2575 3996 2791 4060 inet-dit,
2819 3999 2962 4050 velut
2986 3999 3121 4050 alter
3144 4002 3341 4063 Aaron,

2075 4083 2188 4137 Non
2216 4085 2282 4137 de
2304 4094 2450 4138 veste
2473 4085 2668 4150 nitens,
2702 4085 2793 4138 sed
2821 4085 3016 4153 pietate
3049 4087 3282 4155 placens.

2005 4171 2115 4226 Non
2139 4174 2340 4239 lapides
2355 4182 2380 4209 ι’
2402 4188 2592 4227 coccus
2607 4175 2854 4240 cidarim,
2869 4189 3077 4237 aurum,
3098 4193 3348 4245 purpura,
3369 4177 3559 4246 byssus

2076 4263 2346 4316 Exornant
2375 4262 2644 4326 humeros,
2671 4263 2764 4316 sed
2793 4265 2954 4318 micat
2979 4266 3114 4320 alma
3145 4267 3290 4321 fides.

2077 4392 2102 4430 δ
2133 4394 2272 4448 Edit.
2299 4392 2458 4455 Ven.,
2478 4393 2593 4463 igne
2623 4410 2880 4450 cacumen.

2081 4463 2095 4502 ί
2127 4465 2270 4518 Unus
2295 4468 2427 4520 (Jod.
2457 4465 2570 4517 Vat.
2593 4475 2646 4517 et
2671 4464 2802 4518 Ven.
2831 4467 2993 4530 lidit.,
3023 4465 3208 4519 clerus.

2072 4534 2085 4583 i
2138 4533 2381 4588 Ecclesia:
2418 4537 2652 4604 genium.
2715 4549 2874 4598 prave
2913 4541 3158 4604 premium
3215 4535 3265 4586 in
3316 4534 3576 4599 Vulgatis.

1994 4605 2293 4672 Usurpatur
2324 4608 2529 4674 genium
2561 4620 2655 4672 pro
2684 4605 2907 4674 ingenio,
2935 4620 2987 4659 ut
3005 4607 3575 4666 ammadvertitllrow,

1993 4677 2057 4726 ad
2091 4680 2229 4727 hunc
2260 4676 2458 4728 locum.
2811 4723 2815 4726 _

2062 4743 2086 4781 ¹ι
2123 4746 2262 4798 lidit.
2289 4744 2484 4802 Paris..
2518 4745 2748 4798 revolsis.
3476 4787 3478 4792 ι

2076 4813 2268 4868 1Obiit
2317 4824 2531 4867 sanctos
2581 4815 2876 4868 Germanus
2925 4831 2989 4868 an
3019 4813 3144 4879 576,
3178 4825 3233 4868 ut
3257 4827 3462 4869 constat
3505 4831 3572 4868 ex

1987 4883 2147 4952 Greg.
2199 4884 2351 4948 Tur.,
2407 4885 2444 4936 Ι.
2496 4901 2549 4945 v,
2591 4900 2709 4952 cap.
2760 4886 2813 4944 8,
2857 4897 2980 4939 aute
3019 4903 3173 4953 quem
3229 4902 3428 4939 annum
3471 4885 3571 4938 huc
3635 4895 3646 4913 ‘

1987 4954 2206 5022 proinde
2229 4969 2440 5013 carmen
2468 4959 2821 5021 conscriptum
2847 4956 2963 5009 fuit.

2059 5034 2094 5059 ω
2129 5024 2273 5078 Unus
2309 5024 2440 5077 God.
2488 5024 2652 5079 Vatic.
2699 5035 2755 5078 et
2795 5027 2932 5078 ILtill.
2965 5026 3159 5090 Paris.,
3205 5025 3427 5094 subregit
3452 5024 3570 5076 inde

1985 5110 2148 5146 senes.

2057 5172 2084 5200 ιι
2118 5164 2265 5230 llugo
2295 5162 2598 5228 Menardus,
2631 5164 2681 5217 in
2712 5164 2852 5217 uotis
2873 5163 2938 5216 ad
2971 5163 3008 5216 l.
3036 5163 3367 5219 Sacrament.
3397 5163 3568 5217 sancti

1985 5233 2222 5299 Gregorii
2257 5248 2401 5300 papae
2429 5234 2498 5286 ita
2528 5237 2772 5289 emendat
2802 5235 2938 5287 hunc
2965 5249 3202 5286 versum:

2078 5323 2182 5373 Non
2203 5324 2411 5386 lapides,
2432 5337 2617 5382 crocus,
2635 5325 2821 5380 clarum
2843 5336 3030 5377 aurum,
3057 5335 3287 5384 purpura,
3311 5322 3502 5383 byssus,

1985 5425 2048 5464 ex
2071 5410 2288 5474 antiquo
2308 5409 2403 5462 Ms.
2430 5411 2595 5462 sancti
2619 5409 2866 5462 Germani
2896 5421 2923 5458 a
2962 5405 3152 5468 l’ratis,
3178 5407 3229 5458 in
3261 5419 3366 5473 quo
3387 5405 3566 5472 scrip-

1985 5490 2091 5533 tum
2124 5480 2310 5547 legitur
2335 5480 2521 5539 cidar.,
2555 5480 2644 5531 sed
2686 5480 2735 5532 ei
2766 5477 2881 5530 voci
2913 5479 3101 5529 eadem
3131 5477 3390 5547 scriptura
3427 5476 3566 5547 ili-gi-

1984 5559 2068 5604 tur
2085 5546 2480 5618 superpositum
2513 5549 2644 5610 alar,
2669 5548 2804 5601 linea
2836 5550 3095 5600 vocabulo
3131 5548 3274 5599 cidur
3302 5546 3562 5599 subducta

1982 5620 2045 5672 ad
2076 5617 2274 5673 erroris
2302 5629 2499 5672 notam.
2532 5618 2660 5671 llinc
2705 5633 2772 5670 cx
2807 5620 2917 5670 clar
2945 5631 3001 5671 se
3031 5617 3218 5672 fecisse
3251 5620 3413 5671 refert
3457 5621 3562 5668 rtu-

1983 5705 2117 5742 rum.
2147 5689 2286 5744 Edit.
2317 5689 2507 5755 Paris,
2531 5688 2779 5742 (Μαι-ἔθη.
