3990 6188
536 297 639 354 105

533 405 639 458 Iste
659 404 786 458 satis
816 403 1004 457 melior
1033 399 1196 454 veteri
1217 414 1371 467 quam
1402 399 1518 464 lege
1540 395 1812 459 sacerdos,

606 495 701 552 llic
729 497 849 564 quia
882 508 1004 547 vera
1025 493 1174 556 colit,
1203 489 1342 559 quod
1377 489 1520 556 prius
1543 487 1724 540 umbra
1755 485 1873 538 fuit.

534 583 724 654 Magna
745 582 916 636 futura
947 589 1158 650 putans,
1191 578 1473 646 prasentia
1493 585 1681 630 cuncta
1712 574 1979 639 refellens,

607 673 775 728 Antea
797 687 957 728 carne
983 684 1188 732 carens,
1219 682 1374 734 quam
1406 681 1531 720 caro
1561 665 1664 720 fine
1691 677 1869 718 ruens.

533 762 828 829 Sollicitus,
853 775 1169 832 quemquam
1194 773 1263 813 ne
1282 760 1500 812 devoret
1527 757 1602 812 ira
1629 757 1893 824 luporum,

605 854 818 925 Colligit
845 853 910 907 ad
937 853 1114 906 caulas
1145 860 1323 919 pasmr
1347 850 1557 917 Opimus
1578 862 1725 902 oves.

533 943 769 998 Assiduis
799 942 1012 997 monitis
1038 942 1103 995 ad
1135 954 1324 1009 pascua
1347 939 1486 992 salsa
1509 946 1530 973 ³
1564 945 1798 999 vocatus,

608 1036 746 1091 Grex
777 1050 960 1088 vocem
988 1047 1306 1102 agnoscens,
1339 1029 1504 1084 currit
1533 1042 1712 1081 amore
1729 1040 1951 1094 sequax,

537 1127 685 1181 Miles
714 1127 778 1180 ad
802 1143 945 1180 arma
969 1129 1129 1189 celer,
1153 1125 1356 1192 signum
1390 1137 1512 1176 mox
1547 1121 1704 1173 tinnit
1729 1119 1780 1172 in
1808 1133 1986 1182 aures,

604 1215 774 1285 Erigit
793 1228 1022 1269 excusso
1049 1214 1284 1266 membra
1305 1209 1331 1247 δ
1361 1224 1553 1276 sopore
1581 1217 1716 1261 toro.
1740 1230 1743 1232 ·

548 1305 771 1359 Advolat
802 1314 921 1358 ante
950 1304 1103 1367 alios,
1137 1301 1384 1372 mysteria
1409 1314 1556 1354 sacra
1583 1298 1876 1365 requirens,

613 1397 855 1465 [ndiqne
876 1396 1096 1464 quisitue
1125 1408 1222 1447 SUO
1246 1391 1440 1460 templa
1469 1389 1689 1458 petenda
1716 1389 1849 1442 loco.

535 1486 801 1556 Flagrauti
823 1485 995 1539 studio
1027 1481 1274 1551 pupulum
1304 1481 1494 1533 domus
1524 1478 1705 1547 irrigat
1729 1490 1940 1530 omnem
1970 1487 1991 1514 ε

601 1573 964 1644 Certatimque
990 1579 1226 1632 monent,
1253 1569 1369 1639 quis
1399 1568 1541 1638 prior
1570 1567 1648 1620 ire
1671 1567 1825 1620 valet.

541 1666 831 1737 Pervigiles
862 1674 1045 1721 noctes
1065 1663 1129 1717 ad
1157 1662 1324 1732 prima
1346 1659 1655 1728 crepuscula
1679 1655 1907 1726 jungens

606 1760 875 1815 Construit
893 1757 1159 1826 angelicos
1188 1754 1339 1808 turba
1369 1752 1596 1806 verenda
1624 1751 1842 1804 choros.

535 1851 817 1917 Gressihus
841 1852 1037 1906 exertis
1061 1851 1111 1902 in
1133 1862 1266 1916 Optts
1295 1842 1599 1899 venerabile
1621 1849 1892 1909 constans,

602 1939 721 1996 Vim
752 1943 949 1995 factura
976 1940 1118 2008 polo,
1148 1937 1391 1992 cantibus
1417 1951 1560 1989 arma
1593 1943 1789 1989 movet.

533 2033 769 2090 Stamina
801 2031 1031 2100 psalterii
1059 2032 1221 2100 lyrico
1247 2028 1601 2082 modulamine
1627 2036 1830 2091 texens,

603 2121 853 2177 Versibus
880 2120 1131 2182 orditum,
1157 2133 1370 2172 carmen
1397 2131 1580 2170 amore
1611 2115 1788 2168 trahit.

537 2211 672 2266 llinc
703 2228 830 2281 puer
853 2209 1054 2278 exiguis
1075 2208 1098 2246 tl
1125 2214 1440 2276 attemperat
1465 2220 1656 2274 organa
1681 2203 1885 2266 cannis,

612 2305 737 2358 lude
765 2319 923 2357 senex
956 2312 977 2336 ε
1007 2302 1207 2371 largam
1231 2309 1396 2353 ructat
1425 2300 1492 2352 ab
1513 2313 1605 2352 ore
1635 2298 1832 2350 tubam.

533 2394 850 2464 Cytnhalicie
882 2407 1042 2446 voces
1061 2391 1277 2445 calamis
1307 2389 1599 2442 miscentur
1626 2387 1815 2451 aeutis,

608 2485 1015 2554 DiSpal'ibttSqtte
1042 2482 1204 2549 trepis
1228 2482 1395 2536 ﬁstula
1426 2481 1581 2534 dulce
1609 2488 1781 2534 sonat.

535 2576 804 2648 Tympana
834 2590 991 2629 rauca
1021 2588 1206 2627 senum
1241 2571 1457 2641 puerilis
1489 2570 1614 2623 tibia
1638 2571 1849 2633 mulcet,

606 2665 778 2733 Atque
801 2665 1070 2718 hominum
1095 2670 1342 2730 reparant
1371 2659 1530 2715 verba
1558 2674 1750 2713 canora
1775 2658 1965 2729 lyram.

533 2757 746 2814 Leniter
772 2758 871 2811 iste
900 2755 1052 2809 trahit
1088 2755 1352 2817 modulus,
1387 2751 1716 2821 rapitalacer
1747 2751 1854 2819 ille,

604 2847 773 2904 Sexus
795 2856 848 2902 et
874 2846 1042 2901 aetatis
1064 2843 1142 2900 sic
1164 2844 1390 2897 variatur
1409 2857 1542 2912 opus

604 2988 630 3016 ⁸
656 2980 822 3048 Vulgo
851 2994 1039 3046 pascuo
1057 2977 1220 3040 salva,
1242 2983 1377 3048 sicut
1399 2984 1451 3048 et
1479 2974 1529 3027 in
1562 2972 1688 3048 ven.
1717 2973 1868 3048 _Edit.
1890 2973 2099 3048 legitur,

535 3061 590 3106 et
619 3051 672 3105 in
701 3045 807 3105 uno
833 3045 964 3104 Cod.
1002 3049 1114 3100 Vat.
1148 3047 1250 3102 Sed
1301 3046 1573 3113 genuinam
1611 3045 1894 3108 lectionem,
1936 3046 2104 3112 inquit

536 3122 737 3186 Brow"
783 3120 1071 3174 ostendebat
1097 3117 1198 3171 Ms.
1233 3110 1598 3181 Trcv.,addito
1627 3117 1969 3184 glossemate:
2008 3110 2105 3168 Vos
2131 3110 2180 3177 C

532 3193 648 3245 estis
678 3193 756 3244 sal
787 3201 953 3243 terra’.

601 3260 627 3298 ιι
650 3260 837 3314 Narrat
855 3259 1198 3320 Fortunatus,
1229 3256 1280 3310 in
1315 3256 1427 3309 Vita
1462 3253 1632 3309 sancti
1680 3251 1953 3320 Germani,
1980 3269 2100 3322 cap.

529 3329 617 3396 12,
649 3329 788 3398 quod
821 3332 932 3398 ipse
959 3345 1013 3381 se
1049 3326 1388 3398 frequentibus
1435 3324 1946 3398 e_:rercebat_vigiliis._
1988 3325 2106 3378 inde

528 3394 852 3454 continuatis
883 3394 1167 3452 macerabat
1208 3397 1410 3452 inertiis.
1443 3394 1980 3464 Pernoctabatalgtda
2026 3411 2105 3448 se-

527 3482 723 3535 nectus,
779 3487 866 3537 per
903 3469 1113 3522 hiemem
1139 3469 1392 3520 sustinens
1431 3465 1702 3534 dupliciter
1729 3463 2098 3537 frigus‘wtatis,

527 3549 575 3592 et
599 3535 856 3610 temporis,
883 3540 1016 3608 quod
1047 3553 1140 3591 nec
1169 3536 1385 3592 tolerare
1423 3545 1624 3605 possent
1663 3535 1908 3603 potulenli
1953 3537 2102 3606 juve-

523 3623 634 3666 nes.

599 3689 622 3719 ε
656 3677 796 3733 Edit.
823 3677 1019 3742 Paris.,
1050 3677 1232 3730 omnis.

596 3746 624 3784 ἀ
656 3749 798 3803 Belle
827 3748 912 3803 hic
939 3749 1259 3802 Fortunatus
1284 3755 1464 3802 tenues
1496 3759 1777 3814 puerorum
1809 3759 2103 3798 vocesean-

439 3853 458 3860 ρ
530 3821 612 3873 nis
642 3833 959 3888 organorum
981 3818 1183 3889 exiguis
1205 3826 1492 3889 comparat,
1517 3830 1702 3889 senum
1741 3830 1866 3868 vero
1892 3815 2103 3889 gravio-

527 3904 616 3942 res
660 3885 830 3942 tubis:
887 3885 1094 3957 quibus
1129 3885 1396 3956 permistis
1443 3885 1791 3938 suavissimus
1839 3886 1905 3938 ad
1945 3898 2101 3957 aures

528 3965 820 4014 concentus
847 3954 1152 4013 resonabat.
1187 3959 1335 4011 Iluue
1357 3957 1600 4010 eumdem
1628 3964 1965 4025 concentum,
2010 3954 2100 4025 qui

526 4027 732 4084 solebat
760 4027 810 4082 in
841 4026 1419 4098 psalmodia_adhiberi.
1437 4025 1559 4080 alibi
1582 4027 1883 4092 eXprimeus
1911 4023 2101 4081 Fortu~

526 4108 706 4165 natus,
741 4096 944 4162 lib.‘tn,
975 4111 1093 4167 cap.
1127 4096 1181 4165 6,
1209 4097 1407 4166 inquit:

651 4187 823 4239 Clarus
839 4201 954 4238 ecce
973 4189 1134 4237 choris
1157 4195 1371 4246 resonat,
1394 4186 1533 4248 plebs
1551 4185 1661 4235 inde
1684 4185 1944 4246 ehorsulis,

707 4253 924 4313 Quisque
948 4261 1080 4299 tuum
1105 4257 1265 4300 votum
1283 4260 1378 4311 qua
1394 4249 1522 4298 solet
1545 4255 1651 4297 arte
1671 4251 1818 4297 canit.

599 4331 799 4388 Pueros
822 4333 886 4385 ad
919 4333 1058 4386 hunc
1084 4345 1238 4385 usum
1264 4330 1318 4384 in
1340 4329 1580 4384 eane-do
1602 4328 1798 4383 erudiri
1821 4326 2004 4383 solitos
2033 4343 2098 4384 ex

524 4411 710 4464 vetere
739 4401 986 4456 Ecclesia:
1028 4400 1434 4459 consuetudine.
1482 4398 1858 4452 animadvertit
1887 4399 2100 4452 Browe-

1246 287 1572 344 VENANTII
1615 283 1775 342 IION.
1815 283 2024 340 CLEM.
2068 282 2101 337 F

2211 278 2459 336 TUNA'II
2498 277 2783 335 OPERUM
2827 275 3004 333 PARS
3044 275 3082 331 Ι.
3699 276 3787 330 Idl

2138 399 2184 455 Α
2213 391 2476 446 Triticeas
2503 389 2681 460 fruges
2710 387 2927 443 fervens
2953 388 3075 443 terit
3097 402 3220 443 area
3244 385 3460 452 Christi,

2285 481 2482 534 llorrea
2513 479 2724 547 quando
2751 479 2963 548 quidem
2986 478 3342 532 construitura
3372 477 3484 534 Dei.

2214 571 2353 626 Voce
2381 572 2648 625 Creatoris
2674 572 3021 624 reminiscens
3049 585 3170 624 esse
3201 569 3406 633 beatos,

2279 661 2424 726 Quos
2447 661 2698 713 dominus
2722 660 2905 730 vigiles
2936 657 2981 722 ί,
3014 659 3138 712 dum
3170 661 3305 713 redit
3332 662 3463 728 ipse,
3501 660 3662 720 videt.

2212 750 2268 803 ln
2295 765 2521 819 quorum
2554 750 2780 818 meritis,
2805 750 3006 813 animo,
3038 750 3255 813 virtute,
3286 751 3510 818 ﬁdeque,

2281 840 2539 910 Tegmine
2560 855 2820 909 corporeo
2840 839 3036 894 lumina
3065 850 3262 910 quanta
3291 841 3485 896 latent!

2211 931 2482 985 Pontiticis
2506 932 2722 986 monitis
2745 932 2944 994 clerus,
2968 931 3118 1000 plebs
3147 933 3340 1000 psallit,
3373 943 3427 986 et
3453 934 3647 1000 iulans,

2285 1022 2433 1076 L'nde
2455 1021 2635 1076 labore
2669 1022 2810 1076 hrevi
2837 1021 2985 1090 fruge
3007 1021 3290 1084 replendus
3313 1024 3438 1076 erit.

2211 1113 2322 1169 Sub
2349 1113 2484 1167 duce
2515 1111 2780 1167 Germano
2810 1113 2933 1166 felix
2963 1113 3228 1167 exercitus
3258 1113 3341 1165 hic
3363 1120 3468 1176 est,

2280 1205 2458 1260 Moses
2489 1214 2515 1251 ε
2545 1205 2703 1261 tende
2725 1219 2929 1268 manus,
2965 1215 3020 1259 et
3051 1215 3134 1258 tua
3163 1214 3334 1258 castra
3363 1205 3527 1273 juva.

2794 1335 3019 1391 CAPUT
3059 1336 3200 1390 XIV.

2671 1446 2750 1501 De
2793 1446 3002 1501 ecclesia
3038 1446 3322 1501 Parisiaca.

2213 1561 2482 1633 [Celebrat
2506 1560 2782 1633 basilicam
2808 1561 3187 1633 Parisiensem,
3218 1561 3268 1614 in
3300 1563 3555 1616 honorem
3587 1577 3785 1617 sanctae

2282 1635 2458 1686 crucis
2485 1632 2812 1695 dedicatam,
2844 1641 2899 1684 et
2945 1632 3060 1699 ejus
3099 1632 3282 1685 laudes
3329 1647 3487 1697 supra
3532 1640 3784 1699 temptuu-

2282 1701 2675 1756 Salomonicum
2719 1701 2946 1756 extollit.
2997 1702 3321 1756 Childeherti
3376 1705 3512 1770 rrgis
3563 1704 3613 1756 in
3667 1719 3782 1757 eam

2140 1759 2188 1818 Β
2285 1772 2553 1826 basilicam
2591 1771 2956 1826 liberalitatem
2984 1785 3046 1825 ac
3069 1773 3300 1826 studium
3335 1759 3715 1841 ciirrititctidat.|

2212 1863 2270 1918 Si
2299 1863 2648 1918 Salomoniaei
2679 1872 3002 1918 memoretur
3030 1864 3272 1917 machina
3305 1866 3513 1934 templi.

2283 1958 2414 2011 Arte
2446 1954 2566 2009 licet
2588 1969 2681 2023 par
2710 1954 2802 2014 sit,
2830 1954 3101 2022 pulchrior
3123 1955 3220 2009 ista
3256 1957 3374 2008 fide.

2212 2045 2343 2100 Nam
2373 2059 2700 2115 qutecunque
2725 2043 2836 2099 illic
2861 2044 3054 2099 veteris
3083 2045 3346 2099 velamine
3375 2045 3526 2114 lcgts,

2282 2136 2477 2191 Clausa
2499 2134 2646 2190 fuere
2681 2135 2847 2204 prius,
2878 2136 2962 2190 hic
2993 2144 3224 2189 reserata
3257 2145 3433 2204 patent
3463 2137 3512 2188 ⁸³.

2213 2227 2418 2282 Floruit
2445 2229 2533 2282 illa
2563 2227 2776 2295 quidem
2805 2228 2953 2281 vario
2982 2226 3266 2282 intertexta
3296 2227 3536 2290 metallo,

2283 2319 2492 2373 Clarius
2525 2317 2609 2373 hic
2641 2316 2656 2353 ί
2695 2317 2891 2373 Christi
2921 2320 3176 2386 sanguine
3207 2320 3368 2372 tincta
3397 2319 3546 2384 nitet,

2213 2408 2360 2462 Illam
2387 2423 2595 2472 auram,
2627 2408 2832 2476 lapides
2858 2419 3136 2471 ornaruut,
3165 2409 3378 2464 cedrina
3404 2410 3564 2478 ligna,

2282 2497 2415 2551 lluic
2444 2496 2796 2552 venerabilior
2823 2497 2888 2551 de
2910 2511 3069 2552 cruce
3113 2497 3276 2567 fulget
3308 2497 3498 2551 honor.

2210 2585 2460 2642 Constitit
2488 2588 2572 2641 illa
2603 2600 2772 2654 vetus,
2804 2587 3009 2642 ruituro
3035 2598 3238 2643 structa
3270 2587 3285 2638 ἱ
3325 2589 3543 2654 talento,

2283 2677 2407 2731 llaec
2429 2679 2596 2745 pretio
2618 2678 2794 2731 millldi
2818 2688 2920 2731 stat
2948 2678 3171 2732 solidata
3196 2678 3403 2732 domus.

2211 2769 2500 2840 Splendida
2533 2768 2556 2806 κ
2603 2772 2912 2824 marmoreis
2959 2769 3217 2824 attollitur
3268 2773 3383 2822 aula
3426 2771 3710 2839 columnis,

2281 2861 2490 2929 thuia
2517 2875 2644 2930 pura
2675 2871 2874 2928 manet,
2905 2866 3072 2930 gratia
3106 2862 3278 2930 major
3303 2862 3460 2916 inest.

2206 2994 2410 3066 (subdit
2463 2994 2714 3062 Fortun.)
2755 2995 3052 3066 tnirubatur
3099 2996 3282 3049 mulier
3310 2997 3558 3049 hominem
3610 3006 3789 3051 nostra

2210 3064 2435 3132 tempore
2461 3067 2515 3118 in
2544 3066 2711 3134 ﬁgura
2741 3064 2934 3136 Moysis
2962 3067 3181 3132 potuisse
3230 3067 3536 3135 conspicere.
3568 3068 3646 3120 Ad
3683 3071 3782 3122 hoc

2211 3136 2390 3204 itaque
2415 3138 2607 3189 laetum
2629 3146 2870 3200 Spectare
2890 3137 3098 3190 videtur
3114 3137 3251 3191 idem
3274 3136 3598 3190 Fortunatus
3615 3142 3778 3206 (quod

2207 3215 2261 3260 et
2289 3207 2464 3330 Brlonv.
2497 3206 2988 3274 animadverterat),
3019 3221 3230 3261 carmen
3278 3208 3343 3259 ad
3379 3216 3673 3262 extremum
3703 3209 3781 3263 sic

2207 3291 2338 3330 conc
2364 3292 2394 3329 u
2435 3290 2558 3330 eus:

2205 3290 2558 3332 ςοιιοιυαθιιεε

2386 3366 2546 3416 Moses
2567 3366 2718 3417 tende
2737 3380 2928 3430 manus,
2953 3376 3003 3417 et
3026 3376 3106 3418 tua
3125 3374 3280 3418 castra
3296 3370 3429 3432 jura.

2404 3448 2594 3522 Paris"
2618 3449 2804 3522 juties;
2841 3450 2891 3503 in
2922 3465 3112 3520 marg.,
3134 3453 3281 3522 juva.

2274 3520 2303 3590 ξι
2345 3519 2489 3590 Unus
2517 3519 2647 3573 Cod.
2686 3520 2826 3581 Vat.,
2852 3519 3075 3573 reserata
3099 3519 3317 3590 placent.

2282 3587 2297 3626 ί
2342 3588 2399 3643 In
2431 3589 2547 3643 Vita
2575 3592 2739 3642 sancti
2791 3587 3177 3657 Droetuvei,‘ut
3205 3602 3395 3646 exstat.
3442 3606 3565 3645 δερ.
3619 3608 3633 3644 ι
3681 3593 3782 3648 Be-

2203 3659 2352 3726 ned.,
2380 3660 2456 3712 sic
2485 3660 2676 3728 legitur
2706 3661 2789 3714 hic
2820 3675 3036 3714 versus:

2359 3747 2539 3798 Claruit
2562 3749 2665 3798 hac
2691 3749 2871 3799 Christi
2894 3752 3128 3813 sanguine
3157 3759 3325 3814 tincta,
3349 3760 3528 3803 nitens.

2205 3831 2331 3887 Item
2363 3833 2414 3886 in
2456 3847 2561 3886 uno
2603 3830 2735 3886 Cod.
2791 3832 2932 3900 Vat.,
2982 3836 3170 3887 clarius
3214 3837 3322 3888 lucc
3372 3835 3582 3891 Christi.
3631 3835 3777 3892 Edit.

2201 3903 2394 3976 Paris._,
2425 3903 2885 3976 sanguinecincta.

2273 3975 2290 4041 ξ
2339 3971 2484 4027 Unus
2511 3971 2644 4026 Cod.
2680 3973 2794 4026 Vat.
2819 3975 3017 4027 ruitura
3039 3973 3171 4041 [ulla
3195 3974 3417 4029 metallo.

2274 4039 2300 4079 ¹τ
2343 4047 2652 4111 Anonymus
2714 4053 2900 4098 auctor
2950 4039 3081 4097 νιιέυ
3125 4058 3294 4098 sancti
3346 4045 3626 4101 Droctovei
3684 4047 3774 4100 ah.

2201 4112 2785 4185 (quiauetortloruisse
2805 4113 3010 4167 videtur
3027 4128 3151 4185 saec.
3173 4117 3248 4181 rx)
3277 4115 3346 4169 ita
3370 4131 3416 4168 nt
3440 4117 3521 4170 bis
3549 4118 3776 4185 hujusce

2201 4180 2435 4238 basilicae
2463 4180 2610 4236 initia
2639 4196 2706 4236 ac
2736 4191 3054 4236 structuram
3079 4180 3356 4250 describit,
3385 4202 3531 4240 num.
3565 4180 3633 4250 8,’
3653 4189 3686 4242 9
3717 4198 3777 4241 et.

2202 4252 2290 4306 10.
2343 4252 2474 4306 Cum
2533 4267 2623 4306 rex
2672 4252 3037 4307 Cbildebertus
3096 4271 3197 4308 una
3247 4270 3365 4308 eum
3429 4256 3663 4310 Clotario
3721 4261 3776 4310 in

2202 4322 2507 4396 Hispaniam
2543 4322 2846 4396 exercitum
2869 4323 3149 4396 duxisset,
3174 4339 3264 4396 jac
3313 4325 3775 4396 Caesaraugustam

2201 4392 2482 4447 obsidione
2509 4391 2782 4455 cinxisset,
2803 4392 2949 4447 urbis
2977 4394 3116 4448 illius
3138 4391 3306 4459 cives,
3332 4408 3387 4448 ut
3411 4391 3773 4453 calamitatem

525 4455 615 4526 rus
637 4455 856 4524 ininotis
884 4473 948 4523 ad
989 4469 1132 4523 hunc
1156 4468 1365 4532 locum;
1399 4455 1553 4534 idque
1579 4483 1642 4520 es
1675 4467 1876 4532 multis,
1908 4481 2099 4535 nempe
2121 4455 2175 4515 D
2203 4477 2229 4514 θ
2247 4476 2313 4535 pse
2339 4464 2558 4535 suisque
2569 4465 2740 4535 tectis
2765 4464 3018 4532 religione
3048 4455 3438 4535 prOpulsaient,
3463 4471 3550 4535 qui
3584 4470 3779 4521 burna-

528 4541 723 4594 concil.
757 4538 1018 4593 Toletano
1043 4553 1118 4602 tv,
1136 4539 1546 4607 Aquisgranensi
1566 4537 1674 4607 _suh
1694 4537 1960 4592 Ludovico
1979 4535 2095 4602 Pio,

525 4618 582 4663 et
604 4625 696 4677 es,
726 4607 842 4662 Vita
869 4607 1029 4677 Greg.
1061 4608 1158 4671 IL,
1187 4605 1325 4677 apud
1366 4606 1520 4660 Joan.
1565 4605 1878 4677 Diaconurn,
1918 4607 2009 4660 lin.
2039 4621 2094 4670 tt,

523 4693 642 4745 cap.
675 4676 731 4742 6,
753 4677 927 4745 colligi
960 4675 1158 4731 narrat.
1186 4675 1364 4745 Addit,
1394 4678 1533 4745 quod
1574 4676 1876 4744 hujusmodi
1907 4690 2098 4744 pueros

528 4744 756 4813 Victor.,
788 4744 966 4802 libItn
989 4747 1055 4802 de
1100 4746 1318 4801 Vandal.
1350 4744 1558 4800 Perseo.
1592 4745 1877 4815 appellasse
1900 4747 2099 4798 videtur

522 4831 870 4881 tnrsurnnos,
897 4833 1020 4883 quos
1040 4815 1257 4870 canendi
1287 4817 1495 4884 peritos,
1524 4831 1626 4867 una
1655 4831 1771 4867 cum
1809 4815 2096 4879 lectoribus,

519 4888 651 4940 inter
676 4902 760 4941 eos
778 4888 1086 4955 confessores
1116 4887 1354 4951 celebrat,
1408 4886 1494 4952 qui
1536 4884 1844 4953 Carthagine
1887 4886 2099 4955 relegati

521 4973 637 5010 cum
663 4969 842 5026 cetera
871 4958 1008 5011 clero
1037 4956 1268 5026 martyrii
1295 4956 1518 5026 palmam
1545 4955 1732 5009 deinde
1756 4956 1929 5025 adepti
1954 4964 2095 5010 sunt.

596 5037 621 5064 ο
647 5025 793 5082 Unus
817 5025 948 5085 Cod.
986 5025 1275 5092 Vat.,oinde
1295 5025 1446 5080 senis.

598 5095 618 5135 ί
651 5096 792 5151 Edit.
824 5096 1020 5167 Paris.,
1042 5095 1280 5167 vigilans.

597 5176 623 5214 ι
650 5167 796 5222 Unus
823 5167 957 5222 Cod.
983 5164 1110 5221 Vati
1135 5175 1192 5221 et
1216 5165 1357 5220 Edit.
1379 5164 1584 5236 Paris"
1635 5164 1880 5236 Moyses.
1910 5164 2098 5220 Narrat

524 5235 869 5302 Fortunatus,
919 5237 971 5292 in
1020 5237 1136 5292 Vita
1188 5237 1356 5291 sancti
1403 5235 1678 5306 Germani,
1722 5235 1842 5305 cap.
1871 5235 1925 5302 7,
1955 5239 2096 5306 quod

525 5322 646 5360 cum
673 5308 715 5361 is
741 5310 794 5362 in
842 5308 1056 5362 domum
1100 5307 1326 5362 Ebronis
1353 5305 1624 5376 cujusdam
1653 5306 1908 5371 venisset,
1944 5305 2096 5360 Anna

523 5387 785 5444 matrona,
817 5380 1052 5445 ejusdem
1084 5378 1305 5445 conjux,
1335 5375 1656 5431 exelamavit
1682 5391 1795 5432 rem
1841 5390 1901 5430 se
1938 5379 2098 5430 mira-

523 5445 680 5499 bilem
706 5448 919 5518 videre“;
944 5463 1168 5515 cumque
1191 5448 1376 5518 luisset
1400 5447 1718 5518 interrogata
1749 5460 1779 5500 a
1810 5448 1922 5500 viro
1941 5445 2091 5512 quid-

520 5530 642 5567 nam
677 5514 940 5583 ccrncret,
976 5514 1280 5584 respondit:
1315 5517 1446 5572 Ecce
1469 5517 1644 5570 beatus
1670 5514 1955 5570 Germanus
1983 5531 2097 5568 cor-

519 5592 651 5636 nuta
671 5587 800 5650 facie
830 5588 952 5638 mihi
975 5589 1168 5639 videtur
1195 5589 1463 5643 incedere:
1507 5587 1640 5652 quod
1688 5603 1813 5655 pene
1844 5591 1926 5638 vix
1954 5587 2096 5638 'valeo

517 5664 607 5705 aut
643 5655 828 5708 intueri
866 5657 1071 5721 lumine,
1105 5667 1190 5710 aut
1221 5673 1448 5711 sermone
1485 5659 1715 5725 conferre
1764 5670 1992 5708 sanctum
2021 5660 2094 5708 vi.

516 5739 652 5785 runt,
685 5740 812 5777 novo
860 5743 997 5778 more
1050 5728 1283 5781 cornibus
1331 5729 1635 5784 radiantem.
1666 5726 2094 5794 Consternataque

2203 4534 2286 4586 nis
2315 4533 2506 4600 opibus
2529 4530 3114 4598 diffidebant,‘tunicatn
3139 4533 3305 4588 sancti
3331 4530 3778 4600 Vinci-'ntii,ntar-

2205 4603 2335 4671 tyris
2357 4599 2842 4676 Ctesaraugustaui,
2868 4617 2960 4672 per
2989 4607 3182 4658 muenia
3214 4606 3562 4664 circumferre
3587 4599 3772 4676 cmpe-

2201 4682 2345 4736 runt,
2369 4672 2486 4743 ejus
2516 4671 3145 4743 patrociniutnadversus
3195 4675 3391 4737 hostes,
3427 4676 3634 4743 publica
3677 4671 3776 4734 illa

2200 4741 2621 4819 supplicatione,
2668 4741 3054 4819 implorantes.
3125 4747 3238 4811 Qua
3310 4741 3487 4814 specie
3541 4750 3774 4816 perculsi

2203 4811 2418 4885 hostes,
2441 4825 2563 4864 cum
2592 4811 2718 4885 quid
2747 4811 2993 4885 ageretur
3032 4811 3353 4882 rescissent,
3381 4811 3652 4885 atque'ies
3699 4829 3772 4874 ad

2201 4880 2598 4935 Childebertum
2630 4879 2815 4935 fuisset
2838 4883 3033 4946 delata,
3061 4885 3153 4938 ille
3182 4879 3429 4938 continuo
3453 4879 3572 4940 eum
3605 4905 3773 4944 exer-

2203 4951 2310 5004 citu
2339 4949 2720 5004 discedendum
2750 4952 2990 5024 censuit,
3018 4968 3083 5006 ne
3109 4956 3366 5008 adversus
3405 4972 3626 5024 superus
3669 4961 3774 5012 de-

2198 5027 2408 5092 certare
2435 5030 2731 5092 cogeretur.
2765 5021 3019 5076 Discessit
3049 5024 3245 5092 itaque,
3277 5027 3409 5078 stola
3435 5021 3600 5081 sancti
3639 5027 3774 5080 Viu-

2199 5089 2363 5161 _centii
2406 5103 2436 5141 a
2486 5088 2685 5161 civibus
2734 5103 2948 5158 accepta
2997 5108 3090 5160 pro
3139 5088 3379 5148 iuuueie.
3427 5101 3592 5161 Quam
3646 5114 3776 5152 turri

2200 5159 2431 5235 Parisios
2459 5160 2740 5235 attulisset,
2769 5159 3040 5235 basilicam
3072 5165 3122 5217 in
3157 5166 3271 5232 ejus
3304 5159 3556 5219 honorent
3605 5184 3773 5235 quam

2199 5231 2476 5304 celerrime
2524 5228 2885 5304 aediﬁcandam
2936 5245 3155 5287 curavit.
3187 5228 3344 5287 'ldem
3393 5245 3592 5304 postea,
3623 5228 3779 5291 tacto

2199 5299 2520 5363 Amalerico,
2550 5299 2842 5354 Corhorum
2877 5316 3000 5371 rege
3031 5306 3081 5356 in
3112 5299 3482 5369 Histiariia.'ex
3509 5307 3550 5359 Τ
3554 5305 3776 5363 olctaua

2200 5371 2332 5445 urbe
2361 5371 2653 5439 asportavit
2675 5385 2873 5445 emicem
2901 5388 3132 5445 cuream
3160 5375 3394 5442 pretiosis
3434 5380 3644 5445 gemmis
3687 5395 3779 5432 re-

2198 5439 2449 5501 dimitam,
2478 5453 2703 5508 eamque
2727 5442 2780 5493 in
2804 5442 3074 5496 basilicam
3105 5439 3274 5498 saneti
3321 5439 3578 5499 Vincentii
3629 5449 3770 5502 iutu-

2197 5508 2295 5575 lit;
2327 5525 2392 5562 ex
2413 5524 2516 5577 quo
2539 5509 2719 5564 titulus
2739 5522 2927 5582 saneta:
2947 5510 3124 5566 Crucis
3145 5513 3376 5568 basilica:
3409 5517 3482 5569 illi
3512 5517 3778 5582 adhaesit;

2197 5593 2316 5653 quas
2347 5593 2489 5653 nunc
2531 5582 2698 5653 sancti
2734 5580 3019 5653 Cet-inani,
3050 5585 3102 5637 in
3159 5583 3413 5639 suburbio
3456 5580 3782 5653 t’arisieusi;

2198 5649 2533 5722 obconditos
2563 5650 2934 5722 illicejusdetn
2972 5654 3212 5718 cineres,
3234 5656 3552 5722 appellatur.

2267 5719 2396 5789 lijus
2427 5735 2550 5775 \ero
2580 5719 2813 5776 basilicae
2843 5724 3250 5793 descriptionem
3272 5719 3352 5781 ita
3399 5727 3552 5783 nobis
3605 5727 3787 5783 tradit
