4060 6190
397 335 492 389 i0"!

1107 326 1427 382 VENANTII
1470 323 1628 380 llON.
1667 320 1876 379 CLEM.
1920 318 2314 374 FUHTUNATI
2353 317 2631 374 Ol’bllUM
2676 315 2852 372 PARS
2895 314 2912 368 Ι

3542 317 3641 370 ’(8

393 441 813 512 Seminat,unde
836 436 1216 509 metatlruges,
1259 435 1554 507 spargendo
1581 442 1605 468 ³
1646 434 1962 491 recondens.
1998 442 2044 498 Α
2143 431 2305 512 sisLet
2347 431 2519 512 sancti
2567 429 2811 485 Remedii
2861 430 3114 496 locatum,
3169 429 3409 486 carmine
3451 446 3645 501 prose-

463 535 714 592 Terrenis
742 532 933 602 Opibus
956 547 1060 585 non
1091 529 1344 584 moritura
1378 535 1546 596 parat.

393 631 523 686 Filia
555 629 707 698 digna
739 625 898 695 patri,
924 636 996 690 te,
1025 621 1398 676 Theodeberte
1443 619 1491 688 ι’,
1530 619 1849 685 reformans,

449 721 668 775 ‘Besisti
701 718 922 787 patriam
951 715 1042 784 qui
1067 714 1261 781 pietate
1294 711 1478 782 patris.

392 814 458 869 Et
486 813 776 868 comitante
797 809 898 862 lide
929 805 1195 862 revocasti
1219 820 1288 860 ex
1315 805 1468 861 hoste
1493 815 1514 844 α
1543 803 1861 875 triumphos,

463 901 734 971 Sed'capti
767 898 936 968 pretio
965 911 1088 951 mox
1119 897 1329 951 rediere
1353 905 1465 951 tuo.

391 995 643 1050 Ecclesia:
661 993 850 1054 fultor,
874 991 988 1044 laus
1017 989 1165 1056 regni
1190 986 1246 1053 ἀ,
1277 999 1457 1055 pastor
1477 995 1747 1057 egentium.

460 1085 596 1140 Cura
622 1081 977 1146 sacerdotum,
1011 1091 1287 1149 promptus
1310 1079 1376 1133 ad
1408 1095 1568 1134 omne
1598 1080 1822 1132 bonum.

377 1179 554 1249 Cujus
580 1177 732 1231 dulce
749 1175 934 1246 jugum
965 1174 1143 1228 nullus
1171 1176 1436 1242 gemuisse
1458 1172 1683 1235 fatetur,

469 1270 613 1323 Vivis
644 1268 819 1322 adhuc
847 1265 1051 1320 meritis
1075 1279 1167 1318 rex
1195 1265 1244 1316 in
1275 1278 1459 1317 amore
1487 1263 1610 1318 tuis.

982 1374 1212 1430 CAPUT
1253 1374 1416 1435 XVI._

782 1469 864 1524 'De
902 1469 1110 1524 basilica
1147 1468 1308 1521 sancti
1349 1467 1579 1537 Georgii.

375 1565 597 1638 {Sancti
629 1561 866 1638 Georgii_
887 1560 1138 1631 martyris
1167 1560 1460 1623 basilicam,
1494 1575 1523 1613 a
1571 1559 1790 1638 Sidonio
1840 1561 1963 1614 item

463 1636 715 1704 episcOpo
734 1630 1067 1704 aedificatam,
1116 1639 1520 1704 commemorat,
1551 1630 1772 1698 ejusque
1822 1647 1958 1704 mar-

461 1702 601 1775 tjris
629 1704 849 1775 gloriam
881 1714 934 1756 et
959 1703 1223 1756 celebrem
1256 1702 1305 1754 iu
1333 1703 1625 1754 Occidente
1649 1702 1964 1756 memoriam

460 1771 844 1845 commendau}

393 1864 640 1937 Martyris
659 1852 857 1934 egregii
893 1863 1096 1932 pollens
1125 1863 1285 1916 micat
1309 1863 1426 1916 aula
1455 1861 1645 1932 Georgi
1680 1871 1728 1928 ο,

459 1955 622 2025 Cujus
647 1955 700 2010 in
730 1957 870 2010 hunc
897 1957 1154 2009 mundum
1182 1956 1448 2025 spargitur
1473 1955 1610 2007 altus
1633 1955 1822 2008 honor.

391 2047 637 2116 Car-cere,
669 2046 836 2109 caade,
865 2047 1022 2112 fame,
1056 2045 1262 2111 vinclis,
1317 2044 1440 2112 site,
1468 2043 1686 2114 frigore,
1737 2043 1967 2098 flammis

464 2143 752 2199 Confessus
778 2140 1066 2204 Christum,
1101 2141 1252 2194 duxit
1284 2139 1349 2195 ad
1372 2150 1512 2192 astra
1542 2147 1720 2207 caput.

396 2236 494 2302 Qui
528 2235 722 2289 virtute
751 2242 940 2299 potens
961 2231 1197 2285 Orientis
1227 2232 1279 2283 in
1306 2245 1406 2284 axe
1433 2229 1696 2296 sepultus,

472 2327 608 2378 Ecce
636 2325 736 2377 sub
756 2324 986 2378 occiduo
1015 2323 1232 2378 cardine
1266 2322 1467 2388 praebet
1491 2337 1645 2390 opem

395 2419 533 2485 Ergo
563 2426 833 2472 memento
862 2429 1048 2482 preces
1078 2424 1134 2468 et
1158 2413 1385 2468 reddere
1414 2412 1574 2476 dona,
1611 2409 1631 2450 ί
1667 2414 1858 2478 viator,

467 2509 680 2562 Obtiuet
705 2509 790 2561 hic
819 2506 1026 2560 meritis
1047 2504 1195 2574 quod
1223 2504 1352 2572 petit
1371 2503 1512 2557 alma
1538 2503 1694 2558 lides.

403 2600 652 2654 Condidit
681 2598 904 2652 antistes
928 2596 1179 2653 Sidonius
1212 2597 1308 2649 ista
1339 2595 1612 2659 decenter,

475 2689 760 2744 Pruliciant
785 2689 977 2742 animae
1005 2702 1123 2756 qua:
1151 2701 1284 2740 nova
1310 2685 1507 2756 templa
1530 2701 1662 2741 suae.

961 2799 1187 2855 CAPUT
1239 2799 1398 2855 XVII.

547 2892 622 2946 De
643 2893 865 2945 oratorio
894 2889 1156 2944 Trasarici
1190 2889 1482 2962 lTrisarici,
1519 2891 1826 2964 Traserici].

409 2983 734 3057 (Templum,
765 2981 880 3057 sive
903 2981 1205 3057 oratorium
1225 2996 1255 3033 a
1285 2981 1565 3057 Trasarico
1595 2983 1664 3057 _in_
1689 2982 1967 3057 _hunurem

476 3050 777 3110 sanctorum
806 3051 951 3106 Petri
978 3059 1032 3106 et
1058 3050 1230 3115 Pauli,
1257 3052 1426 3106 sancti
1455 3051 1668 3106 Martini
1689 3051 1967 3107 Turonen-

471 3175 497 3202 ⁸
540 3167 680 3219 Edit.
713 3163 906 3226 Paris.,
937 3180 990 3216 se
1017 3165 1251 3217 arcendo.

473 3235 500 3275 δ
539 3235 968 3306 Theodebertum
1017 3239 1269 3302 praeclare
1314 3235 1504 3306 laudat
1552 3235 1712 3306 Greg.
1767 3236 1969 3292 Turon.

402 3307 499 3362 lib.
549 3321 624 3369 ιιι,
673 3303 806 3357 llist.
855 3303 1070 3369 Franc.,
1125 3319 1242 3372 cap.
1301 3305 1392 3372 25,
1450 3304 1529 3358 his
1586 3303 1759 3359 verbis
1799 3324 1811 3359 :
1851 3309 1976 3362 Erat

402 3393 616 3448 regnum
666 3391 780 3428 cum
822 3375 1027 3445 justitia
1092 3390 1287 3445 regens,
1325 3376 1642 3448 _sacerdotes
1702 3391 1974 3448 venerans,

402 3443 953 3510 ecclesias‘munerans,
981 3443 1224 3510 pauperes
1259 3443 1511 3511 relevans,
1537 3455 1584 3498 et
1605 3444 1765 3499 multa
1805 3451 1978 3502 multis

404 3518 650 3585 beneﬁcia
699 3517 785 3585 pia
823 3530 884 3568 ac
923 3514 1219 3567 dulcissima
1263 3517 1650 3569 accommodans
1700 3519 1974 3572 voluntate.

413 3588 578 3643 Omne
594 3587 859 3653 tributum,
879 3586 1016 3656 quod
1048 3585 1170 3654 ﬁsco
1193 3602 1287 3639 suo
1304 3585 1365 3638 ab
1388 3585 1630 3652 ecclesiis,
1662 3587 1714 3639 in
1737 3589 1977 3643 Arvernis

406 3659 542 3722 sitis,
573 3655 905 3722 reddebatur,
937 3661 1211 3708 clementer
1238 3655 1474 3710 indulsit.
1509 3655 1646 3709 Idem
1671 3665 1978 3714 tamennon

407 3731 600 3784 reticet
629 3727 798 3796 ipsius
826 3725 952 3796 vitia
981 3726 1030 3779 in
1063 3726 1153 3779 lib.
1180 3724 1248 3780 de
1281 3725 1412 3796 Vitis
1443 3727 1676 3792 Patrum,
1735 3742 1853 3793 cap.
1887 3729 1978 3784 17.

483 3809 506 3836 ο
549 3795 692 3851 Idem
714 3795 1116 3850 Theodebertus
1140 3795 1381 3864 pluribus
1408 3797 1644 3850 victoriis
1673 3798 1981 3852 nobilitatus

409 3879 510 3934 est,
544 3870 622 3922 vir
643 3867 697 3920 in
720 3866 873 3920 bellis
894 3865 1141 3934 gerendis
1171 3866 1522 3920 feliciSsimus.
1556 3865 1718 3921 Forte
1743 3871 1844 3921 hoc
1866 3869 1982 3922 loco

408 3938 702 3992 Venantius
729 3951 846 3991 eam
873 3935 1266 4004 expeditionem
1293 3948 1494 4002 spectat
1515 3953 1616 4004 qua
1645 3935 1981 3992 Theodeber-

407 4021 495 4064 tus
544 4010 658 4078 ipse
685 4022 715 4060 ιι
755 4007 910 4078 Patre
952 4021 1051 4059 suo
1099 4005 1429 4078 Theoderico
1474 4007 1731 4061 adversus
1778 4008 1983 4063 Gothos

411 4074 607 4134 missus
645 4087 724 4132 est
758 4095 770 4128 :
804 4077 920 4145 qui,
953 4091 1074 4130 cum
1123 4087 1243 4145 post
1287 4074 1538 4131 Clodovei
1586 4079 1787 4132 obitum
1822 4081 1983 4132 multa

408 4152 736 4218 repetissent
781 4162 898 4216 qua:
927 4147 1114 4200 eodem
1139 4156 1417 4218 _regnaute
1461 4148 1774 4218 amiserant,
1808 4151 1930 4203 victi
1953 4165 1982 4204 a

411 4215 809 4274 Theodeberto’
827 4231 891 4271 ac
917 4215 1154 4285 superati
1178 4226 1336 4283 sunt;
1364 4231 1591 4286 cumque
1637 4217 1893 4286 majorem
1924 4235 1984 4274 se

413 4290 604 4346 iisdem
655 4289 861 4342 cladem
915 4288 1206 4352 illaturum,
1255 4287 1356 4341 nisi
1429 4290 1740 4350 cessissent,
1799 4290 1986 4344 fuisset

416 4361 716 4423 minitatus,
747 4360 890 4412 ultro
919 4357 1156 4424 ejusdem
1187 4360 1408 4426 imperio
1437 4371 1556 4426 sese
1599 4359 1906 4421 subdidere.
1933 4369 1988 4413 ut

414 4441 594 4486 narrat
615 4429 837 4499 Gregor.
863 4427 1089 4499 Turom,
1118 4428 1209 4486 lib.
1236 4425 1314 4499 ιιι,
1345 4427 1478 4481 Hist.
1504 4425 1724 4493 Franc.,
1751 4444 1868 4498 cap.
1895 4429 1983 4483 21.

1998 1796 2044 1854 Β

2139 500 2365 571 quitum]

2071 590 2273 646 Lucida
2298 591 2562 661 perspicui
2590 593 2864 646 nituerunt
2891 591 3075 645 limina
3105 591 3310 660 templi,

2140 681 2256 748 Quo
2281 690 2309 729 ι
2332 681 2478 750 capit
2506 681 2644 735 haud
2675 681 2888 736 dubiam
2912 695 3060 750 spem
3083 681 3385 737 veneranda
3417 682 3570 737 ﬁdes.

2072 771 2203 827 Ilaec
2231 782 2316 826 est
2344 775 2467 826 aula
2498 772 2667 838 Petri,
2693 772 2860 827 CtBIOS
2887 773 2976 842 qui
3007 773 3155 828 clave
3183 782 3414 840 catenat,

2143 861 2396 917 Substitit
2415 872 2473 917 et
2500 863 2714 932 pelagus
2744 860 2771 899 ιι
2794 877 2900 933 quo
2931 864 3208 932 gradiente
3237 865 3392 934 lapis.

2071 954 2302 1010 Sedibus
2333 953 2415 1008 his
2445 954 2648 1008 habitat
2673 953 2890 1018 Paulus,
2919 955 3045 1008 tuba
3075 956 3322 1022 gentibus
3345 970 3470 1021 una,

2143 1041 2207 1097 Et
2229 1043 2318 1112 qui
2351 1043 2534 1114 praedo
2562 1044 2733 1113 prius,
2767 1045 2851 1098 hic
2875 1045 3033 1097 modo
3063 1059 3239 1112 prmco
3267 1057 3465 1100 manet.

2069 1133 2281 1188 Martini
2311 1136 2502 1191 domus
2533 1147 2636 1200 est,
2666 1136 2938 1191 Christum
2964 1139 3052 1208 qui
3085 1139 3243 1192 vestit
3262 1152 3534 1209 egentem,

2140 1228 2339 1296 Regem
2367 1230 2468 1282 tiro
2498 1239 2704 1297 tegens,
2735 1237 2789 1282 et
2811 1229 2969 1282 homo
2992 1229 3115 1298 jure
3146 1229 3332 1282 Deum.

2081 1318 2221 1373 Ecce
2244 1320 2541 1374 sacerdotis
2561 1318 2698 1372 sacri
2728 1322 2885 1373 micat
2917 1319 3033 1372 aula
3066 1320 3285 1374 Remedi
3321 1320 3363 1386 ί,

2138 1410 2235 1474 Qui
2261 1410 2508 1463 tenebras
2539 1408 2720 1463 mundi
2745 1409 2916 1478 liquit,
2947 1420 3002 1464 et
3026 1421 3172 1463 astra
3206 1420 3370 1464 tenet.

2068 1500 2252 1554 Cultor
2279 1499 2456 1568 epime
2487 1500 2608 1566 Dei,
2637 1501 2938 1570 Templum,
2970 1502 3248 1558 Trasarice
3277 1505 3326 1569 l,
3361 1506 3505 1562 locas
3531 1507 3572 1571 i,

2141 1591 2243 1643 llas
2265 1590 2347 1644 cui
2371 1591 2653 1659 persulvis,
2681 1590 2854 1644 reddit
2887 1589 2908 1627 ¹ί
2935 1603 3143 1646 amator
3165 1608 3316 1662 opes.

2629 1701 2855 1756 CAPUT
2895 1701 3082 1756 XVl'll.

2466 1794 2541 1848 De
2561 1799 2752 1848 sanctis
2795 1794 3182 1864 Agaunensibus
3207 1793 3251 1848 ι.

2073 1883 2278 1956 [Sancti
2313 1884 2551 1956 Mauricii
2580 1894 2637 1939 et
2663 1884 2930 1956 sociorum
2962 1886 3076 1952 ejus
3137 1885 3459 1955 triumphum
3502 1889 3644 1942 canit

2477 1955 2578 2009 hoc
2607 1956 2846 2009 carmine
2872 1955 3214 2008 Fortunatus.

2070 2043 2304 2099 Turbine
2331 2045 2431 2099 sub
2455 2045 2640 2100 mundi
2669 2060 2788 2100 cum
2813 2056 3261 2115 persequerentur
3282 2055 3320 2082 ω
3349 2047 3535 2115 iniqui,

2144 2137 2600 2208 Christicolasque
2623 2137 2778 2193 daret
2802 2153 2942 2192 saeva
2972 2138 3204 2208 procella
3235 2139 3351 2192 neci
3384 2156 3398 2192 :

2075 2230 2299 2301 Frigore
2329 2231 2578 2299 depulso,
2608 2231 2940 2286 succendens
2963 2232 3149 2296 corda,
3181 2234 3408 2302 peregit,

2141 2319 2384 2389 Rupibus
2415 2321 2468 2374 in
2495 2321 2688 2390 gelidis
2713 2321 2911 2375 fervida
2936 2321 3070 2374 bella
3103 2322 3253 2375 fides.

2072 2411 2208 2476 Quo,
2237 2412 2322 2479 pie
2350 2409 2589 2476 Maurici,
2613 2411 2805 2464 ductor
2836 2420 2861 2447 ιι
2899 2412 3127 2481 legionis
3152 2413 3362 2480 Opimia,

2141 2506 2374 2560 Traxisti
2400 2505 2566 2559 fortes
2593 2505 2826 2559 subdere
2851 2505 2988 2558 colla
3019 2507 3182 2559 viros.

2071 2595 2218 2662 Quos
2242 2605 2266 2630 °
2299 2595 2485 2662 positis
2511 2593 2700 2664 gladiis
2731 2604 3003 2648 armarent
3033 2605 3059 2643 ι)
3101 2596 3345 2664 dogmata
3373 2596 3547 2659 Pauli,

2147 2685 2374 2740 Nomine
2405 2701 2500 2754 pro
2531 2687 2731 2740 Christi
2760 2687 2968 2740 dulcius
2995 2701 3115 2740 esse
3147 2688 3302 2739 mori.

2076 2774 2300 2830 Pestore
2322 2776 2582 2845 belligero
2611 2786 2862 2846 poterant
2887 2777 2975 2844 qui
3007 2775 3222 2830 vincere
3253 2779 3421 2843 ferto,

2145 2868 2371 2922 Invitant
2397 2869 2594 2938 jugulis
2622 2869 2842 2923 vulnera
2873 2873 3034 2922 chara
3060 2871 3192 2922 suis.

2075 2961 2357 3016 Hortantes
2383 2975 2442 3015 se
2462 2960 2612 3016 clade
2639 2970 2666 3010 (ι
2690 2975 2784 3015 sua
2813 2961 2890 3014 sic
2913 2961 2988 3014 ire
3019 2959 3118 3014 sub
3146 2969 3314 3023 astra,

2143 3053 2290 3107 Alter
2311 3053 2363 3107 in
2392 3054 2612 3108 alterius
2640 3053 2788 3107 caede
2817 3053 3015 3106 natavit
3047 3056 3205 3106 heros
3231 3061 3285 3114 r;

1997 3138 2048 3202 ο
2080 3164 2278 3232 quique
2303 3163 2580 3228 Sirmium,
2610 3161 2898 3216 Pannonia:
2919 3172 3096 3229 caput,
3130 3163 3365 3224 tenebat,
3398 3173 3578 3228 poSIea
3611 3181 3642 3218 a

2077 3234 2428 3298 Theoderico,
2449 3234 2608 3288 Italia:
2635 3249 2783 3302 rege,
2813 3234 3076 3287 devictus.
3105 3234 3237 3286 Hinc
3263 3235 3451 3302 conjici
3475 3244 3650 3303 potest

2075 3319 2176 3373 qua
2209 3319 2272 3358 ex
2297 3314 2454 3370 gente
2484 3303 2973 3373 essetTrasariciis,
3006 3305 3071 3356 de
3095 3317 3202 3372 quo
3253 3303 3341 3358 hic
3387 3305 3649 3359 Fortuna-

2077 3372 2183 3429 tus.
2217 3373 2355 3427 Edit.
2381 3374 2577 3442 Paris.,
2606 3372 2906 3425 Trasaieum
2934 3373 3092 3427 habet
3123 3387 3357 3442 semper.

2153 3443 2176 3481 ¹ι
2206 3443 2350 3498 Unus
2375 3443 2506 3497 Cod.
2543 3441 2683 3505 Vat.,
2707 3443 2904 3496 reddet.

2155 3511 2171 3552 1
2209 3514 2436 3568 Sanctus
2467 3512 2758 3576 Mauritius,
2789 3523 2843 3565 et
2869 3512 3164 3579 socii,dicti
3193 3513 3412 3579 legionis
3436 3512 3649 3582 Felicis,

2079 3598 2174 3638 seu
2199 3583 2428 3638 Thebane
2456 3582 2672 3646 milites,
2697 3582 2834 3650 passi
2861 3593 2984 3636 sunt
3017 3599 3158 3636 anno
3177 3583 3305 3646 286,
3333 3583 3434 3638 sub
3479 3585 3648 3637 Maxi-

2081 3655 2282 3709 miano.
2312 3655 2505 3707 Eorum
2535 3653 2843 3721 martyrium
2873 3667 2902 3704 a
2927 3661 3113 3706 sancto
3134 3652 3651 3722 Eucherio,episco-

2082 3739 2154 3795 ρο
2187 3725 2523 3792 Lugtlunensi
2565 3722 2909 3788 descriptum,
2954 3724 3136 3795 edidit
3161 3723 3250 3795 __c|.
3287 3723 3472 3788 Ιίιιίιι..
3506 3725 3647 3778 inter

2083 3792 2213 3848 Acta
2239 3796 2444 3848 sincera
2470 3803 2782 3862 martyrum,
2802 3805 2929 3862 pag.
2946 3793 3072 3857 274,
3102 3792 3239 3846 Edit.
3258 3795 3644 3848 Amsteledatni

2083 3881 2172 3918 an.
2207 3866 2364 3925 1715,
2394 3879 2458 3918 ex
2485 3861 2695 3916 officina
2747 3861 3139 3917 Wetsteuiana.
3171 3863 3332 3917 Iidem
3364 3864 3652 3932 Agauuen-

2084 3951 2171 3989 ses
2201 3935 2449 4003 appellati
2473 3941 2598 3986 sunt
2639 3947 2703 3986 ex
2737 3932 2854 3986 loco
2881 3933 2934 3985 in
2964 3947 3068 4000 quo
3099 3944 3222 3987 sunt
3246 3934 3411 3999 passi.
3445 3935 3650 4002 Agauni

2088 4006 2307 4074 quippe,
2327 4006 2466 4074 quod
2495 4003 2744 4071 oppidum
2775 4003 2826 4074 in
2855 4003 3074 4072 Alpibus
3101 4015 3183 4056 est
3213 4018 3380 4071 prope
3404 4003 3652 4058 Rhodani

2085 4072 2308 4141 ﬂuenta,
2348 4072 2622 4128 Christum
2670 4072 2923 4144 confessi,
2955 4078 3212 4144 martyrio
3237 4075 3478 4127 coronati
3502 4084 3648 4137 sunt.

2086 4160 2206 4200 cum
2239 4145 2454 4212 quidem
2486 4144 2852 4206 Maximianus,
2885 4143 3246 4212 Bagaudarum
3287 4153 3460 4198 motus
3487 4159 3652 4196 cona-

2090 4225 2282 4284 tusque
2335 4228 2675 4279 repressurus
2723 4217 2773 4266 in
2825 4213 3015 4281 Gallia,
3048 4229 3164 4267 eam
3212 4216 3474 4283 legionem
3524 4215 3652 4267 illuc

2089 4293 2389 4340 accivnsset.
2419 4285 2808 4353 Sigismundus,
2836 4284 3162 4354 Burgundiat
3193 4298 3309 4347 rex,
3332 4284 3534 4353 Agauni
3559 4286 3653 4338 ba-

2089 4357 2292 4409 silicam
2322 4355 2699 4409 exstrueudam
2748 4365 2953 4407 curavit
3002 4355 3052 4407 in
3105 4357 3421 4408 memoriam
3452 4364 3652 4423 marty-

2092 4441 2233 4490 rum,
2264 4435 2318 4480 et
2346 4426 2724 4478 monasterium
2757 4422 3090 4490 psallentium
3112 4425 3328 4478 assidue
3358 4422 3650 4478 monacho-

485 4499 512 4538 ει
549 4501 604 4554 1η
630 4490 762 4554 Cod.
795 4497 913 4551 Vat.
943 4505 998 4550 et
1028 4490 1158 4551 Ven.
1196 4490 1358 4563 Edit.,
1408 4499 1521 4552 laus
1547 4490 1742 4568 regum.
1794 4490 1848 4552 Ιὶι
1880 4515 1986 4554 uno
2019 4493 2069 4552 D
2095 4511 2210 4568 [um
2246 4496 2471 4568 ill§llltlll
2511 4508 2650 4568 anno
2676 4490 3040 4568 51_6_Acirci_ter,
3072 4503 3129 4547 ut
3177 4496 3364 4568 legere
3391 4505 3486 4568 _est
3512 4494 3651 4563 apud

413 4571 548 4625 Cod.
585 4570 728 4635 Vat.,
751 4572 861 4623 laus
890 4583 1120 4638 regnum,
1149 4570 1183 4620 ι.
1207 4584 1405 4638 regum.

489 4651 514 4679 ⁸
547 4642 773 4697 Sanctus
801 4636 1060 4707 Georgius
1091 4636 1282 4705 passus
1315 4638 1545 4693 refertur
1590 4653 1679 4692 an.
1723 4636 1853 4703 284,
1883 4654 1988 4706 quo

421 4727 562 4766 anno
591 4713 643 4764 in
666 4707 932 4770 Chronico
975 4707 1336 4763 Alexandrino
1384 4724 1478 4763 seu
1512 4708 1773 4771 Paschali,
1802 4725 1988 4777 passus

420 4784 616 4836 dicitur
641 4783 741 4837 sub
773 4780 963 4835 Carino
996 4794 1028 4831 ιι
1055 4789 1108 4832 et
1134 4780 1460 4834 Numeriano
1481 4794 1622 4833 cuss.
1655 4780 1756 4832 Alii
1785 4782 1987 4832 malunt

422 4853 522 4908 sub
550 4852 728 4906 Decio.
749 4850 881 4903 Vide
904 4849 1085 4912 Ruin.,
1111 4851 1164 4904 in
1191 4852 1331 4903 notis
1358 4851 1421 4903 ad
1453 4848 1613 4919 Greg.
1635 4851 1833 4904 Turon.
1856 4852 1987 4904 ιιι›.ι

421 4927 488 4978 de
511 4923 688 4978 Gloria
715 4931 936 4992 martyr,
971 4934 1090 4988 cap.
1124 4923 1247 4975 10!.

497 4992 517 5031 ί
546 4993 693 5047 Unus
717 4989 1028 5054 Cod.Vat.,
1060 4999 1171 5044 vota
1201 4992 1380 5043 uiator.

492 5073 518 5110 ις
551 5061 695 5119 Unus
723 5062 858 5116 Cod.
884 5059 1031 5124 Vat.,
1054 5064 1190 5129 quod
1212 5063 1366 5128 capit.

497 5132 522 5170 ιι
558 5133 695 5186 Edit.
720 5130 882 5198 Ven.,
913 5129 1115 5195 Pelaqi.
1144 5133 1289 5187 Unus
1313 5131 1447 5186 Cod.
1494 5129 1639 5196 Vat.,
1667 5130 1863 5202 pelagis
1892 5147 1991 5199 quo

423 5205 692 5274 gradiente
717 5204 879 5274 lacus.

501 5276 520 5313 ί
553 5275 780 5329 Sanctus
809 5272 1098 5328 Remedins
1143 5273 1280 5326 idem
1313 5279 1396 5326 est
1442 5283 1508 5324 ac
1555 5280 1772 5326 sanctus
1803 5271 1989 5327 Remi-

423 5347 566 5417 gius,
590 5345 870 5417 episcopus
895 5344 1231 5417 liheiueusis.
1249 5342 1400 5411 cujus
1420 5341 1591 5394 Vitam
1617 5344 1828 5417 scripsit
1853 5347 1990 5417 inter

426 5411 649 5472 caeteros
665 5411 1009 5482 Hincmurus,
1042 5415 1279 5482 ejusdem
1311 5424 1588 5466 successor
1622 5411 1673 5464 in
1702 5411 1832 5465 sede
1857 5412 1993 5466 lihe-

430 5487 599 5541 rnensi
630 5491 825 5540 smcutu
854 5500 926 5538 rx.
961 5481 1103 5538 Obiit
1141 5494 1357 5537 sanctus
1403 5481 1672 5551 Remigius
1719 5495 1810 5535 an.
1862 5482 1986 5546 .555,

429 5572 549 5610 cum
578 5569 746 5609 annos
767 5571 869 5608 LXX
900 5556 1112 5609 circiter
1137 5556 1383 5608 sedisset.
1429 5551 1557 5606 Vide
1592 5551 1726 5606 infra
1761 5552 1877 5620 ejus
1901 5551 1988 5607 Vi-

430 5636 537 5680 tam
569 5625 818 5691 scriptam
842 5639 872 5677 a
902 5623 1122 5678 Fortun.

505 5699 521 5746 ι
560 5695 643 5749 Ab
671 5693 913 5764 Ennodio
943 5694 994 5746 in
1027 5696 1287 5764 Panegyr.
1323 5693 1464 5760 regis
1491 5691 1805 5764 Theoderici
1837 5707 1986 5764 men-

433 5768 507 5822 tio
532 5766 592 5820 fit
614 5763 890 5835 cujusdam
919 5763 1218 5830 Trasarici,’
1248 5763 1339 5834 qui
1385 5779 1477 5819 rex
1520 5763 1840 5831 Gepidaium
1864 5763 1983 5832 fuit,

2092 4565 2248 4631 Greg.
2282 4564 2505 4626 Turun.,
2536 4564 2625 4616 lib.
2656 4578 2713 4616 ιιι
2745 4563 2880 4616 Hist.
2913 4563 3130 4628 Franc.,
3171 4563 3243 4618 c.’
3264 4563 3316 4616 5.
3353 4565 3494 4619 ldem
3519 4579 3646 4619 con-

2093 4635 2269 4688 ﬁrmat
2297 4636 2387 4687 lib.
2421 4650 2432 4686 |
2459 4642 2525 4686 de
2545 4633 2724 4686 Gloria
2757 4643 3070 4704 martyrum,
3093 4649 3210 4701 cap.
3243 4633 3331 4687 75.

2160 4705 2382 4758 Sanctus
2432 4705 2719 4756 Eucherius
2766 4705 2922 4756 situm
2971 4704 3174 4771 Agauni
3224 4705 3293 4756 ita
3339 4704 3644 4759 describit:

2090 4775 2333 4828 Acaunus
2379 4777 2643 4843 sexaginta
2685 4774 2842 4841 ferme
2879 4774 3100 4827 millibus
3143 4791 3176 4827 a
3217 4773 3498 4829 Genavensi
3534 4777 3655 4829 urbe

2088 4848 2247 4909 abest,
2280 4846 2662 4912 quatuordecim
2695 4859 2815 4916 vero
2840 4843 3063 4916 millibus
3101 4846 3256 4916 distat
3284 4863 3317 4898 a
3353 4847 3516 4916 capite
3553 4845 3653 4899 Le-

2090 4915 2265 4968 manni
2297 4916 2459 4978 lacus,
2492 4931 2638 4979 quem
2666 4914 2835 4983 inﬂuit
2866 4913 3168 4968 Rhodanus.
3196 4915 3386 4986 tLocus
3413 4913 3521 4984 ipse
3540 4917 3654 4986 jam

2091 4987 2437 5059 interﬁlpina
2458 4989 2583 5059 iuga
2610 4988 2661 5037 in
2691 4985 2820 5037 ualle
2847 4987 2973 5038 situs
2997 4996 3106 5050 est;
3136 4984 3204 5037 ad
3233 5001 3380 5054 quem
3405 4984 3658 5059 pergenti-

2092 5056 2182 5108 bus
2208 5056 2400 5124 difﬁcili
2423 5055 2641 5108 transitu
2667 5071 2903 5122 asperum
2919 5098 2933 5121 ,
2959 5068 3108 5125 atque
3135 5067 3330 5108 arcium
3355 5055 3451 5108 iter
3475 5055 3659 5125 pandi-

2092 5137 2242 5179 tur...
2263 5127 2436 5180 evictis
2463 5126 2873 5193 transmissisque
2911 5127 3262 5193 angustiarum
3305 5128 3536 5193 faucibus
3570 5144 3653 5179 su-

2093 5196 2195 5248 bito
2249 5211 2341 5267 nec
2381 5197 2596 5267 exiguus
2635 5196 2771 5267 inter
2808 5198 3053 5248 montium
3099 5213 3250 5266 rupes
3288 5213 3498 5266 campus
3539 5213 3658 5267 ape-

2092 5266 2305 5336 rituriin
2333 5283 2436 5336 quo
2465 5265 2593 5336 legio
2621 5265 2815 5319 Sancta
2840 5273 3153 5321 consederat.

2162 5346 2200 5372 π’
2231 5335 2759 5407 υιιιιεγὼαένιιῑιοη
2786 5351 2901 5389 cum
2933 5337 3354 5407 persequebantur

2162 5415 2189 5442 ⁷³
2221 5407 2365 5461 Unus
2379 5406 2513 5477 Cod.
2537 5406 2653 5459 Vat.
2673 5418 2726 5461 et
2742 5407 2883 5461 Edit.
2901 5407 3091 5472 Paris.,
3110 5425 3219 5461 cum
3237 5409 3659 5477 doctorlegwnis.

2166 5484 2189 5511 °
2224 5479 2363 5530 Edit.
2395 5476 2563 5530 Paris.
2599 5493 2610 5527 :

2185 5555 2338 5611 Qoeis
2357 5557 2526 5616 positis
2549 5553 2742 5616 gladiis,
2758 5562 2872 5605 sunt
2893 5567 3026 5605 arma
3058 5555 3316 5618 edogmate
3334 5555 3492 5606 Pauli.

2163 5634 2190 5672 Ρ
2221 5623 2366 5680 Unus
2391 5624 2674 5688 Cod.Vat.,
2705 5633 3006 5680 arntasscnt.

2164 5706 2190 5744 ιι
2223 5695 2363 5749 Edit.
2398 5697 2591 5761 Paris.,
2621 5695 2780 5749 crede.

2171 5776 2191 5803 τ
2227 5767 2363 5821 Edit.
2397 5765 2600 5837 Paris”
2631 5781 2750 5819 erus
