3990 6188
275 268 299 315 ί
310 260 382 313 ll‘J

276 369 503 439 Adjuvit
535 370 561 396 ⁸
593 364 816 436 rapidas
840 362 1088 420 Rhodani
1117 362 1240 419 fons
1267 364 1540 434 sanguinis
1571 365 1759 426 undas.

346 460 545 515 Tinxit
565 456 595 496 δ
620 467 676 513 et
701 457 922 525 Alpinas
943 455 1019 510 ira
1049 466 1273 512 cruenta
1294 456 1467 512 nives.

274 552 399 607 Tali
426 551 534 606 fine
555 549 712 619 polos
739 546 867 604 felix
893 546 1168 603 exercitus
1191 546 1421 612 intrans,

345 640 586 697 Junctus
607 637 920 707 apostolicis
943 636 1149 706 plaudit
1164 636 1369 693 honore
1388 637 1587 692 choris.

286 730 543 801 Cingitur
566 736 591 764 ε
622 728 864 798 angelico
890 742 1054 798 super
1073 736 1218 783 astra
1244 728 1398 783 beata
1429 739 1639 793 senatu,

355 821 507 875 Mors
528 819 632 875 fuit
658 818 802 873 unde
830 818 1003 888 prius,
1036 819 1128 873 lux
1152 818 1303 874 fovet
1330 820 1454 874 inde
1474 819 1640 874 viros.

273 912 425 968 Ecce
455 909 883 980 triumphantum
911 908 1106 965 ductor
1129 906 1159 947 ἀ
1184 909 1479 966 fortissime
1510 920 1706 978 tecum,

355 1004 604 1070 Quatuor
633 1009 661 1039 ο
684 1000 775 1056 hic
803 1015 1087 1070 procerum
1116 1001 1338 1072 pignora
1378 1011 1558 1058 sancta
1576 1002 1756 1072 jacent
1786 1000 1829 1056 ι.

282 1093 402 1149 Sub
431 1094 579 1148 luteo
607 1092 811 1147 tumulo
834 1092 1006 1147 latitat
1032 1093 1253 1148 cteleste
1282 1094 1562 1160 talentum,

356 1186 691 1255 Divitiasque
720 1182 817 1238 Dei
838 1182 957 1237 vilis
976 1198 1138 1238 arena
1164 1185 1313 1255 tegit.

275 1278 382 1344 Qui
413 1276 621 1331 faciunt
647 1289 865 1331 sacrum
898 1275 1130 1342 paradisi
1152 1290 1400 1333 crescere
1425 1291 1673 1343 censum,

352 1366 611 1422 Haredes
634 1365 848 1420 Domini
878 1365 995 1420 luce
1026 1367 1245 1434 perenni
1275 1367 1409 1421 dati.

279 1462 510 1518 Sidereo
531 1460 735 1515 chorus
767 1460 869 1514 iste
894 1459 1091 1514 throno
1112 1473 1234 1514 cum
1259 1473 1423 1514 carne
1452 1458 1731 1524 locandus,

348 1553 488 1608 Cum
511 1552 689 1606 veniet
720 1550 911 1621 iudex,
943 1550 1150 1606 arbiter
1175 1550 1320 1607 orbis
1341 1551 1467 1606 erit.

276 1645 373 1701 Sic
401 1646 488 1713 pia
508 1645 663 1699 turba
692 1643 876 1709 simul,
904 1640 1165 1697 festinans
1185 1657 1409 1698 cernere
1435 1641 1725 1707 Christum,

355 1737 425 1793 Ut
445 1737 621 1792 ctelos
653 1744 883 1806 peteret,
916 1735 983 1790 de
1010 1749 1142 1791 nece
1170 1735 1298 1790 fecit
1323 1736 1445 1790 iter.

283 1825 615 1880 Fortunatus
635 1825 779 1880 enim
804 1839 897 1893 per
921 1823 1119 1894 fulgida
1141 1826 1280 1880 dona
1305 1824 1583 1890 Tonantis,

353 1915 433 1971 Nc
456 1914 698 1970 tenebris
726 1912 955 1981 crucier,
976 1927 1180 1983 quaeso,
1207 1914 1387 1969 feratis
1412 1929 1589 1985 opem.

878 2024 1106 2082 CAPUT
1149 2026 1288 2081 XIX.

818 2119 893 2173 De
916 2128 1092 2173 sancto
1130 2118 1354 2173 Hilario.

286 2213 493 2287 [Sancti
539 2210 1120 2287 Hilar_ii_l’ictavie_nsis
1163 2211 1510 2287 episcopi__in_
1539 2212 1871 2287 defendenda

363 2285 630 2337 adversus
660 2281 886 2336 Arianos
912 2281 1173 2335 catholica
1212 2281 1280 2335 de
1312 2281 1430 2335 Filii
1461 2283 1737 2338 divinitate
1777 2286 1873 2339 do-

356 2354 531 2407 ctrina
556 2362 610 2408 et
630 2352 819 2407 exsilio
849 2366 945 2418 pro
970 2366 1033 2406 ea
1061 2350 1341 2406 tolerando
1364 2356 1721 2410 constantiam
1756 2356 1871 2409 lau-

357 2428 450 2476 dat
479 2426 584 2477 hoc
610 2419 895 2491 carmine]

285 2515 339 2571 Si
369 2514 632 2569 Hilarium
664 2514 860 2582 qumris
887 2509 1009 2580 quis
1037 2508 1105 2564 sit
1136 2518 1186 2576 ε,
1219 2523 1563 2581 cognoscere,
1595 2511 1787 2579 lector,

358 2604 687 2675 Allobroges
710 2601 738 2638 δ
770 2600 1006 2657 referunt
1031 2600 1279 2655 Pictaviis
1308 2601 1546 2671 genitum
1584 2602 1599 2641 ί
1633 2640 1651 2657 .

286 2699 424 2755 Cum
455 2696 717 2767 populum
746 2704 956 2765 regeret
985 2693 1165 2748 divina
1191 2703 1374 2749 mente
1404 2694 1675 2761 sacerdos,

361 2790 632 2847 Servabat
660 2786 793 2859 legis
824 2786 1048 2851 ftedera,
1074 2785 1359 2842 sollicitus.

365 2929 397 2959 ι
427 2921 570 2974 Edit.
604 2920 763 2986 Ven,
797 2920 990 2973 audivi!
1021 2934 1161 2976 corr.

361 2992 387 3027 ι’
426 2992 587 3053 Ιιιίιι..
617 2993 793 3046 ιναιὶι.

368 3072 394 3101 ε
426 3064 577 3117 Unus
602 3062 734 3115 Cod.
770 3062 883 3114 Vat.
914 3079 925 3113 ;

384 3151 618 3213 Cingitur
639 3150 863 3213 angelico
874 3153 982 3213 pius
1005 3154 1251 3202 exercitus
1268 3160 1393 3201 astra
1415 3152 1555 3202 beata
1577 3157 1795 3214 senatus,

294 3234 734 3292 mendosissime.
768 3232 909 3290 Edit.
941 3234 1108 3289 Paris.
1141 3251 1155 3288 :

484 3326 713 3388 Cingitur
732 3325 956 3388 angelico
980 3325 1135 3375 virtus
1156 3325 1380 3376 trsbeata
1405 3332 1593 3377 senatu.

363 3409 393 3446 ιι
425 3408 590 3471 lbid.,
622 3410 800 3491 ᾴρςιοτ
833 3407 1126 3491 [σκεδάννιῷ
1406 3488 1496 3491 ι-
1658 3490 1663 3491 ν
1846 3482 1851 3491 ~

367 3502 393 3526 ο
420 3490 559 3545 Tres
584 3488 835 3562 videlicet
859 3489 1109 3562 praecipui
1132 3487 1385 3562 piissimae
1406 3488 1633 3558 hujusce
1654 3487 1878 3562 legionis

292 3562 484 3627 duces,
528 3575 627 3613 seu
667 3557 1314 3631 praefectinumerantnr,
1339 3557 1644 3628 Mauricius,
1673 3557 1878 3631 Exupe-

291 3634 427 3687 rius.
457 3641 515 3684 et
552 3629 845 3684 Candidus.
879 3628 1164 3700 Mauricius
1194 3628 1540 3700 primecerius
1582 3642 1697 3685 erat
1735 3628 1877 3700 θῇιιεέ

290 3702 420 3757 dem
451 3701 699 3769 legionis,
731 3714 850 3768 quae
873 3698 1102 3769 dignitas
1131 3699 1371 3766 proxima
1398 3709 1516 3755 erat
1539 3702 1658 3755 loco
1681 3698 1877 3758 tribuni

290 3772 553 3827 militum.
590 3770 886 3837 Exuperius
913 3778 1029 3823 erat
1058 3769 1427 3837 campiductor
1453 3788 1467 3837 ;
1501 3781 1556 3826 et
1582 3772 1876 3838 Candidus,

298 3852 524 3896 senator
551 3841 803 3905 militum,
832 3850 891 3893 ut
920 3838 1113 3893 ibidem
1144 3849 1324 3895 narrat
1351 3840 1661 3897 Eucherius.
1700 3844 1881 3897 Victor

300 3928 456 3977 vero,
474 3912 567 3980 qui
590 3921 780 3980 quarto
800 3914 914 3964 loco
931 3910 1265 3964 adnumerari
1285 3910 1441 3973 solet.
1461 3926 1557 3966 nec
1574 3912 1877 3979 prazl‘ectus,

300 3997 404 4037 nec
448 3984 612 4036 miles
648 3981 790 4035 illius
823 3980 1042 4053 legionis
1083 3989 1231 4042 erat,
1255 3981 1351 4053 sed
1396 3982 1616 4036 alterius
1656 3984 1881 4053 legionis

299 4056 459 4107 miles
496 4062 824 4116 veteranus;
854 4052 944 4120 qui
984 4065 1106 4104 cum
1135 4064 1260 4105 casn
1292 4051 1415 4105 illac
1445 4051 1748 4118 transisset,
1792 4055 1878 4107 ubi

299 4124 502 4177 milites
523 4121 830 4193 maximiani
852 4120 1213 4193 epulabantur
1228 4121 1334 4175 laeti
1358 4130 1649 4193 martyrum
1673 4122 1878 4189 spoliis,

299 4196 477 4247 noluit
505 4192 761 4253 invitatus
789 4192 1039 4246 c0nve5t'i
1064 4206 1079 4254 ;
1108 4190 1252 4246 unde
1288 4190 1877 4261 agnitus'Cbristianus,

299 4264 505 4317 ibidem
536 4261 853 4316 interfectus
881 4271 986 4315 est.

376 4340 396 4378 ί
429 4340 492 4395 ιιι
521 4339 743 4394 basilica
781 4340 941 4394 etiam
976 4337 1238 4393 Turonica
1261 4381 1275 4404 ,
1306 4354 1465 4404 quam
1494 4354 1623 4396 a»se
1659 4356 1878 4397 renova—

300 4422 412 4482 tam
445 4418 632 4463 narrat
670 4408 840 4482 Greg.
873 4408 1219 4482 Turon.,_lib.
1257 4425 1285 4463 x
1321 4408 1454 4482 Hist.
1498 4410 1711 4479 Franc.,
1758 4426 1874 4482 cap.

299 4481 403 4544 3i,
444 4488 763 4533 sanctorum
814 4479 1206 4546 Agaunensium
1257 4493 1404 4532 sacra
1438 4479 1641 4547 lipsana
1695 4479 1877 4537 serva-

303 4553 502 4605 bantur
537 4567 551 4602 :
582 4566 702 4616 quae
723 4548 871 4602 forte
896 4549 1159 4604 dicendus
1186 4548 1287 4603 hoc
1316 4551 1553 4604 carmine
1582 4552 1883 4607 celebrasse

302 4621 641 4690 Fortunatus
665 4633 764 4688 pro
792 4620 1025 4691 illaqna:
1054 4622 1223 4687 ipsum
1256 4630 1310 4675 et
1338 4619 1650 4691 Gregorium
1681 4622 1883 4677 Turon.

305 4694 569 4745 intererat
599 4689 1015 4744 necessitudine.

380 4779 409 4815 ι
446 4770 597 4823 Unus
622 4767 756 4821 Cod.
786 4767 930 4831 Vat.,
954 4768 1041 4835 qui
1071 4767 1154 4819 sit.

380 4857 406 4885 ο
444 4847 945 4917 Allobrogeserant
981 4845 1161 4915 populi
1191 4847 1281 4915 qui
1314 4847 1390 4899 cis
1432 4846 1691 4904 Rhodani-
1716 4848 1887 4917 ripam

306 4919 630 4973 habitabant
660 4917 724 4970 ad
756 4915 949 4969 Lurani
981 4926 1248 4982 montem,
1278 4926 1332 4970 et
1362 4918 1651 4972 Lemanum
1683 4915 1885 4985 lacum,

304 5002 360 5042 nt
397 4991 568 5041 refert
599 4987 774 5040 Brow.
806 4986 865 5039 Hi
900 4989 1095 5054 passim
1127 5001 1225 5055 pro
1253 4986 1416 5041 Gallis
1444 4998 1742 5042 sumuntur.

382 5070 399 5103 ί
439 5066 701 5119 Sanctum
742 5064 998 5117 Hilarium
1041 5064 1268 5119 Pictavis
1295 5078 1473 5120 natum
1505 5068 1663 5121 tradit
1696 5068 1888 5121 Fortu-

302 5149 470 5191 natus
498 5146 555 5188 et
582 5135 707 5188 alibi
738 5135 850 5189 suis
882 5134 935 5188 in
961 5136 1307 5190 carminibus.
1353 5136 1427 5189 Ita
1455 5137 1491 5191 Ι.
1524 5152 1635 5203 vin,
1663 5153 1712 5194 c.
1748 5139 1798 5203 l,
1823 5139 1890 5192 de

302 5222 365 5263 se
410 5210 532 5273 ipso
561 5206 806 5274 loquens,
835 5205 1005 5274 inquit
1034 5223 1046 5257 ε

438 5294 649 5361 Ριςιπὶς
669 5293 916 5361 residens,
940 5306 1033 5361 qua
1057 5299 1252 5361 sanctus
1266 5295 1481 5361 Hilarius
1500 5295 1613 5361 olim

672 5332 1392 5416 ἷῖιίἶιῖἴίυἳιῖὶόἷὲἔῖἶῗὸὶὶὶέ
1405 5332 1565 5409 iiii}:

382 5438 522 5492 Item
568 5436 813 5503 Hierom,
864 5439 916 5493 in
964 5439 1171 5506 praefat.
1196 5440 1263 5493 ad
1312 5440 1557 5506 Paulam,
1600 5457 1655 5503 et
1687 5450 1873 5505 Eustoc

306 5510 528 5572 :hium,
563 5508 654 5562 lib.
683 5524 722 5564 tt
748 5507 1050 5565 Comment.
1082 5512 1135 5565 in
1169 5512 1335 5579 Epist.
1366 5515 1433 5566 ad
1461 5515 1579 5568 Gal.

392 5592 412 5637 l
455 5587 572 5642 Duo
598 5586 768 5643 Codd.
802 5588 943 5655 Vat.,
973 5588 1369 5658 Cancrumque
1391 5591 1556 5644 viros.

388 5664 420 5703 ¹ι
464 5664 616 5723 Unus
641 5666 776 5724 God.
808 5667 952 5727 Vah.
985 5679 1037 5723 ut
1066 5670 1273 5739 dicant,
1305 5681 1376 5722 est
1408 5678 1541 5725 creat
1648 5703 1663 5721 .
1701 5669 1888 5726 Fortu-

1494 241 1990 307 MISCELLANEA.
2031 276 2098 287 —
2129 242 2256 303 LIB.
2297 241 2360 301 ll.

1895 361 1947 418 Α
1975 358 2252 424 improbus
2279 368 2336 412 ut
2363 358 2493 413 vidit
2524 358 2707 427 plebes
2733 357 2871 427 quod
2899 357 3164 412 scinderet
3188 371 3358 423 error,

3438 246 3533 305 illi

2041 447 2347 503 Graecorum
2378 451 2393 499 Ι
2433 464 2580 505 virus
2607 451 2826 519 protulit
2853 452 2903 502 in
2934 449 3183 503 medium.

1970 536 2197 605 Vipereo
2224 550 2473 607 promunt
2501 553 2716 609 semper
2745 542 2832 607 qui
2860 555 2923 593 ex
2955 541 3119 594 corde
3148 554 3371 601 venena,

2041 630 2204 686 Filius
2235 640 2292 685 ut
2320 631 2503 687 dicant
2527 632 2649 700 quia
2681 641 2765 686 est
2791 641 3033 686 creatura
3064 630 3089 669 ι
3125 632 3240 687 Dei.

1968 720 2130 787 Queis
2160 722 2329 791 magis
2356 724 2611 779 auxilium
2644 732 2861 792 praestat
2887 725 3146 793 sapientia
3178 727 3384 791 mundi,

2041 811 2116 866 De
2144 812 2383 881 ingenito
2410 814 2648 882 genitum
2680 828 2799 882 qua:
2830 822 2986 884 negat
3009 829 3129 870 esse
3157 816 3341 870 Deum.

1969 902 2136 969 Quam
2168 903 2313 958 male
2341 903 2680 976 complexus,
2711 903 2935 973 cupiens
2962 905 3171 961 calcare
3195 908 3505 975 prophetas,

2042 1000 2198 1055 Arius
2225 998 2431 1069 infelix,
2459 1016 2579 1056 cum
2610 1003 2830 1069 retinet,
2860 1005 3075 1073 crepuit
3106 1000 3149 1055 ι.

1971 1089 2229 1161 Egregius
2257 1091 2465 1161 doctor,
2491 1100 2732 1148 veterum
2763 1095 3088 1149 monimenta
3118 1102 3354 1161 secutus,

2042 1181 2211 1250 Quem
2240 1183 2543 1253 Stephanus
2567 1186 2721 1250 vidit,
2749 1188 3062 1256 comprobat
3083 1202 3204 1243 esse
3234 1187 3422 1241 Deum.

1972 1270 2195 1327 Vinctus
2221 1282 2260 1309 ω
2291 1289 2477 1330 amore
2506 1274 2620 1343 Dei,
2650 1285 2955 1345 contempto
2986 1278 3221 1347 principe
3245 1285 3275 1315 ι
3302 1277 3503 1339 mundi,

2040 1366 2360 1424 lntemerata
2388 1368 2522 1425 fides
2551 1371 2767 1439 pertulit
2791 1371 3058 1427 exsilium.

1974 1454 2029 1510 In
2070 1456 2227 1512 Patre
2286 1466 2335 1522 ο.
2380 1459 2470 1529 qui
2511 1461 2851 1531 omnipotens
2894 1460 3036 1516 Deus
3075 1471 3177 1530 est,
3220 1476 3483 1531 cognosce
3514 1479 3544 1517 e

2043 1546 2241 1603 Divinis
2269 1556 2476 1603 tantum
2507 1550 2727 1605 vocibus
2758 1550 3012 1606 insinuat.
3233 1552 3469 1624 [Natum,

1974 1637 2297 1706 Perpetnum
2320 1638 2499 1695 lumen
2523 1640 2812 1707 Christum,
2838 1643 3225 1715 Dominamque
3252 1646 3545 1716 Deumque.

1902 1702 1949 1760 Β
2047 1702 2279 1787 Bissenis
2305 1740 2333 1780 Ρ
2363 1732 2590 1801 populos
2615 1702 2809 1789 edocet
2827 1748 2948 1790 esse
2976 1702 3148 1791 libris.

2561 1845 2786 1901 CAPUT
2844 1846 2961 1901 XX.

2320 1933 2397 1988 De
2423 1947 2596 1989 sancto
2624 1936 2869 1989 Medardo
2892 1946 2919 1985 (ι
2942 1938 3195 2006 episcopo.

1976 2036 2179 2115 [Sancti
2205 2042 2462 2108 Medardi,
2495 2047 2731 2115 episcopi
2761 2044 3160 2113 Noviomensis,
3204 2049 3540 2104 sanctitatem

2045 2112 2182 2185 vita:
2209 2127 2273 2185 ac
2298 2116 2477 2169 saeculi
2507 2112 2693 2185 fugam'
2721 2116 2820 2172 hoc
2845 2120 3079 2171 carmine
3107 2117 3342 2171 celebrat
3372 2132 3384 2170 :
3416 2119 3539 2173 item

2046 2182 2303 2239 miracula
2345 2182 2648 2252 percenset,
2691 2186 2886 2254 quibus
2912 2186 3151 2255 ejusdem
3183 2188 3349 2253 pietas
3377 2189 3541 2242 incla-

2043 2261 2261 2326 ruerat;
2284 2264 2556 2321 postremo
2583 2269 2972 2326 commemorat
3009 2256 3277 2311 basilicam
3305 2273 3462 2326 qnam
3488 2261 3539 2312 ἱιι

2043 2323 2283 2397 ejusdem
2298 2326 2628 2397 memoriam,
2650 2340 2680 2378 a
2697 2325 2929 2397 Clotario
2944 2336 3172 2397 emptam
3194 2323 3539 2393 exaedificari,

2044 2393 2342 2464 Sigibertus
2370 2394 2781 2467 compleverat.]
3035 2393 3046 2397 '
3536 2398 3537 2401 ‘

1975 2501 2120 2559 inter
2144 2501 2515 2574 Christicolas,
2549 2519 2684 2574 quos
2713 2505 2851 2561 actio
2880 2508 3023 2561 vexit
3050 2524 3102 2561 in
3133 2519 3272 2562 astra
3302 2516 3347 2571 τ.

2049 2591 2179 2647 Pars
2207 2593 2302 2648 tibi
2333 2609 2432 2664 pro
2458 2594 2666 2649 meritis
2695 2610 2908 2667 magna,
2941 2596 3210 2663 Medarde,
3240 2608 3401 2666 patet.

1976 2683 2078 2752 Qui
2107 2684 2185 2739 sic
2212 2684 2395 2739 vixisti
2424 2687 2649 2740 terrenis
2676 2687 2871 2756 hospes
2901 2687 2952 2741 in
2981 2690 3109 2753 oris,

2051 2774 2118 2829 Ut
2141 2774 2334 2831 caelum
2360 2774 2591 2843 patriam
2621 2775 2857 2831 crederis
2890 2785 2912 2813 ⁸
2942 2788 3060 2832 esse
3099 2786 3262 2831 tuam.

1980 2915 2135 2982 natus
2164 2916 2220 2961 nt
2247 2906 2559 2982 Arianorum
2591 2908 2674 2982 de
2699 2908 2831 2962 Filio
2866 2909 2966 2982 Dei
3000 2925 3308 2982 perversum
3353 2912 3542 2982 dogma

1980 2979 2261 3044 exprimat,
2292 2980 2633 3033 metricarutn
2664 2979 2835 3047 legunt
2866 2980 3214 3045 obliviscitur,
3247 2979 3542 3044 corripiens

1907 3045 2213 3110 Gprimum
2268 3065 2301 3101 a
2366 3048 2419 3102 in
2488 3064 2617 3104 voce
2674 3045 2927 3103 creatura.
2998 3050 3259 3106 Praeclare
3324 3052 3549 3107 advertit

2030 3133 2289 3184 rowerus,
2332 3119 2469 3174 male
2495 3134 2522 3172 a
2556 3120 2801 3192 Fabricio
2845 3136 2939 3187 pro
2975 3131 3209 3174 creatura
3255 3123 3374 3189 poni
3412 3126 3548 3192 geni.

1980 3196 2119 3249 tura,
2166 3198 2223 3242 ut
2263 3199 2368 3243 stet
2412 3189 2567 3243 metri
2596 3191 2730 3243 ratio
2773 3206 2893 3243 cum
2944 3192 3043 3243 hoc
3088 3189 3548 3246 νοριιιιυιιιιιιήοιι

1982 3260 2149 3327 magis
2196 3262 2511 3313 Arianorum
2559 3262 2879 3314 sententiam
2933 3276 3088 3326 quam
3145 3261 3545 3317 Catholicorum

1981 3329 2195 3383 referat.
2231 3334 2305 3383 Ac
2334 3331 2568 3398 profecto
2599 3330 2923 3384 Fortunatus
2953 3331 3067 3400 ipse
3096 3330 3251 3400 paulo
3281 3340 3403 3401 post
3428 3335 3503 3387 ait
3532 3354 3540 3386 :

2040 3420 2192 3485 Qu_eis
2206 3421 2435 3485 (Arianis)
2460 3423 2611 3483 magis
2632 3422 2861 3471 autilium
2889 3428 3085 3484 praeth
3104 3425 3342 3485 sapientia
3364 3426 3552 3485 mundi,

2104 3482 2178 3532 De
2204 3484 2420 3544 ingenito
2438 3482 2654 3544 genitum
2678 3499 2785 3546 qua:
2808 3482 2959 3544 negat
2983 3497 3092 3533 esse
3118 3482 3294 3536 Deum.

1983 3566 2239 3621 Volebam
2300 3562 2496 3621 scilicet
2552 3568 2757 3634 Ariani,
2806 3578 2860 3621 ut
2898 3570 2973 3622 ait
3002 3568 3234 3629 Severus
3265 3568 3550 3636 Sulpicius.

1986 3638 2077 3711 lib.
2112 3652 2147 3690 ll
2182 3638 2404 3711 Histor.,
2436 3653 2498 3711 εξ
2527 3637 2689 3711 niltilo
2719 3639 2770 3691 in
2800 3639 3133 3693 substantiam
3160 3655 3370 3707 novam,
3405 3654 3554 3711 atque

1980 3708 2195 3761 alteram
2233 3708 2423 3774 factum
2458 3706 2734 3780 Dominum
2769 3726 2952 3763 novum
2999 3712 3313 3778 alterumque
3335 3706 3363 3776 ;'
3396 3706 3554 3780 fuisse

1982 3789 2151 3849 autem
2181 3791 2375 3849 tempus
2399 3795 2495 3843 quo
2528 3775 2575 3828 F
2578 3779 2695 3849 ilius
2721 3796 2821 3833 non
2853 3781 3048 3849 fuisset.

2061 3846 2077 3885 1
2111 3846 2304 3921 Ell'nsis
2348 3850 2553 3903 scilicet
2595 3848 2734 3903 inter
2770 3846 3089 3921 egerendum
3134 3853 3452 3919 visceribus,
3501 3866 3555 3906 nt

1984 3920 2315 3972 notissimum
2344 3927 2444 3972 est.

2054 3997 2092 4025 ω
2128 3988 2238 4041 Dno
2260 3988 2427 4042 Codd.
2465 3990 2605 4051 Vat.,
2637 3992 2791 4044 victus
2820 4006 3021 4046 amore.

2055 4067 2081 4094 η
2114 4058 2209 4111 Hic
2251 4059 2358 4130 fuit
2396 4058 2769 4126 Constantius,
2802 4060 2971 4130 Magni
2998 4062 3335 4116 Constantini
3392 4061 3553 4122 ﬁliae.

1987 4127 2300 4182 Arianorum
2336 4124 2529 4191 fautor,
2560 4130 2660 4182 sub
2679 4124 2785 4197 quo
2809 4131 2858 4184 in
2881 4124 3126 4185 éxsllium
3156 4144 3305 4187 actus
3335 4142 3554 4185 sanctus

1988 4198 2218 4252 Hilarius
2246 4208 2347 4263 est,
2377 4212 2439 4251 ac
2470 4200 2797 4269 relegatusin
2815 4200 3125 4272 Phrygiam,
3148 4214 3204 4257 ιιι
3226 4211 3407 4259 narrat
3435 4202 3555 4257 Sut-

1988 4268 2158 4320 nicius
2188 4268 2278 4320 lib.
2309 4284 2344 4320 ιι
2376 4268 2509 4320 Hist.

1988 4268 2158 4336 picius
2188 4268 2278 4321 lib.
2309 4284 2344 4322 ιι
2376 4268 2509 4321 Hist.
2594 4268 2597 4269 ⁷
2930 4268 2944 4272 ⁷
2970 4268 2986 4271 ⁷

2060 4346 2085 4372 ο
2116 4337 2265 4410 Unus
2290 4339 2419 4392 Cod.
2450 4339 2563 4392 Vat.
2588 4349 2642 4394 et
2671 4340 2808 4394 Edit.
2842 4340 3032 4407 Paris.,
3076 4345 3130 4395 in
3179 4334 3337 4410 Patre
3376 4343 3560 4410 quique

1988 4416 2187 4481 potius.
2223 4408 2279 4462 In
2308 4410 2415 4481 alio
2443 4411 2492 4462 in
2524 4421 2665 4475 patre
2690 4414 2902 4481 quisque
2929 4423 3180 4481 potentem
3216 4408 3351 4481 Deus
3377 4408 3520 4467 corr.

2063 4489 2089 4527 ιι
2120 4478 2347 4534 Sanctus
2380 4478 2715 4549 Hieronym,
2747 4483 2798 4534 in
2826 4483 3047 4550 epistola
3082 4480 3170 4544 83,
3212 4478 3332 4547 quae
3366 4495 3450 4537 est
3489 4483 3554 4537 ad

1989 4550 2258 4619 Magnum,
2292 4560 2560 4603 oratorem
2591 4555 2737 4605 urbis
2767 4552 2969 4619 Romag,
2997 4554 3177 4606 scribit
3218 4550 3286 4604 de
3315 4552 3515 4607 Hilario
3544 4572 3557 4605 :

1989 4621 2228 4673 Hilarius
2266 4636 2493 4673 meorum
2534 4628 2792 4682 confessor
2828 4635 3131 4691 temporum,
3181 4632 3228 4674 et
3270 4624 3561 4690 episcopus,

1989 4691 2277 4745 duodecim.
2319 4691 2626 4757 Quintiliani
2663 4693 2820 4746 libros
2856 4703 2902 4745 et
2930 4698 3063 4762 stylo
3114 4694 3341 4746 imitatus
3376 4704 3470 4761 cst,
3515 4706 3561 4747 et

1989 4776 2217 4813 numero.

2064 4831 2343 4902 annctns
2419 4830 2700 4885 Medardns
2766 4831 3195 4887 Viromandonsis
3273 4833 3555 4902 episcopus

1987 4911 2202 4956 creatus
2249 4901 2369 4963 fnit,
2425 4910 2481 4953 ut
2522 4902 2721 4955 diserte
2760 4903 2917 4955 docet
2960 4903 3283 4957 Fortunatus
3337 4905 3387 4955 in
3442 4901 3557 4969 ej...

1992 4972 2135 5034 Vita,
2218 4986 2365 5041 num.
2414 4969 2467 5022 9.
2497 4970 2600 5026 Sed
2645 4972 2690 5025 is
2717 4980 2902 5041 postea
2975 4974 3332 5040 episcopalem
3378 4972 3555 5025 sedem

1993 5042 2264 5096 transtulit
2321 5040 2659 5107 Noviomum,
2712 5040 2772 5096 ut
2798 5051 3044 5096 narratur
3065 5043 3117 5095 in
3151 5042 3264 5094 Vita
3293 5043 3555 5109 ejusdetii,

1993 5129 2022 5165 a
2052 5111 2310 5165 Radbodo
2335 5116 2589 5180 episcopo
2617 5111 2959 5166 Noviomensi
3000 5122 3055 5166 et
3081 5111 3405 5164 Tornacensi
3431 5126 3560 5163 con-

1994 5182 2218 5249 scripta,
2245 5179 2570 5248 quatexstat
2592 5181 2751 5237 tertio
2770 5184 2885 5237 loco
2908 5183 3045 5250 apud
3068 5182 3305 5250 Bolland.
3327 5179 3560 5234 addicto

1997 5250 2029 5305 8
2059 5248 2226 5317 Junii,
2260 5252 2347 5304 ubi
2378 5261 2433 5306 et
2458 5266 2617 5306 causa
2645 5252 2792 5305 illius
2825 5248 3188 5305 translationis
3212 5249 3327 5304 fuse
3347 5251 3563 5305 descri-

1998 5322 2155 5376 bitur.
3526 5328 3531 5351 ³

2073 5402 2095 5430 ι
2129 5391 2259 5463 Tres
2288 5390 2457 5447 Codd.
2498 5391 2611 5449 Vat.
2653 5400 2708 5446 et
2730 5390 2861 5446 Ven.
2914 5391 3080 5459 Edit.,
3108 5392 3160 5445 in
3190 5392 3340 5446 astris
3380 5409 3396 5455 ;
3425 5394 3565 5463 apud

1998 5457 2263 5525 Bollatid.,
2294 5464 2347 5515 in
2372 5479 2546 5515 auras.

2073 5539 2093 5566 '
2132 5532 2278 5587 Unus
2298 5534 2430 5587 Cod.
2456 5532 2598 5595 νει..
2628 5542 2689 5596 ιιι,
2710 5534 2858 5588 ctzlas
2884 5534 3101 5605 patriam
3130 5532 3388 5605 redderes.
3419 5531 3538 5588 Edit

2008 5601 2164 5664 Ven.,
2188 5613 2239 5655 ut
2270 5606 2449 5657 malum
2494 5606 2658 5669 patria
2699 5601 2923 5659 creditur
2964 5619 3071 5659 esse
3099 5615 3202 5660 tua.
3246 5604 3392 5659 Alius
3430 5607 3558 5661 Cod.

2008 5675 2151 5740 νει..
2183 5677 2407 5727 rcdderis
2435 5691 2572 5728 esse»
