4060 6190
490 241 586 300 HI

493 354 747 410 Exsilium
779 352 871 409 tibi
910 353 1142 408 mundus
1170 362 1304 418 erat,
1338 364 1552 407 emnosa
1581 353 1818 417 caventi,

560 449 625 504 Et
656 449 833 513 modo,
868 456 924 502 te
946 448 1144 519 gaudet
1172 445 1289 500 cive
1318 453 1573 500 manente
1601 446 1776 513 polus.

490 544 692 599 Exutus
719 542 977 609 tenebris,
1007 540 1233 595 vestitus
1263 537 1498 607 tegmine
1526 537 1682 602 lucis,

562 634 687 688 Post
717 632 919 688 obitum
952 636 977 663 ⁸
1006 629 1201 698 frueris
1236 627 1489 684 liberiore
1516 627 1625 682 die.

492 724 567 778 De
598 722 785 777 tellure
814 732 985 784 satus,
1012 718 1183 773 factus
1206 731 1485 787 possessor
1512 715 1749 788 Olympi,

563 813 629 866 Et
652 822 877 865 matrem
909 810 1153 877 linquens
1178 808 1206 847 ιι
1237 823 1361 863 cum
1406 816 1578 877 patre,
1615 808 1734 862 laeta
1774 816 1944 863 tenes.

494 904 719 959 llumani
746 904 913 956 victor
941 901 1075 966 vitii,
1103 916 1265 969 super
1293 910 1437 955 astra
1464 898 1782 967 triumphas,

564 994 740 1064 Atque
766 1007 1011 1048 cremans
1038 1006 1279 1057 carnem,
1311 990 1409 1047 das
1445 991 1639 1046 animae
1669 992 1927 1059 requiem.

487 1087 567 1143 Te
603 1088 744 1142 inter
772 1086 1075 1141 mundanus
1106 1099 1300 1154 vepres
1333 1082 1635 1154 gradiente,
1668 1084 1915 1149 fatemur,

560 1177 797 1233 Calcatis
826 1176 1017 1247 spinis,
1047 1175 1412 1246 promeruisse
1437 1190 1611 1231 rosas.

486 1268 649 1323 Flore
676 1266 909 1323 refectus
941 1279 963 1306 ο
992 1281 1142 1337 ager,
1175 1280 1370 1323 suaves
1402 1266 1496 1321 tibi
1526 1266 1701 1321 fundit
1726 1265 1752 1301 ά
1782 1265 2000 1331 odores,

560 1356 830 1422 Balsama,
864 1357 1021 1411 thura
1061 1355 1294 1424 replent,
1336 1370 1455 1425 quae
1487 1354 1770 1426 paradisus
1800 1354 1979 1409 habet.

489 1447 655 1502 Cauta
689 1462 784 1517 per
810 1455 1095 1517 angustum
1129 1445 1299 1516 ﬁgens
1329 1446 1550 1517 vestigia
1579 1446 1796 1511 callem,

561 1538 653 1594 Sic
681 1538 828 1593 dedit
854 1549 999 1593 arcta
1032 1538 1125 1593 tibi
1151 1537 1342 1594 semita
1368 1537 1503 1594 lucis
1528 1538 1652 1594 iter.

492 1630 622 1685 Lata
646 1630 976 1698 voluptatum
1003 1630 1110 1695 via,
1136 1644 1257 1699 quae
1284 1630 1585 1698 submergit
1611 1630 1845 1695 Averno,

568 1720 747 1774 Dulcia
773 1720 952 1774 carnis
979 1720 1147 1785 alens,
1182 1719 1372 1774 mortis
1408 1733 1589 1773 amara
1620 1728 1786 1788 parat.

502 1812 615 1865 lloc
647 1826 915 1880 nunquam
948 1824 1131 1864 sacros
1162 1808 1358 1864 flexisti
1382 1809 1596 1865 tramite
1623 1826 1863 1879 gressus,

564 1900 674 1955 Nec
714 1911 937 1970 potuere
978 1909 1100 1954 tuos
1130 1914 1292 1970 prava
1325 1908 1512 1955 tenere
1539 1900 1726 1971 pedes.

503 1996 703 2049 Durmn
734 1995 835 2048 iter
863 1993 928 2048 ad
960 1992 1167 2058 laudes,
1205 1994 1417 2063 gravior
1443 1996 1465 2023 °
1496 1994 1584 2047 via
1614 1994 1762 2048 ducit
1792 1994 1842 2048 in
1875 1993 2037 2047 altum
2064 2012 2076 2045 :

568 2087 682 2154 Quo
714 2086 865 2141 labor
892 2094 974 2140 est
1006 2085 1203 2154 potior,
1232 2085 1397 2155 gloria
1425 2084 1597 2158 major
1633 2088 1755 2142 erit.

498 2180 629 2243 Quae
661 2177 805 2245 prius
833 2177 1083 2244 incipiam
1117 2177 1259 2231 sacri
1284 2176 1543 2232 miracula
1572 2175 1720 2242 facti,

569 2266 701 2321 Cum
734 2264 986 2335 quidquid
1014 2264 1201 2331 facias,
1231 2267 1409 2321 omnia
1445 2267 1614 2336 prima
1643 2267 1882 2323 micent?

505 2358 638 2418 Dum
673 2356 771 2411 fuit
799 2354 979 2430 [fugit]
1004 2356 1072 2410 ad
1105 2370 1332 2424 superos
1359 2357 1592 2411 humano
1616 2357 1667 2412 in
1698 2371 1925 2428 corpore
1951 2358 2082 2422 vita,

573 2449 662 2503 Ex
693 2447 863 2503 oculis
891 2446 1100 2518 fugiens
1130 2448 1218 2501 lux
1250 2448 1345 2502 tibi
1371 2449 1550 2502 cordis
1577 2457 1713 2503 erat.

489 2539 563 2595 lsi
595 2553 769 2594 caicus
793 2538 959 2602 venit,
985 2538 1165 2608 rapuit
1194 2536 1458 2607 palpando
1486 2538 1738 2607 salutem,

578 2630 635 2685 In
669 2630 857 2686 mediis
884 2629 1122 2685 tenebris
1165 2629 1313 2685 fulsit
1340 2638 1522 2700 aperta
1552 2630 1689 2685 dies.

492 2720 613 2787 Qui
646 2717 818 2774 voluit
848 2716 974 2772 furti
1002 2731 1193 2772 causas
1219 2725 1501 2788 penetrare
1530 2718 1757 2775 latentes
1789 2717 1836 2784 ί,

575 2811 652 2867 Te
678 2809 959 2880 religante,
985 2811 1165 2875 sedet;
1194 2818 1246 2866 te
1273 2818 1543 2867 reserante
1588 2810 1735 2882 fugit.

504 2900 626 2954 ‘Ftsr
652 2898 769 2954 sine
792 2897 1027 2968 perfecto
1052 2907 1077 2944 ε
1107 2909 1232 2953 vcto
1253 2897 1511 2969 deceptus
1540 2900 1699 2962 inani,

578 2987 774 3044 Omnia
812 2990 1098 3044 restituens
1123 2988 1345 3043 crimina
1375 2989 1575 3046 fraudis
1601 2992 1778 3047 habet.

516 3078 646 3135 Nam
676 3077 844 3133 semel
869 3086 927 3132 ut
948 3078 1137 3133 molles
1164 3090 1485 3149 carpserunt
1512 3078 1536 3117 ¹ι
1576 3083 1802 3150 palmitis
1828 3099 1986 3150 uvas,

583 3169 697 3223 Non
723 3168 942 3224 valuere
970 3170 1167 3240 gradus
1195 3170 1320 3227 inde
1344 3171 1548 3229 referre
1578 3172 1723 3229 foras
1750 3174 1943 3247 [foris].

515 3259 625 3316 Nec
650 3260 820 3328 potuit
849 3269 1033 3330 raptor
1053 3260 1275 3332 pedibus
1310 3263 1609 3319 subducere
1640 3266 1894 3333 praedam,

581 3356 801 3425 Raptori
842 3356 1061 3412 abduxit
1085 3358 1180 3411 sed
1208 3372 1306 3412 sua
1337 3358 1515 3425 praeda
1545 3359 1724 3426 pedes.

511 3447 652 3517 Ergo
690 3444 705 3482 ι
736 3446 847 3502 suis
871 3446 1077 3516 laqueis
1107 3447 1268 3518 cmpit
1294 3448 1458 3504 miser
1481 3462 1604 3504 esse
1636 3450 1845 3519 ligatus,

587 3537 819 3594 Venerat
846 3546 905 3593 ut
924 3548 1162 3608 caperat,
1190 3549 1376 3608 captus
1404 3549 1459 3595 at
1488 3540 1502 3590 i
1544 3541 1659 3610 ipse
1698 3542 1815 3596 fuit.

520 3628 630 3686 Nec
660 3629 834 3701 tetigit
860 3641 1116 3697 mustum,
1147 3631 1240 3687 sed
1272 3632 1448 3701 iniqua
1476 3644 1655 3689 mente
1680 3644 1905 3700 rotatur,

587 3722 754 3778 Antea
784 3737 947 3793 quam
990 3722 1221 3788 biberet,
1262 3726 1408 3779 ebria
1454 3725 1607 3780 turba
1644 3726 1806 3796 jacet.

514 3812 736 3882 Incmpit
774 3827 995 3869 servare
1038 3813 1207 3886 magis
1235 3830 1397 3885 quam
1419 3814 1444 3854 ιι
1472 3815 1614 3872 ferre
1650 3833 1909 3886 racemos,

586 3904 651 3959 Et
674 3903 832 3959 datus
854 3913 938 3960 est
967 3915 1169 3969 custos,
1198 3908 1287 3976 qui
1317 3908 1465 3975 cupit
1485 3923 1604 3963 esse
1635 3924 1818 3979 rapax.

514 3996 719 4062 Donec,
748 4006 956 4064 sancte,
986 3998 1091 4052 tuis
1118 3998 1301 4052 verbis
1326 4008 1380 4051 tu
1421 3999 1675 4068 jussisses
1705 4000 1877 4064 abire,

584 4088 659 4145 Ut
690 4088 889 4145 furtum
927 4089 1198 4159 impleret,
1233 4091 1420 4146 doctus
1450 4094 1517 4146 ab
1543 4093 1695 4148 hoste
1724 4093 1875 4149 redit,

585 4209 611 4236 ι
639 4198 823 4255 Sancti
879 4198 1113 4255 Medardi
1168 4200 1372 4254 obitum
1416 4200 1656 4256 Cointius
1710 4203 1876 4257 refert
1902 4204 1968 4257 ad
1998 4219 2088 4258 an.

513 4267 639 4322 545.
672 4268 936 4333 Valesius,
967 4268 1034 4322 ad
1081 4284 1171 4323 an.
1205 4269 1333 4324 560.
1363 4271 1501 4337 Lege
1548 4272 1844 4336 Cointium,
1888 4274 1954 4326 ad
1997 4290 2088 4330 an.

513 4340 642 4404 1545,
692 4352 841 4393 num.
874 4337 931 4402 9,
976 4338 1065 4393 ubi
1098 4352 1315 4393 causam
1342 4339 1497 4395 affert
1535 4341 1727 4395 harum
1757 4342 2086 4399 discriminis

511 4409 920 4474 sententiarum,
954 4417 1010 4462 et
1039 4423 1190 4462 suam
1219 4409 1517 4473 confirmat.

585 4477 614 4517 δ
642 4477 999 4551 Non__dubito
1048 4478 1176 4545 quin
1237 4480 1723 4551 interpungendum
1769 4483 1838 4535 sit
1884 4494 2006 4551 post
2047 4496 2096 4538 et

514 4556 724 4621 utatrem
766 4547 1015 4621 linquens,
1066 4557 1126 4602 ut
1152 4562 1341 4621 sensus
1383 4547 1453 4605 sit
1477 4547 1829 4606 {Medardum
1871 4547 2091 4621 terram,

519 4619 589 4674 de
610 4634 713 4686 qua
739 4618 895 4690 satus
917 4618 1110 4684 fuerat,
1156 4620 1467 4690 linquendo,
1494 4637 1617 4676 cum
1652 4621 1813 4677 Patre
1843 4622 1954 4677 Deo
1978 4618 2095 4680 ιωιά

516 4701 700 4771 tenere.
738 4687 991 4759 Loquitur
1021 4692 1165 4743 enim
1196 4687 1414 4746 Fortun.
1437 4691 1505 4747 de
1528 4691 1647 4761 ejus
1665 4702 1805 4747 statu
1832 4704 1951 4760 post
1996 4699 2089 4749 ob-

518 4770 666 4815 Ilum.

589 4838 611 4901 τ
639 4826 793 4901 Apud
824 4826 980 4901 βοιιη
1011 4830 1141 4898 [lore
1158 4833 1393 4901 refertus.

585 4896 610 4935 δ
644 4895 790 4969 Divus
808 4898 972 4969 ροάη
1003 4895 1227 4969 infundit
1251 4902 1431 4955 odores
1451 4917 1592 4956 corr.

588 4978 613 5039 ξ
641 4967 964 5039 Εόὶιτγθη..
994 4967 1143 5039 grave
1164 4982 1311 5024 temet
1334 4971 1475 5024 ducit
1504 4975 1557 5027 in
1577 4976 1758 5027 altum.

592 5037 610 5075 τ
647 5038 797 5108 Apud
822 5110 827 5111 ν
856 5037 1122 5102 Βοιιτὶηό..
1164 5044 1288 5109 furti
1332 5059 1487 5097 causa
1525 5056 1788 5111 penetrare
1852 5045 2084 5101 latenter.

514 5112 684 5176 Quam
719 5110 991 5164 lectionem
1024 5110 1207 5177 probo.

585 5188 612 5250 β
643 5178 798 5250 ΨΜ..
821 5181 927 5233 sine
956 5180 1226 5250 profectu;
1256 5183 1382 5236 item
1414 5183 1465 5235 in
1492 5198 1597 5236 uno
1621 5184 1755 5238 Cod.
1787 5185 1955 5241 Vatic.

585 5248 613 5286 ⁸
644 5247 983 5313 Fortunatus,
1037 5247 1089 5303 in
1126 5251 1238 5305 Vita
1270 5254 1435 5305 sancti
1483 5253 1717 5309 Medardi
1760 5271 1920 5310 unum
1967 5268 2085 5311 tau-

504 5322 795 5391 «tummodo
839 5319 1007 5374 furem
1045 5319 1287 5389 ejusdem
1316 5324 1523 5376 vineam
1569 5322 1870 5391 ingressum
1919 5327 2085 5382 fuisse

515 5400 716 5467 narrat.
767 5389 1081 5467 Quodergo
1107 5402 1287 5467 postea
1322 5391 1519 5447 refert:
1565 5389 1871 5467 ebriaturba
1917 5401 2078 5467 jacet,

519 5459 726 5527 poetico
757 5476 903 5515 more
935 5460 1140 5515 locutus
1171 5462 1334 5516 fuisse
1361 5464 1660 5519 censendus
1689 5477 1789 5520 est.

591 5530 600 5566 ί
642 5533 780 5582 Etlit.
814 5531 978 5586 Paris.
993 5571 1006 5594 ,
1022 5546 1172 5586 ecce.

588 5603 600 5673 l'
635 5600 784 5673 _Edtt.
823 5601 975 5673 Ven”
1003 5610 1180 5673 captus
1209 5603 1333 5673 ipse.

586 5670 606 5705 ι
634 5668 688 5723 In
720 5684 825 5722 uno
852 5668 982 5724 Cod.
1016 5670 1151 5739 ναι,
1184 5668 1333 5741 quam
1363 5679 1567 5745 auferre
1596 5690 1842 5729 racemos.

1209 238 1525 295 VENANTII
1567 239 1733 295 HON.
1775 238 1988 297 CLEM.
2032 238 2423 300 FORTUNATI
2462 242 2744 300 OPERUM
2789 245 2962 301 PARS
3001 246 3038 299 1.

3641 251 3741 306 ΗΞ

2101 355 2146 410 Α
2178 354 2305 418 Quae
2337 366 2514 409 manet
2548 354 2661 410 haec
2691 355 2858 410 animi
2885 358 3073 424 pietas,
3105 358 3435 413 sanctissime
3465 366 3681 429 praesul.

2248 446 2554 500 Ltedentem
2588 448 2787 504 auxilio
2816 450 2903 517 qui
2932 448 3062 504 facis
3092 449 3170 504 ire
3201 451 3325 504 tuo?

2174 537 2485 593 Tintinnum
2515 536 2533 575 ι
2564 539 2702 608 rapit
2729 540 2864 596 alter
2890 541 3062 610 inops,
3089 542 3256 611 magis
3280 544 3550 613 improbus
3572 544 3661 600 ille
3679 554 3745 609 ω.

2245 629 2346 696 Qui
2380 628 2746 698 jumentorum
2794 630 2934 685 colla
2980 639 3162 686 tenere
3199 631 3357 686 solet.

2176 719 2570 789 Absconditque
2597 720 2739 785 sinu,
2770 720 2913 776 freno
2951 721 3232 789 praecludit
3274 721 3495 785 hiatum,

2246 809 2311 863 Et
2334 817 2481 865 tenet
2504 810 2617 879 ipse
2643 825 2826 874 manu,
2858 824 2927 865 ne
2950 810 3250 865 manifestet
3270 825 3427 878 Opus.

2176 898 2252 953 Te
2281 899 2547 965 veniente,
2578 912 2750 965 sacer,
2776 914 2969 953 causas
2998 899 3249 967 patefecit
3275 911 3510 968 apertas,

2247 990 2462 1044 Tinnitu
2501 990 2760 1061 incipiens
2800 991 2908 1060 jam
2938 991 3093 1059 quasi
3121 990 3258 1044 furta
3300 990 3467 1059 loqui.

2176 1081 2262 1137 Nil
2288 1081 2429 1136 valet
2456 1081 2735 1150 abscondi,
2770 1082 2844 1136 nil
2871 1081 3072 1149 claudi,
3101 1080 3244 1135 nilve
3274 1083 3462 1148 teneri,

2250 1172 2504 1237 Facundo
2532 1175 2758 1243 strepitu
2788 1173 3023 1242 prodidit
3046 1186 3206 1228 omne
3231 1174 3448 1228 malum.

2174 1264 2457 1321 ‘Pandebat
2494 1265 2764 1335 prepriam
2794 1264 2955 1321 veluti
2991 1264 3091 1319 sub
3129 1264 3310 1334 judice
3346 1280 3582 1332 causam,

2254 1356 2337 1412 Nil
2364 1357 2432 1411 de
2460 1356 2575 1411 fure
2604 1355 2797 1413 timens
2824 1356 3074 1411 liberiore
3107 1370 3261 1411 sono.

2174 1447 2406 1514 indicat,
2434 1453 2676 1510 accusat,
2702 1446 2993 1512 convincit,
3021 1447 3260 1513 damnat,
3284 1447 3539 1502 acerbat:

2248 1541 2325 1596 Te
2347 1548 2613 1611 prasente
2637 1547 2845 1605 tamen,
2871 1553 2977 1594 non
3002 1539 3124 1594 licet
3147 1553 3269 1594 esse
3298 1554 3469 1593 reum.

2180 1631 2428 1687 Absolvis
2452 1629 2649 1699 furem,
2680 1629 2855 1685 solitae
2874 1637 2903 1666 ιι
2931 1630 3144 1700 pietatis
3174 1643 3377 1695 amore,

2106 1704 2153 1763 Β
2247 1725 2467 1781 Addens
2486 1733 2543 1780 et
2567 1723 2829 1789 monitus,
2859 1730 3052 1777 cautus
3080 1733 3137 1777 ut
3163 1720 3329 1776 intret
3363 1721 3483 1775 iter.

2183 1816 2507 1887 Praecipiens
2532 1814 2810 1887 queru‘lam
2836 1827 3021 1869 secum
3051 1821 3261 1883 portare
3284 1813 3546 1882 rapinam,

2256 1905 2335 1961 Ne
2364 1918 2530 1959 vacua
2559 1902 2725 1959 tristis
2750 1917 2845 1973 spe
2868 1909 3131 1957 remearet
3160 1902 3331 1971 inops.

2188 1997 2326 2052 llinc
2354 2006 2556 2062 tamen,
2584 2005 2641 2050 ut
2662 2004 2870 2065 potero,
2900 2010 3022 2049 cum
3052 2002 3236 2064 raptus
3258 1995 3325 2049 ab
3350 1996 3480 2051 urbe
3500 2004 3525 2031 ε’
3548 1996 3755 2059 fuisses.

2254 2089 2385 2157 Quae
2411 2087 2632 2143 dederis
2657 2087 2869 2157 populis
2897 2086 3045 2156 signa
3074 2086 3330 2150 verenda,
3360 2086 3564 2154 loquar.

2186 2177 2319 2234 Cum
2346 2179 2432 2247 pia
2456 2177 2760 2247 composito
2785 2175 3111 2231 veherentur
3139 2176 3379 2231 membra
3411 2178 3626 2243 feretro,

2257 2267 2598 2323 Subtractum
2627 2264 2823 2321 meruit
2844 2279 3020 2320 caecus
3049 2263 3251 2321 habere
3287 2265 3451 2321 diem.

2188 2357 2391 2413 Anxius
2430 2356 2523 2412 ille
2558 2370 2711 2411 sacra
2744 2356 2921 2410 lumen
2951 2355 3189 2425 suscepit
3215 2356 3282 2411 ab
3312 2357 3519 2421 umbra,

2263 2447 2331 2502 Et
2371 2456 2458 2501 tua
2501 2459 2671 2511 mors,
2715 2445 2791 2499 illi
2823 2444 2961 2499 lucis
2988 2445 3139 2514 origo
3165 2444 3280 2498 fuit.

2192 2537 2434 2610 Dumque
2460 2537 2702 2609 sepulcra
2733 2537 2946 2604 darent,
2974 2537 3112 2592 oculi
3160 2539 3367 2593 rediere
3395 2541 3619 2609 sepulti,

2270 2629 2339 2685 Et
2366 2644 2527 2699 sopor
2555 2629 2642 2684 ille
2668 2637 2813 2693 tuus,
2840 2628 2980 2683 hunc
3018 2628 3238 2698 vigilare
3279 2629 3422 2685 facit.

2187 2718 2319 2775 Cum
2348 2718 2482 2791 fugis
2512 2732 2542 2772 a
2570 2717 2787 2782 mundo,
2815 2718 2972 2773 datur
2999 2717 3073 2773 illi
3098 2718 3298 2775 lumine
3325 2721 3576 2785 mundus,

2260 2812 2337 2868 Te
2368 2812 2640 2881 linquente
2671 2810 2838 2873 diem,
2871 2813 3012 2864 hunc
3040 2808 3248 2879 fugiunt
3277 2811 3533 2866 tenebrae.

2188 2903 2407 2974 Antiqui
2436 2901 2614 2957 vultus
2644 2901 2817 2956 lucem
2848 2911 3101 2970 stupuere
3126 2901 3462 2970 modernam,

2260 2993 2327 3046 Et
2355 2993 2520 3047 veteri
2548 2990 2764 3046 fabrica:
2793 2991 2962 3060 prima
2993 2990 3227 3046 fenestra
3259 2992 3422 3047 venit.

2110 3041 2159 3108 ο
2189 3041 3630 3150 υοῖιζρέᾶἰῦιίεἶὲῶἓᾉὲζὲἰῖεὲζ’ὶιῼιὶὶῖοίέῖιῦἔίεεθιιις,

2260 3173 2377 3227 Mox
2407 3172 2580 3242 tetigit
2623 3171 2878 3240 templum
2909 3180 2936 3219 «ι
2968 3168 3142 3226 ferrea
3171 3170 3344 3225 vincla
3372 3171 3587 3226 eadunt.

2188 3262 2321 3317 Tam
2338 3276 2497 3331 grave
2520 3261 2901 3330 fragmentum,
2918 3259 3073 3315 dolor
3090 3269 3175 3316 est
3190 3262 3273 3316 vel
3293 3277 3512 3318 cernere
3529 3277 3775 3334 penam,

2263 3354 2501 3409 Pondera
2534 3362 2614 3407 tot
2640 3354 2872 3408 miseros
2903 3353 3222 3409 sustinuisse
3251 3355 3434 3423 pedes.

2186 3447 2244 3504 Si
2274 3460 2514 3501 connexa
2548 3446 2760 3511 forent,
2792 3447 3129 3514 elephantem
3163 3456 3186 3483 τ
3218 3447 3428 3502 solvere
3457 3456 3689 3517 possent,

2262 3536 2369 3591 Nec
2399 3545 2601 3605 poterat
2636 3535 2836 3605 rigidos
2864 3536 2977 3605 ipse
3007 3550 3222 3591 movere
3252 3536 3470 3607 gradus.

2191 3626 2304 3680 Non
2338 3626 2514 3681 minus
2548 3635 2629 3680 est
2658 3626 2754 3692 illi,
2787 3641 2927 3695 quae,
2960 3626 3304 3682 subvertente
3333 3630 3587 3697 procella,

2265 3716 2556 3771 Litteribus
2585 3714 2799 3787 Libycis
2827 3717 3060 3771 anchora
3092 3716 3258 3771 fracta
3287 3721 3452 3787 jacet.

2195 3807 2352 3862 Poena
2382 3806 2600 3877 quidem
2631 3805 2847 3878 gravior
2875 3808 3072 3861 cecidit
3102 3822 3379 3866 crescente
3420 3811 3685 3884 triumpho
3711 3832 3727 3881 ;

2268 3897 2490 3954 Vincere
2516 3914 2627 3953 rem
2656 3913 2851 3954 saevam
2879 3898 3045 3969 gloria
3076 3902 3247 3969 major
3275 3910 3408 3958 erat.

2193 3988 2307 4044 Non
2337 3989 2520 4045 habuit
2548 3999 2627 4046 tot
2653 3990 2827 4045 vincla
2873 3992 2980 4060 pati
3010 3992 3174 4048 miser
3204 3994 3310 4054 ille,
3344 3995 3555 4064 ligatus,

2264 4083 2371 4140 Sed
2405 4093 2492 4137 tua
2523 4098 2629 4154 quo
2660 4084 2829 4141 virtus
2861 4086 2977 4154 plus
3008 4096 3305 4140 mereretur
3331 4100 3484 4156 opus.

2272 4194 2289 4231 ι
2316 4193 2506 4250 Narrat
2536 4195 2823 4251 Radbodus
2851 4196 2903 4249 in
2934 4195 3052 4249 Vita
3072 4198 3242 4251 sancti
3274 4198 3531 4264 Medardi,
3563 4214 3678 4266 cap.
3706 4203 3763 4263 9.,

2194 4264 2369 4318 furem
2423 4268 2570 4319 illum
2626 4282 2731 4320 non
2777 4266 2949 4319 solum
2992 4266 3425 4331 tintinnabulum,
3468 4270 3559 4323 sed
3600 4264 3766 4324 etiam

2200 4349 2383 4402 pecus,
2408 4350 2501 4390 Seu
2554 4346 2759 4390 taurum
2810 4337 3115 4402 abduxisse,
3168 4347 3225 4391 et
3271 4340 3461 4393 tinnitu
3507 4340 3769 4397 divinitus

2198 4405 2362 4461 fuisse
2390 4406 2677 4474 proditum.

2268 4484 2306 4512 ω
2328 4476 2577 4546 Bolland.
2604 4476 2879 4543 corrigunt
2910 4493 2921 4527 :
2956 4476 3117 4545 magis
3141 4477 3427 4546 improbus,
3456 4479 3628 4535 illum.

2266 4553 2295 4581 ιι
2325 4545 2379 4599 1η
2404 4544 2699 4616 υιιοίϐοᾱά.
2736 4546 2929 4612 Vatic.,
2964 4544 3121 4599 tanta:
3141 4544 3356 4616 pietatis
3381 4564 3579 4603 amore.

2270 4623 2291 4650 °
2323 4616 2466 4671 Edit.
2496 4615 2652 4679 Ven.,
2686 4616 2747 4668 ab
2777 4617 2916 4669 orbe.

2264 4695 2292 4760 ξ’
2320 4687 2378 4741 S.
2408 4685 2569 4760 Greg.
2598 4686 2839 4760 Turon.,
2874 4685 2966 4760 lib,
3004 4703 3052 4739 tv
3085 4686 3223 4760 Hist.
3269 4688 3489 4753 Franc.,
3521 4706 3640 4760 cap.
3676 4691 3770 4757 19,

2194 4757 2384 4822 refert,
2402 4756 2485 4831 ad
2512 4757 2683 4831 sancti
2727 4756 2961 4831 Medardi
2992 4758 3298 4825 sepulcrum
3328 4756 3771 4831 catenas,'atque

2191 4827 2480 4896 compedes
2510 4827 2781 4899 disruptos
2808 4826 3062 4893 jacuisse,
3103 4842 3224 4899 qua:
3250 4844 3405 4898 usque
3432 4830 3587 4884 hodie
3607 4875 3621 4899 ,
3667 4826 3768 4895 ait,

2189 4902 2245 4953 in
2267 4897 2838 4971 testimoniuntvirtutis
2867 4900 3002 4968 ejus,
3041 4898 3295 4971 adjpsum
3325 4902 3459 4961 beati
3483 4897 3772 4971 sepulcrum

2190 4979 2556 5039 reservantur._
2590 4968 2656 5021 Et
2706 4967 2901 5039 libsv,’
2941 4983 3058 5035 cap.
3110 4967 3164 5030 5,
3199 4979 3385 5023 narrat.-
3431 4973 3499 5025 de
3537 4967 3770 5039 quodam

2190 5040 2428 5095 Modesto
2488 5036 2664 5101 fabro,
2696 5040 2783 5105 qui
2817 5038 3072 5091 innocens
3124 5038 3409 5095 tenebatur
3454 5043 3505 5095 in
3552 5036 3772 5097 carcere

2193 5110 2334 5166 inter
2354 5107 2789 5181 d_uos_custudcs,
2822 5107 3030 5181 vinctus
3060 5109 3285 5181 catenis,
3313 5124 3373 5166 et
3392 5112 3769 5181 compedibus;

2188 5190 2242 5235 et
2268 5182 2338 5244 is,
2379 5178 2883 5250 itnploratousancti
2915 5176 3151 5250 Mredardi
3185 5176 3773 5250 patt‘oc.ttio,'repente

2187 5249 2477 5306 confractis
2507 5247 2755 5311 vinculis,
2786 5257 2841 5301 et
2869 5249 3009 5301 ostio
3036 5259 3302 5316 reserato,
3347 5253 3486 5306 liber
3527 5247 3768 5306 solutus-

2225 5337 2289 5375 ue
2316 5321 2509 5374 evasit.

2185 5336 2289 5465 ‘1";
2316 5336 2509 5465 ῗιῖῗιδιξὲ
2548 5386 2847 5465 Cod.Vat.,
2906 5404 3042 5465 mea
3063 5399 3118 5442 ut
3168 5388 3337 5465 tetigit
3369 5393 3575 5462 peplum
3621 5405 3765 5446 corr.

2187 5462 2329 5517 Edit.
2357 5460 2548 5523 Paris.,
2576 5460 2794 5528 pariter,
2829 5467 2881 5510 ut
2904 5460 3083 5527 tetigit.

2259 5544 2279 5570 τ
2313 5530 2552 5602 Bollaud.
2585 5533 2760 5597 corrig
2802 5540 2858 5602 nt
2887 5529 3093 5597 elephas
3122 5534 3439 5602 nec‘solvere
3478 5541 3663 5602 posset.
3711 5531 3768 5587 In

2185 5618 2291 5657 uno
2318 5600 2447 5674 Cod.
2478 5599 2669 5665 Vatie.,
2702 5594 3015 5674 elephantem
3046 5617 3134 5654 nec
3159 5594 3355 5657 solvere
3386 5594 3619 5674 possent,-
3653 5605 3767 5658 for-

2183 5691 2276 5729 san
2301 5671 2510 5741 elephas
2535 5685 2621 5723 uec
2648 5672 2838 5725 solvere
2867 5681 3050 5739 posset.
