3990 6188
286 390 392 446 H3

276 510 419 563 Cum
450 504 832 565 solidarentur,
863 514 966 552 non
993 498 1069 551 sic
1097 506 1377 563 strepuere
1401 505 1624 558 catena,

352 600 466 653 Ceu
498 596 852 651 tinnivernnt.
883 606 1005 646 cum
1034 603 1292 657 crepuere
1319 587 1447 641 fera:
1480 594 1527 640 ⁸.

278 694 417 756 Quae
444 689 545 743 fuit
574 688 667 740 illa
698 684 841 755 prius
869 682 1044 737 nimiis
1072 682 1211 734 male
1240 682 1416 733 vincta
1445 680 1668 742 Catenis,

351 782 477 837 Jam
512 778 606 833 tibi
637 755 725 845 qui
752 774 939 837 solvis,
970 772 1134 826 libera
1174 772 1360 825 dextra
1391 769 1554 825 favet.

280 873 488 940 Lignea
515 867 687 921 vincla
716 877 912 934 gerens
938 863 1075 916 alter
1100 861 1346 931 confugit
1372 859 1437 910 ad
1470 859 1664 923 aulam,

351 964 488 1029 Quae:
516 959 673 1013 simili
708 955 902 1010 merito
929 954 1098 1007 scissa
1128 960 1349 1021 repente
1374 950 1589 1005 cadunt.

276 1053 396 1107 Nec
423 1064 592 1113 mora,
623 1047 712 1101 vix
743 1044 919 1113 tetigit
945 1042 1140 1097 sacrati
1168 1040 1195 1081 δ
1228 1040 1407 1095 limina
1440 1039 1665 1109 templi,

358 1141 444 1196 Fit
471 1139 704 1193 tonitrus
734 1146 758 1173 ο
789 1134 964 1198 caelis,
992 1146 1138 1187 arma
1177 1130 1396 1185 terendo
1425 1128 1543 1185 tibi.

280 1231 521 1288 Grandia
550 1227 707 1283 divisi
735 1224 1044 1281 ceciderunt
1071 1222 1309 1290 pondera
1340 1220 1488 1290 ligni,

357 1324 422 1376 Et
445 1320 537 1389 qui
566 1317 733 1389 gessit
754 1331 912 1382 onus,
940 1314 1143 1369 corruit
1164 1314 1279 1381 ipse
1303 1311 1483 1366 simul.

281 1410 516 1481 Expavit
542 1408 723 1463 subito
746 1407 816 1461 de
843 1405 1090 1460 libertate
1128 1412 1364 1471 recepta,

359 1505 537 1571 atque
563 1499 735 1568 magis
764 1496 963 1558 timuit,
988 1494 1200 1561 quando
1229 1493 1435 1546 solutus
1463 1500 1611 1545 erat.

277 1599 411 1664 Quae
438 1594 581 1648 ratio
609 1590 796 1654 fuerit,
824 1586 1021 1643 cecidit
1046 1600 1143 1639 cur
1174 1596 1373 1653 pronus
1402 1582 1455 1635 in
1485 1580 1649 1644 arvis,

353 1684 559 1740 Gaudia
591 1694 784 1750 magna
812 1677 1033 1748 quidem
1062 1690 1207 1743 sape
1236 1674 1426 1728 timere
1455 1671 1651 1727 solent.

276 1798 410 1851 Dum
436 1793 463 1832 ⁸
490 1802 698 1862 stupet,
729 1790 872 1847 unde
899 1789 1044 1844 salus
1077 1787 1280 1844 laceris.
1297 1796 1376 1841 est
1405 1785 1608 1840 reddita
1642 1784 1855 1853 plantis.

352 1887 671 1944 Admirante
696 1883 897 1946 animo,
928 1881 1168 1936 membra
1199 1879 1372 1933 soluta
1400 1878 1593 1931 ﬂuunt.

278 1980 401 2035 inde
430 1988 588 2032 vetus
621 1973 832 2038 mulier,
864 1975 1060 2042 pariter
1090 1978 1345 2025 nascente
1386 1968 1608 2037 periclo,

349 2071 589 2124 Vulnere
618 2076 825 2122 naturae
854 2073 1060 2119 mortua
1090 2062 1332 2119 membra
1364 2060 1504 2114 tulit.

276 2162 521 2217 inclusos
552 2158 752 2228 digitos
784 2164 830 2222 ο,
861 2154 1050 2209 morbo
1078 2160 1414 2217 numerante,
1445 2150 1679 2211 tenebat,

346 2256 454 2311 Nec
480 2258 693 2323 poterat
724 2249 885 2303 ducto
918 2245 936 2284 τ
972 2245 1161 2315 pollice
1193 2245 1277 2298 fila
1312 2244 1461 2298 dare.

275 2349 472 2404 Secum
501 2354 631 2399 nata
659 2340 899 2411 quidem,
932 2339 1028 2393 sed
1054 2354 1157 2392 non
1189 2353 1281 2391 sua
1313 2337 1500 2390 dextra
1532 2331 1801 2403 pependit,

342 2437 589 2502 Corpore
616 2432 801 2503 juncta
831 2445 930 2485 suo
964 2444 1051 2484 res
1076 2429 1248 2483 aliena
1284 2426 1404 2481 fuit.

274 2530 545 2598 Tempore
587 2524 683 2581 sed
731 2522 885 2578 tardo
928 2530 1031 2587 est,
1081 2534 1203 2575 cum
1251 2519 1360 2589 jam
1403 2532 1525 2586 spes
1570 2517 1732 2570 fracta
1776 2515 1862 2583 ja-

1600 2616 1790 2689 [cerct,

356 2743 503 2797 Ante
536 2749 658 2794 tuos
683 2736 916 2792 tumulos
947 2745 972 2784 ι
1005 2734 1260 2789 vivificata
1293 2747 1505 2786 manus.

268 2834 362 2890 Sic
386 2831 733 2900 inopinatum
761 2823 1101 2881 commendat
1125 2822 1292 2893 gratia
1323 2830 1525 2886 votum,

347 2924 646 2992 Desperata
673 2918 824 2973 salus
850 2915 1056 2970 dulcior
1079 2928 1201 2969 esse
1239 2912 1397 2985 solet.

272 3017 488 3072 nobilis
519 3028 651 3087 ergo
676 3010 824 3066 venit
850 3008 1032 3079 digitis
1060 3006 1394 3074 torpentibus
1434 3003 1623 3058 humor

346 3107 417 3162 Et
440 3105 791 3173 dispensatus
816 3100 967 3155 ﬂuxit
996 3098 1049 3154 in
1083 3112 1255 3166 ungue
1286 3096 1455 3166 vigor.

274 3199 442 3254 Arida
471 3210 762 3252 nervorum
800 3207 920 3247 sese
946 3192 1192 3260 iunctura
1226 3190 1472 3254 tetendit,

346 3288 687 3359 Agnovitque
716 3299 869 3339 suum
898 3296 1030 3335 vena
1058 3281 1229 3335 soluta
1264 3280 1462 3333 locum.

275 3380 414 3447 Apta
442 3374 764 3431 ministeriis
792 3374 1010 3440 inempit
1037 3371 1209 3441 palma
1237 3369 1463 3435 moveri,

343 3470 641 3525 Servitium
668 3466 904 3532 discens,
934 3464 1097 3519 libera
1128 3462 1313 3518 dextra
1345 3460 1463 3516 fuit.

275 3560 383 3615 Nec
412 3568 620 3612 tantum
650 3555 901 3625 profugos
932 3553 1102 3623 pietas
1126 3561 1213 3606 tua
1240 3550 1477 3607 reddidit
1503 3560 1673 3617 artus,

348 3649 607 3704 Reddidit
632 3660 688 3702 et
717 3647 944 3710 victum,
972 3659 1137 3716 pensa
1167 3644 1413 3699 trahente
1442 3657 1621 3698 manu.

277 3740 534 3809 Eripuisti
562 3738 722 3792 aliam
753 3735 913 3791 simili
940 3735 1008 3790 de
1035 3744 1183 3805 peste
1208 3733 1459 3803 puellam,

347 3834 700 3902 Membraque
725 3829 1009 3884 restituens
1032 3828 1149 3897 plus
1176 3828 1367 3880 animae
1396 3825 1603 3880 tribuis.

348 3980 373 4005 ·
406 3970 550 4023 Edit.
576 3968 739 4031 Ven.,
771 3982 885 4020 cum
914 3980 1150 4034 crepuere
1180 3965 1334 4033 fores.
1368 3964 1530 4032 Boll.,
1563 3968 1703 4034 fetae.

349 4039 376 4078 1³
407 4044 613 4093 Auctor
656 4038 787 4090 Vita:
833 4032 1008 4091 sancti
1033 4032 1270 4089 Medardi
1321 4049 1439 4104 qua:
1469 4033 1705 4104 secundo
1731 4032 1849 4087 loco

274 4112 494 4177 ponitur
522 4124 553 4161 a
585 4105 848 4171 Bolland.,
880 4102 1509 4177 SuessionensisLsteculi
1557 4118 1633 4167 is,
1664 4102 1853 4177 ita__re-

277 4171 379 4233 i'crt
408 4180 512 4233 hoc
542 4177 763 4240 factum,
798 4191 917 4245 cap.
958 4173 1013 4234 2,
1039 4191 1093 4229 n.
1129 4175 1191 4245 l7
1224 4193 1236 4227 :
1275 4173 1341 4227 Ut
1366 4188 1484 4245 ergo
1509 4188 1671 4245 sacrm
1699 4171 1855 4245 didis

276 4250 463 4303 limina
490 4248 598 4310 ﬁde
623 4248 833 4316 afﬂatus
864 4242 1070 4316 'attigit
1097 4244 1329 4313 (vinctus
1360 4243 1552 4309 ligneis
1583 4242 1849 4316 vinculis),

278 4320 550 4386 repentino
578 4312 803 4387 fragore,
848 4332 951 4369 uno
980 4312 1250 4387 eodemque
1285 4322 1556 4387 momento,
1598 4322 1643 4365 et
1673 4312 1851 4387 uelum

272 4382 530 4453 intonuit,
578 4382 627 4440 et
656 4382 797 4439 vasta
841 4386 1139 4453 compedum
1191 4383 1395 4453 vincula
1438 4385 1645 4449 dirupta
1704 4382 1852 4450 longe

273 4452 564 4514 dissiliunt.
620 4454 786 4509 Homo
810 4452 1085 4525 peropth
1113 4454 1341 4509 redditus
1368 4452 1607 4517 libertati,
1651 4459 1856 4523 stupore

272 4530 549 4593 attonitus,
577 4527 688 4582 solo
715 4526 1067 4596 prosternitur.

347 4612 371 4638 ε
410 4592 684 4659 Bolland.,
710 4592 767 4665 ﬁt
789 4596 983 4649 tonitru
1008 4595 1062 4647 in
1092 4592 1250 4647 caelis.

346 4670 375 4706 ά
410 4669 469 4721 In
502 4682 611 4722 uno
640 4666 771 4722 Cod.
807 4665 948 4730 Vat.,
975 4680 1090 4719 cum
1115 4670 1315 4733 stupet.

348 4750 374 4777 ⁸
409 4739 553 4793 Boil.
591 4735 826 4792 restituit
860 4752 872 4785 :

401 4818 624 4868 Inclusus
640 4817 798 4876 digito
814 4816 1012 4866 morbos
1033 4820 1324 4863 numerante
1345 4813 1563 4867 tenebat.

277 4891 493 4947 scilicet
519 4891 717 4959 digitus
746 4902 1033 4959 numerans
1064 4887 1202 4940 idem
1218 4895 1307 4959 est
1334 4894 1494 4954 atque
1527 4883 1712 4939 index.

352 4960 375 5000 ί
407 4961 463 5014 In
495 4956 607 5014 uno
627 4958 762 5013 Cod.
787 4958 934 5020 Vat..
966 4959 1114 5011 docto
1141 4956 1344 5025 pollice.

350 5042 378 5079 s
407 5031 555 5084 Edit.
602 5029 769 5095 Paris,
796 5037 939 5081 tuum
967 5026 1239 5080 tumulum.

350 5100 381 5138 ³
410 5101 539 5155 Haec
562 5099 736 5168 puella
758 5092 1036 5161 nimirum,
1077 5111 1198 5166 quae
1220 5093 1417 5160 nuptiis
1446 5092 1709 5168 destinata
1741 5097 1852 5149 fuc-

280 5182 393 5232 rat.
444 5163 864 5225 sanctimonialis
913 5163 1166 5233 factafac
1212 5176 1395 5232 postea
1440 5163 1746 5226 abbatissm,
1796 5176 1850 5219 ut

278 5244 520 5305 Videtur,
572 5238 761 5305 adepta
801 5239 1042 5306 gradum,
1095 5237 1228 5306 uteri
1277 5234 1613 5306 sterilitatem
1652 5235 1843 5306 fecun-

284 5314 444 5367 diore
471 5304 534 5364 ac
560 5309 786 5363 feliciori
807 5304 1032 5369 sobole.
1085 5304 1247 5374 partis
1273 5305 1485 5358 Chrism
1530 5305 1842 5373 virginibus,

275 5379 669 5447 wmpensavit.
691 5378 827 5443 80L,
843 5377 1082 5430 thalamis
1097 5375 1305 5447 Christi.
1326 5375 1423 5427 Ed.
1452 5374 1846 5440 Par.,thalamo.

359 5451 381 5488 ι
413 5446 685 5512 Bolland.,
712 5448 943 5517 deperdit
967 5446 1158 5500 onusti.

355 5518 375 5569 ἰ
418 5522 473 5574 In
501 5534 610 5573 uno
638 5514 947 5583 Cod.'Vat.,
1000 5526 1171 5571 natum
1200 5530 1313 5584 quae
1342 5530 1441 5568 non
1470 5515 1663 5571 habuit.
1713 5514 1850 5569 Edit.

274 5590 458 5646 Paris.
471 5629 487 5654 ,
520 5589 743 5658 pariter,
766 5603 904 5658 quat.

355 5660 381 5698 ¹ι
408 5656 535 5713 Duo‘
555 5659 723 5713 Codd.
761 5657 879 5710 Vat.
911 5665 965 5712 et
991 5656 1396 5725 Boll.,lnfantia
1422 5672 1604 5725 parum.

362 5728 379 5769 ι
416 5730 577 5793 lbid.,
602 5731 813 5782 miserm.

356 5810 394 5837 ³·
426 5799 573 5855 Edit.
606 5799 798 5863 Paris.,
828 5799 1075 5866 longaque
1106 5812 1220 5850 nox.

1504 373 2001 433 MISCELLANEA.
2042 406 2110 416 —
2150 377 2276 433 LIB.
2320 379 2379 435 ll.

1892 490 1951 551 Α
1975 491 2297 563 Desponsata
2326 494 2466 561 viro,
2498 494 2707 549 mortali
2742 496 2878 563 lege,
2905 496 3131 562 jacebat,

3443 387 3538 443 IN

2042 581 2189 637 Nunc
2219 584 2466 640 thalamis
2492 582 2521 620 ιι
2547 585 2761 640 Christo
2790 587 2939 657 virgo
2966 587 3138 649 dicata
3170 589 3349 645 micat.

1970 673 2174 739 Sponsa
2202 673 2428 741 quidem
2456 674 2629 731 radiat
2655 690 2775 731 cum
2807 676 3107 746 virginitate
3132 679 3392 746 modesta,

2040 765 2147 833 Spe
2176 766 2395 823 meliore
2416 766 2623 835 fruens,
2654 778 2815 839 nupta
2848 772 3074 826 tenenda
3107 774 3263 840 polis.

1969 854 2078 910 Nec
2101 854 2303 911 fructus
2328 858 2467 913 uteri
2495 859 2697 914 sterilis
2722 861 2964 930 deperdit
2993 862 3198 917 honesti
3235 862 3279 929 ί,

2044 945 2199 1000 Flore
2224 946 2491 1015 pudicitia:
2516 956 2685 1003 mater
2725 949 2962 1004 habenda
2990 950 3183 1019 placet.

1969 1034 2208 1104 Acquirit
2233 1045 2479 1102 cunctos,
2510 1047 2692 1092 natum
2721 1053 2932 1109 quoque
2965 1041 2978 1089 i
3022 1056 3126 1095 non
3156 1043 3316 1097 habet
3344 1058 3530 1109 unum,
3562 1098 3565 1101 .

2044 1124 2471 1196 Progeniemque
2499 1126 2601 1181 sibi
2632 1127 2800 1198 gignit
2827 1142 3008 1183 amore
3038 1129 3149 1185 Dei.

1970 1214 2096 1271 inde
2129 1215 2245 1286 pari
2272 1216 2461 1273 morbo
2488 1216 2728 1273 deﬂenda
2761 1219 2979 1274 infantia
3010 1236 3172 1290 parva
3203 1222 3253 1287 ιι,

2042 1308 2096 1361 In
2126 1308 2296 1364 lucem
2331 1310 2555 1365 veniens
2584 1312 2821 1365 membra
2858 1324 3042 1368 necata
3075 1316 3254 1379 trahit,

1970 1394 2112 1451 Mors
2138 1406 2193 1452 et
2218 1397 2368 1468 origo
2396 1399 2553 1453 simul
2584 1400 2782 1455 misero
2819 1397 2835 1437 ι
2869 1403 3131 1470 processit
3158 1404 3226 1459 ab
3254 1405 3392 1471 alvo,

2041 1484 2370 1543 Exstinctam
2404 1504 2669 1557 generans
2698 1498 2868 1545 mater
2901 1491 3091 1546 anhela
3126 1508 3359 1549 manum.

1968 1574 2356 1631 Commendata
2392 1588 2484 1632 tuo
2513 1579 2672 1633 rediit
2700 1580 2963 1635 medicata
2989 1582 3258 1650 sepulcro,

2037 1665 2190 1731 Quod
2221 1666 2288 1721 de
2316 1678 2488 1723 matre
2517 1670 2675 1738 perit,
2704 1670 2771 1725 de
2802 1673 3006 1728 tumulo
3036 1674 3246 1742 recipit.

1975 1757 2104 1810 Dum
2126 1756 2271 1826 jacet
2300 1758 2437 1814 alter
2467 1760 2640 1830 inops,
2673 1762 2789 1816 visu
2821 1763 3047 1833 caligine
3073 1765 3271 1830 clauso,

1890 1829 1937 1895 Β
2033 1845 2239 1915 Caecus,
2273 1862 2373 1903 nec
2401 1850 2595 1904 misero
2628 1851 2831 1907 lumine
2857 1852 3035 1908 lumen
3065 1865 3199 1908 erat.

1964 1935 2144 2006 Longa
2171 1949 2326 1993 nocte
2352 1948 2391 1975 ω
2432 1939 2638 2008 oculos,
2663 1953 2849 2011 quarto
2873 1944 2983 2010 jam
3017 1958 3218 2010 mense,
3245 1950 3537 2015 premebat,

2036 2031 2091 2084 ln
2118 2032 2237 2086 luce
2265 2040 2291 2068 ιι
2324 2033 2621 2099 obscurus;
2654 2035 2825 2101 vivus,
2858 2034 3034 2104 imago
3066 2038 3229 2090 necis.

1966 2120 2196 2175 Vocibus
2224 2123 2363 2176 hunc
2390 2123 2611 2179 medicis
2642 2132 2667 2159 ο
2700 2124 2952 2178 monuisti
2988 2134 3226 2193 tempore
3263 2128 3454 2189 somni,

2034 2213 2302 2269 Tenderet
2328 2224 2385 2269 ut
2412 2216 2572 2271 velox
2603 2216 2669 2270 ad
2702 2225 2788 2272 tua
2830 2218 3025 2285 leinpla
3057 2220 3302 2285 gradum.

1968 2304 2084 2358 Mox
2116 2304 2362 2361 veniente
2390 2306 2498 2369 die,
2530 2308 2623 2361 sed
2658 2322 2761 2361 non
2793 2308 2893 2362 sibi
2928 2309 3110 2364 forﬁce
3143 2325 3319 2376 pressa

2038 2392 2238 2448 Enituit
2270 2405 2299 2444 ι’
2323 2395 2520 2450 Christi
2552 2397 2751 2452 vertice
2782 2407 2967 2451 tonsus
2996 2413 3144 2453 oves.

1967 2484 2206 2540 Detrahit
2233 2487 2319 2540 hic
2347 2496 2375 2536 τι
2398 2487 2595 2553 crines,
2628 2488 2823 2543 nitidos
2853 2499 2909 2541 ut
2940 2489 3159 2544 haberet
3186 2491 3406 2556 ocellos,

2036 2571 2102 2629 Et
2130 2585 2405 2633 mercante
2429 2592 2606 2644 coma,
2637 2593 2858 2634 munera
2887 2580 3018 2634 lucis
3048 2592 3209 2637 emat.

1963 2663 2065 2729 Qui
2096 2663 2365 2719 titubante
2387 2666 2578 2734 gradu,
2613 2677 2813 2721 tractus
2846 2669 3087 2736 pervenit
3111 2670 3179 2723 ad
3202 2671 3430 2737 aulam,.

2037 2753 2137 2808 Per
2166 2754 2386 2809 biduum
2418 2756 2682 2812 recubans
2708 2769 2832 2813 ante
2861 2760 3105 2829 sepulcra
3138 2761 3261 2828 fuit,

1965 2840 2145 2897 Tertia
2178 2844 2264 2898 lux
2299 2844 2515 2900 rediens
2545 2848 2836 2904 nocturnas
2876 2850 3109 2905 solverat
3139 2854 3371 2919 umbras,

2039 2933 2108 2987 Et
2135 2948 2281 2989 caeco
2310 2936 2544 2991 occurrit
2573 2937 2652 2992 sic
2680 2950 2929 2995 revocata
2955 2941 3087 2996 dies.

1967 3026 2206 3096 Undique
2234 3026 2399 3082 licita:
2428 3038 2450 3066 τ
2475 3029 2719 3086 cecidere
2738 3045 2768 3084 a
2798 3030 2974 3087 fronte
3006 3032 3261 3097 tenebrae,

2033 3114 2315 3189 Sanguinis
2347 3118 2484 3173 unda
2514 3120 2672 3190 rigat,
2705 3121 2921 3177 luminis
2948 3130 3062 3177 atra
3089 3123 3248 3178 lavat.

1970 3210 2124 3267 Sicca
2152 3211 2367 3267 lucerna
2398 3226 2535 3267 novo
2562 3212 2822 3282 ﬂagrante
2850 3213 3064 3270 refulsit
3090 3215 3253 3281 olivo,

2036 3301 2379 3372 Obtinuitque
2400 3320 2553 3359 suum
2582 3305 2670 3359 lux
2702 3306 2988 3376 peregrina
3015 3306 3214 3361 locum.

1967 3397 2103 3463 Quid
2136 3396 2366 3452 referam
2405 3403 2451 3464 ³,
2477 3396 2636 3452 mutis
2656 3396 2746 3467 qui
2774 3399 2957 3464 verbo,
2989 3396 3150 3452 verba
3172 3396 3403 3452 dediSti?

2038 3488 2192 3555 Quod
2222 3496 2436 3558 gravat,
2457 3488 2705 3557 ejiciens,
2730 3488 2866 3557 quod
2882 3488 3057 3557 juvat,
3080 3502 3239 3543 omne
3263 3488 3442 3543 locans
3463 3489 3509 3542 ί.

1964 3580 2166 3635 Cuncta
2193 3593 2292 3635 nec
2317 3594 2595 3645 enumera,
2620 3590 2705 3634 tua
2738 3595 2822 3635 me
2844 3581 3112 3650 praconia
3152 3581 3396 3643 vincunt,

2034 3671 2101 3725 Et
2129 3670 2172 3725 si
2199 3686 2304 3724 non
2334 3672 2505 3740 potui,
2532 3671 2673 3726 velle
2701 3671 2866 3726 fuisse
2900 3672 3038 3727 vide.

1964 3759 2038 3814 En
2069 3768 2157 3813 tua
2187 3759 2386 3831 templa
2424 3767 2452 3795 υ
2484 3760 2615 3814 colit
2653 3760 2819 3814 nimio
2846 3761 3172 3829 Sigebertus,
3205 3775 3389 3817 amore
3413 3770 3462 3825 ν,

2033 3849 2283 3905 lnsistens
2309 3851 2484 3919 operi,
2505 3859 2784 3921 promptus
2809 3864 2997 3906 amore
3027 3852 3123 3910 tui.

2082 3987 2219 4041 Edil.
2254 3986 2412 4051 Ven.,
2447 3987 2497 4039 in
2527 3988 2716 4041 lucem.

2038 4068 2062 4091 υ
2094 4058 2147 4110 lu
2176 4072 2279 4109 uno
2304 4055 2435 4109 Cod.
2467 4056 2604 4117 Vat..
2637 4057 2836 4109 vocibus
2871 4056 3002 4109 hunc
3046 4059 3247 4110 medici.

2036 4137 2062 4174 ρ
2093 4127 2241 4179 lluuc
2265 4139 2502 4187 versum,
2525 4126 2613 4192 qui
2644 4125 2723 4178 sic
2750 4135 2905 4180 antea
2939 4126 3236 4193 legebatur,

2140 4214 2325 4264 Euituit
2343 4213 2520 4264 Christi
2548 4215 2737 4264 vertice
2758 4222 2895 4264 tonsa
2922 4218 3072 4263 comis
3091 4250 3106 4276 ,

1959 4296 2189 4350 restituit
2219 4295 2395 4350 Brow.
2422 4294 2769 4367 vetustissimi
2816 4295 3065 4367 Exempl.
3117 4297 3535 4366 Antuerpiensis

1958 4380 2081 4435 ope,
2108 4367 2161 4422 in
2186 4381 2292 4436 quo
2321 4366 2593 4435 legebatur
2627 4383 2639 4417 :

2144 4456 2328 4508 Enituit
2348 4455 2526 4507 Christi
2550 4457 2739 4506 vertice
2758 4461 2935 4509 tonsus
2951 4468 3089 4506 oves.

1889 4526 1939 4585 υ
1971 4539 2136 4605 Quam
2169 4540 2451 4594 lectionem
2499 4538 2694 4593 habent
2737 4548 2793 4593 et
2832 4538 3003 4594 Codd.
3033 4538 3151 4593 Vat.
3192 4538 3322 4593 Oves
3355 4547 3533 4593 autem

1974 4624 2067 4678 pro
2083 4611 2187 4664 ovis
2213 4610 2441 4677 ponitur,
2473 4617 2530 4663 ut
2561 4624 2682 4679 apes
2709 4619 2763 4663 et
2788 4610 2901 4680 apis
2928 4609 3139 4665 dicitur.
3185 4608 3527 4663 Bollandista:

1969 4682 2149 4748 legunt
2176 4691 2348 4734 tonsus
2386 4680 2555 4734 homo.

2038 4752 2203 4805 Porro
2257 4749 2340 4803 hic
2387 4748 2708 4803 Fortunatus
2738 4748 2975 4803 indicare
3010 4747 3221 4804 videtur
3271 4764 3414 4803 caeco
3450 4749 3526 4803 illi

1968 4821 2018 4875 in
2047 4834 2255 4883 somno,
2310 4833 2413 4872 non
2460 4818 2693 4873 hominis
2742 4834 2920 4883 manu,
2974 4821 3067 4873 sed
3109 4833 3271 4886 opera
3325 4818 3530 4879 divina,

1966 4904 2173 4945 comam
2212 4889 2487 4943 detonsam
2535 4891 2716 4953 fuisse,
2768 4903 2874 4957 quo
2921 4887 3063 4943 facto
3109 4890 3400 4944 monachus
3442 4898 3533 4940 aut

1966 4961 2192 5014 clericus
2239 4959 2490 5012 divinitus
2536 4958 2952 5026 designabatur;
3002 4971 3055 5013 et
3105 4957 3232 5013 illud
3281 4968 3531 5023 tanquam

1965 5031 2152 5099 pignus
2183 5027 2681 5099 recipiendiipostea
2712 5032 2858 5083 visus
2882 5028 3109 5099 accepit.

2035 5110 2061 5148 «ι
2094 5099 2150 5151 1η
2176 5112 2283 5151 uno
2307 5098 2438 5152 Cod.
2468 5097 2614 5159 Vat..
2645 5097 2863 5151 detrahit
2886 5098 3023 5150 hinc.

2037 5181 2057 5207 ι’
2093 5168 2231 5222 Edit.
2269 5167 2399 5222 Ven.
2428 5169 2527 5222 eli
2563 5168 2694 5222 Cod.
2724 5168 2864 5231 Vat.,
2887 5168 3096 5220 (imaue.
3148 5166 3306 5232 Boll.,
3334 5169 3527 5221 limata.

2037 5248 2057 5273 ⁵
2104 5239 2251 5293 Unus
2281 5238 2411 5292 Cod.
2440 5237 2630 5300 Vatic.,
2654 5238 2777 5305 quid
2805 5236 2983 5289 multis
3010 5238 3247 5305 referam.

2040 5312 2056 5345 ⁸
2092 5309 2223 5363 Ibid.
2253 5319 2306 5362 et
2335 5308 2475 5362 Edit.
2507 5309 2697 5371 Paris.,
2730 5323 2875 5359 omne
2902 5307 3057 5357 locus.

2034 5388 2059 5414 υ
2100 5379 2401 5443 Clotarius,
2461 5394 2580 5433 cum
2638 5386 2878 5429 sanctum
2921 5375 3226 5428 Medardum
3282 5376 3523 5437 Noviomi

1962 5464 2161 5519 mgrum
2187 5448 2366 5518 jacere
2415 5446 2813 5513 audisset,illuc
2844 5445 3006 5510 venit,
3054 5455 3113 5499 ut
3160 5460 3281 5500 eum
3323 5444 3522 5498 invise-

3408 5524 3487 5569 ret
3509 5537 3525 5580 ;

2035 5663 2056 5689 τ
2087 5653 2325 5707 Bulland.
2368 5649 2644 5717 legendum
2675 5657 2857 5717 putant
2894 5649 3109 5714 honore,
3163 5664 3228 5703 ne
3277 5646 3392 5703 haec
3420 5664 3519 5699 vos

1960 5740 2131 5778 amore
2170 5723 2362 5793 smpius
2399 5728 2685 5789 repetatur,
2727 5729 2887 5789 atque
2918 5730 2974 5775 ut
3005 5720 3186 5791 templi
3226 5718 3391 5774 decor
3429 5718 3524 5771 de-

1959 5797 2205 5849 clarctur.
