4102 6468
607 425 737 491 1’171

1834 437 2145 497 LEONTII
2185 437 2597 502 BYZANTINI

3719 434 3857 508 1772

604 538 671 593 de
702 546 902 593 caetero
927 553 1034 593 non
1060 537 1335 604 admittit;
1362 539 1509 608 quod
1534 538 1678 594 enim
1704 539 1761 593 ﬁt
1784 556 1978 605 unum,
2008 550 2177 595 restat

2283 544 2467 596 δεῖται·
2510 546 2541 614 ἢ
2589 541 2683 599 οὖν
2712 545 2923 614 ψευδῶς
2960 546 3017 600 ἐν
3061 543 3197 602 εἷναι
3230 550 3409 619 πάντη
3441 552 3563 605 καθ’
3594 553 3621 606 6
3649 556 3855 623 ἥνωται

604 629 750 701 quod
819 630 1153 685 adunatione
1219 646 1327 685 non
1390 632 1627 702 ligatur,
1686 639 1781 685 aut
1838 647 1971 697 ergo
2035 630 2172 685 falso

604 738 776 775 unum
829 737 952 776 esse
999 723 1224 777 omnino
1265 724 1420 793 juxta
1451 722 1597 792 quod
1638 722 1878 776 adunata
1916 730 2044 775 sunt
2085 721 2176 774 illa

604 811 733 876 duo.
777 811 994 866 dicatur
1040 813 1110 866 ab
1140 812 1309 882 ipsus;
1344 822 1438 866 aut
1467 827 1577 867 non
1618 827 1749 867 vere
1798 812 2027 867 adunari
2064 811 2176 865 duo

603 902 909 957 secundum
945 904 1091 973 quod
1114 902 1225 972 jam
1255 902 1480 957 fuerunt
1505 918 1681 957 unum
1714 903 1954 957 dicetur.
1981 902 2174 971 Itaque

602 994 743 1049 bene
775 994 1012 1049 dicimus
1032 1034 1045 1057 ,
1075 994 1120 1048 si
1151 994 1384 1049 duarum
1416 1004 1738 1050 naturarum
1768 1004 1854 1053 est
1884 993 2170 1058 adunatio,

602 1100 770 1139 unam
795 1101 915 1141 esse
943 1086 1129 1156 potius
1157 1087 1493 1158 hypostasim
1514 1127 1529 1152 ,
1560 1103 1671 1141 non
1701 1086 1849 1141 enim
1880 1092 2170 1147 naturam;

2279 633 2345 685 τὰ
2382 634 2475 687 δύο
2504 637 2719 705 εἴρηται
2775 638 2975 701 αὐτοῖς·
3021 640 3052 709 ἢ
3101 640 3199 694 οὑκ
3244 640 3461 711 ἀληθῶς
3509 642 3759 697 ἑνοῦσθαι
3787 649 3856 697 τὰ

2275 724 2377 816 δύο
2409 724 2582 815 καθίό
2616 727 2715 797 ἤδη
2761 730 3051 795 γεγόνασιν
3090 730 3168 794 ἓν,
3203 730 3546 802 λεχθήσεται·
3590 734 3729 816 giers
3758 755 3855 789 κα-

2276 814 2380 885 λῶς
2411 811 2592 885 φαμεν
2626 819 2673 869 εἰ
2708 817 2801 871 δύο
2824 817 3036 888 φύσεών
3063 822 3211 874 ἐστιν
3235 822 3268 892 ἡ
3294 822 3509 887 ἓνωσις.
3540 811 3670 895 μίαν
3709 822 3853 879 εἶναι

2278 904 2484 974 μᾶλλον
2504 906 2602 977 τὴν
2632 908 2951 961 ὑπόστασιψ
2984 910 3104 965 οὑδὲ
3133 913 3242 983 γὰρ
3272 912 3372 983 τὴν
3413 914 3596 982 φύσιν⁶
3621 916 3715 969 δύο
3749 918 3856 986 γὰρ

2274 993 2418 1048 κατά
2463 996 2627 1066 φύσιν
2670 999 2740 1051 τὰ
2787 998 3087 1070 ἑνούμενα,
3137 1001 3214 1066 ὡς
3250 1002 3537 1074 ἑνούμενα·
3568 1005 3628 1057 ἓν
3660 1006 3718 1060 δὲ
3755 1007 3858 1076 τὴν

2274 1083 2593 1151 ὑπόστασιν,
2633 1087 2709 1151 ὡς
2745 1089 3022 1159 ἡνωμένα.

601 1195 729 1233 nam
780 1179 891 1235 duo
931 1179 1231 1234 secundum
1268 1188 1520 1233 naturam
1567 1179 1829 1244 adunata.
1863 1178 2009 1234 sicut
2046 1190 2169 1246 qua:
2208 1174 2563 1245 adunantur;
2630 1195 2798 1233 unum
2837 1196 2969 1234 vero
3032 1180 3339 1236 secundum
3377 1182 3739 1254 hypostasim,
3776 1181 3855 1236 si-

603 1281 698 1325 cut
724 1287 846 1341 qua:
868 1271 1105 1325 adunata
1134 1270 1376 1326 fuerunt.

672 1362 725 1416 ὅ.
765 1362 938 1416 Omne
966 1368 1035 1417 ex
1073 1362 1326 1432 partibus
1360 1378 1469 1416 non
1500 1362 1749 1433 ejusdem
1780 1372 2173 1442 natum‘com-

603 1454 845 1524 positum
877 1464 1054 1509 totum
1093 1456 1230 1511 alius
1255 1457 1497 1511 nominis
1523 1456 1632 1511 erit
1656 1457 1883 1511 relative
1909 1456 1976 1510 ad
2003 1455 2175 1527 ipsius

602 1546 834 1600 formam
857 1564 871 1611 ;
901 1562 1244 1617 unaquaeque
1270 1548 1541 1602 naturalis
1559 1547 1730 1602 forma
1754 1547 1996 1618 partium
2016 1546 2169 1617 ejus;

603 1651 729 1689 nam
770 1652 873 1690 nec
921 1635 1253 1706 simpliciter
1300 1651 1541 1706 corpus,
1586 1652 1689 1691 nec
1734 1644 1945 1690 tantum
1989 1635 2171 1689 anima

602 1728 769 1781 homo
801 1728 1100 1794 diceretur,
1128 1728 1392 1782 naturalis
1420 1728 1609 1782 forma:
1639 1727 1884 1793 ratione;
1917 1741 2019 1781 nec
2048 1740 2173 1781 cor-

603 1834 708 1886 pus
740 1826 795 1871 et
835 1818 1039 1871 anima.
1084 1816 1331 1888 Namque
1364 1818 1601 1871 mortale
1644 1818 1699 1870 in
1740 1826 1942 1871 neutra
1976 1817 2173 1870 horum

602 1908 802 1971 forma,
850 1909 906 1967 in
954 1908 1181 1962 homine
1227 1922 1363 1961 vero
1407 1904 1733 1971 evidenter;
1771 1915 1867 1987 aut
1907 1921 2040 1976 ergo
2074 1920 2177 1960 nec
2204 1882 2250 1941 Β

602 1996 748 2051 Deus
800 2012 905 2051 nec
946 1996 1136 2057 homo.
1169 2012 1272 2051 nec
1297 1999 1444 2051 Deus
1478 2006 1533 2050 et
1566 1996 1733 2051 hoino
1769 2012 1875 2051 una
1899 2037 1912 2062 ,
1940 1997 2037 2052 sed
2068 1997 2176 2051 alia

604 2087 850 2156 quaedam
894 2087 1066 2142 forma
1122 2089 1396 2143 naturalis
1447 2088 1742 2153 Christus;
1788 2097 1844 2142 et
1887 2103 1988 2143 cur
2016 2088 2171 2152 illud,

604 2177 829 2243 dicant;
880 2178 926 2232 si
967 2179 1159 2234 eadem
1191 2180 1479 2234 amborum
1515 2196 1582 2234 ex
1621 2180 1821 2249 quibus
1848 2180 2175 2249 compositio

604 2279 687 2324 est
722 2269 775 2323 in
811 2270 1069 2325 erunibus
1090 2311 1105 2335 ,
1137 2281 1192 2325 et
1216 2271 1512 2340 compositi
1549 2280 1635 2325 est
1659 2270 1833 2325 forma
1854 2311 1867 2334 ,
1896 2271 2176 2339 quomodo

606 2375 715 2414 non
754 2370 809 2415 et
835 2362 1085 2431 ejusdem
1130 2362 1347 2415 numeri
1400 2361 1509 2416 erit
1556 2377 1619 2416 ac
1661 2361 1824 2415 ambo
1867 2362 2173 2417 secundum

604 2462 735 2506 natu
746 2453 913 2507 ralem
944 2468 1257 2508 sermonem
1285 2453 1307 2507 ?

675 2545 789 2601 5.Si
816 2562 925 2600 una
948 2555 1166 2610 natura,
1186 2545 1370 2616 siergo
1385 2546 1811 2603 etsubsistentia
1832 2556 1956 2617 post
1975 2548 2179 2603 aduna-

612 2638 817 2691 tionem
863 2636 1136 2699 Christus,
1153 2652 1323 2690 unum
1336 2650 1392 2691 et
1406 2637 1625 2691 initium
1647 2638 1821 2707 ipsius
1839 2640 2171 2695 exsistendi:

605 2744 731 2782 nam
770 2728 880 2781 duo
926 2727 1081 2781 initia
1121 2727 1371 2797 ejusdem
1402 2728 1774 2784 subsistentia:
1802 2737 1860 2784 et
1889 2739 2104 2786 naturae
2146 2747 2176 2785 a

604 2834 716 2888 quo
746 2827 927 2872 ortum
954 2817 1057 2871 fuit
1097 2826 1152 2872 et
1189 2828 1295 2879 est,
1327 2819 1713 2887 impossibilia.
1746 2820 1995 2890 Namque
2040 2821 2173 2875 illud

607 2910 994 2966 exsistentiam
1014 2910 1253 2964 essentia
1278 2910 1656 2976 manifestans,
1675 2912 1897 2980 quando
1910 2912 2049 2967 facta
2071 2922 2175 2977 est,

610 3012 740 3057 tunc
760 3002 970 3056 exsistit
1007 3017 1020 3066 ;
1049 2999 1268 3055 initium
1282 3016 1413 3071 ergo
1430 3002 1730 3057 exsistendi
1758 3002 2179 3073 hanccomposi-

606 3106 716 3151 tam
745 3105 1019 3159 naturam,
1049 3094 1275 3163 quando
1298 3101 1355 3146 et
1377 3093 1703 3162 quomodo?
1733 3093 2021 3163 Siquidem
2048 3104 2175 3148 ante

606 3187 1023 3251 adunationem,
1054 3200 1164 3238 non
1201 3193 1429 3254 propter
1454 3183 1849 3238 adunationem
1879 3200 1985 3238 una
2022 3180 2173 3239 dice-
2204 3212 2244 3266 α

606 3288 780 3345 retur,
809 3277 1094 3333 evidenter
1122 3281 1243 3330 erat
1273 3274 1420 3329 enim
1457 3283 1584 3329 ante
1627 3274 2019 3331 adunationem
2048 3292 2175 3340 una,

606 3386 711 3428 nec
739 3352 1071 3425 addnatione
1092 3382 1232 3437 opus
1253 3376 1375 3421 erat
1406 3375 1465 3421 ut
1490 3367 1606 3436 ipsa
1628 3376 1775 3421 esset
1802 3384 1931 3421 una.
1960 3368 2016 3423 Si
2042 3382 2175 3422 vero

606 3478 639 3521 8
706 3462 930 3533 prmfata
978 3459 1317 3516 adunatione
1375 3459 1555 3529 ipsius
1600 3459 1845 3525 initium,
1900 3459 2177 3529 quomodo

608 3559 877 3607 attentum
917 3549 1097 3603 adhuc
1112 3557 1168 3603 et
1204 3555 1333 3603 ante
1363 3549 1565 3603 saecula
1599 3557 1653 3603 et
1676 3548 1919 3603 divinam
1948 3548 2178 3604 conﬁte-

607 3642 792 3698 bimur
822 3642 994 3709 illam,
1016 3654 1137 3710 quae
1165 3639 1397 3712 Augusti
1420 3639 1768 3709 temporibus
1788 3640 1941 3694 venit
1960 3639 2028 3695 ad
2055 3656 2178 3695 esse

606 3732 903 3790 naturam?

680 3826 736 3880 6.
782 3823 977 3879 Omnis
1018 3823 1285 3879 adunatio
1318 3824 1374 3880 in
1415 3832 1671 3878 naturam
1712 3824 2003 3893 quamdam
2050 3840 2181 3879 con-

611 3926 881 3971 summata
924 3924 980 3970 et
1006 3923 1250 3985 spectata
1275 3954 1289 3978 ,
1324 3929 1382 3970 se
1406 3914 1649 3969 ostendit
1685 3915 1935 3984 qumdam
1974 3915 2182 3970 haben-

611 4019 720 4063 tem
744 4049 757 4073 ,
796 4022 917 4077 quae
956 4005 1320 4060 adunatarum
1362 4013 1688 4059 naturarum
1730 4006 1881 4059 nulla
1918 4006 1974 4060 in
2000 4005 2179 4074 seipsa

611 4096 857 4169 possidet
887 4116 899 4149 :
932 4095 1135 4150 etenim
1174 4111 1276 4150 nec
1310 4095 1503 4149 anima:
1562 4110 1667 4150 nec
1696 4096 1950 4165 corporis
1981 4106 2179 4151 natura

610 4204 711 4260 per
741 4202 799 4242 se
828 4188 1001 4256 ipsam
1028 4200 1269 4254 unquam
1308 4185 1515 4250 esurit,
1547 4194 1640 4239 aut
1674 4185 1824 4248 sitit,
1860 4194 1955 4239 aut
1987 4184 2181 4239 horro-

611 4294 750 4342 rem,
787 4286 877 4331 aut
910 4275 1471 4353 caloremexperitur,
1492 4284 1587 4327 aut
1618 4275 1842 4338 dormit,
1876 4284 1969 4328 aut
1993 4290 2182 4330 move-

614 4379 725 4435 tur,
757 4376 853 4422 aut
884 4366 1023 4421 ridet
1048 4373 1141 4419 aut
1174 4365 1374 4435 plorat,
1400 4374 1497 4419 aut
1529 4364 1863 4433 simpliciter
1892 4365 2179 4419 sensibilia

613 4460 804 4525 sentit,
840 4460 912 4513 ita
953 4465 1015 4511 ut
1049 4473 1150 4511 nec
1184 4456 1316 4510 tibia
1353 4456 1674 4526 separatim,
1711 4471 1814 4510 nec
1848 4456 2052 4510 tibicen
2080 4472 2180 4525 per

2349 1358 2420 1413 δί.
2450 1362 2563 1414 Πᾶν
2602 1360 2662 1427 ἐξ
2692 1363 3106 1434 ὰνομοιομερῶν
3137 1364 3392 1419 συντεθὲν
3417 1365 3562 1430 ὅλον,
3592 1365 3857 1436 ἑτερὼνυ-

2281 1467 2381 1521 μον
2410 1450 2523 1516 ἕξει
2556 1453 2693 1524 πρὸς
2728 1453 2791 1507 τὸ
2818 1455 3013 1509 ἑαυτοῦ
3044 1453 3204 1520 εἶδος*
3231 1458 3494 1527 ἑκάτερον
3526 1454 3664 1520 εἶδος
3695 1474 3857 1526 φυσι-

2278 1543 2374 1596 κὸν
2402 1544 2512 1597 τῶν
2535 1546 2730 1599 ἑαυτοῦ
2774 1548 2981 1618 μερῶν⁶
3017 1547 3140 1602 οὔτε
3181 1548 3282 1619 γὰρ
3312 1548 3497 1613 ἁπλῶς
3523 1549 3701 1619 σῶμα,
3731 1544 3857 1601 οὑτε

2282 1635 2457 1704 μόνως
2508 1637 2654 1709 ψυχὴ
2704 1641 2734 1691 6
2786 1639 3073 1709 ἄνθρωπος
3122 1640 3362 1709 λέγοιτο,
3416 1640 3648 1709 φυσικοῦ
3680 1640 3857 1701 εἴδους

2280 1726 2447 1798 λόγῳ·
2473 1728 2597 1781 οὔτε
2625 1730 2784 1800 σῶμα
2814 1732 2908 1785 καὶ⁵
2944 1731 3107 1802 ψυχή·
3144 1732 3205 1785 τὸ
3230 1732 3338 1801 γὰρ
3372 1731 3585 1801 θνητὸν,
3613 1734 3669 1784 ὲν
3704 1731 3855 1784 οὑδε-

2279 1818 2423 1889 τέρῳ
2452 1819 2619 1872 τῶνδε
2661 1822 2815 1884 εῖδει,
2872 1825 2936 1874 ὲν
2966 1822 3022 1875 δὲ
3053 1821 3131 1892 τῷ
3160 1821 3438 1893 ἀνθρώπῳ
3465 1823 3670 1893 σαφῶς
3698 1825 3731 1895 ἢ
3761 1822 3857 1877 οὖν

2278 1910 2402 1963 οὔτε
2433 1911 2565 1975 Θεὸς
2618 1911 2743 1965 οὔτε
2772 1913 3082 1984 ἄνθρωπος,
3117 1914 3240 1967 οὔτε
3280 1913 3415 1977 Θεὸς
3444 1915 3538 1967 καὶ
3564 1915 3853 1987 ἄνθρωπος

2279 2003 2416 2071 ἅμα,
2456 2002 2571 2055 ἀλλ’
2596 2004 2786 2075 ἕτερόν
2818 2022 2870 2057 τι
2899 2002 3040 2069 εἶδος
3071 2006 3300 2075 φυσικὸν
3328 2007 3358 2060 6
3388 2007 3642 2075 Χριστός
3680 2008 3774 2061 καὶ
3804 2010 3855 2061 τί

2277 2094 2455 2158 τοῦτο,
2493 2096 2824 2165 λεγέτωσαν*
2862 2098 2909 2150 εἰ
2957 2098 3203 2168 ὁμοειδὲς
3252 2100 3460 2168 ἀμφοῖν
3502 2102 3616 2162 τοῖς
3666 2118 3853 2154 συντεο

2278 2186 2421 2240 θεῖσι
2459 2188 2600 2242 κατὰ
2639 2190 2817 2244 πάντα
2863 2190 2923 2243 τὸ
2958 2188 3050 2242 τοῦ
3093 2190 3353 2244 συνθέτου
3397 2185 3556 2255 εἶδος,
3590 2192 3707 2254 πῶς
3731 2192 3858 2261 οὐχὶ

2279 2279 2372 2331 καὶ
2400 2279 2687 2350 ἰσάριθμον
2714 2280 2871 2332 ἔσται
2902 2282 3086 2343 αὐτοῖς
3115 2279 3259 2333 κατὰ
3290 2281 3381 2333 τὸν
3400 2282 3629 2349 φυσικὸν
3660 2281 3852 2351 λόγον;

2348 2537 2411 2591 ε’.
2449 2538 2510 2590 Εἰ
2546 2540 2645 2608 μία
2669 2540 2851 2607 φύσις,
2888 2542 2942 2591 εἴ
2964 2539 3011 2592 τ’
3034 2536 3128 2595 οὖν
3156 2539 3336 2603 οὑσία,
3371 2541 3511 2610 μετὰ
3538 2540 3635 2609 τὴν
3662 2540 3859 2593 ἕνωσιν

2277 2627 2305 2679 6
2342 2627 2595 2698 Χριστὸς,
2661 2629 2761 2697 μία
2811 2631 2905 2683 καὶ
2947 2632 2979 2702 η
3015 2630 3218 2702 ταύτης
3258 2630 3401 2702 ἀρχὴ
3440 2630 3533 2684 τοῦ
3571 2627 3731 2685 εἶναι’
3762 2631 3859 2684 δύ’)

2278 2717 2386 2788 γὰρ
2422 2719 2594 2787 ἀρχὰς
2624 2720 2721 2789 τῆς
2780 2721 2947 2790 αὑτῆς
3000 2722 3189 2784 οὐσίας
3246 2722 3341 2775 καὶ
3397 2719 3632 2790 φύσεως,
3682 2722 3851 2790 ἧγουν

2278 2810 2371 2879 ἀφ’
2400 2804 2460 2861 οῦ
2510 2811 2726 2879 πέφυκε
2773 2813 2870 2865 καὶ
2912 2812 3168 2884 ὑπάρχει,
3220 2808 3363 2866 εἶναι
3407 2812 3688 2866 ἀδύνατον
3724 2812 3858 2866 αὑτὸ

2279 2900 2388 2969 γὰρ
2417 2901 2573 2953 τοῦτο
2598 2901 2696 2969 τὴν
2722 2898 2954 2971 ὓπαρξιν
2981 2903 3013 2972 ἡ
3046 2902 3205 2956 οὑσία
3243 2900 3498 2973 δηλοῦσα,
3526 2902 3614 2955 ὅτε
3641 2902 3858 2971 γέγονε,

2281 2992 2401 3044 τότε
2437 2992 2531 3044 καί
2556 2993 2813 3065 ὑπᾶρχεν
2851 2995 2883 3064 ἡ
2916 2990 3009 3047 οῦν
3051 2996 3196 3066 ἀρχὴ
3232 2996 3325 3048 τοῦ
3357 2990 3499 3048 εἶναι
3523 2994 3727 3065 ταύτης
3759 2996 3860 3063 τῆς

2281 3082 2541 3136 συνθέτου
2568 3082 2805 3153 φύσεως,
2846 3086 2976 3137 πότε
3004 3103 3063 3139 τε
3088 3087 3183 3139 καὶ
3209 3088 3386 3151 ὃπως;
3411 3088 3458 3139 εἰ
3489 3086 3586 3156 μὲν
3616 3087 3725 3155 γὰρ
3752 3085 3858 3155 πρὸ

2278 3170 2385 3244 τῆς,
2406 3173 2674 3239 ἐνώσεως,
2714 3175 2775 3227 οὑ
2807 3175 2896 3228 διὰ
2920 3175 3017 3246 τὴν
3047 3160 3246 3229 ἕνωσιν
3293 3175 3394 3245 μία
3430 3174 3663 3242 λέγοιτο,
3693 3175 3857 3246 δηλα-

2279 3265 2364 3334 δή·
2396 3261 2462 3337 ἦν
2488 3268 2598 3337 γὰρ
2634 3268 2725 3320 καὶ
2760 3268 2869 3337 πρὸ
2915 3266 3018 3336 τῆς
3043 3267 3289 3331 ὲνὼσεως
3330 3268 3450 3337 μία,
3485 3264 3610 3321 οὕτε
3631 3266 3687 3321 δὲ
3718 3266 3853 3320 ἑνώ-

2282 3373 2418 3420 σεως
2458 3358 2616 3427 χρεία
2660 3353 2729 3429 ἦν
2758 3361 2839 3419 εἰς
2882 3359 2941 3411 τὸ
2973 3358 3101 3431 μίαν
3150 3356 3290 3413 εἶναι
3332 3358 3524 3428 αὑτήν·
3556 3361 3604 3411 εἰ
3637 3358 3696 3412 δὲ
3743 3360 3853 3412 ἀπὸ

2279 3448 2375 3517 τῆς
2405 3449 2713 3517 προσφᾲτου
2737 3448 2983 3513 ἐνῶσεως
3014 3451 3047 3519 ἡ
3078 3450 3285 3522 ταύτης
3316 3451 3481 3523 ἀρχὴ,
3520 3449 3640 3514 πῶς
3676 3451 3856 3504 ἁῖὸίαν

2281 3539 2359 3592 ἔτι
2406 3542 2501 3593 καὶ
2544 3542 2882 3610 προαιωνίαν
2942 3543 3036 3595 καὶ
3082 3542 3232 3596 θείαν
3280 3544 3715 3614 ὁμολογήσωμεν
3756 3545 3857 3614 τὴν

2280 3630 2372 3682 ἐπὶ
2403 3630 2511 3684 τῶν
2540 3631 2853 3705 Αὐγούστου
2885 3632 3091 3702 χρόνων
3131 3632 3503 3705 προελθοῦσαν
3528 3636 3610 3697 εἰς
3635 3634 3696 3687 τὸ
3717 3628 3855 3687 εἶναι

2282 3723 2441 3792 φύσιν
2462 3742 2474 3789 ;

2354 3824 2427 3881 ς’.
2463 3818 2619 3870 Πᾶσα
2647 3819 2841 3881 ἓνωσις
2871 3818 2948 3882 εἰς
2974 3819 3138 3888 φύσιν
3167 3819 3293 3874 τινὰ
3319 3820 3639 3891 καινοτέραν
3671 3820 3857 3890 ἀπαρι

2281 3907 2539 3977 τιζομένη
2582 3924 2640 3959 τε
2682 3908 2778 3960 καὶ
2807 3908 3086 3978 ὁρωμένη,
3116 3907 3389 3961 δείκνυσιν
3424 3907 3591 3977 αὑτὴν
3628 3907 3859 3977 ἔχουσάν

2282 4016 2401 4051 τινα
2442 3999 2477 4051 ἃ
2506 3998 2731 4068 οὐδεμία
2762 3998 2870 4051 τῶν
2910 3999 3216 4054 ἑνωθεισῶν
3258 3999 3478 4069 φύσεων
3507 3999 3630 4052 καθ’
3658 4000 3859 4069 ἑαυτὴν

2282 4090 2565 4159 κέκτηται·
2595 4091 2689 4143 καὶ
2721 4092 2829 4160 γὰρ
2867 4090 2988 4143 οὔτε
3018 4090 3194 4161 ψυχῆς
3235 4090 3419 4161 φύσις,
3445 4090 3568 4144 οὔτε
3606 4090 3859 4160 σώματος

2283 4182 2402 4237 καθ’
2436 4182 2634 4249 ἑαυτὴν
2662 4180 2885 4233 πώποτε
2934 4182 3117 4251 πεινᾷ,
3146 4179 3178 4252 ἢ
3226 4179 3436 4251 διψᾷ,ἢ
3474 4181 3672 4251 ῥιγᾷ,ἢ
3717 4197 3859 4231 καυ⁵

2285 4272 2543 4341 σοῦται,ἢ
2582 4273 2765 4335 ὑπνοῖ,
2817 4271 3227 4342 ἢὰποθνήσκει,
3260 4272 3292 4340 ἢ
3324 4272 3478 4341 γελᾷ,
3510 4272 3542 4339 ἢ
3593 4269 3792 4335 κλαίει,
3822 4270 3860 4337 ἢ

2282 4362 2464 4425 ἁπλῶς
2496 4360 2809 4414 αἰσθάνεται
2840 4361 3112 4432 αἰσθητῶς
3138 4359 3425 4430 αἰσθητοῦ,
3463 4358 3652 4430 ὥσπερ
3674 4359 3798 4414 οὐδὲ
3828 4362 3859 4410 6

2283 4451 2445 4515 αὐλὸς
2482 4452 2606 4523 ἰδίᾳ,
2655 4452 2777 4505 οὑδὲ
2826 4452 2854 4503 6
2902 4452 3143 4521 αὑλητὴς
3187 4450 3309 4505 καθ’
3340 4450 3534 4503 ἑαυτὸν
3583 4449 3759 4504 λαλεῖ·
3807 4450 3860 4500 τε

615 4569 675 4609 se
702 4553 881 4623 ipsum
909 4549 1057 4603 canit
1080 4564 1095 4613 ;
1117 4547 1249 4617 quid
1274 4564 1406 4619 ergo
1439 4547 1735 4614 Dominus,
1766 4548 1884 4617 ipse
1912 4563 2013 4602 nec
2034 4550 2180 4603 Deus

2284 4540 2375 4599 οὖν
2403 4546 2430 4599 ὁ
2459 4544 2682 4615 Κύριος,
2709 4542 2737 4596 6
2768 4546 2902 4613 μήτε
2926 4543 3058 4606 Θεὸς
3084 4544 3225 4613 μήτε
3250 4542 3561 4613 ἄνθρωπος,
3586 4542 3693 4613 ίδέᾳ
3716 4542 3863 4610 ἔχειν

614 4656 719 4696 nec
750 4640 945 4701 homo,
991 4635 1215 4705 proprie
1263 4634 1470 4689 habere
1503 4650 1616 4703 pne
1648 4651 1706 4689 se
1741 4635 2000 4689 ferebat?
2035 4634 2181 4691 Sane

615 4748 747 4803 ergo
788 4730 981 4784 dicunt
1014 4714 1160 4795 quod
1196 4740 1360 4795 super
1399 4741 1573 4795 aquas
1613 4741 1943 4796 corporeum
1984 4727 2181 4781 ambu-

615 4826 738 4879 lans
774 4832 829 4876 et
860 4820 1091 4883 similia;
1125 4817 1219 4871 sed
1260 4817 1395 4872 illud
1431 4817 1849 4888 intelligendum
1891 4834 2003 4873 non
2035 4820 2182 4873 exsi-

617 4927 770 4972 stens
806 4922 1018 4968 natura:
1051 4910 1368 4980 composita
1395 4910 1679 4980 preprium
1712 4927 1809 4966 ens
1837 4928 1851 4976 ;
1882 4921 1938 4965 ct
1978 4915 2182 4981 quibus

618 5023 727 5061 non
760 5004 1065 5059 secundum
1090 5001 1386 5056 essentiam
1411 5000 1465 5054 in
1496 5010 1689 5056 natura
1718 5010 1813 5055 aut
1838 5001 1890 5055 in
1907 5004 2180 5057 exsisten-

619 5098 692 5150 tia
720 5093 979 5151 convenit
1035 5100 1352 5145 sanctorum
1379 5131 1393 5153 ,
1452 5091 1599 5145 Deus
1643 5105 1787 5161 saepe
1827 5091 1961 5145 ferri
2010 5109 2177 5161 super

619 5204 789 5259 aquas
808 5186 961 5241 dedit
990 5200 1243 5253 corpore,
1280 5184 1348 5236 de
1372 5183 1493 5237 loco
1529 5184 1581 5237 in
1617 5185 1798 5238 locum
1825 5200 1992 5253 super
2013 5201 2183 5255 aquas

622 5276 1053 5333 transeuntibus.
1095 5275 1149 5329 Si
1185 5290 1317 5346 ergo
1350 5275 1485 5329 nihil
1522 5276 1593 5329 sit
1623 5276 1848 5346 physica
1879 5278 2185 5345 preprietas

620 5372 822 5425 Christi
858 5370 1100 5439 proprie,
1144 5384 1249 5422 nec
1281 5376 1478 5421 natura
1511 5367 1613 5436 ipsi
1646 5383 1754 5421 una
1775 5368 2025 5436 quredatn
2061 5378 2185 5421 tan-

625 5476 738 5519 tum
793 5463 1045 5531 propria;
1098 5475 1199 5514 nec
1251 5460 1398 5513 enim
1449 5458 1756 5513 secundum
1792 5459 2079 5513 misturam
2130 5468 2190 5512 ut

621 5554 832 5614 sict-ra;
870 5566 970 5604 nec
1011 5548 1314 5603 secundum
1350 5548 1832 5617 participationem
1873 5548 2017 5601 sicut
2048 5564 2186 5618 aqua

622 5646 1007 5715 Aggvptiurum
1033 5656 1153 5709 qurc
1178 5641 1405 5710 sanguis
1434 5639 1574 5693 facta
1602 5649 1719 5703 est;
1748 5656 1849 5694 nec
1886 5642 2191 5694 secundum

622 5734 988 5788 mutationem
1018 5730 1161 5783 sicut
1186 5746 1260 5783 :es
1286 5730 1338 5782 in
1363 5729 1669 5798 :eruginem
1705 5730 2061 5795 immutatur;
2088 5746 2189 5784 nec

622 5836 925 5882 secundum
994 5820 1263 5875 naturalis
1332 5819 1689 5873 adunationis
1745 5820 2128 5875 necessitatem
2176 5863 2189 5879 .

2283 4637 2615 4702 ὲνεδείξατο;
2652 4638 2814 4699 Εἰκὸς
2857 4631 2972 4699 οὖν,
3009 4636 3165 4702 φασὶ,
3196 4635 3271 4697 ὡς
3302 4634 3393 4687 τὸν
3422 4636 3504 4703 ἐφ’
3533 4632 3726 4697 ὓδατος
3759 4648 3864 4685 σω.

2289 4730 2515 4800 ματικὸν
2546 4729 2848 4799 περίπατον
2892 4728 2984 4779 καὶ
3034 4728 3102 4780 τὰ
3140 4727 3338 4782 τοιάδε·
3365 4727 3501 4780 ἀλλὰ
3529 4726 3647 4780 τόδε
3693 4743 3865 4779 καταο

2286 4819 2504 4890 νοητέον
2540 4819 2602 4872 οὑ
2630 4819 2843 4886 φύσεως
2879 4816 2939 4870 ὃν
2977 4818 3173 4888 ἰδίωμα
3209 4818 3484 4871 συνθέτου·
3518 4819 3613 4871 καὶ
3639 4814 3719 4881 οἷς
3753 4818 3867 4888 γὰρ

2291 4911 2365 4981 μὴ
2395 4913 2513 4962 κατ’
2542 4910 2730 4962 οὐσίαν
2757 4913 2837 4973 εἰς
2869 4910 3031 4979 φύσιν
3069 4909 3102 4980 ἢ
3138 4910 3217 4973 εἰς
3245 4910 3545 4963 ὑπόστασιν
3576 4908 3865 4977 σύγκειται

2287 5002 2394 5053 τῶν
2430 5003 2598 5069 ἁγίων
2645 5002 2673 5053 6
2702 5002 2834 5064 Θεὸς
2879 5001 3139 5063 πολλάκις
3169 5001 3488 5071 ἐποχεῖσθαι
3518 4999 3624 5051 τῶν
3653 5000 3867 5053 ὑδάτων

2292 5094 2566 5163 πεποίηκε
2613 5094 2825 5162 σώματι
2886 5094 3267 5163 μεταϐατικῶς
3316 5096 3373 5147 ἐν
3409 5094 3593 5156 αὑτοῖς
3632 5110 3868 5163 πορευο-

2292 5182 2503 5249 μένους·
2535 5185 2582 5234 εἰ
2626 5178 2718 5235 οῦν
2756 5182 2911 5236 οὐδέν
2949 5185 3063 5236 ἐστι
3112 5185 3339 5251 φυσικὸν
3388 5186 3587 5253 ἰδίωμα
3626 5184 3868 5253 Χριστοῦ

2295 5273 2497 5336 ἱδικῶς,
2532 5274 2650 5326 οὑδὲ
2685 5274 2845 5342 φύσις
2895 5276 3044 5345 αὑτῷ
3083 5277 3181 5345 μία
3235 5293 3317 5337 τις
3356 5275 3515 5342 μόνον
3550 5275 3713 5343 ἰδική⁴
3744 5274 3871 5327 οὔτε

2296 5365 2403 5434 γὰρ
2437 5366 2578 5420 κατὰ
2601 5365 2880 5436 σύγχυσιν,
2915 5367 2990 5429 ῶς
3042 5367 3107 5419 τὰ
3157 5367 3373 5437 σίκερα·
3402 5367 3524 5419 οὒτε
3560 5368 3703 5420 κατὰ
3733 5384 3873 5436 μετ-

2296 5459 2549 5512 ουσίωτιν
2607 5459 2681 5519 ὡς
2711 5459 2771 5511 τὸ
2795 5459 2940 5529 ὓδωρ
2972 5460 3081 5512 τῶν
3110 5458 3429 5525 Αἰγυπτίων
3459 5453 3598 5526 αἷμα
3623 5458 3870 5524 γεγονός*

2295 5549 2417 5603 οὔτε
2450 5551 2592 5604 κατὰ
2615 5550 2921 5615 ἀλλοίωσιν,
2952 5551 3029 5614 ῶς
3063 5553 3092 5603 ὀ
3124 5551 3322 5620 χαλκὸς
3348 5552 3425 5611 εἰς
3460 5550 3534 5601 ἰὸν
3562 5551 3875 5617 ἀμείϐεταιυ

2294 5637 2418 5690 οὑτε
2450 5639 2592 5691 κατὰ
2633 5638 2870 5707 φυσικῆς
2912 5638 3162 5701 ὲνὼσεως
3200 5640 3466 5707 ἀνάγκην,
3509 5637 3583 5702 ὡς
3616 5633 3767 5707 ψυχὴ
3796 5644 3880 5701 εἰς

2298 5730 2455 5799 σῶμα
2496 5728 2787 5799 ἀνθρώπου
2818 5729 3062 5797 γέγονεν·
3101 5732 3181 5783 ἔτι
3233 5730 3330 5801 μὲν
3372 5728 3577 5802 τράγου
3606 5730 3669 5782 τὸ
3701 5744 3880 5798 μυκα-

2300 5824 2479 5875 στικὸν
2504 5823 2741 5892 ἔχοντος,
2765 5822 3050 5894 ἀνθρώπου
3076 5824 3131 5878 δὲ
3162 5824 3305 5886 ἰδίως
3324 5824 3385 5876 τὸ
3414 5823 3878 5894 κηροπλαστικσῑν,
