4102 6410
240 409 361 472 17Ἳῖ

1384 395 1677 454 CONTRA
1723 393 2322 453 MONOPHYSITAS.

3368 389 3498 451 177i

236 524 376 580 εἴτις
409 521 438 568 ὁ
486 511 644 576 αὐτὸς
683 512 1084 585 κηροπλαστὼν
1135 512 1227 562 καὶ
1273 509 1506 577 μυκέιζοι
1537 508 1695 574 ἀνὴρ,
1733 524 1821 573 μι-

1958 508 2069 558 icut
2108 507 2287 559 anima
2326 507 2390 558 in-
2431 504 2671 556 hominis
2719 520 2923 573 corpus
2969 505 3106 562 facta
3159 515 3273 558 est-
3320 505 3503 562 adhuc

239 608 417 675 μητὺς
474 605 578 658 τῶν
631 602 981 673 ἑτεροφυᾶη,
1036 601 1097 652 ού
1147 598 1402 651 σύνθετον
1441 595 1681 648 δείκνυσι
1725 594 1824 662 τὴν

237 697 406 765 φύσιν
449 694 609 749 αὐτοῦ
661 693 889 762 δηλαδὴ,
925 691 1059 744 ἀλλὰ
1099 690 1192 742 δύο
1235 688 1450 757 φύσεων
1481 686 1650 746 ίδικὲις
1679 687 1828 752 ἐνερ-

236 788 396 854 γείας
427 788 489 837 ὲκ
518 784 620 854 τῆς
650 784 824 850 αὐτῆς
859 782 989 849 μιᾶς
1021 779 1236 847 φύσεως
1280 775 1469 831 αὐτοῦ’
1502 769 1656 836 οὗτος
1701 773 1830 841 γοῦν

238 878 338 930 καὶ
371 876 431 927 τὺ
462 870 849 944 μεταὸατικῶς
897 869 1193 929 κινεῖσθαι,
1226 865 1574 938 ἀνθρωπίνης
1613 863 1830 930 φύσεως

235 963 329 1036 ἦν’
365 967 426 1018 τὸ
478 966 534 1017 δὲ
569 962 643 1034 μὴ
691 960 1055 1015 καταδύεσθαι
1096 959 1193 1028 τὴν
1240 957 1546 1027 βαρυτέραν
1583 955 1676 1006 τοῦ
1727 952 1832 1004 σώ-

244 1073 421 1126 ματος
453 1055 614 1123 φύσιν
654 1051 1028 1121 ἐποχουμένην
1068 1053 1132 1119 τῇ
1175 1049 1267 1101 τοῦ
1313 1047 1504 1108 ὓδατος
1531 1046 1836 1113 κουφοτέρα

243 1146 434 1212 φύσει,
461 1145 596 1197 ἀλλά
621 1140 1001 1209 ύπερείδεσθαι
1023 1139 1120 1208 τὴν
1159 1136 1522 1208 στερροτέραν
1550 1138 1616 1203 τῇ
1653 1150 1835 1202 μανω-

241 1240 408 1308 τὲρᾳ,
463 1238 624 1290 τοῦτο
672 1237 821 1297 Θείας
869 1235 986 1286 ἐστὶ
1033 1232 1270 1302 φύσεως.
1307 1232 1478 1282 ποιεῖν
1510 1227 1837 1287 ίδικωτάτως

245 1330 463 1392 πάσας,
519 1326 754 1379 ποιῶσαι
799 1322 1360 1391 καὶσμεταποιῶσαι,
1415 1319 1512 1370 καὶ
1546 1317 1834 1378 οὐσιῶσαι,

245 1419 345 1467 καὶ
379 1415 767 1484 μετουσιῶσαι,
801 1415 894 1465 καὶ
921 1410 1262 1464 ἀπουσιῶσαι
1305 1409 1407 1469 τὰς
1454 1407 1644 1475 φύσεις
1676 1405 1838 1458 δέκα·

241 1525 365 1568 ται,
394 1507 499 1558 κᾶν
534 1508 597 1557 ὲκ
642 1504 735 1556 τοῦ
787 1503 948 1556 αὐτοῦ
1009 1502 1224 1571 πρόεισι
1268 1498 1586 1569 προσώπου.
1644 1497 1841 1564 Σαφῶς

241 1594 346 1650 οὖν
390 1598 448 1648 ὲν
489 1599 598 1657 τοῖς
628 1594 857 1646 τοιοῖσδε
894 1593 1013 1644 θεία
1046 1593 1136 1646 καὶ
1171 1591 1489 1661 ἀνθρωπίνη
1521 1589 1682 1658 φύσις
1716 1605 1841 1640 συν-

244 1685 523 1756 εργοῦσαι
558 1684 817 1754 ὁρῶνταν
858 1683 920 1733 οὑ
957 1683 1064 1751 μὴν
1106 1682 1272 1750 ἑτέρα
1313 1681 1474 1749 φύσις
1501 1677 1837 1740 συντεθεῖσα,

243 1781 316 1829 ἐκ
349 1775 517 1827 τῶνδε
552 1777 683 1843 ἡμῖν
711 1773 1035 1843 καθορᾶται.

1933 597 2344 650 bircobalatnm
2379 596 2638 660 habente,
2665 595 2891 661 homine
2918 611 3049 650 vero
3077 611 3268 650 cereas
3293 603 3505 649 statuas

1933 687 2233 756 plasmandi
2270 688 2557 756 speciatim
2581 701 2803 756 capace,
2826 688 2871 741 si
2911 688 3054 742 idem
3082 703 3273 744 cereas
3298 696 3508 742 statuas

1933 782 2168 848 plasmat
2210 789 2267 833 et
2300 779 2545 831 balatum
2578 778 2693 832 edit
2728 780 2923 844 homo,
2957 779 3307 833 diversarum
3341 787 3505 831 natu-

1936 886 2121 924 rarum
2153 870 2418 932 imitator,
2455 886 2564 923 non
2589 872 2950 940 compositam
2976 871 3223 925 ostendit
3256 879 3509 923 naturain

1936 975 2089 1012 suam
2115 969 2288 1022 certe,
2321 960 2419 1013 sed
2447 960 2583 1013 duas
2618 971 2942 1014 naturarum
2979 962 3234 1030 proprias
3258 965 3513 1028 energias

1935 1065 2004 1105 ex
2041 1051 2157 1119 ipsa
2193 1067 2297 1104 una
2332 1061 2528 1104 natura
2560 1066 2679 1105 sua.
2717 1051 2810 1105 Sic
2849 1067 2981 1121 ergo
3011 1052 3157 1106 etde
3195 1052 3318 1104 loco
3347 1051 3400 1103 in
3431 1051 3515 1102 ln-

1939 1157 2064 1196 cum
2092 1143 2322 1204 moveri,
2362 1142 2619 1195 humanm
2660 1153 2874 1196 natura:
2906 1127 3020 1206 est;
3058 1141 3155 1196 sed
3202 1158 3309 1194 non
3346 1141 3514 1207 mergi

1939 1232 2247 1300 graviorem
2271 1233 2520 1301 corporis
2546 1243 2802 1286 naturam
2833 1241 2998 1302 super
3023 1248 3292 1300 aquarum
3323 1230 3516 1285 leviori

1944 1331 2135 1376 natura
2174 1323 2539 1391 gradientem,
2570 1323 2666 1381 sed
2701 1324 2966 1376 sustineri
2993 1323 3317 1376 solidiorcm
3351 1335 3521 1390 super

1945 1413 2182 1466 molliori
2217 1414 2418 1466 divinas
2446 1413 2497 1465 id
2527 1421 2610 1466 est
2644 1421 2877 1473 natura}.
2921 1411 3099 1465 facere
3128 1412 3285 1464 valde
3313 1410 3525 1477 specia-

1947 1505 2041 1557 tim
2067 1515 2324 1566 cunctas,
2370 1504 2565 1558 fecisse
2617 1513 2670 1555 ct
2713 1513 2953 1556 mutasse
2998 1503 3139 1555 facta
3167 1543 3179 1566 ,
3221 1501 3521 1554 essentiam

1945 1596 2139 1649 fecisse
2182 1605 2238 1649 et
2283 1595 2539 1648 essentia:
2587 1595 2908 1664 participem
2949 1594 3153 1656 fuisse,
3191 1605 3246 1648 ct
3286 1594 3523 1647 essentia

1946 1684 2162 1752 privare
2237 1693 2463 1736 naturas
2514 1693 2735 1751 potest,
2778 1686 2880 1737 etsi
2927 1702 2992 1738 ex
3037 1685 3229 1738 eadem
3291 1697 3526 1752 persona

1947 1775 2232 1845 procedat.
2285 1775 2587 1828 Evidenter
2625 1790 2758 1845 ergo
2803 1777 2860 1828 in
2887 1776 3092 1830 talibus
3122 1777 3309 1829 divina
3339 1786 3401 1830 et.
3425 1775 3529 1828 hu-

247 1882 421 1919 mana
486 1875 682 1919 natura
758 1864 1044 1934 eooperari
1088 1862 1386 1928 videntur,
1438 1878 1548 1916 non
1607 1877 1787 1916 tamen
1831 1863 1937 1918 alia
2002 1868 2304 1936 composita
2366 1879 2560 1922 natura
2614 1884 2677 1921 ex
2733 1869 2853 1923 istis
2888 1869 3050 1923 nobis
3093 1868 3409 1938 aspicienda
3448 1865 3530 1920 of-

244 1961 457 2012 fertur.

328 2052 399 2114 C’.
445 2052 507 2103 Εἰ
539 2053 707 2122 μηδὲν
739 2051 902 2105 πλέον
951 2051 984 2121 ἢ
1032 2053 1250 2104 ἔλαττον
1275 2055 1393 2113 ταῖς
1429 2050 1522 2103 δύο
1555 2051 1781 2120 φύσεσιν
1813 2052 1844 2120 ἡ

2022 2048 2071 2100 7.
2115 2048 2170 2100 Si
2210 2047 2347 2101 nihil
2377 2044 2615 2116 amplius
2646 2055 2739 2100 aut
2763 2047 2947 2100 minus
2979 2047 3031 2100 in
3065 2047 3283 2102 duabus
3317 2049 3529 2104 naturis

249 2144 510 2206 σύνθεσις
554 2147 585 2213 ὴ
635 2143 940 2212 ἁσύγχυτος
978 2144 1114 2213 πλὴν
1145 2143 1244 2214 τῆς
1274 2143 1408 2206 πρὸς
1441 2142 1674 2208 ἀλλήλας
1710 2140 1842 2211 ἑνώ-

251 2251 400 2294 σεως
440 2234 737 2297 δείκνυσιν,
793 2236 987 2297 ἓνωσις
1032 2236 1086 2287 δὲ
1129 2235 1254 2287 οὔτε
1297 2235 1457 2303 φύσις
1502 2237 1670 2299 ἐστὶν,
1721 2233 1843 2286 οὔτε

254 2327 375 2394 μὴν
403 2325 708 2389 ἀλλοίωσις,
746 2326 778 2394 ἦ
808 2326 1007 2393 λεῖψις,
1051 2327 1083 2395 ἦ
1127 2326 1423 2396 πρόσθεσις
1453 2326 1692 2395 φύσεως,
1729 2325 1845 2386 πῶς

252 2419 395 2469 ἄνευ
461 2417 808 2485 προσθέσεως
840 2459 855 2481 ,
908 2419 940 2487 ἢ
980 2418 1243 2499 leid/sing,
1282 2417 1313 2485 ἢ
1356 2415 1692 2479 ἀλλοιώσεως
1742 2416 1847 2484 φύ-

251 2522 426 2570 σεως,
455 2510 513 2560 τὸ
539 2509 658 2560 κατ’
689 2509 925 2578 ἀριθμὸν
958 2510 1121 2562 ποσὸν
1148 2509 1258 2562 τῶν
1283 2501 1576 2578 ὴνωμένων
1606 2509 1843 2577 φύσεων,

250 2600 433 2651 πλέον
465 2600 495 2668 ἢ
529 2600 756 2652 ἔλαττον
787 2602 1114 2670 φανήσεται,
1144 2602 1229 2652 ἴνα
1260 2600 1292 2669 ἢ
1321 2601 1472 2670 τρεῖς
1512 2600 1544 2668 ἢ
1587 2599 1715 2668 μίαν
1748 2600 1848 2660 τὰς

250 2691 319 2742 οὐ
333 2691 456 2751 σίας
488 2689 581 2742 δύο
602 2689 788 2753 οὓσας,
831 2692 1210 2762 μεταποιήσῃς
1250 2691 1295 2742 εί
1326 2690 1381 2740 δὲ
1406 2689 1521 2758 ἄρα’
1544 2689 1637 2741 καὶ
1665 2687 1847 2739 πλεῖόν

251 2765 309 2830 ξι
340 2777 589 2839 ὲνώσεως
627 2779 936 2845 ἁσυγχύτου
979 2781 1098 2838 ταῖς
1118 2778 1348 2844 φύσεσιν
1382 2778 1696 2843 ἐπεισάγειν
1729 2776 1847 2828 τολ-

257 2869 413 2938 μῶσι
440 2871 723 2941 ποιητικὸν
752 2871 784 2940 ἢ
817 2872 1227 2940 παραστατικὸν
1262 2868 1451 2930 ἁπλῶς
1483 2869 1728 2936 φύσεως,
1762 2868 1846 2918 λε-

255 2945 513 3030 γέτωσαν
545 2965 674 3032 ἡμῖν
712 2963 1020 3033 παρρησίᾳ,
1053 2963 1102 3014 τί
1130 2962 1287 3014 τοῦτο
1321 2957 1458 3014 εἶναι
1487 2959 1843 3012 διανοοῦνται.

336 3149 408 3210 η’.
447 3142 508 3192 El
549 3142 612 3193 ἐκ
638 3141 731 3196 δύο
777 3139 992 3208 φύσεων
1030 3140 1324 3208 ἠνωμένων
1357 3138 1680 3206 ἁσυγχύτως
1720 3137 1848 3206 μίαν

259 3237 445 3285 ποιεῖν
488 3232 654 3292 ἔστιν,
685 3233 750 3284 ὲκ
779 3232 872 3283 δύο
901 3231 1120 3297 φύσεων
1145 3231 1442 3300 ἡνωμένων
1471 3229 1614 3281 κατά
1648 3228 1851 3296 σύγχυ-

259 3342 356 3377 σιν
398 3324 447 3374 τί
492 3323 674 3393 ἕτερον
708 3323 958 3390 γίνεταις
1013 3321 1045 3391 ἢ
1086 3318 1177 3373 οὖν
1217 3323 1310 3372 δύο
1363 3317 1502 3372 εἶναι
1544 3319 1738 3387 φύσεις
1788 3321 1850 3370 ὲκ

1945 2138 2618 2208 composntiojnconl'usa
2674 2154 2838 2207 quam
2891 2140 3124 2193 alterius
3170 2155 3295 2192 cum
3352 2142 3526 2195 altera

1947 2229 2208 2282 adunatio
2246 2228 2516 2292 ostendit,
2539 2238 2599 2283 et
2629 2229 2893 2282 adunatio
2921 2245 3024 2283 nec
3056 2240 3254 2284 natura
3283 2242 3366 2286 est
3385 2273 3399 2296 ,
3427 2249 3532 2287 nec

1947 2322 2180 2374 mutatio
2208 2363 2221 2385 ,
2257 2336 2359 2374 nec
2401 2322 2619 2375 relietio
2655 2328 2751 2373 aut
2791 2322 3064 2390 appositio
3103 2332 3316 2377 natura:
3344 2363 3357 2386 ,
3390 2341 3531 2394 quo-

1950 2410 2110 2463 modo
2141 2411 2349 2480 absque
2381 2411 2752 2479 appositione,
2785 2422 2880 2465 aut
2908 2412 3196 2466 relictione
3223 2419 3317 2467 aut
3354 2425 3535 2469 muta-

1953 2497 2100 2551 tione
2147 2509 2390 2563 naturas,
2423 2500 2706 2568 quantitas
2732 2500 2888 2568 juxta
2935 2516 3230 2554 numerum
3265 2501 3534 2557 adunata<

1950 2602 2071 2641 rum
2111 2597 2448 2645 naturarum.
2487 2592 2611 2659 plus
2660 2592 2912 2645 minusve
2976 2593 3299 2662 apparebit,
3345 2601 3404 2648 ut
3439 2604 3534 2650 aut

1952 2693 2063 2736 tres
2100 2693 2195 2736 ant
2240 2699 2403 2736 unam
2445 2686 2556 2753 jam
2590 2685 2757 2739 faciat
2807 2701 2901 2739 eas
2943 2703 3066 2755 quae
3108 2687 3228 2742 dua:
3277 2692 3535 2746 essentia:

1949 2775 2152 2828 erant?
2191 2775 2362 2828 Porro
2397 2777 2441 2828 si
2490 2785 2545 2828 et
2591 2779 2829 2846 amplius
2850 2778 2985 2846 quid
3025 2778 3381 2833 adunationis
3422 2780 3535 2834 dis-

1954 2867 2135 2919 tincta:
2160 2867 2378 2920 naturis
2409 2867 2648 2935 adjicere
2673 2869 2916 2922 audeant
2941 2869 3184 2923 ellictum
3209 2880 3305 2923 aut
3333 2887 3534 2940 περι-,να

1953 2958 2290 3011 sentalivum
2325 2966 2540 3011 natura:
2587 2959 2938 3028 simpliciter,
2972 2960 3157 3013 dicant
3202 2960 3366 3014 nobis
3405 2976 3532 3015 cum

1954 3048 2155 3102 ﬁducia
2185 3051 2316 3117 quid
2347 3049 2480 3101 illud
2517 3065 2636 3103 esse
2667 3051 2931 3118 cogitant.

2025 3140 2076 3193 8.
2104 3140 2157 3193 Si
2195 3141 2263 3193 de
2309 3140 2528 3194 duabus
2575 3141 2791 3195 naturis
2824 3142 3082 3195 adunatis
3119 3144 3377 3199 distincte
3425 3161 3532 3201 una

1954 3230 2212 3293 ellicitur,
2252 3231 2318 3299 de
2355 3231 2570 3283 duabus
2615 3231 2826 3284 naturis
2870 3232 3130 3285 adunatis
3167 3249 3292 3287 cum
3336 3236 3531 3289 confuu

1955 3323 2110 3376 sione
2151 3323 2284 3391 quid
2335 3323 2480 3376 aliud
2521 3322 2571 3374 [il
2599 3324 2619 3374 ?
2654 3332 2748 3376 aut
2793 3339 2924 3392 ergo
2970 3325 3108 3378 duas
3139 3340 3259 3381 esse
3305 3337 3536 3383 naturas

260 3414 368 3468 τοῦ
403 3415 706 3483 ἀσυγχύτου
759 3415 937 3481 Λόγου
987 3415 1076 3466 ἐπὶ
1110 3413 1348 3484 Χριστοῦ
1381 3411 1615 3484 ἐροῦσιν,
1646 3411 1679 3480 ἢ
1710 3411 1791 3472 τίς
1820 3413 1848 3480 ἡ

1955 3432 2023 3469 ex
2051 3415 2338 3468 ineonl‘uso
2368 3415 2545 3468 Verbo
2570 3414 2637 3466 de
2661 3413 2880 3468 Christo
2913 3415 3099 3469 dicent
3125 3458 3137 3478 ,
3179 3427 3275 3470 aut
3305 3434 3425 3487 qu.e
3465 3423 3536 3473 sit

255 3507 504 3575 διαφορὰ
537 3507 628 3559 τοῦ
674 3508 984 3576 ἀσυγχύτου
1045 3508 1180 3577 πρῦς
1233 3509 1333 3574 τὴν
1377 3505 1640 3574 σύγχυσιν
1686 3507 1743 3556 ὲν
1785 3507 1849 3573 τῇ

259 3599 378 3650 τῶν
413 3598 628 3665 φύσεων
659 3597 850 3650 ἐνὼσει
883 3598 1064 3664 λέγειν
1106 3598 1637 3668 εἱσπραχθὴσονταις
1677 3597 1724 3648 εί
1759 3597 1853 3649 καὶ

261 3689 508 3755 λέγοιεν,
538 3691 618 3741 ὅτι
639 3706 653 3721 ·
701 3691 773 3742 Ub
808 3690 1114 3759 συγχέομεν
1140 3689 1190 3740 τί
1223 3689 1330 3758 γὰρ
1355 3688 1538 3740 πλεῖον
1570 3690 1684 3757 ἐρεῖ
1712 3691 1739 3739 ὁ
1766 3687 1856 3739 λέ-

260 3797 386 3846 γων
418 3781 714 3848 σύγχυσιν;
739 3782 1052 3834 εἰπάτωσαν
1077 3782 1185 3848 γὰρ
1206 3783 1296 3832 καὶ
1322 3779 1853 3849 τοῖςΝεστοριανοίς,

263 3873 371 3923 δύο
421 3874 747 3934 ὑποστάσεις
798 3872 1016 3939 λέγουσι
1066 3874 1161 3924 καὶ
1199 3871 1499 3942 κράξουσιν
1532 3872 1746 3940 ἀνέδην,
1774 3872 1857 3924 ὃτι

265 3968 332 4018 ού
373 3964 706 4034 διαιροῦμεν,
739 3965 899 4017 τοῦτό
929 3983 1126 4034 φαμεν·
1161 3967 1240 4017 ὅτι
1281 3966 1332 4017 τί
1376 3966 1484 4034 γὰρ
1520 3967 1646 4019 ἄλλο
1680 3984 1859 4034 παρα-

267 4055 465 4119 στήσει
487 4054 576 4104 τον
599 4055 878 4123 διορισμόν
903 4070 916 4116 ;
951 4055 1011 4105 ού
1047 4053 1156 4123 γὰρ
1191 4054 1337 4105 ἐστιν
1360 4055 1562 4123 ἑτέρως
1587 4055 1653 4107 τὰ
1681 4056 1856 4125 πάντη

265 4144 609 4213 ἁδιακρίτως
644 4144 1013 4210 συγκείμενα,
1050 4145 1190 4212 πλὴν
1224 4145 1317 4196 τού
1359 4145 1537 4211 λέγειν
1569 4147 1698 4214 μιᾶς
1724 4146 1859 4197 ὑπο-

268 4233 528 4293 στάσεως
559 4235 768 4300 φύσεως
803 4230 963 4286 εἶναι·
993 4235 1114 4287 οὕτε
1144 4235 1208 4287 τά
1239 4236 1414 4304 πάντη
1443 4235 1858 4306 διακεκριμένα,

269 4326 301 4392 ἢ
335 4325 400 4374 τὸ
431 4323 612 4389 λέγειν
643 4324 735 4376 δύο
769 4325 957 4392 φύσεις
989 4325 1083 4377 καὶ
1118 4325 1444 4387 ὑποστάσεις
1486 4321 1644 4379 εἶναι.

347 4497 417 4551 θ’.
446 4499 508 4549 Εἰ
536 4500 633 4568 μία
654 4499 817 4566 φύσις
848 4500 942 4552 τοῦ
976 4501 1246 4552 Δεσπότου
1272 4499 1426 4568 ἡμῶν
1451 4501 1690 4570 Χριστοῦ
1722 4500 1862 4570 μετά

267 4594 379 4660 τὴν
405 4591 618 4651 ἕνωσιν,
653 4592 902 4660 εἴποιμεν
939 4593 1072 4660 πρὸς
1106 4592 1333 4654 αὐτούς’
1375 4588 1486 4660 ἆρά
1528 4593 1592 4660 γέ
1629 4610 1786 4659 φατε,
1818 4587 1862 4645 ὦ

266 4678 449 4745 οὗτοι,
498 4683 895 4753 κρειττωθῆναί
945 4701 1059 4745 πως
1111 4684 1314 4752 ταύτην
1342 4685 1519 4735 πᾶσαν
1581 4684 1716 4751 μετὰ
1765 4687 1861 4753 τὴν

268 4771 442 4838 ἁγίαν
479 4773 641 4825 αὑτοῦ
669 4773 990 4837 ἀνάστασιν,
1027 4774 1059 4843 ἢ
1094 4774 1239 4842 auxi;
1290 4774 1322 4844 ἢ
1370 4775 1552 4826 πᾶσαν
1587 4775 1684 4842 μὲν
1717 4775 1857 4844 ούχὶ,

269 4861 424 4914 εἶναι
448 4862 504 4914 δέ
529 4882 578 4914 τι
605 4864 825 4930 λέγεται
854 4867 912 4915 ὲν
950 4865 1086 4932 αὐτῇ
1117 4867 1180 4932 τῇ
1207 4865 1501 4916 ἀναστάσει
1532 4864 1623 4916 τοῦ
1654 4867 1860 4916 Δεσπό-

268 4971 374 5006 ’σου
414 4955 854 5022 κρειττούμενον,
914 4956 1006 5007 καὶ
1057 4955 1241 5024 ἕτερον
1291 4957 1367 5023 μὴ
1403 4958 1818 5025 κρειττούμενον
1843 4974 1857 5021 ;

267 5050 323 5098 εἰ
356 5046 455 5113 μὲν
485 5045 578 5096 οὖν
613 5043 754 5099 εἷναί
784 5064 837 5097 τι
870 5047 1069 5098 τέλειον
1111 5046 1206 5096 καὶ
1233 5045 1464 5112 φυσικὸν
1491 5047 1550 5097 τὺ
1581 5047 1862 5116 κρειττού-

272 5155 442 5207 μενον
479 5139 619 5189 κατὰ
649 5139 834 5206 φύσιν,
855 5141 950 5190 καὶ
979 5139 1166 5207 ἕτερον
1191 5139 1395 5190 τέλειον
1427 5139 1655 5205 φυσικὸν
1679 5157 1860 5209 κρειτ-

266 5229 405 5281 τοῦν
437 5230 576 5281 κατά
617 5229 776 5297 φύσιν
813 5233 870 5282 ὲν
901 5234 965 5300 τῇ
1007 5231 1136 5300 ἁγίᾳ
1165 5229 1330 5283 αὑτοῦ
1360 5229 1653 5284 ἀναστάσει
1698 5232 1857 5298 φατὲ,

268 5319 507 5372 αὐτόθεν
544 5322 673 5388 ἡμῖν
703 5321 812 5372 ἰδοὺ
837 5321 934 5382 τὰς
964 5321 1060 5373 δύο
1093 5321 1282 5388 φύσεις
1308 5322 1739 5390 συνομολογεῐτεο
1767 5325 1862 5374 καί

269 5411 602 5478 εὐχαριστία
635 5410 711 5478 τῷ
760 5410 926 5478 κοινῷ
985 5412 1158 5478 Πατρὶ
1212 5413 1303 5463 ἐπὶ
1350 5413 1416 5480 τῇ
1456 5411 1563 5465 τῶν
1613 5413 1862 5480 ἀδελφῶν

271 5499 412 5568 ὑγίᾳ
441 5501 727 5567 ἀπολήψει.

353 5600 405 5644 ι’.
452 5593 514 5644 Οἱ
543 5595 752 5663 ἐπινοίᾳ
784 5595 947 5662 μόνον
969 5594 1100 5661 ὁρᾷν
1130 5593 1431 5659 φάσκοντες
1459 5594 1521 5646 τὸ
1545 5594 1721 5648 διττὸν
1749 5596 1859 5648 τῶν

272 5685 498 5754 φύσεων
533 5686 622 5736 ἐπὶ
660 5683 901 5754 Χριστοῦ
954 5684 1092 5752 μετά
1141 5685 1242 5751 τὴν
1295 5684 1510 5748 ἕνωσιν,
1544 5686 1857 5753 λεγέτωσαν

271 5780 411 5846 ἧμιν
443 5778 536 5845 τὴν
571 5776 802 5847 φυσικὴν
843 5775 1111 5843 διαφορὰν
1143 5775 1236 5826 τοῦ
1270 5775 1501 5843 ἀοράτου
1537 5779 1629 5828 καὶ
1660 5781 1856 5845 ὀρσιτοῦ

1957 3508 2101 3560 inter
2137 3505 2487 3560 ineunfusum
2512 3514 2567 3559 et
2597 3504 2981 3560 confusionem
3011 3507 3327 3562 dillerentia
3359 3511 3410 3563 in
3438 3528 3536 3564 na-

1959 3606 2205 3650 turarum
2273 3598 2608 3651 adunatione
2656 3598 2839 3650 dicere
2910 3610 3212 3668 cogentur;
3273 3613 3437 3670 atque
3491 3607 3535 3656 si

1958 3688 2199 3742 dixerint
2223 3687 2351 3757 quia
2400 3702 2506 3739 non
2548 3685 2864 3747 miscemus,
2919 3689 3052 3756 quid
3098 3690 3348 3758 amplius
3389 3691 3539 3746 dicet

1959 3780 2054 3847 qui
2081 3779 2156 3832 ait
2181 3779 2536 3832 mistionem?
2561 3778 2756 3831 Dicant
2783 3779 2931 3832 enim
2953 3789 3006 3833 et
3039 3781 3380 3835 Nestorianis
3402 3783 3541 3836 duas

1961 3871 2281 3941 hypostases
2311 3870 2505 3923 dicunt
2532 3879 2587 3922 et
2617 3871 2840 3938 impune
2877 3872 3185 3926 vociferant
3222 3891 3233 3925 :
3267 3874 3396 3940 quia
3426 3889 3536 3928 non

1961 3963 2274 4024 dividimus,
2312 3962 2365 4014 id
2401 3962 2677 4026 dicimus;
2733 3964 2861 4032 quia
2895 3964 3027 4032 quid
3070 3966 3217 4018 enim
3246 3966 3397 4018 aliud
3439 3981 3538 4019 ex-

1962 4065 2130 4124 ponet
2161 4054 2588 4108 deﬁnitionem?
2614 4055 2862 4123 Namque
2893 4071 3003 4106 non
3034 4057 3195 4110 aliter
3226 4067 3352 4109 sunt
3381 4061 3539 4127 peni-

1965 4157 2054 4198 tus
2081 4144 2406 4204 indistincte
2449 4144 2776 4212 composita,
2810 4160 2976 4211 quam
3012 4144 3081 4198 de
3110 4147 3314 4212 quibus
3344 4147 3540 4201 dicen-

1963 4236 2091 4289 dum
2117 4236 2190 4289 sit
2213 4243 2426 4288 naturae
2452 4251 2614 4288 unam
2652 4236 2990 4307 hypostasim
3017 4252 3160 4300 esse,
3185 4253 3286 4289 nec
3319 4240 3542 4305 penitus

1963 4329 2226 4383 distincta
2256 4342 2421 4397 quam
2453 4327 2520 4378 de
2553 4327 2760 4394 quibus
2792 4325 3088 4380 dicendum
3121 4328 3190 4380 sit
3215 4327 3352 4381 duas
3379 4340 3542 4383 natu-

1966 4436 2053 4473 ras
2084 4428 2139 4472 et
2171 4418 2496 4488 hypostases
2521 4431 2666 4469 esse.

2035 4525 2086 4578 9.
2143 4522 2198 4576 Si
2229 4521 2444 4574 Domini
2479 4521 2653 4574 nostri
2697 4521 2900 4575 Christi
2933 4538 3040 4576 una
3071 4533 3266 4576 natura
3295 4535 3417 4594 post
3443 4528 3542 4580 ad-

1967 4610 2284 4663 unationem
2309 4649 2321 4671 ,
2347 4609 2598 4662 dicamus
2629 4608 2695 4660 ad
2721 4609 2842 4662 illos
2876 4628 2889 4662 :
2921 4609 3061 4680 Ergo
3115 4612 3310 4679 dicite,
3345 4631 3378 4668 o
3413 4631 3541 4681 vos,

1889 4722 1940 4779 D
1969 4700 2244 4754 meliorari
2284 4699 2522 4766 quodam
2553 4698 2715 4753 modo
2744 4699 2892 4753 illam
2930 4705 3099 4755 tutam
3134 4715 3259 4772 post
3289 4717 3539 4760 sanctam

1966 4791 2083 4858 ejus
2139 4789 2603 4841 resurrectionem
2653 4799 2745 4843 aut
2790 4791 2942 4843 non?
2975 4801 3069 4844 aut
3113 4800 3284 4848 totam
3318 4799 3543 4867 quidem

1966 4896 2096 4940 non,
2139 4896 2260 4934 esse
2295 4895 2429 4933 vero
2461 4880 2593 4948 quid
2628 4881 2836 4934 dicitur
2875 4883 2926 4936 in
2956 4884 3072 4954 ipsa
3102 4888 3318 4942 Domini
3358 4907 3544 4944 resur-

1966 4971 2208 5024 rectione
2235 4969 2608 5033 melioratum,
2635 4981 2690 5024 et
2717 4972 2864 5025 aliud
2902 4990 3008 5028 non
3063 4980 3410 5033 melioratum
3436 4984 3456 5035 ξ’
3490 4987 3544 5036 Si

1961 5075 2092 5129 ergo
2122 5059 2346 5128 quidem
2385 5074 2506 5112 esse
2544 5060 2852 5128 perfectum
2899 5072 2955 5115 et
2996 5068 3249 5119 naturale
3290 5071 3548 5124 meliora-

1968 5161 2080 5204 tum
2127 5151 2432 5203 secundum
2477 5161 2755 5216 naturam,
2803 5162 2856 5206 et
2904 5155 3071 5207 alium
3106 5158 3410 5225 perfectum
3447 5179 3548 5214 na-

1966 5244 2140 5297 turale
2199 5244 2582 5297 meliorantem
2628 5243 2681 5296 in
2731 5254 2919 5298 sancta
2965 5247 3084 5314 ejus
3133 5255 3544 5306 resurrectimn-

1965 5336 2174 5397 dieitis,
2215 5335 2343 5388 inde
2371 5335 2532 5403 nobis
2562 5351 2691 5389 ecce
2730 5336 2866 5389 duas
2905 5337 3024 5390 illas
3055 5351 3285 5395 naturas
3310 5346 3545 5397 conﬁtc-

1969 5427 2130 5490 mini;
2177 5435 2234 5479 et
2277 5427 2465 5496 gratia:
2512 5430 2792 5481 communi
2840 5429 2986 5482 Patri
3025 5431 3092 5483 de
3131 5434 3363 5490 fratrum
3410 5455 3546 5491 sano»

1968 5519 2146 5571 reditu
2181 5527 2432 5587 agentur.

2041 5606 2126 5660 10.
2166 5606 2267 5670 Qui
2296 5607 2625 5674 cogitatione
2659 5617 2871 5662 tantum
2897 5619 3221 5668 naturarum
3254 5617 3546 5686 duplicita-

1969 5701 2078 5754 tem
2117 5692 2472 5746 considerare
2505 5695 2698 5746 dicunt
2740 5695 2793 5748 in
2829 5696 3054 5754 Christo
3097 5716 3222 5771 post
3259 5706 3549 5760 adunati».

1965 5796 2115 5840 nent,
2144 5780 2304 5832 nobis
2332 5781 2401 5849 ph
2443 5784 2611 5834 sicani
2637 5782 3008 5843 differentiam
3034 5792 3221 5848 dicant
3250 5795 3546 5851 invisi-bili;
