4102 6462
660 394 801 458 Ἴτ’ῖῆ

1891 398 2201 457 LEONTII
2244 397 2645 458 ΒΥΖᾹΝἸΊΝΙ

3796 393 3917 463 7'78

663 518 718 563 ιιι
756 509 992 565 visibilis
1020 518 1075 562 in
1100 508 1342 573 Christo,
1365 508 1693 579 cogitatione
1723 510 1906 564 sciunt
1937 525 2003 565 an
2034 510 2225 565 aliter?

2332 513 2390 564 ἐν
2422 511 2667 581 Χριστῷ,
2716 511 2932 583 ἐπινοίᾳ
2969 510 3155 565 ίσασιν⁷
3185 511 3298 566 ἀλλ’
3322 512 3564 582 ἐτέρωςς
3596 513 3660 566 El
3687 515 3786 584 μὲν
3817 510 3919 569 οὖν

666 601 720 655 Si
752 596 883 670 ergo
919 599 1141 670 quidem
1171 600 1362 655 eadem
1390 600 1724 670 cogitatione
1751 610 1817 674 .et
1851 601 2224 655 diﬂ'erentiam

665 693 846 745 sciunt
884 692 1164 763 physicam
1193 692 1246 744 in
1272 689 1489 755 eodem,
1521 690 1665 744 sicut
1693 689 1837 746 hanc
1866 692 2224 756 conﬁtentur,

664 794 715 837 et
748 784 898 837 illam
928 791 1193 854 cogentur
1219 801 1234 848 ;
1270 792 1364 837 aut
1394 783 1440 837 si
1473 783 1687 851 plasma
1730 792 1815 837 est
1847 782 1973 848 illa,
1999 792 2054 837 et
2084 784 2228 837 hanc

664 877 744 929 sic
773 890 894 930 esse
935 865 1145 939 dicent.
1171 873 1255 928 —Si
1286 888 1422 929 vero
1449 874 1843 928 differentiam
1866 888 1976 927 non
2020 874 2229 945 cogita-

667 966 814 1019 tione
841 964 934 1042 sed
962 965 1219 1019 sensibus
1241 963 1595 1021 considerare
1629 964 1686 1018 in
1710 964 1815 1019 hac
1844 964 2107 1031 dixerint,
2139 964 2227 1019 in-

664 1057 880 1111 visibile
917 1071 1016 1125 per
1054 1070 1248 1110 sensus
1280 1055 1472 1113 videre
1510 1053 1873 1118 aﬂirmantes,
1908 1055 2230 1112 admiratio-

665 1162 787 1200 nem
818 1146 1213 1216 provocabunt.
1239 1145 1295 1199 Si
1319 1136 1454 1200 véro
1477 1146 1809 1215 cogitatione
1832 1146 1994 1199 ambo
2014 1137 2225 1211 vident,

663 1238 758 1293 sed
790 1236 1160 1292 differentiam
1189 1236 1413 1306 quidem
1445 1244 1562 1291 arte
1591 1236 1874 1307 iudicandi
1910 1236 1980 1291 de
2005 1235 2229 1291 entibus

661 1339 719 1383 et
746 1328 1099 1398 concipiendi
1127 1328 1196 1383 de
1220 1328 1390 1382 rebus
1411 1342 1579 1396 supra
1606 1342 1823 1393 sensus,
1847 1327 2226 1397 duplicitatem

664 1428 959 1475 vero'arte
1022 1417 1367 1488 excogitandi
1406 1418 1474 1499 de
1520 1417 1697 1499 rebus,
1731 1432 1853 1488 qua
1896 1429 2007 1472 non
2067 1426 2224 1484 sunt;

660 1510 840 1579 primo
870 1509 1091 1579 quidem
1126 1526 1226 1563 cur
1252 1524 1362 1563 non
1395 1518 1451 1563 et
1488 1508 1679 1563 decem
1703 1518 1768 1563 et
1819 1510 2013 1579 viginti
2038 1517 2097 1564 et
2129 1510 2229 1565 tri-

659 1605 815 1671 ginta
874 1612 1101 1655 naturas
1150 1600 1407 1670 ﬁngimus
1443 1598 1499 1653 iu
1541 1598 1787 1665 Christo,
1817 1599 1912 1655 sed
1939 1598 2074 1654 duas
2103 1609 2227 1655 tan~

662 1695 813 1748 tum?
841 1694 973 1760 Quis
997 1709 1131 1748 vero
1156 1693 1339 1761 legem
1351 1691 1513 1751 dedit
1536 1692 1697 1746 nobis
1719 1691 1975 1747 fictiones
1998 1692 2225 1763 dogma-

666 1788 843 1840 tizare
885 1786 953 1839 de
1006 1785 1234 1840 Christo
1276 1797 1407 1838 vero
1451 1783 1591 1847 Deo,
1635 1790 1691 1837 et
1735 1783 2044 1852 phantasiis
2092 1783 2227 1840 solis

660 1878 863 1932 auferri
896 1876 1094 1931 ﬁdem?
1118 1875 1459 1929 ldololatram
1488 1889 1629 1938 esse,
1670 1889 1779 1929 non
1807 1875 1877 1930 ab
1909 1884 2091 1941 extra,
2130 1876 2226 1931 sed
2253 1853 2300 1912 Β

662 1971 715 2022 iu
762 1968 876 2036 ipsa
924 1967 1104 2020 anima
1144 1974 1331 2019 nostra
1369 1980 1491 2034 quae
1544 1980 1653 2019 non
1698 1974 1830 2019 sunt
1868 1963 2225 2041 eﬂingentes',

660 2060 862 2113 deinde
897 2056 1287 2127 mythologiam
1332 2055 1437 2109 hoc
1466 2055 1763 2112 otl‘erentes
1805 2056 2070 2126 reliquis?
2105 2059 2230 2113 Haec

659 2142 808 2199 enim
862 2145 1026 2208 data,
1074 2152 1191 2196 tum
1235 2158 1401 2196 omne
1446 2142 1668 2211 pietatis
1714 2146 2069 2214 mysterium.
2114 2154 2227 2199 tum

661 2237 951 2307 magistros
984 2249 1177 2288 omnes
1214 2234 1377 2288 simul
1410 2250 1516 2287 una
1545 2234 1837 2303 opinione,
1871 2236 2227 2292 instabilitate

661 2326 931 2379 mendacii
983 2324 1283 2378 laccrantia
1326 2324 1641 2378 destruunt.
1709 2326 1904 2381 Adhuc
1948 2338 2001 2382 et
2045 2328 2229 2382 dicant

661 2416 823 2469 nobis
857 2430 985 2467 vere
1018 2415 1064 2467 si
1108 2414 1274 2483 igitur
1318 2414 1619 2481 secundum
1666 2416 1807 2472 hanc
1838 2419 2227 2488 cogitationem

660 2505 964 2559 secundum
992 2519 1154 2573 quam
1184 2506 1324 2558 duas
1352 2504 1545 2559 dicunt
1581 2515 1827 2571 naturas,
1852 2508 1982 2563 licet
2010 2510 2226 2565 cuidam

660 2599 881 2650 Patrum
940 2606 1036 2649 aut
1096 2599 1470 2664 apostolorum
1523 2597 1710 2652 dicere
1760 2598 1949 2654 decem
2006 2611 2231 2656 naturas

660 2687 902 2749 Christi,
931 2694 1025 2739 aut
1075 2687 1472 2757 quinquaginta
1497 2728 1511 2750 ,
1564 2697 1658 2741 aut
1698 2690 1927 2744 cuilibet
1963 2694 2133 2746 vere?
2172 2693 2228 2748 Si

661 2769 808 2827 enim
853 2774 1049 2827 liceret
1087 2790 1216 2827 vere
1269 2774 1485 2836 dicere,
1530 2776 1661 2844 quid
1698 2792 1809 2830 non
1842 2777 2099 2833 dicebant
2132 2796 2229 2835 ve-

661 2864 827 2917 rum?
858 2863 925 2915 Et
971 2871 1121 2916 certe
1165 2863 1269 2915 hoc
1313 2863 1721 2931 antiquitus-in
1756 2881 2049 2929 sermone,
2092 2878 2229 2937 quot

658 2958 843 3009 erunt'
874 2953 1078 3006 Christi
1130 2952 1383 3007 naturaz?
1430 2952 1486 3006 Si
1542 2964 1729 3008 autem
1772 2970 1881 3009 non
1930 2957 2040 3011 sint
2086 2959 2225 3012 ultra

2328 606 2393 674 τῇ
2423 604 2558 674 αὐτῇ
2592 605 2803 675 ἐπινοίᾳ
2852 604 2947 657 καὶ
2973 602 3071 675 τὴν
3100 602 3365 676 διαφοραίν
3416 606 3563 658 ἴσασι
3606 604 3708 677 τὴν
3747 622 3919 675 φυσι-

2334 695 2435 764 κὴν
2477 696 2537 747 ὲν
2563 693 2639 764 τῷ
2673 695 2840 766 αὐτῷ,
2876 694 3068 766 ὥσπερ
3099 692 3307 765 ταύτην
3329 695 3673 767 ὁμολογοῦσι,
3707 698 3905 750 κάκείε

2332 803 2431 854 νην
2472 786 3018 857 ἀναγκασθήσονται⁸
3053 786 3085 855 ἢ
3139 787 3189 839 cl
3221 785 3449 856 πλάσμα
3493 786 3647 839 ἐστὶν
3694 778 3919 857 ἐκείνη,

2334 878 2429 929 καὶ⁸
2450 876 2659 947 ταύτην
2681 876 2855 941 οῦτως
2886 876 3030 948 ἔχειν
3057 876 3319 943 λίξονται·
3353 878 3403 930 εί
3434 876 3491 929 δέ
3516 876 3615 947 τὴν
3637 876 3921 948 διαφορὰν

2328 967 2428 1020 οὐκ
2478 968 2716 1040 ἐπινοίᾳ,
2748 967 2865 1021 ἀλλ’
2919 967 3169 1037 αἰσθήσει
3217 968 3351 1038 όρᾷν
3400 968 3538 1039 αὐτῇ
3591 967 3821 1029 εἴποιεν,
3857 968 3923 1021 τὸ

2331 1058 2564 1129 ἀόρατον
2596 1057 2870 1129 αἰσθητῶς
2898 1058 3031 1129 όρᾷν
3059 1056 3555 1123 διασιδαιούμενοι,
3592 1056 3921 1126 θαυμασθή·

2330 1165 2538 1202 σονταυ
2572 1150 2623 1203 εί
2668 1148 2727 1203 δέ
2764 1150 2978 1221 ἐπινοίᾳ
3031 1148 3129 1218 μέν
3154 1149 3341 1219 ιάμφω
3384 1148 3601 1218 ὁρῶσιν,
3636 1147 3773 1201 ἀλλά
3810 1147 3922 1213 τὴν

2331 1236 2430 1309 μιν
2457 1237 2722 1308 διαφορὰν
2760 1240 2826 1308 τῇ
2859 1237 2966 1289 τῶν
2996 1238 3166 1292 ὄντων
3233 1226 3454 1309 κριτικῇ
3497 1237 3597 1291 καὶ·
3624 1236 3733 1290 τῶν
3766 1235 3919 1307 ὑπὲρ

2327 1329 2580 1400 αἴσθησιν
2604 1329 3005 1400 καταληπτικῇ,
3036 1329 3137 1398 τὴν
3179 1328 3238 1383 δὲ
3274 1329 3442 1382 δυάδα
3468 1331 3533 1399 τῇ
3558 1327 3666 1383 τῶν
3698 1328 3773 1398 μὴ
3814 1318 3912 1381 ὄνε-

2324 1436 2435 1473 των
2478 1420 2884 1491 ἀναπλαστικῇ,
2926 1418 3120 1491 πρῶτα
3164 1418 3267 1489 μέν
3292 1419 3344 1471 τί
3381 1418 3456 1489 μὴ
3498 1419 3593 1471 καὶ
3629 1417 3765 1472 δέκα
3811 1420 3921 1473 καὶ

2327 1512 2500 1566 εἰκοσι
2534 1512 2631 1565 καὶ
2673 1511 2967 1583 τριάκοντα
3000 1511 3190 1579 φύσεις
3218 1510 3633 1580 ἀναπλάττομεν
3661 1509 3917 1580 Χριστῷ,

2326 1602 2462 1655 ἀλλά
2489 1600 2580 1656 δύο
2612 1603 2801 1673 μόνον;
2844 1601 2927 1666 τίς
2947 1602 3022 1667 ¹δὲ
3048 1602 3142 1654 καὶ
3177 1600 3574 1671 ἐνομοθέτησεν
3605 1600 3740 1670 ἡμῖν
3770 1600 3919 1654 πλά-

2330 1707 2513 1764 σματα
2543 1693 2893 1763 δογματίζειν
2935 1694 3026 1745 ἐπὶ
3055 1693 3292 1763 Χριστοῦ
3318 1690 3413 1744 τοῦ
3445 1690 3702 1759 ἀληθινοῦ
3739 1690 3916 1751 Θεοῦ.

2328 1786 2423 1837 καὶ
2462 1785 2789 1857 φαντασίαις
2822 1784 3013 1854 μόναις
3061 1778 3465 1851 ἀπαιωρείσθαι
3519 1783 3620 1850 τὴν
3676 1780 3913 1841 πίστιν;

2329 1874 2736 1945 εἰδωλολατρεῖν
2767 1873 2823 1929 δὲ
2843 1867 2943 1928 οῦκ
2976 1872 3174 1938 ἔξωθέν
3198 1864 3342 1937 πως,
3370 1872 3483 1926 ἀλλ’
3508 1874 3565 1925 ἐν
3587 1872 3722 1943 αὐτῇ
3750 1873 3919 1941 ἡμῶν

2313 1968 2393 2036 ’τῇ
2423 1965 2593 2036 ψυχῇ,
2626 1965 2696 2018 τὰ
2736 1966 2809 2035 μὴ
2842 1964 2969 2018 δντα
3007 1964 3496 2033 ἀναπλαστοῦντας.
3530 1958 3648 2016 εἶτα
3676 1964 3771 2023 καὶ
3804 1981 3914 2032 μυο

2329 2057 2685 2125 θολογοῦντας
2716 2058 2856 2111 αὐτὰ
2903 2060 3015 2119 τοῖς
3066 2056 3307 2121 λοιποῖς;
3340 2057 3512 2111 ταῦτα
3541 2050 3653 2129 ἱγὰρ
3683 2058 3915 2111 δοθέντα

2329 2149 2441 2199 πᾶν
2483 2164 2537 2200 τε
2567 2149 2627 2201 τὸ
2655 2148 2756 2217 τῆς
2785 2147 3069 2211 εὐσεϐείας
3114 2150 3432 2219 μυστήριον,
3477 2150 3569 2217 καὶ
3612 2150 3738 2211 τοὺς
3761 2146 3916 2202 8.6a-

2329 2239 2559 2300 σκάλους
2588 2232 2796 2309 πάντας
2827 2237 2943 2307 ἅμα
2988 2239 3085 2309 μιᾷ
3141 2239 3409 2308 προλήψει
3444 2242 3509 2309 τῇ
3541 2238 3633 2298 τοῦ
3670 2239 3917 2309 ψεύδους

2326 2323 2679 2392 ἀόεὸαιότητι
2706 2324 3038 2395 διασύραντα
3079 2326 3472 2395 καταστρέφει.
3504 2323 3623 2379 Ἔτι
3656 2326 3712 2379 δέ
3746 2324 3912 2393 λεγέ-

2326 2432 2507 2467 τωσαν
2542 2415 2671 2483 ἡμῖν
2698 2414 2885 2477 ὅντως,
2922 2410 2969 2466 εὶ
2993 2413 3103 2481 ἀρα
3117 2430 3179 2481 γε
3208 2414 3350 2467 κατά
3378 2413 3582 2482 ταύτην
3605 2413 3776 2482 αὐτὴν
3804 2412 3919 2483 τὴν

2327 2504 2595 2569 ἐπίνοιαν,
2630 2505 2754 2558 καθ’
2784 2505 2852 2574 ἦν
2885 2504 2980 2557 δῦο
3025 2506 3156 2572 φασὶ
3203 2504 3300 2567 τὰς
3332 2504 3543 2572 φύσεις,
3586 2502 3766 2569 ἒξεστί
3792 2521 3909 2557 τινι

2327 2592 2591 2663 Πατέρων
2632 2593 2664 2662 ἢ
2692 2592 3008 2647 ἀποστόλων
3040 2596 3215 2648 εἰπεῖν
3252 2595 3384 2649 δέκα
3415 2595 3514 2659 τὰς
3544 2594 3735 2665 φύσεις
3759 2596 3905 2667 Χρι-

2330 2679 2476 2741 στοῦ,
2511 2680 2543 2749 ἦ
2594 2681 2953 2751 πεντήκοντα,
2990 2682 3021 2750 ἢ
3071 2681 3245 2735 οὐδενὶ
3293 2681 3531 2751 ἀληθῶς.
3571 2684 3631 2736 El
3662 2682 3763 2752 μὲν
3793 2682 3914 2753 γὰρ

2328 2768 2454 2837 ἐξῆν
2487 2768 2701 2836 ἀληθῶς
2736 2770 2929 2831 εἰπεῖν,
2962 2772 3012 2823 τί
3044 2772 3117 2841 μὴ
3144 2772 3350 2840 ἔφασαν
3393 2773 3659 2843 τάληθέςς
3721 2773 3949 2827 unitos"

2326 2861 2518 2914 τούτου
2547 2861 2884 2932 ζητουμένου
2913 2863 3098 2931 πάλαι,
3130 2866 3296 2919 πόσαι
3330 2865 3397 2919 ἂν
3432 2862 3540 2920 εἷεν
3578 2868 3819 2937 Χριστοῦ
3849 2869 3910 2919 αί

2328 2952 2539 3021 φύσεις.
2586 2953 2649 3005 El
2713 2953 2768 3005 δὲ
2807 2954 2880 3023 μὴ
2913 2953 3058 3007 ἔστιν
3088 2954 3232 3026 ὑπὲρ
3255 2956 3355 3020 τὰς
3386 2955 3482 3010 δύο
3531 2956 3745 3027 ἀληθῶς
3779 2958 3909 3010 ἐπι-

660 3048 801 3101 duas
834 3062 963 3105 vere
1010 3044 1387 3115 excogitanda:
1431 3054 1640 3099 natura:
1689 3046 1742 3099 in
1784 3045 2035 3111 Christo,
2077 3056 2225 3117 patet

2330 3042 2523 3109 νοῆσαι
2556 3044 2656 3105 τὰς
2694 3043 2883 3110 φύσεις
2915 3045 3173 3115 Χριστοῦ,
3200 3042 3357 3115 δῆλον
3400 3045 3476 3109 ὡς
3514 3046 3606 3099 τοῦ
3642 3050 3911 3116 πράγμα-

660 3137 806 3206 quod
839 3152 927 3191 res
958 3152 1128 3203 usque
1159 3137 1226 3190 ad
1262 3135 1411 3188 hunc
1440 3137 1820 3191 numerum‘in
1854 3139 2084 3193 veritate
2110 3150 2223 3203 est;

2332 3150 2420 3194 τος
2448 3132 2547 3202 τὴν
2572 3133 2830 3203 ἀλήθειαν
2854 3136 2959 3198 ἕως
2998 3135 3150 3189 τοῦδε
3175 3137 3268 3190 τοῦ
3298 3138 3533 3207 ἀριθμοῦ
3564 3138 3802 3208 ἔχοντος.
3838 3141 3911 3195 Ei

660 3230 703 3283 si
732 3245 861 3283 vero
894 3227 960 3280 ile
1005 3243 1063 3281 re
1097 3236 1151 3281 et
1190 3226 1423 3282 veritate
1473 3228 1735 3295 cogitatio
1757 3239 1875 3293 est,
1918 3229 2049 3297 quid
2096 3235 2225 3299 ergo

2329 3225 2384 3278 δὲ
2431 3226 2716 3297 πράγματι
2765 3228 2859 3279 καὶ
2887 3225 3116 3297 ἀληθείᾳ
3145 3229 3512 3298 ἐπινενόηται,
3545 3230 3598 3283 τί
3625 3225 3719 3283 οῦν
3768 3233 3911 3284 ἀνα-

662 3322 845 3379 lictive
902 3319 1176 3388 cogitatur
1223 3327 1280 3373 et
1321 3318 1668 3373 mendaciter
1709 3312 2080 3389 confingitur?
2127 3322 2225 3375 Per

2331 3316 2643 3379 πλαστικῶς
2672 3317 2922 3385 νενόηται
2947 3319 3041 3370 καὶ
3062 3319 3439 3386 πεφὰντασται
3460 3318 3699 3389 ψευδῶςς
3727 3320 3913 3392 τούτῳ

660 3414 765 3467 huc
798 3412 944 3465 enim
976 3410 1403 3464 discernendum
1433 3409 1762 3479 simpliciter
1788 3410 1856 3465 de
1886 3413 2225 3481 cogitationi-

2330 3408 2439 3477 γὰρ
2472 3406 2779 3476 διακριτέον
2810 3407 2995 3471 ἀπλῶς
3032 3409 3131 3472 τὰς
3158 3410 3423 3475 ἐπινοίας,
3454 3411 3536 3463 ὅτι
3575 3412 3606 3481 ἡ
3643 3412 3737 3480 μὲν
3767 3413 3909 3481 ἀληο

661 3505 784 3565 bus,
826 3501 975 3571 quod
1020 3516 1145 3555 vera
1172 3500 1398 3569 quidem
1439 3500 1511 3555 de
1553 3502 1949 3556 exsistentibus
1980 3505 2225 3558 nascitur

2330 3498 2427 3567 θὴς
2470 3499 2574 3550 ὑπὸ
2616 3498 2725 3551 τῶν
2761 3496 2933 3551 όντων
2964 3502 3220 3570 γεννᾶται
3252 3502 3406 3570 ἡμῖν,
3447 3504 3480 3572 ἠ
3514 3503 3568 3556 δὲ
3592 3502 3795 3572 ψευδὴς
3833 3506 3911 3557 τὰ

660 3594 849 3654 nobis,
880 3589 1116 3644 mendax
1146 3603 1279 3642 vero
1303 3588 1372 3642 de
1410 3604 1519 3642 non
1547 3590 1944 3645 exsistentibus
1980 3593 2225 3647 nascitur

2332 3588 2406 3658 μὴ
2441 3588 2566 3641 ὅντα
2613 3593 2779 3659 γεννᾷ
2819 3591 2875 3641 ἐν
2908 3590 3056 3659 ἡμῖν.
3112 3589 3264 3644 Εἰσὶν
3309 3590 3401 3645 οὖν
3439 3592 3655 3663 ἀληθῶς
3698 3593 3792 3649 δύο
3833 3599 3910 3665 τῇ

662 3686 715 3737 in
758 3683 917 3743 nobis
948 3698 958 3727 τ
996 3690 1127 3735 sunt
1162 3696 1295 3749 ergo
1332 3695 1464 3733 vere
1504 3681 1837 3748 cogitatione
1874 3682 1995 3736 duae
2024 3682 2225 3739 Christi

2328 3681 2543 3754 ἐπινοίᾳ
2586 3684 2644 3735 ai
2696 3684 2888 3750 φύσεις
2922 3683 3183 3753 Χριστοῦ
3219 3687 3314 3739 καὶ
3344 3686 3450 3757 γὰρ
3500 3688 3595 3741 καὶ
3622 3690 3909 3758 ἡνωμέναι

2325 3778 2390 3846 τῇ
2427 3775 2641 3847 ἐπινοίᾳ
2674 3774 2830 3846 ἡμῶν
2864 3776 2968 3829 eici.
2998 3776 3271 3847 Οεωρηταὶ
3300 3778 3482 3848 μόνον·
3514 3779 3573 3832 τδ
3600 3778 3709 3851 γὰρ
3735 3780 3904 3847 φύσει

2326 3866 2574 3935 ἀόρατον,
2611 3865 2718 3919 οὐδ’
2751 3867 2833 3919 ὃτι
2865 3858 3071 3934 ἥνωταί
3099 3885 3205 3920 τινι
3236 3868 3455 3939 ὁρατὸν,
3499 3873 3547 3924 εί
3581 3871 3655 3941 μῂ
3685 3873 3751 3940 τῇ
3778 3871 3907 3925 ἐπι-

661 3784 871 3826 naturae
896 3771 1139 3838 :_etcnim
1172 3778 1227 3821 et
1264 3768 1523 3825 adunatte
1557 3771 1609 3823 in
1644 3771 1983 3840 cogitatione
2038 3783 2224 3829 nostra

660 3870 790 3916 sunt
829 3858 1257 3927 conspectabilia
1318 3867 1528 3912 tantum
1579 3878 1592 3913 :
1652 3860 1798 3929 quod
1852 3862 1997 3915 enim
2031 3872 2224 3918 natura

658 3949 964 4013 invisibile,
1001 3946 1267 4016 nonquia
1305 3947 1493 4001 unitur
1539 3948 1705 4003 alicui
1753 3950 1831 4003 rei
1864 3950 2088 4017 visibili,
2118 3952 2223 4007 nisi

659 4038 1043 4109 cogitatione;
1089 4036 1185 4091 sed
1235 4036 1458 4105 quando
1503 4037 1726 4106 quidem
1770 4038 1931 4093 simul
1983 4041 2223 4110 cogitare

656 4129 833 4197 plura,
852 4136 907 4180 et
931 4127 999 4179 de
1030 4124 1283 4193 pluribus
1308 4139 1467 4178 sensa
1500 4141 1655 4197 tuens
1675 4136 1859 4181 nostra
1887 4144 1994 4183 non
2022 4139 2222 4199 potest,

656 4213 971 4270 necessario
1001 4221 1055 4267 et
1084 4210 1482 4265 adunationem
1508 4211 1823 4266 dividentes
1845 4214 1913 4267 ab
1944 4214 2221 4283 adunatis,

656 4308 711 4361 in
736 4304 1039 4377 iudicando
1073 4303 1552 4375 adunationemet
1577 4304 1835 4369 adunata,
1859 4306 2108 4362 videmus
2140 4308 2224 4362 di-

654 4408 873 4446 versum
903 4392 1169 4460 cujusque
1200 4393 1512 4444 sermonem
1537 4406 1551 4455 ;
1583 4397 1637 4443 et
1660 4390 2022 4446 adunatorum
2048 4394 2224 4465 quod-

2326 3956 2463 4024 νοίᾳο
2501 3956 2613 4009 ἀλλ’
2647 3957 2768 4009 ἐπεὶ
2812 3956 2929 4025 ἅμα
2956 3959 3096 4009 νοεῖν
3128 3958 3377 4024 πλείονα,
3418 3959 3514 4015 καὶ
3558 3962 3689 4029 περὶ
3718 3961 3908 4017 πλειό-

2325 4064 2431 4099 νων
2457 4048 2704 4116 νοήματα
2745 4047 2772 4097 ό
2808 4047 2933 4111 νοῦς
2962 4047 3117 4132 ἡμῶν
3165 4050 3226 4102 οὒ
3280 4049 3523 4114 δύναται,
3583 4036 3905 4121 ἀναγκαίως
3948 4122 3957 4133 .

2324 4138 2417 4190 καὶ
2446 4137 2543 4205 τὴν
2570 4136 2762 4190 ἕνωσιν
2809 4138 3317 4203 ἀποδιαστέλλοντες
3346 4142 3456 4193 τῶν
3486 4143 3804 4211 ἡνωμένων,
3837 4145 3911 4198 ὲν

2323 4225 2399 4294 τῷ
2425 4223 2630 4295 κρίνειν
2659 4225 2853 4283 ἕνωσιν
2886 4227 2978 4277 καὶ
3008 4228 3260 4297 ἡνωμένα
3278 4269 3297 4295 ,
3339 4230 3557 4301 δρῶμεν
3590 4230 3680 4282 τὸν
3708 4231 3899 4301 διάφο-

2327 4331 2417 4385 ρον
2446 4314 2677 4367 ἐκάστου
2708 4314 2890 4382 λόγον*
2921 4315 3013 4368 καὶ
3049 4316 3157 4370 τῶν
3198 4298 3747 4389 ἡνωμένωνέκαστον
3772 4298 3904 4374 κατ⁴

2327 4408 2461 4461 ίδίαν
2492 4407 2843 4473 σκοποῦντες,
2894 4412 3021 4462 ποῖα
3065 4412 3161 4463 καὶ
3195 4415 3319 4465 ποῖα
3353 4412 3463 4482 ἔχει
3496 4414 3605 4466 ῐδια
3634 4414 3902 4485 γνωρίζο-

654 4500 772 4554 que,
804 4481 1112 4537 secundum
1158 4480 1550 4549 proprietatem
1609 4481 2055 4549 considerantes,
2098 4501 2219 4555 qua:

2326 4514 2445 4565 μεν·
2478 4499 2525 4550 εί
2546 4498 2653 4570 γὰρ
2686 4498 2762 4571 μὴ
2788 4498 2961 4563 οὕτως
2988 4503 3223 4571 γνῶμεν.
3254 4480 3504 4572 οὺδέίτὴν
3522 4480 3713 4558 ἕνωσιν
3742 4480 3903 4560 νοοῦ-

653 4585 709 4629 et
738 4588 860 4643 quae
897 4572 1063 4625 habet
1104 4569 1325 4640 propria
1357 4570 1671 4636 noscimus;
1722 4572 1766 4626 si
1804 4574 1951 4627 enirn
1989 4591 2097 4630 non
2139 4577 2218 4630 sic

653 4662 1070 4733 cognoscimus,
1100 4675 1210 4714 non
1239 4661 1630 4716 adunatiouem
1660 4663 2015 4735 intelligimus
2040 4684 2055 4730 ;
2102 4667 2217 4737 ipsa

652 4756 800 4809 enim
835 4768 930 4823 per
953 4760 1199 4807 mutuam
1227 4754 1630 4823 proprietatum
1666 4757 2217 4814 communica'ionem

652 4845 1031 4913 conspicitur;
1078 4843 1243 4897 simul
1285 4859 1417 4897 vero
1468 4842 1664 4901 cuncta
1716 4846 1953 4901 adunata
1998 4857 2054 4903 et
2096 4865 2222 4919 pro-

654 4934 924 5002 prietates
980 4945 1171 4984 eorum
1196 4969 1210 4994 ,
1256 4938 1312 4983 et
1341 4929 1695 4986 adunationis
1728 4934 2221 5003 proprietatesco-

653 5026 861 5094 gitare,
901 5038 1011 5076 non
1056 5030 1139 5076 est
1179 5021 1314 5084 ulli,
1361 5038 1467 5090 una
1502 5032 1557 5077 et
1609 5025 1843 5092 simplici
1888 5024 2220 5096 imaginanili

653 5115 886 5169 actione.
925 5112 1242 5167 Necessario
1271 5127 1401 5182 ergo
1442 5112 1811 5187 adunatorum
1842 5116 2066 5185 quidem
2099 5118 2217 5187 dis-

656 5203 954 5256 tinctiones
1022 5200 1326 5253 secundum
1381 5184 1713 5271 imaginandi
1762 5204 1869 5257 vim
1913 5204 2221 5276 efﬁngimus

652 5291 1017 5362 cogitatione;
1048 5289 1143 5341 sed
1174 5298 1230 5341 et
1262 5288 1393 5342 illud
1415 5329 1429 5350 .
1462 5293 1575 5342 non
1599 5290 1666 5343 ad
1713 5294 2090 5349 mentiendum
2122 5311 2217 5354 co-

652 5380 914 5449 gitatione
946 5380 999 5433 in
1025 5378 1186 5432 nobis
1212 5379 1347 5447 ipsis
1376 5380 1442 5434 de
1477 5396 1659 5433 rerum
1691 5392 2215 5453 coagmentatarmn,

652 5487 763 5526 non
816 5472 961 5524 enim
1012 5471 1105 5524 hic
1152 5480 1271 5524 erat
1325 5470 1471 5535 linis,
1502 5472 1598 5526 sed
1635 5489 1701 5527 eo
1726 5475 1871 5544 quod
1914 5490 1979 5529 ex
2018 5486 2217 5532 natura

655 5572 839 5619 nostra
885 5552 1269 5627 mendacium,
1317 5572 1375 5617 ut
1412 5560 1487 5617 ita
1536 5563 1749 5630 dicam;
1796 5586 1814 5615 ι
1844 5568 2026 5621 omnis
2069 5570 2216 5623 enim

656 5655 817 5711 [mmo
848 5640 1077 5706 inaudax
1105 5655 1140 5705 ¹.
1166 5669 1182 5700 ι
1207 5652 1309 5717 Qui
1337 5653 1488 5706 enim
1508 5653 1563 5706 in
1593 5670 1699 5707 uno
1727 5656 2019 5724 nequimus
2048 5659 2215 5713 multa

759 5768 770 5795 ’
808 5766 962 5816 Rom.
995 5779 1071 5827 ut,
1118 5764 1175 5817 6.

2324 4604 2442 4657 μεψ
2480 4588 2621 4658 αῦτη
2654 4588 2765 4660 γὰρ
2806 4589 2891 4642 διά
2926 4591 3023 4659 τῆς
3056 4592 3378 4655 ἀντιδόσεως
3422 4592 3529 4647 τῶν
3574 4595 3719 4647 ίδίων
3760 4598 3906 4651 καθο

2319 4680 2541 4749 οράταιο
2582 4679 2697 4747 ἅμα
2723 4678 2781 4731 δὲ
2809 4680 2987 4735 πάντα
3014 4682 3085 4737 τά
3112 4684 3389 4753 ἡνωμένα,
3425 4686 3518 4738 καὶ
3550 4684 3619 4737 τά
3653 4685 3761 4739 ίδια
3793 4688 3896 4740 αὒ-

2317 4767 2447 4832 τῶν,
2500 4767 2593 4821 καὶ
2628 4768 2695 4822 τά
2727 4760 2827 4839 ’ἰῆς
2866 4769 3111 4833 ἐνώσεως
3142 4772 3253 4826 ῑδια
3285 4777 3444 4837 νοεῖν,
3482 4775 3580 4828 οὐκ
3622 4775 3767 4829 ἐστιν
3797 4777 3901 4829 οὐ-

2318 4857 2427 4911 δενὶ
2455 4858 2555 4927 μιᾷ
2576 4858 2668 4910 καὶ
2699 4857 2843 4929 ἀπλῇ
2880 4860 3174 4931 φαντασίᾳ.
3206 4862 3544 4930 Ἀναγκαίως
3560 4858 3655 4919 οὖν
3680 4864 3780 4927 τάς
3794 4865 3905 4932 μὲν

2318 4946 2599 5010 διαστολὰς
2626 4946 2735 5000 τῶν
2768 4949 3060 5018 ήνωμένων
3097 4954 3241 5005 κατά
3290 4954 3588 5021 φαντασίαν
3620 4955 3889 5010 ἀναπλάτ-

2318 5053 2483 5104 τομεν
2522 5040 2588 5108 τῇ
2620 5038 2857 5107 ἐπινοίᾳο
2895 5039 3029 5093 ἀλλά
3064 5041 3160 5093 καὶ
3184 5041 3319 5107 τόδε,
3360 5044 3420 5095 οὐ
3456 5044 3542 5098 διὰ
3579 5044 3639 5097 τὸ
3683 5045 3899 5115 ψεύσα-

2318 5126 2441 5179 σθαι
2472 5130 2539 5198 τῇ
2572 5128 2787 5199 ἐπινοίᾳ
2811 5130 2868 5182 ἐν
2893 5131 3108 5195 ἑαυτοῖς
3136 5133 3236 5203 τὴν
3255 5133 3524 5206 διάκρισιν
3544 5136 3651 5190 τῶν
3674 5154 3903 5206 συγκει-

2329 5217 2529 5285 μένων⁸
2586 5218 2647 5270 οὐ
2680 5219 2789 5287 γὰρ
2833 5215 2989 5281 οὗτος
3021 5214 3089 5290 ἦν
3133 5223 3361 5287 σκοπὸς,
3402 5224 3538 5277 ἀλλά
3585 5226 3671 5278 διὰ
3704 5228 3764 5280 τὸ
3794 5229 3901 5298 τῆς

2317 5306 2530 5374 φύσεως
2559 5306 2715 5377 ήμῶν
2744 5307 2959 5377 ψευδὲς,
2981 5308 3056 5368 ὡς
3074 5310 3272 5363 είπεϊνο
3306 5330 3323 5360 ι
3351 5314 3458 5375 πᾶς
3480 5314 3589 5385 γὰρ
3609 5315 3903 5385 ἄνθρωπος

2316 5395 2557 5465 ψεύστης
2595 5412 2609 5425 ·
2642 5416 2661 5448 ι
2690 5398 2750 5450 οὐ
2777 5398 3091 5467 δυναμένων
3122 5400 3283 5466 ὑφ’ἒν
3301 5400 3367 5453 τὰ
3384 5404 3554 5459 πολλά
3568 5407 3727 5471 νοεῖν,
3751 5409 3899 5475 ἠνω-

2320 5486 2476 5555 μένα,
2500 5491 2548 5537 εί
2583 5484 2659 5556 μὴ
2691 5486 2780 5539 διὰ
2804 5485 2960 5539 τοῦδε
2984 5486 3079 5540 τοῦ
3114 5487 3318 5558 τρόπου
3350 5492 3661 5562 ἐπιστῶμεν
3686 5497 3749 5566 τῇ
3784 5497 3901 5549 τῶν

2317 5576 2611 5641 ἡνωμένων
2637 5575 2887 5646 ἀληθείᾳ,
2938 5577 3077 5630 πόσα
3113 5595 3171 5630 τε
3223 5580 3314 5631 καὶ
3344 5582 3503 5635 ὁποῖα
3536 5581 3717 5647 ίδικῶς
3746 5586 3900 5637 ἐστιν

2316 5664 2566 5720 ἕκαστον·
2603 5667 2793 5720 τούτου
2843 5668 2898 5721 δὲ
2937 5669 3011 5738 μὴ
3044 5669 3402 5735 γνωσθέντος,
3458 5672 3565 5725 οὐδ’
3600 5674 3680 5728 ὅτι
3723 5674 3903 5740 ὅντως
