4102 6468
195 398 269 460 )7:
280 401 314 459 τ

1275 402 1568 462 CONTRA
1613 403 1926 463 MONOPH
1939 403 2148 462 YSITA
2160 403 2220 460 S.

3298 397 3430 458 1.778

195 514 388 565 πλείονα
406 512 605 581 ἥνωται
634 531 760 571 τινα
783 513 1287 584 καταληφθήσεται.
1309 517 1610 584 Ἀγνοεῖτιιι
1640 517 1749 585 ἄρα

1856 515 2093 584 cogitare
2132 513 2370 565 adumta
2396 552 2407 573 ,
2460 511 2564 563 nisi
2599 525 2697 578 per
2731 509 2878 564 hunc
2915 507 3140 561 ιιιιυιῙιιιιι
3168 508 3427 564 intenda-

192 607 270 657 καὶ
302 602 562 674 ἡένωσίςκ
579 605 685 658 οὐκ
711 602 866 669 οὖσι,
891 607 987 660 καὶ
1019 606 1233 676 ὲπινοίᾳ
1257 606 1442 676 ψευδεῖ
1469 605 1748 669 διάστασις

190 693 283 745 τῶν
305 694 614 764 ἡνωμένιυν,
641 695 733 748 ἵνα
762 695 981 765 ἐπινοίᾳ
1025 695 1221 766 ἀληθεῖ
1248 691 1464 767 γνωσθῇ
1494 699 1526 767 ἡ
1558 697 1750 758 ἓνωσις

191 785 366 850 αὐτῶν,
398 784 764 854 λαμϐάνεταιο
795 785 853 844 ἓν
874 786 984 856 γὰρ
1013 785 1175 854 μόνον
1194 786 1395 868 ῥρῶσά
1420 804 1472 838 τι
1498 788 1530 857 ἡ
1565 785 1754 856 αῐσθη·

1855 616 1978 655 mus
2005 599 2060 654 in
2088 600 2457 655 adunatorum
2489 597 2744 662 veritate,
2770 598 2892 664 qdaa
2920 603 2977 649 et
3000 595 3431 664 qualiapropric

1852 691 2292 760 uniuscujusque
2347 688 2477 742 sint.
2529 687 2644 742 [loc
2694 703 2827 744 vero
2872 687 3082 758 ignoto,
3141 701 3246 741 nec
3287 687 3432 754 qua»!

1852 783 2032 851 reipsa
2055 784 2210 852 plura
2229 780 2542 835 adunantur
2559 780 2810 849 quaedam
2832 779 3183 849 intelligetur
3210 795 3222 831 :
3248 778 3433 847 ignora

192 892 284 938 σις,
307 875 422 929 οὔτε
463 877 511 928 εί
543 876 708 942 φύσει
753 875 880 930 οὔτε
928 878 975 929 εί
1012 876 1204 929 ὲνὼσει
1235 878 1382 930 ἐστὶν
1411 877 1491 942 ἓν,
1530 876 1756 930 δύναται

1856 891 1984 946 ergo
2013 883 2200 928 manet
2222 881 2276 928 et
2301 871 2567 930 adunatio
2594 887 2715 942 qua:
2741 879 2984 936 nonest;
3015 881 3072 925 et
3105 869 3436 941 cogitatione

192 966 478 1035 διακρίνειν.

1855 968 2106 1023 mendaci
2148 965 2349 1020 divisio
2389 964 2796 1030 adunatorum,
2837 973 2899 1017 ut
2930 963 3441 1034 cogitatione‘vcra

194 1067 429 1112 noscatur
489 1058 760 1113 adunatio
817 1065 1048 1124 eorum,
1097 1061 1448 1131 intelligitur.
1497 1060 1744 1129 Namque
1783 1075 1968 1113 unum.
2027 1068 2239 1113 tantum
2260 1057 2412 1127 [quid
2459 1058 2654 1111 videns
2697 1056 3058 1122 sensibilitas,
3110 1068 3222 1109 nec
3253 1053 3300 1107 si
3340 1052 3432 1106 nti.

195 1158 318 1210 ωτι.
343 1165 441 1203 nec
467 1151 512 1202 si
549 1149 890 1206 adunatione
918 1159 1004 1205 est
1027 1168 1196 1233 unum
1233 1154 1553 1223 dignoscere
1574 1153 1738 1206 valet.

251 1243 352 1304 ta’._
379 1238 439 1289 Ἦ
477 1237 579 1306 μία
625 1239 815 1305 φύσις,
859 1239 927 1309 ἦν
959 1256 1134 1307 (pars:
1165 1237 1437 1308 ἀδελφοὶμ
1462 1240 1602 1310 μετὰ
1653 1241 1752 1307 τὴν

189 1329 378 1391 ἕνωσιν,
410 1329 441 1398 ἢ
468 1330 645 1400 ταυτὴ
681 1331 832 1383 ἔσται
873 1330 953 1398 τῷ
980 1331 1201 1402 ἀριθμῷ
1233 1333 1330 1402 μία
1367 1333 1476 1388 τῶν
1505 1332 1614 1402 πρὸ
1654 1332 1751 1398 τῆς

191 1419 412 1482 ίνὼσεως
436 1420 682 1487 φύσεων,
718 1422 781 1486 ἐξ
819 1413 894 1476 ὧν
922 1422 1111 1489 λέγετε
1145 1420 1289 1478 εἶναι
1329 1424 1500 1493 αὐτὴν
1528 1423 1622 1476 δύο
1648 1422 1748 1492 φύε

193 1529 332 1578 σεων,
363 1511 394 1580 ἢ
427 1511 575 1581 οὐχί.
604 1513 668 1564 Ei
697 1513 794 1582 μὲν
816 1508 910 1566 οὖν
941 1515 1002 1566 οὐ
1028 1513 1224 1584 ταυτὴ,
1248 1516 1347 1584 οὐχ
1369 1517 1396 1568 ὁ
1429 1514 1591 1577 αὐτὸς
1621 1513 1752 1577 Θεὸς

191 1605 214 1652 ὁ
243 1602 339 1673 πρὸ
366 1603 590 1683 σαρκὸς,
614 1604 710 1657 καὶ
737 1605 796 1656 ὲν
817 1602 1004 1676 σαρκὶ,
1031 1607 1198 1675 ἧγουν
1220 1608 1247 1659 ὀ
1273 1605 1413 1675 μετά
1435 1605 1531 1675 τὴν
1553 1605 1752 1658 ἕνωσιν

193 1693 270 1745 καὶ
299 1693 399 1759 πρὸ
428 1694 532 1764 τῆς
573 1691 843 1757 ὲνὼσεως,
885 1688 968 1756 εἷς
1000 1694 1074 1764 τῷ
1124 1694 1363 1765 ἀριθμῷ,
1403 1695 1518 1747 ἀλλ’
1568 1697 1754 1765 ἔτερος

191 1783 238 1832 ἐν
261 1781 532 1852 τῷλόγῳ,
574 1783 673 1835 καὶ
701 1784 890 1854 ἕτερος
922 1787 980 1837 ὲν
1016 1785 1236 1856 Χρϊστῷ
1261 1803 1273 1815 ·
1306 1788 1354 1838 εί
1387 1785 1443 1838 δὲ
1473 1785 1646 1856 ταυτὴ
1678 1785 1754 1855 τῷ

190 1871 387 1958 ἀριθμιῖέ
410 1876 478 1945 τῇ
512 1873 609 1926 τοῦ
648 1873 824 1942 Λόγου
843 1873 1005 1945 φύσει
1033 1875 1203 1938 ἐστὶν,
1245 1878 1487 1947 ἄσαρκος
1530 1876 1636 1948 ἄρα
1663 1877 1757 1931 καὶ

193 1961 314 2030 μετὰ
336 1964 431 2032 τὴν
463 1963 666 2018 ἕνωσιν
693 1968 721 2020 ὁ
750 1965 1000 2036 Λόγος,ἢ
1038 1966 1295 2031 σύνθετος
1326 1961 1489 2039 σα“ρκὶ
1519 1969 1614 2023 καὶ
1651 1969 1758 2038 πρὸ

191 2052 276 2122 τῆς
308 2051 576 2118 ἑνώσιως.

253 2232 333 2304 ιβ’.
369 2235 483 2290 Πᾶν
511 2235 577 2290 τδ
620 2237 703 2302 ὃν,
732 2239 949 2292 κτιστὺν
979 2241 1010 2311 ἢ
1057 2240 1312 2296 ἅκτιστὸν
1351 2243 1467 2297 ἐστι
1491 2260 1502 2273 ·
1538 2245 1600 2297 τὸ
1643 2244 1750 2314 γὰρ

200 2324 372 2377 τούτων
404 2325 598 2396 μέσον,
628 2327 755 2380 οὐδὲ
803 2329 850 2381 οἱ
898 2331 1026 2393 τοὺς
1057 2331 1437 2402 τραγελάφους
1471 2335 1751 2388 ἀναπλάτ-

191 2434 371 2482 τοντες,
405 2417 591 2481 καθώς
623 2436 789 2489 φησιν
822 2422 850 2472 ὁ
895 2421 1103 2492 Πατὴρ.
1133 2422 1493 2478 δώσουσιν.Εὶ
1523 2421 1614 2478 οὖν
1654 2425 1752 2493 μία

193 2505 333 2571 φύσις
357 2509 475 2559 ἐστὶ
505 2508 769 2576 Χριστοῦ,
806 2504 966 2579 εἴπερ
1015 2509 1270 2573 ἄκτιστός
1314 2513 1454 2574 ἐστι,
1493 2513 1575 2574 τίς
1626 2516 1658 2582 ἡ
1690 2514 1753 2564 ὲκ

193 2595 274 2662 τῆς
299 2597 453 2664 ἁγίας
487 2596 770 2666 Παρθένου
796 2613 811 2658 ς
847 2602 894 2652 εί
923 2599 978 2652 δὲ
1003 2603 1196 2668 κτιστή
1225 2603 1362 2664 ἐστι,
1384 2601 1530 2670 τίς-ἡ
1561 2602 1754 2669 ὁμοσύ-

194 2702 291 2749 σιος
317 2687 389 2758 τῷ
418 2688 906 2761 ἀκτίστῳνῐῐατρῐς
939 2691 1140 2761 ὁμοίως
1173 2692 1226 2743 δὲ
1258 2695 1353 2745 καὶ
1383 2695 1432 2743 εί
1468 2694 1751 2762 ἀγένητος,

193 2778 272 2828 καὶ
293 2781 336 2830 εί
366 2779 598 2849 ἄχρονος
629 2778 770 2850 αὕτη
801 2782 942 2846 ἐστὶ,
983 2781 1065 2844 τίς
1097 2784 1128 2851 ἡ
1164 2783 1434 2853 γενομένη
1462 2787 1525 2836 ὲκ
1563 2802 1753 2852 γυναι-

193 2867 303 2934 κός;
336 2873 426 2922 καὶ
455 2871 618 2949 τοῦτο
644 2871 734 2924 ὅτε
780 2867 910 2942 ἦλθε
943 2873 1002 2925 τὺ
1046 2873 1318 2943 πλήρωμα
1350 2874 1446 2927 τοῦ
1478 2877 1666 2945 χρόνου
1697 2878 1753 2929 ὲν

193 2959 414 3030 ὑστέροις
447 2964 682 3031 καιροῖς·
717 2962 767 3014 εί
798 2962 850 3014 ὁὶ
883 2965 1087 3034 γενητὴ
1130 2964 1224 3015 καὶ
1275 2964 1380 3017 ὑπὸ
1416 2964 1632 3036 χρόνου,
1672 2966 1754 3029 τίς

193 3048 248 3099 δι’
273 3044 335 3121 ἧς
362 3052 542 3106 πάντα
577 3053 793 3120 γέγονε,
828 3055 920 3107 καί⁵
947 3054 1016 3108 δι’
1046 3051 1114 3128 ἧς
1139 3057 1262 3118 τοὺς
1286 3057 1487 3120 αἰῶνας
1513 3061 1539 3110 ὁ
1568 3057 1754 3129 Πατὴρ

193 3139 432 3210 incinat;
481 3142 579 3195 καὶ
620 3142 740 3206 πῶς
781 3145 919 3215 μήτε
978 3134 1156 3216 ἀρχὴν
1205 3147 1374 3217 ζωῆς,
1425 3149 1561 3218 μηδὲ
1602 3149 1756 3212 τέλος

194 3230 390 3301 ἡμερῶν
419 3232 561 3304 ἔχων
581 3236 608 3286 ὀ
630 3235 886 3305 Χριστὸς,
918 3237 1062 3297 κατά
1084 3255 1142 3290 τε
1171 3237 1290 3290 τόδε
1317 3239 1756 3310 ἀφομοιούμενος

193 3319 260 3390 τῷ
285 3322 657 3394 Μελχισεδέκς
705 3326 767 3380 τὸ
813 3327 920 3398 γὰρ
951 3327 1102 3400 αὺτῷ
1135 3328 1194 3380 ἓν
1241 3330 1380 3383 κατὰ
1427 3330 1488 3383 τὸ
1534 3330 1671 3384 αὐτὸ
1698 3331 1754 3382 ὲν

193 3412 348 3482 ταυτῷ
373 3392 480 3468 τῶν
518 3416 780 3470 ἐναντίων
812 3392 936 3482 τους
964 3392 1157 3484 λόγους
1182 3420 1284 3474 οὐκ
1309 3421 1642 3488 ὲπιδέξεται,
1681 3420 1755 3484 ὡς
1780 3392 1824 3452 C

195 3501 430 3566 πολλάκις
452 3505 695 3576 εἴρηται.

255 3590 335 3659 ιγ’.
372 3593 430 3647 '0
464 3595 694 3664 μισίτης
719 3594 856 3648 Θεοῦ
901 3597 996 3650 καὶ
1026 3596 1332 3668 ἀνθρώπων
1359 3594 1472 3669 ἇρά
1500 3614 1564 3666 γε
1592 3597 1756 3668 μέσος

195 3683 354 3749 αὐτοῖς
383 3681 526 3740 εἶναι
550 3687 701 3741 δοκεῖ
730 3689 861 3758 ὑμῖν
893 3689 988 3743 καὶ
1018 3686 1164 3742 κατᾶ
1185 3691 1277 3743 τὸν
1315 3690 1543 3759 φυσικὸν
1576 3689 1754 3756 λόγον,

200 3776 403 3847 ἢμόνον
448 3780 594 3834 κατὰ
633 3781 923 3851 γνωμικὴν
963 3781 1166 3852 σχέσιν,
1202 3782 1296 3835 καὶ
1330 3780 1758 3850 συμϐιϐαστικὸν

197 3869 416 3936 amntis;
456 3871 523 3925 Et
559 3870 658 3941 μὲν
683 3870 778 3926 οὖν
790 3872 932 3926 κατά
957 3872 1182 3944 γνώμην
1215 3871 1397 3943 μόνον,
1426 3873 1570 3926 κατά
1594 3872 1758 3940 φύσιν

195 3957 222 4025 ἦ
249 3957 465 4032 θάτερον
490 3961 604 4015 τῶν
631 3962 748 4029 δύο,
781 3963 814 4035 ἢ
840 3963 1031 4033 ἔτερόν
1060 3963 1113 4016 τί
1161 3965 1278 4016 ἐστι
1325 3964 1479 4034 παρὰ
1524 3963 1591 4016 τὰ
1627 3962 1722 4017 δύο
1741 3981 1754 3996 ·

195 4051 236 4102 εί
261 4051 442 4118 Gtc-3v,
465 4056 683 4126 ἀνάγκη
715 4057 811 4108 καὶ
840 4055 984 4109 κατά
1011 4055 1174 4125 φύσιν
1204 4052 1344 4110 εἶναι
1365 4057 1720 4128 αὐτὸνμέσον
1741 4075 1756 4090 ο

193 4143 245 4195 τὸ
273 4144 328 4199 ἃ
359 4147 549 4216 μέσον,
590 4147 808 4216 ἀνάγκη
836 4146 870 4217 ἢ
903 4146 1185 4220 οὐδέτερον
1221 4146 1330 4200 τῶν
1371 4146 1758 4218 μεσαζομένων

197 4237 426 4307 μετέχειν
451 4239 563 4292 ἀπὸ
593 4239 797 4310 μέρους
823 4239 1108 4308 ἑκατέρου,
1130 4239 1164 4308 ἢ
1188 4239 1327 4292 ὅλων
1347 4239 1456 4293 τῶν
1481 4238 1760 4310 ἑκατέρων

193 4325 378 4394 λόγων
405 4331 442 4385 ὃ
469 4328 757 4400 βούλεσθε,
786 4331 918 4400 ἡμῖν
939 4327 1332 4401 ἀποκρίνασθε.

255 4590 328 4644 ιδ’.
355 4591 414 4644 '0
435 4591 766 4653 ’Δπὸστολος
798 4590 937 4660 μετά
966 4591 1067 4661 τὴν
1096 4589 1293 4642 ενωσιν
1329 4577 1531 4660 δηλαδὴ
1561 4587 1656 4659 τὴν
1693 4587 1752 4642 ἑν

193 4681 394 4753 Χριστῷ
436 4681 715 4737 λαϐοῦσάω
746 4699 808 4736 τε
849 4683 944 4736 καὶ
979 4681 1285 4763 ληφθεῖσαν
1331 4681 1548 4763 μορφὴν
1592 4676 1756 4745 οἶδεν,

1927 1232 2010 1284 Η.
2046 1231 2139 1285 Illa
2173 1231 2333 1286 unica
2363 1243 2558 1287 natura
2579 1274 2594 1298 ,
2627 1247 2792 1302 quam
2827 1231 3040 1302 dicitis,
3073 1231 3445 1302 fratres,.post

1853 1323 2265 1388 adunationem,
2282 1324 2478 1378 eadem
2494 1324 2601 1378 erit
2619 1338 2851 1378 numero
2864 1338 2971 1377 una
2986 1337 3152 1392 quam
3174 1323 3296 1378 dum
3313 1334 3439 1378 ante

1853 1417 2242 1472 adunationem
2274 1426 2506 1481 naturae,
2552 1433 2620 1472 ex
2643 1433 2709 1472 eo
2741 1417 2890 1488 quod
2930 1417 3114 1473 dicitis
3140 1432 3264 1472 eam
3301 1418 3439 1474 dua-

1855 1524 1978 1562 rum
2011 1517 2334 1564 naturarum
2354 1525 2495 1573 esse,
2527 1519 2622 1564 aut
2658 1525 2793 1565 non.
2826 1510 2884 1564 Si
2901 1510 3439 1582 igitur-nonquidem

1853 1600 2068 1665 eadem,
2101 1615 2212 1654 non
2246 1601 2390 1654 idem
2429 1601 2572 1655 Deus
2618 1608 2744 1655 ante
2788 1615 3015 1655 carnem
3065 1607 3121 1655 et
3163 1600 3226 1655 in
3253 1616 3442 1664 carne,

1855 1692 2067 1746 scilicet
2099 1692 2191 1746 ille
2224 1702 2347 1761 post
2379 1691 2769 1746 adunationem
2799 1701 2855 1746 et
2893 1701 3018 1748 ante
3051 1693 3444 1748 adunationem

1847 1796 2000 1835 unus
2026 1781 2078 1832 in
2103 1795 2355 1842 numero,
2376 1780 2470 1835 sed
2491 1781 2632 1835 alter
2654 1781 2707 1834 in
2732 1782 2935 1846 Verbo,
2966 1791 3022 1836 et
3051 1781 3252 1836 alteriu
3277 1780 3437 1836 Chri-

1856 1880 1961 1924 sto.
2005 1868 2070 1923 >Si
2115 1885 2250 1924 vero
2292 1869 2483 1923 eadem
2521 1883 2752 1924 numero
2795 1884 2859 1924 ac
2890 1879 3088 1924 natura
3128 1869 3298 1924 Verbi
3335 1879 3420 1922 est

1859 1963 2067 2032 absque
2117 1977 2280 2017 carne
2321 1978 2452 2032 ergo
2486 1972 2540 2016 et
2576 1970 2699 2032 post
2741 1962 3133 2017 adunationem
3173 1961 3440 2017 Verbum.

1782 2043 1828 2102 Β
1858 2063 1957 2109 aut
1999 2055 2365 2124 compositum
2407 2071 2470 2108 ex
2517 2067 2684 2109 carne
2732 2054 2901 2108 etiam
2958 2063 3087 2108 ante
3142 2052 3438 2108 adunatio.

1855 2163 2004 2202 nem.

1928 2240 2012 2294 12.
2054 2239 2166 2293 Ens
2179 2252 2344 2292 omne
2372 2249 2616 2293 creatum
2640 2246 2736 2293 aut
2756 2239 3065 2293 increatum
3095 2245 3213 2300 est;
3243 2234 3439 2288 horum

1854 2330 2002 2396 enim
2039 2328 2284 2383 medium
2327 2343 2431 2383 nec
2471 2328 2564 2396 qui
2612 2328 2960 2398 tragelaphos
3008 2325 3249 2396 ﬁngunt,
3298 2324 3442 2379 sicut

1854 2417 1990 2494 dicit
2026 2417 2209 2476 Pater,
2248 2415 2477 2469 dabunt.
2529 2414 2585 2469 Si
2610 2415 2777 2486 igitur
2823 2430 2930 2468 una
2963 2411 3170 2468 Christi
3224 2418 3441 2468 natura.

1855 2508 1900 2562 si
1928 2508 2172 2561 increata
2201 2513 2308 2570 est,
2348 2520 2598 2576 quaenam
2635 2520 2757 2574 qua:
2787 2521 2854 2558 ex
2903 2504 3060 2558 beata
3099 2501 3363 2572 Virgine?
3387 2501 3442 2554 Si

1854 2614 1986 2653 vero
2032 2608 2214 2652 creata
2241 2638 2256 2662 ,
2301 2612 2551 2666 quaenam
2601 2605 2686 2650 est
2723 2595 2970 2666 ejusdem
3021 2611 3147 2649 cum
3195 2594 3444 2648 increatu

1856 2690 2015 2744 Patre
2058 2688 2418 2744 substantiae?
2466 2687 2733 2743 Similiter
2761 2703 2896 2742 vero
2935 2687 3039 2741 etsi
3085 2686 3355 2756 ingenita,
3388 2695 3444 2737 ct

1855 2781 1901 2835 si
1931 2781 2137 2850 absque
2165 2790 2410 2849 tempore
2429 2780 2498 2833 sit
2526 2780 2638 2843 illa,
2663 2792 2912 2848 quaenam
2936 2783 3061 2830 nata
3084 2791 3152 2830 ex
3179 2775 3445 2828 muliere?

1857 2872 1925 2928 Et
1949 2873 2084 2926 illud
2126 2872 2350 2941 quando
2383 2871 2534 2924 venit
2554 2869 2845 2939 plenitudo
2877 2867 3145 2937 temporis
3173 2867 3228 2921 in
3258 2867 3448 2920 novis-

1857 2964 2011 3020 simis
2055 2962 2610 3032 oppOrtunitatibus;
2657 2961 2703 3016 si
2733 2976 2866 3016 vero
2894 2961 3190 3031 generatio
3234 2964 3292 3014 et
3337 2957 3444 3013 sub

1857 3065 2124 3123 tempore.
2171 3067 2416 3123 quanam
2441 3052 2531 3105 illa
2573 3067 2670 3120 per
2691 3065 2854 3121 quam
2898 3050 3084 3104 omnia
3109 3048 3250 3103 facta
3287 3060 3440 3110 sunt,

1855 3153 1914 3198 et
1943 3159 2043 3214 per
2080 3157 2246 3212 quam
2284 3141 2418 3197 fecit
2449 3141 2649 3195 sazcula
2677 3138 2884 3194 Pater?
2932 3140 2999 3193 Et
3029 3125 3310 3208 quomodo
3338 3151 3445 3190 nec

1856 3233 2156 3289 exordium
2180 3232 2330 3296 vitae,
2364 3247 2467 3287 nec
2503 3227 2666 3286 linem
2707 3230 2919 3286 habens
2956 3231 3170 3284 dierum
3192 3227 3446 3283 Christus

1855 3334 1912 3381 et
1947 3333 2172 3395 propter
2189 3326 2296 3379 hoc
2310 3325 2647 3379 assimilatus
2672 3321 3114 3378 Melchisedech?
3134 3321 3270 3375 Nam
3294 3317 3444 3388 quod

1861 3416 1912 3469 in
1949 3431 2007 3470 se
2045 3430 2217 3469 unum
2257 3423 2362 3479 est,
2384 3413 2688 3468 secundum
2716 3413 2860 3467 idem
2897 3412 2951 3465 in
2990 3411 3186 3466 eodem
3219 3416 3445 3465 contra-

1859 3507 1924 3561 rii
1967 3507 2132 3561 verba
2158 3522 2267 3560 non
2291 3507 2559 3568 admittit,
2609 3514 2670 3558 ut
2694 3518 2837 3572 saepe
2867 3502 3094 3558 dicitur.

1931 3597 2017 3651 l5.
2050 3581 2320 3651 Mediator
2346 3596 2442 3650 Dei
2467 3602 2523 3648 et
2553 3594 2862 3657 hominum,
2895 3608 3028 3646 num
3065 3588 3282 3646 medius
3313 3589 3446 3659 ipsis

1859 3703 1981 3743 esse
2021 3687 2244 3742 videtur
2282 3686 2443 3742 vobis
2473 3695 2527 3740 et
2561 3683 2864 3740 secundum
2901 3682 3127 3754 physica
3158 3680 3351 3746 verba,
3375 3697 3445 3735 an

1861 3788 2072 3834 tantum
2106 3779 2161 3833 in
2211 3778 2568 3834 sententiosis
2624 3773 2991 3832 relationibus
3024 3783 3094 3830 et,
3132 3774 3200 3829 ad
3238 3789 3448 3828 conve—

1861 3868 2086 3924 nientia:
2116 3867 2460 3932 consilium?
2487 3865 2542 3921 Si
2579 3865 2748 3936 igitur
2777 3862 3084 3920 secundum
3115 3861 3449 3918 sententiam

1861 3959 2086 4030 quidem
2123 3969 2357 4023 tantum,
2383 3957 2694 4028 secundum
2722 3967 2979 4012 naturam
3017 3964 3112 4009 aut
3149 3961 3446 4023 utrumque

1859 4065 1890 4105 e
1936 4049 2176 4114 duobus,
2224 4057 2320 4102 aut
2363 4047 2599 4104 alterum
2629 4045 2905 4116 quoddam
2946 4053 3032 4099 est
3066 4051 3296 4114 propter
3327 4043 3444 4096 hac

1859 4138 2004 4203 duo;
2041 4138 2088 4192 si
2115 4152 2268 4201 vero,
2298 4149 2526 4190 necesse
2556 4142 2726 4189 est'ut
2745 4131 3052 4189 secundum
3080 4141 3335 4186 naturam
3373 4131 3450 4186 sit

1860 4229 2142 4295 medium;
2195 4226 2440 4282 medium
2481 4236 2667 4280 autem
2703 4225 2829 4290 hoc,
2869 4238 3092 4298 necesse
3125 4230 3210 4277 est
3241 4229 3305 4276 ut
3348 4231 3446 4276 aut

1860 4331 2122 4378 neutrum
2149 4320 2218 4375 sit
2239 4319 2311 4374 ab
2341 4327 2576 4387 utraque
2597 4326 2752 4386 parte
2783 4331 2971 4371 rerum
2997 4315 3145 4369 inter
3172 4303 3311 4383 qua’s
3329 4329 3445 4367 mc-

1858 4414 2010 4469 dium
2049 4420 2226 4476 tenet,
2272 4419 2370 4465 aut
2397 4417 2572 4464 totum
2619 4408 2996 4479 singulorum;
3055 4403 3206 4477 quod
3252 4387 3442 4468 ‘vultis,

1860 4505 1966 4577 ipsi
1998 4503 2158 4559 vobis
2195 4501 2548 4571 respondete.

1939 4597 2020 4652 l4.
2045 4595 2337 4665 Apostolus
2367 4602 2494 4662 post
2519 4592 2912 4647 adunationem
2946 4605 3086 4644 sane
3139 4588 3200 4643 in
3223 4587 3447 4644 Christo

1860 4695 2234 4743 assumentem
2263 4691 2322 4739 et
2365 4691 2704 4752 assumptam
2744 4681 2981 4735 formam
3023 4678 3199 4742 novit,
3249 4693 3447 4747 nempe

193 4772 343 4840 ἠγουν
371 4775 566 4843 φύσινο
618 4768 784 4829 αὗται
832 4774 891 4827 δὲ
923 4775 1007 4828 ὅτι
1059 4761 1186 4827 οὔτε
1227 4755 1329 4844 μία
1381 4755 1508 4826 οὔτε
1556 4771 1756 4842 ὁμοίως

1862 4785 1992 4832 natu
2002 4792 2145 4840 ram;
2165 4777 2295 4844 ipsae
2313 4773 2442 4843 quia
2467 4788 2569 4828 nec
2597 4788 2725 4836 una,
2743 4786 2847 4827 nec
2862 4769 3074 4824 similes
3090 4768 3443 4827 exsistentes.

195 4864 427 4934 ίχουσαι,
465 4867 632 4920 παντὶ
661 4865 842 4935 δῆλον.

257 4967 330 5012 ιε’.
365 4961 425 5011 Ei
459 4959 552 5013 διὰ
594 4957 656 5010 τὸ
706 4955 803 5010 τοῦ
841 4954 1133 5027 ἀνθρώπου
1170 4953 1459 5024 είρημένον
1497 4953 1609 5006 τισὶ
1650 4953 1759 5005 τῶν

199 5049 445 5119 Πατέρων
470 5050 828 5120 παράδειγμα
853 5047 950 5108 τὰς
964 5046 1058 5100 δύο
1087 5045 1278 5114 φύσεις
1306 5045 1405 5114 οὺχ
1429 5039 1540 5097 οἷόν
1570 5061 1627 5095 τε
1658 5042 1760 5094 σώ-

194 5141 363 5203 ζεσθαι
386 5145 444 5196 ὲν
473 5141 720 5212 Χριστῷ,
745 5139 1056 5206 λεγέτωσαν
1077 5139 1230 5208 ἡμῖν,
1265 5138 1312 5189 οί
1345 5136 1760 5195 ἀποκτείνοντες

194 5232 246 5282 τι)
273 5233 449 5303 σῶμα,
486 5234 649 5302 φύσιν
687 5231 1122 5296 ἀποκτείνουσιν,
1164 5230 1198 5301 ἢ
1239 5229 1389 5298 οὐχίς
1443 5229 1540 5280 καὶ
1583 5229 1632 5279 οἱ
1663 5225 1761 5296 τὴν

193 5325 354 5397 ψυχὴν
402 5330 476 5398 μὴ
521 5327 818 5398 δυνάμενοι
852 5326 1196 5390 ἀποκτείναι,
1244 5322 1459 5391 φύσεως
1504 5321 1565 5374 οὐ
1607 5336 1761 5373 κατι-

199 5416 434 5485 σχῦουσιν
467 5419 659 5487 ἑτέρας
683 5417 840 5487 παρὰ
881 5415 944 5468 τὸ
985 5416 1165 5484 σῶμα,
1203 5414 1326 5485 ﬁeri
1367 5415 1523 5484 δῆτα.
1575 5413 1643 5464 Εἰ
1660 5406 1755 5464 οὖν

196 5507 457 5579 ἄνθρωποι
483 5509 650 5573 ὅντως
677 5505 826 5579 ἦσαν
864 5502 946 5569 οἷς
976 5506 1262 5560 ἐντέταλτο
1291 5504 1394 5557 ὑπὸ
1425 5503 1520 5556 τοῦ
1553 5501 1756 5572 Κυρίου

203 5599 269 5668 μὴ
301 5600 574 5666 φοῦιϊσοαι
609 5600 724 5655 ἀπὸ
756 5598 871 5652 τῶν
907 5597 1150 5662 τοιῶνδε,
1196 5596 1354 5667 δῆλον
1401 5595 1478 5657 ὡς
1524 5593 1760 5647 ὲνουσῶν

202 5691 368 5754 αὐτοῖς
395 5693 501 5747 τῶν
531 5693 621 5748 δύο
653 5692 877 5763 φύσεων
907 5689 1347 5760 ταῦταπεῐρηται,
1379 5688 1546 5760 ἤγουν
1574 5687 1671 5760 τῆς
1703 5704 1760 5738 τε

202 5781 612 5857 ἁποκτενομίνης
637 5787 732 5841 καὶ
773 5785 872 5853 τῆς
901 5784 977 5854 μὴ
1017 5783 1476 5852 ἀποκτενομένης.

1865 4866 2126 4922 omnibus
2155 4873 2325 4933 patet.

1940 4953 2024 5007 15.
2052 4951 2108 5007 Si
2154 4960 2380 5022 propter
2422 4952 2632 5006 dictum
2676 4951 2744 5006 de
2787 4950 3010 5004 humine
3049 4948 3377 5020 quihusdam
3419 4964 3447 5002 c

1866 5045 2124 5101 Patribus
2157 5045 2491 5114 exemplum,
2524 5044 2664 5098 duas
2679 5044 2845 5098 hasce
2862 5051 3093 5096 naturas
3108 5039 3448 5111 impossibile

1865 5151 1950 5199 est
1973 5144 2154 5198 salvas
2183 5143 2239 5197 in
2271 5142 2495 5198 Christo
2529 5156 2838 5207 remanere,
2872 5140 3061 5195 dicant
3104 5139 3269 5194 nobis
3302 5157 3316 5192 :
3349 5138 3444 5207 qui

1865 5234 2132 5290 occidunt
2181 5250 2404 5304 corpus,
2455 5234 2694 5288 animam
2745 5231 3028 5296 occidunt,
3065 5246 3134 5284 an
3183 5229 3340 5284 non?
3385 5229 3453 5282 Et

1868 5327 1968 5398 qui
2013 5326 2254 5380 animam
2285 5341 2397 5378 non
2429 5332 2664 5394 possunt
2691 5322 2945 5377 occidere
2973 5323 3028 5375 in
3057 5330 3311 5374 naturam
3339 5335 3450 5372 non

1870 5413 2169 5484 praavalcnt
2197 5413 2427 5467 alteram
2475 5427 2641 5481 quam
2680 5425 2904 5479 corpus,
2938 5424 3006 5462 au
3037 5407 3190 5461 non?
3233 5405 3289 5461 Si
3318 5421 3451 5474 ergo

1868 5503 2121 5558 homines
2148 5519 2278 5558 vere
2310 5513 2470 5558 erant
2505 5503 2709 5573 quibus
2738 5518 2768 5556 a
2798 5501 3029 5555 Domino
3067 5497 3451 5569 praescriptum

1866 5602 1951 5649 est
1981 5593 2234 5648 homines
2262 5593 2580 5664 hujusmodi
2605 5608 2714 5646 non
2741 5592 2957 5656 timere,
2985 5597 3137 5660 patet
3156 5587 3302 5658 quod
3336 5587 3454 5640 lmc

1870 5687 2133 5742 dicuntur
2161 5701 2227 5739 eo
2258 5685 2404 5755 quod
2426 5685 2548 5740 duae
2579 5685 2636 5738 in
2673 5685 2794 5739 istis
2835 5685 2947 5740 sint
2979 5692 3212 5746 natura,
3239 5681 3453 5737 scilicet

1873 5780 2042 5833 altera
2070 5780 2252 5834 occisa
2280 5789 2333 5833 et
2364 5778 2536 5832 altera
2573 5793 2682 5830 non
2713 5776 2915 5832 occisa.
