4102 6502
681 401 785 463 783

1916 402 2224 461 LEONTII
2270 401 2665 460 BYZANTINI

3757 390 3899 454 ΠΜ

641 512 847 581 absque
878 510 1179 565 chrismate
1216 509 1584 564 subsistentia:
1612 510 1935 575 adhaarenti,
1968 526 2085 564 nec,
2119 527 2217 564 un-

2325 513 2499 581 χρίσις
2552 511 2679 563 ἄνευ
2717 510 3053 579 οὖσιωμένου
3098 509 3421 578 χρίσματος,
3454 503 3576 557 οὔτε
3606 504 3902 573 χριόμενος

641 613 761 658 ctus
790 603 997 671 absque
1031 601 1384 656 subsistentia
1411 602 1702 670 quisquam
1734 611 1839 667 est,
1889 616 1989 656 nec
2035 601 2218 655 adhuc

642 694 882 748 chrisma
916 701 970 747 et
997 701 1224 746 unctum
1257 708 1364 747 una
1393 699 1477 747 est
1500 692 1880 759 subsistentia,
1905 693 2216 748 evidenter.

645 782 843 837 Merito
887 796 1019 851 ergo
1071 791 1122 835 et
1176 795 1361 835 rerum
1414 790 1470 834 ct
1520 782 1806 836 nominum
1863 782 2216 853 physicorum

648 873 949 941 dupliciter
979 882 1184 927 certam
1214 872 1463 927 notitiam
1490 873 1788 939 habentes,
1832 874 1941 928 duo
1980 874 2218 928 dicimus

644 964 849 1019 Christi
891 974 1140 1018 naturas.

713 1097 803 1151 22.
836 1095 1031 1150 Adhuc
1069 1096 1137 1150 ad
1175 1112 1271 1152 vos
1313 1097 1594 1166 loquimur
1630 1097 1698 1152 de
1740 1098 2024 1167 proposito
2062 1098 2221 1152 vobis

645 1197 811 1255 prout
839 1186 1056 1252 divino‘;
1085 1187 1304 1257 generis
1332 1202 1531 1241 nomen
1567 1202 1675 1241 non
1706 1187 1951 1243 admittit
1974 1203 2223 1259 quocun—

647 1295 753 1349 que
790 1279 957 1333 modo
992 1297 1005 1332 :
1044 1296 1154 1348 quo
1189 1282 1337 1334 enim
1376 1279 1556 1349 primo
1590 1288 1850 1343 auctore,
1885 1279 2019 1349 quid
2056 1280 2223 1333 altius

645 1385 821 1438 genus
848 1371 985 1424 erit?
1014 1371 1155 1426 Illud
1190 1388 1358 1426 unum
1392 1371 1691 1441 dupliciter
1717 1381 1929 1426 tantum
1961 1371 2029 1425 de
2058 1370 2223 1425 Chri—

647 1472 735 1515 sto
775 1463 1080 1516 secundum
1128 1463 1517 1531 principaliora
1565 1462 1771 1517 dicitur
1811 1461 2009 1525 verba;
2042 1469 2224 1530 .atque

647 1554 694 1608 si
738 1554 1042 1609 secundum
1082 1556 1184 1609 ista
1219 1556 1385 1609 verba
1421 1556 1651 1609 cuilibet
1685 1553 2102 1608 concedendum
2140 1562 2226 1607 est

647 1646 703 1700 id
740 1647 819 1702 ibi
852 1647 1068 1713 dicere;
1107 1657 1165 1702 et
1196 1647 1309 1702 duo
1341 1647 1638 1715 dupliciter
1669 1660 1791 1700 esse
1825 1645 1943 1700 haec
1974 1645 2223 1715 quaedam

648 1738 937 1803 dicuntur;
980 1738 1165 1807 itaque
1208 1738 1342 1792 illud
1385 1737 1531 1806 quod
1574 1744 1661 1791 est
1696 1751 1867 1790 unum
1913 1745 2009 1789 aut
2042 1735 2225 1804 specie

646 1837 743 1882 aut
767 1844 1002 1884 numero
1022 1840 1111 1885 est
1135 1835 1337 1895 unum;
1370 1837 1427 1883 et
1452 1843 1572 1897 quae
1601 1834 1730 1880 sunt
1753 1826 1885 1893 duo,
1923 1836 2017 1881 aut
2043 1827 2225 1895 specie

648 1927 745 1974 aut
779 1936 1012 1974 numero
1049 1930 1179 1976 sunt
1214 1921 1356 1984 duo;
1398 1937 1519 1989 quae
1563 1920 1785 1989 quidem
1827 1919 2010 1988 specie
2054 1934 2225 1971 unum

650 2021 809 2074 sunt,
844 2010 1175 2079 completam
1221 2011 1505 2066 habebunt
1550 2010 1616 2065 ad
1662 2010 1896 2065 invicem
1944 2009 2225 2079 physicam

653 2102 980 2170 paritatem;
1040 2118 1162 2171 qua
1210 2117 1344 2157 vero
1406 2103 1591 2171 specie
1652 2108 1781 2161 sunt
1834 2100 1945 2154 duo
2005 2099 2227 2168 penitus

650 2193 858 2247 habent
890 2194 1173 2265 physicam
1208 2194 1623 2265 disparitatem;
1663 2208 1785 2263 quae
1818 2206 1954 2247 vero
1983 2200 2225 2245 numero

648 2296 778 2340 sunt
804 2301 995 2351 unum,
1026 2276 1165 2339 nihil
1196 2284 1425 2355 impedit
1454 2285 1587 2353 quin
1620 2284 1686 2339 ad
1720 2282 1957 2337 invicem
1985 2282 2227 2336 habeant

652 2376 1051 2446 disparitatem,
1078 2376 1209 2431 licet
1234 2376 1441 2445 absque
1467 2376 1701 2434 invicem
1726 2390 1840 2429 non
1870 2374 2222 2439 dividantur;

650 2476 707 2522 et
752 2468 808 2521 in
862 2467 1088 2536 propria
1132 2467 1503 2522 delineatione
1554 2466 1903 2521 considerato
1949 2475 2221 2534 utroque,

651 2566 1014 2611 numerantur
1038 2557 1342 2612 secundum
1374 2558 1592 2611 numeri
1623 2556 1978 2611 deﬁnientent
2001 2570 2222 2618 vocem;

650 2650 731 2703 sic
762 2649 910 2703 enim
958 2649 1263 2718 cogitantes
1302 2656 1358 2702 et
1393 2656 1751 2703 numerantes
1788 2662 1960 2702 unum
1997 2644 2225 2715 quidem

649 2756 870 2794 omnem
899 2755 1246 2794 communem
1272 2741 1550 2795 hominem
1575 2749 1630 2796 et
1655 2755 1857 2809 equum
1889 2749 1945 2793 et
1970 2738 2224 2807 angelum

647 2831 859 2901 absque
897 2832 1003 2885 ulla
1036 2830 1346 2884 diiferentia
1380 2818 1733 2887 exsistcntem
1756 2830 1939 2900 specie
1978 2829 2223 2900 ejusdem

649 2930 862 2976 natura:
892 2922 946 2974 In
974 2921 1234 2974 omnibus
1265 2921 1438 2990 ipsius
1473 2922 1726 2990 partibus
1759 2920 2025 2986 dicimus;
2062 2919 2223 2973 αισθ-

651 3016 839 3063 renter
878 3023 1006 3062 vero
1045 3008 1245 3061 multas
1283 3010 1404 3079 ejus
1442 3018 1629 3078 partes
1665 3024 1899 3071 numero
1938 3008 2225 3078 cognosci-

650 3099 1105 3173 mus..Vicissim
1161 3100 1309 3154 enim
1366 3117 1642 3170 quamque
1699 3116 1889 3156 earum
1943 3101 2223 3155 numerari

2327 603 2573 665 ἀνούσιός
2606 602 2687 664 τίς
2743 605 2910 667 ἔστιν,
2938 600 3060 655 οὔτε
3101 600 3182 653 ἔτι
3211 601 3272 653 τὸ
3304 587 3630 669 χρίσμακαὶ
3652 596 3715 649 τὸ
3741 598 3902 665 χριό-

2329 712 2487 763 μενον
2532 695 2631 763 μία
2670 694 2816 747 ἐστὶν
2861 692 3039 756 ούσία,
3076 690 3329 761 φανερόν.
3384 688 3622 750 Εἰκότως
3670 683 3767 740 οῦν
3806 687 3905 739 καὶ

2326 786 2432 838 τῶν
2490 785 2834 854 πραγμάτων
2885 784 2981 837 καὶ
3039 782 3149 836 τῶν
3190 781 3470 850 ὀνομάτων
3495 778 3603 831 τῶν
3648 777 3906 845 φυσικῶν

2324 873 2516 936 διττῶς
2550 874 2935 943 εὐποροῦντες,
2967 875 3061 927 δύο
3089 872 3271 943 φαμὲν
3305 870 3405 932 τὰς
3431 868 3624 937 φύσεις
3656 867 3907 938 Χριστοῦ

2327 969 2508 1038 ἡμεῖς.

2398 1099 2500 1167 κβ’.
2540 1100 2662 1153 Ἔτι
2680 1098 2737 1151 δέ
2771 1114 2953 1167 φαμεν
2984 1095 3120 1167 πρὸς
3146 1094 3292 1166 ὑμᾶς
3318 1095 3410 1147 ἐπὶ
3442 1093 3504 1146 τὸ
3538 1093 3913 1163 προκείμενον

2330 1191 2457 1259 ὑμῖν
2479 1189 2576 1242 ἀτε
2608 1188 2772 1254 θεῖον,
2811 1188 3005 1255 γένους
3032 1186 3191 1254 λόγον
3218 1187 3319 1239 οὐκ
3348 1185 3663 1253 ἐπιδέχεται
3716 1186 3912 1236 ὁπωσ-

2328 1286 2448 1339 οῦν·
2483 1283 2533 1335 τί
2578 1281 2686 1353 γὰρ
2739 1280 2895 1334 τοῦδε
2924 1280 3144 1351 πρώτου
3174 1278 3351 1332 αίτίου
3396 1279 3569 1339 ὄντος,
3629 1275 3914 1345 ἀνώτερον

2329 1377 2482 1429 ἔσται
2511 1373 2698 1441 γένοςς
2726 1372 2787 1424 τὸ
2815 1371 2873 1423 ἒν
2924 1370 3117 1433 διττῶς
3150 1369 3309 1439 μόνον
3362 1370 3454 1421 ἐπὶ
3484 1364 3728 1436 Χριστοῦ
3764 1366 3918 1417 κατά

2328 1467 2425 1527 τὰς
2459 1462 2799 1533 κυριωτέρας
2835 1459 3052 1527 λέγεται
3086 1458 3296 1526 φωνάς·
3332 1456 3385 1508 εῐ
3408 1473 3472 1523 γε
3496 1456 3590 1508 καὶ
3611 1456 3754 1507 κατά
3776 1455 3920 1526 tati;

2330 1572 2427 1619 τας
2462 1551 2843 1623 συγχωρητέον
2865 1550 2972 1603 τινὶ
3008 1550 3188 1616 λέγειν
3210 1548 3342 1601 αὐτὸ
3359 1546 3549 1600 ἐνθάδε
3572 1562 3586 1576 ·
3614 1545 3711 1598 καὶ
3734 1544 3837 1597 δύο
3860 1544 3918 1595 δὲ

2330 1645 2522 1708 διττῶς
2551 1640 2690 1697 εἶναι
2706 1642 2832 1697 τάδε
2867 1641 2989 1694 τινὰ
3016 1641 3265 1708 λέγονται
3292 1658 3305 1669 ·
3338 1638 3400 1690 τὸ
3434 1633 3528 1691 οὖν
3558 1636 3615 1689 ἒν
3644 1635 3704 1688 δν
3744 1635 3789 1702 ἢ,
3837 1633 3922 1701 τῷ

2332 1736 2479 1800 εῖδει,
2508 1732 2541 1802 ἢ
2568 1731 2645 1801 τῷ
2673 1729 2891 1800 ἀριθμῷ
2920 1730 3066 1781 ἐστιν
3098 1727 3155 1781 ἓν
3175 1744 3189 1761 ο
3215 1728 3309 1781 καὶ
3347 1726 3416 1779 τά
3443 1725 3575 1779 ὅντα
3599 1724 3712 1787 δύο,
3754 1725 3787 1793 ἦ
3838 1724 3921 1792 τῷ

2332 1826 2483 1883 εῖδει,
2508 1823 2541 1892 ἢ
2576 1822 2654 1891 τῷ
2679 1821 2899 1891 ἀριθμῷ
2939 1822 3056 1873 ὲστι
3083 1818 3178 1872 δύο
3200 1836 3215 1850 ·
3263 1818 3331 1871 τὰ
3368 1818 3467 1888 μὲν
3496 1815 3591 1869 οὖν
3618 1814 3676 1867 ἓν
3706 1815 3786 1882 τῷ
3839 1816 3920 1865 εἶ-

2327 1917 2407 1970 δει
2429 1917 2582 1978 δντα,
2606 1915 2794 1967 ’πᾶσαν
2818 1912 2929 1977 ἔξει
2947 1911 3085 1982 πρὸς
3116 1910 3319 1978 ἄλληλα
3340 1909 3439 1979 τὴν
3464 1906 3698 1978 φυσικὴν
3721 1909 3827 1975 ὁμο
3838 1906 3921 1958 t6-

2327 2026 2465 2079 τητα
2482 2024 2494 2038 ·
2521 2000 2590 2060 τὰ
2617 2004 2676 2058 δὲ
2702 2004 2794 2058 δύο
2814 2004 2942 2057 ὄντα
2967 2003 3045 2073 τῷ
3070 2002 3225 2065 εἴδει,
3268 2002 3487 2061 uti»:ng
3510 1998 3625 2068 ἔχει
3649 1998 3747 2067 τὴν
3808 2016 3923 2066 cpu-

2329 2098 2488 2164 σικὴν
2534 2094 2926 2165 ἀνομοιότητα·
2962 2093 3032 2146 τά
3088 2092 3146 2145 δὲ
3175 2091 3251 2161 τῷ
3299 2089 3521 2160 ἀριθμῷ
3549 2089 3607 2142 ἐν
3654 2088 3813 2152 om,
3853 2091 3921 2141 οὐ

2327 2187 2595 2242 κωλύεται
2628 2188 2685 2240 ἐν
2718 2187 2931 2249 ἑαυτοῖς
2956 2183 3102 2254 ἔχειν
3128 2181 3363 2252 φυσικὴν
3408 2180 3794 2251 ἀνομοιότητα,
3869 2182 3923 2233 εἰ

2327 2284 2420 2336 καὶ
2459 2281 2704 2351 ἀλλήλων
2737 2280 2907 2350 χωρὶς
2934 2278 3008 2346 μὴ
3035 2276 3351 2343 διεστήκασι
3374 2291 3387 2303 ’
3424 2272 3517 2326 καὶ
3567 2274 3624 2324 ὲν
3650 2271 3756 2341 ἰδίᾳ
3814 2289 3926 2323 τεεο

2330 2376 2570 2446 ριγραφῇ
2598 2370 2974 2442 θεωρούμενον
3023 2368 3286 2437 ἑκάτερον
3337 2363 3700 2435 ἀριθμοῦνται
3757 2365 3920 2416 κατά

2325 2466 2416 2518 τὸν
2430 2464 2521 2517 τοῦ
2547 2460 2781 2534 ἀριθμοῦ
2807 2459 3163 2530 διωρισμένον
3185 2457 3340 2523 λόγον
3358 2472 3372 2487 ο
3396 2455 3568 2517 οὕτως
3590 2456 3697 2525 γὰρ
3717 2455 3922 2507 νοοῦν-

2324 2575 2417 2619 τες
2452 2556 2547 2609 καὶ
2585 2553 2969 2624 ἀριθμοῦντες,
3001 2551 3098 2603 ἕνα
3128 2550 3225 2618 μὲν
3260 2545 3440 2600 πάντα
3467 2548 3559 2599 τὸν
3602 2547 3785 2600 κοινὸν
3812 2547 3919 2599 ἄν·

2327 2651 2544 2720 θρωπον
2564 2647 2658 2701 καὶ
2680 2646 2845 2699 ἵππον
2863 2645 2957 2698 καὶ
2984 2642 3212 2710 ἄγγελον
3247 2639 3682 2709 ἀπαραλλάκτως
3711 2637 3925 2707 ἔχοντα

2325 2740 2402 2809 τῷ
2431 2739 2557 2792 εἴδει
2586 2741 2687 2809 τῆς
2717 2734 2884 2790 αὐτοῦ
2914 2735 3128 2803 φύσεως
3173 2734 3229 2784 ὲν
3269 2731 3398 2782 πᾶσι
3447 2732 3560 2792 τοῖς
3616 2728 3706 2781 ὑπ’
3739 2729 3925 2780 αὑτὸν

2325 2830 2550 2900 ἀτόμοις
2600 2828 2813 2900 φαμένο
2856 2822 3277 2897 κεχωρισμένως
3329 2820 3385 2872 δὲ
3432 2819 3603 2873 πολλὰ
3647 2819 3811 2873 ⁸ιὲοῦδιε
3847 2820 3927 2872 τὰ

2326 2928 2501 2996 ἄτομα
2528 2925 2607 2994 τῷ
2622 2920 2840 2994 ἀριθμῷ
2861 2910 3208 2991 γινίῦσκομεν
3230 2940 3244 2955 ·
3274 2922 3378 2975 ἀνά
3420 2920 3585 2989 μέρος
3633 2917 3743 2996 γάρ
3771 2919 3924 2971 ἔκα-

2329 2989 2455 3067 στον
2472 2989 3038 3084 αὐτων-ἀριθμεῖσθαι
3070 2989 3374 3082 δυνάμενον
3406 3014 3594 3080 ἴσμεν*
3619 2989 3714 3063 καὶ
3742 3011 3928 3064 πάλιν
4002 3072 4006 3076 _

2326 3107 2384 3157 ὲν
2407 3104 2483 3174 τῷ
2511 3105 2731 3175 ἀριθμῷ
2752 3104 2843 3158 τόν
2859 3122 2919 3158 τε
2952 3106 3158 3175 κόσμον
3183 3106 3322 3168 ὅλον,
3356 3106 3451 3158 καὶ
3500 3103 3592 3156 τόν
3622 3119 3745 3155 τινα
3813 3104 3922 3155 ἄν·

649 3190 1101 3260 posse‘scimus;
1146 3198 1204 3244 et
1244 3204 1437 3244 rursus
1484 3191 1538 3244 in
1583 3206 1814 3245 numero
1859 3201 1916 3245 et
1955 3189 2221 3244 mundum

2328 3194 2546 3265 θρωπον
2566 3195 2798 3265 λέγομεν
2814 3194 3009 3264 φύσεσι
3036 3200 3311 3266 μερικαῖς,
3343 3195 3375 3267 ἢ
3403 3197 3654 3266 φυσικοῖς
3681 3193 3925 3251 εἴδεσιν,

649 3282 973 3336 universum
987 3289 1061 3335 et
1089 3280 1377 3335 hominum
1411 3282 1714 3350 quemlibet
1740 3280 1977 3337 dicimus
2008 3280 2227 3350 partitis

647 3373 864 3428 naturis
893 3383 986 3428 aut
1016 3372 1363 3427 naturalibus
1391 3372 1704 3441 speciebus,
1726 3387 1838 3427 non
1868 3386 2037 3426 unum
2068 3372 2223 3425 illum

650 3474 1043 3530 numerantes;
1094 3465 1264 3534 igitur
1307 3464 1376 3518 de
1423 3462 1656 3518 Domino
1697 3473 1919 3528 nostro,
1952 3462 2224 3533 siquidem

652 3556 1070 3624 simplicitatem
1117 3564 1344 3625 propter
1377 3569 1629 3623 persona:
1662 3555 1961 3617 unitatem,
1988 3563 2044 3608 et
2077 3553 2226 3607 insc-

650 3648 977 3717 parabilium
1010 3637 1065 3701 in
1099 3647 1216 3717 ipso
1252 3647 1751 3712 enumerationem,
1784 3654 2044 3715 tanquam
2076 3644 2224 3714 quod

652 3755 825 3794 unum
867 3748 954 3794 est
993 3739 1046 3792 in
1086 3753 1339 3801 numero,
1366 3736 1571 3803 dicitis,
1602 3737 1744 3791 bene
1780 3736 1992 3798 dicitis;
2035 3744 2091 3789 et
2122 3750 2225 3791 nos

650 3838 872 3898 oportet
897 3828 1182 3883 vobiscum
1217 3828 1349 3883 illud
1382 3829 1659 3898 accipere,
1686 3843 1813 3882 cum
1848 3825 2220 3882 conﬁteamini

651 3916 933 3986 physicam
968 3917 1274 3975 secundum
1306 3916 1451 3970 illam
1482 3916 1699 3971 unicam
1726 3930 2018 3986 personam
2042 3915 2222 3969 diver—

651 4006 906 4070 sitatem;
941 4007 986 4061 si
1021 4022 1159 4061 vero
1189 4005 1515 4075 juxta-illud
1551 4000 1823 4060 naturalis
1854 4004 2044 4059 forma:
2081 4019 2222 4058 cnu-

650 4110 866 4151 merare
915 4111 1037 4166 qua:
1088 4097 1141 4151 in
1190 4095 1416 4152 Christo
1455 4097 1742 4163 volumus,
1774 4094 2221 4165 quandoquidem

649 4186 964 4243 conﬁtenda
1006 4196 1137 4242 sunt
1173 4187 1266 4242 illa
1300 4203 1422 4257 quae
1458 4186 1512 4240 in
1547 4187 1723 4242 forma
1757 4195 1887 4241 sunt
1920 4185 2221 4241 secundum

648 4274 883 4332 formam
926 4278 1130 4333 similia
1175 4279 1488 4333 necessario
1523 4293 1676 4342 esse,
1707 4276 2023 4331 necessario
2059 4275 2226 4332 dissi-

652 4367 806 4421 milia
852 4376 1177 4429 ccrnentes,
1215 4384 1325 4422 non
1375 4368 1616 4437 amplius
1664 4368 1991 4422 audebimus
2037 4368 2226 4425 forma:

2323 3286 2420 3355 οὐχ
2452 3286 2547 3339 ἕνα
2604 3285 2767 3339 αὐτὸν
2794 3286 3179 3355 ἀριθμοῦντες.
3222 3286 3349 3339 Ἐπὶ
3379 3282 3471 3339 οὖν
3505 3284 3600 3338 τοῦ
3628 3286 3927 3338 Δεσπότου

2324 3376 2507 3447 ἡμῶν,
2533 3378 2581 3429 εί
2623 3376 2721 3445 μὲν
2751 3376 2849 3444 τὴν
2877 3376 3082 3446 μονάδα
3113 3376 3202 3430 διά
3228 3376 3326 3445 τὴν
3346 3375 3441 3429 τοῦ
3467 3374 3763 3445 προσώπου
3794 3376 3928 3428 ἑνό-

2324 3484 2481 3535 τητα,
2514 3468 2608 3519 καὶ
2634 3466 2733 3536 τὴν
2753 3468 2860 3519 τῶν
2892 3468 2949 3519 ὲν
2972 3467 3123 3536 αὐτῷ
3160 3466 3482 3537 ἀχωρίστων
3510 3452 3921 3533 ὲξαρίθμησὶν.

2321 3555 2395 3616 ὡς
2435 3556 2551 3616 ἐνὸς
2598 3554 2748 3617 ὄντος
2779 3555 2855 3625 τῷ
2905 3554 3124 3626 ἀριθμῷ
3152 3572 3313 3624 φατε,
3344 3553 3527 3616 καλῶς
3559 3553 3774 3620 λέγετε,
3810 3556 3925 3606 καὶ

2324 3643 2470 3714 ἡμᾶς
2492 3644 2608 3696 δέον
2631 3646 2727 3697 σὺν
2746 3646 2873 3715 ὑμῖν
2897 3626 3059 3696 τοῦτο
3077 3644 3456 3714 ἀποδέκεσθαι,
3480 3642 3927 3712 ὡμολογημένον

2325 3733 2419 3788 τοῦ
2450 3736 2568 3787 κατ’
2596 3734 2727 3787 αὐτὸ
2755 3736 2816 3788 τὸ
2848 3735 2906 3789 ἓν
2938 3736 3226 3806 πρόσωπον
3259 3734 3493 3806 φυσικοῦ
3516 3734 3779 3803 διαφόρου
3806 3752 3821 3764 ·
3869 3739 3929 3789 εἰ

2323 3827 2381 3880 δὲ
2408 3826 2547 3879 κατὰ
2572 3826 2663 3879 τδν
2696 3825 2792 3879 τοῦ
2825 3827 3059 3896 φυσικοῦ
3084 3826 3258 3890 εἴδους
3309 3825 3695 3896 ἀπαριθμῆσαι
3719 3825 3791 3878 τὰ
3857 3829 3930 3879 ἐν

2324 3917 2544 3989 Χριστῷ
2571 3917 2894 3987 βουλόμεθα,
2926 3919 3049 3972 ἐπεὶ
3075 3918 3421 3988 ὡμολόγηται
3454 3916 3523 3968 τὰ
3554 3916 3613 3967 ἐν
3656 3913 3735 3983 τῷ
3769 3916 3929 3969 εῖδει

2322 4009 2473 4072 δντα,
2507 4011 2624 4062 κατ’
2684 4004 2822 4073 εἶδος
2854 4010 3015 4077 ὅμοια
3039 4009 3159 4063 δέον
3212 4006 3377 4071 εἶναι,
3406 4006 3721 4076 ἀναγκαίως
3768 4007 3922 4061 ἀνό-

2328 4117 2454 4168 μοια
2475 4100 2865 4170 θεωρήσαντες,
2902 4100 3081 4153 οὐκέτι
3106 4101 3457 4170 τολμήσομεν
3483 4098 3559 4168 τῷ
3588 4096 3683 4151 τοῦ
3725 4097 3931 4163 εἴδους

2325 4191 2698 4260 καταλόγιρέν
2742 4191 2912 4244 ταῦτα
2970 4191 3172 4259 λέγειν,
3214 4191 3348 4245 ἀλλὰ
3370 4188 3495 4243 δύου
3548 4187 3742 4242 οὐκοῦν
3806 4190 3930 4242 ἀκ-

2326 4280 2565 4343 ολούθως
2614 4280 2709 4334 δύο
2746 4282 2847 4352 μὲν
2875 4285 2995 4345 ταῖς
3020 4282 3266 4351 φύσεσιν,
3295 4281 3351 4335 ἓν
3367 4280 3426 4334 δὲ
3453 4280 3532 4351 τῷ
3559 4277 3781 4350 ἀριθμῷ
3818 4280 3929 4332 τὸν

2324 4371 2559 4442 Χριστὸν
2584 4370 2948 4441 γινώσκομεν.

648 4459 834 4515 indice
878 4476 1049 4515 unum
1098 4461 1216 4515 haec
1262 4462 1481 4527 dicere,
1516 4462 1612 4517 sed
1662 4462 1802 4529 duo;
1850 4480 1983 4536 ergo
2028 4476 2433 4537 consequenter
2460 4468 2572 4523 duo
2620 4467 2844 4537 quidem
2875 4468 3109 4534 naturis,
3176 4482 3347 4521 unum
3409 4472 3599 4526 autem
3664 4478 3933 4522 numero

644 4552 929 4608 Christum
959 4554 1364 4624 cognoscimus.

715 4689 809 4744 25.
837 4688 1035 4744 Adhuc
1064 4689 1359 4759 petendum
1391 4690 1460 4745 ab
1492 4691 1602 4746 illis
1627 4690 1723 4761 qui
1750 4706 1783 4747 ο
1811 4691 2218 4747 duaburnatu-

2393 4698 2496 4761 κγ’.
2522 4692 2661 4745 -Ἐτι
2689 4690 2991 4762 ὲρωτητέον
3019 4690 3235 4754 αὐτοὺς,
3266 4692 3332 4743 ὲκ
3352 4689 3447 4743 δύο
3468 4689 3684 4759 φύσεων
3711 4691 3928 4761 λέγον-

649 4795 765 4835 ram
797 4780 992 4836 dicunt
1027 4796 1192 4834 unam
1226 4797 1393 4851 quam
1427 4780 1633 4837 Christi
1666 4791 1894 4846 vocant,
1926 4798 2058 4836 num
2100 4790 2157 4837 et
2188 4798 2220 4837 e

646 4873 861 4927 duabus
899 4871 1311 4933 subsistentiis.
1347 4874 1464 4929 sive
1499 4875 1750 4943 personis
1790 4875 2010 4929 unicam
2049 4876 2223 4944 ipsius

645 4965 1058 5022 subsistentiam
1102 4963 1327 5030 dicunt,
1362 4981 1430 5020 an
1474 4966 1615 5019 non?
1649 4964 1769 5032 Quo
1813 4982 1945 5036 ergo
1982 4974 2039 5021 et
2079 4982 2219 5035 quo-

646 5054 812 5111 modo
842 5055 1011 5112 cessit
1038 5056 1207 5109 altera
1231 5070 1263 5110 e
1290 5056 1501 5111 naturis
1527 5057 1648 5125 ejus
1675 5064 1801 5111 ante
1828 5056 2215 5110 adunationem

642 5148 859 5213 dicant,
886 5154 944 5201 et
979 5147 1140 5216 cujus
1174 5156 1294 5202 erat
1332 5146 1498 5201 tunc?
1531 5146 1786 5202 Nondum
1823 5148 1972 5201 enim
2012 5147 2217 5202 Christi

647 5248 770 5293 erat
803 5246 970 5293 uncta
992 5236 1287 5291 divinitati
1330 5238 1572 5292 humana
1604 5247 1825 5303 natura;
1858 5239 1902 5292 si
1939 5253 2073 5292 vero
2102 5249 2156 5293 et
2189 5255 2219 5292 c

645 5330 864 5384 duabus
891 5328 1271 5384 subsistentiis
1299 5329 1689 5384 adunationem
1721 5329 1943 5388 dicunt,
1976 5330 2068 5383 ubi
2100 5344 2222 5385 erat

645 5427 779 5473 tunc
806 5418 1052 5489 perfecta
1066 5418 1420 5474 subsistentia
1436 5418 1675 5472 humana
1693 5417 1913 5472 Christo
1932 5418 2208 5486 praeexsi-

644 5511 829 5565 stensi
853 5510 1063 5564 Deinde
1090 5510 1146 5563 in
1175 5517 1337 5564 utero
1362 5518 1563 5564 sanctre
1585 5510 1829 5579 Virginis
1855 5510 2091 5575 inclusa;
2122 5512 2215 5566 illo

643 5602 792 5656 enim
834 5603 887 5657 in
926 5612 1121 5657 sancto
1155 5602 1413 5658 cubiculo
1451 5601 1713 5663 adunatio
1748 5601 1951 5657 Christi
1993 5612 2215 5657 natura-

646 5708 767 5745 rum
822 5692 893 5747 ab
949 5692 1110 5747 initio
1162 5692 1303 5748 facta
1361 5700 1477 5757 est;
1537 5692 1643 5747 nisi
1710 5692 1853 5746 forte
1912 5696 2211 5750 secundum

640 5786 955 5840 Nestorium
998 5784 1304 5842 divinitatis
1356 5786 1746 5841 adunationem
1823 5796 1938 5853 pm:
1994 5796 2206 5852 parum:

2322 4803 2421 4849 τας
2450 4785 2550 4854 τὴν
2591 4784 2718 4853 μίαν
2760 4783 2942 4851 φύσιν,
2973 4784 3041 4853 ἦν
3071 4799 3203 4851 φασι
3228 4783 3490 4851 Χριστοῦ,
3527 4778 3639 4854 ἆρά
3684 4800 3749 4852 γε
3816 4795 3933 4845 καὶ

2323 4880 2389 4931 ἐκ
2416 4877 2510 4929 δύο
2533 4876 2909 4936 ὐποστάσεων,
2946 4876 3000 4929 εἷ
3031 4875 3079 4927 τ’
3107 4875 3202 4929 οὖν
3234 4874 3563 4944 προσώπων,
3625 4870 3725 4945 τὴν
3762 4879 3929 4945 μίαν

2323 4967 2488 5022 αὐτοῦ
2511 4968 2812 5021 ὑπόστασιν
2840 4966 3089 5035 λέγωσιν
3117 4967 3149 5035 ἦ
3175 4966 3295 5036 οὐχί
3323 4982 3337 5029 ;
3373 4965 3484 5019 Ποῦ
3514 4963 3610 5020 οὖν
3638 4968 3734 5020 καὶ
3782 4973 3930 5035 πῶς

2323 5059 2596 5129 ὑφέστηκε
2627 5058 2833 5128 θατέρα
2860 5057 2969 5110 τῶν
3000 5056 3216 5125 φύσεων
3268 5056 3435 5109 αὑτοῦ
3468 5058 3575 5127 πρὸ
3622 5059 3723 5127 τῆς
3764 5060 3927 5117 eus-

2317 5167 2473 5214 σεως,
2498 5149 2804 5218 λεγέτωσαν
2824 5165 2837 5177 ⁸
2869 5148 3016 5209 τίνος
3045 5165 3106 5200 τε
3155 5142 3293 5201 οὖσα
3337 5148 3493 5215 τότε;
3534 5149 3594 5201 οὐ
3626 5148 3739 5219 γάρ
3765 5152 3929 5225 Χρε-

2316 5238 2442 5291 στοῦ
2471 5235 2539 5310 ἦν
2568 5240 2736 5307 μήπω
2766 5239 3051 5309 χρισθεῖσα
3081 5238 3295 5309 θεότητι
3351 5241 3383 5309 ἡ
3423 5239 3740 5311 ἀνθρωπίνη
3796 5247 3926 5313 φύ-

2318 5346 2431 5391 σις*
2464 5332 2513 5383 εί
2544 5329 2599 5382 δὲ
2632 5331 2726 5383 καὶ
2755 5331 2819 5383 ὲκ
2848 5329 2944 5383 δύο
2970 5329 3322 5382 ύποστάσεών
3360 5347 3495 5398 φασι
3522 5331 3620 5401 τὴν
3670 5330 3920 5406 ἕνωσιν,

2320 5422 2423 5474 ποῦ
2446 5417 2514 5492 ἦν
2545 5439 2673 5474 ποτε
2699 5424 2730 5490 ἡ
2758 5421 2937 5474 τελεία
2955 5422 3247 5483 ὑπόστασις
3267 5421 3584 5492 ἀνθρωπίνη
3606 5426 3925 5497 προϋπάρ-

2323 5510 2467 5575 ξασσ.
2493 5511 2730 5580 Χριστοῦ
2750 5528 2762 5573 ;
2783 5512 2823 5563 Ε
2848 5529 2914 5564 τα
2941 5512 2998 5563 ἐν
3026 5514 3091 5581 τῇ
3127 5513 3311 5582 μήτρᾳ
3349 5513 3447 5583 τῆς
3474 5513 3636 5579 ἁγίας
3682 5513 3920 5584 "apag-

2321 5620 2410 5657 νου
2445 5602 2894 5672 ἐγκαθειρχθεῖσα
2916 5620 2929 5633 ·
2952 5603 3066 5655 κττ¹
3093 5604 3266 5654 ἐκεῖνο
3293 5604 3399 5674 γὰρ
3421 5602 3481 5655 τὸ
3510 5602 3666 5669 ἅγιον
3696 5608 3923 5675 χωρίον

2319 5698 2349 5762 ἡ
2383 5695 2573 5757 Evam;
2595 5695 2701 5747 τῶν
2722 5695 2957 5764 Χριστοῦ
2993 5694 3205 5763 φύσεων
3232 5697 3325 5748 ἀπ’
3358 5697 3531 5765 ἀρχῆς
3567 5696 3823 5762 ἐγένετο·
3862 5707 3919 5754 εί

2324 5788 2392 5853 pi:
2422 5788 2519 5858 ἕδρα
2554 5788 2694 5839 κατᾶ
2716 5788 3120 5857 κτητόριοντὴν
3144 5788 3336 5840 ἕνωσιν
3361 5790 3457 5851 τῖῖς
3476 5789 3726 5856 θείη-ξος
3760 5808 3921 5861 μετα
