4102 6464
207 428 314 489 lia?)

1293 421 1589 480 CONTRA
1633 419 1938 478 MUNDI’H
1954 418 2235 477 YSITAS.

3283 403 3422 468 1786

202 539 278 590 τὸν
313 536 453 588 τόκον
489 534 582 602 τῆς
608 532 1036 604 ἀνθρωπότητος
1073 531 1275 584 οἴονται
1311 531 1562 598 γενέσθαι
1592 530 1728 600 προς

1855 529 2192 583 uunanitatis
2245 525 2587 580 arbitrantur
2644 520 2760 575 fieri
2795 518 2863 574 ad
2908 519 3084 587 ipsam
3111 533 3424 588 congruen-

205 629 345 696 αύτὴν
372 625 648 695 σχετικῶς.

260 718 341 774 κδ’.
372 716 483 769 Ἔτι
512 713 840 784 ἀνακριτέον
873 712 1098 775 αὐτούς·
1138 713 1201 764 ἐκ
1226 711 1318 764 δύο
1349 712 1565 780 ῳύσεων
1598 709 1740 779 πρά-

205 825 346 878 γματι
389 805 771 875 ύφεστηκυιῶν
819 822 952 873 φασι
998 805 1090 856 τὴν
1120 804 1376 873 Χριστὸν,
1416 803 1448 872 ἢ
1505 802 1741 870 θατέροις

205 899 372 960 αὐτῶν,
401 899 560 966 ἧγουν
585 897 686 966 τῆς
707 895 1057 966 ἀνθρωπείας
1084 895 1204 947 κατ’
1228 895 1472 947 ἐπίνοιαν
1497 909 1739 962 προανα-

208 992 538 1060 πλαττομένης
579 991 766 1051 αὐτοῖς
827 987 933 1059 πρὸ
961 988 1062 1056 τῆς
1095 985 1340 1047 ἑνώσεως
1363 1001 1376 1014 ’
1408 987 1456 1038 εί
1500 985 1598 1051 μὲν
1633 982 1740 1051 γὰρ

208 1086 374 1152 ἀμφοῖν
402 1082 566 1143 ὅντως
593 1080 900 1150 προουσῶν,
927 1080 1010 1142 τίς
1041 1073 1130 1148 ἦν,
1159 1080 1251 1130 καὶ
1286 1075 1388 1129 ποῦ
1424 1074 1587 1127 πάλιν
1647 1075 1744 1140 ζη-

206 1175 442 1242 τήσωμεν,
469 1173 502 1241 ή
520 1172 651 1243 ψιλὴ
681 1172 1000 1242 ἀνθρωπίνη
1027 1170 1186 1238 φύσις
1216 1168 1322 1238 πρὸ
1349 1164 1606 1237 Χριστοῦ,
1628 1161 1744 1216 εἶτα

207 1265 464 1334 γέγονενὲν
490 1262 710 1333 Χριστῷ
754 1262 898 1314 κατὰ
936 1262 1036 1332 τὴν
1069 1261 1232 1328 ἁγίαν
1287 1259 1502 1329 μήτραν
1558 1272 1745 1309 συντε-

207 1357 353 1406 οέντι·
385 1357 430 1407 εί
467 1354 521 1407 δὲ
568 1353 802 1424 θατέραν
852 1353 960 1404 τῶν
988 1352 1205 1419 φύσεων
1261 1350 1320 1414 ἐξ
1358 1344 1432 1402 ὧν
1485 1365 1617 1417 φασι
1652 1347 1742 1399 τὸν

208 1445 405 1515 Χριστὸν
427 1445 639 1515 ἐπινοίᾳ
661 1443 1196 1514 προαναπλάττουσι,
1231 1441 1446 1511 πρῶτον
1471 1440 1568 1509 μὲν
1600 1439 1631 1508 ἢ
1654 1438 1744 1490 ού-

205 1536 405 1602 δαμόθεν
427 1534 678 1596 λαϐόντες
710 1536 966 1605 ἀφορμὴν
998 1533 1234 1602 ἀληθοῦς
1257 1531 1499 1592 ἐπινοίας
1551 1528 1743 1597 ψευδὲς

205 1627 500 1696 ἁνάπλασμα
529 1627 736 1695 ταύτην
757 1627 1098 1697 παριστῶσιν
1119 1642 1131 1655 ⁸
1165 1626 1198 1697 ἢ
1241 1623 1522 1684 λαϐόντες,
1547 1623 1609 1672 ἐκ
1643 1619 1742 1687 τῆς

211 1719 325 1784 μετὰ
350 1718 442 1788 τὴν
471 1719 661 1770 ἕνωσιν
687 1717 921 1784 Θεωρίας
951 1714 1191 1782 Χριστοῦ
1218 1714 1317 1782 τὴν
1333 1710 1647 1778 διάγνωσιν,
1669 1708 1746 1770 ὡς

206 1806 285 1859 δύο
313 1807 510 1873 φύσεων
551 1809 644 1866 καὶ
675 1807 919 1868 τοιῶνδε,
952 1804 1155 1866 ταύτας
1201 1803 1297 1854 καὶ
1329 1798 1745 1870 προεπιιιοοῦσιν

1843 630 1998 764 tegi.
2024 709 2218 764 Adhuc
2249 699 2641 776 inquirendum
2669 703 2738 756 ab
2769 703 2880 756 illis
2911 719 2924 754 :
2953 716 2982 756 e
3012 699 3233 754 duabus
3265 706 3425 752 natu-

1842 801 1919 854 ris
1953 817 2010 854 re
2045 797 2414 858 efficientibus
2443 795 2725 850 Christum
2762 792 2975 854 dicunt,
3007 799 3101 844 aut
3133 804 3199 844 ex
3231 803 3422 842 earum

1841 895 2044 955 altera,
2081 891 2297 945 scilicet
2338 888 2684 942 humanitate
2723 886 2880 954 juxta
2921 881 3311 952 cogitationem
3356 879 3424 932 ah

1842 983 1977 1052 ipsis
2002 983 2266 1052 plasmata
2292 989 2421 1034 ante
2445 979 2873 1040 adunationem;
2901 974 2948 1029 si
2975 971 3122 1028 enim
3147 986 3213 1024 ex
3237 970 3424 1024 ambo-

1841 1075 1948 1130 bus
1972 1076 2151 1143 reipsa
2179 1071 2709 1143 pz'mexsistentibus.
2732 1084 2855 1138 quae
2881 1074 3000 1121 erat
3023 1073 3078 1120 et
3103 1065 3196 1118 ubi
3223 1064 3422 1116 iterum

1843 1181 2154 1235 quaeremus
2187 1163 2409 1218 subtilis
2444 1163 2686 1216 humana
2723 1168 2922 1213 natura
2955 1167 3082 1210 ante
3117 1154 3423 1214 Christum,

1844 1256 1985 1311 facta
2019 1264 2104 1310 est
2139 1255 2340 1309 deinde
2377 1254 2431 1307 in
2467 1251 2691 1306 Christo
2728 1251 2874 1302 intra
2909 1255 3168 1302 sanctum
3201 1251 3424 1298 uterum

1844 1357 2107 1416 concepta
2155 1364 2169 1397 :
2221 1347 2268 1399 si
2310 1360 2442 1399 vero
2491 1344 2720 1397 alteram
2772 1349 3097 1394 naturarum
3149 1352 3179 1390 e
3225 1334 3430 1405 quibus

1845 1439 2125 1494 Christum
2168 1437 2358 1492 dicunt
2396 1434 2554 1504 quasi
2598 1433 2666 1486 de
2705 1447 2849 1485 novo
2893 1439 2951 1484 et
2991 1427 3256 1484 anteriori
3304 1425 3421 1494 pla-

1847 1528 2309 1598 smant,‘primum
2338 1525 2563 1596 quidem
2597 1531 2692 1578 aut
2718 1539 2746 1576 a
2773 1521 2924 1576 nulla
2951 1517 3432 1589 apprehendentes

1846 1638 1990 1677 verte
2022 1619 2372 1690 cogitationis
2404 1617 2699 1672 exordium
2721 1657 2736 1676 ,
2767 1613 3092 1668 mendaeem
3130 1609 3430 1680 plasmatu~

1847 1727 1965 1766 ram
1997 1727 2116 1766 eam
2151 1711 2471 1774 stabiliunt;
2507 1715 2604 1762 aut
2639 1704 3124 1776 apprehendentes
3156 1717 3188 1756 e
3221 1699 3426 1756 Christi

1847 1810 1975 1857 ante
2007 1801 2402 1856 adunationem
2435 1797 2887 1854 consideratione
2919 1796 3255 1866 agnitionem
3290 1792 3432 1846 sicut

209 1897 372 1952 αὑτοῦ.
403 1899 519 1960 Πῶς
548 1894 642 1950 οὖν
671 1898 732 1950 οὐ
763 1896 858 1948 δύο
894 1896 1043 1973 legat
1079 1895 1216 1963 μετὰ
1240 1893 1340 1960 τὴν
1362 1892 1557 1942 ἓνωσιν
1584 1887 1749 1940 οἱκαὶ

1851 1893 2089 1950 duarum
2124 1902 2450 1946 naturarum
2484 1898 2538 1944 et
2577 1890 2791 1952 talium,
2819 1887 2919 1942 has
2949 1861 3006 1941 et
3035 1885 3280 1956 cogitant
3308 1892 3435 1938 ante.-

207 1989 291 2059 τὴν
317 1989 640 2060 προύπαρξιν
663 1983 845 2042 αὐξῶν
877 1988 974 2054 τὴν
1006 1988 1109 2056 πρὸ
1139 1986 1236 2054 τῆς
1281 1982 1526 2050 ὲινῷσεως
1557 1983 1622 2031 ὲκ
1651 1979 1751 2046 τῆς

210 2078 334 2130 κατὰ
360 2079 454 2147 τὴν
476 2078 668 2131 ἕνωσιν
701 2076 1045 2146 διαγνώσεως
1098 2073 1277 2128 αὐτῶν
1313 2072 1709 2139 ἐπινοήσαντες
1734 2081 1747 2096 ·

209 2167 276 2221 In
298 2164 422 2242 ﬁve!
464 2170 566 2239 μὲν
599 2170 813 2240 ἐπινοίᾳ
854 2168 1109 2238 θατέραν,
1131 2167 1224 2217 καὶ
1249 2163 1478 2233 ἀληθείᾳ
1509 2160 1606 2230 τὴν
1638 2158 1758 2211 ὲτέ-

211 2276 299 2328 ραν
325 2261 422 2312 τῶν
459 2260 672 2329 φύσεων
699 2260 759 2324 ἐξ
789 2255 863 2313 ὧν
889 2261 916 2312 ὁ
943 2259 1166 2328 Κύριος,
1200 2256 1383 2325 φασὶν,
1414 2253 1626 2320 ἀνάγκη
1660 2250 1756 2302 καὶ

210 2351 353 2402 αὐτὸν
378 2353 601 2421 Χριστὸν
619 2353 680 2405 τὸ
717 2351 816 2422 μέν
838 2369 890 2404 τι
913 2350 1081 2422 μέρος
1118 2346 1282 2401 αὑτοῦ
1313 2343 1544 2414 ἀληθείᾳ
1570 2342 1750 2408 ὑπάρ-

213 2460 294 2511 χον
317 2443 466 2512 ἱχειν,
504 2444 642 2498 τὸδὲ
682 2427 900 2513 ἐπινοίᾳ
928 2443 1106 2496 δοκεῖν
1144 2441 1302 2510 μόνον
1324 2454 1339 2468 ⁸
1371 2437 1446 2498 ὠς
1491 2431 1630 2494 εἶναι
1661 2433 1756 2485 καὶ

211 2531 295 2600 τῆς
343 2535 472 2586 κατὰ
516 2533 703 2587 τούσδε
772 2535 902 2603 μιᾶς
965 2530 1183 2601 φύσεως
1209 2524 1375 2579 αὑτοῦ
1397 2521 1755 2592 ἀνύπαρκτον

210 2623 377 2691 ἥμισυ,
395 2625 482 2678 καὶ
509 2627 587 2688 είς
614 2627 788 2696 ἥμισυ
816 2612 1032 2692 φύσεως
1065 2620 1225 2691 μόνον
1280 2615 1617 2685 καταντῆσαι
1657 2613 1756 2666 αὖ·

209 2714 303 2766 τῶν
325 2715 411 2784 τὴν
435 2717 524 2768 in!
543 2716 780 2783 Χριστοῦ
801 2713 1153 2784 φυσιολογίαν
1172 2727 1185 2742 ⁸
1207 2710 1304 2764 καὶ
1348 2707 1482 2778 μηδὲ
1514 2709 1594 2769 είς
1627 2706 1754 2776 μίαν

217 2807 360 2873 φύσιν
378 2807 607 2870 τελείαν,
627 2809 705 2870 ὼς
738 2796 900 2873 λέγον
910 2823 1015 2861 σιν.

269 3079 356 3126 κε’.
403 3075 523 3127 Ἔτι
553 3074 678 3127 ἐπεὶ
736 3068 846 3124 τῶν
877 3070 1094 3139 φύσεων
1148 3067 1353 3138 δηλαδῆ
1408 3068 1507 3136 τὴν
1538 3065 1755 3118 σύνοδον

1852 1985 2051 2055 ipsum.
2072 1983 2358 2050 Quomodo
2372 1997 2502 2052 ergo
2522 1996 2632 2035 non
2662 1979 2800 2034 duas
2817 1985 3124 2047 agnoscunt
3149 1983 3270 2045 post
3293 1973 3434 2028 adn-

1849 2077 2133 2131 nationem
2191 2075 2287 2144 qui
2343 2075 2584 2144 ipsarum
2639 2071 3132 2143 przeeasistentiam
3158 2084 3280 2138 quae
3306 2075 3433 2122 ante

1853 2168 2242 2224 adunationem
2273 2175 2422 2222 esset
2446 2167 2762 2235 excogitant
2789 2181 2855 2219 ex
2889 2178 3078 2217 earum
3118 2161 3434 2230 cognitione

1853 2275 2015 2329 quam
2049 2259 2252 2312 habent
2275 2259 2431 2327 juxta
2464 2257 2896 2321 adunationem;
2936 2254 3118 2309 adhuc
3151 2253 3194 2306 si
3231 2252 3438 2322 cogita--

1857 2351 2006 2406 tione
2042 2349 2267 2418 quidem
2308 2350 2537 2402 alteram
2579 2356 2634 2401 et
2672 2347 2906 2401 veritate
2944 2346 3170 2400 alteram
3212 2351 3433 2396 natura-

1855 2458 1975 2496 rum
2027 2457 2057 2495 e
2104 2441 2312 2510 quibus
2367 2438 2622 2494 Christus
2675 2438 2898 2500 dicunt,
2941 2443 3062 2490 erat
3105 2449 3334 2488 necesse
3384 2446 3438 2485 rt

1853 2533 2132 2589 Christum
2170 2534 2372 2601 ipsum,
2401 2532 2601 2601 partim
2635 2531 2869 2584 veritate
2885 2529 3154 2584 exsistere
3188 2527 3434 2585 realiter,

1857 2625 2054 2694 partim
2089 2623 2424 2694 cogitatione
2461 2631 2675 2676 tantum
2710 2637 2830 2676 esse
2859 2619 3066 2682 videri;
3103 2618 3258 2687 quasi
3292 2625 3440 2671 esset

1859 2725 1972 2771 tum
2019 2717 2182 2770 unius
2229 2723 2436 2769 natura:
2480 2714 2652 2783 ipsius
2688 2714 2844 2780 juxta
2887 2711 3113 2763 eosdem
3143 2725 3254 2762 non
3288 2708 3436 2761 exsi-

1857 2817 2010 2862 stens
2043 2809 2220 2862 media
2255 2823 2402 2877 pars,
2431 2815 2543 2859 tum
2579 2805 2758 2858 media
2791 2812 3003 2856 natura:
3035 2810 3190 2870 parte
3223 2807 3436 2853 tantum

1857 2896 1923 2948 ad
1971 2895 2122 2963 ipsos
2160 2894 2478 2964 pervenisse
2522 2891 2919 2963 physiologiam
2956 2888 3194 2954 Christi,
3229 2895 3286 2941 ct
3329 2902 3437 2940 non

1858 2984 2102 3054 perfecta
2133 2984 2294 3038 unica
2326 2993 2544 3046 natura,
2565 2991 2625 3036 ut
2656 2981 2872 3036 dicunt.

1927 3075 2016 3129 25.
2051 3075 2246 3129 Adhuc
2292 3075 2535 3130 scientes
2576 3088 2675 3127 vos
2716 3082 3040 3125 naturarum
3084 3077 3436 3138 coagmenta-

212 3159 326 3223 ἴστε,
360 3162 446 3215 καὶ
468 3164 563 3216 σὺν
582 3163 713 3230 ἡμῖν
741 3160 805 3212 τὸ
829 3157 1135 3229 ἀσύγχυτον
1165 3157 1478 3227 ὁμολογεῖτε
1497 3158 1606 3211 τῶν
1629 3175 1751 3210 συν-

1861 3165 2066 3218 tionem
2094 3172 2150 3217 et
2178 3163 2468 3218 nobiseum
2499 3161 2845 3217 inconfusum
2880 3158 3208 3213 conﬁtentes
3239 3171 3440 3210 convv-

209 3249 467 3318 ιλθόντων,
525 3251 692 3305 πόθεν
747 3251 910 3304 τοῦτο
1000 3250 1297 3321 Θεωρεῖτε,
1379 3250 1751 3321 ἀποκρίνασθε

209 3339 322 3408 ἡμῖν
338 3357 352 3371 ⁶
375 3342 420 3394 εί
441 3341 548 3412 γὰρ
584 3342 667 3394 ὅτι
704 3341 967 3411 ἀνελλιπῆ
992 3340 1063 3393 τὰ
1087 3341 1206 3394 θεῖα
1227 3340 1319 3392 καὶ
1335 3341 1404 3392 τὰ
1434 3339 1754 3410 ἀνθρώπινα

211 3428 259 3479 ὲν
287 3427 355 3500 τῷ
382 3432 524 3500 αὐτῷ
581 3430 839 3501 Θεωρεῖτε
871 3428 1172 3500 προσώπῳ,
1220 3429 1360 3482 σῶον
1395 3431 1626 3484 ἑκάστου
1662 3429 1755 3481 τὸν

210 3522 410 3583 φυσικὸν
439 3520 594 3586 λόγον
631 3519 722 3573 διὰ
765 3521 868 3588 τῆς
917 3519 1025 3572 τῶν
1067 3519 1377 3588 ἰδιωμάτων
1426 3519 1754 3580 ἀντιδόσεως

208 3613 256 3665 ἐν
271 3614 339 3685 τῷ
365 3616 439 3668 ἑνὶ
466 3615 826 3687 συγκρίματι,
871 3614 1194 3682 γινώσκετε,
1247 3615 1406 3683 δῆλον
1458 3614 1613 3667 ἔσται
1645 3614 1754 3672 ,ὅτι

209 3700 261 3754 ιχ
300 3713 449 3768 tivo,”
477 3704 685 3760 τελείου
744 3721 806 3757 τε
838 3705 996 3758 τοῦδε
1044 3705 1145 3768 τὰς
1205 3705 1486 3774 ἐνεργείας
1537 3706 1632 3757 καὶ
1687 3704 1756 3756 τὰ

210 3791 334 3862 πάθη
369 3795 507 3847 κατὰ
560 3794 771 3846 τελείου
811 3795 907 3846 καὶ
941 3794 1001 3847 ού
1075 3792 1203 3846 κατ’
1271 3793 1487 3856 οὐδενὸς
1542 3793 1758 3859 λογίζει

211 3879 320 3933 σοι’
379 3883 604 3952 ἐπείπερ
668 3884 968 3948 ἀναγκαῖον
1039 3881 1135 3933 καὶ
1187 3881 1286 3944 τὰς
1342 3881 1526 3943 αἰτίας
1579 3878 1756 3940 οὓτως

207 3969 330 4039 ιχειν
351 3973 440 4024 καὶ
463 3972 832 4042 φυλάττεσθαι
873 3971 1165 4040 διαφόρους
1188 3971 1283 4022 καὶ
1308 3968 1542 4031 τελείας,
1566 3968 1715 4020 ὥσπε
1725 3983 1757 4036 ρ

206 4062 262 4114 τὰ
289 4064 386 4117 [δια
405 4063 604 4118 τούτων
639 4063 906 4133 ἰδιώματα
933 4063 1026 4116 καὶ
1047 4061 1256 4132 προϐλή
1267 4078 1411 4130 ματα
1435 4078 1450 4092 ο
1484 4060 1608 4112 ἐπεὶ
1663 4058 1758 4112 οὖν

207 4153 414 4225 διάῳορά
435 4155 494 4208 τέ
522 4155 743 4208 είσικαὶ
763 4154 938 4217 διττὰ,
973 4154 1094 4206 θεῖά
1131 4170 1186 4205 τε
1216 4152 1348 4204 ὂντα
1386 4150 1496 4205 ,καὶ
1547 4149 1756 4204 ἀνθρώ-

208 4260 337 4308 πινα,
363 4246 593 4314 διάφορα
625 4245 782 4297 ἔσται
805 4245 900 4296 καὶ
929 4245 1024 4296 δύο
1053 4246 1150 4296 καὶ
1183 4244 1311 4296 τάδε
1330 4258 1346 4274 ·
1382 4243 1554 4300 ταῦτα
1583 4242 1640 4295 δὲ
1689 4242 1756 4294 τὰ

205 4335 333 4389 uitta
360 4336 465 4389 τῶν
499 4335 648 4388 ἰδίων
680 4337 842 4400 εἰπερ
871 4333 1061 4402 φύσεις
1113 4328 1254 4386 εἶναι
1307 4332 1644 4400 ὁμολογεῖτε,
1693 4333 1758 4384 ὲκ

201 4424 280 4478 δύο
330 4429 431 4498 ἄρα
461 4429 571 4482 τῶν
612 4427 829 4495 φύσεων
889 4427 1138 4497 προϊέναι
1201 4425 1303 4491 τὰς
1357 4427 1628 4497 ἰδιότητας
1660 4426 1755 4480 καὶ

204 4517 338 4585 ὑμεῖς
357 4521 686 4588 ὁμολογεῖτε.

263 4618 368 4674 κς¹.
419 4612 538 4665 Ἔτι
568 4613 619 4664 εἰ
663 4611 764 4681 τὴν
809 4611 1047 4680 φυσικὴν
1089 4610 1355 4680 διαφορὰν
1397 4610 1754 4679 ὁμολογοῦσιν

203 4701 250 4750 ὲν
275 4697 657 4772 Χριστῷ,.ἆρὰ
710 4719 776 4769 γε
814 4700 976 4754 τινῶν
1022 4702 1194 4755 ὄντων
1246 4701 1346 4774 ήδη
1408 4697 1549 4755 εἶναι
1581 4700 1755 4773 αὐτὴν

202 4787 456 4860 διαφορὰν,
488 4793 522 4862 ἢ
553 4791 717 4844 τινῶν
739 4792 815 4860 μὴ
839 4790 1010 4844 ὄντων
1046 4793 1298 4860 λέγουσιν
1327 4788 1468 4846 εἶναι
1501 4791 1598 4862 τὴν
1631 4793 1750 4854 δια-

202 4882 350 4949 φορὰν
387 4884 442 4935 ιν
478 4885 520 4936 Χ
531 4883 722 4953 ριστῷ.
741 4883 864 4935 ἐπεὶ
880 4879 972 4936 οὖν
1001 4883 1241 4948 πάντως,
1261 4883 1432 4937 ὄντων
1456 4882 1694 4950 ἐροῦσιν,
1717 4884 1749 4954 ἢ

201 4969 278 5023 δύο
295 4973 487 5026 τούτων
506 4975 710 5045 δηλαδὴ
732 4975 765 5044 ἢ
797 4974 1395 5044 πλειόνων,λεγὲτωσαν
1426 4971 1518 5029 οὖν
1536 4977 1753 5028 ὁπόσων

200 5062 337 5114 τινῶν
373 5062 653 5133 βούλονται
700 5059 842 5119 εἶναι
884 5066 1075 5136 αὐτὴν,
1125 5067 1220 5120 καὶ
1273 5067 1348 5138 μὴ
1383 5067 1750 5120 εύλαδείσθω-

200 5166 297 5205 σαν.

254 5243 344 5307 κζ’.
371 5247 487 5300 ἐτι
528 5251 576 5301 εί
602 5249 664 5302 τὸ
691 5249 875 5318 λέγειν
897 5250 1012 5315 δύο,
1054 5253 1309 5322 χωρίζειν
1343 5254 1481 5317 ἐστὶ,
1511 5253 1628 5317 πῶς
1655 5255 1750 5307 δύο

198 5331 418 5401 λέγοντες
441 5341 538 5401 τὰς
569 5342 845 5412 ἰδιότητας
894 5345 989 5396 καὶ
1017 5345 1174 5398 αὐτοὶ
1203 5347 1304 5412 τὴν
1327 5343 1523 5399 ἕνωσιν
1553 5349 1613 5399 οὐ
1653 5365 1749 5415 με·-

200 5423 444 5495 ρίζουοινς
479 5432 624 5485 Ἀλλ’
648 5435 781 5497 ἴσως
809 5435 1034 5500 εἴποιεν,
1063 5436 1144 5489 ὅτι
1177 5437 1336 5490 τοῦτο
1356 5437 1613 5508 χωρίζειν
1645 5444 1746 5510 τὴν

197 5514 334 5581 φύσιν
363 5523 421 5574 ού
439 5527 713 5591 πέφυκεν·
747 5525 858 5578 ίὸου
888 5529 980 5579 καὶ
1013 5529 1072 5580 ἐν
1101 5531 1215 5592 τοῖς
1243 5530 1364 5580 καθ’
1396 5530 1626 5593 ἕκαστα,
1652 5536 1746 5584 καὶ

198 5603 245 5659 ἑν
263 5611 388 5682 αύτῇ
414 5616 475 5683 τῇ
506 5615 638 5685 ἁγία
677 5616 897 5685 Τριάδι,
933 5617 1151 5682 πλείους
1181 5622 1279 5688 μὲν
1310 5621 1410 5684 τὰς
1452 5621 1741 5693 ἰόιὸτῃτας,

200 5694 372 5760 μίανδὲ
395 5703 488 5773 τὴν
509 5707 675 5772 φύσιν
701 5709 920 5778 ὁρῶμεν
944 5728 954 5741 ·
992 5713 1163 5764 ταῦτα
1189 5713 1240 5764 δὲ
1277 5714 1375 5782 οὐχ
1405 5714 1578 5776 οὕτως
1614 5733 1742 5784 φριμ-

196 5801 383 5855 vna-Ite;
431 5797 476 5849 οξ
526 5797 747 5863 πλείους
814 5802 991 5854 αὐτῶν
1033 5823 1215 5872 again,
1257 5808 1299 5858 εἰ
1355 5808 1448 5859 καὶ
1494 5809 1624 5878 πρ’›;
1687 5810 1742 5861 1.3

1777 4516 1833 4575 D

1853 3256 2148 3319 nientium,
2180 3255 2327 3310 unde
2363 3254 2496 3308 illud
2534 3251 2923 3313 consideratis,
2969 3247 3290 3318 responditc
3335 3263 3436 3300 nc-

1854 3348 1942 3402 bis
1978 3366 1991 3402 :
2026 3349 2071 3402 si
2105 3349 2283 3411 enim,
2316 3347 2446 3416 quia
2481 3345 2754 3416 completa
2788 3343 2978 3396 divina
3014 3349 3072 3396 et
3105 3341 3344 3394 humana
3385 3339 3436 3392 in

1853 3440 2046 3495 eadem
2075 3438 2278 3501 videtis
2304 3452 2559 3508 persona,
2591 3437 2800 3490 salvum
2837 3435 3105 3504 cujusque
3133 3430 3439 3485 naturalem

1855 3545 2166 3585 sermonem
2195 3546 2295 3599 per
2320 3530 2645 3585 idiomatum
2676 3525 3080 3581 mutuationem
3111 3523 3166 3576 in
3191 3537 3304 3575 uno
3337 3521 3442 3574 hoc

1856 3624 2164 3691 composito
2221 3621 2590 3693 cognoscitis,
2638 3618 2996 3690 perspicuum
3054 3616 3165 3671 erit
3209 3613 3357 3683 quod
3409 3628 3443 3666 ο

1856 3714 2103 3783 perfecto
2126 3713 2365 3782 quodam
2402 3713 2568 3782 hujus
2601 3711 2956 3780 operationes
2984 3717 3039 3762 et
3063 3706 3349 3777 passiones
3375 3706 3442 3757 ιδι-

1857 3805 2103 3873 perfecto
2132 3812 2188 3858 et
2213 3819 2324 3857 non
2359 3803 2426 3858 de
2461 3803 2613 3856 nullo
2645 3799 2954 3869 exponitis;
2983 3795 3440 3866 quandoquidem

1856 3895 2234 3950 necessarium
2272 3905 2329 3950 et
2357 3909 2553 3950 causas
2587 3892 2667 3948 sic
2695 3907 2815 3947 esse
2847 3899 2906 3944 et
2932 3889 3142 3945 servari
3175 3886 3439 3942 (ἥσει-θην

1860 3997 1944 4041 tes
1977 3995 2034 4041 et
2067 3987 2372 4056 periectas,
2407 3986 2552 4040 sicut
2587 3985 2812 4054 propria
2849 3984 3046 4037 horum
3088 3981 3350 4035 idiomata
3387 3989 3435 4031 et

1857 4078 2224 4148 quaestiones;
2261 4094 2389 4132 cum
2418 4091 2551 4146 ergo
2585 4074 2898 4130 diﬂ‘erentia
2935 4074 3046 4128 sint
3075 4081 3132 4127 et
3163 4070 3438 4141 duplicia.

1857 4169 2046 4223 divina
2078 4180 2134 4224 et
2166 4169 2428 4234 humana,
2453 4169 2767 4223 differentia
2799 4173 2964 4221 erunt
2994 4174 3051 4220 et
3081 4165 3192 4219 duo
3228 4171 3285 4218 et
3316 4163 3436 4216 ista.

1859 4259 1986 4314 Haac
2013 4275 2143 4314 vero
2170 4276 2292 4329 quae
2320 4275 2482 4313 causa
2511 4268 2640 4314 sunt
2664 4259 3037 4328 propriorum,
3059 4256 3189 4310 licet
3216 4263 3442 4312 naturas

1857 4369 1978 4408 esse
2009 4353 2382 4407 conﬁteamini
2403 4393 2418 4416 ,
2448 4360 2501 4406 et
2533 4351 2764 4406 duarum
2795 4366 2929 4420 ergo
2957 4359 3277 4404 naturarum
3311 4362 3439 4417 pro-

1860 4442 2034 4498 ﬂuere
2067 4443 2434 4513 proprietates
2456 4451 2512 4497 et
2537 4458 2634 4498 vos
2661 4439 3025 4497 conﬁtemini.

1924 4623 2014 4677 26.
2049 4623 2246 4677 Adhuc
2290 4621 2335 4676 si
2376 4620 2659 4691 physicam
2701 4617 3076 4673 dill'erentiam
3122 4615 3176 4669 in
3215 4615 3439 4669 Christo

1855 4715 2218 4778 confitentur,
2241 4716 2352 4784 jam
2389 4729 2522 4782 ergo
2555 4728 2792 4783 quarum
2830 4726 3015 4766 rerum
3051 4708 3436 4764 exsistentium

1853 4821 1977 4862 esse
2011 4806 2151 4860 hanc
2180 4805 2552 4860 dili‘erentiam
2573 4843 2587 4866 ,
2618 4813 2714 4858 aut
2743 4818 2979 4873 quarum
3014 4817 3125 4856 non
3163 4800 3404 4853 exsisten
3430 4829 3437 4836 -

1855 4899 1993 4952 tium
2047 4897 2239 4952 dicunt
2285 4912 2408 4952 esse
2465 4897 2837 4951 dill‘erentiam
2896 4896 2951 4948 in
3005 4893 3264 4953 Christo.
3310 4906 3433 4945 cun;

1851 4989 2100 5060 penitus.
2128 4987 2549 5051 exsistentimn,
2579 4988 2803 5053 dicunt;
2836 4987 2921 5040 vel
2962 4985 3198 5040 duarmn
3238 4981 3434 5036 barum

1852 5082 1937 5135 vel
1966 5080 2209 5151 plurium
2236 5079 2425 5135 dicant
2447 5096 2578 5150 ergo
2605 5096 2840 5144 quarum
2874 5080 3074 5133 harum
3096 5076 3291 5131 volunt
3314 5091 3434 5129 esse

1851 5173 1998 5228 illam
2019 5214 2032 5236 ,
2061 5182 2115 5226 et
2143 5189 2252 5226 non
2288 5181 2654 5242 praecaveant.

1919 5264 2008 5318 ετ.
2036 5265 2230 5319 Adhuc
2267 5265 2310 5319 si
2347 5265 2536 5319 dicere
2574 5265 2708 5328 duo,
2734 5263 2987 5318 dividere
3019 5271 3123 5322 est,
3154 5258 3433 5329 quomodo

1850 5358 1944 5427 qui
1987 5357 2125 5412 duas
2166 5359 2364 5436 dicunt
2399 5357 2769 5427 preprietates
2804 5365 2861 5409 et
2897 5355 2998 5425 ipsi
3041 5352 3430 5408 adunationem

1849 5464 1960 5503 non
2009 5449 2304 5504 dividunt?
2352 5449 2460 5504 Sed
2515 5449 2773 5504 similiter
2818 5447 3041 5510 dicant,
3093 5443 3240 5514 quod
3297 5443 3427 5496 illud

1849 5548 2131 5606 naturam,
2162 5557 2270 5594 non
2302 5540 2510 5593 divisit.
2541 5541 2681 5595 Ecce
2706 5539 2853 5593 enim
2887 5548 2942 5592 et
2992 5538 3046 5590 in
3085 5536 3252 5589 rebus
3308 5552 3428 5604 qua-

1851 5647 1947 5699 pcr
1976 5631 2186 5701 singula
2216 5630 2587 5699 inspiciuntur
2609 5637 2666 5682 et
2697 5629 2750 5681 in
2786 5631 2900 5698 ipsa
2925 5634 3110 5681 sancta
3136 5623 3424 5678 Trinitatr.

1850 5722 2031 5790 plures
2074 5722 2296 5789 quidem
2348 5720 2744 5792 proprietates,
2782 5734 2946 5772 unam
2991 5732 3125 5771 vero
3176 5724 3425 5769 naturam

1849 5812 2127 5876 vidulum;
2183 5812 2295 5864 hau:
2343 5828 2468 5864 vero
2525 5827 2630 5864 non
2685 5810 2761 5862 sic:
2815 5808 3124 5877 rogitantes
3178 5801 3425 5875 pirriqua
