4102 6490
642 400 770 462 1787

1894 406 2204 467 LEONTll
2248 403 2422 462 BYZA
2436 402 2553 460 NTI
2569 401 2645 459 N1

3749 393 3909 455 1788

635 525 825 563 eorum
869 510 1088 574 dicunt,
1123 510 1253 565 licet
1297 528 1397 582 pro
1442 529 1624 567 rerum
1677 521 1822 568 statu
1872 518 2001 571 talia
2049 516 2206 570 nobis

2311 513 2485 580 παρὸν
2514 512 2640 563 τάδε
2676 512 2810 579 ἡμῖν
2842 508 3261 578 προϐάλλονται,
3286 508 3357 570 ὼς
3395 509 3451 557 ἐν
3482 508 3690 575 ἑτέροις
3746 508 3907 559 ἐδεξ-

636 598 938 667 proferant,
970 600 1114 654 sicut
1154 601 1209 655 in
1247 604 1463 657 caeteris
1502 610 1869 658 monstratum
1911 615 2014 659 est.
2051 605 2206 658 Atta-

638 704 759 742 men
789 689 1038 744 dicamus
1070 690 1137 744 ad
1168 691 1317 760 ipsos
1347 711 1359 745 :
1392 692 1495 759 Qui
1520 708 1653 763 ergo
1681 695 1827 749 circa
1854 697 1998 765 ipsas
2024 694 2209 771 dicitis

632 780 745 832 duo
774 795 901 844 vos,
932 797 1055 850 quae
1084 782 1340 850 fuerunt,
1373 800 1482 837 non
1513 796 1794 853 naturam,
1820 786 1915 840 sed
1948 787 2207 857 hyposla-

634 886 724 925 ses
757 886 1117 940 personarum
1150 874 1323 928 unius
1360 884 1568 929 naturae
1604 874 1880 942 dividere;
1918 892 2042 929 nam
2080 890 2208 945 pro-

637 962 963 1030 prietatibus
1011 964 1144 1033 ipsa:
1185 964 1533 1029 dividuntur,
1564 974 1620 1019 et
1663 966 1966 1020 secundum
2005 981 2105 1020 vos
2152 975 2208 1019 et

634 1051 940 1105 secundum
976 1067 1077 1106 nos
1111 1071 1124 1106 :
1154 1039 1423 1118 dicentes,
1454 1055 1698 1124 inquam,
1727 1055 1877 1109 circa
1908 1055 2052 1124 ipsas
2084 1064 2205 1109 tan-

637 1150 750 1194 tum
804 1143 1167 1211 proprietates
1208 1143 1276 1198 de
1316 1143 1538 1198 Christo
1581 1145 1989 1214 duplicitntem,
2028 1144 2204 1215 hype—

633 1242 810 1288 stases
843 1250 1207 1303 personarum
1242 1235 1380 1291 duas
1408 1238 1563 1291 scitis
1620 1237 1855 1301 Christi,
1884 1237 1990 1291 etsi
2041 1252 2204 1291 unam

632 1323 751 1389 cjns
784 1333 1029 1377 naturam
1056 1324 1417 1380 confitemini.
1442 1326 1598 1393 Quod
1636 1326 1780 1381 absit
1815 1344 1845 1381 a
1876 1328 2064 1392 vobis,
2097 1327 2206 1381 fra-

637 1421 776 1476 tres,
802 1412 1114 1468 admittere.
1143 1415 1201 1469 Si
1237 1425 1419 1470 autem
1454 1416 1655 1471 dicatis
1685 1432 1788 1471 nec
1816 1426 2069 1471 naturam
2103 1431 2206 1471 nec

636 1502 972 1571 hypostasim
1003 1505 1373 1574 proprietates
1406 1506 1688 1570 dividere,
1714 1521 1818 1561 nec
1847 1507 2048 1561 Paulus
2073 1522 2205 1586 ergo

632 1608 663 1646 a
696 1592 891 1657 Petro,
922 1610 1023 1650 nec
1053 1612 1081 1648 a
1115 1597 1275 1651 Patre
1306 1597 1480 1651 Filius
1507 1597 1811 1652 secundum
1842 1597 1974 1667 quid
2004 1596 2205 1651 discer-

634 1684 815 1747 uitur,
861 1692 1059 1739 natura
1106 1686 1315 1757 quippe
1354 1688 1550 1754 iidem,
1591 1687 2032 1757 proprietatibus
2072 1702 2205 1742 vero

620 1773 1103 1844 indistinguibiles
1128 1785 1185 1830 et
1216 1786 1349 1832 natu
1379 1770 1781 1847 i'mpossibiiesQ

2309 602 2435 670 χθη.
2468 601 2613 668 Πλὴν
2662 603 2909 667 εἰποιμεν
2940 598 3072 667 πρὸς
3113 598 3310 660 αὐτούς
3336 614 3350 629 ·
3392 597 3545 650 Ἑπεί
3597 594 3692 650 οὖν
3743 604 3905 651 κατὰ

2307 693 2505 753 ταύτας
2523 692 2713 759 λέγετε
2740 690 2799 742 τὸ
2831 690 2922 741 δύο
2950 689 3137 759 ὑμεῖς,
3160 689 3215 741 αἳ
3249 689 3518 756 πέφυκαν,
3551 689 3611 741 οὑ
3645 688 3745 756 τὴν
3788 688 3906 755 φύ-

2309 799 2392 836 σιν
2439 781 2712 853 χωρίζειν,
2770 780 2906 834 ἀλλὰ
2947 781 3044 842 τὰς
3078 780 3411 841 ὑποστάσεις
3439 778 3548 831 τῶν
3570 780 3908 849 προσώπων

2304 872 2405 941 τῆς
2433 872 2563 941 μιᾶς
2618 870 2834 939 φύσεως
2856 886 2868 899 ·
2904 873 3020 930 ταῖς
3052 868 3157 939 γὰρ
3213 869 3470 938 ἰδιότησιν
3523 863 3682 922 αὗται
3712 868 3907 938 χωρί-

2306 962 2507 1026 ζονται,
2546 961 2668 1014 καθ’
2708 962 2853 1031 ὑμᾶς
2877 977 2938 1012 τε
2978 961 3072 1012 καὶ
3122 959 3243 1013 καθ’
3278 960 3445 1029 ἡμᾶς,
3486 959 3738 1026 λέγοντες
3780 960 3908 1028 ἄρα

2306 1052 2446 1107 κατὰ
2474 1052 2674 1115 ταύτας
2709 1052 2871 1121 μόνον
2891 1052 3057 1122 ἦγουν
3080 1053 3183 1113 τὰς,
3208 1052 3479 1120 ἰδιότητας
3515 1050 3608 1102 ἐπὶ
3643 1051 3910 1119 Χριστὸν

2303 1144 2403 1213 τὴν
2425 1144 2615 1208 δυάδα,
2647 1143 2743 1207 τὰς
2768 1143 3097 1205 ὑποστάσεις
3140 1142 3249 1195 τῶν
3291 1141 3600 1210 προσώπων
3630 1141 3728 1193 δύο
3771 1141 3903 1192 ἴστε

2305 1233 2397 1286 τοῦ
2432 1234 2691 1304 Χριστοῦ,
2739 1236 2788 1287 εἰ
2838 1234 2932 1287 καὶ
2987 1235 3117 1301 μίαν
3144 1234 3244 1303 τὴν
3296 1232 3459 1301 φύσιν
3493 1231 3660 1286 αὑτοῦ
3694 1234 3909 1303 ὁμολο-

2305 1328 2451 1393 γεῖτε
2472 1342 2485 1356 ⁸
2525 1327 2661 1396 ὅπερ
2690 1325 2765 1395 μὴ
2790 1324 2876 1394 εἰη
2908 1324 3079 1393 ὑμᾶς,
3111 1323 3354 1392 ἀδελφοὶ,
3381 1323 3780 1393 καταδέχεσθαι
3804 1341 3821 1354 ’
3849 1327 3906 1376 εἰ

2302 1415 2357 1467 δὲ
2379 1416 2582 1469 εἴποιτε
2620 1417 2756 1485 μήτε
2785 1415 2882 1486 τὴν
2906 1414 3068 1483 φύσιν
3124 1414 3261 1482 μήτε
3298 1413 3396 1483 τὴν
3448 1413 3749 1467 ὑπόστασιν
3788 1414 3907 1477 τὰς

2308 1504 2577 1572 ἰδιότητας
2611 1504 2889 1575 χωρίζειν,
2924 1502 3049 1557 οὕτε
3083 1503 3295 1567 Παῦλος
3349 1503 3458 1573 ἄρα
3488 1503 3719 1573 Πέτρου,
3759 1502 3908 1555 οὔτε

2303 1595 2397 1648 τοῦ
2428 1595 2642 1666 [ἰατρὸς
2673 1594 2845 1657 ὁΥἰός
2866 1595 3008 1647 κατά
3032 1611 3084 1646 τι
3112 1593 3467 1664 διακρίνεται,
3498 1596 3565 1663 τῇ
3595 1594 3695 1662 μὲν
3715 1592 3909 1662 φύσει

2303 1689 2456 1749 ὄντες
2487 1686 2694 1751 ταυτοὶ,
2723 1687 2843 1748 ταῖς
2869 1684 2927 1738 δὲ
2958 1684 3213 1753 ἰδιότησιν
3245 1684 3550 1753 άδιάκριτοι
3586 1685 3679 1737 καὶ
3724 1684 3908 1738 ἀδιά-

2305 1796 2561 1847 γνωστοι.

704 1864 790 1918 28.
820 1866 877 1920 Si
908 1867 1286 1922 diversitatem
1319 1859 1540 1932 dicunt,
1566 1877 1623 1923 et
1647 1867 2021 1937 duplicitatem
2049 1865 2203 1936 peni-

2378 1876 2481 1926 κη’.
2515 1869 2577 1922 Εἰ
2597 1867 2862 1938 διαφορὰν
2891 1867 3132 1936 λέγουσι,
3170 1866 3261 1920 καὶ
3283 1866 3447 1920 δυάδα
3465 1866 3680 1929 πάντως
3703 1868 3908 1919 εἰπεῖν

637 1964 723 2008 Ius
765 1955 1142 2010 diﬂ‘erentium
1184 1957 1371 2012 dicere
1419 1966 1711 2029 cogentur;
1756 1974 1879 2012 nam
1925 1954 1981 2011 et
2018 1955 2203 2011 rerum

631 2046 865 2100 diversa:
891 2055 1102 2102 natura;
1126 2048 1494 2111 enumeratio,
1517 2059 1574 2104 et
1598 2048 1963 2103 accidentium
1989 2054 2206 2121 mutan-

634 2137 767 2188 tium
794 2136 1096 2190 secundum
1125 2138 1283 2207 quid,
1308 2150 1402 2195 aut
1430 2142 1648 2195 tandem
1677 2139 1952 2196 n‘udarum
1986 2140 2203 2193 numeri

632 2226 872 2296 partium
918 2236 1014 2282 aut
1059 2230 1347 2285 subtilium
1394 2230 1757 2300 quarumdam
1807 2231 2202 2301 cogitationum

630 2318 675 2371 Si
718 2318 876 2373 ﬁeret
911 2320 1148 2384 mentio,
1181 2336 1250 2376 ex
1287 2321 1599 2377 diﬂ'erentia
1638 2337 1760 2412 quia
1797 2322 2013 2377 exsistit
2055 2323 2202 2377 circa

635 2408 898 2472 verbum,
930 2411 1017 2465 vel
1061 2412 1314 2466 ordinem
1354 2413 1442 2467 vel
1484 2408 1733 2483 tempus,
1767 2414 1850 2468 vel
1896 2414 2076 2468 locum
2117 2414 2202 2468 vel

632 2498 901 2565 habitum,
928 2501 1093 2555 etilla
1128 2502 1413 2557 evidenter
1438 2502 1748 2573 praecedet:
1788 2512 1885 2557 aut
1920 2519 2053 2574 ergo
2093 2520 2203 2559 non

630 2587 1025 2655 diﬂerentiam,
1052 2602 1149 2644 aut
1172 2598 1229 2646 et
1254 2607 1548 2648 numerum
1578 2593 1955 2648 diﬂ‘erentium
1980 2603 2204 2649 natura-

632 2694 752 2732 rum
778 2679 987 2736 dicant.

700 2769 852 2835 29.,Si
878 2788 908 2826 e
934 2772 1153 2827 duobus
1176 2772 1425 2830 dicentes
1446 2776 1659 2832 naturis
1679 2776 1984 2841 Christum,
2005 2793 2202 2847 nempe

630 2876 663 2914 e
690 2863 985 2916 communi
1028 2862 1316 2920 divinitate
1360 2874 1418 2920 et
1455 2866 1826 2932 humanitate,
1858 2868 1997 2923 duas
2040 2870 2203 2924 hasce

630 2959 687 3005 et
737 2959 864 3021 post
908 2953 1301 3009 adunationem
1350 2971 1461 3011 non
1508 2967 1878 3028 cognoscunt,
1920 2975 2050 3029 ergo
2094 2975 2203 3013 non

633 3050 970 3113 cognoscunt
1019 3054 1143 3115 post
1190 3047 1559 3101 meonomiam
1598 3049 1994 3103 incarnationis
2041 3050 2202 3104 Verbi

632 3147 957 3188 communes
982 3132 1121 3189 duas
1151 3134 1511 3189 humanitatis
1535 3143 1593 3189 et
1617 3134 1924 3190 divinitatis
1955 3144 2200 3202 naturas,

635 3238 736 3277 nec
761 3224 1053 3293 separatim
1083 3240 1177 3279 eas
1204 3234 1531 3291 numerant,
1557 3241 1660 3281 nec
1686 3240 1809 3280 esse
1837 3241 2067 3295 prorsus
2096 3227 2206 3282 duo

632 3313 815 3369 adhuc
838 3315 1110 3384 reliquum
1143 3315 1336 3370 dicunt
1361 3333 1375 3369 :
1403 3320 1530 3369 nam
1561 3331 1592 3370 a
1618 3316 1939 3386 duplicitate
1965 3334 2207 3375 cessasse

635 3406 980 3461 contendunt
1008 3407 1126 3461 haec
1152 3423 1181 3461 a
1210 3408 1412 3478 quibus
1435 3409 1746 3463 exsurrexit
1765 3408 2047 3464 adunatio.
2074 3411 2207 3467 Esse

634 3504 764 3550 vero
789 3511 853 3550 ea
884 3511 1208 3552 communes
1232 3506 1459 3552 naturas
1487 3498 1844 3554 conﬁtentur.

686 3586 789 3641 50.
827 3586 887 3641 Si
931 3596 1217 3657 propterea
1268 3589 1417 3659 quod
1454 3599 1778 3644 naturarum
1821 3590 2083 3646 adunatio
2123 3601 2208 3648 est

637 3692 798 3730 uuam
850 3688 1190 3747 cognoscunt
1231 3688 1488 3735 naturam
1542 3695 1606 3735 ea
1657 3696 1781 3750 quae
1827 3692 2208 3737 convenerunt

636 3765 789 3832 ﬁeri,
817 3776 873 3820 et
904 3768 1034 3835 quia
1068 3776 1390 3823 naturarum
1424 3769 1739 3825 differentia
1768 3781 1884 3836 est,
1917 3772 2056 3827 duas
2093 3774 2209 3828 haec

633 3864 981 3927 cognoscant.
1015 3856 1135 3911 Non
1172 3857 1319 3912 enim
1360 3858 1507 3928 quod
1547 3859 1651 3929 ipsi
1692 3870 1777 3915 est
1813 3862 1883 3915 ob
1922 3862 2209 3927 adunatio-

635 3961 793 4011 nem,
840 3945 975 4001 illud
1022 3957 1079 4002 et
1120 3946 1193 4002 ob
1241 3948 1611 4004 diﬂerentiam
1662 3952 1963 4020 putabunt,
2004 3953 2101 4008 sed
2152 3954 2206 4007 in

634 4038 808 4093 altero
850 4038 1020 4093 verbo
1061 4039 1319 4095 alterum.
1349 4040 1486 4096 Cum
1532 4058 1664 4114 ergo
1700 4053 1756 4100 et
1791 4044 2098 4099 essentiaiis
2139 4044 2208 4099 iis

634 4145 755 4199 que
782 4132 1125 4187 conveniunt
1150 4134 1317 4188 rebus
1345 4134 1682 4199 diﬂ’erentia,
1708 4146 1765 4191 et
1787 4135 1994 4207 adjecta
2020 4152 2208 4191 essen-

636 4222 729 4276 tiis
758 4222 1044 4289 adunatio,
1072 4224 1214 4279 bene
1241 4226 1512 4281 essentias
1542 4228 1767 4297 proprio
1798 4228 1931 4297 ipsis
1954 4243 2207 4283 sermone

634 4313 1050 4377 discernentes,
1102 4314 1245 4369 duas
1304 4314 1543 4370 dicimus
1599 4332 1794 4386 nempe
1850 4317 2205 4384 diversitate;

635 4406 927 4475 personam
952 4420 1083 4461 vero
1113 4406 1248 4476 ipsis
1275 4420 1439 4460 unam
1472 4406 1806 4461 adunatione
1836 4407 2135 4462 credimus.

707 4604 1026 4673 3|..\Adhuc
1064 4604 1244 4659 omnis
1281 4604 1570 4674 compositi
1614 4602 1837 4673 perfecti
1870 4618 1973 4657 nec
2010 4617 2209 4673 super-

634 4695 954 4760 abundare,
1003 4712 1106 4751 nec
1160 4695 1397 4751 deiicere
1449 4703 1670 4764 oportet
1718 4709 2064 4758 sermonem,
2112 4693 2209 4748 sed

635 4787 996 4843 suﬂicientem
1042 4803 1194 4854 esse;
1236 4786 1534 4857 duplicitas
1576 4786 1752 4856 prima
1793 4786 2121 4855 compositio
2154 4794 2212 4841 et

634 4875 847 4944 primus
882 4873 1159 4930 sutIiciens
1193 4891 1491 4940 numerus;
1524 4876 1802 4946 quomodo
1834 4890 1967 4945 ergo
2002 4874 2209 4945 impor-

637 4977 829 5020 tunum
868 4966 977 5021 erit
1014 4967 1083 5021 de
1118 4967 1443 5036 compositis
1483 4970 1698 5022 naturis
1732 4975 1787 5022 et
1820 4982 1989 5021 unum
2026 4966 2209 5036 perfe-

635 5065 785 5108 ctum
820 5056 1261 5125 complentibus,
1292 5056 1675 5126 duplicitatem
1702 5056 1917 5118 dicere,
1949 5054 2211 5125 hyposta-

636 5161 759 5200 seos
790 5161 921 5201 vero
957 5147 1259 5202 unitatem?
1292 5148 1412 5202 Non
1445 5148 1593 5202 enim
1628 5146 1694 5200 ad
1730 5145 1964 5201 invicem
2004 5161 2211 5200 conve-

637 5246 837 5297 nerunt
860 5238 984 5293 dure
1010 5234 1336 5310 bypostases
1359 5240 1505 5295 sicut
1528 5251 1584 5295 et
1612 5248 1843 5293 naturae.

705 5328 794 5383 32.
832 5328 1027 5383 Adhuc
1072 5330 1254 5385 omnis
1304 5331 1489 5387 unitas
1537 5332 1584 5386 si
1636 5330 1860 5385 omnino
1896 5329 1967 5403 bin
2014 5328 2208 5384 eodem

635 5436 800 5475 sensu
825 5421 1121 5476 verborum
1152 5424 1455 5478 secundum
1482 5438 1652 5478 unum
1678 5422 1746 5478 de
1774 5422 1958 5493 aliquo
1982 5422 2207 5487 dicitur,

636 5518 693 5564 et
735 5509 1033 5580 duplicitas
1076 5520 1202 5566 ante
1246 5512 1451 5568 dictam
1498 5513 1553 5566 in
1598 5527 1665 5567 eo
1710 5510 2013 5566 secundum
2065 5512 2209 5566 idem

638 5598 1014 5668 duplicitatem
1054 5610 1142 5655 est
1178 5601 1371 5656 etiam.
1405 5601 1461 5656 Si
1500 5618 1633 5656 vero
1678 5611 1799 5671 post
1834 5601 2210 5671 duplicitatem

638 5690 877 5755 dicatur,
905 5683 999 5747 aut
1023 5708 1129 5747 non
1160 5694 1215 5747 in
1240 5693 1433 5748 eodem
1461 5692 1668 5748 dicitur
1694 5694 1986 5747 verborum
2020 5707 2207 5753 sensu,

637 5797 732 5839 ant
768 5783 951 5844 unitas
988 5801 1096 5840 non
1136 5796 1241 5841 est.
1274 5786 1390 5841 Non
1430 5785 1575 5840 cnim
1623 5786 1784 5839 habet
1824 5795 2068 5839 naturam
2115 5793 2209 5838 aut

2306 1963 2413 2015 τῶν
2472 1960 2863 2031 διαφερόντων,
2919 1958 3427 2029 ἀναγκασθήσονται
3457 1957 3739 2027 δηλονότι·
3772 1958 3908 2010 τῶν

2304 2071 2362 2107 τε
2395 2054 2501 2125 γάρ
2533 2053 2841 2123 ἑτεροφυῶν
2875 2050 3219 2123 πραγμάτων
3264 2052 3296 2121 ἡ
3328 2050 3731 2120 ἀπαρίθμησις,
3775 2050 3909 2103 τῶν

2304 2161 2363 2197 τε
2394 2142 2819 2213 συμϐεϐηκότων
2856 2140 2964 2194 τῶν
2997 2139 3431 2205 ὲξαλλασσόντων
3466 2139 3609 2193 κατά
3629 2157 3703 2203 τι,
3747 2139 3786 2210 ἢ
3834 2139 3914 2191 τό

2306 2251 2368 2303 γε
2407 2233 2654 2303 ἔσχατον,
2679 2232 2900 2301 γυμνῶν
2928 2231 3039 2284 τῶν
3066 2230 3161 2283 τοῦ
3201 2228 3435 2299 ἀριθμοῦ
3480 2230 3686 2299 μορίων
3717 2229 3750 2297 ἢ
3793 2231 3907 2298 ψι-

2304 2323 2410 2377 λῶν
2442 2340 2605 2376 τινων
2638 2323 3019 2391 ὲπινοημάτων
3057 2322 3105 2373 εἰ
3135 2320 3342 2388 γένοιτο
3370 2321 3633 2390 μέτρησις
3684 2319 3750 2372 ὲκ
3782 2320 3909 2388 τῆς

2304 2414 2566 2483 διαφορᾶς
2599 2416 2699 2483 τῆς
2739 2412 2882 2465 κατὰ
2915 2410 3152 2481 λόγον,ἢ
3183 2410 3358 2476 τάξιν,
3387 2409 3655 2479 ῆχρὸνον,
3694 2410 3727 2479 ἢ
3792 2412 3906 2464 τό-

2306 2526 2427 2573 πον,
2454 2508 2485 2577 ἢ
2529 2506 2736 2576 σχέσιν,
2767 2506 2862 2559 καὶ
2890 2503 3029 2575 αὕτη
3071 2503 3409 2574 προόήσεται
3440 2502 3659 2570 σαφῶς·
3714 2502 3748 2572 ἢ
3782 2498 3907 2556 οὖν

2307 2606 2443 2671 μήτε
2476 2600 2761 2668 διαφορὰν,
2811 2599 2844 2668 ἢ
2904 2597 2995 2649 καὶ
3046 2594 3135 2649 τὸν
3165 2594 3399 2666 ἀριθμὸν
3426 2594 3736 2663 λεγέτωσαν
3773 2596 3905 2651 τῶν

2303 2690 2670 2761 διαφερουσῶν
2699 2690 2936 2755 φύσεων.

2375 2780 2477 2835 κθ’.
2518 2783 2582 2834 Εἰ
2623 2784 2687 2834 ὲκ
2736 2778 2829 2834 δύο
2868 2779 3118 2847 λέγοντες
3163 2777 3381 2847 φύσεων
3410 2777 3501 2830 τὸν
3542 2777 3779 2846 Χριστὸν
3812 2776 3904 2841 ὡς

2304 2875 2368 2926 ἐκ
2400 2874 2497 2940 τῆς
2527 2869 2707 2941 κοινῆς
2737 2871 2989 2941 θεότητος
3014 2870 3111 2922 καὶ
3148 2868 3588 2939 ἀνθρωπότητος,
3623 2866 3717 2920 δύο
3743 2868 3904 2922 τάσ-

2303 2962 2358 3014 δε
2390 2963 2487 3014 καὶ
2511 2963 2650 3031 μετὰ
2679 2960 2776 3030 τὴν
2806 2960 3001 3013 ἕνωσιν
3034 2959 3095 3013 οὑ
3131 2957 3516 3027 γινώσκουσιν,
3544 2957 3730 3025 ἄραγε
3760 2958 3904 3011 οὐδὲ

2307 3054 2457 3105 ῐσασι
2515 3051 2656 3122 μετὰ
2723 3054 2822 3121 τὴν
2885 3048 3204 3120 οἰκονομίαν
3260 3048 3361 3118 τῆς
3408 3047 3737 3119 σαρκώσεως
3786 3046 3903 3101 τοῦ

2304 3140 2480 3209 Λόγου
2511 3141 2606 3203 τὰς
2632 3139 2816 3203 κοινάς
2848 3139 2941 3192 δύο
2963 3139 3157 3207 φύσεις
3187 3138 3609 3209 ἀνθρωπότητος
3640 3137 3735 3190 καὶ
3765 3137 3903 3191 Osd-

2306 3242 2492 3300 τητος.
2543 3231 2666 3284 οὐδὲ
2710 3229 3084 3300 διωρισμένως
3133 3229 3302 3292 αὑτάς
3355 3226 3710 3299 ἀριθμοῦσιν,
3760 3228 3904 3281 οὐδὲ

2307 3316 2448 3371 εἶναι
2485 3318 2621 3380 ὅλως
2670 3316 2765 3369 δύο
2817 3316 2897 3370 ἔτι
2926 3316 3115 3371 λοιπόν
3147 3334 3279 3385 φασι
3300 3334 3314 3348 ·
3346 3316 3474 3370 τάδε
3526 3315 3634 3389 γὰρ
3663 3316 3903 3370 πεπαῦ-

2309 3408 2432 3461 σθαι
2464 3408 2562 3478 τῆς
2608 3408 2799 3472 δυάδος
2833 3408 3000 3477 φασὶν
3050 3401 3131 3470 οἷς
3180 3408 3551 3477 προσγέγονεν
3579 3407 3614 3477 ἡ
3649 3404 3857 3471 ἔνωσις
3882 3425 3900 3439 ~

2306 3493 2447 3552 εἶναι
2478 3500 2533 3551 δὲ
2563 3498 2756 3565 ταῦτα,
2782 3498 2881 3561 τὰς
2915 3497 3105 3561 κοινὰς
3136 3496 3329 3567 φύσεις
3355 3496 3736 3568 ὁμολογοῦσιν.

2376 3590 2438 3642 λ’.
2475 3591 2535 3642 Et
2566 3589 2654 3642 διὰ
2704 3590 2765 3643 τὸ
2810 3592 2932 3654 ταῖς
2969 3589 3199 3658 φύσεσιν
3246 3588 3492 3657 ἡνῶσθαι
3550 3588 3680 3659 μίαν
3707 3588 3905 3646 οἴδασι

2309 3682 2471 3748 φύσιν
2521 3682 2590 3735 τὰ
2646 3681 2995 3747 συνελθόντα,
3031 3683 3124 3735 καὶ
3149 3680 3235 3734 διά
3263 3681 3325 3733 τὸ
3355 3680 3551 3750 φύσεσι
3579 3682 3903 3754 διαφέρειν,

2305 3771 2397 3825 δύο
2414 3770 2583 3824 ταῦτα
2612 3773 3063 3840 γινωσκέτωσαν·
3087 3772 3175 3826 διά
3195 3789 3254 3826 τε
3280 3772 3390 3847 γὰρ
3413 3773 3608 3827 ἕνωσιν
3636 3772 3693 3828 ἓν
3716 3775 3905 3845 πρόσ-

2305 3879 2470 3915 ωπον.
2503 3868 2597 3915 καὶ
2621 3863 2709 3916 διὰ.
2740 3864 2840 3933 τὴν
2872 3862 3138 3933 διαφορὰν
3186 3864 3243 3918 αἰ
3289 3862 3384 3917 δύο
3418 3864 3610 3933 φύσεις
3630 3880 3645 3894 ο
3681 3864 3744 3929 οὑ
3774 3867 3905 3940 γὰρ

2306 3952 2442 4020 ὅπερ
2475 3952 2623 4020 αὑτῷ
2652 3954 2771 4005 ἔστι
2804 3954 2896 4006 διὰ
2924 3953 3025 4023 τὴν
3056 3953 3273 4017 ἕνωσιν,
3300 3952 3462 4006 τοῦτο
3504 3955 3619 4008 καὶ·
3644 3954 3737 4007 διὰ
3785 3956 3905 4027 τὴν

2305 4038 2569 4109 διαφοράν
2600 4040 2997 4110 ὑπολήψονται,
3029 4040 3146 4095 ἀλλ’
3185 4042 3243 4094 ὲν
3287 4040 3502 4111 θατέρῳ
3531 4041 3609 4112 τῷ
3636 4041 3784 4111 λόγῳ
3831 4046 3903 4099 τὸ

2306 4130 2512 4202 ἕτερον.
2562 4129 2717 4184 Ἐπεὶ
2747 4125 2840 4185 οὖν
2878 4132 2972 4184 καὶ
3004 4132 3269 4204 οὑσιώδης
3301 4132 3400 4203 μὲν
3440 4135 3557 4196 τοῖς
3595 4132 3903 4188 συνελθοῦ-

2310 4238 2391 4273 σιν
2421 4224 2454 4291 ἡ
2500 4220 2757 4291 διἀφορὰ,
2798 4221 3097 4292 ἐπίκτητος
3126 4223 3183 4275 δὲ
3216 4224 3337 4285 ταῖς
3367 4222 3631 4294 οὐσίαιςὴ
3663 4223 3902 4291 ἓνωσις,

2309 4312 2487 4375 καλῶς
2513 4311 2613 4373 τὰς
2646 4313 2746 4381 μὲν
2774 4312 2963 4375 οὑσίας
3002 4312 3083 4384 τῷ
3126 4313 3242 4384 ἰδίῳ
3284 4313 3465 4368 αὑτῶν
3494 4314 3639 4383 λόγῳ
3671 4313 3913 4387 διακρί-

2309 4420 2520 4466 ναντες,
2546 4402 2646 4456 δύο
2680 4403 2882 4472 φαμὲν,
2908 4405 3076 4474 ήγουν
3099 4408 3166 4474 τῇ
3206 4406 3472 4476 διαφορᾷ·
3504 4407 3564 4459 τὸ
3607 4405 3663 4459 δὲ
3712 4410 3904 4479 πρόσ-

2228 4494 2280 4553 D
2306 4511 2471 4557 ωπον,
2502 4495 2693 4557 αὑταῖς
2722 4493 2780 4546 ἒν
2808 4498 2874 4565 τῇ
2903 4494 3091 4548 ὲνώσει
3118 4495 3414 4566 δοξάζομεν

2380 4602 2483 4656 λα’.
2524 4602 2646 4655 Ἔτι
2689 4602 2894 4663 παντὸς
2953 4601 3210 4655 συνθέτου
3263 4604 3478 4656 τελείου
3522 4602 3648 4657 οὔτε
3703 4622 3904 4676 περιτ-

2310 4690 2489 4745 τεύειν
2527 4689 2653 4744 οὑτε
2681 4690 2953 4743 ἐλλείπειν
2976 4691 3059 4744 δεῖ
3095 4691 3187 4743 τὸν
3218 4691 3398 4759 λόγον,
3434 4692 3549 4746 ἀλλ’
3585 4692 3774 4766 άρτιον
3807 4694 3903 4751 εἷ-

2312 4802 2397 4836 ναι
2419 4800 2432 4813 ·
2468 4782 2605 4845 δυὰς
2651 4782 2718 4835 δὲι
2747 4781 2947 4853 πρώτη
3001 4780 3275 4847 σύνθεσις,
3305 4785 3403 4837 καὶ
3433 4786 3653 4853 πρῶτος
3698 4787 3904 4859 ἄρτιος

2309 4874 2568 4944 ἁριθμός’
2596 4874 2712 4936 πῶς
2744 4869 2839 4927 οὖν
2872 4873 3221 4945 άπρόσφορον
3245 4875 3397 4927 ἔσται
3428 4876 3524 4927 ἐπὶ
3554 4876 3662 4929 τῶν
3702 4894 3903 4934 συντε-

2311 4964 2507 5017 θεισῶν
2547 4964 2763 5032 φύσεων
2800 4965 2895 5017 καὶ
2938 4963 2999 5016 τὸ
3031 4962 3090 5017 ἓν
3130 4964 3337 5016 τέλειον
3372 4965 3904 5041 πληῳυσῶνβυάδα

2308 5054 2507 5123 λέγειν,
2534 5053 2741 5123 μονάδα
2767 5053 2823 5107 δὲ
2856 5054 3250 5121 ὑποστάσεω;;
3285 5055 3345 5107 οὑ
3375 5056 3900 5128 γὰρσυνετέθησαν

2312 5146 2408 5199 δύο
2433 5146 2692 5217 ἀλλήλαις
2722 5147 2817 5199 καὶ
2847 5146 3176 5209 ὑποστάσεις
3204 5147 3281 5211 ὡς
3306 5148 3362 5200 αἰ
3391 5148 3603 5218 φύσεις.

2384 5319 2480 5390 ).β’.
2516 5319 2638 5372 Ἔτι
2682 5320 2830 5372 πᾶσα
2866 5318 3034 5387 μονὰς
3075 5320 3122 5371 εἰ
3172 5319 3348 5389 πάντη
3400 5321 3457 5372 ὲν
3508 5319 3691 5391 ταυτῷ
3746 5322 3904 5395 λόγῳ

2312 5414 2529 5481 λέγεται
2577 5412 2716 5465 κατά
2747 5428 2894 5475 τινος
2925 5411 3157 5466 καθ’ἓν.
3186 5413 3283 5464 καὶ
3332 5410 3465 5474 δυάς
3520 5412 3628 5482 πρὸ
3676 5412 3778 5482 τῆς
3837 5419 3903 5469 ἐν

2311 5506 2460 5577 αὑτῷ
2489 5504 2634 5558 κατά
2673 5503 2735 5556 τὸ
2761 5492 2893 5556 αὑτὸ
2931 5503 3233 5574 λεγομένης
3265 5501 3454 5566 δυάδος
3492 5505 3640 5557 ἐστὶν
3682 5505 3809 5575 ἤθε’
3846 5516 3901 5564 εί

2315 5599 2372 5651 δὲ
2405 5597 2543 5667 μετά
2575 5595 2675 5665 τὴν
2712 5594 2880 5648 δυάδα
2925 5593 3155 5663 λέγοιτο,
3190 5594 3347 5663 ἥοὺκ
3381 5596 3438 5646 ὲν
3466 5595 3645 5665 ταυτῷ
3669 5595 3899 5663 λέγεται

2314 5688 2456 5758 λόγῳ
2485 5686 2517 5757 ῆ
2556 5687 2618 5738 οὑ
2655 5684 2823 5753 μονάς
2854 5686 3031 5736 ἐστιν’
3067 5684 3129 5736 οὑ
3161 5684 3268 5753 γάρ
3301 5682 3412 5754 ἔχει
3448 5683 3610 5745 φύσιν
3658 5686 3689 5755 ἥ
3734 5687 3898 5751 τάξιν

2317 5780 2372 5831 ἓν
2418 5794 2521 5829 τινι
2549 5776 2624 5843 τῷ
2655 5774 2807 5845 αὑτῷ
2850 5792 2974 5827 ποτε
3024 5774 3192 5845 μονὰς
3227 5773 3367 5845 μετὰ
3414 5777 3512 5845 τὴν
3558 5776 3720 5832 δυάδα
3752 5779 3896 5832 firma
