4102 6490
200 442 313 504 ὶῗῖςθ
1313 448 1608 508 CONTRA
1663 451 2258 545 MONUj’ilYSlTAS.
3301 447 3429 507 i790

198 550 408 618 μεῖσθαι.
455 549 576 611 Πῶς
625 546 724 604 οῦν
757 552 804 602 εί
843 552 955 623 τὴν
982 552 1152 621 αὐτὴν
1202 548 1346 607 εἷναί
1371 573 1505 624 φασι
1550 559 1667 618 ταῖς
1696 557 1755 620 ἐξ
1782 569 1818 625 Α

1811 559 2261 624 ιοτιιὶιιειιίοηριη
2323 558 2376 610 in
2439 558 2624 626 aliquo
2689 559 2883 612 eodem
2940 570 3182 624 unquam
3252 554 3431 607 unitas

196 631 258 690 ὧν
283 642 386 690 ἐστι
414 640 608 706 φύσεσι
644 643 747 710 τὴν
785 643 912 711 μίαν
940 644 1120 712 φύσιν,
1151 645 1280 708 δυὰς
1311 648 1532 716 πρῶτον
1558 649 1747 716 γέγονε

1856 657 2144 717 postquam
2178 648 2473 717 duplicitas
2504 649 2725 702 inventa
2752 659 2835 702 est
2865 666 2878 700 :
2914 646 3193 717 quomodo
3221 659 3354 714 ergo
3383 643 3427 696 si

199 729 388 794 φύσεων
418 731 509 782 καὶ
534 731 660 784 τότε
703 734 875 802 μονὰς
904 734 1115 801 φύσεως
1142 754 1154 801 ;
1192 738 1265 806 μὴ
1303 736 1619 808 ὑπαρξάσης
1643 739 1750 806 γὰρ

1857 742 2105 795 eamdem
2157 755 2278 794 esse
2333 740 2527 793 dicunt
2571 755 2736 808 quam
2793 748 2991 793 natura
3040 753 3071 792 e
3123 737 3324 807 quibus
3372 731 3432 788 ﬁt

205 822 403 885 μονάδος
443 823 586 874 κατὰ
615 841 692 886 τι,
727 825 788 876 οὐ
834 824 1056 877 δυνατὸν
1095 826 1194 897 τὴν
1239 828 1378 880 κατὰ
1422 827 1579 880 τοῦτο
1623 828 1754 880 αὐτὸ

1865 833 2027 886 unica
2069 842 2290 895 natura,
2321 831 2474 900 prius
2514 841 2840 885 naturarum
2883 831 2989 884 fuit
3028 826 3345 898 duplicitas,
3374 834 3430 879 et

201 912 345 965 δυάδα
393 913 624 994 φανῆναι
650 930 665 944 ο
717 916 879 984 εἴπερ
937 918 998 967 ἐκ
1032 918 1260 986 μονάδος
1291 921 1324 987 ἡ
1353 919 1504 980 δυὰς,
1531 919 1624 971 καὶ
1662 919 1761 970 οὐκ

1867 933 1997 976 tunc
2025 923 2206 975 unitas
2233 923 2476 976 naturae?
2503 923 2621 976 Non
2644 922 2789 976 enim
2811 921 3111 975 exsistente
3129 916 3429 972 secundum

205 1005 254 1052 ix
278 1003 454 1066 δυάδος
484 1006 513 1073 ὴ
559 1007 731 1072 μονάς
757 1021 770 1040 ο
805 1008 860 1058 αἳ
884 1007 964 1058 δεῖ
990 1003 1083 1059 οὖν
1107 1010 1154 1060 εί
1191 1009 1541 1077 προέφθασαν
1571 1009 1760 1075 φύσεις

1866 1013 2075 1081 aliquid
2124 1012 2357 1074 unitate,
2396 1011 2664 1080 possibile
2712 1019 2797 1064 est
2839 1005 3428 1074 secundumjdipsum

205 1093 280 1145 δύο
304 1088 466 1156 εἶναι,
488 1097 748 1148 οὐδέποτε
789 1098 888 1165 μία
914 1116 996 1163 τε,
1030 1100 1122 1152 καὶ
1148 1102 1201 1151 at
1228 1102 1390 1152 αὑταὶ
1414 1102 1758 1170 γενήσονταις

1868 1103 2248 1171 duplicitatem
2273 1101 2480 1166 viden;
2507 1101 2759 1171 quamvis
2789 1116 2855 1154 ex
2880 1100 3087 1153 unitate
3116 1094 3426 1164 duplicitas,

210 1184 306 1239 ἀλλ’
341 1188 371 1254 ἦ
404 1188 520 1238 κατ’
553 1188 704 1252 ἄλλο,
736 1190 768 1256 ἢ
804 1190 910 1259 πρὸ
945 1191 1125 1243 αὐτῶν
1152 1191 1305 1244 ἔσται
1333 1193 1365 1260 ἠ
1395 1191 1516 1259 μία.

1869 1202 1925 1247 et
1955 1208 2061 1247 non
2097 1209 2162 1246 ex
2197 1193 2518 1260 duplicitate
2551 1192 2766 1256 unitas;
2799 1198 3020 1259 oportet
3051 1201 3180 1257 ergo
3213 1185 3258 1239 si
3291 1198 3429 1252 pra-

209 1285 452 1331 venerunt
487 1287 698 1331 natura:
731 1278 853 1332 dua:
883 1295 1039 1345 esse,
1073 1283 1228 1336 nullo
1263 1283 1426 1336 modo
1462 1291 1518 1337 et
1550 1300 1657 1337 una
1697 1291 1751 1338 et
1789 1285 1980 1338 eadem
2013 1285 2169 1348 ﬁent,
2205 1284 2300 1338 sed
2351 1294 2447 1337 aut
2513 1282 2816 1338 secundum
2868 1280 3017 1335 aliud
3054 1288 3149 1334 aut
3180 1284 3304 1332 ante
3337 1289 3430 1328 eas

206 1366 294 1418 erit
315 1382 411 1419 una
441 1368 573 1421 hate.

262 1454 350 1522 λγτ.
394 1460 511 1510 Ἔτι
545 1462 655 1530 μὴν
701 1464 751 1514 εί
793 1464 890 1515 καὶ
939 1463 1028 1517 διὰ
1070 1465 1170 1534 τήν
1194 1465 1414 1528 ἕνωσιν,
1452 1466 1634 1519 οὐκέτι
1661 1466 1752 1518 δύο

1926 1465 2013 1518 '55.
2039 1463 2237 1518 Adhuc
2268 1463 2312 1515 si
2346 1470 2572 1531 propter
2596 1460 3019 1522 adunationem,
3054 1472 3160 1511 non
3194 1457 3424 1526 amplius

205 1551 287 1612 τὰς
320 1553 406 1604 δύο
448 1555 650 1607 εἰδέναι
681 1557 816 1623 φασὶ⁵
850 1558 966 1634 (τὸν
1006 1560 1116 1630 γὰρ
1149 1560 1429 1629 χωρισμὸν
1460 1561 1630 1612 αἴτιον
1655 1563 1753 1629 τῆς

1854 1554 1994 1607 duas
2029 1554 2148 1606 illas
2180 1567 2410 1606 noscere
2441 1549 2634 1603 dicunt
2661 1550 2808 1616 (nam
2839 1547 3167 1601 divisionem
3199 1545 3432 1614 duplici-

206 1644 369 1705 δυάδος
407 1643 540 1698 εἶναι
582 1646 846 1715 λέγουσι),
899 1650 1159 1703 πευστέον
1185 1650 1384 1715 αὐτῶν,
1424 1648 1533 1721 ἆρά
1570 1668 1630 1717 γε
1663 1653 1754 1703 ἐπὶ

1854 1646 1983 1698 tatis
2012 1659 2232 1698 causam
2264 1658 2383 1696 esse
2441 1640 2674 1706 dicunt),
2739 1636 3139 1706 inquirendum
3223 1636 3292 1689 ab
3325 1636 3428 1696 eis,

206 1735 268 1803 τῷ
293 1736 493 1806 θανάτῳ
528 1738 620 1790 τοῦ
677 1741 881 1810 κυρίου
929 1741 1073 1794 ἴσασι
1119 1743 1401 1812 χωρισμόν
1444 1761 1563 1794 τινα
1593 1743 1752 1794 τινῶν

1856 1751 1986 1789 num
2029 1735 2095 1788 de
2137 1733 2355 1787 Domini
2393 1743 2571 1786 morte
2605 1736 2843 1784 noscunt
2875 1727 3168 1796 quamd’am
3204 1734 3429 1779 natura-

206 1826 419 1927 φύσεων,⁸
441 1830 642 1927 ηοὺξὴ
669 1831 727 1882 Εἰ
753 1834 852 1900 μὲν
876 1828 966 1884 οὗν
994 1834 1133 1902 οὐχὶ,
1159 1833 1434 1901 φαντασία
1460 1846 1517 1885 τε
1545 1836 1570 1885 6
1592 1833 1750 1886 θάνα-
1780 1870 1826 1927 Β

1811 1845 1977 1925 ιῐύιιι
2019 1828 2380 1897 quarumdam
2424 1823 2867 1887 distinctionem,
2905 1838 2974 1876 an
3015 1821 3161 1874 non?
3201 1820 3255 1874 Si
3301 1834 3431 1888 ergo

205 1933 297 1981 τος,
340 1921 429 1970 καὶ
457 1919 724 1990 ψευδὴςή
760 1924 892 1992 περὶ
941 1925 1106 1976 αὑτοῦ
1158 1924 1284 1988 δόξα
1326 1927 1382 1977 ὲν
1402 1924 1479 1995 τῷ
1527 1925 1748 1994 Κυρίῳο
1781 1907 1825 1927 υ

1808 1907 1826 1925 ³
1855 1921 2076 1990 quidem
2109 1936 2240 1981 non,
2267 1929 2323 1972 et
2354 1917 2651 1970 ludibrium
2685 1930 2852 1977 mors,
2878 1922 2935 1968 et
2959 1907 3117 1966 fallax
3146 1911 3212 1965 de
3244 1912 3347 1964 hoc
3377 1913 3428 1962 in

205 2006 404 2069 Θάνατος
450 2012 558 2080 γὰρ
615 2013 898 2080 χωρισμός
946 2017 1062 2068 ἐστι
1115 2015 1294 2085 ψυχῆς
1340 2015 1448 2074 ἀπὸ
1498 2015 1752 2083 σώματος

1854 2013 2088 2068 Domino
2133 2012 2303 2082 gloria
2356 2029 2368 2062 :
2417 2025 2566 2062 mors
2601 2010 2748 2063 enim
2798 2007 3001 2060 divisio
3044 2013 3130 2058 est
3167 2005 3362 2057 anima:
3391 2013 3426 2054 '2

205 2094 609 2163 ἁναντιρῤήτωςο
637 2100 685 2149 εί
706 2098 760 2149 δὲ
791 2099 958 2163 ὄντως
979 2104 1257 2172 χωρισμὸς
1287 2103 1475 2170 γέγονε
1503 2101 1749 2169 φυσικὸς,

1854 2121 2088 2174 corpore
2136 2104 2546 2166 indubitanter;
2589 2100 2632 2154 si
2670 2114 2801 2152 vero
2845 2099 3023 2166 reipsa
3057 2096 3256 2149 divisio
3291 2094 3427 2146 facta

206 2182 394 2246 πάντως
425 2188 516 2238 καὶ
547 2189 688 2240 κατὰ
721 2190 908 2242 τούσδε
938 2191 1030 2244 δύο
1056 2193 1246 2260 φύσεις
1269 2194 1334 2246 τὰ
1367 2195 1751 2264 κεχωρισμένα

1852 2207 1938 2251 est
1974 2195 2260 2256 naturalis,
2291 2207 2522 2263 prorsus
2561 2205 2613 2244 et
2656 2188 2960 2243 secundum
3001 2194 3226 2239 naturas
3267 2185 3428 2237 hasce

203 2272 293 2323 τῶν
336 2274 590 2342 Χριστοῦ.
628 2280 771 2348 Ἀρα
799 2282 893 2333 οῦν
940 2285 989 2334 εί
1033 2283 1354 2352 ὁμολογοῦσι
1403 2285 1495 2337 τὸν
1524 2287 1752 2339 θάνατον

1853 2287 2028 2354 duas,
2070 2287 2123 2338 in
2173 2284 2399 2338 Christo
2445 2280 2845 2350 preprietatum
2897 2276 3178 2334 distincta.
3219 2272 3427 2327 Conse-

201 2379 281 2414 του
318 2367 534 2436 Κυρίου,
562 2372 658 2422 καὶ
695 2372 788 2424 δύο
825 2373 1016 2440 φύσεις
1051 2376 1214 2430 αὑτοῦ
1247 2394 1396 2440 τινας
1437 2373 1576 2431 εἷναί
1620 2396 1749 2430 ποτε

1853 2389 2088 2448 quenter
2113 2377 2155 2431 si
2184 2375 2388 2430 Christi
2421 2381 2655 2426 mortem
2688 2370 3044 2429 confitentur,
3069 2373 3125 2419 et
3151 2365 3287 2418 duas
3310 2364 3429 2432 ejus

203 2473 440 2510 οωσουσι·
471 2461 632 2513 τοῦτο
667 2463 722 2515 δὲ
767 2463 800 2531 ἢ
846 2466 945 2534 τῆς
999 2469 1129 2535 μιᾶς
1161 2465 1251 2538 ἦν,
1287 2471 1440 2535 φασὶ,
1478 2487 1751 2540 κατακερ-

1853 2480 2081 2523 naturas
2105 2466 2370 2536 quasdam
2397 2480 2518 2518 esse
2546 2462 2685 2516 forte
2709 2458 3018 2514 concedent
3043 2475 3056 2509 :
3085 2454 3218 2508 illud
3245 2463 3426 2506 autem

207 2550 555 2618 ματιςθείσης,
613 2554 644 2622 ἢ
697 2555 888 2623 ἑτέρας
921 2558 1373 2627 ὲπιγεννηθείσης
1401 2558 1621 2628 Χριστῷ
1650 2560 1752 2626 φύ-

1851 2567 1945 2610 aut
2001 2557 2164 2610 unius
2215 2555 2319 2608 illa:
2375 2566 2539 2622 quam
2595 2550 2787 2604 dicunt
2833 2547 3076 2600 minutas
3135 2545 3190 2597 in
3247 2552 3430 2612 partes

205 2656 351 2703 σεως*
373 2642 745 2711 συλνογιστέον
773 2646 828 2697 δὲ
860 2648 1057 2711 αὐτοὺς
1090 2648 1168 2700 ἔτι
1200 2651 1264 2702 ἐκ
1294 2649 1521 2713 τούτων,
1557 2652 1647 2704 καὶ
1669 2652 1750 2703 ὅτι

1851 2650 2076 2711 divisae,
2124 2656 2218 2701 aut
2269 2645 2498 2700 alterius
2551 2649 2863 2711 supernatze
2917 2637 3140 2692 Christo
3194 2643 3425 2688 natura.

201 2732 404 2802 ἐπείπερ
459 2737 522 2788 ὲκ
569 2736 663 2788 δύο
710 2733 927 2805 φύσεων
982 2740 1082 2809 τὴν
1122 2742 1374 2810 γέννησιν
1427 2742 1750 2810 ὁμολογοῦσι

1849 2736 2195 2793 Concludere
2219 2750 2353 2789 vero
2382 2733 2589 2787 debent
2619 2731 2798 2784 adhuc
2828 2729 2901 2782 de
2929 2727 3057 2791 illis,
3083 2725 3215 2794 quia
3250 2738 3425 2791 quau—

204 2821 429 2888 Xptatoﬁ,
468 2827 532 2876 ἐκ
572 2826 824 2896 θεότητός
861 2845 919 2880 τε
951 2830 1046 2881 καὶ
1087 2831 1504 2901 ἀνθρωπότητος
1544 2832 1749 2900 ταύτην

1851 2830 2150 2898 doquidem
2199 2843 2228 2882 e
2274 2827 2491 2879 duabus
2531 2822 2747 2876 naturis
2789 2819 3203 2888 generationem
3255 2814 3428 2870 conli-

206 2911 384 2964 νοοῦσιο
411 2916 487 2976 εἰς
515 2915 610 2967 δύο
646 2917 702 2968 δὲ
751 2918 943 2985 φύσεις
993 2920 1324 2988 διαιρεῖσθαι
1362 2921 1505 2975 κατὰ
1534 2922 1623 2974 τὸν
1653 2922 1748 2974 θά-

1853 2929 2036 2975 teutur
2084 2918 2321 2980 Christi,
2368 2932 2399 2970 e
2447 2914 2737 2966 divinitate
2787 2919 2849 2964 et
2891 2907 3237 2960 humanitate
3286 2905 3427 2959 hanc

202 3018 339 3053 νατον
366 3004 541 3067 δόντες
572 3008 672 3058 οὐκ
701 3009 780 3068 εἰς
813 3011 1046 3075 τοιάσδε,
1082 3011 1199 3063 ἀλλ’
1224 3015 1302 3073 είς
1331 3011 1536 3082 ἄψυχον
1565 3013 1744 3082 σῶμα,

1850 3012 2111 3080 cogitant.
2145 3009 2206 3062 In
2241 3007 2379 3060 duas
2412 3007 2545 3058 vero
2581 3011 2808 3056 naturas
2847 2997 3021 3053 dividi
3062 3011 3159 3064 per
3192 3003 3424 3048 mortem

202 3092 280 3141 καὶ
328 3095 400 3154 είς
441 3095 622 3148 ἔνθεον
669 3097 846 3168 ψυχὴν
901 3100 1110 3163 λέξουσι
1159 3106 1251 3153 καὶ
1317 3103 1495 3164 αὐτοὶ,
1524 3104 1740 3173 ἀνάγκη

1849 3102 2216 3158 concedentes
2247 3115 2354 3153 non
2393 3099 2446 3150 in
2480 3094 2781 3165 quaslibet,
2813 3091 2907 3145 sed
2955 3090 3009 3143 in
3049 3086 3425 3142 exanimatum

206 3183 392 3246 πάντως
419 3186 611 3254 ἑτέρας
641 3189 844 3242 εἰδέναι
893 3191 1053 3243 τάσδε
1084 3193 1181 3255 τὰς
1215 3193 1308 3244 ἐπὶ
1365 3193 1442 3262 τῷ
1477 3195 1744 3264 χωρισμῷ
1770 3201 1813 3261 C

1807 3202 1813 3260 ι
1847 3209 2053 3264 corpus
2090 3201 2146 3246 et
2182 3192 2238 3244 in
2277 3191 2515 3244 animam
2557 3203 2586 3241 a
2633 3187 2745 3240 Deo
2786 3184 3106 3252 inspiratam
3151 3177 3337 3232 dicent
3373 3189 3427 3230 et

203 3276 434 3340 φανείσας
466 3279 576 3329 τῶν
611 3280 718 3350 πρὸ
749 3282 848 3347 τῆς
882 3281 1130 3346 ἐνώσεως
1175 3284 1357 3344 αὐτοῖς
1390 3284 1704 3352 λεγομένων
1727 3321 1744 3348 ,

1849 3288 1988 3357 ipsi,
2017 3299 2243 3339 necesse
2280 3293 2363 3336 est
2396 3293 2622 3350 prorsus
2657 3283 2885 3330 caeteras
2917 3285 3153 3326 noscere
3184 3269 3252 3323 de
3284 3268 3428 3322 divi-

205 3367 316 3418 an:
345 3370 432 3421 καὶ
472 3370 573 3438 τὴν
614 3371 748 3439 μίαν
782 3374 944 3439 φύσιν
1002 3374 1141 3426 κατὰ
1186 3374 1372 3426 τούσδε
1404 3374 1502 3445 τὴν
1551 3376 1614 3426 ὲκ
1640 3375 1750 3426 τῶν

1850 3379 2006 3438 sione
2041 3383 2372 3445 apparentes
2409 3385 2596 3425 rerum
2632 3383 2754 3437 qua:
2787 3371 2913 3417 ante
2949 3361 3338 3416 adunationem
3372 3358 3426 3410 in

201 3460 392 3524 φύσεων
421 3463 518 3530 τῆς
562 3480 622 3513 τε
671 3463 924 3532 θεότητος
965 3465 1061 3516 καὶ
1105 3465 1529 3536 ἁνθρωπότητος
1557 3462 1745 3528 οὖσαν,

1853 3467 1988 3536 ipsis
2021 3463 2464 3525 afﬁrmabantur;
2500 3459 2594 3515 sed
2631 3459 2796 3514 etiam
2831 3456 3051 3511 unicam
3089 3453 3233 3505 hanc
3266 3458 3429 3504 natu-

205 3552 371 3620 ἑτέραν
414 3549 552 3607 εἶναι
583 3553 735 3623 παρὰ
761 3554 859 3623 τὴν
890 3555 948 3620 ἐξ
981 3555 1166 3608 ἐνθέου
1195 3556 1377 3626 ψυχῆς
1415 3560 1506 3608 καὶ
1537 3557 1748 3625 ἀψύχου

1852 3574 1968 3613 ram
1996 3559 2151 3627 juxta
2183 3555 2430 3618 eosdem,
2461 3553 2605 3607 hanc
2637 3567 2666 3605 e
2703 3549 2917 3605 naturis
2956 3556 3070 3600 tum
3100 3542 3427 3604 divinitatis,

204 3641 423 3713 σώματος
449 3647 580 3715 μίαν
611 3645 772 3712 φύσιν
800 3645 940 3714 μετὰ
972 3648 1072 3715 τὴν
1098 3649 1394 3700 ἀνάστασιν
1421 3649 1514 3700 τοῦ
1542 3650 1748 3716 Κυρίου

1853 3659 1968 3704 tum
2018 3645 2381 3702 humanitatis
2429 3643 2816 3703 exsisteut-em,
2849 3638 3009 3692 aliam
3056 3649 3179 3689 esse
3221 3633 3290 3687 ab
3342 3631 3433 3685 illa

206 3740 470 3808 νοουμένην
511 3741 630 3793 κατ’
661 3739 881 3801 αὐτούς·
916 3733 990 3792 ὧν
1034 3739 1142 3810 γὰρ
1173 3740 1405 3809 διάφορα
1480 3738 1551 3790 τὰ
1604 3739 1752 3791 ἁπλᾶ

1851 3757 1974 3810 quae
2013 3748 2133 3793 erat
2168 3754 2235 3792 ex
2278 3736 2459 3790 anima
2499 3750 2529 3787 a
2570 3734 2684 3787 Deo
2727 3730 2990 3800 inspirata
3033 3739 3090 3781 et
3123 3723 3433 3780 exanimato

206 3831 345 3898 μέρη,
373 3832 604 3902 διάφορα
628 3831 781 3883 ἔσται
817 3831 912 3883 καὶ
941 3830 1008 3882 τὰ
1055 3830 1306 3882 σύνθετα.
1359 3829 1424 3881 ’Ἐ
1439 3846 1622 3882 σονται
1657 3826 1751 3881 οὖν

1852 3846 2082 3900 corpore
2121 3829 2339 3884 unicam
2374 3833 2634 3880 naturam
2669 3830 2792 3892 post
2819 3818 3034 3878 Domini
3070 3813 3431 3870 resurrectio—

203 3921 242 3970 οί
273 3921 354 3972 δύο
397 3925 585 3990 φύσεις
621 3923 910 3991 ἡνωμένας
961 3921 1197 3991 Χριστοῦ
1250 3921 1323 3990 μὴ
1360 3919 1750 3990 ὁμολογοῦντες

1850 3939 1977 3978 nem
2019 3921 2308 3990 cogitatam
2346 3919 2503 3987 juxta
2547 3917 2719 3984 ipsos.
2753 3911 3007 3977 Quorum
3045 3907 3190 3962 enim
3222 3905 3429 3958 discre-

206 4015 390 4082 σαφῶς,
420 4015 512 4066 δύο
549 4014 647 4084 μὲν
681 4015 780 4076 τὰς
843 4014 949 4080 πρὸ
995 4015 1095 4082 τῆς
1145 4013 1286 4063 κατά
1327 4014 1427 4079 τὴν
1476 4011 1750 4080 σάρκωσιν

1851 4015 2038 4086 pantia
2087 4009 2404 4081 singulatim
2451 4007 2721 4076 simplicia
2767 3996 3429 4065 membra,discrcpantia

203 4103 279 4155 τοῦ
314 4105 499 4170 Λόγου,
537 4105 667 4172 μίαν
717 4103 770 4154 δὲ
817 4102 914 4170 τὴν
947 4103 1038 4153 ἐπὶ
1069 4103 1134 4170 τῇ
1169 4099 1359 4152 ἐνώσει
1395 4099 1576 4152 αὐτῶν
1601 4113 1614 4126 '
1656 4099 1751 4150 καὶ

1851 4113 2015 4162 erunt
2051 4114 2106 4158 et
2141 4101 2442 4172 composita
2480 4118 2492 4152 :
2537 4107 2702 4152 erunt
2737 4103 2866 4163 ergo
2902 4093 2997 4163 qui
3036 4092 3176 4146 duas
3207 4098 3432 4142 naturas

205 4198 369 4262 ἐτέρας
404 4198 494 4250 δύο
536 4199 638 4254 τὰς
685 4196 778 4247 ἐπὶ
826 4194 905 4264 τῷ
939 4192 1209 4263 χωρισμῷ
1237 4191 1332 4244 τοῦ
1364 4192 1618 4252 θανάτου,
1655 4190 1750 4242 καὶ

1852 4197 1908 4252 in
1949 4197 2173 4252 Christo
2224 4193 2494 4247 adunatas
2545 4190 2693 4244 clare
2749 4203 2856 4242 non
2903 4184 3258 4245 conﬁtentur,
3295 4179 3429 4234 duas

205 4287 315 4352 μίαν
341 4289 496 4357 ἄλλην
526 4288 625 4356 τὴν
656 4288 747 4337 ἐπὶ
778 4289 843 4352 τῇ
871 4284 1176 4336 ’ἀναστάσει
1201 4281 1295 4335 τοῦ
1322 4282 1530 4352 Κυρίου
1571 4296 1752 4353 καινο-

1852 4287 2074 4358 quidem
2128 4286 2250 4339 illas
2274 4293 2400 4337 ante
2441 4279 2828 4336 exsistentiam
2879 4277 2934 4330 in
2955 4274 3123 4329 Verbi
3175 4273 3426 4326 incarna-

204 4378 343 4444 τέραν
369 4378 641 4444 λέγοντες,
675 4380 767 4429 καὶ
811 4375 872 4438 ἓξ
918 4393 978 4428 τε
1028 4375 1124 4427 καὶ
1173 4374 1496 4442 διαφόρους·
1534 4374 1630 4424 καὶ
1672 4372 1751 4439 πῆ

1854 4380 2037 4441 tione,
2070 4391 2234 4430 unam
2271 4382 2456 4427 autem
2496 4371 2551 4424 in
2586 4384 2776 4423 earum
2811 4366 3176 4428 adunatione;
3210 4371 3267 4417 et
3296 4361 3432 4417 alios

205 4468 288 4532 μὲν
311 4470 602 4538 ἡνωμένας,
636 4471 713 4538 πῆ
744 4469 798 4519 δὲ
827 4457 1211 4536 χωριζομέναξ
1237 4465 1464 4533 viae-4'
1500 4466 1591 4517 καὶ
1617 4465 1749 4517 πάν-
1779 4530 1822 4538 -

1811 4472 1992 4538 _duas
2037 4466 2091 4521 iu
2140 4461 2682 4523 mortis’divisione,
2716 4460 2881 4513 aliam
2931 4467 3115 4510 autem
3166 4469 3330 4508 unam
3374 4454 3431 4508 in

202 4576 255 4610 τι
287 4563 602 4631 σπαραγμὸν
647 4560 871 4630 Χριστῷ
916 4558 1323 4627 ἐπινοήσαντες,
1371 4559 1421 4609 oi
1450 4560 1524 4628 τῇ
1561 4555 1751 4608 ὲνώσει
1779 4530 1822 4588 Π

1814 4532 2073 4631 ’Domini
2117 4557 2527 4611 resurrectione
2569 4552 2940 4607 recentiorem
2987 4548 3347 4610 amrmantes,
3379 4552 3434 4599 et

203 4652 343 4704 αὐτοῦ
369 4655 684 4722 συνηγορεῖν
717 4651 1194 4721 προσποιούμενοι.

1863 4649 1958 4702 seis
1989 4628 2045 4702 et
2075 4645 2434 4714 multiplices;
2471 4652 2527 4697 et
2562 4641 2690 4694 hinc
2723 4639 2947 4709 quidem
2984 4637 3278 4698 adunatas,
3307 4632 3433 4686 inde

204 4759 316 4797 vero
343 4744 541 4798 divisas
569 4752 828 4807 naturas;
863 4750 918 4795 et
947 4740 1401 4795 dilacerationem
1433 4754 1651 4793 omnem
1683 4738 1749 4791 de
1789 4738 2016 4794 Christo
2045 4737 2440 4807 excogitantes,
2468 4734 2561 4803 qui
2608 4733 2675 4786 de
2740 4732 2861 4802 ejus
2923 4729 3255 4783 adunatione
3307 4741 3432 4795 per-

203 4847 338 4886 orare
377 4835 656 4888 affectant.

261 4926 343 4980 λδ.
384 4929 649 4980 Πευστέον
695 4927 752 4978 δὲ
802 4926 979 4977 αὐτῶν
1007 4926 1087 4978 ἔτι
1124 4927 1218 4978 καὶ
1251 4926 1371 4978 τόδε
1401 4941 1410 4954 ·
1440 4928 1487 4978 εί
1520 4927 1609 4977 τὸν
1640 4926 1753 4977 Πα-

1922 4923 2010 4976 54.
2057 4919 2449 4990 inquirendum
2476 4917 2544 4971 ab
2567 4915 2648 4971 eis
2670 4923 2725 4969 et
2755 4914 2890 4968 illud
2917 4932 2928 4965 :
2958 4911 3014 4966 Si
3041 4912 3256 4966 Patrem
3283 4911 3432 4980 juxta

203 5019 318 5086 τέρα
352 5021 466 5073 κατ’
495 5020 685 5080 οὐσίας
711 5020 868 5085 λόγον
915 5017 1302 5088 διακεκρίσθαι
1331 5018 1548 5083 λέγουσι
1576 5017 1755 5085 πάσης

1852 5013 2101 5068 θεεθηιὶ;ε
2141 5008 2451 5064 sermonem
2482 5006 2699 5062 secerni
2741 5022 2768 5059 a
2809 5013 2919 5058 tota
2968 5003 3310 5056 humanitate
3349 5003 3431 5055 di—

199 5110 284 5176 τῆς
315 5111 750 5180 ἁνθρωπότητος,
783 5106 900 5162 εἶτα
950 5112 997 5162 εί
1036 5110 1128 5161 καὶ
1177 5111 1266 5161 τὸν
1305 5112 1434 5179 μίαν
1469 5112 1630 5177 φύσιν
1664 5109 1756 5159 λε-

1853 5113 2006 5167 cunt,
2067 5101 2285 5165 deinde,
2337 5100 2380 5153 si
2426 5108 2481 5152 ct
2513 5098 2792 5152 Christum
2841 5096 2934 5164 qui
2983 5095 3051 5148 ab
3091 5095 3173 5148 eis
3221 5096 3431 5148 unicam

202 5203 408 5270 γὸμενον
439 5205 621 5264 αὐτοῖς
669 5199 809 5254 εἷναι
863 5202 1116 5272 Χριστὸν,
1173 5201 1463 5253 κοινωνοῦν
1498 5218 1551 5251 τι
1590 5199 1755 5267 γινώ-

1853 5209 1971 5248 esse
2012 5193 2215 5246 dicitur
2253 5201 2503 5244 naturam
2543 5204 2835 5243 commune
2870 5187 3150 5256 quoddam
3180 5201 3302 5238 cum
3339 5186 3433 5237 Pa-

203 5308 372 5346 σχουσι
415 5295 489 5362 τῷ
529 5294 725 5363 [la-cpi,
761 5294 855 5345 καὶ
900 5294 1178 5362 ἡνωμένον
1211 5294 1328 5343 κατ’
1359 5293 1546 5353 οὖσίας
1581 5291 1751 5357 ’λόγον

1861 5293 1939 5339 tre
1981 5286 2181 5338 habere
2214 5291 2471 5342 noscunt,
2503 5281 2546 5334 si
2574 5289 2628 5334 et
2657 5287 2913 5338 noscunt,
2957 5277 3256 5328 adunatum
3281 5275 3431 5343 juxta

202 5384 307 5434 καθ’
339 5386 499 5453 ὅνπερ
528 5385 709 5453 ἡμῶν,
739 5385 814 5444 ὡς
847 5382 1055 5451 ἔφασαν
1081 5383 1564 5452 ἧδη,διακὲκριται
1588 5385 1615 5434 ὁ
1639 5383 1752 5434 Πα-

1859 5379 2110 5434 essentne
2135 5389 2444 5430 sermonem
2475 5371 2779 5426 secundum
2815 5368 3117 5438 quemlibet
3152 5365 3327 5419 nostri
3360 5365 3432 5418 si-

201 5475 316 5545 τήρ·
348 5480 393 5529 εἰ
418 5480 523 5546 γὰρ
555 5478 818 5545 φάσκοιεν
850 5477 1092 5544 ἡνῶσθαι
1117 5477 1278 5528 αὑτὸν
1310 5475 1385 5543 τῷ
1413 5475 1585 5544 ιιατρ“ι
1614 5477 1752 5528 κατὰ

1859 5471 2070 5539 cutjam
2091 5467 2366 5527 dicebant,
2389 5463 2698 5519 secernitur
2712 5463 2871 5515 Pater
2890 5479 2900 5512 :
2916 5459 3120 5512 sienim
3136 5457 3432 5510 adunatum

202 5568 364 5633 φύσιν,
403 5570 556 5636 ἡμῶν
608 5569 848 5637 δηλονότι
879 5568 971 5618 καὶ
997 5567 1159 5629 αὐτὸς
1191 5566 1556 5633 διακέκριται,
1586 5566 1750 5634 ἤγουν

1861 5564 2027 5615 fuisse
2071 5577 2194 5613 cum
2242 5557 2387 5611 Patri
2455 5550 2757 5608 secundum
2825 5562 3077 5604 naturam
3138 5547 3348 5605 dicunt.
3405 5562 3433 5598 a

202 5650 284 5718 τῆς
308 5653 718 5722 ἁνθρωπότητος
745 5671 756 5682 ·
794 5654 986 5706 οὐκοῦν
1037 5655 1127 5704 καὶ
1157 5653 1258 5720 τῆς
1296 5653 1427 5715 ἰδίας
1457 5655 1675 5720 σαρκὸς,
1706 5657 1749 5704 εἰ

1861 5652 2018 5705 nobis
2061 5666 2190 5704 sane
2234 5657 2287 5701 et
2338 5647 2451 5714 ipse
2482 5645 2809 5705 secernitur,
2844 5642 3052 5696 scilicet
3085 5639 3151 5692 ab
3185 5636 3429 5690 humani-

203 5742 389 5813 ἀληθὴς
418 5746 553 5815 αῦτη
587 5748 742 5816 σὰρξ,
775 5748 866 5798 καὶ
894 5747 985 5815 μία
1016 5747 1110 5813 τῆς
1133 5745 1548 5814 ἁνΟρωπό-εητός
1583 5749 1744 5797 ister

1860 5753 1988 5804 late,
2033 5760 2162 5808 ergo
2210 5753 2262 5794 et
2296 5759 2321 5791 η
2367 5738 2584 5808 propria
2628 5753 2811 5796 carne,
2868 5736 2910 5787 si
2960 5751 3086 5786 vera
3121 5735 3233 5800 ipsa
3282 5744 3427 5787 eam,

202 5835 292 5901 ἄρα
322 5834 408 5890 οὖν
438 5838 669 5907 ἄσαρκος
701 5843 726 5889 ο
761 5840 1012 5908 Χρεττὶς.
1045 5837 1456 5904 εει-,κεκριμένος
1484 5838 1577 5905 ti":
1619 5852 1744 5906 σπρ-

1859 5847 1909 5888 ιτι
1944 5853 2045 5888 una
2073 5832 2426 5886 humanitatis
2451 5842 2530 5883 est
2559 5846 2714 5896 :rrgo
2735 5829 2940 5894 illlnfjllC
2963 5845 3122 5880 νηί-εις
3157 5825 3428 5877 ill-visitur.
