4102 6500
630 410 757 474 179i

1877 419 2184 478 LEONTII
2225 419 2594 478 BYZANTIN
2608 419 2628 476 [

3733 421 3878 484 1792?

623 539 655 578 a
691 539 854 579 carne
909 527 1026 595 ejus
1071 528 1374 594 discretus;
1417 539 1473 584 et
1518 527 1784 586 dissoluta
1836 541 1922 592 est
1981 535 2050 588 ab
2101 533 2183 589 eis

2295 531 2374 594 ὡς
2405 532 2570 585 αὑτοῦ
2593 549 2605 562 ·
2637 535 2730 586 καὶ
2765 534 2982 587 λέλυται
3011 537 3192 599 αὐτοῖς
3239 540 3270 606 ἡ
3314 537 3530 600 ένωσις,
3561 538 3655 591 καὶ
3686 541 3874 609 πάντη

623 616 905 681 ndunatio,
943 627 998 672 et
1044 619 1206 674 nobis
1247 623 1470 676 omnino
1523 623 2045 680 incommunicabile
2103 624 2190 678 di-

624 708 810 762 vinum
837 707 892 762 in
939 709 1177 766 Christo.
1211 709 1269 766 Si
1307 710 1439 768 vero
1482 715 1628 768 carni
1661 715 1882 785 quidem
1921 716 2192 770 adunatur

627 796 862 851 Verbum
892 799 1194 854 secundum
1227 810 1499 866 naturam,
1534 818 1640 857 non
1668 814 1848 859 autem
1880 820 2004 860 cum
2033 807 2191 863 Patre

623 901 914 942 commune
960 889 1128 946 habet
1177 893 1230 945 in
1255 883 1608 948 sadunatione
1637 896 1792 966 juxta
1841 905 2112 960 naturam,
2161 913 2191 951 α

627 976 783 1032 Patre
805 980 1105 1034 secundum
1123 991 1371 1044 naturam
1389 983 1672 1050 dividitur,
1689 994 1744 1040 et
1760 987 1866 1040 erit
1887 1003 1996 1040 non
2017 989 2189 1053 Dens;

626 1068 706 1121 vel
739 1068 900 1123 Pater
943 1087 1051 1125 non
1102 1073 1264 1137 Deus,
1312 1074 1358 1128 si
1398 1075 1658 1131 Christus
1706 1087 1795 1133 est
1839 1093 1978 1133 unus
2013 1079 2188 1144 Deus,

623 1163 810 1231 plures
848 1167 994 1220 enim
1032 1168 1258 1231 divisos,
1289 1185 1400 1223 non
1446 1171 1781 1225 credendum
1837 1173 1989 1226 deos.
2029 1172 2192 1227 Juxta

623 1267 754 1308 vero
788 1255 1112 1310 alterutrum
1165 1258 1633 1326 blasphemorum,
1679 1263 1942 1330 gehennae
1983 1263 2188 1332 suppli-

623 1347 769 1397 (Ium
809 1355 955 1400 esset
993 1348 1323 1418 eligentibus
1360 1351 1476 1405 hate
1510 1351 1665 1406 eﬂ'ari
1699 1353 1944 1422 dignum.

692 1437 779 1491 35.
821 1437 877 1493 Si
914 1455 1023 1492 non
1070 1442 1372 1496 secundum
1404 1443 1550 1513 quod
1576 1443 1832 1498 Christus
1861 1454 1965 1508 est,
1996 1459 2194 1499 secun-

622 1524 754 1578 dum
791 1525 926 1580 illud
957 1529 1206 1596 quaedam
1235 1540 1435 1584 natura
1465 1540 1568 1594 est,
1599 1531 1731 1585 illud
1755 1533 1902 1586 enim
1933 1535 2192 1588 etPat’res

623 1617 901 1683 dixerunt,
922 1622 1338 1675 autsecundum
1364 1623 1526 1687 nihil,
1550 1631 1644 1677 aut
1672 1624 1727 1677 in
1755 1632 2017 1692 quantum
2050 1625 2192 1678 Deus

627 1715 857 1772 tantum,
884 1717 978 1762 aut
1003 1711 1059 1764 in
1080 1721 1346 1780 quantum
1369 1713 1534 1766 homo
1561 1722 1792 1778 ta::tum,
1817 1724 1913 1768 aut
1943 1715 1996 1767 in
2021 1731 2192 1784 quan-

625 1805 738 1849 tum
768 1807 824 1852 et
855 1799 999 1853 Deus
1025 1809 1221 1859 natura
1237 1812 1331 1856 BSI.
1354 1811 1409 1856 et
1433 1804 1598 1857 homo
1633 1804 1831 1859 iterum
1864 1814 2057 1859 natura
2085 1815 2189 1870 est,

624 1889 766 1942 idem
801 1890 1021 1959 quidem
1053 1909 1196 1947 unus
1223 1893 1495 1958 Christus,
1529 1896 1624 1951 sed
1670 1912 1779 1950 non
1817 1897 2010 1954 eadem
2059 1913 2190 1968 ergo

623 1978 792 2035 Filius
847 1988 904 2033 et
951 1997 1058 2035 una
1110 1992 1327 2046 natura,
1372 2002 1502 2038 num
1538 2001 1667 2054 ergo
1694 2001 1800 2040 non
1840 1987 1982 2042 idem
2031 1989 2189 2043 Pater

620 2083 742 2122 cum
792 2071 931 2125 Filio
982 2088 1212 2128 numero
1267 2087 1613 2140 ‘sermoncve,
1695 2093 1804 2131 non
1865 2094 1996 2133 vero
2045 2080 2188 2134 idem

620 2168 814 2214 natura
876 2162 1037 2216 Pater
1095 2180 1218 2218 cum
1257 2165 1434 2230 Filio,
1501 2182 1730 2221 numero
1794 2185 1894 2223 nec
1938 2184 2189 2226 sermone

619 2249 896 2312 naturali,
957 2253 1100 2306 sicut
1171 2254 1336 2309 Arius
1412 2257 1548 2311 vult.
1613 2257 1669 2312 Si
1734 2274 1865 2313 vero
1918 2259 2186 2328 dixerint,

616 2340 918 2396 secundum
961 2345 1111 2412 quod
1135 2361 1368 2413 persona
1402 2355 1458 2400 et
1495 2357 1690 2404 natura
1721 2358 1827 2410 est.
1859 2350 2049 2404 eadem
2088 2351 2190 2405 ite-

618 2446 735 2484 rum
761 2443 1112 2501 opponentur
1141 2435 1255 2489 eis:
1276 2452 1406 2507 ergo
1426 2439 1574 2492 enim
1593 2454 1719 2493 cum
1740 2439 1845 2493 alia
1859 2439 1938 2494 sit
1959 2456 2188 2509 persona

617 2521 794 2577 Patris
818 2524 1034 2593 aliaque
1070 2525 1309 2595 Spiritus
1367 2530 1568 2592 sancti,
1614 2539 1669 2583 et
1699 2530 1804 2584 alia
1835 2520 2062 2598 natura;
2088 2533 2188 2586 sed

614 2627 740 2665 cum
793 2622 849 2668 et
900 2614 1165 2671 diﬂ'erens
1220 2620 1292 2672 sit
1348 2635 1582 2688 persona
1647 2621 1790 2675 Petri
1852 2631 1908 2677 et
1955 2639 2188 2691 persona

615 2704 791 2768 Pauli,
849 2714 906 2759 et
947 2715 1145 2762 natura
1206 2709 1472 2766 differens
1553 2727 1676 2781 qua:
1724 2723 1854 2768 sunt
1903 2715 2189 2771 evidenter

613 2794 872 2856 absurda.

682 2885 770 2941 36.
812 2887 866 2942 Si
904 2905 1010 2943 una
1043 2892 1344 2960 composita
1388 2892 1592 2948 Christi
1621 2897 1836 2960 natura,
1870 2913 1975 2950 una
2006 2909 2187 2953 autem

614 2975 842 3045 simplex
870 2987 1064 3035 natura
1098 2980 1613 3050 Patris,-quomodo
1645 2982 1793 3036 Patri
1847 2984 2018 3039 Filius
2055 3000 2189 3040 con-

614 3066 1029 3123 substantialis?
1077 3070 1195 3124 Non
1231 3072 1378 3125 enim
1414 3074 1644 3142 simplex
1685 3075 1828 3129 idem
1861 3091 1926 3130 ac
1968 3092 2192 3146 compo-

616 3155 779 3210 situm
820 3175 833 3211 :
871 3167 964 3212 aut
1000 3173 1132 3229 ergo
1162 3178 1271 3215 non
1320 3178 1483 3216 uuam
1532 3163 1760 3228 Christi,
1797 3175 1892 3220 aut
1922 3182 2191 3222 non-cons

616 3246 1029 3302 substantialem
1061 3250 1206 3303 Patri
1236 3260 1484 3305 naturam
1520 3254 1869 3322 proﬁtentur.
1901 3257 1954 3311 Si
1984 3274 2014 3312 e
2037 3269 2190 3328 parte

615 3333 760 3388 illam
792 3337 1319 3394 consubstantialem
1368 3342 1514 3395 Patri
1540 3342 1753 3411 dicunt,
1805 3347 1982 3399 sciant
2016 3348 2187 3417 quod,

614 3434 778 3494 prout
820 3431 928 3498 jam
975 3428 1179 3484 dictum
1208 3440 1315 3494 est,
1347 3449 1454 3487 non
1500 3452 1566 3489 ex
1606 3445 1762 3506 parte
1817 3446 2013 3492 natura
2046 3455 2193 3508 quaa-

615 3516 740 3570 dam
766 3533 964 3588 nempe
987 3524 1227 3578 essentia
1258 3525 1461 3578 dicitur
1485 3526 1650 3580 alicui
1682 3529 2189 3587 consubstantialis.

614 3605 693 3660 sic
725 3607 873 3661 enim
897 3615 952 3662 et
982 3609 1146 3663 homo
1173 3622 1287 3667 tum
1318 3613 1487 3682 lapidi
1525 3623 1640 3668 tum
1687 3615 1834 3679 cani,
1859 3623 1974 3669 tum
1998 3616 2191 3685 angelo

613 3697 1102 3755 consubstantialis
1145 3702 1445 3757 diceretur.

684 3788 774 3841 57.
817 3787 988 3844 Unica
1040 3792 1135 3845 Dei
1188 3793 1352 3848 Verbi
1405 3803 1600 3850 natura
1652 3799 1757 3852 ista
1805 3799 2085 3851 incarnata
2123 3799 2191 3850 ab

615 3878 780 3932 unica
803 3879 897 3933 Dei
921 3881 1098 3936 Patris
1119 3893 1315 3939 natura
1335 3903 1444 3941 non
1471 3888 1751 3943 incarnata
1773 3888 1958 3942 diifert
1974 3886 2193 3941 annon?

618 3972 1000 4040 Respondeant
1039 3992 1052 4028 :
1087 3975 1131 4029 si
1157 3971 1352 4030 dicunt
1377 3979 1596 4047 quidem
1631 3980 1776 4048 quod
1812 3978 2049 4041 diﬂ’erat,
2082 3992 2192 4030 non

614 4077 746 4115 vero
813 4062 1298 4122 consubstantialis
1382 4070 1489 4123 erit
1553 4070 1699 4124 Patri
1753 4070 1922 4124 Filius
1971 4071 2040 4123 ab
2096 4069 2188 4150 illo

616 4152 682 4206 ad
737 4162 988 4209 naturam
1033 4157 1332 4220 diﬂ'erens;
1380 4177 1488 4214 non
1530 4177 1559 4215 e
1612 4171 1765 4230 parte
1814 4161 1959 4215 enim
2013 4159 2082 4214 de
2126 4161 2192 4214 iis

615 4245 1087 4300 consubstantiale
1132 4247 1315 4303 dicere
1363 4261 1469 4304 est.
1528 4252 1723 4306 Omnia
1775 4252 1924 4307 enim
1974 4251 2191 4305 Domini

615 4337 1108 4392 consubstantialia
1159 4339 1212 4392 in
1258 4355 1452 4394 eorum
1503 4344 1771 4398 totalitate
1814 4343 1881 4395 ad
1955 4342 2190 4395 invicem

617 4413 1106 4484 consubstantialia
1151 4430 1444 4496 videmus;
1483 4433 1526 4486 si
1564 4450 1694 4486 vero
1731 4450 1841 4487 non
1867 4434 2089 4488 diﬂ‘crre
2106 4433 2192 4486 di-

2294 621 2423 687 ἡμῖν
2456 620 2840 694 ,ἀκοινιῖιγητον
2884 623 2944 674 τὸ
3011 621 3152 676 Θείον
3197 627 3253 675 ἑν
3299 624 3542 694 Χριστῷ.
3591 626 3648 678 Εἰ
3696 626 3754 678 δὲ
3803 631 3870 694 τῇ

2295 709 2457 776 σαρκὶ
2499 708 2596 777 μὲν
2623 708 2826 777 ἥνωται
2863 711 2889 761 ὁ
2921 709 3093 776 Λόγος
3125 712 3263 764 κατὰ
3292 714 3390 782 τὴν
3440 713 3622 781 φύσιν,
3654 715 3716 768 ού
3750 731 3876 766 κοι-

2293 800 2450 850 νωνεῐ
2478 798 2536 850 δὲ
2561 797 2637 868 τῷ
2660 799 2831 868 Πατρὶ
2855 803 2934 869 τῇ
2953 801 3092 852 κατὰ
3129 801 3289 870 φύσιν
3320 802 3530 866 ὲνώσει,
3569 804 3871 873 διαιρεῖται

2291 889 2390 959 τὴν
2435 889 2596 957 φύσιν
2637 891 2704 942 ἐκ
2748 889 2840 944 τοῦ
2877 892 3114 962 Ιιατρὸς,
3148 895 3240 946 καὶ
3268 893 3420 946 ἔσται
3454 897 3513 948 ού
3557 897 3690 958 Θεός
3717 912 3729 923 ·
3777 897 3812 966 ἢ
3845 899 3874 947 ὁ

2293 980 2484 1048 Πατὴρ
2511 980 2570 1031 ού
2600 979 2753 1043 Θεὸς,
2782 981 2828 1032 εί
2855 981 3085 1050 Χριστός
3110 982 3305 1045 ἔστινρ
3334 978 3414 1051 εἷς
3441 984 3570 1047 Θεός
3594 999 3607 1013 °
3644 985 3874 1045 πλείους

2291 1068 2403 1138 γὰρ
2429 1070 2856 1138 διαιρουμένους,
2893 1071 2953 1123 ού
2995 1070 3278 1137 δοξαστέον
3305 1073 3459 1136 Θεούς
3480 1089 3493 1102 ·
3533 1062 3671 1128 κατὰ
3701 1073 3875 1126 ϐάτε-

2294 1176 2386 1228 ρον
2411 1159 2468 1210 δὲ
2489 1158 2596 1210 τῶν
2620 1157 2979 1228 βλασφήμων,
3011 1160 3070 1213 τὸ
3099 1162 3206 1235 τῆς
3229 1163 3454 1230 γεέννης
3477 1164 3541 1216 ἂν
3558 1166 3662 1234 ⁴ειη
3698 1164 3873 1218 κολα-

2294 1249 2513 1318 στήριον
2535 1252 2648 1311 τοῖς
2676 1251 3020 1321 αἱρουμένοις
3045 1253 3169 1306 τάδε
3194 1253 3372 1321 λέγειν
3401 1255 3652 1321 ἐπάξιον.

2363 1422 2457 1476 λε’.
2501 1423 2564 1476 Εί
2614 1421 2690 1492 μὴ
2739 1423 2860 1477 καθ’
2887 1425 2916 1476 ὃ
2963 1426 3196 1495 Χριστός
3239 1428 3356 1481 ἐστι
3404 1431 3544 1482 κατὰ
3584 1428 3741 1483 τοῦτό
3782 1449 3874 1494 τις

2293 1513 2450 1582 φύσις
2477 1514 2593 1565 ἐστὶ
2623 1514 2802 1584 (τοῦτο
2832 1515 2940 1585 γὰρ
2967 1518 3059 1568 καὶ
3088 1520 3135 1570 oi
3171 1519 3411 1587 Πατέρες
3437 1522 3792 1590 ἀπείρηκαν),
3839 1525 3873 1592 ἢ

2292 1606 2609 1670 κατ⁸“ούδὶν,
2661 1605 2694 1676 ἢ
2727 1607 2847 1660 καθ’
2886 1607 2914 1660 6
2952 1607 3083 1671 Θεὸς
3120 1610 3302 1678 μόνον,
3335 1611 3368 1681 ἢ
3401 1612 3522 1664 καθ’
3565 1611 3596 1664 6
3643 1612 3874 1682 ἄνθρω-

2294 1709 2392 1756 πος
2429 1694 2608 1763 μόνον,
2641 1695 2673 1764 ἢ
2703 1695 2824 1747 καθ’
2859 1697 2886 1749 ὂ
2921 1713 2978 1748 τε
3009 1695 3139 1759 Θεὸς
3176 1698 3336 1764 φύσις
3367 1702 3508 1764 ἐστὶ,
3540 1701 3630 1753 καὶ
3680 1701 3810 1789 καθί
3844 1703 3874 1754 ὃ

2293 1785 2576 1853 ἄνθρωπος
2607 1786 2767 1838 πάλιν
2785 1787 2941 1854 φύσις
2963 1789 3102 1852 ἐστὶ,
3130 1790 3158 1841 6
3185 1789 3345 1852 αὐτὸς
3375 1791 3472 1858 μὲν
3504 1785 3583 1852 εἷς
3606 1785 3872 1860 Χριστδς,

2295 1875 2407 1930 ἀλλ’
2438 1877 2601 1947 ούχή
2632 1877 2770 1946 αὑτὴ
2806 1878 2968 1945 φύσις
2997 1881 3054 1932 ὲν
3087 1879 3299 1950 θεότητι
3343 1882 3439 1934 καὶ
3477 1880 3873 1951 ἀνθρωπότητι

2296 1960 2436 2018 εἶναι
2467 1965 2779 2036 νοούμενος.
2815 1969 2875 2020 Εί
2928 1969 2984 2021 δὲ
3037 1969 3244 2022 εἴποιεν
3294 1971 3472 2024 καθ’δ
3529 1971 3654 2032 Υἱὸς
3702 1970 3876 2037 φύσις

2295 2059 2465 2124 ἐστὶν,
2501 2052 2579 2120 εἷς
2599 2055 2699 2112 οὖν
2731 2060 2855 2121 Υἱὸς
2886 2062 2981 2112 καὶ
3007 2061 3107 2131 μία
3141 2061 3322 2130 φύσις,
3343 2064 3449 2133 ἄρα
3471 2057 3564 2115 οὖν
3580 2062 3653 2132 μὴ
3666 2064 3874 2115 ταυτὸν

2297 2150 2482 2219 Πατὴρ
2517 2150 2632 2221 Υίῴ
2654 2151 2871 2221 ἀριθμῷ
2965 2154 3140 2222 Λόγῳ,
3171 2154 3294 2205 οὐδὲ
3319 2155 3514 2207 ταυτὸν
3545 2146 3611 2224 τῇ
3645 2152 3812 2221 φύσει
3847 2159 3884 2206 6

2298 2242 2484 2311 Πατὴρ
2508 2241 2584 2310 τῷ
2612 2243 2744 2312 Υίῷ,
2770 2243 2893 2296 οὔτε
2927 2245 3143 2314 ἀριθμῷ
3184 2245 3307 2298 οὔτε
3329 2247 3486 2316 Λόγῳ
3525 2246 3760 2315 φυσικῷ,
3794 2246 3877 2309 ὡς

2299 2332 2515 2401 ¹’Δρειος
2544 2332 2808 2403 βούλεται.
2861 2334 2921 2385 Ei
2949 2334 3006 2386 δὲ
3036 2335 3197 2386 πάλιν
3223 2335 3446 2397 εἴποιεν,
3481 2336 3600 2387 καθ’
3631 2334 3658 2386 ὃ
3684 2335 3874 2403 πρόσ-

2295 2438 2442 2478 ωπον
2497 2423 2593 2475 καὶ
2637 2425 2798 2490 φύσις
2846 2424 2982 2488 ἐστὶ,
3019 2425 3085 2476 τὰ
3119 2425 3257 2477 αὐτὰ
3293 2426 3455 2477 πάλιν
3490 2426 3875 2498 ὑπαντὴσεται

2295 2513 2504 2575 αὐτοῖς·
2532 2513 2638 2581 ἄρα
2680 2514 2788 2581 γὰρ
2816 2515 2936 2566 ἐπεὶ
2973 2513 3160 2584 ἕτερον
3191 2515 3484 2583 πρόσωπον
3522 2513 3616 2567 τοῦ
3646 2515 3875 2583 [ἰατρὸς

2296 2604 2512 2657 καὶτοῦ
2566 2604 2722 2671 ἁγίου
2778 2606 3117 2675 Πνεύματος,
3172 2607 3265 2664 καὶ
3309 2607 3474 2676 ἑτέρα
3522 2606 3712 2676 φύσις·
3749 2608 3874 2659 ἀλλ’

2297 2697 2422 2750 ἐπεὶ
2467 2697 2560 2749 καὶ
2598 2696 2852 2767 διάφορον
2896 2697 3189 2767 πρόσωπον
3219 2698 3428 2768 Πέτρου
3462 2701 3598 2767 πρὸς
3628 2699 3874 2764 Παῦλον,

2298 2789 2392 2840 καὶ
2422 2787 2678 2857 διάφορος
2703 2790 2736 2856 ἡ
2778 2788 2956 2856 φύσις,
3003 2789 3036 2840 ἆ
3057 2789 3173 2841 ἐστι
3209 2792 3457 2859 προφανῆ
3490 2791 3684 2844 ἄτοπα.

2368 2876 2476 2941 λς’.
2521 2876 2580 2929 Εἰ
2614 2878 2713 2945 μία
2741 2877 2994 2939 σύνθετος
3027 2879 3187 2946 φύσις
3231 2879 3321 2932 τοῦ
3358 2881 3617 2950 Χριστοῦ,
3661 2882 3758 2949 μία
3813 2883 3875 2935 δὲ

2297 2967 2442 3037 ἁπλῆ
2468 2967 2628 3035 φύσις
2644 2967 2737 3020 τοῦ
2763 2969 2999 3039 Πατρὸς,
3034 2970 3150 3032 πῶς
3177 2971 3254 3040 τῷ
3278 2973 3453 3041 Πατρὶ
3473 2974 3500 3023 6
3523 2972 3647 3036 Υίὸς
3675 2975 3878 3041 όμοού-

2299 3074 2448 3122 σιος;
2482 3059 2542 3110 ού
2573 3060 2679 3127 γὰρ
2713 3059 2908 3111 ταυτὸν
2946 3059 3023 3129 τῷ
3054 3061 3209 3130 ἀπλῷ
3253 3062 3314 3114 τὸ
3363 3062 3621 3116 σύνθετον
3645 3079 3659 3092 °
3687 3063 3720 3132 ἢ
3773 3064 3879 3118 οῦν

2298 3149 2358 3200 οὑ
2391 3150 2519 3218 μίαν
2544 3149 2639 3202 τοῦ
2670 3149 2931 3218 Χριστοῦ,
2961 3150 2991 3220 ἢ
3020 3151 3119 3220 οὐχ
3148 3152 3434 3220 ὀμοούσιον
3461 3153 3539 3223 τῷ
3565 3155 3739 3224 Πατρὶ
3769 3155 3878 3225 τὴν

2294 3237 2454 3306 φύσιν
2501 3239 2803 3302 δοξάζουσι.
2836 3241 2897 3292 Εί
2953 3241 3010 3292 δὲ
3049 3243 3113 3293 ὲκ
3151 3243 3352 3313 μέρους
3384 3244 3552 3312 αὐτὴν
3581 3245 3878 3313 ὀμοούσιον

2293 3329 2508 3396 λέγουσι
2534 3330 2611 3398 τῷ
2639 3331 2837 3400 Πατρὶ,
2871 3333 3106 3384 ἴστωσαν
3149 3335 3255 3398 ὅτι,
3296 3334 3368 3397 ὡς
3407 3335 3877 3405 προείρηται,ούκ

2293 3422 2356 3472 ἐκ
2374 3423 2574 3489 μέρους
2597 3439 2681 3485 τις
2713 3422 2879 3492 φύσις
2902 3425 3069 3493 ἡγουν
3097 3425 3253 3477 οὐσία
3283 3425 3504 3493 λέγεταί
3533 3443 3640 3479 τινι
3671 3427 3878 3496 όμοού-

2293 3529 2406 3574 σιος
2431 3530 2444 3544 ο
2481 3515 2652 3576 οὓτως
2696 3514 2804 3584 γὰρ
2836 3515 2902 3567 ἂν
2931 3517 3026 3566 καὶ
3069 3516 3358 3585 ἄνθρωπος
3386 3517 3462 3587 τῷ
3497 3534 3555 3569 τε
3602 3512 3736 3587 λίθῳ
3759 3508 3878 3570 ’καὶ

2293 3601 2414 3654 κυνὶ
2436 3602 2530 3654 καὶ
2568 3603 2641 3670 ἀγ
2653 3602 2786 3672 γέλῳ
2813 3604 3099 3673 όμοοῦσιος
3127 3598 3359 3672 λέγοιτο.

2363 3789 2460 3850 λζ’.
2516 3790 2578 3841 Ἦ
2615 3790 2712 3858 μία
2748 3788 2909 3861 φύσις
2944 3787 3038 3841 τοῦ
3077 3789 3212 3842 Θεοῦ
3253 3791 3426 3856 Λόγου
3475 3795 3874 3865 σεσαρκωμένη

2293 3879 2546 3949 διαφέρει
2575 3879 2674 3948 τῆς
2710 3880 2840 3947 μιᾶς
2873 3878 2969 3931 τοῦ
3001 3878 3136 3931 Θεοῦ
3176 3880 3390 3950 Πατρὸς
3415 3880 3628 3949 φύσεως
3661 3881 3760 3951 τῆς
3795 3886 3877 3951 μὴ

2295 3965 2788 4039 σεσαρκωμένης,ἢ
2819 3955 3522 4040 οὐχίςἋνακρινέσΘωσαν.
3555 3973 3618 4024 Ei
3647 3972 3747 4041 μὲν
3775 3970 3879 4026 οὖν

2295 4077 2427 4128 φασι
2472 4059 2770 4129 διαφέρειν,
2823 4062 2923 4128 οὐχ
2976 4061 3261 4128 ὁμοούσιος
3316 4061 3532 4130 ἀληθῶς
3585 4062 3737 4115 ἔσται
3791 4067 3878 4132 τῷ

2295 4151 2470 4219 ﬂat-pi.
2524 4150 2648 4211 Υἱὸς
2689 4149 2966 4218 διαφέρων
3006 4149 3174 4204 αὑτοῦ
3235 4151 3375 4203 κατὰ
3411 4150 3622 4218 ιφύσιν-
3655 4152 3755 4204 οὐκ
3807 4155 3879 4207 ἐκ

2297 4243 2500 4313 μέρους
2525 4243 2635 4309 γάρ
2663 4243 2809 4294 ἐστιν
2841 4244 3014 4293 είπεῖν
3041 4242 3219 4294 αὐτῶν
3252 4242 3314 4293 τὸ
3332 4241 3656 4309 νόμοούσιον·
3689 4258 3880 4296 παντα

2294 4335 2403 4404 γὰρ
2451 4335 2519 4388 τὰ
2557 4334 2758 4403 κυρίως
2783 4333 3068 4402 όμοούσια,
3099 4336 3160 4385 ἐκ
3187 4333 3280 4386 τοῦ
3303 4334 3426 4387 ὅλου
3446 4334 3629 4387 αὐτῶν
3652 4335 3878 4405 ὁρῶμεν

2295 4424 2545 4494 ἀλλήλοις
2574 4424 2880 4496 όμοούσιαέ
2901 4425 2949 4474 εί
2982 4423 3039 4475 δὲ
3074 4423 3150 4492 μὴ
3179 4423 3465 4493 διαφέρειν
3492 4423 3731 4492 ἐροῦσιν,
3760 4424 3877 4495 ἄρα

615 4528 769 4584 cunt,
817 4536 949 4592 ergo
992 4529 1048 4575 et
1087 4521 1182 4575 Dei
1239 4523 1417 4576 Patris
1452 4525 1614 4578 unica
1660 4525 2190 4587 naturaincarnata,

2301 4518 2400 4585 και
2437 4519 2469 4585 ή
2513 4515 2608 4567 τοῦ
2660 4514 2794 4568 Θεοῦ
2845 4514 3058 4585 Πατρὸς
3105 4516 3204 4583 μία
3240 4517 3403 4582 φύσις
3440 4517 3872 4587 σεσαρκιῦμένη,

618 4610 874 4664 similiter
903 4619 959 4664 et
1010 4612 1185 4666 sancti
1220 4611 1479 4682 Spiritus.

688 4701 776 4755 58.
818 4701 1012 4756 Adhuc
1058 4718 1183 4757 cum
1229 4704 1345 4758 sive
1385 4721 1451 4757 ex
1487 4705 1858 4760 subsistentiis
1887 4705 2192 4774 composita

616 4791 998 4856 subsistentia,
1041 4796 1318 4848 exercitus
1362 4795 1503 4849 forte
1549 4806 1644 4849 aut
1692 4796 1909 4859 domus,
1957 4798 2071 4850 sive
2127 4811 2190 4850 ex

620 4879 831 4934 naturis
876 4881 1178 4950 composita
1220 4891 1437 4946 natura,
1473 4891 1529 4937 et
1560 4899 1625 4937 ex
1671 4885 1997 4952 corporibus
2047 4900 2191 4938 com-

620 4971 862 5040 positum
887 4987 1109 5041 corpus,
1135 4981 1191 5026 et
1225 4988 1384 5028 omne
1407 4974 1730 5043 simpliciter
1749 4991 1812 5029 ex
1858 4976 2196 5043 quibuslibet

617 5063 1008 5131 compositum,
1060 5063 1191 5117 licet
1242 5064 1494 5118 similiter
1541 5065 1723 5118 omnia
1783 5065 1898 5118 hinc
1941 5065 2196 5120 dicantur

618 5152 947 5216 substantia,
973 5162 1068 5206 aut
1095 5162 1290 5208 natura
1322 5169 1613 5223 corpusve,
1646 5154 1738 5210 sed
1799 5166 1894 5209 aut
1922 5156 2078 5224 pejus
2103 5165 2196 5209 aut

621 5243 816 5298 melius
863 5260 1024 5313 quam
1071 5245 1244 5314 ipsius
1297 5255 1482 5314 partes
1515 5245 1771 5300 videntur
1815 5256 1871 5300 et
1915 5247 2194 5300 dicuntur.

620 5330 772 5384 Licet
813 5332 1052 5385 Verbum
1105 5343 1304 5387 natura
1357 5342 1412 5389 et
1450 5334 1704 5388 Christus
1754 5345 1948 5388 natura
1996 5336 2200 5404 promi-

618 5435 750 5475 scue
796 5423 1139 5478 considerari
1175 5425 1241 5478 ad
1285 5425 1521 5479 Verbum
1567 5426 1760 5493 possit,
1813 5422 2025 5480 scilicet
2056 5427 2201 5480 sicut

622 5519 794 5565 totum
833 5512 898 5565 ad
919 5524 1152 5582 partem,
1210 5515 1406 5585 inquo
1451 5531 1604 5586 ergo,
1652 5518 1851 5584 inquit,
1901 5517 2054 5587 pejor
2109 5528 2202 5570 aut

622 5602 815 5657 melior
858 5613 943 5658 est
991 5604 1244 5660 Christus
1301 5624 1463 5677 quam
1511 5609 1793 5662 Verbum?

689 5694 779 5747 39.
831 5696 974 5749 Dicit
1023 5698 1315 5766 Apostolus
1356 5717 1366 5751 :
1408 5719 1424 5749 ι
1457 5699 1770 5754 Secundum
1820 5700 2200 5769 operationem

627 5773 883 5856 potentia:
917 5787 1133 5842 virtutis
1166 5789 1436 5858 Deiquum
1471 5801 1731 5859 operatus
1764 5801 1847 5845 est
1872 5792 1921 5844 iu
1957 5791 2203 5854 Christo,

2293 4609 2492 4679 ὁμοίως
2519 4608 2574 4661 δὲ
2606 4607 2700 4660 καὶ
2728 4608 2760 4676 ή
2787 4606 2878 4659 τοῦ
2908 4606 3065 4673 ἁγίου
3106 4606 3447 4677 Πνεύματος.

2364 4699 2467 4768 λη’.
2514 4701 2636 4754 Ἔτι
2665 4700 2788 4753 ἐπεὶ
2815 4698 2939 4767 ἧπτε
2968 4698 3027 4763 ὲξ
3058 4698 3414 4752 ὑποστάσεων
3453 4698 3708 4763 σύνθετος
3735 4701 3846 4752 ύπό

2296 4808 2508 4854 στασις,
2537 4788 2770 4860 στρατοῦ
2799 4789 2961 4858 τυχδν
2990 4789 3022 4855 ἢ
3048 4789 3225 4850 οἴκου,
3255 4790 3290 4858 ἦ
3324 4807 3380 4841 τε
3409 4791 3471 4842 ὲκ
3499 4790 3715 4858 φύσεων
3743 4791 3875 4841 σύν-

2295 4883 2448 4943 θετος
2486 4879 2668 4949 φύσις,
2704 4879 2766 4932 τό
2793 4897 2850 4932 τε
2883 4881 2946 4932 ἐκ
2976 4881 3248 4946 σωμάτων
3278 4881 3531 4934 σύνθετον
3565 4877 3747 4952 σῶμα,
3778 4886 3874 4934 κού

2297 4974 2404 5026 πᾶν
2435 4973 2621 5034 ἁπλῶς
2650 4972 2710 5024 τὸ
2751 4971 2813 5024 ἔκ
2844 4991 3006 5026 τινων
3051 4973 3432 5042 συγκείμενον,
3470 4977 3517 5027 εί
3546 4975 3641 5028 καὶ
3671 4974 3882 5042 ὁμοίως

2297 5065 2480 5126 αὐτοῖς
2533 5065 2745 5131 λέγοιτο
2788 5064 3110 5130 1ὂπόστασις,
3149 5066 3180 5136 ἢ
3217 5048 3404 5131 1φύσις,
3455 5067 3486 5136 ἢ
3535 5066 3716 5136 σῶμα,
3758 5059 3880 5119 ἀλλ’

2297 5155 2330 5222 ἦ
2370 5156 2554 5224 χεῖρον
2597 5154 2631 5224 ἢ
2677 5157 2923 5223 κρεῖττον
2967 5155 3075 5206 τῶν
3111 5157 3305 5208 ἑαυτοῦ
3339 5157 3522 5228 μερῶν
3560 5160 3755 5229 ὁρᾶται
3783 5162 3883 5211 καὶ

2299 5245 2552 5312 λέγἐταιο
2591 5247 2640 5298 εί
2675 5247 2768 5298 καὶ
2798 5249 2825 5299 6
2855 5247 3024 5315 Λόγος
3061 5247 3221 5312 φύσις
3246 5252 3338 5299 καὶ
3374 5249 3401 5299 6
3439 5249 3675 5318 Χριστὸς
3714 5249 3882 5316 φύσις

2304 5338 2690 5408 συγκρίνεσθαι
2722 5339 2855 5406 πρὸς
2883 5338 2973 5389 τὸν
3006 5338 3182 5404 Λόγον
3207 5338 3484 5408 δυναμένη
3507 5341 3678 5404 ἐστὶν,
3708 5341 3881 5409 ἤγουν

2303 5428 2377 5488 ὡς
2408 5427 2527 5481 δλον
2556 5427 2690 5498 πρὸς
2727 5428 2787 5480 τὸ
2814 5429 2944 5480 ἴδιον
2979 5429 3162 5497 μέρος,
3188 5433 3240 5478 τί
3265 5428 3397 5498 ἄρα,
3430 5431 3589 5500 φησὶ,
3619 5431 3813 5500 χείρων
3847 5433 3880 5499 ἢ

2306 5522 2568 5589 κρείττων
2599 5521 2714 5572 ἐστὶ
2732 5519 2824 5572 τοῦ
2865 5519 3038 5587 Λόγου
3076 5523 3102 5573 ὁ
3137 5520 3401 5590 Χριστός;

2380 5699 2475 5754 λθ¹.
2496 5700 2552 5753 ’0
2571 5699 2890 5760 ’Λπὸστολος
2918 5698 3048 5766 φησί
3080 5713 3091 5725 ·
3124 5699 3311 5750 «Κατὰ
3333 5699 3427 5766 τὴν
3460 5699 3744 5767 ἐνέργειαν
3772 5696 3868 5748 τοῦ

2314 5795 2543 5864 κράτους
2588 5793 2685 5862 τῆς
2736 5791 2916 5859 ἰσχύος
2969 5789 3059 5841 τοῦ
3089 5788 3332 5866 chi-fy;
3369 5791 3668 5858 ἐνήργησεν
3714 5789 3772 5839 ἐν
3806 5787 3884 5857 τῷ
