  <div class='ocr_page' id='page_1' title='image "/cluster/home/n/w/nwhite01/storage/ocr_20150623/88 pt.2/uva.x004575615/026.png"; bbox 0 0 4102 6500; ppageno 0'>
   <div class='ocr_carea' id='block_1_1' title="bbox 208 451 307 512">
    <p class='ocr_par' dir='ltr' id='par_1_1' title="bbox 208 451 307 512">
     <span class='ocr_line' id='line_1_1' title="bbox 208 451 307 512; baseline 0.02 -2"><span class='ocrx_word' id='word_1_1' title='bbox 208 451 307 512; x_wconf 71' lang='grc' dir='ltr'><strong>Ιῖ93</strong></span> 
     </span>
    </p>
   </div>
   <div class='ocr_carea' id='block_1_2' title="bbox 1306 439 2249 508">
    <p class='ocr_par' dir='ltr' id='par_1_2' title="bbox 1306 439 2249 508">
     <span class='ocr_line' id='line_1_2' title="bbox 1306 439 2249 508; baseline -0.005 -6"><span class='ocrx_word' id='word_1_2' title='bbox 1306 443 1599 504; x_wconf 79' lang='lat' dir='ltr'><strong>CONTRA</strong></span> <span class='ocrx_word' id='word_1_3' title='bbox 1639 439 2249 508; x_wconf 68' lang='lat' dir='ltr'><strong>MONOPHYSITAS.</strong></span> 
     </span>
    </p>
   </div>
   <div class='ocr_carea' id='block_1_3' title="bbox 3314 433 3448 497">
    <p class='ocr_par' dir='ltr' id='par_1_3' title="bbox 3314 433 3448 497">
     <span class='ocr_line' id='line_1_3' title="bbox 3314 433 3448 497; baseline -0.007 -3"><span class='ocrx_word' id='word_1_4' title='bbox 3314 433 3448 497; x_wconf 73' lang='lat' dir='ltr'><strong>179i</strong></span> 
     </span>
    </p>
   </div>
   <div class='ocr_carea' id='block_1_4' title="bbox 205 549 1776 628">
    <p class='ocr_par' dir='ltr' id='par_1_4' title="bbox 205 553 1766 628">
     <span class='ocr_line' id='line_1_4' title="bbox 205 553 1766 628; baseline -0.004 -18"><span class='ocrx_word' id='word_1_5' title='bbox 205 556 399 627; x_wconf 76' lang='grc' dir='ltr'>Χριστῷ,</span> <span class='ocrx_word' id='word_1_6' title='bbox 432 557 658 624; x_wconf 67' lang='grc' dir='ltr'>ἐγείρας</span> <span class='ocrx_word' id='word_1_7' title='bbox 689 556 935 609; x_wconf 76' lang='grc' dir='ltr'>αύτδνὲκ</span> <span class='ocrx_word' id='word_1_8' title='bbox 956 555 1220 628; x_wconf 56' lang='grc' dir='ltr'>νεκρῶνῄι</span> <span class='ocrx_word' id='word_1_9' title='bbox 1252 553 1392 623; x_wconf 79' lang='grc' dir='ltr'>αῦτη</span> <span class='ocrx_word' id='word_1_10' title='bbox 1416 560 1524 624; x_wconf 82' lang='grc' dir='ltr'><strong>γάρ</strong></span> <span class='ocrx_word' id='word_1_11' title='bbox 1548 555 1580 620; x_wconf 81' lang='grc' dir='ltr'>ἠ</span> <span class='ocrx_word' id='word_1_12' title='bbox 1608 555 1766 622; x_wconf 72' lang='grc' dir='ltr'>ἐνερ-</span> 
     </span>
    </p>
   </div>
   <div class='ocr_carea' id='block_1_5' title="bbox 1880 549 3451 628">
    <p class='ocr_par' dir='ltr' id='par_1_5' title="bbox 1880 549 3451 618">
     <span class='ocr_line' id='line_1_5' title="bbox 1880 549 3451 618; baseline -0.004 -12"><span class='ocrx_word' id='word_1_13' title='bbox 1880 564 2144 607; x_wconf 72' lang='lat' dir='ltr'><strong>mscrtans</strong></span> <span class='ocrx_word' id='word_1_14' title='bbox 2180 553 2333 604; x_wconf 85' lang='lat' dir='ltr'><strong>illum</strong></span> <span class='ocrx_word' id='word_1_15' title='bbox 2362 566 2390 604; x_wconf 83' lang='lat' dir='ltr'><strong>a</strong></span> <span class='ocrx_word' id='word_1_16' title='bbox 2431 550 2664 604; x_wconf 84' lang='lat' dir='ltr'><strong>mortuis</strong></span> <span class='ocrx_word' id='word_1_17' title='bbox 2691 551 2710 579; x_wconf 82' lang='lat'>&#39;</span> <span class='ocrx_word' id='word_1_18' title='bbox 2754 565 2767 614; x_wconf 91' lang='lat'><strong>;</strong></span> <span class='ocrx_word' id='word_1_19' title='bbox 2804 567 2822 600; x_wconf 76' lang='grc' dir='ltr'><strong>ι</strong></span> <span class='ocrx_word' id='word_1_20' title='bbox 2857 549 2979 604; x_wconf 66' lang='lat' dir='ltr'><strong>haec</strong></span> <span class='ocrx_word' id='word_1_21' title='bbox 3010 558 3245 618; x_wconf 68' lang='lat' dir='ltr'><strong>Operam!</strong></span> <span class='ocrx_word' id='word_1_22' title='bbox 3272 556 3451 601; x_wconf 74' lang='lat' dir='ltr'><strong>Virtus</strong></span> 
     </span>
    </p>
   </div>
   <div class='ocr_carea' id='block_1_6' title="bbox 208 629 1758 717">
    <p class='ocr_par' dir='ltr' id='par_1_6' title="bbox 208 629 1758 717">
     <span class='ocr_line' id='line_1_6' title="bbox 208 629 1758 717; baseline -0.003 -19"><span class='ocrx_word' id='word_1_23' title='bbox 208 648 340 714; x_wconf 75' lang='grc' dir='ltr'>γοῦσα</span> <span class='ocrx_word' id='word_1_24' title='bbox 382 649 562 717; x_wconf 72' lang='grc' dir='ltr'>ίσχῦς,</span> <span class='ocrx_word' id='word_1_25' title='bbox 610 647 776 716; x_wconf 80' lang='grc' dir='ltr'><strong>φύσις</strong></span> <span class='ocrx_word' id='word_1_26' title='bbox 807 641 896 716; x_wconf 73' lang='grc' dir='ltr'>ἦν,</span> <span class='ocrx_word' id='word_1_27' title='bbox 929 645 1108 715; x_wconf 79' lang='grc' dir='ltr'>ἢούχί</span> <span class='ocrx_word' id='word_1_28' title='bbox 1138 661 1153 710; x_wconf 86' lang='lat'><strong>;</strong></span> <span class='ocrx_word' id='word_1_29' title='bbox 1197 644 1260 696; x_wconf 80' lang='lat' dir='ltr'><strong>El</strong></span> <span class='ocrx_word' id='word_1_30' title='bbox 1291 643 1348 695; x_wconf 76' lang='grc' dir='ltr'>δὲ</span> <span class='ocrx_word' id='word_1_31' title='bbox 1366 643 1534 712; x_wconf 63' lang='grc' dir='ltr'>ἄμφω</span> <span class='ocrx_word' id='word_1_32' title='bbox 1569 629 1758 713; x_wconf 69' lang='grc' dir='ltr'>μίαῆν</span> 
     </span>
    </p>
   </div>
   <div class='ocr_carea' id='block_1_7' title="bbox 208 732 1760 805">
    <p class='ocr_par' dir='ltr' id='par_1_7' title="bbox 208 732 1760 805">
     <span class='ocr_line' id='line_1_7' title="bbox 208 732 1760 805; baseline -0.001 -19"><span class='ocrx_word' id='word_1_33' title='bbox 208 736 332 803; x_wconf 52' lang='grc' dir='ltr'>φύσις</span> <span class='ocrx_word' id='word_1_34' title='bbox 372 733 511 805; x_wconf 76' lang='grc' dir='ltr'>αὐτὴ</span> <span class='ocrx_word' id='word_1_35' title='bbox 564 736 600 805; x_wconf 78' lang='grc' dir='ltr'>ἡ</span> <span class='ocrx_word' id='word_1_36' title='bbox 652 733 960 804; x_wconf 71' lang='grc' dir='ltr'>ἑνεργοῦσα</span> <span class='ocrx_word' id='word_1_37' title='bbox 995 732 1181 786; x_wconf 77' lang='grc' dir='ltr'>καὶτὸ</span> <span class='ocrx_word' id='word_1_38' title='bbox 1227 732 1630 803; x_wconf 79' lang='grc' dir='ltr'>ὲνεργούμενον</span> <span class='ocrx_word' id='word_1_39' title='bbox 1661 733 1760 802; x_wconf 73' lang='grc' dir='ltr'>τὴν</span> 
     </span>
    </p>
   </div>
   <div class='ocr_carea' id='block_1_8' title="bbox 208 821 1762 894">
    <p class='ocr_par' dir='ltr' id='par_1_8' title="bbox 208 821 1762 894">
     <span class='ocr_line' id='line_1_8' title="bbox 208 821 1762 894; baseline -0.002 -16"><span class='ocrx_word' id='word_1_40' title='bbox 208 827 488 888; x_wconf 77' lang='grc' dir='ltr'>ἀνάστασιν,</span> <span class='ocrx_word' id='word_1_41' title='bbox 525 825 611 887; x_wconf 86' lang='grc' dir='ltr'><strong>τίς</strong></span> <span class='ocrx_word' id='word_1_42' title='bbox 648 826 683 894; x_wconf 81' lang='grc' dir='ltr'><strong>ἠ</strong></span> <span class='ocrx_word' id='word_1_43' title='bbox 732 821 1110 893; x_wconf 71' lang='grc' dir='ltr'><strong>ἐνεργουμένη</strong></span> <span class='ocrx_word' id='word_1_44' title='bbox 1139 825 1232 875; x_wconf 77' lang='grc' dir='ltr'>καὶ</span> <span class='ocrx_word' id='word_1_45' title='bbox 1268 825 1349 884; x_wconf 74' lang='grc' dir='ltr'><strong>τίς</strong></span> <span class='ocrx_word' id='word_1_46' title='bbox 1398 824 1434 892; x_wconf 76' lang='grc' dir='ltr'><strong>ἡ</strong></span> <span class='ocrx_word' id='word_1_47' title='bbox 1461 822 1762 892; x_wconf 80' lang='grc' dir='ltr'>ἑνεργοῦσα</span> 
     </span>
    </p>
   </div>
   <div class='ocr_carea' id='block_1_9' title="bbox 208 913 1763 985">
    <p class='ocr_par' dir='ltr' id='par_1_9' title="bbox 208 913 1763 985">
     <span class='ocr_line' id='line_1_9' title="bbox 208 913 1763 985; baseline 0 -20"><span class='ocrx_word' id='word_1_48' title='bbox 208 919 280 968; x_wconf 69' lang='lat' dir='ltr'><strong>xxi</strong></span> <span class='ocrx_word' id='word_1_49' title='bbox 305 915 585 985; x_wconf 69' lang='grc' dir='ltr'>ἐγείρουσα</span> <span class='ocrx_word' id='word_1_50' title='bbox 626 915 800 984; x_wconf 82' lang='grc' dir='ltr'>αὐτὴν</span> <span class='ocrx_word' id='word_1_51' title='bbox 844 913 1045 982; x_wconf 84' lang='grc' dir='ltr'>φύσις;</span> <span class='ocrx_word' id='word_1_52' title='bbox 1092 915 1156 967; x_wconf 86' lang='grc' dir='ltr'><strong>ού</strong></span> <span class='ocrx_word' id='word_1_53' title='bbox 1193 913 1304 984; x_wconf 81' lang='grc' dir='ltr'>γὰρ</span> <span class='ocrx_word' id='word_1_54' title='bbox 1339 915 1533 966; x_wconf 70' lang='grc' dir='ltr'>ἑαυτὸν</span> <span class='ocrx_word' id='word_1_55' title='bbox 1575 914 1763 968; x_wconf 79' lang='grc' dir='ltr'>λοιπὸν</span> 
     </span>
    </p>
   </div>
   <div class='ocr_carea' id='block_1_10' title="bbox 214 1002 1759 1085">
    <p class='ocr_par' dir='ltr' id='par_1_10' title="bbox 214 1002 1759 1085">
     <span class='ocr_line' id='line_1_10' title="bbox 214 1002 1759 1085; baseline -0.003 -27"><span class='ocrx_word' id='word_1_56' title='bbox 214 1006 536 1074; x_wconf 69' lang='grc' dir='ltr'>ἁνεστηκέναι</span> <span class='ocrx_word' id='word_1_57' title='bbox 591 1005 851 1085; x_wconf 31' lang='grc' dir='ltr'>Χριστὸς-ἱ</span> <span class='ocrx_word' id='word_1_58' title='bbox 889 1005 988 1074; x_wconf 88' lang='grc' dir='ltr'><strong>μία</strong></span> <span class='ocrx_word' id='word_1_59' title='bbox 1029 1002 1104 1057; x_wconf 82' lang='grc' dir='ltr'>ὢν</span> <span class='ocrx_word' id='word_1_60' title='bbox 1159 1003 1324 1072; x_wconf 85' lang='grc' dir='ltr'>φύσις</span> <span class='ocrx_word' id='word_1_61' title='bbox 1365 1002 1720 1074; x_wconf 82' lang='grc' dir='ltr'>δειχθήσεται</span> <span class='ocrx_word' id='word_1_62' title='bbox 1745 1018 1759 1033; x_wconf 78' lang='grc' dir='ltr'><strong><em>ο</em></strong></span> 
     </span>
    </p>
   </div>
   <div class='ocr_carea' id='block_1_11' title="bbox 210 1077 1762 1168">
    <p class='ocr_par' dir='ltr' id='par_1_11' title="bbox 210 1077 1762 1168">
     <span class='ocr_line' id='line_1_11' title="bbox 210 1077 1762 1168; baseline -0.004 -18"><span class='ocrx_word' id='word_1_63' title='bbox 210 1099 335 1168; x_wconf 75' lang='grc' dir='ltr'>εἴπερ</span> <span class='ocrx_word' id='word_1_64' title='bbox 366 1093 458 1150; x_wconf 84' lang='grc' dir='ltr'>οὖν</span> <span class='ocrx_word' id='word_1_65' title='bbox 491 1077 737 1156; x_wconf 73' lang='grc' dir='ltr'>εὐσεϐῶς</span> <span class='ocrx_word' id='word_1_66' title='bbox 760 1077 862 1166; x_wconf 69' lang='grc' dir='ltr'>τὴν</span> <span class='ocrx_word' id='word_1_67' title='bbox 892 1096 1193 1148; x_wconf 81' lang='grc' dir='ltr'>ἀνάστασιν</span> <span class='ocrx_word' id='word_1_68' title='bbox 1234 1093 1402 1147; x_wconf 82' lang='grc' dir='ltr'>αὑτοῦ</span> <span class='ocrx_word' id='word_1_69' title='bbox 1441 1092 1762 1162; x_wconf 64' lang='grc' dir='ltr'>δοξάζομεν,</span> 
     </span>
    </p>
   </div>
   <div class='ocr_carea' id='block_1_12' title="bbox 211 1183 1765 1259">
    <p class='ocr_par' dir='ltr' id='par_1_12' title="bbox 211 1183 1765 1259">
     <span class='ocr_line' id='line_1_12' title="bbox 211 1183 1765 1259; baseline -0.002 -20"><span class='ocrx_word' id='word_1_70' title='bbox 211 1192 253 1254; x_wconf 78' lang='grc' dir='ltr'>ἐξ</span> <span class='ocrx_word' id='word_1_71' title='bbox 281 1189 458 1259; x_wconf 74' lang='grc' dir='ltr'>ἑτέρας</span> <span class='ocrx_word' id='word_1_72' title='bbox 486 1186 656 1240; x_wconf 85' lang='grc' dir='ltr'>αὑτοῦ</span> <span class='ocrx_word' id='word_1_73' title='bbox 706 1185 924 1254; x_wconf 85' lang='grc' dir='ltr'>φύσεως</span> <span class='ocrx_word' id='word_1_74' title='bbox 962 1186 1061 1257; x_wconf 77' lang='grc' dir='ltr'>τὴν</span> <span class='ocrx_word' id='word_1_75' title='bbox 1116 1186 1311 1256; x_wconf 79' lang='grc' dir='ltr'>ἑτέραν</span> <span class='ocrx_word' id='word_1_76' title='bbox 1358 1183 1558 1237; x_wconf 78' lang='grc' dir='ltr'>ἑαυτοῦ</span> <span class='ocrx_word' id='word_1_77' title='bbox 1601 1183 1765 1252; x_wconf 75' lang='grc' dir='ltr'>φύσιν</span> 
     </span>
    </p>
   </div>
   <div class='ocr_carea' id='block_1_13' title="bbox 209 1261 1766 1346">
    <p class='ocr_par' dir='ltr' id='par_1_13' title="bbox 209 1261 1766 1346">
     <span class='ocr_line' id='line_1_13' title="bbox 209 1261 1766 1346; baseline -0.001 -20"><span class='ocrx_word' id='word_1_78' title='bbox 209 1277 399 1346; x_wconf 77' lang='grc' dir='ltr'>ἀνιστᾷν</span> <span class='ocrx_word' id='word_1_79' title='bbox 443 1276 617 1344; x_wconf 75' lang='grc' dir='ltr'>αὐτὴν</span> <span class='ocrx_word' id='word_1_80' title='bbox 670 1275 912 1346; x_wconf 73' lang='grc' dir='ltr'>Χριστὸν</span> <span class='ocrx_word' id='word_1_81' title='bbox 955 1261 1406 1345; x_wconf 83' lang='grc' dir='ltr'>ὁμολογήσομεν·</span> <span class='ocrx_word' id='word_1_82' title='bbox 1460 1273 1654 1345; x_wconf 84' lang='grc' dir='ltr'>ὥσπερ</span> <span class='ocrx_word' id='word_1_83' title='bbox 1707 1276 1766 1326; x_wconf 77' lang='grc' dir='ltr'>ἐν</span> 
     </span>
    </p>
   </div>
   <div class='ocr_carea' id='block_1_14' title="bbox 211 1364 1768 1437">
    <p class='ocr_par' dir='ltr' id='par_1_14' title="bbox 211 1364 1768 1437">
     <span class='ocr_line' id='line_1_14' title="bbox 211 1364 1768 1437; baseline 0.001 -22"><span class='ocrx_word' id='word_1_84' title='bbox 211 1368 367 1427; x_wconf 61' lang='lat' dir='ltr'><strong>amet;</strong></span> <span class='ocrx_word' id='word_1_85' title='bbox 397 1367 491 1418; x_wconf 78' lang='grc' dir='ltr'>καὶ</span> <span class='ocrx_word' id='word_1_86' title='bbox 517 1365 666 1436; x_wconf 82' lang='grc' dir='ltr'>ψυχὴ</span> <span class='ocrx_word' id='word_1_87' title='bbox 699 1365 864 1436; x_wconf 82' lang='grc' dir='ltr'>σῶμα</span> <span class='ocrx_word' id='word_1_88' title='bbox 886 1366 1242 1436; x_wconf 69' lang='grc' dir='ltr'>ἐγείρειντῆς</span> <span class='ocrx_word' id='word_1_89' title='bbox 1273 1365 1383 1437; x_wconf 82' lang='grc' dir='ltr'><strong>γὰρ</strong></span> <span class='ocrx_word' id='word_1_90' title='bbox 1423 1364 1611 1435; x_wconf 77' lang='grc' dir='ltr'>κλίνης</span> <span class='ocrx_word' id='word_1_91' title='bbox 1636 1364 1768 1418; x_wconf 80' lang='grc' dir='ltr'>αὐτὸ</span> 
     </span>
    </p>
   </div>
   <div class='ocr_carea' id='block_1_15' title="bbox 209 1455 1771 1528">
    <p class='ocr_par' dir='ltr' id='par_1_15' title="bbox 209 1455 1771 1528">
     <span class='ocr_line' id='line_1_15' title="bbox 209 1455 1771 1528; baseline 0.001 -21"><span class='ocrx_word' id='word_1_92' title='bbox 209 1458 481 1528; x_wconf 75' lang='grc' dir='ltr'>ὁιανίστησι</span> <span class='ocrx_word' id='word_1_93' title='bbox 520 1457 787 1521; x_wconf 76' lang='grc' dir='ltr'><strong>πολλάκις</strong></span> <span class='ocrx_word' id='word_1_94' title='bbox 831 1458 909 1510; x_wconf 77' lang='grc' dir='ltr'><strong>δι’</strong></span> <span class='ocrx_word' id='word_1_95' title='bbox 956 1455 1516 1527; x_wconf 70' lang='grc' dir='ltr'>ἐνθυμήσεωςο.οῦτω</span> <span class='ocrx_word' id='word_1_96' title='bbox 1551 1459 1644 1511; x_wconf 73' lang='grc' dir='ltr'>καὶ</span> <span class='ocrx_word' id='word_1_97' title='bbox 1677 1456 1771 1525; x_wconf 78' lang='grc' dir='ltr'><strong>γέ·</strong></span> 
     </span>
    </p>
   </div>
   <div class='ocr_carea' id='block_1_16' title="bbox 211 1548 1766 1626">
    <p class='ocr_par' dir='ltr' id='par_1_16' title="bbox 211 1548 1766 1626">
     <span class='ocr_line' id='line_1_16' title="bbox 211 1548 1766 1626; baseline 0 -26"><span class='ocrx_word' id='word_1_98' title='bbox 211 1565 446 1617; x_wconf 67' lang='grc' dir='ltr'>γραπταιο</span> <span class='ocrx_word' id='word_1_99' title='bbox 476 1567 494 1600; x_wconf 75' lang='grc' dir='ltr'><strong>ι</strong></span> <span class='ocrx_word' id='word_1_100' title='bbox 519 1548 663 1617; x_wconf 84' lang='grc' dir='ltr'>Ἐγὼ</span> <span class='ocrx_word' id='word_1_101' title='bbox 705 1548 1011 1626; x_wconf 60' lang='grc' dir='ltr'>ὲκοιμήθτιν</span> <span class='ocrx_word' id='word_1_102' title='bbox 1040 1549 1136 1602; x_wconf 76' lang='grc' dir='ltr'>καὶ</span> <span class='ocrx_word' id='word_1_103' title='bbox 1169 1548 1414 1612; x_wconf 80' lang='grc' dir='ltr'>ῦπνωσα,</span> <span class='ocrx_word' id='word_1_104' title='bbox 1437 1548 1766 1618; x_wconf 80' lang='grc' dir='ltr'>ὲξηγέρθην,</span> 
     </span>
    </p>
   </div>
   <div class='ocr_carea' id='block_1_17' title="bbox 210 1637 1768 1711">
    <p class='ocr_par' dir='ltr' id='par_1_17' title="bbox 210 1637 1768 1711">
     <span class='ocr_line' id='line_1_17' title="bbox 210 1637 1768 1711; baseline 0.001 -21"><span class='ocrx_word' id='word_1_105' title='bbox 210 1640 509 1710; x_wconf 77' lang='grc' dir='ltr'>ὃτιΚύριος,</span> <span class='ocrx_word' id='word_1_106' title='bbox 529 1659 549 1692; x_wconf 73' lang='grc' dir='ltr'><strong>ι</strong></span> <span class='ocrx_word' id='word_1_107' title='bbox 583 1641 830 1711; x_wconf 84' lang='grc' dir='ltr'>δηλονότι</span> <span class='ocrx_word' id='word_1_108' title='bbox 848 1637 1112 1711; x_wconf 74' lang='grc' dir='ltr'>ὁὲνὲμοὶ,</span> <span class='ocrx_word' id='word_1_109' title='bbox 1140 1641 1329 1710; x_wconf 76' lang='grc' dir='ltr'>φησὶν,</span> <span class='ocrx_word' id='word_1_110' title='bbox 1357 1658 1374 1690; x_wconf 85' lang='grc' dir='ltr'><strong>ι</strong></span> <span class='ocrx_word' id='word_1_111' title='bbox 1411 1639 1768 1710; x_wconf 74' lang='grc' dir='ltr'><strong>ἀντιλήψεται</strong></span> 
     </span>
    </p>
   </div>
   <div class='ocr_carea' id='block_1_18' title="bbox 215 1728 1773 1800">
    <p class='ocr_par' dir='ltr' id='par_1_18' title="bbox 215 1728 1773 1800">
     <span class='ocr_line' id='line_1_18' title="bbox 215 1728 1773 1800; baseline 0.001 -20"><span class='ocrx_word' id='word_1_112' title='bbox 215 1747 329 1796; x_wconf 79' lang='grc' dir='ltr'>μου»</span> <span class='ocrx_word' id='word_1_113' title='bbox 363 1733 489 1783; x_wconf 73' lang='grc' dir='ltr'>’καὶ</span> <span class='ocrx_word' id='word_1_114' title='bbox 540 1731 623 1792; x_wconf 83' lang='grc' dir='ltr'>τὸ,</span> <span class='ocrx_word' id='word_1_115' title='bbox 671 1730 952 1800; x_wconf 79' lang='grc' dir='ltr'><strong>«Σκύμνος</strong></span> <span class='ocrx_word' id='word_1_116' title='bbox 998 1731 1213 1793; x_wconf 81' lang='grc' dir='ltr'>λέοντος</span> <span class='ocrx_word' id='word_1_117' title='bbox 1234 1729 1555 1799; x_wconf 64' lang='grc' dir='ltr'>ἑκβλαστοῦ</span> <span class='ocrx_word' id='word_1_118' title='bbox 1600 1728 1773 1782; x_wconf 79' lang='grc' dir='ltr'>Ἰούδα</span> 
     </span>
    </p>
   </div>
   <div class='ocr_carea' id='block_1_19' title="bbox 213 1823 1770 1898">
    <p class='ocr_par' dir='ltr' id='par_1_19' title="bbox 213 1823 1770 1898">
     <span class='ocr_line' id='line_1_19' title="bbox 213 1823 1770 1898; baseline 0.001 -24"><span class='ocrx_word' id='word_1_119' title='bbox 213 1825 476 1896; x_wconf 75' lang='grc' dir='ltr'>ἐκοιμήθηο</span> <span class='ocrx_word' id='word_1_120' title='bbox 535 1826 620 1888; x_wconf 89' lang='grc' dir='ltr'><strong>τίς</strong></span> <span class='ocrx_word' id='word_1_121' title='bbox 656 1825 913 1898; x_wconf 72' lang='grc' dir='ltr'>ἐξεγείρῃ</span> <span class='ocrx_word' id='word_1_122' title='bbox 944 1825 1141 1892; x_wconf 86' lang='grc' dir='ltr'>αύτόν;</span> <span class='ocrx_word' id='word_1_123' title='bbox 1183 1823 1307 1894; x_wconf 72' lang='grc' dir='ltr'><strong>»οὐχ</strong></span> <span class='ocrx_word' id='word_1_124' title='bbox 1349 1823 1558 1895; x_wconf 70' lang='grc' dir='ltr'>ιτερος,</span> <span class='ocrx_word' id='word_1_125' title='bbox 1583 1824 1770 1894; x_wconf 75' lang='grc' dir='ltr'>φησὶν,</span> 
     </span>
    </p>
   </div>
   <div class='ocr_carea' id='block_1_20' title="bbox 1864 637 3453 703">
    <p class='ocr_par' dir='ltr' id='par_1_20' title="bbox 1864 637 3453 703">
     <span class='ocr_line' id='line_1_20' title="bbox 1864 637 3453 703; baseline -0.004 -7"><span class='ocrx_word' id='word_1_126' title='bbox 1864 654 2060 696; x_wconf 81' lang='lat' dir='ltr'><strong>natura</strong></span> <span class='ocrx_word' id='word_1_127' title='bbox 2102 648 2221 695; x_wconf 87' lang='lat' dir='ltr'><strong>erat</strong></span> <span class='ocrx_word' id='word_1_128' title='bbox 2257 648 2352 693; x_wconf 86' lang='lat' dir='ltr'><strong>aut</strong></span> <span class='ocrx_word' id='word_1_129' title='bbox 2392 640 2544 693; x_wconf 88' lang='lat' dir='ltr'><strong>non?</strong></span> <span class='ocrx_word' id='word_1_130' title='bbox 2577 637 2631 693; x_wconf 92' lang='lat' dir='ltr'><strong>Si</strong></span> <span class='ocrx_word' id='word_1_131' title='bbox 2658 654 2788 693; x_wconf 88' lang='lat' dir='ltr'><strong>vero</strong></span> <span class='ocrx_word' id='word_1_132' title='bbox 2821 638 2986 693; x_wconf 85' lang='lat' dir='ltr'><strong>ambo</strong></span> <span class='ocrx_word' id='word_1_133' title='bbox 3021 653 3130 703; x_wconf 78' lang='lat' dir='ltr'><strong>una</strong></span> <span class='ocrx_word' id='word_1_134' title='bbox 3169 645 3329 691; x_wconf 86' lang='lat' dir='ltr'><strong>erant</strong></span> <span class='ocrx_word' id='word_1_135' title='bbox 3356 652 3453 690; x_wconf 86' lang='lat' dir='ltr'><strong>na-</strong></span> 
     </span>
    </p>
   </div>
   <div class='ocr_carea' id='block_1_21' title="bbox 1866 716 3454 801">
    <p class='ocr_par' dir='ltr' id='par_1_21' title="bbox 1866 716 3454 801">
     <span class='ocr_line' id='line_1_21' title="bbox 1866 716 3454 801; baseline -0.003 -15"><span class='ocrx_word' id='word_1_136' title='bbox 1866 745 2024 799; x_wconf 66' lang='lat' dir='ltr'><strong>tum,</strong></span> <span class='ocrx_word' id='word_1_137' title='bbox 2055 732 2292 801; x_wconf 79' lang='lat' dir='ltr'><strong>cperans&#39;</strong></span> <span class='ocrx_word' id='word_1_138' title='bbox 2327 739 2382 784; x_wconf 88' lang='lat' dir='ltr'><strong>et</strong></span> <span class='ocrx_word' id='word_1_139' title='bbox 2412 716 2797 799; x_wconf 74' lang='lat' dir='ltr'><strong>operationem</strong></span> <span class='ocrx_word' id='word_1_140' title='bbox 2831 730 3049 799; x_wconf 87' lang='lat' dir='ltr'><strong>patiens</strong></span> <span class='ocrx_word' id='word_1_141' title='bbox 3073 731 3454 783; x_wconf 81' lang='lat' dir='ltr'><strong>resurrectio-</strong></span> 
     </span>
    </p>
   </div>
   <div class='ocr_carea' id='block_1_22' title="bbox 1865 820 3498 892">
    <p class='ocr_par' dir='ltr' id='par_1_22' title="bbox 1865 820 3498 892">
     <span class='ocr_line' id='line_1_22' title="bbox 1865 820 3498 892; baseline -0.003 -14"><span class='ocrx_word' id='word_1_142' title='bbox 1865 840 2013 888; x_wconf 87' lang='lat' dir='ltr'><strong>nem,</strong></span> <span class='ocrx_word' id='word_1_143' title='bbox 2061 838 2181 892; x_wconf 83' lang='lat' dir='ltr'><strong>quae</strong></span> <span class='ocrx_word' id='word_1_144' title='bbox 2211 823 2448 891; x_wconf 87' lang='lat' dir='ltr'><strong>patiens,</strong></span> <span class='ocrx_word' id='word_1_145' title='bbox 2498 832 2554 876; x_wconf 94' lang='lat' dir='ltr'><strong>et</strong></span> <span class='ocrx_word' id='word_1_146' title='bbox 2611 837 2733 891; x_wconf 74' lang='lat' dir='ltr'><strong>qua:</strong></span> <span class='ocrx_word' id='word_1_147' title='bbox 2781 828 3130 891; x_wconf 76' lang='lat' dir='ltr'><strong>operanset</strong></span> <span class='ocrx_word' id='word_1_148' title='bbox 3179 820 3455 875; x_wconf 75' lang='lat' dir='ltr'><strong>suscitans</strong></span> <span class='ocrx_word' id='word_1_149' title='bbox 3495 843 3498 846; x_wconf 56' lang='grc' dir='ltr'><strong><em>η</em></strong></span> 
     </span>
    </p>
   </div>
   <div class='ocr_carea' id='block_1_23' title="bbox 1865 909 3456 980">
    <p class='ocr_par' dir='ltr' id='par_1_23' title="bbox 1865 909 3456 980">
     <span class='ocr_line' id='line_1_23' title="bbox 1865 909 3456 980; baseline -0.004 -12"><span class='ocrx_word' id='word_1_150' title='bbox 1865 929 1986 968; x_wconf 87' lang='lat' dir='ltr'><strong>eam</strong></span> <span class='ocrx_word' id='word_1_151' title='bbox 2006 912 2235 967; x_wconf 82' lang='lat' dir='ltr'><strong>natura?</strong></span> <span class='ocrx_word' id='word_1_152' title='bbox 2251 927 2360 965; x_wconf 90' lang='lat' dir='ltr'><strong>non</strong></span> <span class='ocrx_word' id='word_1_153' title='bbox 2377 911 2524 966; x_wconf 90' lang='lat' dir='ltr'><strong>enim</strong></span> <span class='ocrx_word' id='word_1_154' title='bbox 2544 912 2787 980; x_wconf 88' lang='lat' dir='ltr'><strong>seipsum</strong></span> <span class='ocrx_word' id='word_1_155' title='bbox 2805 918 3063 965; x_wconf 65' lang='lat' dir='ltr'><strong>caeterum</strong></span> <span class='ocrx_word' id='word_1_156' title='bbox 3087 909 3456 964; x_wconf 73' lang='lat' dir='ltr'><strong>resurrexisse</strong></span> 
     </span>
    </p>
   </div>
   <div class='ocr_carea' id='block_1_24' title="bbox 1865 999 3455 1067">
    <p class='ocr_par' dir='ltr' id='par_1_24' title="bbox 1865 999 3455 1067">
     <span class='ocr_line' id='line_1_24' title="bbox 1865 999 3455 1067; baseline -0.003 -9"><span class='ocrx_word' id='word_1_157' title='bbox 1865 1005 2122 1059; x_wconf 85' lang='lat' dir='ltr'><strong>Christus</strong></span> <span class='ocrx_word' id='word_1_158' title='bbox 2170 1003 2334 1056; x_wconf 73' lang='lat' dir='ltr'><strong>unica</strong></span> <span class='ocrx_word' id='word_1_159' title='bbox 2385 1004 2662 1058; x_wconf 80' lang='lat' dir='ltr'><strong>exsistens</strong></span> <span class='ocrx_word' id='word_1_160' title='bbox 2706 1010 2905 1056; x_wconf 87' lang='lat' dir='ltr'><strong>natura</strong></span> <span class='ocrx_word' id='word_1_161' title='bbox 2946 999 3455 1067; x_wconf 63' lang='lat' dir='ltr'><strong>demo‘ristr,abitur.</strong></span> 
     </span>
    </p>
   </div>
   <div class='ocr_carea' id='block_1_25' title="bbox 1867 1078 3460 1161">
    <p class='ocr_par' dir='ltr' id='par_1_25' title="bbox 1867 1078 3460 1161">
     <span class='ocr_line' id='line_1_25' title="bbox 1867 1078 3460 1161; baseline -0.003 -15"><span class='ocrx_word' id='word_1_162' title='bbox 1867 1091 2000 1146; x_wconf 64' lang='lat' dir='ltr'><strong>Cu‘m</strong></span> <span class='ocrx_word' id='word_1_163' title='bbox 2023 1107 2155 1161; x_wconf 74' lang='lat' dir='ltr'><strong>ergo</strong></span> <span class='ocrx_word' id='word_1_164' title='bbox 2173 1091 2264 1160; x_wconf 88' lang='lat' dir='ltr'><strong>pie</strong></span> <span class='ocrx_word' id='word_1_165' title='bbox 2293 1091 2764 1144; x_wconf 76' lang='lat' dir='ltr'><strong>resurrectionem</strong></span> <span class='ocrx_word' id='word_1_166' title='bbox 2781 1091 2904 1160; x_wconf 86' lang='lat' dir='ltr'><strong>ejus</strong></span> <span class='ocrx_word' id='word_1_167' title='bbox 2918 1089 3273 1153; x_wconf 78' lang='lat' dir='ltr'><strong>conﬁtemur,</strong></span> <span class='ocrx_word' id='word_1_168' title='bbox 3289 1103 3355 1144; x_wconf 83' lang='lat' dir='ltr'><strong>ex</strong></span> <span class='ocrx_word' id='word_1_169' title='bbox 3379 1078 3460 1142; x_wconf 73' lang='lat' dir='ltr'><strong>al-</strong></span> 
     </span>
    </p>
   </div>
   <div class='ocr_carea' id='block_1_26' title="bbox 1871 1179 3461 1252">
    <p class='ocr_par' dir='ltr' id='par_1_26' title="bbox 1871 1179 3461 1252">
     <span class='ocr_line' id='line_1_26' title="bbox 1871 1179 3461 1252; baseline -0.001 -16"><span class='ocrx_word' id='word_1_170' title='bbox 1871 1193 1989 1237; x_wconf 90' lang='lat' dir='ltr'><strong>tera</strong></span> <span class='ocrx_word' id='word_1_171' title='bbox 2011 1183 2132 1252; x_wconf 86' lang='lat' dir='ltr'><strong>ejus</strong></span> <span class='ocrx_word' id='word_1_172' title='bbox 2154 1191 2354 1236; x_wconf 87' lang='lat' dir='ltr'><strong>natura</strong></span> <span class='ocrx_word' id='word_1_173' title='bbox 2372 1181 2601 1236; x_wconf 80' lang='lat' dir='ltr'><strong>alteram</strong></span> <span class='ocrx_word' id='word_1_174' title='bbox 2619 1182 2794 1251; x_wconf 87' lang='lat' dir='ltr'><strong>ipsius</strong></span> <span class='ocrx_word' id='word_1_175' title='bbox 2815 1192 3067 1235; x_wconf 87' lang='lat' dir='ltr'><strong>naturam</strong></span> <span class='ocrx_word' id='word_1_176' title='bbox 3091 1179 3461 1235; x_wconf 77' lang='lat' dir='ltr'><strong>resurrexisse</strong></span> 
     </span>
    </p>
   </div>
   <div class='ocr_carea' id='block_1_27' title="bbox 1867 1271 3462 1342">
    <p class='ocr_par' dir='ltr' id='par_1_27' title="bbox 1867 1271 3462 1342">
     <span class='ocr_line' id='line_1_27' title="bbox 1867 1271 3462 1342; baseline -0.002 -15"><span class='ocrx_word' id='word_1_177' title='bbox 1867 1273 2150 1328; x_wconf 85' lang='lat' dir='ltr'><strong>Christum</strong></span> <span class='ocrx_word' id='word_1_178' title='bbox 2198 1272 2588 1328; x_wconf 80' lang='lat' dir='ltr'><strong>conﬁtebimur</strong></span> <span class='ocrx_word' id='word_1_179' title='bbox 2619 1289 2632 1324; x_wconf 90' lang='lat'>:</span> <span class='ocrx_word' id='word_1_180' title='bbox 2669 1271 3136 1342; x_wconf 83' lang='lat' dir='ltr'><strong>quemadmodum</strong></span> <span class='ocrx_word' id='word_1_181' title='bbox 3170 1273 3228 1342; x_wconf 85' lang='lat' dir='ltr'><strong>in</strong></span> <span class='ocrx_word' id='word_1_182' title='bbox 3267 1286 3462 1326; x_wconf 89' lang='lat' dir='ltr'><strong>somno</strong></span> 
     </span>
    </p>
   </div>
   <div class='ocr_carea' id='block_1_28' title="bbox 1870 1361 3460 1440">
    <p class='ocr_par' dir='ltr' id='par_1_28' title="bbox 1870 1361 3460 1440">
     <span class='ocr_line' id='line_1_28' title="bbox 1870 1361 3460 1440; baseline -0.002 -22"><span class='ocrx_word' id='word_1_183' title='bbox 1870 1365 2054 1418; x_wconf 87' lang='lat' dir='ltr'><strong>anima</strong></span> <span class='ocrx_word' id='word_1_184' title='bbox 2073 1379 2275 1440; x_wconf 60' lang='lat' dir='ltr'><strong>corpus</strong></span> <span class='ocrx_word' id='word_1_185' title='bbox 2298 1363 2525 1427; x_wconf 81' lang='lat' dir='ltr'><strong>excitat,</strong></span> <span class='ocrx_word' id='word_1_186' title='bbox 2549 1362 2754 1432; x_wconf 87' lang='lat' dir='ltr'><strong>quippe</strong></span> <span class='ocrx_word' id='word_1_187' title='bbox 2776 1377 2899 1432; x_wconf 67' lang='lat' dir='ltr'><strong>quae</strong></span> <span class='ocrx_word' id='word_1_188' title='bbox 2923 1378 2954 1415; x_wconf 91' lang='lat' dir='ltr'><strong>e</strong></span> <span class='ocrx_word' id='word_1_189' title='bbox 2977 1362 3123 1417; x_wconf 87' lang='lat' dir='ltr'><strong>lecto</strong></span> <span class='ocrx_word' id='word_1_190' title='bbox 3152 1361 3288 1416; x_wconf 89' lang='lat' dir='ltr'><strong>illud</strong></span> <span class='ocrx_word' id='word_1_191' title='bbox 3316 1375 3460 1431; x_wconf 66' lang='lat' dir='ltr'><strong>saepe</strong></span> 
     </span>
    </p>
   </div>
   <div class='ocr_carea' id='block_1_29' title="bbox 1871 1450 3464 1525">
    <p class='ocr_par' dir='ltr' id='par_1_29' title="bbox 1871 1450 3464 1525">
     <span class='ocr_line' id='line_1_29' title="bbox 1871 1450 3464 1525; baseline -0.002 -18"><span class='ocrx_word' id='word_1_192' title='bbox 1871 1465 1978 1524; x_wconf 84' lang='lat' dir='ltr'><strong>per</strong></span> <span class='ocrx_word' id='word_1_193' title='bbox 1999 1453 2392 1525; x_wconf 76' lang='lat' dir='ltr'><strong>cogitationem</strong></span> <span class='ocrx_word' id='word_1_194' title='bbox 2421 1454 2645 1517; x_wconf 84' lang='lat' dir='ltr'><strong>excitat,</strong></span> <span class='ocrx_word' id='word_1_195' title='bbox 2675 1453 2755 1506; x_wconf 90' lang='lat' dir='ltr'><strong>sic</strong></span> <span class='ocrx_word' id='word_1_196' title='bbox 2784 1462 2843 1506; x_wconf 91' lang='lat' dir='ltr'><strong>et</strong></span> <span class='ocrx_word' id='word_1_197' title='bbox 2875 1453 3146 1520; x_wconf 88' lang='lat' dir='ltr'><strong>scriptum</strong></span> <span class='ocrx_word' id='word_1_198' title='bbox 3172 1458 3286 1506; x_wconf 90' lang='lat' dir='ltr'><strong>est:</strong></span> <span class='ocrx_word' id='word_1_199' title='bbox 3309 1450 3464 1519; x_wconf 75' lang='lat' dir='ltr'><strong>c-Ego</strong></span> 
     </span>
    </p>
   </div>
   <div class='ocr_carea' id='block_1_30' title="bbox 1872 1541 3468 1614">
    <p class='ocr_par' dir='ltr' id='par_1_30' title="bbox 1872 1541 3468 1614">
     <span class='ocr_line' id='line_1_30' title="bbox 1872 1541 3468 1614; baseline -0.004 -14"><span class='ocrx_word' id='word_1_200' title='bbox 1872 1545 2112 1600; x_wconf 78' lang='lat' dir='ltr'><strong>dormivi</strong></span> <span class='ocrx_word' id='word_1_201' title='bbox 2157 1554 2215 1600; x_wconf 91' lang='lat' dir='ltr'><strong>et</strong></span> <span class='ocrx_word' id='word_1_202' title='bbox 2245 1555 2537 1614; x_wconf 86' lang='lat' dir='ltr'><strong>soporatus</strong></span> <span class='ocrx_word' id='word_1_203' title='bbox 2580 1560 2727 1610; x_wconf 89' lang='lat' dir='ltr'><strong>sum,</strong></span> <span class='ocrx_word' id='word_1_204' title='bbox 2774 1553 2830 1598; x_wconf 88' lang='lat' dir='ltr'><strong>et</strong></span> <span class='ocrx_word' id='word_1_205' title='bbox 2866 1541 3159 1610; x_wconf 62' lang='lat' dir='ltr'><strong>exsurre-ii</strong></span> <span class='ocrx_word' id='word_1_206' title='bbox 3185 1543 3314 1612; x_wconf 83' lang='lat' dir='ltr'><strong>quia</strong></span> <span class='ocrx_word' id='word_1_207' title='bbox 3363 1541 3468 1595; x_wconf 91' lang='lat' dir='ltr'><strong>Do-</strong></span> 
     </span>
    </p>
   </div>
   <div class='ocr_carea' id='block_1_31' title="bbox 1874 1636 3460 1708">
    <p class='ocr_par' dir='ltr' id='par_1_31' title="bbox 1874 1636 3460 1708">
     <span class='ocr_line' id='line_1_31' title="bbox 1874 1636 3460 1708; baseline -0.006 -14"><span class='ocrx_word' id='word_1_208' title='bbox 1874 1641 2059 1694; x_wconf 88' lang='lat' dir='ltr'><strong>minus</strong></span> <span class='ocrx_word' id='word_1_209' title='bbox 2085 1641 2126 1704; x_wconf 83' lang='lat'><strong>&#39;,</strong></span> <span class='ocrx_word' id='word_1_210' title='bbox 2155 1658 2171 1690; x_wconf 77' lang='grc' dir='ltr'><strong>ι</strong></span> <span class='ocrx_word' id='word_1_211' title='bbox 2201 1638 2525 1708; x_wconf 89' lang='lat' dir='ltr'><strong>scilicetqui</strong></span> <span class='ocrx_word' id='word_1_212' title='bbox 2557 1639 2612 1692; x_wconf 89' lang='lat' dir='ltr'><strong>in</strong></span> <span class='ocrx_word' id='word_1_213' title='bbox 2645 1653 2752 1702; x_wconf 90' lang='lat' dir='ltr'><strong>me,</strong></span> <span class='ocrx_word' id='word_1_214' title='bbox 2774 1637 2973 1706; x_wconf 84' lang='lat' dir='ltr'><strong>inquit,</strong></span> <span class='ocrx_word' id='word_1_215' title='bbox 2995 1636 3294 1704; x_wconf 70' lang='lat' dir='ltr'><strong>«suscipiet</strong></span> <span class='ocrx_word' id='word_1_216' title='bbox 3312 1650 3460 1700; x_wconf 67' lang='lat' dir='ltr'><strong>me;u</strong></span> 
     </span>
    </p>
   </div>
   <div class='ocr_carea' id='block_1_32' title="bbox 1873 1725 3475 1795">
    <p class='ocr_par' dir='ltr' id='par_1_32' title="bbox 1873 1725 3475 1795">
     <span class='ocr_line' id='line_1_32' title="bbox 1873 1725 3475 1795; baseline -0.007 -7"><span class='ocrx_word' id='word_1_217' title='bbox 1873 1741 1930 1788; x_wconf 92' lang='lat' dir='ltr'><strong>et</strong></span> <span class='ocrx_word' id='word_1_218' title='bbox 1959 1750 1972 1785; x_wconf 85' lang='lat'><strong>:</strong></span> <span class='ocrx_word' id='word_1_219' title='bbox 2020 1749 2037 1782; x_wconf 86' lang='grc'><strong>‹</strong></span> <span class='ocrx_word' id='word_1_220' title='bbox 2066 1729 2298 1786; x_wconf 81' lang='lat' dir='ltr'><strong>Catulus</strong></span> <span class='ocrx_word' id='word_1_221' title='bbox 2326 1730 2507 1784; x_wconf 89' lang='lat' dir='ltr'><strong>leonis</strong></span> <span class='ocrx_word' id='word_1_222' title='bbox 2541 1745 2606 1784; x_wconf 66' lang='lat' dir='ltr'><strong>ex</strong></span> <span class='ocrx_word' id='word_1_223' title='bbox 2640 1728 2826 1783; x_wconf 88' lang='lat' dir='ltr'><strong>radice</strong></span> <span class='ocrx_word' id='word_1_224' title='bbox 2856 1728 2997 1784; x_wconf 76' lang='lat' dir='ltr'><strong>Juda</strong></span> <span class='ocrx_word' id='word_1_225' title='bbox 3037 1726 3315 1790; x_wconf 83' lang='lat' dir='ltr'><strong>accubuit,</strong></span> <span class='ocrx_word' id='word_1_226' title='bbox 3342 1725 3475 1795; x_wconf 85' lang='lat' dir='ltr'><strong>quis.</strong></span> 
     </span>
    </p>
   </div>
   <div class='ocr_carea' id='block_1_33' title="bbox 1876 1816 3468 1887">
    <p class='ocr_par' dir='ltr' id='par_1_33' title="bbox 1876 1816 3468 1887">
     <span class='ocr_line' id='line_1_33' title="bbox 1876 1816 3468 1887; baseline -0.007 -7"><span class='ocrx_word' id='word_1_227' title='bbox 1876 1822 2168 1880; x_wconf 85' lang='lat' dir='ltr'><strong>suscitablt</strong></span> <span class='ocrx_word' id='word_1_228' title='bbox 2211 1837 2339 1876; x_wconf 90' lang='lat' dir='ltr'><strong>eum</strong></span> <span class='ocrx_word' id='word_1_229' title='bbox 2387 1821 2446 1874; x_wconf 62' lang='lat'><strong>‘2</strong></span> <span class='ocrx_word' id='word_1_230' title='bbox 2477 1841 2495 1874; x_wconf 76' lang='grc' dir='ltr'><strong>ι</strong></span> <span class='ocrx_word' id='word_1_231' title='bbox 2542 1836 2655 1874; x_wconf 91' lang='lat' dir='ltr'><strong>non</strong></span> <span class='ocrx_word' id='word_1_232' title='bbox 2683 1820 2848 1884; x_wconf 89' lang='lat' dir='ltr'><strong>alius,</strong></span> <span class='ocrx_word' id='word_1_233' title='bbox 2880 1817 3080 1887; x_wconf 87' lang='lat' dir='ltr'><strong>inquit,</strong></span> <span class='ocrx_word' id='word_1_234' title='bbox 3125 1817 3221 1871; x_wconf 85' lang='lat' dir='ltr'><strong>sed</strong></span> <span class='ocrx_word' id='word_1_235' title='bbox 3254 1816 3370 1885; x_wconf 88' lang='lat' dir='ltr'><strong>ipse</strong></span> <span class='ocrx_word' id='word_1_236' title='bbox 3410 1830 3468 1869; x_wconf 87' lang='lat' dir='ltr'><strong>se</strong></span> 
     </span>
    </p>
   </div>
   <div class='ocr_carea' id='block_1_34' title="bbox 213 1905 1776 2002">
    <p class='ocr_par' dir='ltr' id='par_1_34' title="bbox 213 1913 1776 2002">
     <span class='ocr_line' id='line_1_34' title="bbox 213 1913 1776 2002; baseline 0.002 -36"><span class='ocrx_word' id='word_1_237' title='bbox 213 1916 307 1967; x_wconf 70' lang='grc' dir='ltr'>ἀλλ’</span> <span class='ocrx_word' id='word_1_238' title='bbox 328 1917 481 2002; x_wconf 67' lang='grc' dir='ltr'>αὺτδς</span> <span class='ocrx_word' id='word_1_239' title='bbox 510 1918 728 1971; x_wconf 75' lang='grc' dir='ltr'>ἑαυτόν·</span> <span class='ocrx_word' id='word_1_240' title='bbox 754 1916 1006 1982; x_wconf 70' lang='grc' dir='ltr'>ἐξουσίαν</span> <span class='ocrx_word' id='word_1_241' title='bbox 1043 1916 1154 1987; x_wconf 85' lang='grc' dir='ltr'><strong>γὰρ</strong></span> <span class='ocrx_word' id='word_1_242' title='bbox 1187 1913 1299 1986; x_wconf 74' lang='grc' dir='ltr'>εἶχε</span> <span class='ocrx_word' id='word_1_243' title='bbox 1330 1919 1425 1969; x_wconf 76' lang='grc' dir='ltr'>καὶ</span> <span class='ocrx_word' id='word_1_244' title='bbox 1454 1915 1776 1987; x_wconf 84' lang='grc' dir='ltr'>παραθεῖναι</span> 
     </span>
    </p>
   </div>
   <div class='ocr_carea' id='block_1_35' title="bbox 1880 1905 3470 2002">
    <p class='ocr_par' dir='ltr' id='par_1_35' title="bbox 1887 1910 3470 1985">
     <span class='ocr_line' id='line_1_35' title="bbox 1887 1910 3470 1985; baseline -0.006 -16"><span class='ocrx_word' id='word_1_245' title='bbox 1887 1917 2104 1985; x_wconf 89' lang='lat' dir='ltr'><strong>ipsum;</strong></span> <span class='ocrx_word' id='word_1_246' title='bbox 2160 1923 2494 1983; x_wconf 83' lang='lat' dir='ltr'><strong>potestatem</strong></span> <span class='ocrx_word' id='word_1_247' title='bbox 2537 1913 2688 1966; x_wconf 91' lang='lat' dir='ltr'><strong>enim</strong></span> <span class='ocrx_word' id='word_1_248' title='bbox 2724 1911 2921 1978; x_wconf 68' lang='lat' dir='ltr'><strong>habuit</strong></span> <span class='ocrx_word' id='word_1_249' title='bbox 2961 1910 3202 1964; x_wconf 89' lang='lat' dir='ltr'><strong>animam</strong></span> <span class='ocrx_word' id='word_1_250' title='bbox 3231 1923 3386 1962; x_wconf 89' lang='lat' dir='ltr'><strong>suam</strong></span> <span class='ocrx_word' id='word_1_251' title='bbox 3415 1916 3470 1961; x_wconf 92' lang='lat' dir='ltr'><strong>et</strong></span> 
     </span>
    </p>
   </div>
   <div class='ocr_carea' id='block_1_36' title="bbox 217 2007 1272 2078">
    <p class='ocr_par' dir='ltr' id='par_1_36' title="bbox 217 2007 1272 2078">
     <span class='ocr_line' id='line_1_36' title="bbox 217 2007 1272 2078; baseline 0.004 -23"><span class='ocrx_word' id='word_1_252' title='bbox 217 2007 291 2056; x_wconf 69' lang='grc' dir='ltr'>καὶ</span> <span class='ocrx_word' id='word_1_253' title='bbox 311 2007 683 2076; x_wconf 55' lang='grc' dir='ltr'>ἀπολήψεσθαι</span> <span class='ocrx_word' id='word_1_254' title='bbox 709 2007 806 2078; x_wconf 80' lang='grc' dir='ltr'>τὴν</span> <span class='ocrx_word' id='word_1_255' title='bbox 840 2009 1022 2078; x_wconf 73' lang='grc' dir='ltr'>ψυχὴν</span> <span class='ocrx_word' id='word_1_256' title='bbox 1052 2007 1272 2060; x_wconf 82' lang='grc' dir='ltr'>ἑαυτοῦ.</span> 
     </span>
    </p>
   </div>
   <div class='ocr_carea' id='block_1_37' title="bbox 273 2097 1770 2168">
    <p class='ocr_par' dir='ltr' id='par_1_37' title="bbox 273 2097 1770 2168">
     <span class='ocr_line' id='line_1_37' title="bbox 273 2097 1770 2168; baseline 0.001 -19"><span class='ocrx_word' id='word_1_257' title='bbox 273 2103 334 2162; x_wconf 85' lang='grc' dir='ltr'><strong>μ’.</strong></span> <span class='ocrx_word' id='word_1_258' title='bbox 375 2097 490 2149; x_wconf 72' lang='grc' dir='ltr'>Ἵνα</span> <span class='ocrx_word' id='word_1_259' title='bbox 515 2098 572 2149; x_wconf 78' lang='grc' dir='ltr'>δὲ</span> <span class='ocrx_word' id='word_1_260' title='bbox 595 2098 673 2168; x_wconf 81' lang='grc' dir='ltr'>μὴ</span> <span class='ocrx_word' id='word_1_261' title='bbox 710 2097 1001 2168; x_wconf 65' lang='grc' dir='ltr'>λεξιδρίοις</span> <span class='ocrx_word' id='word_1_262' title='bbox 1033 2097 1395 2157; x_wconf 79' lang='grc' dir='ltr'>ύποδύναντες</span> <span class='ocrx_word' id='word_1_263' title='bbox 1423 2098 1652 2161; x_wconf 78' lang='grc' dir='ltr'>ἑαυτοὺς</span> <span class='ocrx_word' id='word_1_264' title='bbox 1677 2115 1770 2150; x_wconf 81' lang='grc' dir='ltr'>συ-</span> 
     </span>
    </p>
   </div>
   <div class='ocr_carea' id='block_1_38' title="bbox 216 2187 1770 2261">
    <p class='ocr_par' dir='ltr' id='par_1_38' title="bbox 216 2187 1770 2261">
     <span class='ocr_line' id='line_1_38' title="bbox 216 2187 1770 2261; baseline 0.003 -25"><span class='ocrx_word' id='word_1_265' title='bbox 216 2187 504 2256; x_wconf 77' lang='grc' dir='ltr'>σκιάςωμεν</span> <span class='ocrx_word' id='word_1_266' title='bbox 549 2189 677 2242; x_wconf 79' lang='grc' dir='ltr'>κατ’</span> <span class='ocrx_word' id='word_1_267' title='bbox 735 2189 957 2252; x_wconf 81' lang='grc' dir='ltr'>αὐτοὺς,</span> <span class='ocrx_word' id='word_1_268' title='bbox 994 2188 1222 2257; x_wconf 80' lang='grc' dir='ltr'>γυμνῶς</span> <span class='ocrx_word' id='word_1_269' title='bbox 1269 2190 1642 2261; x_wconf 80' lang='grc' dir='ltr'>ἐρωτήσωμεν</span> <span class='ocrx_word' id='word_1_270' title='bbox 1675 2189 1770 2241; x_wconf 89' lang='grc' dir='ltr'>αύ-</span> 
     </span>
    </p>
   </div>
   <div class='ocr_carea' id='block_1_39' title="bbox 212 2270 1768 2350">
    <p class='ocr_par' dir='ltr' id='par_1_39' title="bbox 212 2270 1768 2350">
     <span class='ocr_line' id='line_1_39' title="bbox 212 2270 1768 2350; baseline 0.001 -21"><span class='ocrx_word' id='word_1_271' title='bbox 212 2283 337 2342; x_wconf 77' lang='grc' dir='ltr'>τσὺς,</span> <span class='ocrx_word' id='word_1_272' title='bbox 369 2281 414 2332; x_wconf 82' lang='grc' dir='ltr'><strong>εί</strong></span> <span class='ocrx_word' id='word_1_273' title='bbox 449 2281 548 2350; x_wconf 82' lang='grc' dir='ltr'>τὴν</span> <span class='ocrx_word' id='word_1_274' title='bbox 579 2281 710 2350; x_wconf 90' lang='grc' dir='ltr'>μίαν</span> <span class='ocrx_word' id='word_1_275' title='bbox 740 2279 902 2349; x_wconf 90' lang='grc' dir='ltr'>φύσιν</span> <span class='ocrx_word' id='word_1_276' title='bbox 930 2270 1136 2348; x_wconf 82' lang='grc' dir='ltr'>ταύτην</span> <span class='ocrx_word' id='word_1_277' title='bbox 1164 2281 1262 2350; x_wconf 78' lang='grc' dir='ltr'>τὴν</span> <span class='ocrx_word' id='word_1_278' title='bbox 1294 2282 1359 2332; x_wconf 83' lang='grc' dir='ltr'>ὲκ</span> <span class='ocrx_word' id='word_1_279' title='bbox 1389 2279 1485 2334; x_wconf 91' lang='grc' dir='ltr'><strong>δύο</strong></span> <span class='ocrx_word' id='word_1_280' title='bbox 1526 2281 1768 2348; x_wconf 88' lang='grc' dir='ltr'>φύσεων,</span> 
     </span>
    </p>
   </div>
   <div class='ocr_carea' id='block_1_40' title="bbox 216 2368 1768 2440">
    <p class='ocr_par' dir='ltr' id='par_1_40' title="bbox 216 2368 1768 2440">
     <span class='ocr_line' id='line_1_40' title="bbox 216 2368 1768 2440; baseline 0 -19"><span class='ocrx_word' id='word_1_281' title='bbox 216 2372 419 2440; x_wconf 73' lang='grc' dir='ltr'>ἄναρχον</span> <span class='ocrx_word' id='word_1_282' title='bbox 451 2370 818 2438; x_wconf 80' lang='grc' dir='ltr'>γινώσκουσιν</span> <span class='ocrx_word' id='word_1_283' title='bbox 859 2369 892 2439; x_wconf 81' lang='grc' dir='ltr'>ἢ</span> <span class='ocrx_word' id='word_1_284' title='bbox 923 2368 1240 2440; x_wconf 77' lang='grc' dir='ltr'>ἀρξαμένην</span> <span class='ocrx_word' id='word_1_285' title='bbox 1269 2369 1414 2423; x_wconf 85' lang='grc' dir='ltr'>κατὰ</span> <span class='ocrx_word' id='word_1_286' title='bbox 1441 2369 1635 2440; x_wconf 81' lang='grc' dir='ltr'>χρόνον</span> <span class='ocrx_word' id='word_1_287' title='bbox 1660 2386 1675 2435; x_wconf 89' lang='grc'>;</span> <span class='ocrx_word' id='word_1_288' title='bbox 1704 2369 1768 2421; x_wconf 81' lang='lat' dir='ltr'><strong>El</strong></span> 
     </span>
    </p>
   </div>
   <div class='ocr_carea' id='block_1_41' title="bbox 217 2458 1772 2530">
    <p class='ocr_par' dir='ltr' id='par_1_41' title="bbox 217 2458 1772 2530">
     <span class='ocr_line' id='line_1_41' title="bbox 217 2458 1772 2530; baseline 0.002 -21"><span class='ocrx_word' id='word_1_289' title='bbox 217 2460 419 2528; x_wconf 75' lang='grc' dir='ltr'>μὲνγὰρ</span> <span class='ocrx_word' id='word_1_290' title='bbox 443 2461 706 2529; x_wconf 77' lang='grc' dir='ltr'>ἄναρχον,</span> <span class='ocrx_word' id='word_1_291' title='bbox 729 2459 854 2522; x_wconf 81' lang='grc' dir='ltr'><strong>πῶς</strong></span> <span class='ocrx_word' id='word_1_292' title='bbox 888 2458 951 2510; x_wconf 79' lang='grc' dir='ltr'>ἐκ</span> <span class='ocrx_word' id='word_1_293' title='bbox 983 2477 1144 2512; x_wconf 84' lang='grc' dir='ltr'>τινων</span> <span class='ocrx_word' id='word_1_294' title='bbox 1173 2459 1268 2511; x_wconf 76' lang='grc' dir='ltr'>καὶ</span> <span class='ocrx_word' id='word_1_295' title='bbox 1305 2460 1638 2530; x_wconf 81' lang='grc' dir='ltr'>ὑστερογενῆ</span> <span class='ocrx_word' id='word_1_296' title='bbox 1672 2459 1772 2512; x_wconf 84' lang='grc' dir='ltr'>αῦ-</span> 
     </span>
    </p>
   </div>
   <div class='ocr_carea' id='block_1_42' title="bbox 216 2545 1773 2620">
    <p class='ocr_par' dir='ltr' id='par_1_42' title="bbox 216 2545 1773 2620">
     <span class='ocr_line' id='line_1_42' title="bbox 216 2545 1773 2620; baseline 0.003 -22"><span class='ocrx_word' id='word_1_297' title='bbox 216 2549 294 2618; x_wconf 75' lang='grc' dir='ltr'>τὴν</span> <span class='ocrx_word' id='word_1_298' title='bbox 329 2551 414 2602; x_wconf 72' lang='grc' dir='ltr'>καὶ</span> <span class='ocrx_word' id='word_1_299' title='bbox 443 2551 735 2614; x_wconf 87' lang='grc' dir='ltr'>σύνθετον;</span> <span class='ocrx_word' id='word_1_300' title='bbox 763 2551 813 2602; x_wconf 89' lang='grc' dir='ltr'><strong>εί</strong></span> <span class='ocrx_word' id='word_1_301' title='bbox 842 2549 898 2602; x_wconf 83' lang='grc' dir='ltr'>δὲ</span> <span class='ocrx_word' id='word_1_302' title='bbox 929 2545 1134 2620; x_wconf 81' lang='grc' dir='ltr'>ἦρκται</span> <span class='ocrx_word' id='word_1_303' title='bbox 1173 2551 1265 2603; x_wconf 73' lang='grc' dir='ltr'>καὶ</span> <span class='ocrx_word' id='word_1_304' title='bbox 1295 2551 1476 2603; x_wconf 74' lang='grc' dir='ltr'>αἰτίαν</span> <span class='ocrx_word' id='word_1_305' title='bbox 1513 2550 1636 2620; x_wconf 75' lang='grc' dir='ltr'>ἔσχε</span> <span class='ocrx_word' id='word_1_306' title='bbox 1679 2549 1773 2602; x_wconf 77' lang='grc' dir='ltr'>καὶ</span> 
     </span>
    </p>
   </div>
   <div class='ocr_carea' id='block_1_43' title="bbox 219 2639 1773 2714">
    <p class='ocr_par' dir='ltr' id='par_1_43' title="bbox 219 2639 1773 2714">
     <span class='ocr_line' id='line_1_43' title="bbox 219 2639 1773 2714; baseline 0.001 -24"><span class='ocrx_word' id='word_1_307' title='bbox 219 2642 498 2707; x_wconf 70' lang='grc' dir='ltr'>σύγκειται,</span> <span class='ocrx_word' id='word_1_308' title='bbox 523 2641 640 2702; x_wconf 77' lang='grc' dir='ltr'><strong>πῶς</strong></span> <span class='ocrx_word' id='word_1_309' title='bbox 685 2641 848 2708; x_wconf 80' lang='grc' dir='ltr'>Θεός;</span> <span class='ocrx_word' id='word_1_310' title='bbox 894 2642 1034 2693; x_wconf 71' lang='grc' dir='ltr'>Ἀλλ’</span> <span class='ocrx_word' id='word_1_311' title='bbox 1067 2643 1252 2710; x_wconf 77' lang='grc' dir='ltr'>ἡμεῖς,</span> <span class='ocrx_word' id='word_1_312' title='bbox 1292 2643 1447 2710; x_wconf 80' lang='grc' dir='ltr'>φασὶ,</span> <span class='ocrx_word' id='word_1_313' title='bbox 1478 2640 1578 2714; x_wconf 80' lang='grc' dir='ltr'>τὴν</span> <span class='ocrx_word' id='word_1_314' title='bbox 1604 2639 1773 2711; x_wconf 74' lang='grc' dir='ltr'>αὐτὴν</span> 
     </span>
    </p>
   </div>
   <div class='ocr_carea' id='block_1_44' title="bbox 218 2731 1768 2802">
    <p class='ocr_par' dir='ltr' id='par_1_44' title="bbox 218 2731 1768 2802">
     <span class='ocr_line' id='line_1_44' title="bbox 218 2731 1768 2802; baseline 0.003 -21"><span class='ocrx_word' id='word_1_315' title='bbox 218 2733 244 2781; x_wconf 62' lang='lat' dir='ltr'>ﬁ</span> <span class='ocrx_word' id='word_1_316' title='bbox 276 2749 422 2800; x_wconf 71' lang='grc' dir='ltr'>κρχον</span> <span class='ocrx_word' id='word_1_317' title='bbox 465 2733 561 2785; x_wconf 76' lang='grc' dir='ltr'>καὶ</span> <span class='ocrx_word' id='word_1_318' title='bbox 587 2731 930 2802; x_wconf 76' lang='grc' dir='ltr'>ἀρξαμένην,</span> <span class='ocrx_word' id='word_1_319' title='bbox 972 2732 1047 2795; x_wconf 84' lang='grc' dir='ltr'>ὼς</span> <span class='ocrx_word' id='word_1_320' title='bbox 1098 2733 1148 2783; x_wconf 79' lang='lat' dir='ltr'><strong>oi</strong></span> <span class='ocrx_word' id='word_1_321' title='bbox 1205 2731 1470 2802; x_wconf 80' lang='grc' dir='ltr'>Πατέρες,</span> <span class='ocrx_word' id='word_1_322' title='bbox 1503 2732 1768 2801; x_wconf 82' lang='grc' dir='ltr'>λέγομεν’</span> 
     </span>
    </p>
   </div>
   <div class='ocr_carea' id='block_1_45' title="bbox 217 2822 1774 2894">
    <p class='ocr_par' dir='ltr' id='par_1_45' title="bbox 217 2822 1774 2894">
     <span class='ocr_line' id='line_1_45' title="bbox 217 2822 1774 2894; baseline 0.004 -21"><span class='ocrx_word' id='word_1_323' title='bbox 217 2823 318 2873; x_wconf 61' lang='grc' dir='ltr'>ἀλλ’</span> <span class='ocrx_word' id='word_1_324' title='bbox 351 2824 408 2876; x_wconf 89' lang='grc' dir='ltr'><strong>ού</strong></span> <span class='ocrx_word' id='word_1_325' title='bbox 436 2824 540 2893; x_wconf 73' lang='grc' dir='ltr'>τὴν</span> <span class='ocrx_word' id='word_1_326' title='bbox 587 2822 764 2893; x_wconf 77' lang='grc' dir='ltr'>αὐτὴν</span> <span class='ocrx_word' id='word_1_327' title='bbox 801 2827 863 2875; x_wconf 80' lang='grc' dir='ltr'>ὲν</span> <span class='ocrx_word' id='word_1_328' title='bbox 904 2824 1088 2894; x_wconf 82' lang='grc' dir='ltr'>ταυτῷ</span> <span class='ocrx_word' id='word_1_329' title='bbox 1120 2826 1262 2877; x_wconf 84' lang='grc' dir='ltr'>κατὰ</span> <span class='ocrx_word' id='word_1_330' title='bbox 1308 2823 1368 2876; x_wconf 80' lang='grc' dir='ltr'><strong>τὸ</strong></span> <span class='ocrx_word' id='word_1_331' title='bbox 1413 2823 1565 2890; x_wconf 81' lang='grc' dir='ltr'>αὐτὸ,</span> <span class='ocrx_word' id='word_1_332' title='bbox 1599 2826 1646 2877; x_wconf 83' lang='grc' dir='ltr'><strong>εἰ</strong></span> <span class='ocrx_word' id='word_1_333' title='bbox 1680 2828 1774 2879; x_wconf 75' lang='grc' dir='ltr'>καὶ</span> 
     </span>
    </p>
   </div>
   <div class='ocr_carea' id='block_1_46' title="bbox 217 2901 1772 2986">
    <p class='ocr_par' dir='ltr' id='par_1_46' title="bbox 217 2901 1772 2986">
     <span class='ocr_line' id='line_1_46' title="bbox 217 2901 1772 2986; baseline 0.019 -24"><span class='ocrx_word' id='word_1_334' title='bbox 217 2913 294 2963; x_wconf 71' lang='grc' dir='ltr'><strong>τοῦ</strong></span> <span class='ocrx_word' id='word_1_335' title='bbox 320 2915 477 2966; x_wconf 80' lang='grc' dir='ltr'>αὑτοῦ</span> <span class='ocrx_word' id='word_1_336' title='bbox 509 2916 557 2967; x_wconf 76' lang='lat' dir='ltr'><strong>ot</strong></span> <span class='ocrx_word' id='word_1_337' title='bbox 587 2914 834 2985; x_wconf 81' lang='grc' dir='ltr'>ιιατέρες</span> <span class='ocrx_word' id='word_1_338' title='bbox 864 2901 1072 2982; x_wconf 50' lang='grc' dir='ltr'>φασὶν(</span> <span class='ocrx_word' id='word_1_339' title='bbox 1101 2909 1146 2968; x_wconf 81' lang='grc' dir='ltr'>ὧ</span> <span class='ocrx_word' id='word_1_340' title='bbox 1176 2909 1358 2969; x_wconf 71' lang='grc' dir='ltr'>οὗτοι·</span> <span class='ocrx_word' id='word_1_341' title='bbox 1389 2916 1511 2968; x_wconf 78' lang='grc' dir='ltr'>οὐδὲ</span> <span class='ocrx_word' id='word_1_342' title='bbox 1544 2918 1654 2986; x_wconf 66' lang='grc' dir='ltr'><strong>γάρ</strong></span> <span class='ocrx_word' id='word_1_343' title='bbox 1682 2915 1772 2968; x_wconf 85' lang='grc' dir='ltr'><strong>δυ-</strong></span> 
     </span>
    </p>
   </div>
   <div class='ocr_carea' id='block_1_47' title="bbox 219 3000 1774 3076">
    <p class='ocr_par' dir='ltr' id='par_1_47' title="bbox 219 3000 1774 3076">
     <span class='ocr_line' id='line_1_47' title="bbox 219 3000 1774 3076; baseline 0.004 -25"><span class='ocrx_word' id='word_1_344' title='bbox 219 3000 354 3055; x_wconf 65' lang='grc' dir='ltr'>νχτδν</span> <span class='ocrx_word' id='word_1_345' title='bbox 380 3007 436 3058; x_wconf 85' lang='grc' dir='ltr'>ἐν</span> <span class='ocrx_word' id='word_1_346' title='bbox 469 3005 654 3076; x_wconf 81' lang='grc' dir='ltr'>ταυτῷ</span> <span class='ocrx_word' id='word_1_347' title='bbox 685 3007 830 3059; x_wconf 82' lang='grc' dir='ltr'>κατὰ</span> <span class='ocrx_word' id='word_1_348' title='bbox 862 3008 922 3058; x_wconf 79' lang='grc' dir='ltr'>τὸ</span> <span class='ocrx_word' id='word_1_349' title='bbox 953 3008 1086 3060; x_wconf 82' lang='grc' dir='ltr'>αὐτὸ</span> <span class='ocrx_word' id='word_1_350' title='bbox 1111 3007 1221 3059; x_wconf 84' lang='grc' dir='ltr'><strong>τῶν</strong></span> <span class='ocrx_word' id='word_1_351' title='bbox 1254 3008 1513 3060; x_wconf 80' lang='grc' dir='ltr'>ἐναντίων</span> <span class='ocrx_word' id='word_1_352' title='bbox 1544 3003 1687 3060; x_wconf 79' lang='grc' dir='ltr'>εἷναί</span> <span class='ocrx_word' id='word_1_353' title='bbox 1721 3023 1774 3059; x_wconf 87' lang='grc' dir='ltr'><strong>τι</strong></span> 
     </span>
    </p>
   </div>
   <div class='ocr_carea' id='block_1_48' title="bbox 215 3095 1776 3170">
    <p class='ocr_par' dir='ltr' id='par_1_48' title="bbox 215 3095 1776 3170">
     <span class='ocr_line' id='line_1_48' title="bbox 215 3095 1776 3170; baseline 0.005 -26"><span class='ocrx_word' id='word_1_354' title='bbox 215 3095 438 3149; x_wconf 79' lang='grc' dir='ltr'>δεκτικὸν</span> <span class='ocrx_word' id='word_1_355' title='bbox 492 3099 707 3165; x_wconf 54' lang='grc' dir='ltr'>λόγων</span> <span class='ocrx_word' id='word_1_356' title='bbox 763 3099 882 3151; x_wconf 83' lang='grc' dir='ltr'>ἀλλ’</span> <span class='ocrx_word' id='word_1_357' title='bbox 940 3099 1160 3151; x_wconf 77' lang='grc' dir='ltr'>εί’καὶ“</span> <span class='ocrx_word' id='word_1_358' title='bbox 1197 3100 1429 3166; x_wconf 77' lang='grc' dir='ltr'>λέγεται</span> <span class='ocrx_word' id='word_1_359' title='bbox 1489 3100 1684 3170; x_wconf 82' lang='grc' dir='ltr'>ὁρατὸς</span> <span class='ocrx_word' id='word_1_360' title='bbox 1748 3101 1776 3152; x_wconf 89' lang='grc' dir='ltr'><strong>ό</strong></span> 
     </span>
    </p>
   </div>
   <div class='ocr_carea' id='block_1_49' title="bbox 216 3178 1776 3259">
    <p class='ocr_par' dir='ltr' id='par_1_49' title="bbox 216 3178 1776 3259">
     <span class='ocr_line' id='line_1_49' title="bbox 216 3178 1776 3259; baseline 0.003 -22"><span class='ocrx_word' id='word_1_361' title='bbox 216 3187 356 3249; x_wconf 68' lang='grc' dir='ltr'>αὐτὸς</span> <span class='ocrx_word' id='word_1_362' title='bbox 393 3183 471 3251; x_wconf 75' lang='grc' dir='ltr'>εἷς</span> <span class='ocrx_word' id='word_1_363' title='bbox 528 3189 604 3242; x_wconf 84' lang='grc' dir='ltr'>ὣν</span> <span class='ocrx_word' id='word_1_364' title='bbox 654 3178 928 3259; x_wconf 75' lang='grc' dir='ltr'>Χριστὸςῖ</span> <span class='ocrx_word' id='word_1_365' title='bbox 946 3191 1008 3242; x_wconf 82' lang='grc' dir='ltr'><strong>ού</strong></span> <span class='ocrx_word' id='word_1_366' title='bbox 1051 3190 1194 3242; x_wconf 76' lang='grc' dir='ltr'>κατὰ</span> <span class='ocrx_word' id='word_1_367' title='bbox 1225 3191 1286 3242; x_wconf 89' lang='grc' dir='ltr'>τὸ</span> <span class='ocrx_word' id='word_1_368' title='bbox 1322 3191 1490 3243; x_wconf 78' lang='grc' dir='ltr'>αύτόο</span> <span class='ocrx_word' id='word_1_369' title='bbox 1522 3191 1598 3252; x_wconf 81' lang='grc' dir='ltr'>ὡς</span> <span class='ocrx_word' id='word_1_370' title='bbox 1655 3190 1776 3242; x_wconf 82' lang='grc' dir='ltr'>οῦδὲ</span> 
     </span>
    </p>
   </div>
   <div class='ocr_carea' id='block_1_50' title="bbox 215 3265 1852 3362">
    <p class='ocr_par' dir='ltr' id='par_1_50' title="bbox 215 3265 1852 3362">
     <span class='ocr_line' id='line_1_50' title="bbox 215 3265 1852 3362; baseline 0.001 -32"><span class='ocrx_word' id='word_1_371' title='bbox 215 3279 281 3340; x_wconf 52' lang='lat' dir='ltr'><strong>ta,</strong></span> <span class='ocrx_word' id='word_1_372' title='bbox 311 3279 678 3344; x_wconf 65' lang='lat' dir='ltr'><strong>(BavatwOEiq</strong></span> <span class='ocrx_word' id='word_1_373' title='bbox 723 3283 824 3352; x_wconf 77' lang='grc' dir='ltr'>μὲν</span> <span class='ocrx_word' id='word_1_374' title='bbox 864 3283 1062 3353; x_wconf 73' lang='grc' dir='ltr'>σαρκὶ,</span> <span class='ocrx_word' id='word_1_375' title='bbox 1101 3282 1462 3362; x_wconf 39' lang='grc' dir='ltr'>,ζωοποιηθεὶς</span> <span class='ocrx_word' id='word_1_376' title='bbox 1505 3283 1562 3334; x_wconf 87' lang='grc' dir='ltr'>δὲ</span> <span class='ocrx_word' id='word_1_377' title='bbox 1619 3280 1780 3334; x_wconf 83' lang='grc' dir='ltr'>πνεύ-</span> <span class='ocrx_word' id='word_1_378' title='bbox 1811 3265 1852 3320; x_wconf 79' lang='lat' dir='ltr'><strong>C</strong></span> 
     </span>
    </p>
   </div>
   <div class='ocr_carea' id='block_1_51' title="bbox 221 3362 1782 3444">
    <p class='ocr_par' dir='ltr' id='par_1_51' title="bbox 221 3362 1782 3444">
     <span class='ocr_line' id='line_1_51' title="bbox 221 3362 1782 3444; baseline 0.004 -25"><span class='ocrx_word' id='word_1_379' title='bbox 221 3386 366 3436; x_wconf 74' lang='grc' dir='ltr'>ματι·</span> <span class='ocrx_word' id='word_1_380' title='bbox 395 3391 413 3424; x_wconf 76' lang='grc' dir='ltr'><strong>ι</strong></span> <span class='ocrx_word' id='word_1_381' title='bbox 448 3374 542 3426; x_wconf 77' lang='grc' dir='ltr'>καὶ</span> <span class='ocrx_word' id='word_1_382' title='bbox 572 3375 654 3436; x_wconf 82' lang='grc' dir='ltr'>τὸ,</span> <span class='ocrx_word' id='word_1_383' title='bbox 689 3393 706 3424; x_wconf 77' lang='grc' dir='ltr'><strong>ι</strong></span> <span class='ocrx_word' id='word_1_384' title='bbox 747 3373 810 3425; x_wconf 82' lang='lat' dir='ltr'><strong>Ei</strong></span> <span class='ocrx_word' id='word_1_385' title='bbox 834 3374 942 3444; x_wconf 74' lang='grc' dir='ltr'><strong>γὰρ</strong></span> <span class='ocrx_word' id='word_1_386' title='bbox 964 3375 1059 3426; x_wconf 76' lang='grc' dir='ltr'>καὶ</span> <span class='ocrx_word' id='word_1_387' title='bbox 1093 3362 1449 3438; x_wconf 59' lang='grc' dir='ltr'>ἀπέθανενὲξ</span> <span class='ocrx_word' id='word_1_388' title='bbox 1471 3373 1782 3435; x_wconf 83' lang='grc' dir='ltr'>ἀσθενείας,</span> 
     </span>
    </p>
   </div>
   <div class='ocr_carea' id='block_1_52' title="bbox 219 3459 1776 3533">
    <p class='ocr_par' dir='ltr' id='par_1_52' title="bbox 219 3459 1776 3533">
     <span class='ocr_line' id='line_1_52' title="bbox 219 3459 1776 3533; baseline 0.003 -23"><span class='ocrx_word' id='word_1_389' title='bbox 219 3459 337 3512; x_wconf 60' lang='grc' dir='ltr'>ἀλλὰ</span> <span class='ocrx_word' id='word_1_390' title='bbox 362 3463 422 3532; x_wconf 76' lang='grc' dir='ltr'><strong>ζῇ</strong></span> <span class='ocrx_word' id='word_1_391' title='bbox 456 3467 521 3516; x_wconf 85' lang='grc' dir='ltr'>ὲκ</span> <span class='ocrx_word' id='word_1_392' title='bbox 538 3464 849 3533; x_wconf 64' lang='grc' dir='ltr'>δυνάμεως</span> <span class='ocrx_word' id='word_1_393' title='bbox 879 3483 896 3516; x_wconf 80' lang='grc' dir='ltr'><strong>ι</strong></span> <span class='ocrx_word' id='word_1_394' title='bbox 938 3465 1031 3517; x_wconf 76' lang='grc' dir='ltr'>καὶ</span> <span class='ocrx_word' id='word_1_395' title='bbox 1052 3466 1121 3516; x_wconf 83' lang='grc' dir='ltr'>τὰ</span> <span class='ocrx_word' id='word_1_396' title='bbox 1149 3464 1329 3518; x_wconf 80' lang='grc' dir='ltr'>τοιάδε</span> <span class='ocrx_word' id='word_1_397' title='bbox 1354 3483 1365 3493; x_wconf 89' lang='grc'><strong>·</strong></span> <span class='ocrx_word' id='word_1_398' title='bbox 1394 3465 1494 3516; x_wconf 80' lang='grc' dir='ltr'><strong>οῦκ</strong></span> <span class='ocrx_word' id='word_1_399' title='bbox 1508 3465 1565 3516; x_wconf 83' lang='grc' dir='ltr'>ὲν</span> <span class='ocrx_word' id='word_1_400' title='bbox 1594 3462 1776 3532; x_wconf 79' lang='grc' dir='ltr'>ταυτῷ</span> 
     </span>
    </p>
   </div>
   <div class='ocr_carea' id='block_1_53' title="bbox 218 3548 1784 3625">
    <p class='ocr_par' dir='ltr' id='par_1_53' title="bbox 218 3548 1784 3625">
     <span class='ocr_line' id='line_1_53' title="bbox 218 3548 1784 3625; baseline 0.001 -23"><span class='ocrx_word' id='word_1_401' title='bbox 218 3548 309 3618; x_wconf 70' lang='grc' dir='ltr'>γάρ</span> <span class='ocrx_word' id='word_1_402' title='bbox 337 3568 481 3615; x_wconf 79' lang='grc' dir='ltr'>ποτε,</span> <span class='ocrx_word' id='word_1_403' title='bbox 506 3553 628 3606; x_wconf 75' lang='grc' dir='ltr'>οὐδὲ</span> <span class='ocrx_word' id='word_1_404' title='bbox 653 3555 738 3617; x_wconf 82' lang='grc' dir='ltr'>τὸ,</span> <span class='ocrx_word' id='word_1_405' title='bbox 769 3573 786 3604; x_wconf 74' lang='grc' dir='ltr'><strong>ο</strong></span> <span class='ocrx_word' id='word_1_406' title='bbox 813 3555 897 3606; x_wconf 84' lang='grc' dir='ltr'>Ἐν</span> <span class='ocrx_word' id='word_1_407' title='bbox 913 3555 1056 3624; x_wconf 78' lang='grc' dir='ltr'>ἀρχῇ</span> <span class='ocrx_word' id='word_1_408' title='bbox 1088 3549 1154 3625; x_wconf 74' lang='grc' dir='ltr'>ἦν</span> <span class='ocrx_word' id='word_1_409' title='bbox 1179 3556 1205 3606; x_wconf 86' lang='grc' dir='ltr'><strong>ό</strong></span> <span class='ocrx_word' id='word_1_410' title='bbox 1226 3554 1418 3621; x_wconf 89' lang='grc' dir='ltr'>Λόγος,</span> <span class='ocrx_word' id='word_1_411' title='bbox 1450 3554 1587 3606; x_wconf 77' lang='grc' dir='ltr'>καὶὸ</span> <span class='ocrx_word' id='word_1_412' title='bbox 1611 3553 1784 3620; x_wconf 90' lang='grc' dir='ltr'>Λόγος</span> 
     </span>
    </p>
   </div>
   <div class='ocr_carea' id='block_1_54' title="bbox 218 3639 1784 3716">
    <p class='ocr_par' dir='ltr' id='par_1_54' title="bbox 218 3639 1784 3716">
     <span class='ocr_line' id='line_1_54' title="bbox 218 3639 1784 3716; baseline 0.001 -22"><span class='ocrx_word' id='word_1_413' title='bbox 218 3639 334 3707; x_wconf 65' lang='grc' dir='ltr'>σὰρξ</span> <span class='ocrx_word' id='word_1_414' title='bbox 381 3643 620 3710; x_wconf 74' lang='grc' dir='ltr'>ιγένετο,</span> <span class='ocrx_word' id='word_1_415' title='bbox 663 3665 684 3697; x_wconf 70' lang='grc' dir='ltr'><strong>ι</strong></span> <span class='ocrx_word' id='word_1_416' title='bbox 729 3647 986 3715; x_wconf 75' lang='grc' dir='ltr'>νοητέονο</span> <span class='ocrx_word' id='word_1_417' title='bbox 1035 3647 1116 3716; x_wconf 87' lang='grc' dir='ltr'>τῷ</span> <span class='ocrx_word' id='word_1_418' title='bbox 1173 3645 1407 3716; x_wconf 79' lang='grc' dir='ltr'>μὲνγὰρ</span> <span class='ocrx_word' id='word_1_419' title='bbox 1443 3647 1601 3716; x_wconf 83' lang='grc' dir='ltr'>Λόγῳ</span> <span class='ocrx_word' id='word_1_420' title='bbox 1651 3646 1784 3716; x_wconf 84' lang='grc' dir='ltr'>μηδὲ</span> 
     </span>
    </p>
   </div>
   <div class='ocr_carea' id='block_1_55' title="bbox 217 3731 1782 3808">
    <p class='ocr_par' dir='ltr' id='par_1_55' title="bbox 217 3731 1782 3808">
     <span class='ocr_line' id='line_1_55' title="bbox 217 3731 1782 3808; baseline 0.012 -28"><span class='ocrx_word' id='word_1_421' title='bbox 217 3731 324 3781; x_wconf 63' lang='grc' dir='ltr'><strong>ὶιθ¹</strong></span> <span class='ocrx_word' id='word_1_422' title='bbox 364 3735 584 3788; x_wconf 85' lang='grc' dir='ltr'>οἱανοῦν</span> <span class='ocrx_word' id='word_1_423' title='bbox 626 3737 804 3806; x_wconf 79' lang='grc' dir='ltr'>ἀρχὴν</span> <span class='ocrx_word' id='word_1_424' title='bbox 851 3739 1140 3805; x_wconf 85' lang='grc' dir='ltr'>γεγονέναι</span> <span class='ocrx_word' id='word_1_425' title='bbox 1188 3738 1483 3808; x_wconf 79' lang='grc' dir='ltr'>μαρτυρῶν</span> <span class='ocrx_word' id='word_1_426' title='bbox 1524 3738 1782 3807; x_wconf 82' lang='grc' dir='ltr'>ἀνάρχως</span> 
     </span>
    </p>
   </div>
   <div class='ocr_carea' id='block_1_56' title="bbox 215 3816 1783 3900">
    <p class='ocr_par' dir='ltr' id='par_1_56' title="bbox 215 3816 1783 3900">
     <span class='ocr_line' id='line_1_56' title="bbox 215 3816 1783 3900; baseline 0.003 -27"><span class='ocrx_word' id='word_1_427' title='bbox 215 3816 352 3884; x_wconf 76' lang='grc' dir='ltr'>εἶναι,</span> <span class='ocrx_word' id='word_1_428' title='bbox 381 3825 476 3895; x_wconf 74' lang='grc' dir='ltr'>τὴν</span> <span class='ocrx_word' id='word_1_429' title='bbox 515 3827 700 3897; x_wconf 86' lang='grc' dir='ltr'>σάρκα</span> <span class='ocrx_word' id='word_1_430' title='bbox 730 3828 986 3895; x_wconf 83' lang='grc' dir='ltr'>γενέσθαι</span> <span class='ocrx_word' id='word_1_431' title='bbox 1010 3830 1176 3900; x_wconf 76' lang='grc' dir='ltr'>φησί’</span> <span class='ocrx_word' id='word_1_432' title='bbox 1206 3828 1335 3882; x_wconf 77' lang='grc' dir='ltr'>ἀλλ’</span> <span class='ocrx_word' id='word_1_433' title='bbox 1356 3827 1599 3889; x_wconf 77' lang='grc' dir='ltr'><strong>ἀπειθῶς</strong></span> <span class='ocrx_word' id='word_1_434' title='bbox 1630 3827 1783 3895; x_wconf 69' lang='grc' dir='ltr'>έχον-</span> 
     </span>
    </p>
   </div>
   <div class='ocr_carea' id='block_1_57' title="bbox 214 3913 1783 3988">
    <p class='ocr_par' dir='ltr' id='par_1_57' title="bbox 214 3913 1783 3988">
     <span class='ocr_line' id='line_1_57' title="bbox 214 3913 1783 3988; baseline 0.002 -23"><span class='ocrx_word' id='word_1_435' title='bbox 214 3925 308 3972; x_wconf 76' lang='grc' dir='ltr'>τες,</span> <span class='ocrx_word' id='word_1_436' title='bbox 343 3913 558 3968; x_wconf 83' lang='grc' dir='ltr'>δοκοῦσι</span> <span class='ocrx_word' id='word_1_437' title='bbox 590 3917 803 3979; x_wconf 83' lang='grc' dir='ltr'>πιστῶς</span> <span class='ocrx_word' id='word_1_438' title='bbox 837 3919 1090 3971; x_wconf 62' lang='grc' dir='ltr'>άπιστεῖν</span> <span class='ocrx_word' id='word_1_439' title='bbox 1123 3918 1202 3987; x_wconf 77' lang='grc' dir='ltr'>τῷ</span> <span class='ocrx_word' id='word_1_440' title='bbox 1225 3918 1384 3988; x_wconf 74' lang='grc' dir='ltr'>Λόγῳ</span> <span class='ocrx_word' id='word_1_441' title='bbox 1413 3918 1500 3971; x_wconf 80' lang='grc' dir='ltr'><strong>διὰ</strong></span> <span class='ocrx_word' id='word_1_442' title='bbox 1523 3918 1622 3986; x_wconf 82' lang='grc' dir='ltr'>τῆς</span> <span class='ocrx_word' id='word_1_443' title='bbox 1656 3918 1783 3969; x_wconf 84' lang='grc' dir='ltr'>ἀλο-</span> 
     </span>
    </p>
   </div>
   <div class='ocr_carea' id='block_1_58' title="bbox 222 4001 1785 4079">
    <p class='ocr_par' dir='ltr' id='par_1_58' title="bbox 222 4001 1785 4079">
     <span class='ocr_line' id='line_1_58' title="bbox 222 4001 1785 4079; baseline 0.001 -24"><span class='ocrx_word' id='word_1_444' title='bbox 222 4003 352 4066; x_wconf 77' lang='grc' dir='ltr'>γίας.</span> <span class='ocrx_word' id='word_1_445' title='bbox 370 4001 488 4058; x_wconf 81' lang='grc' dir='ltr'>Οἵδε</span> <span class='ocrx_word' id='word_1_446' title='bbox 516 4008 653 4078; x_wconf 83' lang='grc' dir='ltr'>γὰρ,</span> <span class='ocrx_word' id='word_1_447' title='bbox 689 4010 874 4076; x_wconf 78' lang='grc' dir='ltr'>φασὶν,</span> <span class='ocrx_word' id='word_1_448' title='bbox 893 4011 1039 4070; x_wconf 82' lang='grc' dir='ltr'><strong>ὅπως</strong></span> <span class='ocrx_word' id='word_1_449' title='bbox 1062 4009 1236 4062; x_wconf 86' lang='grc' dir='ltr'>ταῦτα</span> <span class='ocrx_word' id='word_1_450' title='bbox 1273 4011 1562 4079; x_wconf 83' lang='grc' dir='ltr'>γενήσεται</span> <span class='ocrx_word' id='word_1_451' title='bbox 1610 4007 1785 4077; x_wconf 82' lang='grc' dir='ltr'>αύτῷ,</span> 
     </span>
    </p>
   </div>
   <div class='ocr_carea' id='block_1_59' title="bbox 214 4095 1784 4171">
    <p class='ocr_par' dir='ltr' id='par_1_59' title="bbox 214 4095 1784 4171">
     <span class='ocr_line' id='line_1_59' title="bbox 214 4095 1784 4171; baseline 0.007 -30"><span class='ocrx_word' id='word_1_452' title='bbox 214 4095 301 4144; x_wconf 70' lang='lat' dir='ltr'><strong>xiv</strong></span> <span class='ocrx_word' id='word_1_453' title='bbox 331 4097 458 4166; x_wconf 72' lang='grc' dir='ltr'>ἡμῖν</span> <span class='ocrx_word' id='word_1_454' title='bbox 482 4099 730 4154; x_wconf 79' lang='grc' dir='ltr'>ἀδύνατα</span> <span class='ocrx_word' id='word_1_455' title='bbox 757 4101 891 4171; x_wconf 72' lang='grc' dir='ltr'>δοκῇ</span> <span class='ocrx_word' id='word_1_456' title='bbox 920 4117 933 4130; x_wconf 94' lang='grc'><strong>·</strong></span> <span class='ocrx_word' id='word_1_457' title='bbox 981 4101 1097 4154; x_wconf 77' lang='grc' dir='ltr'>ἀλλ’</span> <span class='ocrx_word' id='word_1_458' title='bbox 1132 4101 1285 4154; x_wconf 72' lang='grc' dir='ltr'>οὐδὲν</span> <span class='ocrx_word' id='word_1_459' title='bbox 1320 4100 1560 4153; x_wconf 83' lang='grc' dir='ltr'>τοιοῦτον</span> <span class='ocrx_word' id='word_1_460' title='bbox 1590 4098 1784 4166; x_wconf 77' lang='grc' dir='ltr'>ἄλογον</span> 
     </span>
    </p>
   </div>
   <div class='ocr_carea' id='block_1_60' title="bbox 211 4178 1784 4261">
    <p class='ocr_par' dir='ltr' id='par_1_60' title="bbox 211 4178 1784 4261">
     <span class='ocr_line' id='line_1_60' title="bbox 211 4178 1784 4261; baseline 0.005 -24"><span class='ocrx_word' id='word_1_461' title='bbox 211 4183 555 4251; x_wconf 77' lang='grc' dir='ltr'>ἦάσύστατον</span> <span class='ocrx_word' id='word_1_462' title='bbox 579 4178 715 4259; x_wconf 5' lang='lat' dir='ltr'><strong>illam</strong></span> <span class='ocrx_word' id='word_1_463' title='bbox 751 4192 882 4261; x_wconf 66' lang='grc' dir='ltr'><strong>περ)⁸</strong></span> <span class='ocrx_word' id='word_1_464' title='bbox 922 4193 1121 4245; x_wconf 78' lang='grc' dir='ltr'>ἑαυτοῦ</span> <span class='ocrx_word' id='word_1_465' title='bbox 1165 4192 1384 4246; x_wconf 85' lang='grc' dir='ltr'>πώποτε</span> <span class='ocrx_word' id='word_1_466' title='bbox 1432 4195 1459 4261; x_wconf 76' lang='grc' dir='ltr'><strong>ό</strong></span> <span class='ocrx_word' id='word_1_467' title='bbox 1497 4193 1693 4259; x_wconf 72' lang='grc' dir='ltr'>Λόγος,</span> <span class='ocrx_word' id='word_1_468' title='bbox 1740 4187 1784 4245; x_wconf 83' lang='grc' dir='ltr'><strong>ὦ</strong></span> 
     </span>
    </p>
   </div>
   <div class='ocr_carea' id='block_1_61' title="bbox 214 4277 1782 4354">
    <p class='ocr_par' dir='ltr' id='par_1_61' title="bbox 214 4277 1782 4354">
     <span class='ocr_line' id='line_1_61' title="bbox 214 4277 1782 4354; baseline 0.007 -31"><span class='ocrx_word' id='word_1_469' title='bbox 214 4277 443 4345; x_wconf 72' lang='grc' dir='ltr'>αδελφοὶο</span> <span class='ocrx_word' id='word_1_470' title='bbox 476 4283 527 4334; x_wconf 93' lang='grc' dir='ltr'><strong>τί</strong></span> <span class='ocrx_word' id='word_1_471' title='bbox 557 4279 654 4335; x_wconf 67' lang='grc' dir='ltr'>οὖν</span> <span class='ocrx_word' id='word_1_472' title='bbox 692 4283 777 4337; x_wconf 77' lang='grc' dir='ltr'>δεῖ</span> <span class='ocrx_word' id='word_1_473' title='bbox 814 4285 958 4353; x_wconf 83' lang='grc' dir='ltr'>ὑμᾶς</span> <span class='ocrx_word' id='word_1_474' title='bbox 1003 4287 1365 4352; x_wconf 77' lang='grc' dir='ltr'>συκοφαντεῖν</span> <span class='ocrx_word' id='word_1_475' title='bbox 1402 4284 1493 4336; x_wconf 65' lang='grc' dir='ltr'><strong>τὸν</strong></span> <span class='ocrx_word' id='word_1_476' title='bbox 1525 4285 1782 4354; x_wconf 67' lang='grc' dir='ltr'>Χριστὸν,</span> 
     </span>
    </p>
   </div>
   <div class='ocr_carea' id='block_1_62' title="bbox 214 4365 1783 4445">
    <p class='ocr_par' dir='ltr' id='par_1_62' title="bbox 214 4365 1783 4445">
     <span class='ocr_line' id='line_1_62' title="bbox 214 4365 1783 4445; baseline 0.003 -23"><span class='ocrx_word' id='word_1_477' title='bbox 214 4365 287 4418; x_wconf 70' lang='grc' dir='ltr'>ἵνα</span> <span class='ocrx_word' id='word_1_478' title='bbox 335 4371 393 4423; x_wconf 85' lang='grc' dir='ltr'><strong>τὸ</strong></span> <span class='ocrx_word' id='word_1_479' title='bbox 449 4375 586 4428; x_wconf 83' lang='grc' dir='ltr'>ίδιον</span> <span class='ocrx_word' id='word_1_480' title='bbox 631 4378 995 4445; x_wconf 68' lang='grc' dir='ltr'>συστήσωμεν</span> <span class='ocrx_word' id='word_1_481' title='bbox 1046 4377 1190 4428; x_wconf 71' lang='grc' dir='ltr'>κατὰ</span> <span class='ocrx_word' id='word_1_482' title='bbox 1236 4376 1438 4428; x_wconf 77' lang='grc' dir='ltr'>σκοπὸν</span> <span class='ocrx_word' id='word_1_483' title='bbox 1487 4375 1612 4444; x_wconf 78' lang='grc' dir='ltr'>ἔχον</span> <span class='ocrx_word' id='word_1_484' title='bbox 1649 4377 1783 4444; x_wconf 83' lang='grc' dir='ltr'>ἡμῖν</span> 
     </span>
    </p>
   </div>
   <div class='ocr_carea' id='block_1_63' title="bbox 212 4459 466 4530">
    <p class='ocr_par' dir='ltr' id='par_1_63' title="bbox 212 4459 466 4530">
     <span class='ocr_line' id='line_1_63' title="bbox 212 4459 466 4530; baseline 0.028 -7"><span class='ocrx_word' id='word_1_485' title='bbox 212 4459 436 4530; x_wconf 70' lang='grc' dir='ltr'>ἀγνόημα</span> <span class='ocrx_word' id='word_1_486' title='bbox 451 4481 466 4529; x_wconf 85' lang='grc'>;</span> 
     </span>
    </p>
   </div>
   <div class='ocr_carea' id='block_1_64' title="bbox 1875 2007 2654 2076">
    <p class='ocr_par' dir='ltr' id='par_1_64' title="bbox 1875 2007 2654 2076">
     <span class='ocr_line' id='line_1_64' title="bbox 1875 2007 2654 2076; baseline -0.006 -14"><span class='ocrx_word' id='word_1_487' title='bbox 1875 2007 2158 2076; x_wconf 88' lang='lat' dir='ltr'><strong>deponere</strong></span> <span class='ocrx_word' id='word_1_488' title='bbox 2190 2017 2248 2060; x_wconf 91' lang='lat' dir='ltr'><strong>et</strong></span> <span class='ocrx_word' id='word_1_489' title='bbox 2285 2020 2654 2060; x_wconf 87' lang='lat' dir='ltr'><strong>reassumere.</strong></span> 
     </span>
    </p>
   </div>
   <div class='ocr_carea' id='block_1_65' title="bbox 1945 2091 3469 2165">
    <p class='ocr_par' dir='ltr' id='par_1_65' title="bbox 1945 2091 3469 2165">
     <span class='ocr_line' id='line_1_65' title="bbox 1945 2091 3469 2165; baseline -0.005 -13"><span class='ocrx_word' id='word_1_490' title='bbox 1945 2097 2035 2152; x_wconf 69' lang='grc' dir='ltr'>ιο.</span> <span class='ocrx_word' id='word_1_491' title='bbox 2105 2096 2183 2151; x_wconf 87' lang='lat' dir='ltr'><strong>Ne</strong></span> <span class='ocrx_word' id='word_1_492' title='bbox 2227 2097 2442 2151; x_wconf 87' lang='lat' dir='ltr'><strong>voculis</strong></span> <span class='ocrx_word' id='word_1_493' title='bbox 2479 2096 2852 2165; x_wconf 88' lang='lat' dir='ltr'><strong>nosmetipsos</strong></span> <span class='ocrx_word' id='word_1_494' title='bbox 2892 2094 3218 2158; x_wconf 87' lang='lat' dir='ltr'><strong>vestientes,</strong></span> <span class='ocrx_word' id='word_1_495' title='bbox 3283 2091 3469 2162; x_wconf 84' lang='lat' dir='ltr'><strong>suspi-</strong></span> 
     </span>
    </p>
   </div>
   <div class='ocr_carea' id='block_1_66' title="bbox 1878 2186 3468 2259">
    <p class='ocr_par' dir='ltr' id='par_1_66' title="bbox 1878 2186 3468 2259">
     <span class='ocr_line' id='line_1_66' title="bbox 1878 2186 3468 2259; baseline -0.004 -15"><span class='ocrx_word' id='word_1_496' title='bbox 1878 2190 2094 2245; x_wconf 87' lang='lat' dir='ltr'><strong>cionem</strong></span> <span class='ocrx_word' id='word_1_497' title='bbox 2137 2190 2271 2259; x_wconf 89' lang='lat' dir='ltr'><strong>ipsis</strong></span> <span class='ocrx_word' id='word_1_498' title='bbox 2295 2188 2609 2255; x_wconf 64' lang='lat' dir='ltr'><strong>aderamus,</strong></span> <span class='ocrx_word' id='word_1_499' title='bbox 2643 2189 2790 2243; x_wconf 88' lang='lat' dir='ltr'><strong>nude</strong></span> <span class='ocrx_word' id='word_1_500' title='bbox 2845 2202 2941 2242; x_wconf 88' lang='lat' dir='ltr'><strong>eos</strong></span> <span class='ocrx_word' id='word_1_501' title='bbox 2975 2186 3468 2256; x_wconf 77' lang='lat' dir='ltr'><strong>interrogabimus,</strong></span> 
     </span>
    </p>
   </div>
   <div class='ocr_carea' id='block_1_67' title="bbox 1877 2277 3472 2348">
    <p class='ocr_par' dir='ltr' id='par_1_67' title="bbox 1877 2277 3472 2348">
     <span class='ocr_line' id='line_1_67' title="bbox 1877 2277 3472 2348; baseline -0.004 -10"><span class='ocrx_word' id='word_1_502' title='bbox 1877 2293 2067 2338; x_wconf 90' lang='lat' dir='ltr'><strong>utrum</strong></span> <span class='ocrx_word' id='word_1_503' title='bbox 2091 2292 2347 2336; x_wconf 85' lang='lat' dir='ltr'><strong>naturam</strong></span> <span class='ocrx_word' id='word_1_504' title='bbox 2373 2278 2516 2336; x_wconf 75' lang='lat' dir='ltr'><strong>hanc</strong></span> <span class='ocrx_word' id='word_1_505' title='bbox 2540 2298 2706 2337; x_wconf 86' lang='lat' dir='ltr'><strong>unam</strong></span> <span class='ocrx_word' id='word_1_506' title='bbox 2733 2297 2762 2336; x_wconf 94' lang='lat' dir='ltr'><strong>e</strong></span> <span class='ocrx_word' id='word_1_507' title='bbox 2785 2280 3002 2335; x_wconf 89' lang='lat' dir='ltr'><strong>duabus</strong></span> <span class='ocrx_word' id='word_1_508' title='bbox 3023 2279 3239 2333; x_wconf 83' lang='lat' dir='ltr'><strong>naturis</strong></span> <span class='ocrx_word' id='word_1_509' title='bbox 3260 2277 3472 2348; x_wconf 85' lang='lat' dir='ltr'><strong>absque</strong></span> 
     </span>
    </p>
   </div>
   <div class='ocr_carea' id='block_1_68' title="bbox 1878 2367 3471 2440">
    <p class='ocr_par' dir='ltr' id='par_1_68' title="bbox 1878 2367 3471 2440">
     <span class='ocr_line' id='line_1_68' title="bbox 1878 2367 3471 2440; baseline -0.001 -16"><span class='ocrx_word' id='word_1_510' title='bbox 1878 2370 2040 2425; x_wconf 89' lang='lat' dir='ltr'><strong>initio</strong></span> <span class='ocrx_word' id='word_1_511' title='bbox 2095 2378 2352 2434; x_wconf 83' lang='lat' dir='ltr'><strong>noscant,</strong></span> <span class='ocrx_word' id='word_1_512' title='bbox 2408 2386 2475 2423; x_wconf 88' lang='lat' dir='ltr'><strong>an</strong></span> <span class='ocrx_word' id='word_1_513' title='bbox 2512 2367 2686 2439; x_wconf 82' lang='lat' dir='ltr'><strong>quasi</strong></span> <span class='ocrx_word' id='word_1_514' title='bbox 2718 2385 2842 2440; x_wconf 68' lang='lat' dir='ltr'><strong>quae</strong></span> <span class='ocrx_word' id='word_1_515' title='bbox 2876 2367 3095 2422; x_wconf 91' lang='lat' dir='ltr'><strong>initium</strong></span> <span class='ocrx_word' id='word_1_516' title='bbox 3140 2369 3471 2438; x_wconf 74' lang='lat' dir='ltr'><strong>iri-tempore</strong></span> 
     </span>
    </p>
   </div>
   <div class='ocr_carea' id='block_1_69' title="bbox 1879 2457 3473 2539">
    <p class='ocr_par' dir='ltr' id='par_1_69' title="bbox 1879 2457 3473 2539">
     <span class='ocr_line' id='line_1_69' title="bbox 1879 2457 3473 2539; baseline -0.002 -26"><span class='ocrx_word' id='word_1_517' title='bbox 1879 2460 2116 2514; x_wconf 77' lang='lat' dir='ltr'><strong>habuit?</strong></span> <span class='ocrx_word' id='word_1_518' title='bbox 2151 2460 2208 2513; x_wconf 89' lang='lat' dir='ltr'><strong>Si</strong></span> <span class='ocrx_word' id='word_1_519' title='bbox 2237 2460 2456 2539; x_wconf 80' lang='lat' dir='ltr'><strong>absque</strong></span> <span class='ocrx_word' id='word_1_520' title='bbox 2515 2460 2674 2513; x_wconf 87' lang='lat' dir='ltr'><strong>initio</strong></span> <span class='ocrx_word' id='word_1_521' title='bbox 2703 2458 2957 2528; x_wconf 85' lang='lat' dir='ltr'><strong>quidem,</strong></span> <span class='ocrx_word' id='word_1_522' title='bbox 2992 2458 3272 2530; x_wconf 84' lang='lat' dir='ltr'><strong>quomodo</strong></span> <span class='ocrx_word' id='word_1_523' title='bbox 3300 2473 3330 2512; x_wconf 87' lang='lat' dir='ltr'><strong>e</strong></span> <span class='ocrx_word' id='word_1_524' title='bbox 3351 2457 3473 2528; x_wconf 79' lang='lat' dir='ltr'><strong>qui-</strong></span> 
     </span>
    </p>
   </div>
   <div class='ocr_carea' id='block_1_70' title="bbox 1880 2550 3471 2622">
    <p class='ocr_par' dir='ltr' id='par_1_70' title="bbox 1880 2550 3471 2622">
     <span class='ocr_line' id='line_1_70' title="bbox 1880 2550 3471 2622; baseline -0.001 -16"><span class='ocrx_word' id='word_1_525' title='bbox 1880 2553 2114 2607; x_wconf 85' lang='lat' dir='ltr'><strong>busdam</strong></span> <span class='ocrx_word' id='word_1_526' title='bbox 2163 2561 2287 2622; x_wconf 91' lang='lat' dir='ltr'><strong>post</strong></span> <span class='ocrx_word' id='word_1_527' title='bbox 2338 2553 2475 2608; x_wconf 85' lang='lat' dir='ltr'><strong>alios</strong></span> <span class='ocrx_word' id='word_1_528' title='bbox 2527 2555 2845 2608; x_wconf 84' lang='lat' dir='ltr'><strong>venientem</strong></span> <span class='ocrx_word' id='word_1_529' title='bbox 2890 2561 2946 2608; x_wconf 89' lang='lat' dir='ltr'><strong>et</strong></span> <span class='ocrx_word' id='word_1_530' title='bbox 2987 2550 3471 2622; x_wconf 77' lang='lat' dir='ltr'><strong>compositam‘lSi</strong></span> 
     </span>
    </p>
   </div>
   <div class='ocr_carea' id='block_1_71' title="bbox 1880 2643 3475 2713">
    <p class='ocr_par' dir='ltr' id='par_1_71' title="bbox 1880 2643 3475 2713">
     <span class='ocr_line' id='line_1_71' title="bbox 1880 2643 3475 2713; baseline 0 -15"><span class='ocrx_word' id='word_1_531' title='bbox 1880 2660 2014 2699; x_wconf 79' lang='lat' dir='ltr'><strong>vero</strong></span> <span class='ocrx_word' id='word_1_532' title='bbox 2066 2645 2286 2699; x_wconf 89' lang='lat' dir='ltr'><strong>initium</strong></span> <span class='ocrx_word' id='word_1_533' title='bbox 2312 2645 2507 2699; x_wconf 86' lang='lat' dir='ltr'><strong>habuit</strong></span> <span class='ocrx_word' id='word_1_534' title='bbox 2546 2653 2602 2699; x_wconf 89' lang='lat' dir='ltr'><strong>et</strong></span> <span class='ocrx_word' id='word_1_535' title='bbox 2626 2654 2930 2709; x_wconf 87' lang='lat' dir='ltr'><strong>auctorem,</strong></span> <span class='ocrx_word' id='word_1_536' title='bbox 2953 2653 3009 2699; x_wconf 89' lang='lat' dir='ltr'><strong>et</strong></span> <span class='ocrx_word' id='word_1_537' title='bbox 3031 2643 3312 2706; x_wconf 84' lang='lat' dir='ltr'><strong>convenit,</strong></span> <span class='ocrx_word' id='word_1_538' title='bbox 3336 2658 3475 2713; x_wconf 92' lang='lat' dir='ltr'><strong>quo-</strong></span> 
     </span>
    </p>
   </div>
   <div class='ocr_carea' id='block_1_72' title="bbox 1882 2735 3474 2805">
    <p class='ocr_par' dir='ltr' id='par_1_72' title="bbox 1882 2735 3474 2805">
     <span class='ocr_line' id='line_1_72' title="bbox 1882 2735 3474 2805; baseline -0.001 -14"><span class='ocrx_word' id='word_1_539' title='bbox 1882 2737 2048 2791; x_wconf 88' lang='lat' dir='ltr'><strong>modo</strong></span> <span class='ocrx_word' id='word_1_540' title='bbox 2096 2738 2244 2792; x_wconf 88' lang='lat' dir='ltr'><strong>Deus</strong></span> <span class='ocrx_word' id='word_1_541' title='bbox 2289 2737 2412 2791; x_wconf 80' lang='lat' dir='ltr'><strong>est?</strong></span> <span class='ocrx_word' id='word_1_542' title='bbox 2448 2737 2554 2791; x_wconf 90' lang='lat' dir='ltr'><strong>Sed</strong></span> <span class='ocrx_word' id='word_1_543' title='bbox 2588 2752 2710 2800; x_wconf 86' lang='lat' dir='ltr'><strong>nos,</strong></span> <span class='ocrx_word' id='word_1_544' title='bbox 2749 2738 2926 2801; x_wconf 89' lang='lat' dir='ltr'><strong>aiunt,</strong></span> <span class='ocrx_word' id='word_1_545' title='bbox 2971 2735 3226 2790; x_wconf 87' lang='lat' dir='ltr'><strong>eamdem</strong></span> <span class='ocrx_word' id='word_1_546' title='bbox 3267 2735 3474 2805; x_wconf 88' lang='lat' dir='ltr'><strong>absque</strong></span> 
     </span>
    </p>
   </div>
   <div class='ocr_carea' id='block_1_73' title="bbox 1883 2826 3468 2894">
    <p class='ocr_par' dir='ltr' id='par_1_73' title="bbox 1883 2826 3468 2894">
     <span class='ocr_line' id='line_1_73' title="bbox 1883 2826 3468 2894; baseline -0.003 -12"><span class='ocrx_word' id='word_1_547' title='bbox 1883 2830 2068 2894; x_wconf 91' lang='lat' dir='ltr'><strong>initio,</strong></span> <span class='ocrx_word' id='word_1_548' title='bbox 2099 2839 2154 2882; x_wconf 91' lang='lat' dir='ltr'><strong>et</strong></span> <span class='ocrx_word' id='word_1_549' title='bbox 2186 2844 2312 2883; x_wconf 89' lang='lat' dir='ltr'><strong>cum</strong></span> <span class='ocrx_word' id='word_1_550' title='bbox 2345 2829 2529 2891; x_wconf 88' lang='lat' dir='ltr'><strong>initio,</strong></span> <span class='ocrx_word' id='word_1_551' title='bbox 2580 2842 2686 2881; x_wconf 85' lang='lat' dir='ltr'><strong>una</strong></span> <span class='ocrx_word' id='word_1_552' title='bbox 2736 2844 2861 2882; x_wconf 91' lang='lat' dir='ltr'><strong>cum</strong></span> <span class='ocrx_word' id='word_1_553' title='bbox 2908 2826 3171 2881; x_wconf 83' lang='lat' dir='ltr'><strong>Patribus</strong></span> <span class='ocrx_word' id='word_1_554' title='bbox 3202 2827 3468 2885; x_wconf 69' lang='lat' dir='ltr'><strong>dicimus:</strong></span> 
     </span>
    </p>
   </div>
   <div class='ocr_carea' id='block_1_74' title="bbox 1882 2915 3470 2981">
    <p class='ocr_par' dir='ltr' id='par_1_74' title="bbox 1882 2915 3470 2981">
     <span class='ocr_line' id='line_1_74' title="bbox 1882 2915 3470 2981; baseline -0.004 -6"><span class='ocrx_word' id='word_1_555' title='bbox 1882 2921 1977 2976; x_wconf 91' lang='lat' dir='ltr'><strong>sed</strong></span> <span class='ocrx_word' id='word_1_556' title='bbox 2026 2937 2136 2974; x_wconf 92' lang='lat' dir='ltr'><strong>non</strong></span> <span class='ocrx_word' id='word_1_557' title='bbox 2185 2920 2436 2974; x_wconf 87' lang='lat' dir='ltr'><strong>eamdem</strong></span> <span class='ocrx_word' id='word_1_558' title='bbox 2483 2921 2538 2972; x_wconf 89' lang='lat' dir='ltr'><strong>in</strong></span> <span class='ocrx_word' id='word_1_559' title='bbox 2567 2918 2762 2972; x_wconf 88' lang='lat' dir='ltr'><strong>eodem</strong></span> <span class='ocrx_word' id='word_1_560' title='bbox 2795 2917 3099 2972; x_wconf 87' lang='lat' dir='ltr'><strong>secundum</strong></span> <span class='ocrx_word' id='word_1_561' title='bbox 3152 2915 3320 2981; x_wconf 88' lang='lat' dir='ltr'><strong>idem,</strong></span> <span class='ocrx_word' id='word_1_562' title='bbox 3347 2916 3470 2970; x_wconf 88' lang='lat' dir='ltr'><strong>licet</strong></span> 
     </span>
    </p>
   </div>
   <div class='ocr_carea' id='block_1_75' title="bbox 1882 3008 3480 3075">
    <p class='ocr_par' dir='ltr' id='par_1_75' title="bbox 1882 3008 3480 3075">
     <span class='ocr_line' id='line_1_75' title="bbox 1882 3008 3480 3075; baseline -0.001 -11"><span class='ocrx_word' id='word_1_563' title='bbox 1882 3012 2026 3065; x_wconf 92' lang='lat' dir='ltr'><strong>hanc</strong></span> <span class='ocrx_word' id='word_1_564' title='bbox 2046 3020 2102 3066; x_wconf 89' lang='lat' dir='ltr'><strong>et</strong></span> <span class='ocrx_word' id='word_1_565' title='bbox 2134 3026 2241 3064; x_wconf 90' lang='lat' dir='ltr'><strong>non</strong></span> <span class='ocrx_word' id='word_1_566' title='bbox 2269 3010 2434 3063; x_wconf 79' lang='lat' dir='ltr'><strong>aliam</strong></span> <span class='ocrx_word' id='word_1_567' title='bbox 2460 3010 2657 3064; x_wconf 82' lang='lat' dir='ltr'><strong>Patres</strong></span> <span class='ocrx_word' id='word_1_568' title='bbox 2676 3009 2887 3075; x_wconf 90' lang='lat' dir='ltr'><strong>dicant,</strong></span> <span class='ocrx_word' id='word_1_569' title='bbox 2911 3024 2943 3062; x_wconf 95' lang='lat' dir='ltr'><strong>o</strong></span> <span class='ocrx_word' id='word_1_570' title='bbox 2963 3019 3060 3063; x_wconf 82' lang='lat' dir='ltr'><strong>vos</strong></span> <span class='ocrx_word' id='word_1_571' title='bbox 3089 3027 3101 3062; x_wconf 91' lang='lat'><strong>:</strong></span> <span class='ocrx_word' id='word_1_572' title='bbox 3135 3008 3480 3075; x_wconf 76' lang='lat' dir='ltr'><strong>impossibile</strong></span> 
     </span>
    </p>
   </div>
   <div class='ocr_carea' id='block_1_76' title="bbox 1882 3099 3479 3170">
    <p class='ocr_par' dir='ltr' id='par_1_76' title="bbox 1882 3099 3479 3170">
     <span class='ocr_line' id='line_1_76' title="bbox 1882 3099 3479 3170; baseline -0.001 -15"><span class='ocrx_word' id='word_1_573' title='bbox 1882 3103 2029 3156; x_wconf 87' lang='lat' dir='ltr'><strong>enim</strong></span> <span class='ocrx_word' id='word_1_574' title='bbox 2052 3113 2135 3156; x_wconf 85' lang='lat' dir='ltr'><strong>est</strong></span> <span class='ocrx_word' id='word_1_575' title='bbox 2156 3103 2208 3155; x_wconf 93' lang='lat' dir='ltr'><strong>in</strong></span> <span class='ocrx_word' id='word_1_576' title='bbox 2252 3101 2448 3156; x_wconf 89' lang='lat' dir='ltr'><strong>eodem</strong></span> <span class='ocrx_word' id='word_1_577' title='bbox 2481 3103 2624 3157; x_wconf 88' lang='lat' dir='ltr'><strong>circa</strong></span> <span class='ocrx_word' id='word_1_578' title='bbox 2660 3102 2805 3155; x_wconf 86' lang='lat' dir='ltr'><strong>idem</strong></span> <span class='ocrx_word' id='word_1_579' title='bbox 2837 3101 3071 3157; x_wconf 80' lang='lat' dir='ltr'><strong>inveniri</strong></span> <span class='ocrx_word' id='word_1_580' title='bbox 3095 3100 3304 3170; x_wconf 86' lang='lat' dir='ltr'><strong>aliquid</strong></span> <span class='ocrx_word' id='word_1_581' title='bbox 3327 3099 3479 3170; x_wconf 86' lang='lat' dir='ltr'><strong>quod</strong></span> 
     </span>
    </p>
   </div>
   <div class='ocr_carea' id='block_1_77' title="bbox 1885 3182 3480 3260">
    <p class='ocr_par' dir='ltr' id='par_1_77' title="bbox 1885 3182 3480 3260">
     <span class='ocr_line' id='line_1_77' title="bbox 1885 3182 3480 3260; baseline -0.002 -11"><span class='ocrx_word' id='word_1_582' title='bbox 1885 3196 2195 3258; x_wconf 83' lang='lat' dir='ltr'><strong>contrarios</strong></span> <span class='ocrx_word' id='word_1_583' title='bbox 2251 3204 2536 3248; x_wconf 85' lang='lat' dir='ltr'><strong>sermones</strong></span> <span class='ocrx_word' id='word_1_584' title='bbox 2587 3195 2875 3260; x_wconf 86' lang='lat' dir='ltr'><strong>admittat;</strong></span> <span class='ocrx_word' id='word_1_585' title='bbox 2916 3182 3026 3248; x_wconf 83' lang='lat' dir='ltr'><strong>sed</strong></span> <span class='ocrx_word' id='word_1_586' title='bbox 3076 3193 3121 3248; x_wconf 91' lang='lat' dir='ltr'><strong>si</strong></span> <span class='ocrx_word' id='word_1_587' title='bbox 3170 3202 3226 3248; x_wconf 92' lang='lat' dir='ltr'><strong>et</strong></span> <span class='ocrx_word' id='word_1_588' title='bbox 3271 3193 3480 3247; x_wconf 87' lang='lat' dir='ltr'><strong>dicitur</strong></span> 
     </span>
    </p>
   </div>
   <div class='ocr_carea' id='block_1_78' title="bbox 1888 3284 3476 3349">
    <p class='ocr_par' dir='ltr' id='par_1_78' title="bbox 1888 3284 3476 3349">
     <span class='ocr_line' id='line_1_78' title="bbox 1888 3284 3476 3349; baseline -0.001 -10"><span class='ocrx_word' id='word_1_589' title='bbox 1888 3286 2127 3340; x_wconf 76' lang='lat' dir='ltr'><strong>visibilis</strong></span> <span class='ocrx_word' id='word_1_590' title='bbox 2161 3285 2305 3340; x_wconf 91' lang='lat' dir='ltr'><strong>idem</strong></span> <span class='ocrx_word' id='word_1_591' title='bbox 2342 3300 2485 3339; x_wconf 90' lang='lat' dir='ltr'><strong>unus</strong></span> <span class='ocrx_word' id='word_1_592' title='bbox 2513 3284 2928 3348; x_wconf 31' lang='lat' dir='ltr'><strong>Christusvnon</strong></span> <span class='ocrx_word' id='word_1_593' title='bbox 2956 3284 3264 3348; x_wconf 67' lang='lat' dir='ltr'><strong>secundum</strong></span> <span class='ocrx_word' id='word_1_594' title='bbox 3296 3284 3476 3349; x_wconf 90' lang='lat' dir='ltr'><strong>idem;</strong></span> 
     </span>
    </p>
   </div>
   <div class='ocr_carea' id='block_1_79' title="bbox 1888 3375 3480 3447">
    <p class='ocr_par' dir='ltr' id='par_1_79' title="bbox 1888 3375 3480 3447">
     <span class='ocr_line' id='line_1_79' title="bbox 1888 3375 3480 3447; baseline -0.001 -15"><span class='ocrx_word' id='word_1_595' title='bbox 1888 3394 1990 3432; x_wconf 89' lang='lat' dir='ltr'><strong>nec</strong></span> <span class='ocrx_word' id='word_1_596' title='bbox 2017 3379 2226 3447; x_wconf 86' lang='lat' dir='ltr'><strong>pariter</strong></span> <span class='ocrx_word' id='word_1_597' title='bbox 2253 3396 2266 3430; x_wconf 92' lang='lat'><strong>:</strong></span> <span class='ocrx_word' id='word_1_598' title='bbox 2316 3397 2334 3429; x_wconf 85' lang='grc'><strong>‹</strong></span> <span class='ocrx_word' id='word_1_599' title='bbox 2366 3377 2725 3432; x_wconf 82' lang='lat' dir='ltr'><strong>Mortiﬁcatus</strong></span> <span class='ocrx_word' id='word_1_600' title='bbox 2759 3378 2982 3447; x_wconf 89' lang='lat' dir='ltr'><strong>quidem</strong></span> <span class='ocrx_word' id='word_1_601' title='bbox 3013 3393 3200 3439; x_wconf 89' lang='lat' dir='ltr'><strong>carne,</strong></span> <span class='ocrx_word' id='word_1_602' title='bbox 3233 3375 3480 3431; x_wconf 81' lang='lat' dir='ltr'><strong>viviﬁca-</strong></span> 
     </span>
    </p>
   </div>
   <div class='ocr_carea' id='block_1_80' title="bbox 1889 3469 3480 3538">
    <p class='ocr_par' dir='ltr' id='par_1_80' title="bbox 1889 3469 3480 3538">
     <span class='ocr_line' id='line_1_80' title="bbox 1889 3469 3480 3538; baseline 0 -15"><span class='ocrx_word' id='word_1_603' title='bbox 1889 3479 1977 3523; x_wconf 90' lang='lat' dir='ltr'><strong>tus</strong></span> <span class='ocrx_word' id='word_1_604' title='bbox 1997 3479 2179 3523; x_wconf 89' lang='lat' dir='ltr'><strong>autem</strong></span> <span class='ocrx_word' id='word_1_605' title='bbox 2219 3469 2448 3538; x_wconf 92' lang='lat' dir='ltr'><strong>spiritu;</strong></span> <span class='ocrx_word' id='word_1_606' title='bbox 2479 3489 2496 3520; x_wconf 75' lang='grc' dir='ltr'><strong>ι</strong></span> <span class='ocrx_word' id='word_1_607' title='bbox 2535 3478 2591 3523; x_wconf 87' lang='lat' dir='ltr'><strong>et</strong></span> <span class='ocrx_word' id='word_1_608' title='bbox 2615 3470 2750 3524; x_wconf 91' lang='lat' dir='ltr'><strong>illud</strong></span> <span class='ocrx_word' id='word_1_609' title='bbox 2793 3486 2806 3522; x_wconf 91' lang='lat'>:</span> <span class='ocrx_word' id='word_1_610' title='bbox 2855 3487 2872 3519; x_wconf 77' lang='grc' dir='ltr'><strong>ι</strong></span> <span class='ocrx_word' id='word_1_611' title='bbox 2898 3469 3034 3522; x_wconf 83' lang='lat' dir='ltr'><strong>Nam</strong></span> <span class='ocrx_word' id='word_1_612' title='bbox 3068 3482 3123 3522; x_wconf 88' lang='lat' dir='ltr'><strong>et</strong></span> <span class='ocrx_word' id='word_1_613' title='bbox 3147 3469 3204 3523; x_wconf 82' lang='lat' dir='ltr'><strong>si</strong></span> <span class='ocrx_word' id='word_1_614' title='bbox 3223 3476 3480 3523; x_wconf 86' lang='lat' dir='ltr'><strong>mortuus</strong></span> 
     </span>
    </p>
   </div>
   <div class='ocr_carea' id='block_1_81' title="bbox 1886 3559 3478 3628">
    <p class='ocr_par' dir='ltr' id='par_1_81' title="bbox 1886 3559 3478 3628">
     <span class='ocr_line' id='line_1_81' title="bbox 1886 3559 3478 3628; baseline -0.002 -13"><span class='ocrx_word' id='word_1_615' title='bbox 1886 3571 2074 3616; x_wconf 75' lang='lat' dir='ltr'><strong>estex</strong></span> <span class='ocrx_word' id='word_1_616' title='bbox 2114 3561 2456 3625; x_wconf 84' lang='lat' dir='ltr'><strong>inﬁrmitate,</strong></span> <span class='ocrx_word' id='word_1_617' title='bbox 2495 3562 2591 3616; x_wconf 87' lang='lat' dir='ltr'><strong>sed</strong></span> <span class='ocrx_word' id='word_1_618' title='bbox 2637 3562 2776 3615; x_wconf 82' lang='lat' dir='ltr'><strong>vivit</strong></span> <span class='ocrx_word' id='word_1_619' title='bbox 2815 3578 2883 3616; x_wconf 80' lang='lat' dir='ltr'><strong>ex</strong></span> <span class='ocrx_word' id='word_1_620' title='bbox 2917 3562 3120 3616; x_wconf 86' lang='lat' dir='ltr'><strong>virtute</strong></span> <span class='ocrx_word' id='word_1_621' title='bbox 3152 3563 3202 3628; x_wconf 84' lang='lat'><strong>&#39;;</strong></span> <span class='ocrx_word' id='word_1_622' title='bbox 3241 3581 3260 3614; x_wconf 75' lang='grc' dir='ltr'><strong>ι</strong></span> <span class='ocrx_word' id='word_1_623' title='bbox 3313 3570 3369 3615; x_wconf 89' lang='lat' dir='ltr'><strong>et</strong></span> <span class='ocrx_word' id='word_1_624' title='bbox 3399 3559 3478 3614; x_wconf 86' lang='lat' dir='ltr'><strong>si-</strong></span> 
     </span>
    </p>
   </div>
   <div class='ocr_carea' id='block_1_82' title="bbox 1887 3653 3476 3722">
    <p class='ocr_par' dir='ltr' id='par_1_82' title="bbox 1887 3653 3476 3722">
     <span class='ocr_line' id='line_1_82' title="bbox 1887 3653 3476 3722; baseline -0.001 -17"><span class='ocrx_word' id='word_1_625' title='bbox 1887 3653 2038 3707; x_wconf 85' lang='lat' dir='ltr'><strong>milia</strong></span> <span class='ocrx_word' id='word_1_626' title='bbox 2073 3670 2086 3706; x_wconf 91' lang='lat'><strong>:</strong></span> <span class='ocrx_word' id='word_1_627' title='bbox 2132 3669 2240 3707; x_wconf 80' lang='lat' dir='ltr'><strong>non</strong></span> <span class='ocrx_word' id='word_1_628' title='bbox 2298 3653 2352 3706; x_wconf 90' lang='lat' dir='ltr'><strong>in</strong></span> <span class='ocrx_word' id='word_1_629' title='bbox 2381 3653 2576 3708; x_wconf 88' lang='lat' dir='ltr'><strong>eodem</strong></span> <span class='ocrx_word' id='word_1_630' title='bbox 2613 3655 2761 3708; x_wconf 90' lang='lat' dir='ltr'><strong>enim</strong></span> <span class='ocrx_word' id='word_1_631' title='bbox 2814 3669 2969 3716; x_wconf 89' lang='lat' dir='ltr'><strong>sane,</strong></span> <span class='ocrx_word' id='word_1_632' title='bbox 3004 3669 3107 3707; x_wconf 84' lang='lat' dir='ltr'><strong>nec</strong></span> <span class='ocrx_word' id='word_1_633' title='bbox 3137 3671 3149 3706; x_wconf 93' lang='lat'>:</span> <span class='ocrx_word' id='word_1_634' title='bbox 3186 3673 3205 3702; x_wconf 80' lang='grc' dir='ltr'><strong>ι</strong></span> <span class='ocrx_word' id='word_1_635' title='bbox 3234 3654 3292 3707; x_wconf 85' lang='lat' dir='ltr'><strong>In</strong></span> <span class='ocrx_word' id='word_1_636' title='bbox 3326 3653 3476 3722; x_wconf 83' lang='lat' dir='ltr'><strong>prin-</strong></span> 
     </span>
    </p>
   </div>
   <div class='ocr_carea' id='block_1_83' title="bbox 1884 3744 3476 3814">
    <p class='ocr_par' dir='ltr' id='par_1_83' title="bbox 1884 3744 3476 3814">
     <span class='ocr_line' id='line_1_83' title="bbox 1884 3744 3476 3814; baseline -0.001 -16"><span class='ocrx_word' id='word_1_637' title='bbox 1884 3746 2032 3814; x_wconf 88' lang='lat' dir='ltr'><strong>cipio</strong></span> <span class='ocrx_word' id='word_1_638' title='bbox 2073 3757 2194 3800; x_wconf 88' lang='lat' dir='ltr'><strong>erat</strong></span> <span class='ocrx_word' id='word_1_639' title='bbox 2239 3745 2521 3810; x_wconf 83' lang='lat' dir='ltr'><strong>Verbum;</strong></span> <span class='ocrx_word' id='word_1_640' title='bbox 2564 3764 2581 3794; x_wconf 83' lang='grc'><strong>›</strong></span> <span class='ocrx_word' id='word_1_641' title='bbox 2618 3754 2674 3798; x_wconf 90' lang='lat' dir='ltr'><strong>et</strong></span> <span class='ocrx_word' id='word_1_642' title='bbox 2710 3763 2722 3798; x_wconf 89' lang='lat'>:</span> <span class='ocrx_word' id='word_1_643' title='bbox 2766 3764 2783 3796; x_wconf 81' lang='grc' dir='ltr'><strong>ι</strong></span> <span class='ocrx_word' id='word_1_644' title='bbox 2812 3745 3054 3798; x_wconf 74' lang='lat' dir='ltr'><strong>Verbum</strong></span> <span class='ocrx_word' id='word_1_645' title='bbox 3102 3761 3231 3799; x_wconf 87' lang='lat' dir='ltr'><strong>caro</strong></span> <span class='ocrx_word' id='word_1_646' title='bbox 3269 3744 3476 3799; x_wconf 74' lang='lat' dir='ltr'><strong>factum</strong></span> 
     </span>
    </p>
   </div>
   <div class='ocr_carea' id='block_1_84' title="bbox 1884 3835 3475 3906">
    <p class='ocr_par' dir='ltr' id='par_1_84' title="bbox 1884 3835 3475 3906">
     <span class='ocr_line' id='line_1_84' title="bbox 1884 3835 3475 3906; baseline -0.002 -15"><span class='ocrx_word' id='word_1_647' title='bbox 1884 3846 1990 3899; x_wconf 87' lang='lat' dir='ltr'><strong>est,</strong></span> <span class='ocrx_word' id='word_1_648' title='bbox 2026 3835 2442 3906; x_wconf 51' lang='lat' dir='ltr'><strong>{cogitandum</strong></span> <span class='ocrx_word' id='word_1_649' title='bbox 2475 3856 2486 3890; x_wconf 94' lang='lat'>:</span> <span class='ocrx_word' id='word_1_650' title='bbox 2524 3837 2591 3891; x_wconf 89' lang='lat' dir='ltr'><strong>de</strong></span> <span class='ocrx_word' id='word_1_651' title='bbox 2624 3837 2806 3893; x_wconf 84' lang='lat' dir='ltr'><strong>Verbo</strong></span> <span class='ocrx_word' id='word_1_652' title='bbox 2846 3837 2994 3891; x_wconf 88' lang='lat' dir='ltr'><strong>enim</strong></span> <span class='ocrx_word' id='word_1_653' title='bbox 3031 3852 3132 3890; x_wconf 90' lang='lat' dir='ltr'><strong>nec</strong></span> <span class='ocrx_word' id='word_1_654' title='bbox 3171 3835 3475 3890; x_wconf 89' lang='lat' dir='ltr'><strong>secundum</strong></span> 
     </span>
    </p>
   </div>
   <div class='ocr_carea' id='block_1_85' title="bbox 1885 3927 3479 3997">
    <p class='ocr_par' dir='ltr' id='par_1_85' title="bbox 1885 3927 3479 3997">
     <span class='ocr_line' id='line_1_85' title="bbox 1885 3927 3479 3997; baseline -0.001 -16"><span class='ocrx_word' id='word_1_655' title='bbox 1885 3928 2200 3997; x_wconf 86' lang='lat' dir='ltr'><strong>quodquam</strong></span> <span class='ocrx_word' id='word_1_656' title='bbox 2253 3929 2474 3982; x_wconf 89' lang='lat' dir='ltr'><strong>initium</strong></span> <span class='ocrx_word' id='word_1_657' title='bbox 2515 3929 2719 3984; x_wconf 79' lang='lat' dir='ltr'><strong>factum</strong></span> <span class='ocrx_word' id='word_1_658' title='bbox 2772 3930 2944 3983; x_wconf 80' lang='lat' dir='ltr'><strong>fuisse</strong></span> <span class='ocrx_word' id='word_1_659' title='bbox 2995 3928 3296 3982; x_wconf 75' lang='lat' dir='ltr'><strong>testiﬁcans</strong></span> <span class='ocrx_word' id='word_1_660' title='bbox 3343 3927 3479 3981; x_wconf 87' lang='lat' dir='ltr'><strong>dicit</strong></span> 
     </span>
    </p>
   </div>
   <div class='ocr_carea' id='block_1_86' title="bbox 1884 4018 3481 4090">
    <p class='ocr_par' dir='ltr' id='par_1_86' title="bbox 1884 4018 3481 4090">
     <span class='ocr_line' id='line_1_86' title="bbox 1884 4018 3481 4090; baseline 0 -18"><span class='ocrx_word' id='word_1_661' title='bbox 1884 4019 2031 4087; x_wconf 91' lang='lat' dir='ltr'><strong>quod</strong></span> <span class='ocrx_word' id='word_1_662' title='bbox 2065 4031 2149 4074; x_wconf 89' lang='lat' dir='ltr'><strong>est</strong></span> <span class='ocrx_word' id='word_1_663' title='bbox 2179 4021 2246 4074; x_wconf 89' lang='lat' dir='ltr'><strong>ab</strong></span> <span class='ocrx_word' id='word_1_664' title='bbox 2284 4020 2465 4084; x_wconf 86' lang='lat' dir='ltr'><strong>initio,</strong></span> <span class='ocrx_word' id='word_1_665' title='bbox 2500 4037 2623 4075; x_wconf 81' lang='lat' dir='ltr'><strong>mox</strong></span> <span class='ocrx_word' id='word_1_666' title='bbox 2668 4022 2813 4090; x_wconf 89' lang='lat' dir='ltr'><strong>quod</strong></span> <span class='ocrx_word' id='word_1_667' title='bbox 2859 4036 2990 4074; x_wconf 88' lang='lat' dir='ltr'><strong>caro</strong></span> <span class='ocrx_word' id='word_1_668' title='bbox 3027 4020 3232 4074; x_wconf 84' lang='lat' dir='ltr'><strong>factum</strong></span> <span class='ocrx_word' id='word_1_669' title='bbox 3267 4031 3352 4073; x_wconf 88' lang='lat' dir='ltr'><strong>est</strong></span> <span class='ocrx_word' id='word_1_670' title='bbox 3383 4018 3481 4090; x_wconf 67' lang='lat' dir='ltr'><strong>ad-</strong></span> 
     </span>
    </p>
   </div>
   <div class='ocr_carea' id='block_1_87' title="bbox 1890 4109 3476 4164">
    <p class='ocr_par' dir='ltr' id='par_1_87' title="bbox 1890 4109 3476 4164">
     <span class='ocr_line' id='line_1_87' title="bbox 1890 4109 3476 4164; baseline 0.001 -2"><span class='ocrx_word' id='word_1_671' title='bbox 1890 4109 1994 4163; x_wconf 89' lang='lat' dir='ltr'><strong>dit.</strong></span> <span class='ocrx_word' id='word_1_672' title='bbox 2044 4110 2150 4163; x_wconf 70' lang='lat' dir='ltr'><strong>Sed</strong></span> <span class='ocrx_word' id='word_1_673' title='bbox 2193 4109 2462 4163; x_wconf 84' lang='lat' dir='ltr'><strong>increduli</strong></span> <span class='ocrx_word' id='word_1_674' title='bbox 2493 4110 2677 4164; x_wconf 80' lang='lat' dir='ltr'><strong>Verbo</strong></span> <span class='ocrx_word' id='word_1_675' title='bbox 2713 4110 2952 4164; x_wconf 82' lang='lat' dir='ltr'><strong>ﬁdeliter</strong></span> <span class='ocrx_word' id='word_1_676' title='bbox 2985 4111 3305 4164; x_wconf 90' lang='lat' dir='ltr'><strong>incredulos</strong></span> <span class='ocrx_word' id='word_1_677' title='bbox 3354 4125 3476 4164; x_wconf 89' lang='lat' dir='ltr'><strong>esse</strong></span> 
     </span>
    </p>
   </div>
   <div class='ocr_carea' id='block_1_88' title="bbox 1892 4201 3470 4271">
    <p class='ocr_par' dir='ltr' id='par_1_88' title="bbox 1892 4201 3470 4271">
     <span class='ocr_line' id='line_1_88' title="bbox 1892 4201 3470 4271; baseline 0.001 -17"><span class='ocrx_word' id='word_1_678' title='bbox 1892 4216 1990 4269; x_wconf 88' lang='lat' dir='ltr'><strong>per</strong></span> <span class='ocrx_word' id='word_1_679' title='bbox 2038 4201 2308 4256; x_wconf 87' lang='lat' dir='ltr'><strong>insaniam</strong></span> <span class='ocrx_word' id='word_1_680' title='bbox 2361 4202 2623 4255; x_wconf 89' lang='lat' dir='ltr'><strong>videntur</strong></span> <span class='ocrx_word' id='word_1_681' title='bbox 2666 4221 2680 4254; x_wconf 74' lang='grc' dir='ltr'><strong>ι</strong></span> <span class='ocrx_word' id='word_1_682' title='bbox 2720 4203 2876 4256; x_wconf 77' lang='lat' dir='ltr'><strong>novit</strong></span> <span class='ocrx_word' id='word_1_683' title='bbox 2908 4203 3079 4267; x_wconf 86' lang='lat' dir='ltr'><strong>enim,</strong></span> <span class='ocrx_word' id='word_1_684' title='bbox 3117 4202 3297 4265; x_wconf 90' lang='lat' dir='ltr'><strong>aiunt,</strong></span> <span class='ocrx_word' id='word_1_685' title='bbox 3331 4217 3470 4271; x_wconf 91' lang='lat' dir='ltr'><strong>quo—</strong></span> 
     </span>
    </p>
   </div>
   <div class='ocr_carea' id='block_1_89' title="bbox 1891 4293 3482 4363">
    <p class='ocr_par' dir='ltr' id='par_1_89' title="bbox 1891 4293 3482 4363">
     <span class='ocr_line' id='line_1_89' title="bbox 1891 4293 3482 4363; baseline -0.001 -17"><span class='ocrx_word' id='word_1_686' title='bbox 1891 4293 2064 4350; x_wconf 90' lang='lat' dir='ltr'><strong>modo.</strong></span> <span class='ocrx_word' id='word_1_687' title='bbox 2087 4294 2177 4347; x_wconf 88' lang='lat' dir='ltr'><strong>illa</strong></span> <span class='ocrx_word' id='word_1_688' title='bbox 2229 4295 2361 4347; x_wconf 91' lang='lat' dir='ltr'><strong>huic</strong></span> <span class='ocrx_word' id='word_1_689' title='bbox 2417 4294 2570 4359; x_wconf 73' lang='lat' dir='ltr'><strong>fient,</strong></span> <span class='ocrx_word' id='word_1_690' title='bbox 2624 4295 2754 4349; x_wconf 91' lang='lat' dir='ltr'><strong>licet</strong></span> <span class='ocrx_word' id='word_1_691' title='bbox 2791 4294 2952 4362; x_wconf 77' lang='lat' dir='ltr'><strong>nobis</strong></span> <span class='ocrx_word' id='word_1_692' title='bbox 2984 4294 3351 4363; x_wconf 86' lang='lat' dir='ltr'><strong>impossibilia</strong></span> <span class='ocrx_word' id='word_1_693' title='bbox 3398 4293 3482 4345; x_wconf 87' lang='lat' dir='ltr'><strong>vi-</strong></span> 
     </span>
    </p>
   </div>
   <div class='ocr_carea' id='block_1_90' title="bbox 1887 4382 3480 4437">
    <p class='ocr_par' dir='ltr' id='par_1_90' title="bbox 1887 4382 3480 4437">
     <span class='ocr_line' id='line_1_90' title="bbox 1887 4382 3480 4437; baseline -0.002 -1"><span class='ocrx_word' id='word_1_694' title='bbox 1887 4382 2125 4437; x_wconf 87' lang='lat' dir='ltr'><strong>deantur</strong></span> <span class='ocrx_word' id='word_1_695' title='bbox 2161 4402 2174 4435; x_wconf 88' lang='lat'><strong>:</strong></span> <span class='ocrx_word' id='word_1_696' title='bbox 2208 4382 2301 4436; x_wconf 90' lang='lat' dir='ltr'><strong>sed</strong></span> <span class='ocrx_word' id='word_1_697' title='bbox 2340 4383 2477 4436; x_wconf 83' lang='lat' dir='ltr'><strong>nihil</strong></span> <span class='ocrx_word' id='word_1_698' title='bbox 2525 4392 2632 4436; x_wconf 85' lang='lat' dir='ltr'><strong>tam</strong></span> <span class='ocrx_word' id='word_1_699' title='bbox 2669 4384 2924 4437; x_wconf 86' lang='lat' dir='ltr'><strong>insanum</strong></span> <span class='ocrx_word' id='word_1_700' title='bbox 2969 4391 3062 4436; x_wconf 88' lang='lat' dir='ltr'><strong>aut</strong></span> <span class='ocrx_word' id='word_1_701' title='bbox 3106 4392 3316 4435; x_wconf 71' lang='lat' dir='ltr'><strong>naturae</strong></span> <span class='ocrx_word' id='word_1_702' title='bbox 3348 4396 3480 4434; x_wconf 86' lang='lat' dir='ltr'><strong>con-</strong></span> 
     </span>
    </p>
   </div>
   <div class='ocr_carea' id='block_1_91' title="bbox 1888 4470 3474 4544">
    <p class='ocr_par' dir='ltr' id='par_1_91' title="bbox 1888 4470 3474 4544">
     <span class='ocr_line' id='line_1_91' title="bbox 1888 4470 3474 4544; baseline -0.001 -18"><span class='ocrx_word' id='word_1_703' title='bbox 1888 4475 2121 4527; x_wconf 88' lang='lat' dir='ltr'><strong>trarium</strong></span> <span class='ocrx_word' id='word_1_704' title='bbox 2153 4470 2290 4527; x_wconf 79' lang='lat' dir='ltr'><strong>dixit</strong></span> <span class='ocrx_word' id='word_1_705' title='bbox 2319 4475 2386 4528; x_wconf 90' lang='lat' dir='ltr'><strong>de</strong></span> <span class='ocrx_word' id='word_1_706' title='bbox 2411 4475 2595 4544; x_wconf 88' lang='lat' dir='ltr'><strong>scipso</strong></span> <span class='ocrx_word' id='word_1_707' title='bbox 2632 4489 2873 4544; x_wconf 82' lang='lat' dir='ltr'><strong>unquam</strong></span> <span class='ocrx_word' id='word_1_708' title='bbox 2897 4475 3161 4537; x_wconf 86' lang='lat' dir='ltr'><strong>Verbum,</strong></span> <span class='ocrx_word' id='word_1_709' title='bbox 3191 4490 3223 4528; x_wconf 88' lang='grc' dir='ltr'><strong>ο</strong></span> <span class='ocrx_word' id='word_1_710' title='bbox 3253 4473 3474 4536; x_wconf 77' lang='lat' dir='ltr'><strong>fratres;</strong></span> 
     </span>
    </p>
   </div>
   <div class='ocr_carea' id='block_1_92' title="bbox 209 4557 3481 4635">
    <p class='ocr_par' dir='ltr' id='par_1_92' title="bbox 209 4557 3481 4635">
     <span class='ocr_line' id='line_1_92' title="bbox 209 4557 3481 4635; baseline 0.003 -30"><span class='ocrx_word' id='word_1_711' title='bbox 209 4564 294 4605; x_wconf 75' lang='lat' dir='ltr'><strong>cur</strong></span> <span class='ocrx_word' id='word_1_712' title='bbox 342 4569 472 4626; x_wconf 74' lang='lat' dir='ltr'><strong>ergo</strong></span> <span class='ocrx_word' id='word_1_713' title='bbox 525 4567 778 4613; x_wconf 86' lang='lat' dir='ltr'><strong>vestrum</strong></span> <span class='ocrx_word' id='word_1_714' title='bbox 833 4567 916 4612; x_wconf 80' lang='lat' dir='ltr'><strong>est</strong></span> <span class='ocrx_word' id='word_1_715' title='bbox 987 4557 1056 4613; x_wconf 89' lang='lat' dir='ltr'><strong>de</strong></span> <span class='ocrx_word' id='word_1_716' title='bbox 1106 4557 1330 4613; x_wconf 80' lang='lat' dir='ltr'><strong>Christo</strong></span> <span class='ocrx_word' id='word_1_717' title='bbox 1381 4557 1711 4613; x_wconf 83' lang='lat' dir='ltr'><strong>calumniari</strong></span> <span class='ocrx_word' id='word_1_718' title='bbox 1756 4573 1818 4616; x_wconf 93' lang='lat' dir='ltr'><strong>ut</strong></span> <span class='ocrx_word' id='word_1_719' title='bbox 1885 4566 2221 4635; x_wconf 89' lang='lat' dir='ltr'><strong>particulare</strong></span> <span class='ocrx_word' id='word_1_720' title='bbox 2265 4567 2320 4619; x_wconf 91' lang='lat' dir='ltr'><strong>in</strong></span> <span class='ocrx_word' id='word_1_721' title='bbox 2374 4566 2475 4620; x_wconf 87' lang='lat' dir='ltr'><strong>hac</strong></span> <span class='ocrx_word' id='word_1_722' title='bbox 2531 4567 2839 4634; x_wconf 68' lang='lat' dir='ltr'><strong>qumstione</strong></span> <span class='ocrx_word' id='word_1_723' title='bbox 2899 4565 3276 4627; x_wconf 76' lang='lat' dir='ltr'><strong>stabilimnus,</strong></span> <span class='ocrx_word' id='word_1_724' title='bbox 3329 4563 3481 4633; x_wconf 74' lang='lat' dir='ltr'><strong>quod</strong></span> 
     </span>
    </p>
   </div>
   <div class='ocr_carea' id='block_1_93' title="bbox 209 4652 1346 4726">
    <p class='ocr_par' dir='ltr' id='par_1_93' title="bbox 209 4652 1346 4726">
     <span class='ocr_line' id='line_1_93' title="bbox 209 4652 1346 4726; baseline 0.004 -25"><span class='ocrx_word' id='word_1_725' title='bbox 209 4659 232 4696; x_wconf 75' lang='grc' dir='ltr'><strong>ε</strong></span> <span class='ocrx_word' id='word_1_726' title='bbox 264 4659 404 4716; x_wconf 84' lang='lat' dir='ltr'><strong>parte</strong></span> <span class='ocrx_word' id='word_1_727' title='bbox 453 4663 654 4726; x_wconf 82' lang='lat' dir='ltr'><strong>nostra</strong></span> <span class='ocrx_word' id='word_1_728' title='bbox 685 4652 1050 4722; x_wconf 78' lang='lat' dir='ltr'><strong>ignorantiam</strong></span> <span class='ocrx_word' id='word_1_729' title='bbox 1102 4652 1346 4721; x_wconf 81' lang='lat' dir='ltr'><strong>prodat?</strong></span> 
     </span>
    </p>
   </div>
   <div class='ocr_carea' id='block_1_94' title="bbox 272 4743 1776 4818">
    <p class='ocr_par' dir='ltr' id='par_1_94' title="bbox 272 4743 1776 4817">
     <span class='ocr_line' id='line_1_94' title="bbox 272 4743 1776 4817; baseline 0.003 -23"><span class='ocrx_word' id='word_1_730' title='bbox 272 4749 375 4807; x_wconf 85' lang='grc' dir='ltr'>μα’.</span> <span class='ocrx_word' id='word_1_731' title='bbox 420 4746 541 4797; x_wconf 81' lang='grc' dir='ltr'>Ἔτι</span> <span class='ocrx_word' id='word_1_732' title='bbox 593 4748 627 4813; x_wconf 79' lang='grc' dir='ltr'>ἡ</span> <span class='ocrx_word' id='word_1_733' title='bbox 683 4745 847 4812; x_wconf 86' lang='grc' dir='ltr'>φύσις</span> <span class='ocrx_word' id='word_1_734' title='bbox 885 4747 918 4815; x_wconf 79' lang='grc' dir='ltr'>ἡ</span> <span class='ocrx_word' id='word_1_735' title='bbox 971 4745 1091 4798; x_wconf 82' lang='grc' dir='ltr'>Θεία</span> <span class='ocrx_word' id='word_1_736' title='bbox 1140 4747 1320 4815; x_wconf 74' lang='grc' dir='ltr'>πάντη</span> <span class='ocrx_word' id='word_1_737' title='bbox 1369 4748 1554 4817; x_wconf 76' lang='grc' dir='ltr'><strong>ἁπλῆ⁹</strong></span> <span class='ocrx_word' id='word_1_738' title='bbox 1600 4748 1632 4816; x_wconf 79' lang='grc' dir='ltr'><strong>ἡ</strong></span> <span class='ocrx_word' id='word_1_739' title='bbox 1683 4743 1776 4798; x_wconf 75' lang='grc' dir='ltr'>οὖν</span> 
     </span>
    </p>
   </div>
   <div class='ocr_carea' id='block_1_95' title="bbox 1880 4743 3480 4818">
    <p class='ocr_par' dir='ltr' id='par_1_95' title="bbox 1955 4745 3480 4818">
     <span class='ocr_line' id='line_1_95' title="bbox 1955 4745 3480 4818; baseline 0.006 -20"><span class='ocrx_word' id='word_1_740' title='bbox 1955 4745 2043 4798; x_wconf 71' lang='grc'><strong>41.</strong></span> <span class='ocrx_word' id='word_1_741' title='bbox 2087 4745 2284 4800; x_wconf 83' lang='lat' dir='ltr'><strong>Adhuc</strong></span> <span class='ocrx_word' id='word_1_742' title='bbox 2334 4755 2532 4800; x_wconf 83' lang='lat' dir='ltr'><strong>natura</strong></span> <span class='ocrx_word' id='word_1_743' title='bbox 2567 4747 2751 4800; x_wconf 86' lang='lat' dir='ltr'><strong>divina</strong></span> <span class='ocrx_word' id='word_1_744' title='bbox 2797 4763 3027 4817; x_wconf 90' lang='lat' dir='ltr'><strong>prorsus</strong></span> <span class='ocrx_word' id='word_1_745' title='bbox 3078 4749 3346 4818; x_wconf 85' lang='lat' dir='ltr'><strong>simplex:</strong></span> <span class='ocrx_word' id='word_1_746' title='bbox 3383 4769 3480 4807; x_wconf 77' lang='lat' dir='ltr'><strong>na—</strong></span> 
     </span>
    </p>
   </div>
   <div class='ocr_carea' id='block_1_96' title="bbox 211 4831 1781 4908">
    <p class='ocr_par' dir='ltr' id='par_1_96' title="bbox 211 4831 1781 4908">
     <span class='ocr_line' id='line_1_96' title="bbox 211 4831 1781 4908; baseline 0.005 -26"><span class='ocrx_word' id='word_1_747' title='bbox 211 4833 350 4896; x_wconf 73' lang='grc' dir='ltr'>φύσις</span> <span class='ocrx_word' id='word_1_748' title='bbox 395 4837 464 4904; x_wconf 63' lang='grc' dir='ltr'>ἦα</span> <span class='ocrx_word' id='word_1_749' title='bbox 514 4854 662 4904; x_wconf 80' lang='grc' dir='ltr'>φατε</span> <span class='ocrx_word' id='word_1_750' title='bbox 716 4837 846 4904; x_wconf 87' lang='grc' dir='ltr'>μίαν</span> <span class='ocrx_word' id='word_1_751' title='bbox 895 4831 1033 4889; x_wconf 75' lang='grc' dir='ltr'>εἶναι</span> <span class='ocrx_word' id='word_1_752' title='bbox 1083 4837 1176 4889; x_wconf 87' lang='grc' dir='ltr'><strong>τοῦ</strong></span> <span class='ocrx_word' id='word_1_753' title='bbox 1228 4840 1490 4908; x_wconf 86' lang='grc' dir='ltr'>Χριστοῦ.</span> <span class='ocrx_word' id='word_1_754' title='bbox 1525 4837 1781 4899; x_wconf 70' lang='grc' dir='ltr'>σύνθετός</span> 
     </span>
    </p>
   </div>
   <div class='ocr_carea' id='block_1_97' title="bbox 207 4923 1782 4999">
    <p class='ocr_par' dir='ltr' id='par_1_97' title="bbox 207 4923 1782 4999">
     <span class='ocr_line' id='line_1_97' title="bbox 207 4923 1782 4999; baseline 0.006 -27"><span class='ocrx_word' id='word_1_755' title='bbox 207 4923 358 4988; x_wconf 76' lang='grc' dir='ltr'>ἐστιν,</span> <span class='ocrx_word' id='word_1_756' title='bbox 414 4926 445 4996; x_wconf 76' lang='grc' dir='ltr'>ἢ</span> <span class='ocrx_word' id='word_1_757' title='bbox 485 4928 674 4996; x_wconf 76' lang='grc' dir='ltr'>ἁπλῆς</span> <span class='ocrx_word' id='word_1_758' title='bbox 707 4927 769 4979; x_wconf 82' lang='grc' dir='ltr'><strong>ει</strong></span> <span class='ocrx_word' id='word_1_759' title='bbox 809 4927 908 4995; x_wconf 85' lang='grc' dir='ltr'>μὲν</span> <span class='ocrx_word' id='word_1_760' title='bbox 930 4924 1022 4980; x_wconf 74' lang='grc' dir='ltr'>οὖν</span> <span class='ocrx_word' id='word_1_761' title='bbox 1068 4929 1238 4999; x_wconf 80' lang='grc' dir='ltr'>ἁπλῆ,</span> <span class='ocrx_word' id='word_1_762' title='bbox 1281 4930 1398 4991; x_wconf 79' lang='grc' dir='ltr'>πῶς</span> <span class='ocrx_word' id='word_1_763' title='bbox 1453 4930 1703 4992; x_wconf 83' lang='grc' dir='ltr'>σύνθετος</span> <span class='ocrx_word' id='word_1_764' title='bbox 1754 4931 1782 4981; x_wconf 87' lang='grc' dir='ltr'><strong>ό</strong></span> 
     </span>
    </p>
   </div>
   <div class='ocr_carea' id='block_1_98' title="bbox 210 5013 1780 5091">
    <p class='ocr_par' dir='ltr' id='par_1_98' title="bbox 210 5013 1780 5091">
     <span class='ocr_line' id='line_1_98' title="bbox 210 5013 1780 5091; baseline -0.006 -8"><span class='ocrx_word' id='word_1_765' title='bbox 210 5013 450 5084; x_wconf 77' lang='grc' dir='ltr'>Χριστός;</span> <span class='ocrx_word' id='word_1_766' title='bbox 488 5022 543 5073; x_wconf 84' lang='grc' dir='ltr'>ει</span> <span class='ocrx_word' id='word_1_767' title='bbox 593 5022 655 5073; x_wconf 69' lang='grc' dir='ltr'>δι</span> <span class='ocrx_word' id='word_1_768' title='bbox 702 5020 957 5084; x_wconf 79' lang='grc' dir='ltr'>σύνθετος</span> <span class='ocrx_word' id='word_1_769' title='bbox 986 5023 1020 5091; x_wconf 84' lang='grc' dir='ltr'><strong>ἡ</strong></span> <span class='ocrx_word' id='word_1_770' title='bbox 1052 5021 1214 5090; x_wconf 82' lang='grc' dir='ltr'>φύσις</span> <span class='ocrx_word' id='word_1_771' title='bbox 1238 5023 1427 5087; x_wconf 77' lang='grc' dir='ltr'>αὐτοῦ,</span> <span class='ocrx_word' id='word_1_772' title='bbox 1473 5023 1588 5087; x_wconf 81' lang='grc' dir='ltr'>πῶς</span> <span class='ocrx_word' id='word_1_773' title='bbox 1625 5022 1780 5087; x_wconf 77' lang='grc' dir='ltr'>θείας</span> 
     </span>
    </p>
   </div>
   <div class='ocr_carea' id='block_1_99' title="bbox 209 5106 1782 5184">
    <p class='ocr_par' dir='ltr' id='par_1_99' title="bbox 209 5106 1782 5184">
     <span class='ocr_line' id='line_1_99' title="bbox 209 5106 1782 5184; baseline 0.007 -30"><span class='ocrx_word' id='word_1_774' title='bbox 209 5106 394 5162; x_wconf 71' lang='grc' dir='ltr'>Οὐκοῦν</span> <span class='ocrx_word' id='word_1_775' title='bbox 431 5113 662 5183; x_wconf 76' lang='grc' dir='ltr'>άληθῶς</span> <span class='ocrx_word' id='word_1_776' title='bbox 721 5113 820 5183; x_wconf 85' lang='grc' dir='ltr'><strong>μία</strong></span> <span class='ocrx_word' id='word_1_777' title='bbox 872 5114 971 5182; x_wconf 80' lang='grc' dir='ltr'>μὲν</span> <span class='ocrx_word' id='word_1_778' title='bbox 1013 5114 1266 5177; x_wconf 86' lang='grc' dir='ltr'>σύνθετος</span> <span class='ocrx_word' id='word_1_779' title='bbox 1307 5118 1427 5178; x_wconf 80' lang='grc' dir='ltr'>ταῖς</span> <span class='ocrx_word' id='word_1_780' title='bbox 1479 5115 1705 5184; x_wconf 88' lang='grc' dir='ltr'>φύσεσιν</span> <span class='ocrx_word' id='word_1_781' title='bbox 1749 5116 1782 5184; x_wconf 80' lang='grc' dir='ltr'>ἡ</span> 
     </span>
    </p>
   </div>
   <div class='ocr_carea' id='block_1_100' title="bbox 209 5198 1782 5277">
    <p class='ocr_par' dir='ltr' id='par_1_100' title="bbox 209 5198 1782 5277">
     <span class='ocr_line' id='line_1_100' title="bbox 209 5198 1782 5277; baseline 0.006 -29"><span class='ocrx_word' id='word_1_782' title='bbox 209 5198 488 5267; x_wconf 71' lang='grc' dir='ltr'>ὑπόστασις</span> <span class='ocrx_word' id='word_1_783' title='bbox 521 5248 534 5267; x_wconf 83' lang='grc'><strong>,</strong></span> <span class='ocrx_word' id='word_1_784' title='bbox 587 5204 688 5258; x_wconf 84' lang='grc' dir='ltr'><strong>δύο</strong></span> <span class='ocrx_word' id='word_1_785' title='bbox 736 5206 792 5256; x_wconf 81' lang='grc' dir='ltr'>δὲ</span> <span class='ocrx_word' id='word_1_786' title='bbox 845 5206 900 5257; x_wconf 82' lang='grc' dir='ltr'>αἱ</span> <span class='ocrx_word' id='word_1_787' title='bbox 948 5204 1140 5273; x_wconf 79' lang='grc' dir='ltr'>φύσεις</span> <span class='ocrx_word' id='word_1_788' title='bbox 1178 5205 1274 5258; x_wconf 73' lang='grc' dir='ltr'><strong>τοῦ</strong></span> <span class='ocrx_word' id='word_1_789' title='bbox 1308 5206 1580 5259; x_wconf 84' lang='grc' dir='ltr'>Δεσπότου</span> <span class='ocrx_word' id='word_1_790' title='bbox 1625 5206 1782 5277; x_wconf 74' lang='grc' dir='ltr'>ἡμῶν</span> 
     </span>
    </p>
   </div>
   <div class='ocr_carea' id='block_1_101' title="bbox 206 5287 1025 5363">
    <p class='ocr_par' dir='ltr' id='par_1_101' title="bbox 206 5287 1025 5363">
     <span class='ocr_line' id='line_1_101' title="bbox 206 5287 1025 5363; baseline 0.009 -22"><span class='ocrx_word' id='word_1_791' title='bbox 206 5287 422 5361; x_wconf 82' lang='grc' dir='ltr'>Χριστοῦ</span> <span class='ocrx_word' id='word_1_792' title='bbox 449 5297 543 5348; x_wconf 84' lang='grc' dir='ltr'><strong>τοῦ</strong></span> <span class='ocrx_word' id='word_1_793' title='bbox 572 5295 838 5363; x_wconf 72' lang='grc' dir='ltr'>ἀληθινοῦ</span> <span class='ocrx_word' id='word_1_794' title='bbox 866 5296 1025 5348; x_wconf 84' lang='grc' dir='ltr'>Θεοῦ.</span> 
     </span>
    </p>
   </div>
   <div class='ocr_carea' id='block_1_102' title="bbox 266 5383 1778 5456">
    <p class='ocr_par' dir='ltr' id='par_1_102' title="bbox 266 5383 1778 5456">
     <span class='ocr_line' id='line_1_102' title="bbox 266 5383 1778 5456; baseline 0.001 -19"><span class='ocrx_word' id='word_1_795' title='bbox 266 5383 365 5451; x_wconf 53' lang='grc' dir='ltr'>μβῖ</span> <span class='ocrx_word' id='word_1_796' title='bbox 411 5386 474 5438; x_wconf 83' lang='grc' dir='ltr'>Εἰ</span> <span class='ocrx_word' id='word_1_797' title='bbox 513 5387 654 5456; x_wconf 86' lang='grc' dir='ltr'>μίαν</span> <span class='ocrx_word' id='word_1_798' title='bbox 698 5386 865 5455; x_wconf 84' lang='grc' dir='ltr'>φύσιν</span> <span class='ocrx_word' id='word_1_799' title='bbox 891 5385 987 5438; x_wconf 85' lang='grc' dir='ltr'><strong>τοῦ</strong></span> <span class='ocrx_word' id='word_1_800' title='bbox 1025 5385 1161 5438; x_wconf 87' lang='grc' dir='ltr'>Θεοῦ</span> <span class='ocrx_word' id='word_1_801' title='bbox 1204 5387 1382 5453; x_wconf 82' lang='grc' dir='ltr'>Λόγου</span> <span class='ocrx_word' id='word_1_802' title='bbox 1425 5386 1778 5456; x_wconf 84' lang='grc' dir='ltr'>σεσαρκωμὲ-</span> 
     </span>
    </p>
   </div>
   <div class='ocr_carea' id='block_1_103' title="bbox 205 5477 1782 5547">
    <p class='ocr_par' dir='ltr' id='par_1_103' title="bbox 205 5477 1782 5547">
     <span class='ocr_line' id='line_1_103' title="bbox 205 5477 1782 5547; baseline 0.003 -21"><span class='ocrx_word' id='word_1_803' title='bbox 205 5489 282 5526; x_wconf 75' lang='grc' dir='ltr'><strong>νου</strong></span> <span class='ocrx_word' id='word_1_804' title='bbox 311 5479 402 5529; x_wconf 80' lang='grc' dir='ltr'><strong>καί</strong></span> <span class='ocrx_word' id='word_1_805' title='bbox 432 5480 493 5529; x_wconf 79' lang='grc' dir='ltr'><strong>ού</strong></span> <span class='ocrx_word' id='word_1_806' title='bbox 526 5479 972 5547; x_wconf 79' lang='grc' dir='ltr'>σεσαρκωμένην</span> <span class='ocrx_word' id='word_1_807' title='bbox 1004 5478 1233 5544; x_wconf 72' lang='grc' dir='ltr'>εἴποιτε,</span> <span class='ocrx_word' id='word_1_808' title='bbox 1289 5478 1404 5540; x_wconf 81' lang='grc' dir='ltr'>πῶς</span> <span class='ocrx_word' id='word_1_809' title='bbox 1432 5478 1492 5531; x_wconf 88' lang='grc' dir='ltr'><strong>ού</strong></span> <span class='ocrx_word' id='word_1_810' title='bbox 1534 5477 1782 5546; x_wconf 81' lang='grc' dir='ltr'>φανερῶς</span> 
     </span>
    </p>
   </div>
   <div class='ocr_carea' id='block_1_104' title="bbox 202 5568 1784 5643">
    <p class='ocr_par' dir='ltr' id='par_1_104' title="bbox 202 5568 1784 5643">
     <span class='ocr_line' id='line_1_104' title="bbox 202 5568 1784 5643; baseline -0.001 -21"><span class='ocrx_word' id='word_1_811' title='bbox 202 5568 287 5634; x_wconf 74' lang='grc' dir='ltr'>τὴν</span> <span class='ocrx_word' id='word_1_812' title='bbox 331 5572 612 5643; x_wconf 80' lang='grc' dir='ltr'>πατρικὴν</span> <span class='ocrx_word' id='word_1_813' title='bbox 678 5569 1033 5624; x_wconf 86' lang='grc' dir='ltr'>διδασκαλίαν</span> <span class='ocrx_word' id='word_1_814' title='bbox 1093 5570 1551 5642; x_wconf 78' lang='grc' dir='ltr'>παραχαράξετες</span> <span class='ocrx_word' id='word_1_815' title='bbox 1625 5569 1696 5620; x_wconf 86' lang='grc' dir='ltr'>εί·</span> <span class='ocrx_word' id='word_1_816' title='bbox 1726 5569 1784 5621; x_wconf 74' lang='grc' dir='ltr'>δὲ</span> 
     </span>
    </p>
   </div>
   <div class='ocr_carea' id='block_1_105' title="bbox 206 5661 1783 5734">
    <p class='ocr_par' dir='ltr' id='par_1_105' title="bbox 206 5661 1783 5734">
     <span class='ocr_line' id='line_1_105' title="bbox 206 5661 1783 5734; baseline 0.004 -28"><span class='ocrx_word' id='word_1_817' title='bbox 206 5665 625 5734; x_wconf 77' lang='grc' dir='ltr'>σεσαρκωμένην</span> <span class='ocrx_word' id='word_1_818' title='bbox 687 5663 1030 5732; x_wconf 80' lang='grc' dir='ltr'>ὁμολογεῖτε,</span> <span class='ocrx_word' id='word_1_819' title='bbox 1074 5664 1168 5716; x_wconf 76' lang='grc' dir='ltr'>καὶ</span> <span class='ocrx_word' id='word_1_820' title='bbox 1235 5664 1296 5725; x_wconf 66' lang='grc' dir='ltr'><strong>ού</strong></span> <span class='ocrx_word' id='word_1_821' title='bbox 1358 5661 1783 5733; x_wconf 82' lang='grc' dir='ltr'>σεσαρκωμένου</span> 
     </span>
    </p>
   </div>
   <div class='ocr_carea' id='block_1_106' title="bbox 261 5819 1813 5892">
    <p class='ocr_par' dir='ltr' id='par_1_106' title="bbox 261 5819 1813 5892">
     <span class='ocr_line' id='line_1_106' title="bbox 261 5819 1813 5892; baseline -0.002 -16"><span class='ocrx_word' id='word_1_822' title='bbox 261 5823 278 5850; x_wconf 85' lang='grc'>⁸</span> <span class='ocrx_word' id='word_1_823' title='bbox 316 5823 823 5892; x_wconf 71' lang='lat' dir='ltr'><strong>Ephes.t,l9,20.&#39;</strong></span> <span class='ocrx_word' id='word_1_824' title='bbox 866 5822 1004 5876; x_wconf 83' lang='lat' dir='ltr'><strong>Psal.</strong></span> <span class='ocrx_word' id='word_1_825' title='bbox 1052 5839 1126 5876; x_wconf 80' lang='lat' dir='ltr'><strong>Ill.</strong></span> <span class='ocrx_word' id='word_1_826' title='bbox 1163 5822 1216 5875; x_wconf 78' lang='lat' dir='ltr'><strong>C.</strong></span> <span class='ocrx_word' id='word_1_827' title='bbox 1299 5822 1315 5852; x_wconf 79' lang='grc'><strong>’⁵</strong></span> <span class='ocrx_word' id='word_1_828' title='bbox 1373 5819 1504 5872; x_wconf 63' lang='grc' dir='ltr'><strong>ϐαίη.</strong></span> <span class='ocrx_word' id='word_1_829' title='bbox 1567 5835 1723 5882; x_wconf 72' lang='lat' dir='ltr'><strong>XLIX,</strong></span> <span class='ocrx_word' id='word_1_830' title='bbox 1759 5819 1813 5874; x_wconf 88' lang='lat'><strong>9.</strong></span> 
     </span>
    </p>
   </div>
   <div class='ocr_carea' id='block_1_107' title="bbox 1888 4837 3481 4913">
    <p class='ocr_par' dir='ltr' id='par_1_107' title="bbox 1888 4837 3481 4913">
     <span class='ocr_line' id='line_1_107' title="bbox 1888 4837 3481 4913; baseline 0.004 -22"><span class='ocrx_word' id='word_1_831' title='bbox 1888 4846 2010 4891; x_wconf 88' lang='lat' dir='ltr'><strong>tura</strong></span> <span class='ocrx_word' id='word_1_832' title='bbox 2054 4851 2185 4906; x_wconf 78' lang='lat' dir='ltr'><strong>ergo</strong></span> <span class='ocrx_word' id='word_1_833' title='bbox 2213 4852 2376 4906; x_wconf 90' lang='lat' dir='ltr'><strong>quam</strong></span> <span class='ocrx_word' id='word_1_834' title='bbox 2421 4837 2608 4891; x_wconf 91' lang='lat' dir='ltr'><strong>dicitis</strong></span> <span class='ocrx_word' id='word_1_835' title='bbox 2636 4854 2800 4891; x_wconf 91' lang='lat' dir='ltr'><strong>unam</strong></span> <span class='ocrx_word' id='word_1_836' title='bbox 2840 4853 2961 4892; x_wconf 85' lang='lat' dir='ltr'><strong>esse</strong></span> <span class='ocrx_word' id='word_1_837' title='bbox 2991 4839 3224 4906; x_wconf 84' lang='lat' dir='ltr'><strong>Christi,</strong></span> <span class='ocrx_word' id='word_1_838' title='bbox 3252 4843 3481 4913; x_wconf 77' lang='lat' dir='ltr'><strong>compo-</strong></span> 
     </span>
    </p>
   </div>
   <div class='ocr_carea' id='block_1_108' title="bbox 1889 4927 3483 5002">
    <p class='ocr_par' dir='ltr' id='par_1_108' title="bbox 1889 4927 3483 5002">
     <span class='ocr_line' id='line_1_108' title="bbox 1889 4927 3483 5002; baseline 0.006 -22"><span class='ocrx_word' id='word_1_839' title='bbox 1889 4927 1995 4981; x_wconf 86' lang='lat' dir='ltr'><strong>sita</strong></span> <span class='ocrx_word' id='word_1_840' title='bbox 2023 4935 2130 4989; x_wconf 88' lang='lat' dir='ltr'><strong>est,</strong></span> <span class='ocrx_word' id='word_1_841' title='bbox 2177 4944 2244 4981; x_wconf 87' lang='lat' dir='ltr'><strong>an</strong></span> <span class='ocrx_word' id='word_1_842' title='bbox 2269 4928 2540 4997; x_wconf 81' lang='lat' dir='ltr'><strong>simplex?</strong></span> <span class='ocrx_word' id='word_1_843' title='bbox 2575 4929 2630 4983; x_wconf 92' lang='lat' dir='ltr'><strong>Si</strong></span> <span class='ocrx_word' id='word_1_844' title='bbox 2666 4930 2899 4998; x_wconf 83' lang='lat' dir='ltr'><strong>simplex</strong></span> <span class='ocrx_word' id='word_1_845' title='bbox 2925 4931 3174 5000; x_wconf 81' lang='lat' dir='ltr'><strong>quidem,</strong></span> <span class='ocrx_word' id='word_1_846' title='bbox 3199 4935 3483 5002; x_wconf 83' lang='lat' dir='ltr'><strong>quomodo</strong></span> 
     </span>
    </p>
   </div>
   <div class='ocr_carea' id='block_1_109' title="bbox 1890 5019 3480 5093">
    <p class='ocr_par' dir='ltr' id='par_1_109' title="bbox 1890 5019 3480 5093">
     <span class='ocr_line' id='line_1_109' title="bbox 1890 5019 3480 5093; baseline 0.006 -20"><span class='ocrx_word' id='word_1_847' title='bbox 1890 5019 2230 5088; x_wconf 84' lang='lat' dir='ltr'><strong>compositus</strong></span> <span class='ocrx_word' id='word_1_848' title='bbox 2271 5019 2570 5074; x_wconf 85' lang='lat' dir='ltr'><strong>Christus?</strong></span> <span class='ocrx_word' id='word_1_849' title='bbox 2619 5020 2676 5075; x_wconf 87' lang='lat' dir='ltr'><strong>Si</strong></span> <span class='ocrx_word' id='word_1_850' title='bbox 2726 5037 2859 5076; x_wconf 83' lang='lat' dir='ltr'><strong>vero</strong></span> <span class='ocrx_word' id='word_1_851' title='bbox 2914 5025 3220 5093; x_wconf 82' lang='lat' dir='ltr'><strong>composita</strong></span> <span class='ocrx_word' id='word_1_852' title='bbox 3281 5036 3480 5081; x_wconf 75' lang='lat' dir='ltr'><strong>natura</strong></span> 
     </span>
    </p>
   </div>
   <div class='ocr_carea' id='block_1_110' title="bbox 1889 5112 3480 5184">
    <p class='ocr_par' dir='ltr' id='par_1_110' title="bbox 1889 5112 3480 5184">
     <span class='ocr_line' id='line_1_110' title="bbox 1889 5112 3480 5184; baseline 0.004 -18"><span class='ocrx_word' id='word_1_853' title='bbox 1889 5112 2029 5180; x_wconf 88' lang='lat' dir='ltr'><strong>ejus,</strong></span> <span class='ocrx_word' id='word_1_854' title='bbox 2078 5112 2357 5182; x_wconf 88' lang='lat' dir='ltr'><strong>quomodo</strong></span> <span class='ocrx_word' id='word_1_855' title='bbox 2389 5113 2618 5166; x_wconf 88' lang='lat' dir='ltr'><strong>divina?</strong></span> <span class='ocrx_word' id='word_1_856' title='bbox 2650 5113 2791 5183; x_wconf 79' lang='lat' dir='ltr'><strong>Ergo</strong></span> <span class='ocrx_word' id='word_1_857' title='bbox 2823 5130 2956 5168; x_wconf 88' lang='lat' dir='ltr'><strong>vero</strong></span> <span class='ocrx_word' id='word_1_858' title='bbox 2997 5132 3100 5172; x_wconf 90' lang='lat' dir='ltr'><strong>una</strong></span> <span class='ocrx_word' id='word_1_859' title='bbox 3128 5115 3350 5184; x_wconf 89' lang='lat' dir='ltr'><strong>quidem</strong></span> <span class='ocrx_word' id='word_1_860' title='bbox 3383 5133 3480 5172; x_wconf 89' lang='lat' dir='ltr'><strong>na-</strong></span> 
     </span>
    </p>
   </div>
   <div class='ocr_carea' id='block_1_111' title="bbox 1891 5205 3479 5273">
    <p class='ocr_par' dir='ltr' id='par_1_111' title="bbox 1891 5205 3479 5273">
     <span class='ocr_line' id='line_1_111' title="bbox 1891 5205 3479 5273; baseline 0.004 -16"><span class='ocrx_word' id='word_1_861' title='bbox 1891 5206 2031 5258; x_wconf 91' lang='lat' dir='ltr'><strong>turis</strong></span> <span class='ocrx_word' id='word_1_862' title='bbox 2089 5205 2395 5273; x_wconf 88' lang='lat' dir='ltr'><strong>composita</strong></span> <span class='ocrx_word' id='word_1_863' title='bbox 2447 5206 2835 5271; x_wconf 77' lang='lat' dir='ltr'><strong>subsistentia,</strong></span> <span class='ocrx_word' id='word_1_864' title='bbox 2905 5207 3027 5262; x_wconf 78' lang='lat' dir='ltr'><strong>duce</strong></span> <span class='ocrx_word' id='word_1_865' title='bbox 3077 5224 3206 5263; x_wconf 89' lang='lat' dir='ltr'><strong>vero</strong></span> <span class='ocrx_word' id='word_1_866' title='bbox 3257 5209 3479 5264; x_wconf 85' lang='lat' dir='ltr'><strong>Domini</strong></span> 
     </span>
    </p>
   </div>
   <div class='ocr_carea' id='block_1_112' title="bbox 1889 5293 2913 5363">
    <p class='ocr_par' dir='ltr' id='par_1_112' title="bbox 1889 5293 2913 5363">
     <span class='ocr_line' id='line_1_112' title="bbox 1889 5293 2913 5363; baseline 0.002 -15"><span class='ocrx_word' id='word_1_867' title='bbox 1889 5294 2064 5348; x_wconf 89' lang='lat' dir='ltr'><strong>nostri</strong></span> <span class='ocrx_word' id='word_1_868' title='bbox 2111 5293 2318 5349; x_wconf 89' lang='lat' dir='ltr'><strong>Christi</strong></span> <span class='ocrx_word' id='word_1_869' title='bbox 2362 5297 2477 5350; x_wconf 87' lang='lat' dir='ltr'><strong>veri</strong></span> <span class='ocrx_word' id='word_1_870' title='bbox 2523 5297 2640 5363; x_wconf 89' lang='lat' dir='ltr'><strong>Dei,</strong></span> <span class='ocrx_word' id='word_1_871' title='bbox 2678 5308 2913 5352; x_wconf 67' lang='lat' dir='ltr'><strong>naturae.</strong></span> 
     </span>
    </p>
   </div>
   <div class='ocr_carea' id='block_1_113' title="bbox 1960 5385 3480 5453">
    <p class='ocr_par' dir='ltr' id='par_1_113' title="bbox 1960 5385 3480 5453">
     <span class='ocr_line' id='line_1_113' title="bbox 1960 5385 3480 5453; baseline 0.001 -13"><span class='ocrx_word' id='word_1_872' title='bbox 1960 5387 2049 5440; x_wconf 63' lang='grc' dir='ltr'><strong>Η.</strong></span> <span class='ocrx_word' id='word_1_873' title='bbox 2091 5386 2146 5440; x_wconf 89' lang='lat' dir='ltr'><strong>Si</strong></span> <span class='ocrx_word' id='word_1_874' title='bbox 2192 5385 2410 5443; x_wconf 87' lang='lat' dir='ltr'><strong>unicam</strong></span> <span class='ocrx_word' id='word_1_875' title='bbox 2443 5396 2697 5441; x_wconf 88' lang='lat' dir='ltr'><strong>naturam</strong></span> <span class='ocrx_word' id='word_1_876' title='bbox 2740 5387 2837 5441; x_wconf 88' lang='lat' dir='ltr'><strong>Dei</strong></span> <span class='ocrx_word' id='word_1_877' title='bbox 2873 5388 3035 5441; x_wconf 77' lang='lat' dir='ltr'><strong>Verbi</strong></span> <span class='ocrx_word' id='word_1_878' title='bbox 3092 5388 3386 5453; x_wconf 87' lang='lat' dir='ltr'><strong>inearnati,</strong></span> <span class='ocrx_word' id='word_1_879' title='bbox 3422 5400 3480 5443; x_wconf 86' lang='lat' dir='ltr'><strong>et</strong></span> 
     </span>
    </p>
   </div>
   <div class='ocr_carea' id='block_1_114' title="bbox 1888 5477 3480 5549">
    <p class='ocr_par' dir='ltr' id='par_1_114' title="bbox 1888 5477 3480 5549">
     <span class='ocr_line' id='line_1_114' title="bbox 1888 5477 3480 5549; baseline 0.003 -20"><span class='ocrx_word' id='word_1_880' title='bbox 1888 5492 1997 5530; x_wconf 93' lang='lat' dir='ltr'><strong>non</strong></span> <span class='ocrx_word' id='word_1_881' title='bbox 2017 5477 2361 5531; x_wconf 85' lang='lat' dir='ltr'><strong>incarnalum</strong></span> <span class='ocrx_word' id='word_1_882' title='bbox 2389 5478 2607 5542; x_wconf 87' lang='lat' dir='ltr'><strong>dicatis,</strong></span> <span class='ocrx_word' id='word_1_883' title='bbox 2627 5479 2905 5548; x_wconf 90' lang='lat' dir='ltr'><strong>quomodo</strong></span> <span class='ocrx_word' id='word_1_884' title='bbox 2917 5494 3026 5531; x_wconf 93' lang='lat' dir='ltr'><strong>non</strong></span> <span class='ocrx_word' id='word_1_885' title='bbox 3049 5488 3236 5549; x_wconf 88' lang='lat' dir='ltr'><strong>aperte</strong></span> <span class='ocrx_word' id='word_1_886' title='bbox 3251 5488 3480 5549; x_wconf 79' lang='lat' dir='ltr'><strong>paterna</strong></span> 
     </span>
    </p>
   </div>
   <div class='ocr_carea' id='block_1_115' title="bbox 1889 5570 3480 5627">
    <p class='ocr_par' dir='ltr' id='par_1_115' title="bbox 1889 5570 3480 5627">
     <span class='ocr_line' id='line_1_115' title="bbox 1889 5570 3480 5627; baseline 0.001 -4"><span class='ocrx_word' id='word_1_887' title='bbox 1889 5570 2220 5624; x_wconf 88' lang='lat' dir='ltr'><strong>documenta</strong></span> <span class='ocrx_word' id='word_1_888' title='bbox 2258 5571 2628 5625; x_wconf 86' lang='lat' dir='ltr'><strong>adulteratis?</strong></span> <span class='ocrx_word' id='word_1_889' title='bbox 2671 5572 2727 5626; x_wconf 90' lang='lat' dir='ltr'><strong>Si</strong></span> <span class='ocrx_word' id='word_1_890' title='bbox 2760 5572 3097 5627; x_wconf 84' lang='lat' dir='ltr'><strong>incarnalam</strong></span> <span class='ocrx_word' id='word_1_891' title='bbox 3133 5572 3480 5626; x_wconf 79' lang='lat' dir='ltr'><strong>confitemini</strong></span> 
     </span>
    </p>
   </div>
   <div class='ocr_carea' id='block_1_116' title="bbox 1891 5661 3480 5732">
    <p class='ocr_par' dir='ltr' id='par_1_116' title="bbox 1891 5661 3480 5732">
     <span class='ocr_line' id='line_1_116' title="bbox 1891 5661 3480 5732; baseline 0.001 -17"><span class='ocrx_word' id='word_1_892' title='bbox 1891 5670 1947 5715; x_wconf 87' lang='lat' dir='ltr'><strong>et</strong></span> <span class='ocrx_word' id='word_1_893' title='bbox 1979 5677 2088 5714; x_wconf 93' lang='lat' dir='ltr'><strong>non</strong></span> <span class='ocrx_word' id='word_1_894' title='bbox 2127 5662 2397 5716; x_wconf 86' lang='lat' dir='ltr'><strong>incarnati</strong></span> <span class='ocrx_word' id='word_1_895' title='bbox 2431 5663 2595 5717; x_wconf 75' lang='lat' dir='ltr'><strong>Verbi</strong></span> <span class='ocrx_word' id='word_1_896' title='bbox 2626 5663 2846 5717; x_wconf 89' lang='lat' dir='ltr'><strong>unicam</strong></span> <span class='ocrx_word' id='word_1_897' title='bbox 2881 5663 3086 5725; x_wconf 76' lang='lat' dir='ltr'><strong>dicitis,</strong></span> <span class='ocrx_word' id='word_1_898' title='bbox 3123 5672 3349 5732; x_wconf 91' lang='lat' dir='ltr'><strong>propter</strong></span> <span class='ocrx_word' id='word_1_899' title='bbox 3375 5661 3480 5716; x_wconf 89' lang='lat' dir='ltr'><strong>hoc</strong></span> 
     </span>
    </p>
   </div>
   <div class='ocr_carea' id='block_1_117' title="bbox 1948 5817 2451 5884">
    <p class='ocr_par' dir='ltr' id='par_1_117' title="bbox 1948 5817 2451 5884">
     <span class='ocr_line' id='line_1_117' title="bbox 1948 5817 2451 5884; baseline 0 -12"><span class='ocrx_word' id='word_1_900' title='bbox 1948 5823 1966 5850; x_wconf 83' lang='grc'>⁸</span> <span class='ocrx_word' id='word_1_901' title='bbox 2009 5821 2050 5874; x_wconf 87' lang='grc' dir='ltr'><strong>ΙΙ</strong></span> <span class='ocrx_word' id='word_1_902' title='bbox 2099 5817 2225 5874; x_wconf 85' lang='lat' dir='ltr'><strong>Cor.</strong></span> <span class='ocrx_word' id='word_1_903' title='bbox 2272 5837 2382 5884; x_wconf 74' lang='lat' dir='ltr'><strong>xm,</strong></span> <span class='ocrx_word' id='word_1_904' title='bbox 2421 5821 2451 5872; x_wconf 69' lang='grc' dir='ltr'><strong>ι</strong></span> 
     </span>
    </p>
   </div>
  </div>
