4102 6456
676 388 819 461 1775

1906 376 2217 462 LEon
2260 402 2660 463 BYZANTINI

3810 400 3943 471 Τῖό

679 522 735 566 ιιι
772 513 1009 569 visibilis
1037 522 1091 565 in
1115 512 1358 578 Christo,
1380 511 1710 583 cogitatione
1739 514 1923 569 sciunt
1953 530 2020 571 an
2050 516 2239 570 aliter?

2347 518 2405 569 ἐν
2438 518 2682 587 Χριστῷ,
2732 517 2947 589 ἐπινοίᾳ
2985 516 3171 571 ίσασιν
3200 517 3313 572 ἀλλ’
3338 518 3580 588 ἐτέρως;
3611 520 3674 573 Εἰ
3701 522 3798 590 μὲν
3828 518 3922 575 οὖν

682 605 736 658 Si
769 598 899 673 ergo
935 603 1157 673 quidem
1187 604 1378 660 eadem
1406 604 1741 675 cogitatione
1768 614 1833 679 et
1867 605 2239 661 diﬂ‘erentiam

680 696 862 750 sciunt
900 696 1181 766 physicam
1209 696 1262 749 in
1287 694 1505 760 eodem,
1538 694 1682 749 sicut
1709 694 1853 750 hanc
1883 695 2239 762 conﬁtentur,

680 797 732 841 et
764 788 914 841 illam
944 796 1209 857 cogentur
1236 806 1250 853 ;
1286 796 1381 842 aut
1409 786 1455 843 si
1489 788 1703 856 plasma
1746 796 1831 841 est
1864 787 1988 853 illa,
2015 795 2070 842 et
2101 788 2243 842 hanc

680 880 760 933 sic
788 894 910 933 esse
950 868 1161 942 dicent.
1186 878 1272 933 'Si
1302 894 1437 933 vero
1465 878 1859 932 diﬂ'erentiamr
1881 893 1992 932 non
2036 879 2245 950 cogita-

682 970 830 1022 tione
977 969 1235 1023 sensibus
1257 967 1611 1025 considerare
1646 968 1702 1022 in
1725 968 1831 1023 hac
1860 968 2122 1035 dixerint,
2154 968 2242 1023 in-

680 1060 896 1114 visibile
932 1075 1031 1129 per
1070 1074 1264 1114 sensus
1296 1059 1488 1117 videre
1526 1057 1888 1122 allirmantes,
1923 1060 2245 1117 admiratio-

681 1165 803 1204 nem
834 1150 1228 1219 provocabunt.
1254 1148 1311 1203 Si
1334 1140 1470 1204 véro
1492 1150 1824 1220 cogitatione
1848 1150 2010 1223 ambo
2030 1150 2240 1217 vident,

679 1241 774 1296 sed
807 1239 1175 1295 diﬂ'erentiam
1204 1240 1427 1310 quidem
1460 1249 1577 1295 arte
1607 1240 1890 1311 iudicandi
1925 1241 1995 1296 de
2021 1240 2244 1296 entibus

676 1343 733 1387 et
761 1331 1115 1401 concipiendi
1141 1332 1211 1386 de
1235 1332 1405 1401 rebus
1426 1347 1594 1400 supra
1621 1347 1837 1398 sensus,
1861 1332 2241 1402 duplicitatem

678 1432 975 1488 vero-arte
1038 1422 1381 1492 excogitandi
1420 1422 1489 1503 de
1535 1421 1713 1502 rebus/
1745 1437 1867 1493 quae
1911 1434 2021 1477 non
2082 1430 2239 1489 sunt;

676 1514 855 1583 primo
885 1514 1106 1583 quidem
1141 1529 1240 1567 cur
1266 1528 1376 1567 non
1410 1522 1466 1567 et
1503 1512 1693 1567 decem
1718 1523 1783 1568 et
1833 1514 2028 1584 viginti
2053 1522 2111 1568 et
2144 1515 2245 1569 tri-

674 1609 829 1675 ginta
890 1616 1116 1659 naturas
1165 1603 1422 1674 ﬁngimus
1458 1602 1513 1657 in
1556 1603 1802 1670 Christo,
1831 1604 1927 1660 sed
1954 1604 2089 1659 duas
2118 1614 2242 1660 tan~

677 1699 827 1752 tum?
855 1698 987 1764 Quis
1012 1713 1146 1752 vero
1171 1697 1354 1766 legem
1366 1694 1528 1756 dedit
1550 1696 1711 1751 nobis
1732 1696 1989 1752 ﬁctiones
2011 1697 2257 1768 dogma-l

681 1792 857 1844 tizare
900 1790 968 1843 de
1020 1789 1249 1844 Christo
1290 1801 1422 1843 vero
1465 1787 1606 1852 Deo,
1649 1793 1705 1841 et
1749 1788 2059 1856 phantasiis
2106 1788 2241 1845 solis

674 1880 1108 1935 auferri‘iidem?
1132 1878 1472 1933 idololatram
1502 1893 1644 1943 esse,
1684 1894 1793 1933 non
1821 1879 1891 1935 ab
1923 1889 2104 1946 extra,
2144 1881 2241 1936 sed
2268 1858 2314 1918 Β

677 1974 729 2025 in
777 1971 890 2040 ipsa
938 1970 1117 2024 anima
1158 1978 1345 2023 nostra
1383 1984 1505 2039 quae
1557 1984 1667 2023 non
1712 1979 1844 2024 sunt
1882 1968 2238 2046 eﬁingentes;

674 2064 876 2116 deinde
911 2060 1301 2131 mythologiam
1346 2060 1451 2113 hoc
1480 2059 1777 2116 offerentes
1819 2062 2084 2131 reliquis?
2119 2064 2244 2119 Haec

674 2144 822 2203 (“niui
876 2148 1039 2212 data,
1087 2155 1205 2201 tum
1249 2162 1415 2200 omne
1460 2147 1682 2215 pietatis
1728 2151 2083 2219 mysterium.
2128 2160 2241 2205 tum

675 2240 965 2310 magisth
999 2253 1191 2292 omnes
1228 2238 1392 2292 simul
1424 2254 1529 2292 una
1559 2238 1851 2308 opinione,
1884 2241 2241 2297 instabilitate

674 2329 946 2383 mendacii
997 2328 1296 2382 laccrantia
1340 2328 1655 2383 destruunt.
1723 2330 1918 2385 Adhuc
1961 2341 2015 2387 et
2059 2333 2242 2387 dicant

674 2419 837 2473 nobis
870 2432 999 2471 vere
1032 2418 1077 2471 si
1122 2418 1287 2487 igitur
1331 2418 1633 2486 secundum
1680 2421 1820 2476 hanc
1852 2423 2240 2493 cogitationem

673 2508 977 2563 secundum
1004 2523 1167 2577 quam
1198 2510 1338 2562 duas
1366 2508 1559 2563 dicunt
1594 2520 1840 2576 naturas,
1865 2513 1996 2568 licet
2024 2514 2240 2570 cuidam

673 2602 895 2653 Patrum
954 2609 1049 2653 aut
1109 2602 1483 2669 apostolorum
1537 2601 1723 2657 dicere
1773 2603 1962 2659 decem
2019 2616 2244 2662 naturas

672 2691 915 2751 Christi,
944 2698 1039 2743 aut
1088 2690 1486 2761 quinquaginta
1511 2732 1524 2755 ,
1577 2689 1671 2746 aut
1710 2694 1940 2748 cuilibet
1976 2699 2145 2750 vere?
2184 2698 2241 2753 Si

674 2773 822 2830 enim
866 2778 1061 2831 liceret
1100 2793 1229 2831 vere
1282 2779 1499 2841 dicere,
1543 2780 1675 2848 quid
1711 2796 1821 2834 non
1855 2782 2113 2838 dicebant
2145 2801 2243 2840 ve-

675 2867 840 2920 rum?
871 2866 938 2919 Et
984 2875 1135 2919 certe
1178 2867 1282 2920 hoc
1326 2867 1656 2935 antiquitus-
1677 2868 1733 2922 in
1769 2885 2063 2934 sermone,
2106 2882 2241 2942 quot

672 2960 857 3012 crunt‘
887 2956 1092 3010 Christi
1142 2956 1397 3010 naturae?
1443 2956 1499 3010 Si
1555 2969 1741 3012 autem
1784 2974 1907 3013 non
1942 2961 2052 3015 sint
2099 2964 2238 3017 ultra

673 3051 815 3104 duas
846 3065 976 3109 vere
1023 3047 1400 3118 excogitanda:
1444 3058 1654 3104 natura:
1702 3049 1755 3103 in
1796 3049 2048 3116 Christo,
2090 3060 2242 3122 patet

673 3140 821 3210 quod
852 3155 941 3194 res
971 3155 1141 3207 usque
1172 3141 1239 3193 ad
1274 3138 1423 3192 hunc
1452 3142 1833 3195 numerum‘in
1866 3144 2097 3197 veritate
2122 3155 2261 3208 est;

672 3234 715 3287 si
744 3248 874 3285 vero
906 3231 972 3283 de
1018 3246 1076 3284 re
1109 3239 1164 3283 et
1204 3230 1436 3285 veritate
1485 3232 1748 3299 cogitatio
1770 3243 1886 3297 est,
1930 3234 2061 3302 quid
2108 3240 2241 3304 ergo

675 3325 858 3382 iictjve
916 3322 1188 3392 cogitatur
1236 3330 1293 3376 et
1334 3321 1680 3377 mendaciter
1721 3317 2093 3393 conﬁngitur?
2138 3327 2241 3379 Per

674 3417 779 3470 hoc
810 3415 957 3468 enim
989 3412 1415 3469 discernendum
1446 3413 1775 3483 simpliciter
1800 3415 1869 3469 de
1898 3418 2242 3486 cogitationi-

674 3508 797 3569 bus,
839 3505 987 3575 quod
1031 3520 1157 3558 vera
1184 3503 1411 3572 quidem
1451 3504 1523 3559 de
1565 3506 1960 3561 exsistenlibus
1992 3509 2242 3563 nascitur

672 3596 862 3657 nobis,
893 3592 1129 3647 mendax
1157 3606 1291 3646 vero
1315 3592 1385 3646 de
1421 3608 1531 3646 non
1558 3594 1956 3650 exsistentibus
1993 3598 2241 3653 nascitur

674 3690 727 3740 in
770 3685 929 3745 nobis
960 3700 970 3730 τ
1008 3693 1139 3738 sunt
1174 3698 1307 3752 ergo
1343 3698 1476 3738 vere
1516 3686 1849 3753 cogitatione
1884 3686 2007 3741 dua:
2035 3687 2237 3744 Christi

673 3787 883 3830 naturae
908 3792 923 3841 τη
946 3774 1152 3829 etenim
1184 3782 1239 3825 et
1276 3772 1535 3828 adunatae
1569 3775 1621 3828 in
1655 3776 1995 3845 cogitatione
2049 3788 2236 3834 nostra

672 3873 802 3920 sunt
841 3862 1269 3931 conspectabilia
1330 3870 1539 3916 tantum
1591 3882 1603 3918 :
1663 3865 1810 3934 quod
1863 3867 2008 3920 enim
2043 3876 2235 3923 natura

670 3953 976 4017 invisibile,
1012 3950 1278 4021 nonquia
1317 3951 1505 4005 unitur
1551 3952 1717 4007 alicui
1764 3955 1842 4008 rei
1876 3955 2099 4021 visibili,
2129 3958 2235 4013 nisi

671 4042 1054 4112 cogitatione;
1100 4040 1196 4096 sed
1246 4040 1469 4115 quando
1513 4042 1737 4110 quidem
1781 4044 1942 4098 simul
1994 4046 2235 4115 cogitare

668 4132 845 4201 plura,
864 4140 919 4184 et
943 4130 1011 4184 de
1040 4128 1294 4198 pluribus
1319 4144 1477 4183 sensa
1511 4145 1666 4201 mens
1686 4140 1871 4186 nostra
1898 4148 2006 4188 non
2033 4144 2233 4203 potest,

665 4217 983 4274 necessario
1012 4225 1067 4271 et
1095 4214 1491 4269 adunationem
1520 4215 1834 4271 dividentes
1856 4219 1924 4273 ab
1956 4220 2232 4288 adunatis,

668 4311 723 4365 in
748 4308 1050 4381 iudicando
1084 4308 1563 4380 adunationemet
1588 4308 1846 4373 adunata,
1869 4311 2119 4368 videmus
2151 4313 2235 4366 di-

666 4411 885 4449 versum
915 4395 1181 4463 cujusque
1210 4396 1523 4449 sérmonem
1548 4410 1562 4460 ;
1593 4402 1649 4448 et
1671 4395 2034 4451 adunatorum
2059 4399 2235 4469 quod-

2344 611 2409 678 τῇ
2439 609 2574 679 αὐτῇ
2607 610 2818 681 ἐπινοίᾳ
2867 610 2962 663 καὶ
2988 608 3086 680 τὴν
3114 608 3381 682 διαφορὰν
3431 611 3578 664 ῐσασι
3621 610 3722 683 τὴν
3760 628 3922 682 φυσι-

2350 700 2450 769 κὴν
2493 701 2553 753 ἐν
2578 699 2654 770 τῷ
2689 701 2855 772 αὐτῷ,
2891 699 3083 772 ὥσπερ
3114 698 3322 772 ταύτην
3344 700 3688 773 ὁμολογοῦσι,
3720 704 3910 757 adluat.

2348 807 2446 860 νην
2488 791 3032 863 ἀναγκασθήσονται·
3068 792 3101 862 ἢ
3153 793 3204 846 εἰ
3236 791 3464 861 πλάσμα
3508 792 3662 846 ἐστὶν
3709 786 3922 864 tiatur],

2350 882 2444 934 καὶ
2464 882 2673 952 ταύτην
2696 882 2870 946 οὕτως
2901 882 3044 953 ἐχειν
3072 881 3335 949 Mentitur
3367 884 3418 935 εί
3448 882 3507 936 5t
3531 882 3631 954 τὴν
3652 882 3923 954 διαφορὰν

2343 972 2443 1025 οὐκ
2493 973 2730 1046 ἐπινοίᾳ,
2763 973 2879 1027 ἀλλ’
2934 973 3184 1044 αἰσθήσει
3232 974 3366 1044 ὀρᾷν
3415 974 3553 1046 αὐτῇ
3606 973 3832 1035 εἴποιεν,
3864 974 3925 1027 τὸ

2346 1063 2579 1134 ἀόρατον
2611 1063 2885 1135 αἰσθητῶς
2912 1064 3046 1135 ὁρᾷν
3073 1062 3571 1129 διαϐεϐαιούμενοι,
3607 1062 3923 1132 θαυμασθή-

2346 1170 2553 1207 σονται·
2587 1156 2637 1209 εἰ
2683 1154 2741 1208 δέ
2778 1156 2993 1227 ἐπινοίᾳ
3045 1154 3144 1224 μὲν
3168 1155 3356 1225 ⁸ἄμφω
3399 1154 3616 1224 ὁρῶσιν,
3650 1153 3786 1208 ἀλλὰ
3822 1153 3925 1218 τὴν

2346 1242 2444 1313 μὲν
2472 1242 2736 1314 διαφορὰν
2774 1246 2840 1314 τῇ
2873 1243 2981 1295 τῶν
3010 1244 3180 1297 δντων
3248 1232 3468 1315 κριτικῇ
3512 1243 3608 1297 καὶ
3638 1243 3747 1297 τῶν
3779 1242 3921 1313 ὑπὲρ

2342 1334 2594 1405 αἴσθησιν
2618 1334 3019 1405 καταληπτικῇ,
3050 1335 3151 1404 τὴν
3192 1334 3252 1388 δὲ
3288 1335 3457 1389 δυάδα
3482 1338 3547 1406 τῇ
3572 1334 3680 1389 τῶν
3713 1332 3786 1404 μὴ
3825 1324 3916 1387 δν·⁵

2339 1442 2449 1479 των
2492 1425 2898 1496 ἁναπλαστικῇ,
2940 1425 3134 1497 πρῶτα
3178 1424 3281 1496 μὲν
3306 1425 3359 1478 τί
3395 1425 3470 1495 μὴ
3513 1424 3777 1479 καίδέκα
3822 1426 3923 1479 καὶ

2341 1518 2514 1571 εἴκοσι
2549 1518 2644 1571 καὶ
2687 1517 2981 1588 τριάκοντα
3014 1517 3204 1584 φύσεις
3232 1516 3647 1587 ἀναπλάττομεν
3675 1515 3919 1586 Χριστῷ,

2340 1608 2476 1660 ἀλλὰ
2502 1606 2594 1661 δύο
2625 1608 2815 1678 μόνως
2858 1607 2940 1672 τίς
2960 1608 3036 1674 ,δέ
3061 1608 3156 1660 καὶ
3190 1606 3588 1677 ἐνομοθέτησεν
3620 1606 3753 1677 ἡμῖν
3781 1606 3921 1660 πλά-

2344 1712 2527 1769 σματα
2557 1699 2907 1769 δογματίζειν
2949 1700 3039 1752 ἐπὶ
3068 1699 3306 1769 Χριστοῦ
3332 1697 3427 1751 τοῦ
3459 1696 3716 1766 ἀληθινοῦ
3752 1696 3919 1756 Θεοῦ.

2342 1790 2437 1843 καὶ
2476 1790 2802 1864 φαντασίαις
2836 1790 3026 1859 μόναις
3074 1784 3478 1858 ἀῆαιωρείσθαι
3533 1790 3633 1857 τὴν
3690 1786 3916 1846 πίστινς

2343 1880 2750 1951 εἰδωλολατρείν
2781 1879 2836 1935 δὶ
2856 1873 2956 1934 οὐκ
2989 1878 3187 1944 ἔξωθέν
3212 1871 3355 1944 πως,
3383 1878 3497 1933 ἀλλ’
3521 1881 3579 1932 ἐν
3600 1880 3735 1950 αὐτῇ
3761 1879 3921 1948 ἡμῶν

2326 1973 2407 2042 ⁷τῇ
2437 1971 2607 2042 ψυχῇ,
2639 1970 2710 2024 τὰ
2749 1972 2823 2041 μὴ
2855 1970 2983 2025 ὅντα
3020 1970 3509 2041 ἀναπλαστοῦντας.
3544 1965 3663 2030 εἷτα
3690 1971 3783 2032 καὶ
3815 1987 3917 2038 μυο

2343 2062 2699 2130 θολογοῦντας
2730 2064 2870 2116 αὺτὰ
2916 2066 3029 2125 τοῖς
3080 2063 3321 2128 λοιποίςς
3353 2064 3525 2118 ταῦτα
3554 2057 3667 2136 ἢὰρ
3696 2064 3917 2117 δοθέντα

2343 2155 2455 2205 πᾶν
2496 2170 2551 2206 τε
2580 2154 2641 2207 τὸ
2669 2154 2769 2222 τῆς
2798 2153 3082 2217 εὐσεδείας
3127 2156 3445 2226 μυστήριον,
3491 2157 3583 2225 καὶ
3626 2156 3750 2218 τοὺς
3773 2152 3918 2208 διδα-

2343 2244 2573 2306 σκάλους
2602 2238 2809 2313 πάντας
2840 2243 2957 2313 ἃμα
3002 2245 3099 2315 μιᾷ
3154 2245 3422 2315 προλήψει
3457 2249 3522 2317 τῇ
3554 2245 3646 2305 τοῦ
3683 2246 3919 2316 ψεύδους

2340 2329 2692 2398 ἀϐεϐαιότητι
2719 2330 3051 2401 διασύραντα
3091 2333 3484 2401 καταστρέφει.
3517 2330 3637 2385 Ἔτι
3668 2332 3725 2386 δέ
3759 2331 3915 2400 λεγι-

2339 2437 2520 2472 τωσαν
2555 2420 2684 2488 ἡμῖν
2712 2419 2898 2484 ὅντως,
2936 2416 2983 2472 εὶ
3006 2420 3115 2488 ἄρα
3130 2436 3192 2487 γε
3221 2421 3363 2474 κατὰ
3390 2420 3595 2489 ταύτην
3618 2420 3787 2490 αὐτὴν
3814 2418 3921 2490 τὴν

2340 2510 2607 2575 ἐπίνοιαν,
2643 2511 2767 2564 καθ’
2797 2510 2865 2580 ἢν
2898 2504 2992 2563 δῦο
3037 2512 3169 2578 φασί
3216 2511 3312 2573 τὰς
3345 2510 3556 2579 φύσεις,
3598 2508 3777 2576 ἔξεστί
3803 2527 3912 2564 τινι

2340 2598 2604 2668 Πατέρων
2644 2599 2677 2667 ἢ
2705 2598 3021 2653 ἀποστόλων
3052 2602 3228 2654 εἰπεῖν
3264 2601 3396 2655 δέκα
3427 2602 3527 2665 τὰς
3557 2601 3747 2671 φύσεις
3771 2602 3908 2673 Χρι-

2342 2684 2490 2746 στοῦ,
2524 2686 2556 2754 ἢ
2607 2686 2965 2757 πεντήκοντα,
3003 2688 3034 2757 ἢ
3083 2687 3257 2741 οὐδενί
3306 2687 3543 2758 ἀληθῶς.
3583 2690 3643 2743 Εἰ
3674 2690 3774 2758 μὲν
3804 2688 3917 2759 γὰρ

2341 2773 2468 2842 ἐξῆν
2500 2774 2714 2841 ἀληθῶς
2748 2776 2942 2837 εἰπεῖν,
2975 2777 3024 2828 τί
3056 2778 3129 2847 μὴ
3154 2778 3363 2847 ἔφασαν
3405 2779 3671 2850 τάληθέςς
3733 2780 3949 2833 καίτυι’

2338 2866 2531 2919 τούτου
2560 2866 2896 2937 ζητουμένου
2925 2868 3110 2937 πάλαι,
3142 2872 3308 2925 πόσαι
3342 2872 3409 2925 ἂν
3444 2870 3552 2927 εἷεν
3591 2874 3829 2944 Χριστοῦ
3857 2874 3913 2925 αἰ

2341 2957 2551 3026 φύσεις.
2600 2959 2661 3010 Εἰ
2726 2958 2781 3010 δὲ
2819 2959 2892 3029 μὴ
2925 2958 3071 3013 ἔστιν
3101 2960 3244 3032 ὑπὲρ
3268 2963 3368 3027 τὰς
3398 2961 3494 3017 δύο
3543 2963 3757 3033 ἀληθῶς
3790 2965 3912 3016 ἐπι-

2342 3047 2535 3114 νοῆσαι
2569 3050 2669 3110 τὰς
2707 3048 2896 3115 φύσεις
2927 3051 3186 3120 Χριστοῦ,
3212 3049 3369 3120 δῆλον
3412 3052 3489 3116 ὡς
3527 3053 3618 3106 τοῦ
3654 3056 3913 3123 πράγμα-

2344 3155 2433 3199 τος
2461 3138 2559 3207 τὴν
2584 3139 2841 3209 ἀλήθειαν
2866 3141 2972 3204 ἕως
3010 3141 3162 3195 τοῦδε
3188 3143 3279 3196 τοῦ
3311 3144 3545 3214 ἀριθμοῦ
3576 3145 3813 3215 ἔχοντος.
3847 3147 3913 3200 Ei

2341 3230 2396 3283 δὲ
2443 3231 2728 3302 πράγματι
2778 3234 2871 3284 καὶ
2900 3231 3129 3303 ἀληθείᾳ
3158 3235 3523 3304 ἐπινενόηται,
3557 3237 3610 3289 τί
3636 3232 3730 3290 οὖν
3779 3224 3913 3290 ἀναὲ

2344 3320 2655 3384 πλαστικῶς
2684 3322 2934 3391 νενόηται
2959 3325 3053 3376 καὶ
3074 3325 3449 3392 πεφὰνταστριι
3472 3324 3711 3395 causa“
3738 3326 3915 3397 τούτῳ

2342 3413 2451 3482 γὰρ
2485 3412 2791 3482 διακριτέον
2822 3412 3007 3478 ἁπλῶς
3043 3416 3143 3477 τὰς
3170 3416 3434 3482 ἐπινοίας,
3465 3418 3548 3470 ὅτι
3586 3418 3618 3487 ἡ
3654 3418 3749 3487 μὲν
3778 3419 3911 3487 ἁλη-

2342 3503 2440 3572 θὴς
2482 3504 2586 3556 ὑπὸ
2629 3504 2736 3557 τῶν
2773 3501 2945 3557 ὄντων
2975 3508 3233 3575 τεννᾶται
3264 3508 3418 3576 ἡμῖν,
3459 3510 3492 3579 ή
3526 3509 3580 3562 δὲ
3603 3509 3806 3578 ψευδὴς
3842 3510 3913 3561 τὰ

2343 3593 2418 3664 μὴ
2453 3593 2579 3646 ὅντα
2625 3598 2791 3665 γεννᾷ
2831 3596 2887 3647 ἐν
2920 3596 3068 3665 ἡμῖν.
3123 3595 3275 3650 Εἰσὶν
3320 3596 3413 3652 οὖν
3451 3598 3666 3670 ἀληθῶς
3710 3600 3803 3657 δύο
3842 3602 3913 3669 τῇ

2340 3687 2554 3759 ἐπινοίᾳ
2598 3690 2655 3740 ai
2707 3689 2900 3756 φύσεις
2934 3689 3194 3759 Χριστοῦυ
3230 3692 3325 3745 καὶ
3356 3692 3462 3763 γὰρ
3512 3694 3607 3747 καὶ
3632 3696 3911 3764 ἡνωμέναι

2337 3783 2402 3851 τῇ
2439 3780 2652 3852 ἐπινοίᾳ
2686 3780 2842 3851 ἡμῶν
2874 3782 2980 3835 εἰσι
3010 3781 3283 3853 θεωρηταί
3312 3784 3493 3854 μόνον’
3524 3785 3585 3838 τδ
3612 3785 3721 3857 γὰρ
3746 3787 3907 3854 φύσει

2337 3871 2585 3941 ἀόρατον,
2622 3870 2730 3924 οὐδ’
2762 3873 2845 3924 ὅτι
2878 3864 3083 3940 ἧνωὲαί
3110 3890 3217 3926 τινι
3247 3875 3466 3945 ὁρατὸν,
3511 3879 3559 3930 εἰ
3593 3877 3667 3947 μὴ
3697 3880 3762 3947 τῇ
3789 3878 3909 3931 ἐπι-

2337 3962 2475 4029 νοίᾳο
2512 3961 2625 4014 ἀλλ’
2658 3962 2779 4015 ἐπεὶ
2824 3961 2941 4031 ἄμα
2968 3965 3107 4015 νοείν
3139 3964 3388 4030 πλείονα,
3429 3965 3525 4021 καὶ
3570 3969 3701 4035 περὶ
3729 3968 3911 4022 πλειό·

2336 4069 2442 4104 νων
2469 4052 2715 4121 νοήματα
2757 4052 2784 4103 ὁ
2819 4053 2944 4116 νοῦς
2974 4052 3129 4138 ημῶν
3176 4056 3237 4109 οὐ
3290 4055 3534 4122 δύναται,
3594 4042 3909 4127 ἀναγκαίως
3947 4124 3954 4133 ,

2336 4142 2429 4196 καί.
2457 4143 2554 4210 τὴν
2581 4141 2773 4195 ἐνωσιν
2820 4143 3327 4209 ἀποδιαστέλλοντες
3357 4148 3466 4199 τῶν
3496 4148 3815 4217 ήνωμένων,
3847 4150 3913 4203 ἐν

2334 4230 2410 4299 τῷ
2436 4229 2641 4301 κρίνειν
2670 4230 2865 4297 εγωσιν
2897 4233 2989 4284 καὶ
3019 4233 3271 4302 ἡνωμένα
3289 4275 3307 4301 ,
3350 4235 3569 4315 δρῶμεν
3601 4236 3691 4288 τὸν
3719 4238 3902 4307 διάφο-

2338 4336 2428 4390 ρον
2457 4320 2688 4373 ἑκάστου
2720 4320 2901 4388 λόγον’
2932 4320 3023 4373 καὶ
3060 4322 3168 4375 τῶν
3209 4324 3501 4394 ἡνωμένων
3529 4324 3758 4379 ἕκαστον
3783 4316 3908 4381 κατδ

2338 4413 2472 4467 ἰδίαν
2502 4412 2854 4477 σκοποῦντες,
2905 4417 3032 4467 ποῖα
3076 4418 3171 4469 καὶ
3206 4421 3329 4470 ποῖα
3363 4417 3473 4487 ἔχει
3507 4420 3617 4473 ἰδια
3646 4420 3905 4490 γνωρίζο-

666 4503 783 4558 que
816 4485 1123 4541 secundum
1169 4484 1561 4553 proprietatem
1620 4486 2066 4554 considerantes,
2108 4506 2230 4560 qua:

2337 4519 2457 4571 μεν·
2488 4504 2536 4555 εἰ
2557 4503 2664 4577 γὰρ
2697 4504 2773 4576 μὴ
2799 4503 2971 4569 οὕτως
2998 4508 3234 4577 γνῶμεν.
3264 4484 3515 4578 οὐδὲ-τὴν
3534 4484 3723 4563 ἕνωσιν
3752 4484 3906 4565 νοοῦ-

664 4589 721 4632 et
750 4591 873 4646 quae
908 4574 1074 4628 habet
1115 4574 1335 4643 propria
1367 4575 1681 4641 noscimus;
1732 4577 1778 4631 si
1815 4579 1961 4632 enim
2001 4596 2109 4635 non
2150 4582 2230 4635 sic

664 4665 1081 4736 cognoscimus,
1111 4679 1221 4718 non
1249 4664 1641 4720 adunationem
1671 4668 2026 4740 intelligimus
2051 4689 2066 4734 ;
2113 4672 2228 4741 ipsa

664 4759 811 4812 enim
845 4772 942 4826 per
963 4763 1210 4810 mutuam
1237 4758 1640 4827 proprietatum
1677 4761 2227 4818 communica'ionem

664 4848 1041 4916 tonspicitur;
1089 4847 1254 4901 simul
1294 4862 1427 4901 vero
1478 4844 1674 4906 etincta
1725 4850 1963 4905 adunata
2009 4862 2065 4908 et
2106 4870 2232 4924 pro-

666 4936 934 5005 prietates
990 4948 1181 4987 eorum
1207 4972 1220 4998 ,
1266 4941 1323 4986 et
1351 4933 1705 4989 adunationis
1738 4939 2231 5006 proprietatesco-

663 5028 871 5097 gitare,
912 5040 1022 5079 non
1066 5034 1149 5079 est
1189 5025 1324 5088 ulli,
1370 5041 1477 5093 nua
1513 5035 1568 5081 et
1619 5029 1853 5096 simplici
1898 5029 2230 5101 imaginamii

663 5118 897 5171 actione.
934 5116 1253 5169 Necessario
1281 5130 1411 5185 ergo
1453 5116 1821 5193 adunatornm
1852 5121 2076 5189 quidem
2109 5122 2227 5193 dis-

666 5205 965 5259 tinctiones
1032 5204 1336 5257 secundum
1391 5188 1723 5275 imaginandi
1771 5188 1879 5261 vim
1923 5209 2231 5282 efﬁngimus

662 5295 1027 5365 cogitatione;
1058 5292 1153 5346 sed
1184 5300 1240 5344 et
1272 5292 1403 5346 illud
1425 5333 1439 5355 .
1473 5297 1585 5346 non
1610 5294 1676 5347 ad
1724 5299 2100 5354 mentiendum
2132 5315 2228 5359 co-

662 5383 924 5453 gitatione
956 5382 1195 5437 innubis
1221 5382 1358 5452 ipsis
1386 5383 1453 5438 de
1487 5400 1669 5438 rerum
1692 5398 2225 5457 ‘coagmentatarnm,

661 5490 772 5529 non
826 5475 971 5527 enim
1022 5474 1115 5529 hic
1161 5484 1281 5529 erat
1335 5474 1481 5539 linis,
1513 5477 1607 5530 sed
1645 5493 1711 5531 eo
1735 5480 1880 5548 quod
1924 5496 1988 5534 ex
2028 5491 2227 5536 natura

664 5575 848 5623 nostra
895 5556 1279 5631 mendacium,
1327 5577 1383 5621 ut
1422 5566 1497 5621 ita
1546 5568 1759 5636 dicam;
1806 5591 1824 5619 ε
1853 5573 2035 5627 omnis
2078 5574 2225 5627 enim

665 5659 827 5715 homo
858 5643 1089 5710 tuendas
1114 5659 1150 5708 ¹.
1176 5673 1191 5703 ι
1217 5655 1319 5721 Qui
1347 5657 1498 5709 enim
1519 5657 1572 5710 in
1603 5675 1710 5712 uno
1737 5661 2028 5729 nequimus
2057 5662 2225 5717 multa

768 5772 779 5799 ’
816 5770 971 5820 Rom.
1005 5783 1081 5831 ιιι,
1127 5768 1185 5820 4.

2335 4610 2453 4662 μεν·
2490 4593 2631 4663 αῦτη
2664 4594 2777 4665 γὰρ
2816 4594 2902 4647 διὰ
2936 4596 3035 4665 τῆς
3066 4598 3387 4660 ἀντιδόσεως
3433 4598 3539 4653 τῶν
3584 4600 3729 4653 ίδίων
3769 4603 3910 4656 καθ·

2329 4685 2551 4753 ορᾶταιο
2592 4684 2707 4752 ἃμα
2733 4683 2791 4737 δὲ
2819 4684 2998 4740 πάντα
3024 4687 3095 4740 τὰ
3122 4689 3399 4759 ἡνωμένα,
3436 4692 3529 4743 καὶ
3561 4690 3630 4743 τὰ
3664 4691 3771 4746 tam
3803 4693 3899 4745 αὖ.

2327 4772 2456 4837 τῶν,
2510 4772 2605 4826 καὶ
2638 4774 2705 4826 τὰ
2737 4766 2838 4844 τῆς
2877 4774 3121 4838 ἐνώσεως
3152 4778 3264 4832 ίδια
3295 4782 3455 4842 νοεῖν,
3493 4780 3591 4834 οὐκ
3632 4782 3777 4835 ἐστιν
3808 4782 3902 4835 οὑ-

2296 4910 2299 4911 ,
2327 4862 2437 4915 δενί
2465 4863 2565 4932 μιᾷ
2587 4863 2678 4915 καὶ
2710 4862 2853 4934 ἁπλῇ
2890 4865 3185 4936 φαντασίᾳ.
3216 4868 3554 4935 ’Λναγκαίως
3571 4865 3665 4925 οὖν
3691 4870 3791 4933 τὰς
3805 4870 3907 4938 μὲν

2328 4951 2609 5015 διαστολὰς
2636 4952 2745 5005 τῶν
2778 4955 3070 5024 ήνωμένων
3108 4959 3251 5010 κατὰ
3300 4960 3599 5027 φαντασίαν
3631 4962 3893 5015 ἀναπλάτ-

2328 5057 2493 5109 τομεν
2532 5044 2598 5113 τῇ
2630 5043 2867 5113 ἐπινοίαο
2905 5045 3040 5098 ἀλλὰ
3075 5047 3170 5099 καὶ
3194 5047 3329 5113 τόδε,
3370 5050 3429 5102 οὐ
3465 5050 3553 5104 διὰ
3589 5051 3649 5103 τὸ
3694 5052 3902 5121 ψεύσα-

2329 5131 2451 5185 σθαι
2482 5135 2549 5204 τῇ
2582 5133 2797 5204 ἐπινοίᾳ
2821 5135 2879 5187 ἐν
2903 5136 3118 5200 ἑαυτοῖς
3145 5138 3247 5209 τὴν
3265 5138 3534 5212 διάκρισιν
3553 5141 3661 5196 τῶν
3685 5160 3906 5212 συγκει-

2339 5222 2539 5291 μένων⁸
2596 5223 2657 5276 οὐ
2690 5225 2799 5294 γὰρ
2843 5220 2999 5288 οὗτος
3030 5220 3098 5297 ἦν
3144 5228 3371 5292 σκοπὸς,
3411 5230 3547 5283 ἀλλὰ
3594 5232 3682 5284 διὰ
3714 5233 3774 5285 τὸ
3803 5234 3903 5302 τῆς

2327 5311 2540 5379 φύσεως
2569 5312 2725 5382 ἡμῶν
2754 5312 2968 5382 ψευδὲς,
2991 5313 3065 5374 ὡς
3084 5316 3282 5369 εἰπεῖν’
3316 5337 3332 5367 ι
3361 5320 3467 5381 πᾶς
3490 5320 3597 5391 γὰρ
3618 5321 3903 5392 ἄνθρωπος

2326 5401 2567 5471 ψεύστης
2604 5417 2619 5430 '
2652 5421 2670 5453 ι
2700 5404 2760 5455 οὐ
2787 5403 3101 5473 δυναμένων
3132 5407 3293 5473 ὑφ’ἓν
3310 5407 3376 5460 τὰ
3393 5410 3563 5465 πολλὰ
3577 5412 3736 5478 νοείν,
3760 5414 3902 5480 ἡνω-

2329 5490 2485 5559 μένα,
2510 5496 2558 5541 εἰ
2593 5489 2668 5561 μὴ
2700 5490 2789 5545 διὰ
2814 5491 2970 5546 τοῦδε
2994 5492 3089 5546 τοῦ
3124 5494 3328 5565 τρόπου
3359 5498 3670 5569 ἐπιστῶμεν
3694 5504 3759 5572 τῇ
3792 5502 3907 5553 τῶν

2326 5580 2620 5646 ήνωμένων
2647 5580 2897 5652 ἀληθείᾳ,
2947 5583 3087 5635 πόσα
3123 5601 3181 5636 τε
3232 5587 3323 5638 καὶ
3352 5588 3511 5641 ὁποία
3544 5588 3726 5653 ἰδικῶς
3755 5592 3903 5643 ἐστιν

2325 5668 2576 5725 ἕκαστον·
2612 5671 2803 5725 τούτου
2853 5674 2908 5726 δὲ
2947 5675 3022 5744 μὴ
3055 5676 3411 5741 γνωσθέντος,
3464 5679 3573 5732 οὐδ’
3608 5681 3689 5734 ὅτι
3732 5679 3906 5743 ὅντως
