4102 6474
213 394 359 456 )Τ’έτ

1324 402 1620 463 CONTRA
1663 404 1974 463 MONOI’H
1989 404 2198 464 YSI'I‘A
2210 405 2271 462 S.

3348 401 3481 462 1.7778

211 511 435 563 πλείονα
454 510 657 579 ἥνωται
685 529 807 569 τινα
830 513 1337 584 καταληφθήσεται.
1359 517 1660 584 Ἀγνοεῖτιι
1690 518 1798 586 ἄρα

1900 517 2143 585 cogitare
2181 514 2457 575 adunata,
2510 513 2612 566 nisi
2648 529 2747 581 per
2780 512 2927 568 hunc
2965 511 3189 566 modum
3217 513 3476 568 intenda-

206 603 309 654 καὶ
345 604 379 672 ἠ
409 601 614 666 ἓνωσίς
631 604 734 657 οὐκ
758 601 915 668 οὖσι,
941 606 1037 659 καὶ
1070 606 1282 676 ἐπινοίᾳ
1307 606 1492 676 ψευδεῖ
1518 607 1798 670 διάστασις

205 691 324 743 τῶν
350 693 666 763 ἡνωμένων,
691 695 782 746 ῐνα
811 695 1030 764 ἐπινοίᾳ
1074 695 1270 766 ἀληθεῖ
1297 692 1514 766 γνωσθῇ
1544 699 1575 767 ὴ
1607 697 1800 759 ἓνωσις

206 783 415 848 αὐτῶν,
447 783 812 852 λαμσάνεται·
843 784 901 836 ἓν
923 786 1033 856 γὰρ
1062 785 1224 853 μόνον
1244 787 1444 868 ήόρῶσά
1469 804 1520 838 τι
1547 788 1580 858 ἡ
1615 787 1804 857 αἴσθη-

1904 618 2028 656 mus
2054 601 2109 655 in
2137 601 2506 657 adunatorum
2540 601 2793 665 veritate,
2819 601 2941 668 qua:
2970 607 3026 653 et
3049 599 3234 668 qualia
3253 603 3480 669 proprie

1900 693 2341 762 uniuscujusque
2397 691 2526 744 sint.
2579 689 2694 744 [loc
2743 707 2877 746 vero
2921 691 3132 761 ignoto,
3190 705 3295 745 nec
3336 692 3482 758 quoi

1902 785 2081 853 reipsa
2103 786 2259 854 plura
2279 783 2591 838 adunantur
2608 783 2859 852 quzedam
2881 783 3232 852 intelligetur
3259 800 3270 835 :
3297 782 3482 851 ignora

207 889 325 936 σις,
352 873 474 926 οὕτε
515 876 563 926 εί
594 875 758 941 φύσει
802 875 929 928 οὔτε
976 878 1024 929 εί
1061 876 1252 929 ένὼσει
1284 879 1431 930 ἐστὶν
1460 877 1540 942 ἓν,
1579 877 1798 931 δύναται

1901 892 2033 947 ergo
2063 884 2248 930 manet
2271 883 2324 930 et
2350 875 2616 932 adunatio
2642 890 2764 944 qua:
2792 883 3032 939 nonest;
3064 885 3121 928 et
3153 873 3485 944 cogitatione

204 964 529 1033 διακρίνειν.

1903 969 2154 1024 mendaci
2197 967 2398 1022 divisio
2438 967 2844 1033 adunatorum,
2886 976 2947 1021 ut
2979 966 3488 1038 cogitationelvcra

209 1065 481 1110 noscatur
540 1057 810 1112 adunatio
866 1064 1099 1123 eorum,
1145 1060 1497 1131 intelligitur.
1545 1061 1793 1130 Namque
1832 1077 2016 1114 unum.
2076 1069 2288 1114 tantum
2309 1059 2461 1129 [quid
2507 1060 2702 1114 videns
2745 1060 3106 1125 sensibilitas,
3159 1073 3271 1113 nec
3301 1057 3347 1112 si
3388 1057 3482 1110 nzi«

208 1156 362 1207 tura,
389 1163 494 1202 nec
519 1150 562 1201 si
599 1147 939 1205 adunatione
967 1158 1052 1204 est
1076 1168 1244 1234 unum
1281 1152 1602 1223 dignoscere
1622 1153 1786 1207 valet.

283 1241 399 1302 ια’..
428 1237 492 1288 Ἢ
528 1237 627 1305 μία
674 1238 864 1304 φύσις,
907 1238 975 1308 ἦν
1007 1256 1182 1307 φατες
1213 1239 1484 1308 ἀδελφοὶ,’
1511 1241 1650 1311 μετά
1701 1242 1800 1308 τὴν

202 1325 427 1390 Ξνωσιν,
462 1327 694 1398 ἦταυτὴ
729 1330 880 1382 ἔσται
921 1330 1001 1396 τῷ
1028 1330 1248 1401 ἀριθμῷ
1281 1333 1378 1402 μία
1415 1334 1524 1387 τῶν
1553 1333 1661 1402 προ
1701 1333 1798 1398 τῆς

205 1417 464 1480 ένὼσεως
489 1419 729 1486 φύσεων,
765 1421 830 1484 ἐξ
867 1413 942 1474 ὧν
970 1421 1158 1488 λέγετε
1193 1419 1336 1477 εἶναι
1377 1424 1548 1494 αὐτὴν
1576 1424 1670 1476 δύο
1695 1423 1795 1492 φύ-

207 1527 377 1576 σεων,
412 1510 445 1578 ἢ
480 1510 622 1579 οὐχί.
652 1512 715 1563 Εἰ
744 1511 842 1580 μὲν
863 1507 958 1565 οὖν
989 1515 1050 1566 οὗ
1076 1513 1272 1584 ταυτὴ,
1295 1515 1394 1584 οὐχ
1417 1518 1444 1568 6
1476 1515 1638 1578 αὐτὸς
1668 1514 1800 1578 Θεὸς

205 1602 235 1651 6
274 1601 386 1671 πρὸ
415 1602 638 1670 σαρκὸς,
661 1602 757 1655 καὶ
784 1605 842 1655 ἐν
865 1601 1052 1674 σαρκὶ,
1079 1606 1245 1674 ῆγουν
1267 1608 1294 1658 6
1320 1606 1460 1674 μετά
1481 1605 1578 1676 τὴν
1600 1606 1798 1659 ἕνωσιν

208 1692 306 1743 καὶ
340 1691 448 1756 πρὸ
480 1691 580 1761 τῆς
621 1690 890 1756 ἐνώσεως,
932 1687 1015 1756 εἷς
1047 1693 1121 1762 τᾷ·
1172 1694 1410 1764 ἀριθμῷ,
1450 1696 1566 1747 ἀλλ’
1615 1696 1801 1766 ἕτερος

204 1781 266 1830 ιν
295 1780 378 1850 τῷ
416 1780 580 1850 λόγῳ,
623 1782 719 1834 καὶ
748 1783 936 1853 ἔτερος
968 1786 1026 1836 ὲν
1063 1785 1283 1855 Χρϊστῷ
1307 1803 1321 1815 ο
1353 1789 1400 1837 εί
1435 1786 1489 1838 δὲ
1519 1786 1692 1856 ταυτὴ
1725 1787 1801 1856 τῷ

1974 1233 2058 1285 ll.
2093 1233 2187 1287 illa
2221 1233 2381 1288 unica
2412 1245 2606 1289 natura
2627 1277 2642 1300 ,
2675 1250 2840 1304 quam
2875 1235 3087 1306 dicitis,
3121 1235 3492 1307 fratres,.post

1901 1324 2312 1390 adunationein,
2330 1326 2526 1380 eadem
2542 1326 2649 1381 erit
2667 1341 2899 1381 numero
2912 1341 3019 1381 una
3033 1341 3199 1396 quam
3221 1327 3343 1382 duae
3360 1338 3488 1383 ante

1900 1419 2290 1473 adunationem
2323 1429 2554 1483 naturae,
2599 1436 2669 1474 ex
2690 1436 2756 1476 eo
2789 1421 2938 1490 quod
2977 1421 3162 1476 dicitis
3187 1436 3311 1476 eam
3349 1423 3487 1478 dua-

1901 1525 2024 1563 rum
2058 1519 2382 1566 naturarum
2401 1527 2543 1575 eSSe,
2574 1522 2670 1567 aut
2705 1528 2840 1568 nou.
2873 1513 2931 1568 Si
2949 1513 3248 1585 igitur-non
3263 1515 3487 1585 quidem

1899 1601 2114 1666 eadem,
2149 1617 2259 1656 non
2294 1603 2438 1657 idem
2476 1603 2619 1658 Deus
2665 1611 2791 1658 ante
2835 1619 3062 1658 carnem
3112 1611 3168 1659 et
3210 1604 3272 1658 in
3300 1619 3490 1668 carne,

1902 1694 2115 1747 scilicet
2145 1694 2238 1748 ille
2271 1705 2394 1763 post
2427 1694 2816 1749 allunationem
2845 1705 2901 1750 et
2939 1704 3064 1752 ante
3098 1697 3490 1752 adunationeni

1896 1798 2047 1836 unus
2073 1783 2124 1834 in
2148 1798 2401 1844 numero,
2423 1783 2516 1837 sed
2537 1784 2678 1838 alter
2701 1784 2754 1837 in
2779 1785 2982 1848 Verbo,
3013 1795 3069 1840 et
3097 1785 3299 1840 alterin
3323 1785 3484 1839 Chri-

204 1870 436 1956 ἀριθμῷ
462 1875 526 1943 τῇ
559 1871 656 1924 τοῦ
695 1873 870 1941 Λόγου
890 1873 1051 1944 φύσει
1080 1875 1250 1938 ἐστὶν,
1291 1878 1534 1948 ἄσαρκος
1576 1877 1682 1948 ἄρα
1709 1878 1798 1932 καὶ

1903 1882 2007 1924 sto.
2053 1870 2117 1925 Si
2162 1886 2297 1926 vero
2339 1871 2529 1925 eadem
2568 1887 2799 1926 numero
2841 1887 2905 1927 ac
2937 1882 3135 1927 natura
3174 1873 3345 1928 Verbi
3382 1884 3467 1926 est

208 1959 358 2029 μετὰ
382 1962 482 2030 τὴν
514 1961 712 2016 ἕνωσιν
739 1966 767 2018 6
796 1964 1046 2036 Λόγος,ἢ
1085 1965 1341 2031 σύνθετος
1372 1961 1535 2038 σα⁸ρκὶ
1565 1969 1660 2024 καὶ
1697 1970 1798 2038 πρὸ

1905 1964 2113 2034 absque
2163 1979 2326 2018 carne
2367 1979 2498 2034 ergo
2533 1975 2586 2019 et
2621 1973 2745 2034 post
2789 1965 3180 2021 adunationem
3219 1965 3485 2021 Verbum.

203 2051 314 2121 τῆς
352 2049 624 2117 ινὼσιως.

284 2231 380 2302 ιβν.
417 2233 531 2287 Πᾶν
559 2234 624 2288 16
667 2235 748 2301 δν,
777 2239 1056 2310 κτιστὺνῆ
1103 2240 1358 2296 ἀκτιστόν
1396 2243 1513 2297 ἐστι
1536 2260 1548 2272 ·
1584 2246 1646 2297 16
1689 2245 1796 2315 γὰρ

214 2322 420 2375 nodum;
454 2323 643 2393 μέσον,
675 2325 801 2378 οὐδὲ
849 2329 896 2380 οἱ
943 2331 1071 2392 τοὺς
1103 2331 1481 2401 τραγελάφους
1517 2334 1796 2389 ἀναπλάτ-

201 2432 420 2478 τοντες,
455 2415 637 2479 καθώς
670 2435 834 2486 φησιν
867 2421 895 2471 6
940 2420 1148 2491 Πατὴρ.
1178 2422 1538 2477 δώσουσιν.Εἰ
1567 2421 1659 2478 οὖν
1700 2426 1797 2493 nia

205 2503 380 2572 φύσις
405 2507 522 2557 ἐστὶ
553 2505 814 2574 Χριστοῦ,
851 2503 1012 2578 εἴπερ
1060 2508 1314 2572 ἀκτιστός
1359 2513 1499 2575 ἐστι,
1538 2514 1620 2574 τίς
1671 2516 1703 2582 ὴ
1735 2515 1799 2564 ὲκ

203 2595 310 2662 τῆς
341 2593 501 2661 ἁγίας
535 2595 815 2664 Παρθένου
841 2612 856 2657 ;
892 2600 940 2651 εί
968 2598 1024 2650 δὲ
1049 2602 1241 2668 κτιστή
1271 2603 1407 2664 ἐστι,
1429 2601 1575 2671 τίς.ὴ
1605 2603 1799 2669 ὁμοσύ-

205 2701 330 2748 σιος
362 2685 438 2756 τῷ
467 2686 909 2759 ἁκτίστῳίῐατρί
935 2706 950 2753 ;
983 2691 1185 2760 ὁμοίως
1217 2692 1271 2742 δὲ
1303 2694 1397 2744 καὶ
1428 2694 1477 2744 εί
1513 2694 1796 2762 ἀγένητος,

203 2777 305 2827 καὶ
334 2778 382 2828 si
413 2777 643 2846 ἀχρονος
675 2777 815 2848 αὕτη
846 2781 987 2846 ἐστὶ,
1029 2780 1110 2842 τίς
1142 2783 1172 2850 ἡ
1209 2783 1478 2853 γενομένη
1506 2787 1570 2837 ὲκ
1608 2803 1797 2852 γυναι-

202 2867 346 2933 κός;
382 2870 476 2920 καὶ
503 2869 663 2920 τοῦτο
690 2869 778 2922 ὅτε
825 2866 954 2941 ἦλθε
987 2873 1046 2924 16
1091 2872 1362 2942 πλήρωμα
1395 2874 1490 2927 τοῦ
1522 2877 1710 2945 χρόνου
1742 2879 1798 2930 ὲν

203 2958 463 3027 ὐστιροις
496 2961 727 3028 καιροῖς
761 2961 810 3012 εί
842 2960 895 3012 δὲ
928 2965 1130 3033 γενητὴ
1174 2964 1268 3014 καὶ
1319 2963 1424 3017 ὑπὸ
1460 2965 1676 3035 χρόνου,
1716 2967 1799 3030 τίς

203 3049 274 3100 δι’
307 3043 381 3119 ἧς
408 3049 588 3103 ⁴πάντα
622 3051 838 3118 γέγονε,
872 3054 965 3106 καὶ
992 3054 1060 3106 δι’
1090 3051 1158 3127 ἧς
1183 3056 1306 3118 τοὺς
1330 3057 1531 3119 αίῶνας
1557 3061 1583 3110 6
1612 3059 1798 3129 Πατὴρ

203 3139 480 3206 ἐποίησες
528 3140 623 3193 καὶ
665 3140 784 3205 πῶς
825 3144 964 3213 μήτε
1022 3134 1199 3215 ἀρχὴν
1248 3147 1418 3217 ζωῆς,
1469 3150 1604 3219 μηδὲ
1645 3150 1799 3213 τέλος

205 3230 438 3298 ἡμερῶν
467 3229 606 3301 ἔχων
626 3235 654 3283 6
675 3233 930 3303 Χριστὸς,
963 3237 1106 3296 κατά
1129 3254 1185 3290 τε
1213 3237 1333 3290 τόδε
1361 3240 1629 3309 ἀφομοιού
1639 3257 1799 3310 μενος

201 3320 289 3390 τῷ
323 3321 702 3391 Μελχισεδέκ
749 3325 811 3379 τὸ
857 3325 964 3397 γὰρ
996 3327 1146 3399 αὐτῷ
1179 3328 1238 3380 ἓν
1284 3330 1424 3383 κατὰ
1470 3332 1532 3382 τὸ
1577 3331 1713 3384 αὐτὸ
1741 3333 1798 3382 ὲν

1828 2044 1875 2102 Β
1904 2065 2000 2110 aut
2045 2057 2412 2126 compositum
2453 2072 2516 2111 ex
2563 2070 2730 2112 carne
2778 2057 2948 2112 etiam
3005 2066 3133 2112 ante
3188 2056 3484 2111 adunatio-

1901 2163 2049 2202 nem.

1974 2241 2057 2295 12.
2100 2240 2390 2294 Ensomne
2418 2252 2662 2295 creatum
2686 2249 2782 2295 aut
2803 2241 3111 2296 increatnm
3142 2249 3258 2304 est;
3289 2238 3485 2292 horum

1900 2331 2047 2398 enim
2084 2331 2330 2385 medium
2375 2345 2477 2385 nec
2517 2331 2609 2399 qui
2658 2331 3006 2401 tragelaphos
3055 2329 3294 2400 ﬁngunt,
3344 2329 3487 2384 sicut

1900 2419 2036 2496 dicit
2072 2418 2255 2478 Pater,
2294 2417 2522 2471 dabunt.
2574 2417 2631 2472 Si
2655 2418 2822 2488 igitur
2869 2433 2975 2470 una
3009 2415 3215 2472 Christi
3269 2423 3486 2472 natura.

1900 2509 1946 2562 si
1973 2509 2217 2563 increata
2247 2515 2354 2571 est,
2393 2523 2644 2578 qumnam
2680 2523 2802 2577 quae
2832 2524 2899 2561 ex
2947 2508 3105 2561 beata
3144 2505 3409 2576 Virgine?
3433 2505 3487 2558 Si

1899 2615 2030 2654 vero
2077 2609 2301 2663 creata,
2345 2615 2596 2668 quaenam
2645 2608 2730 2652 est
2768 2599 3015 2669 ejusdem
3067 2614 3192 2653 cum
3240 2598 3489 2652 incrcatu

1901 2691 2060 2746 Patre
2103 2690 2463 2745 substantias?
2511 2690 2778 2746 Similiter
2807 2706 2941 2745 vero
2980 2690 3084 2745 etsi
3131 2690 3400 2760 ingenita,
3433 2699 3488 2741 ct

1900 2783 1945 2836 si
1975 2782 2182 2851 absque
2210 2791 2454 2851 tempore
2474 2783 2543 2836 sit
2571 2782 2683 2846 illa,
2708 2795 2956 2850 quaenam
2981 2788 3105 2833 nata
3129 2795 3196 2834 ex
3223 2779 3490 2833 muliere?

1901 2873 1970 2928 Et
1993 2874 2128 2927 illud
2171 2873 2395 2942 quando
2427 2874 2579 2926 venit
2599 2872 2890 2941 plenitudo
2921 2871 3190 2940 temporis
3217 2870 3274 2925 in
3303 2871 3492 2924 novis-

1901 2965 2056 3022 simis
2099 2964 2654 3033 opportunitatibus;
2701 2964 2747 3018 si
2778 2979 2910 3018 vero
2939 2964 3234 3034 generatio
3279 2969 3336 3018 et
3381 2962 3488 3016 sub

1900 3066 2169 3124 tempore,
2215 3069 2460 3124 quasnam
2486 3054 2575 3107 illa
2617 3069 2714 3122 per
2735 3069 2899 3123 quam
2941 3053 3127 3107 omnia
3153 3052 3295 3106 facta
3331 3064 3484 3113 sunt,

1899 3154 1957 3198 et
1987 3160 2087 3215 per
2124 3159 2290 3213 quam
2329 3142 2462 3199 fecit
2493 3143 2693 3196 saecula
2721 3140 2928 3196 Pater?
2975 3143 3042 3196 Et
3072 3129 3354 3211 quomodo
3382 3155 3489 3194 nec

1900 3234 2199 3291 exordium
2224 3234 2373 3298 vita}.
2407 3249 2511 3288 nec
2546 3227 2709 3288 finem
2750 3233 2962 3288 habens
2999 3235 3213 3288 dierum
3236 3231 3490 3287 Christus

1899 3336 1955 3382 et
1990 3335 2216 3397 propter
2233 3328 2339 3381 hoc
2354 3326 2691 3381 assimilatus
2716 3325 3157 3380 Melchisedech?
3178 3325 3314 3379 Nam
3338 3322 3488 3392 quod

204 3410 393 3479 ταπῷ
419 3413 527 3466 τῶν
563 3415 824 3468 ἐναντίων
855 3393 978 3481 τους
1007 3393 1200 3484 λόγους
1226 3420 1327 3473 οὐκ
1353 3421 1686 3488 ὲπιδέξεται,
1724 3421 1798 3485 ὡς

1904 3417 1956 3470 in
1992 3432 2050 3472 se
2089 3432 2260 3470 unum
2301 3425 2405 3479 est,
2427 3415 2732 3470 secundum
2759 3415 2904 3470 idem
2941 3415 2995 3468 in
3033 3414 3230 3469 eodem
3263 3420 3489 3468 contra-

205 3500 478 3563 rolléxt;
499 3503 740 3574 εῐρηται.

283 3588 378 3658 ιγ’.
418 3591 478 3644 '0
510 3593 739 3662 μεσίτης
762 3593 899 3647 Θεοῦ
944 3596 1039 3649 καὶ
1069 3595 1374 3666 ἀνθρώπων
1403 3593 1515 3668 ἇρά
1543 3615 1606 3666 γε
1635 3598 1798 3668 μέσος

206 3685 399 3747 αὐτοῖς
429 3678 570 3738 εἶναι
595 3685 745 3739 δοκεῖ
774 3688 904 3757 ὑμῖν
936 3688 1032 3742 καὶ
1061 3686 1206 3742 κατά
1228 3691 1320 3743 τὸν
1359 3690 1587 3758 φυσικὸν
1619 3690 1796 3757 λόγον,

214 3778 247 3846 ἢ
281 3776 450 3847 μόνον
495 3778 638 3832 κατά
678 3780 966 3850 γνωμικὴν
1007 3780 1209 3851 σχέσιν,
1245 3781 1339 3834 καὶ
1373 3780 1801 3850 συμϐιϐαστικὸν

211 3867 462 3934 exordii;
502 3869 567 3922 El
602 3868 702 3939 μὲν
726 3869 820 3924 οὖν
833 3871 975 3925 κατά
1000 3871 1225 3942 γνώμην
1258 3872 1440 3942 μόνον,
1469 3873 1612 3926 κατὰ
1637 3872 1800 3940 φύσιν

208 3958 242 4027 ἦ
277 3957 510 4030 θάτερον
535 3959 648 4012 τῶν
674 3960 792 4027 δύο,
823 3961 856 4034 ἢ
883 3961 1074 4032 ἔτερόν
1103 3962 1156 4015 τί
1204 3965 1321 4016 ἐστι
1368 3965 1522 4034 παρά
1566 3963 1633 4016 τὰ
1669 3963 1763 4017 δύο
1783 3982 1796 3997 ο

208 4053 259 4104 ιι
291 4051 354 4105 δὲ
371 4050 487 4115 οὖν,
511 4053 726 4124 ἀνάγκη
759 4055 854 4107 καὶ
883 4055 1027 4108 κατά
1053 4054 1217 4124 φύσιν
1247 4051 1387 4110 εἶναι
1407 4057 1762 4129 αὐτὸνμέσον
1783 4076 1798 4090 ο

206 4144 271 4196 τὺ
308 4143 370 4197 δὲ
403 4145 592 4214 μέσον,
633 4145 850 4214 ἀνάγκη
878 4145 911 4216 ἢ
944 4145 1227 4218 οὐδέτερον
1263 4145 1372 4198 τῶν
1413 4146 1800 4217 μεσαζομένων

210 4236 471 4305 μετέχειν
496 4237 606 4289 ἀπὸ
636 4237 839 4309 μέρους
866 4237 1151 4308 ἑκατέρω,
1173 4237 1206 4308 ἢ
1231 4237 1369 4291 ὅλων
1389 4239 1498 4293 τῶν
1523 4238 1802 4310 ἑκατέρων

207 4328 390 4394 λόγων
408 4345 423 4358 ·
450 4328 487 4382 ηδ
513 4326 800 4398 βούλεσθε,
829 4329 960 4399 ἡμῖν
981 4327 1374 4400 ἀποκρίνασθε.

285 4589 370 4642 ισ.
399 4589 458 4642 '0
479 4589 808 4651 ’Δπόστολος
839 4589 978 4658 μετά
1008 4589 1108 4660 τὴν
1138 4588 1334 4641 Ξνωσιν
1369 4577 1572 4659 δηλαδὴ
1602 4587 1697 4659 τὴν
1735 4587 1793 4642 ἐν

209 4680 439 4754 Χριστῷ
480 4679 757 4734 λαϐοῦσαν
788 4698 850 4734 τε
890 4682 986 4735 καὶ
1021 4679 1326 4756 ληφθεῖσαν
1371 4680 1588 4756 μορφὴν
1633 4676 1797 4745 οἶδεν,

1902 3509 1967 3562 rii
2009 3508 2174 3562 verba
2202 3524 2310 3561 non
2334 3508 2602 3570 admittit,
2652 3516 2713 3561 ut
2737 3521 2880 3575 saepe
2910 3505 3137 3560 dicitur.

1973 3599 2060 3652 l3.
2093 3583 2363 3652 Mediator
2389 3598 2485 3652 Dei
2510 3605 2566 3651 et
2595 3597 2905 3659 hominum,
2939 3612 3072 3650 num
3109 3592 3325 3649 medius
3357 3593 3489 3663 ipsis

1902 3704 2024 3745 esse
2064 3689 2286 3743 videtur
2325 3688 2486 3743 vobis
2516 3698 2569 3742 et
2604 3687 2907 3742 secundum
2944 3686 3171 3757 physica
3202 3685 3394 3750 verba,
3417 3701 3487 3739 an

1903 3789 2114 3835 tantum
2148 3781 2204 3834 in
2254 3780 2610 3836 sententiosis
2667 3777 3033 3834 relationibus
3067 3787 3137 3835 et,
3175 3778 3242 3832 ad
3281 3793 3490 3832 conve-

1903 3869 2129 3924 nientiae
2159 3869 2502 3934 consilium?
2529 3867 2584 3923 Si
2621 3868 2790 3939 igitur
2819 3866 3127 3923 secundum
3157 3866 3490 3921 sententlam

1903 3961 2129 4032 quidem
2166 3970 2399 4024 tantum,
2426 3959 2737 4030 secundum
2765 3970 3021 4014 naturam
3059 3968 3155 4012 aut
3192 3966 3488 4028 utrumque

1901 4066 1932 4106 e
1978 4050 2218 4115 duobus,
2266 4060 2362 4104 aut
2405 4049 2641 4104 alterum
2671 4047 2947 4119 quoddam
2987 4056 3074 4102 est
3107 4054 3337 4117 propter
3369 4046 3486 4100 hac

1901 4139 2046 4204 duo;
2084 4139 2130 4194 si
2157 4153 2310 4202 vero,
2340 4151 2568 4192 necesse
2598 4145 2767 4192 est'ut
2787 4134 3094 4192 secundum
3121 4145 3376 4189 naturam
3415 4135 3492 4189 sit

1902 4230 2184 4296 medium;
2236 4228 2482 4283 medium
2522 4239 2708 4283 autem
2745 4227 2870 4292 hoc,
2911 4241 3134 4301 necesse
3167 4234 3252 4280 est
3283 4233 3346 4279 ut
3389 4235 3487 4279 aut

1901 4331 2164 4378 neutrum
2190 4321 2260 4376 sit
2281 4321 2352 4376 ab
2383 4329 2618 4389 utraque
2638 4329 2792 4389 parte
2825 4334 3012 4374 rerum
3039 4319 3186 4372 inter
3213 4307 3352 4387 qua’s
3370 4332 3486 4371 me-

1899 4415 2052 4469 dium
2090 4421 2267 4477 tenet,
2314 4421 2412 4467 aut
2437 4419 2613 4466 totum
2659 4410 3037 4481 singulorum;
3095 4407 3247 4480 quod
3293 4391 3483 4472 'vultis,

1901 4506 2006 4577 ipsi
2039 4505 2200 4559 vobis
2236 4502 2588 4572 respondete.

1979 4597 2060 4652 Η.
2086 4596 2379 4665 Apostolus
2409 4603 2535 4664 post
2559 4593 2952 4649 adunationem
2986 4607 3127 4647 sane
3180 4592 3242 4646 in
3263 4589 3488 4647 Christo

1901 4695 2276 4742 assuinentem
2304 4692 2362 4738 et
2407 4693 2744 4754 assumptam
2785 4683 3021 4737 formam
3063 4683 3239 4745 novit,
3289 4697 3486 4751 nempe

209 4775 385 4844 ἢγουν
413 4772 607 4840 φύσιν·
660 4766 825 4827 αὗται
873 4772 932 4826 δὲ
964 4773 1049 4826 ὅτι
1101 4772 1227 4826 οὔτε
1268 4755 1370 4844 μία
1421 4755 1548 4826 οὕτε
1597 4772 1797 4842 ὁμοίως

1902 4785 2032 4832 natu
2042 4792 2154 4830 rain
2170 4793 2186 4841 ;
2205 4777 2336 4844 ipsae
2354 4773 2483 4844 quia
2507 4790 2609 4830 nec
2637 4790 2765 4839 una,
2784 4788 2887 4829 nec
2903 4771 3114 4827 similes
3130 4771 3484 4832 exsistentes.

211 4868 470 4936 ἔχουσαι,
507 4866 674 4918 παντὶ
704 4863 883 4934 δῆλον.

288 4965 371 5010 ιε’.
407 4958 469 5009 Εἰ
502 4956 594 5010 διὰ
637 4955 698 5008 16
747 4953 843 5008 τοῦ
881 4953 1173 5026 ἀνθρώπου
1211 4953 1499 5024 είρημένον
1536 4953 1648 5006 τισὶ
1690 4953 1798 5005 τῶν

216 5049 487 5118 Πατέρων
512 5047 868 5117 παράδειγμα
893 5045 990 5107 τὰς
1005 5045 1098 5098 δύο
1127 5043 1318 5112 φύσεις
1346 5045 1445 5114 οὐχ
1469 5039 1581 5097 οἶόν
1610 5060 1666 5096 τε
1697 5043 1799 5095 σώ-

209 5141 405 5208 ζεσθαι
429 5142 486 5193 ιν
516 5138 760 5210 Χριστῷ,
785 5137 1097 5204 λεγέτωσαν
1117 5138 1270 5206 ἡμῖν,
1305 5137 1352 5188 oi
1386 5136 1800 5196 ἀποκτείνοντες

209 5236 273 5284 16
309 5231 490 5301 σῶμα,
527 5232 690 5300 φύσιν
728 5229 1162 5294 ἀποκτείνουσιν,
1205 5228 1237 5299 ἢ
1279 5228 1429 5298 οὐχί;
1483 5229 1579 5280 καὶ
1622 5228 1671 5278 οἱ
1701 5226 1800 5295 τὴν

208 5326 394 5396 ψυχὴν
442 5327 516 5396 μὴ
561 5325 857 5395 δυνάμενοι
892 5323 1236 5388 ἀποκτεῖναι,
1284 5322 1499 5390 φύσεως
1543 5321 1604 5374 οὐ
1646 5337 1800 5373 κατι-

215 5416 472 5487 σχύουσιν
507 5417 700 5485 ἑτέρας
723 5415 880 5486 παρὰ
920 5414 984 5466 16
1025 5414 1204 5483 σῶμα,
1243 5413 1366 5484 ἢοὺ
1406 5413 1562 5484 δῆτα.
1614 5407 1794 5464 Είιτοῦν

210 5508 494 5579 ἀνθρωττοι
521 5507 690 5571 ὅντως
718 5503 864 5577 ἦσαν
903 5500 985 5568 οἷς
1015 5505 1302 5559 ἐντέταλτο
1329 5503 1434 5556 ὑπὸ
1463 5503 1559 5556 τοῦ
1592 5502 1795 5572 Κυρίου

218 5601 300 5670 μὴ
337 5599 612 5666 φοϐεῖσθαι
649 5599 762 5653 ἀπὸ
796 5597 910 5650 τῶν
946 5596 1189 5660 τοιῶνδε,
1235 5595 1393 5666 δῆλον
1441 5595 1517 5657 ὡς
1563 5593 1798 5647 ὲνουσῶν

216 5694 399 5755 αὐτοῖς
426 5693 533 5747 τῶν
565 5693 660 5745 δύο
692 5691 915 5761 φύσεων
947 5687 1386 5760 ταῦτα-εἴρηται.
1417 5688 1584 5759 ἡγουν
1613 5688 1710 5760 τῆς
1741 5704 1798 5739 τε

217 5787 651 5857 ἀποκτενομένης
676 5786 770 5839 καὶ
811 5784 911 5852 τῆς
939 5783 1016 5853 μὴ
1055 5782 1514 5851 ἀπνικτενομὲνης.

1905 4867 2166 4922 omnibus
2195 4874 2366 4935 patet.

1980 4955 2063 5008 15.
2092 4953 2148 5008 Si
2195 4962 2421 5024 propter
2463 4953 2671 5008 dictum
2717 4953 2784 5008 de
2827 4953 3050 5008 hoinine
3089 4951 3416 5023 quibusdam
3459 4969 3487 5006 e

1906 5046 2163 5101 Patrihus
2197 5047 2531 5116 exemplum,
2565 5046 2703 5100 duas
2718 5046 2884 5100 hasce
2903 5043 3487 5114 naturasimpossibilc

1905 5153 1990 5199 est
2012 5145 2192 5199 salvas
2222 5144 2277 5198 in
2311 5143 2535 5200 Christo
2569 5159 2878 5209 remanere,
2912 5143 3100 5198 dicant
3143 5142 3308 5197 nobis
3342 5161 3355 5196 :
3389 5143 3482 5210 qui

1905 5235 2171 5291 occidunt
2219 5251 2444 5305 corpus,
2495 5237 2734 5290 animam
2785 5233 3067 5299 occidunt,
3105 5249 3174 5286 an
3223 5233 3379 5286 non?
3425 5232 3491 5285 Et

1907 5328 2006 5398 qui
2052 5327 2293 5380 animam
2326 5342 2436 5380 non
2469 5335 2703 5396 possunt
2730 5325 2984 5380 occidere
3012 5325 3068 5377 in
3096 5333 3350 5377 naturam
3378 5339 3488 5376 non

1909 5413 2207 5484 praavalcnt
2236 5414 2467 5469 alteram
2515 5429 2680 5482 quam
2719 5427 2944 5482 corpus,
2977 5427 3045 5464 an
3075 5410 3229 5464 non?
3272 5408 3327 5464 Si
3357 5425 3489 5478 ergo

1907 5504 2160 5559 homines
2187 5520 2316 5559 vere
2349 5514 2510 5559 erant
2544 5505 2748 5574 quibus
2776 5520 2808 5558 a
2837 5503 3068 5558 Domino
3107 5501 3489 5571 pmécriptum

1904 5603 1989 5650 est
2019 5594 2272 5649 homines
2301 5594 2620 5665 hujusmodi
2644 5609 2753 5648 non
2780 5593 2996 5658 timere,
3024 5600 3176 5662 patet
3195 5591 3340 5662 quod
3375 5590 3492 5644 hinc

1908 5687 2171 5742 dicuntur
2199 5702 2266 5740 eo
2296 5686 2442 5756 quod
2465 5687 2587 5740 duae
2617 5687 2674 5740 in
2712 5687 2832 5741 istis
2873 5687 2985 5742 sint
3017 5694 3251 5750 natura),
3278 5683 3492 5740 scilicet

1911 5781 2080 5833 altera
2107 5780 2290 5834 occisa
2318 5790 2371 5833 et
2402 5779 2574 5833 altera
2612 5795 2720 5832 non
2751 5779 2952 5834 occisa.
