4102 6466
666 323 823 386 ιτῚΩ.

662 539 859 584 natura
890 532 1076 600 Verbi,
1112 546 1167 591 et
1213 554 1334 608 qua:
1363 542 1743 612 humanitatis,
1791 561 1984 609 natura
2029 532 2232 624 carnis,

661 622 939 689 quomodo
970 639 1087 679 non
1120 626 1243 682 duae
1260 637 1468 686 natura:
1489 634 1860 695 immutabiles
1889 644 1943 697 in
1971 622 2237 702 Christoi

734 712 819 766 l7.
851 712 1047 770 Adhuc
1088 717 1427 797 diﬂ’erentia,
1466 730 1830 801 quorumdam
1864 733 2177 805 diﬂ'erentia
2219 758 2232 793 :

662 802 818 871 cujus
841 804 987 858 enim
1027 822 1209 863 sermo
1238 810 1306 867 de
1350 814 1518 869 rebus
1548 818 1613 887 in
1660 836 1770 890 quo
1799 833 1854 877 et
1892 840 2000 883 non
2037 828 2103 883 de
2148 845 2237 891 re-

661 892 763 945 bus
795 897 1096 951 secundum
1122 917 1265 988 quae,
1312 909 1508 977 tractat
1540 924 1555 973 ;
1588 895 1955 981 dili‘erentiam
1995 934 2125 988 ergo
2152 920 2235 985 di-

659 992 889 1049 centes,
943 997 999 1041 et
1047 982 1397 1048 diﬂ'erentem
1441 1012 1565 1056 esse
1603 1001 1666 1054 in
1726 982 2235 1073 Christo’daretis;

660 1085 863 1142 quanta
879 1092 1009 1132 vero
1021 1078 1135 1134 haec
1157 1082 1295 1138 duas
1311 1086 1503 1142 saltem
1525 1090 1805 1159 diceretis,
1831 1111 1955 1164 qua:
1970 1102 2101 1159 vero
2123 1099 2239 1154 haec

659 1165 771 1219 sint
798 1166 844 1221 si
870 1167 1286 1241 interrqgamini
1311 1216 1326 1241 ,
1368 1176 1714 1236 divinitatem
1743 1193 1800 1238 et
1833 1185 2237 1250 humanitatem

682 1259 1071 1339 enuntiaretis,
1112 1271 1174 1316 ut
1212 1276 1377 1333 puto;
1419 1271 1553 1338 quid
1593 1289 1728 1328 vero
1768 1275 1883 1331 haec
1903 1276 2238 1349 cognoscitis

658 1351 1115 1416 consequentium
1143 1352 1196 1406 in
1215 1354 1324 1410 illis
1338 1357 1680 1430 interrogati,
1699 1364 2083 1433 licetnonsint
2097 1386 2237 1439 qua-

658 1434 727 1489 lia
745 1446 840 1491 aut
861 1451 1089 1508 quanta,
1108 1454 1203 1500 aut
1230 1447 1452 1504 habitus
1477 1462 1572 1506 aut
1606 1455 1789 1513 simile
1827 1434 2237 1526 quoddam,es-

654 1529 863 1584 sentias
877 1532 1100 1599 penitus
1117 1536 1478 1607 conﬁtemini,
1498 1542 1607 1596 duo
1624 1560 1754 1615 ergo
1767 1550 2238 1609 essentiasdicere

655 1634 753 1674 vos
799 1638 867 1677 ex
894 1623 1208 1683 dilferentia
1233 1628 1302 1683 de
1323 1630 1568 1700 Christo,
1594 1636 1881 1693 evidenter
1916 1640 2233 1701 inducetur.

724 1712 812 1767 18.
850 1714 1257 1789 lntcrrogemus
1290 1738 1389 1779 vos
1430 1726 1631 1793 adhuc,
1676 1728 1896 1797 fratres,
1931 1733 2096 1789 dicite
2136 1752 2228 1791 se-

1902 353 2206 416 ιευΝΤυ
2254 361 2653 427 ΒΥΖΑΝΤΙΝΙ

737 438 819 508 16.
848 438 915 494 Si
960 447 1226 500 remansit
1270 456 1321 503 et
1368 458 1579 509 natura.
1607 471 1727 525 qua:
1770 469 1853 515 est
1901 463 2233 534 divinitatis,
2264 480 2308 533 Α
2410 484 2504 540 ις’.
2542 479 2601 530 Εἰ

3773 377 3943 441 ιτθο

2651 480 2829 547 ἔμεινε
2855 482 3016 553 φύσις
3052 502 3109 539 τε
3145 486 3281 540 οὖσα
3327 487 3421 540 καὶ
3467 486 3776 558 θεότητοςὴ
3816 488 3936 551 τοῦ

2336 566 2530 633 Λόγου,
2561 570 2654 621 καὶ
2675 570 2833 636 φύσις
2863 570 2998 627 οὖσα
3026 575 3120 629 καὶ
3148 575 3561 656 ἁνθρωπότητος
3590 578 3623 647 ἡ
3648 577 3747 646 τῆς
3778 593 3941 648 σαρ-

2337 656 2450 723 κὸς,
2484 659 2602 719 πῶς
2628 662 2690 714 ού
2720 660 2812 714 δύο
2842 664 3032 729 φύσεις
3070 665 3329 736 ἄτρεπτοι
3354 668 3411 719 ὲν
3433 667 3509 736 τῷ
3540 666 3763 738 Χριστῷ
3792 682 3811 732 ;

2408 747 2493 811 ιζ’.
2539 748 2659 802 Ἔτι
2700 753 2732 826 η
2769 753 3026 826 διαφορὰ,
3064 755 3222 809 τινῶν
3258 756 3490 826 διαφορά
3513 774 3531 789 υ
3567 757 3675 810 τῶν
3702 756 3825 826 γὰρ
3870 756 3938 810 εν

2334 853 2441 888 τινι
2460 837 2549 888 καὶ
2567 839 2627 892 ού
2649 836 2757 893 τῶν
2788 840 2909 893 καθῒ
2932 842 3072 895 αὐτὰ
3093 843 3403 911 νοουμένων
3425 847 3453 897 ό
3476 846 3685 907 ταύτης
3710 843 3890 911 λόγος
3914 859 3929 872 ·

2334 926 2596 997 διαφορὰν
2629 924 2722 981 οὖν
2767 932 2815 990 οι
2852 931 3120 1000 λέγοντες,
3175 934 3269 998 καὶ
3307 934 3635 1005 διαφέροντα
3668 932 3815 986 εἶναι
3866 934 3935 986 ἐν

2337 1018 2557 1089 Χριστῷ
2585 1017 2809 1073 δώσοιτε
2834 1037 2849 1051 ·
2904 1021 3046 1076 πόσα
3080 1023 3136 1076 δὲ
3174 1023 3371 1089 ταῦτα,
3413 1023 3506 1077 δύο
3554 1024 3936 1094 τούλάχιστον

2336 1110 2591 1184 φήσοιτε’
2631 1110 2753 1162 τίνα
2780 1110 2836 1163 δὲ
2867 1112 3040 1167 ταῦτά
3068 1115 3220 1167 ἐστιν
3271 1114 3747 1185 εἰσπραττόμενοι,
3785 1112 3935 1166 6εὸ-

2334 1216 2473 1269 τητα
2502 1199 2597 1253 καὶ
2626 1200 3019 1279 ἀνθρωπότητα
3050 1202 3407 1274 όνομάσοιτε,·
3425 1203 3500 1265 ὡς
3539 1198 3692 1272 οἶμαι
3715 1218 3729 1231 ⁸
3758 1204 3823 1257 τί
3865 1204 3933 1256 δὲ

2332 1286 2458 1339 τάδε
2490 1287 2597 1340 τῶν
2618 1289 2673 1339 ὲν
2699 1291 2811 1361 τοῖς
2847 1289 3022 1357 γενῶν
3055 1288 3168 1342 ἴστε
3197 1291 3605 1361 ἀνακριθέντες,
3641 1291 3812 1361 εἴπερ
3844 1290 3934 1361 μὴ

2333 1379 2418 1448 εἴη
2464 1379 2615 1441 ποιὰ,
2663 1378 2694 1449 ἢ
2734 1380 2898 1443 ποσὰ,
2948 1380 2981 1449 ἦ
3017 1381 3250 1450 σχέσεις,
3300 1389 3337 1460 ἧ
3370 1398 3425 1446 τι
3454 1381 3674 1447 τοιόνδε,
3711 1381 3929 1445 οὐσίας

2333 1470 2714 1541 ὁμολογήσαιτε
2760 1471 2979 1533 πάντως
3008 1487 3021 1501 ο
3054 1471 3149 1524 δύο
3185 1471 3293 1542 ἄρα
3324 1470 3513 1533 ούσίας
3546 1470 3722 1538 λέγειν
3758 1471 3931 1536 ὑμᾶς

2333 1561 2398 1614 ὲκ
2428 1561 2527 1630 τῆς
2556 1562 2819 1632 διαφορᾶς
2850 1562 2942 1614 ἐπὶ
2976 1562 3227 1633 Χριστοῦ
3254 1562 3439 1631 σαφῶς
3477 1562 3799 1630 συναιγεται.

2408 1749 2496 1827 ιη’.
2540 1749 2931 1827 Ἐρωτῶμενδὲ
2958 1748 3103 1819 ὑμᾶς
3126 1749 3227 1817 ἔτι,
3256 1747 3503 1817 ἀδελφοί·
3524 1748 3729 1815 Λέγετε
3759 1748 3927 1807 κατά

652 1805 898 1860 cundum
927 1810 1059 1878 quid
1090 1811 1516 1871 discernendum
1544 1834 1574 1871 a
1603 1820 1764 1875 Patre
1783 1822 1981 1878 Filium
2009 1835 2065 1879 et
2092 1828 2219 1883 Ver-

2324 1859 2379 1895 τι
2409 1805 2783 1911 διακρίνεσθαὶ
2810 1838 2902 1893 τοῦ
2944 1805 3071 1893 ιδίου
3083 1805 3304 1910 harpe;
3433 1838 3562 1892 Υίὺν
3582 1805 3678 1896 καὶ
3698 1838 3929 1907 Λόγον,-

655 1894 807 1964 bum,
845 1903 1071 1955 annon?
1104 1903 1322 1961 Scimus
1363 1923 1493 1979 ergo
1536 1910 1681 1979 quod
1734 1913 1918 1970 dicitis
1973 1926 2029 1971 et
2075 1919 2222 1991 quod

652 1986 1069 2046 subsistentiam
1117 1994 1251 2049 illud
1297 2012 1417 2053 esse
1466 2000 1826 2059 conﬁtemini.
1875 2006 2032 2061 Absit
2074 1986 2221 2063 enim

650 2077 809 2133 vobis
843 2079 960 2135 haec
986 2082 1388 2154 blasphemare,
1410 2089 1554 2145 absit
1576 2093 1802 2170 reliquis
1825 2097 1891 2150 ad
1921 2102 2221 2167 perfectam

651 2167 907 2236 pietatem
929 2186 1151 2241 carere;
1190 2192 1410 2233 rursum
1454 2195 1585 2251 ergo
1628 2167 2094 2257 interrogabimus
2126 2206 2224 2246 vos

649 2270 705 2315 et
734 2263 875 2321 hoc:
907 2282 936 2319 a
965 2269 1185 2349 propria
1224 2285 1391 2326 carne
1426 2272 1596 2328 dicite
1622 2274 1808 2345 aliquo
1832 2277 1996 2333 modo
2024 2280 2222 2335 distin-

649 2354 928 2423 guendum
954 2357 1215 2426 Verbum,
1242 2377 1311 2415 an
1345 2364 1493 2417 non?
1525 2363 1582 2418 Si
1611 2366 1765 2420 nullo
1790 2369 1953 2424 modo
1973 2370 2217 2441 quidem,

653 2446 965 2515 propiorem
990 2449 1133 2505 hanc
1168 2467 1387 2508 carnem
1433 2455 1595 2510 Verbi
1626 2470 1681 2511 et
1702 2459 1877 2529 magis
1922 2460 2219 2517 adunatam

650 2551 812 2603 quam
848 2552 972 2592 cum
1014 2539 1174 2596 Patre
1223 2544 1518 2613 exponitis,
1560 2549 1817 2616 quamvis
1849 2551 2109 2607 adunatio
2146 2555 2220 2609 sit

649 2642 773 2679 cum
821 2628 980 2684 Patre
1012 2633 1318 2688 secundum
1365 2635 1735 2710 hypostasim;
1783 2656 1814 2696 a
1865 2658 2033 2704 carne
2085 2659 2219 2700 vero

647 2731 769 2785 quae
808 2718 983 2788 ipsius
1007 2733 1089 2776 est
1117 2739 1219 2779 nec
1242 2726 1549 2788 secundum
1584 2739 1839 2786 naturam
1877 2750 1982 2789 nec
2014 2752 2216 2793 secun-

649 2808 779 2863 dum
805 2812 1218 2868 subsistentiam
1248 2819 1558 2874 secernitur
1578 2822 1842 2881 Verbum.
1873 2818 1927 2880 Si
1950 2842 2083 2882 vero
2110 2829 2215 2882 ali-

648 2913 759 2968 quo
791 2901 955 2958 modo
980 2912 1037 2959 ct
1075 2904 1247 2974 ipsam
1288 2907 1431 2963 hanc
1454 2910 1618 2967 Verbi
1647 2930 1866 2969 carnem
1908 2916 2218 2976 discernitis

648 2991 819 3047 verbo
855 3001 912 3047 et
948 3009 1057 3049 non
1084 2996 1477 3067 distinctionis,
1520 3018 1620 3057 cur
1650 3004 1704 3060 id
1741 3009 2106 3077 respondete;
2137 3012 2217 3067 si-

644 3082 868 3151 quidem
888 3100 1019 3157 ergo
1034 3088 1228 3143 eodem
1251 3100 1634 3149 secerneretur
1665 3097 1828 3152 modo
1843 3113 1872 3153 a
1894 3115 2004 3169 quo
2034 3101 2214 3168 Patre,

648 3182 703 3225 ct
740 3174 1049 3244 hypostasis
1091 3178 1229 3248 ipsa,
1258 3181 1438 3250 primo
1466 3185 1689 3254 quidem
1724 3187 1862 3243 duas
1910 3190 2215 3249 subsisten-

650 3263 752 3317 tias
784 3258 989 3321 Christi
1013 3267 1274 3337 dedistis;
1306 3271 1506 3329 deinde
1539 3283 1594 3331 et
1624 3292 1812 3346 parem
1844 3280 1990 3335 Patri
2014 3297 2214 3338 secun-

648 3353 778 3409 dum
828 3365 1025 3413 cuncta
1057 3373 1286 3415 carnem
1317 3363 1641 3431 attribuitis,
1688 3367 1734 3422 si
1766 3383 1864 3437 per
1914 3371 2108 3427 eadem
2157 3383 2217 3429 et

649 3446 763 3500 sola
796 3462 827 3500 a
861 3447 1021 3503 Patre
1039 3460 1096 3505 et
1120 3453 1388 3522 apropria
1423 3470 1588 3511 carne
1621 3459 1931 3517 secernitur
1950 3462 2210 3521 Verbum.

649 3533 706 3589 Si
734 3551 866 3592 vero
890 3540 1193 3597 secundum
1232 3544 1363 3613 quid
1395 3547 1564 3611 aliud,
1591 3557 1686 3603 aut
1726 3560 1979 3607 naturam
2030 3571 2215 3612 neces-

644 3626 799 3681 sario
822 3627 875 3683 id
902 3645 1045 3696 esse,
1079 3640 1176 3686 aut
1204 3633 1413 3705 aliquid
1442 3645 1639 3706 praeter
1664 3648 1915 3696 naturam
1952 3653 2008 3699 et
2029 3646 2212 3701 subsi-

648 3719 904 3773 stentiam
937 3721 993 3775 in
1039 3722 1261 3779 Christo
1296 3725 1515 3783 habetis
1561 3730 1707 3799 quod
1745 3731 1919 3798 scitis,
1977 3735 2213 3792 indicate

649 3809 841 3874 nobis;
867 3812 913 3865 si
934 3827 1065 3867 vero
1094 3814 1492 3885 nihil,penitus
1520 3820 1822 3875 secundum
1850 3833 2056 3878 natum
2082 3826 2216 3880 Ver-

652 3899 780 3957 bum
812 3901 1188 3959 delinitionem
1220 3907 1363 3963 datis
1390 3909 1552 3966 Verbi
1580 3920 1635 3966 et
1661 3913 1844 3969 carnis
1861 3914 1929 3971 de
1956 3915 2211 3983 Christo;

647 3990 1004 4048 delinitorum
1037 4004 1221 4050 autem
1248 4005 1305 4052 et
1340 4015 1605 4056 numerus
1637 4013 1725 4067 est
1762 4005 2210 4076 quandoquidem

646 4080 842 4136 horum
906 4083 1018 4140 duo
1067 4086 1295 4142 termini
1361 4098 1524 4157 sunt‘;
1579 4108 1748 4161 porro
1808 4112 2041 4165 quorum
2100 4099 2213 4155 duo

646 4174 887 4239 termini,
935 4175 1109 4259 liquet
1140 4179 1289 4248 quod
1348 4188 1405 4235 ct
1454 4181 1565 4237 duo
1623 4185 1942 4243 deﬂnientia
1974 4228 1991 4255 ,
2058 4191 2209 4260 atqui

642 4264 689 4319 si
723 4274 1047 4322 naturarum
1074 4270 1295 4339 termini
1315 4281 1465 4337 sunt,
1482 4275 1649 4330 verba
1679 4276 2019 4345 deﬁnientia,
2039 4279 2214 4350 liquet

640 4355 792 4424 quod
833 4366 1047 4413 naturae
1095 4359 1401 4417 manifesta:
1433 4361 1601 4429 fient;
1627 4365 1747 4422 sine
1779 4367 1952 4423 dubio
1985 4369 2214 4429 eviden-

2322 1933 2355 2004 ἢ
2389 1932 2508 2003 οὐχί
2530 1949 2545 2005 ;
2585 1933 2775 2001 Ἰσμεν
2824 1929 2919 1986 οὖν
2946 1932 3027 1984 ὅτι
3057 1931 3267 1999 λέγετε,
3306 1931 3400 1984 καὶ
3443 1932 3527 1985 ὅτι
3568 1932 3727 1983 τοῦτο
3757 1926 3920 1987 εἶναι

2321 2006 2419 2094 τὴν
2451 2025 2750 2078 ὑπόστασιν
2779 2024 3090 2093 ὁμολογεῖτε
3119 2040 3134 2056 ·
3173 2023 3248 2093 μὴ
3283 2022 3391 2093 γὰρ
3440 2022 3526 2091 εῐη
3587 2022 3718 2093 ὑμῖν
3760 2023 3919 2093 μηδὲ

2319 2115 2490 2186 ταῦτα
2523 2115 2882 2185 βλασφημεῖν,
2920 2115 3053 2186 μηδὲ
3122 2115 3231 2167 τῶν
3267 2113 3608 2183 λειπομένων
3636 2114 3776 2183 πρὸς
3807 2132 3914 2168 τε-

2320 2182 2469 2259 λείαν
2526 2182 2820 2260 εὐσέϐειαν
2873 2182 3169 2277 «ἀμοιρεϊνο
3227 2204 3387 2258 πάλιν
3415 2203 3529 2289 Δοῦν
3581 2182 3912 2274 πυθοίμεθα

2320 2297 2473 2368 ὑμῶν
2510 2300 2603 2351 καὶ
2645 2298 2800 2351 τόδε.⁹
2830 2298 2931 2366 τῆς
2984 2298 3124 2360 ίδίας
3173 2295 3375 2366 σαρκὸς
3418 2296 3605 2363 λέγετε
3655 2296 3809 2349 κατά
3846 2314 3910 2350 τι

2317 2389 2687 2460 διακρίνεσθαι
2719 2383 2813 2442 τὸν
2843 2386 3099 2457 Λόγον,ἢ
3144 2388 3297 2458 ούχί;
3343 2389 3407 2472 ῌί
3457 2388 3555 2456 μὲν
3599 2387 3692 2440 οὖν
3746 2390 3912 2443 κατὰ

2322 2480 2507 2550 μηδὲν,
2531 2479 2837 2549 ὲγγυτέραν
2875 2478 3079 2547 ταύτην
3136 2477 3222 2547 τῷ
3247 2478 3407 2548 Λόγῳ
3455 2477 3549 2529 καὶ
3601 2476 3914 2546 ἡνωμένην

2321 2570 2523 2642 μᾶλλον
2551 2570 2643 2623 τοῦ
2680 2569 2893 2639 Πατρδς
2924 2569 3322 2641 παρεστήσατε,
3368 2567 3522 2638 εἴπερ
3548 2564 3642 2620 τοῦ
3672 2565 3913 2635 Πατρὸς

2319 2659 2441 2715 καθ’
2476 2662 2771 2713 ὑπόστασιν
2797 2676 2810 2690 ·
2846 2662 2946 2729 τῆς
2989 2660 3045 2713 δὲ
3087 2658 3287 2730 σαρκὸς
3327 2658 3423 2728 τῆς
3470 2659 3529 2710 ὲν
3574 2654 3723 2724 αὐτῷ
3766 2656 3910 2708 οὐδὲ

2316 2753 2455 2807 κατὰ
2478 2751 2638 2821 φύσιν
2660 2751 2779 2805 οὐδὲ
2805 2750 2927 2805 καθ’
2946 2750 3241 2816 ὑπόστασιν
3266 2748 3607 2817 διακέκριται
3631 2747 3658 2798 ό
3673 2745 3860 2813 Λόγος
3890 2764 3907 2777 ·

2315 2844 2365 2897 εί
2393 2843 2449 2896 δὲ
2479 2842 2620 2897 κατά
2650 2861 2724 2907 τι,
2757 2843 2853 2898 καὶ
2888 2841 3089 2913 ταύτην
3121 2840 3215 2894 τοῦ
3238 2840 3410 2908 Λόγου
3437 2838 3745 2910 διακρίνετε
3775 2835 3910 2889 δια-

2317 2934 2487 3002 φορᾶς
2506 2933 2769 3002 λόγῳ,καὶ
2789 2932 2849 2985 ού
2867 2933 3203 3002 διαιρέσεως,
3221 2931 3274 2983 τί
3298 2929 3473 2991 τοῦτο,
3491 2926 3902 2996 ἀποκρίνασθε.

2317 3026 2381 3080 El
2404 3026 2501 3094 μὲν
2529 3021 2621 3077 οὖν
2643 3023 2721 3095 τῷ
2746 3022 2892 3093 αύτῷ
2921 3022 3042 3075 καθ’
3072 3022 3100 3076 δ
3120 3022 3213 3075 καὶ
3232 3020 3327 3075 τοῦ
3357 3020 3567 3090 Πατρδς
3582 3016 3902 3087 διωρίζετο,

2317 3114 2612 3176 ὑπόστασις
2643 3112 2701 3165 δὲ
2728 3112 2888 3182 αὑτὴ,
2923 3111 3139 3182 πρῶτον
3174 3109 3272 3180 μὲν
3299 3110 3391 3162 δύο
3423 3108 3519 3171 τὰς
3554 3106 3903 3170 ὑποστάσεις

2319 3206 2556 3275 Χριστοῦ
2584 3202 2853 3259 δεδώκατε
2875 3220 2888 3234 ·
2922 3199 3040 3257 εἶτα
3066 3202 3123 3255 δὲ
3158 3203 3251 3256 καὶ⁵
3281 3201 3402 3269 ῐσην
3431 3199 3507 3268 τῷ
3538 3199 3713 3268 Πατρὶ
3740 3199 3905 3251 κατὰ

2317 3293 2494 3348 πάντα
2513 3293 2610 3365 τὴν
2635 3293 2814 3364 σάρκα
2847 3293 3230 3365 παριστάνετε,
3263 3292 3316 3361 εί
3339 3306 3401 3358 γε
3438 3293 3549 3352 τοῖς
3580 3289 3762 3359 αὐτοῖς
3789 3289 3903 3341 καὶ

2319 3385 2500 3455 μόνοις
2550 3384 2612 3438 ἐκ
2648 3402 2708 3438 τε
2755 3385 2849 3437 τοῦ
2891 3385 3102 3453 [ἰατρὸς
3143 3382 3237 3436 καὶ
3286 3383 3387 3452 τῆς
3430 3380 3637 3461 οἰκείας
3677 3379 3901 3449 σαρκὸς

2313 3476 2648 3547 διακρίνεται
2683 3478 2711 3529 ό
2739 3476 2911 3543 Λόγος
2933 3491 2954 3540 ζ
2977 3477 3025 3527 εἰ
3062 3474 3119 3528 δὲ
3150 3473 3270 3528 καθ’
3305 3474 3492 3545 ἔτερόν
3526 3490 3599 3538 τι,
3637 3470 3671 3541 ἢ
3718 3471 3901 3536 φύσιν

2312 3568 2526 3638 ἀνάγκη
2556 3568 2715 3622 τοῦτο
2756 3563 2916 3633 εἶναι,
2947 3569 2981 3637 ἦ
3008 3584 3061 3620 τι
3097 3566 3249 3637 παρὰ
3284 3565 3383 3636 τὴν
3412 3564 3575 3634 φύσιν
3615 3564 3709 3615 καὶ
3745 3563 3900 3615 ὑπό.

2313 3674 2502 3711 στασιν
2532 3660 2589 3711 ὲν
2616 3658 2694 3729 τῷ
2722 3658 2942 3729 Χριστῷ
2972 3656 3146 3727 ἔχοιτε
3172 3655 3392 3720 ειδέναι,
3418 3653 3697 3724 σημάνατε
3725 3653 3894 3721 ἡμῖν·

2311 3750 2361 3802 εί
2394 3750 2450 3803 δὲ
2496 3749 2667 3813 οὐδὲν,
2702 3748 2917 3811 πάντως
2954 3749 3093 3801 κατὰ
3123 3747 3335 3817 φύσεως
3380 3746 3535 3813 λόγον
3578 3742 3746 3797 δίδοτε
3790 3744 3899 3794 τὸν

2312 3842 2590 3912 διορισμὸν
2618 3841 2712 3894 τοῦ
2740 3841 2914 3909 Λόγου
2939 3826 3033 3893 καὶ
3066 3841 3165 3911 τῆς
3213 3838 3413 3910 σαρκὸς
3460 3838 3553 3890 ἐπὶ
3600 3833 3855 3906 Χριστοῦ
3878 3853 3894 3866 ’

2312 3934 2422 3985 τῶν
2467 3932 2523 3984 δὲ
2564 3931 2951 4003 διοριζομένων
3003 3932 3099 3993 καὶ
3150 3929 3381 4000 ἀριθμός
3423 3929 3591 3988 ἐστιν,
3647 3923 3900 3996 ἐπείπερ

2312 4018 2479 4077 τῶνδε
2506 4023 2599 4075 δύο
2627 4023 2743 4093 ὅροι
2794 4022 2962 4076 εἰσιν·
2996 4016 3072 4075 ὧν
3104 4021 3164 4074 δὲ
3213 4018 3306 4073 δύο
3338 4020 3388 4072 οἱ
3428 4019 3565 4088 ὅροι,
3603 4015 3765 4085 δῆλον
3801 4016 3897 4069 ὅτι

2312 4114 2405 4167 καὶ
2433 4112 2527 4167 δύο
2554 4113 2625 4165 τὰ
2656 4112 2883 4183 όριστά·
2913 4114 2961 4165 εἰ
2984 4112 3040 4178 δὲ
3068 4112 3176 4165 τῶν
3208 4111 3422 4179 φύσεων
3454 4110 3503 4162 oi
3533 4110 3652 4178 ὅροι
3681 4108 3793 4171 sint
3817 4110 3898 4162 τὰ

2310 4203 2522 4275 όριστὰ,
2554 4203 2712 4272 δῆλον
2737 4204 2817 4271 ὅτι
2845 4206 2901 4258 αἱ
2925 4202 3115 4271 φύσεις
3137 4200 3616 4271 ἀποδειχθήσονται
3643 4217 3657 4230 ·
3684 4198 3896 4253 οὐκοῦν

2310 4295 2614 4367 ἀριθμηταὶ
2632 4294 2849 4365 κσαιρῶς
2898 4296 2956 4348 αἱ
3001 4294 3192 4363 φύσεις
3241 4292 3508 4363 Χριστοῦ·
3568 4289 3749 4353 καλῶς
3788 4285 3898 4343 οὖν

2312 4389 2443 4458 ἡμῖν
2476 4386 2713 4458 εἴρηται,
2747 4385 2940 4448 ῑνωσις
2972 4384 3070 4455 μὲν
3113 4383 3462 4437 ὑποστάσεων
3497 4383 3555 4435 ὲν
3591 4382 3689 4451 μιᾷ
3720 4381 3895 4449 φύσει

643 4452 728 4500 ter
762 4447 1138 4505 numerabiles
1167 4449 1373 4506 Christi
1393 4463 1637 4519 naturae;
1664 4455 1805 4512 bene
1826 4473 1956 4525 ergo
1982 4474 2015 4515 a
2046 4460 2206 4516 nobis

2319 4447 2402 4534 ιέτι
2431 4447 2728 4549 τῆςάγίας
2770 4482 2863 4537 καὶ
2896 4447 3221 4546 ὑπερουσίου
3273 4475 3521 4544 Τριάδος,
3576 4447 3769 4540 ένωσις
3832 4475 3898 4529 δὲ

641 4535 885 4591 dicitur:
917 4538 1185 4595 adunatio
1226 4542 1447 4610 quidem
1483 4545 1918 4604 substantiarum
1955 4550 2011 4604 in
2042 4568 2208 4606 unam

644 4636 895 4685 naturam
934 4629 990 4683 in
1018 4639 1207 4697 sancta
1237 4640 1296 4688 et
1323 4649 1582 4705 suprema
1613 4636 1904 4706 Trinitate,
1950 4641 2211 4697 adunatio

641 4733 773 4770 vero
811 4709 1132 4773 naturarum
1180 4720 1234 4774 in
1282 4738 1446 4777 unam
1477 4725 1891 4781 subsistentiam
1932 4730 1989 4783 in
2023 4741 2211 4786 sancta

638 4818 698 4863 et
728 4808 995 4879 ineﬁ‘ahili
1035 4811 1412 4871 incarnatione
1440 4814 1626 4871 Verbi.
1658 4817 1774 4873 Hoc
1815 4820 1964 4875 enim
1987 4821 2125 4875 dixit
2158 4832 2214 4877 et

643 4899 900 4973 inquiens
919 4900 1119 4968 Pater;
1149 4904 1487 4965 contrarium
1530 4920 1655 4961 esse
1693 4910 1938 4978 mysterii
1989 4920 2214 4980 propter

639 4988 925 5055 Christum
952 4986 1263 5047 sermonem
1310 4997 1551 5050 sermoni
1576 4997 1645 5051 de
1697 5008 1880 5053 sancta
1920 5001 2209 5057 Trinitate.

717 5081 802 5136 l9.
857 5081 1258 5139 Percontemur
1297 5086 1481 5143 adhuc
1538 5098 1594 5144 et
1643 5091 2018 5165 illud_:Hujus
2055 5095 2211 5164 juxta

643 5188 739 5227 vos
774 5180 983 5227 natura:
1025 5174 1231 5231 Christi
1280 5178 1402 5232 Filii
1451 5179 1546 5233 Dei
1589 5180 1855 5245 viventis,
1908 5184 2211 5238 secundum

643 5261 791 5317 Petri
818 5269 992 5317 tutam
1014 5265 1438 5332 confessionem,
1471 5270 1641 5323 Deum
1687 5271 1927 5327 Verbum
1952 5274 2082 5344 quid
2123 5274 2210 5328 di-

640 5353 769 5407 citis
802 5369 943 5419 esse,
983 5367 1191 5425 partem
1233 5374 1303 5413 an
1358 5362 1577 5421 totum?
1616 5360 1671 5416 Si
1717 5371 1928 5431 partem
1963 5365 2207 5433 quidem,

637 5453 695 5500 et
724 5446 896 5515 partis
928 5458 1135 5505 natura:
1158 5451 1377 5513 Patrem
1408 5452 1575 5509 dicite
1612 5453 1859 5521 Patrem;
1891 5471 2056 5524 porro
2090 5474 2213 5526 par-

641 5536 770 5590 tiale
802 5536 873 5589 sit
900 5535 1161 5601 Verbum,
1188 5538 1242 5593 in
1278 5549 1543 5610 quantum
1586 5551 1782 5598 natura
1815 5553 1899 5600 est
1933 5545 2127 5612 Filius,
2158 5558 2213 5602 et

640 5625 818 5682 Patris
842 5625 1269 5682 eritsecundum
1310 5632 1615 5687 naturalem
1659 5635 2042 5702 paternitatem
2090 5652 2214 5707 par-

643 5716 785 5779 tialis
808 5717 1142 5789 paternitas;
1192 5736 1529 5792 unaqumque
1559 5740 1688 5794 ergo
1732 5725 1963 5782 duarum
1998 5727 2214 5783 divina-

2311 4568 2421 4624 τῶν
2471 4568 2686 4637 φύσεων
2736 4570 2793 4620 ὲν
2841 4569 2937 4638 μιᾷ
2981 4565 3275 4620 ὑποστάσει
3318 4565 3410 4617 ἐπὶ
3450 4566 3549 4634 τῆς
3594 4565 3754 4632 ἁγίας
3786 4568 3897 4621 καὶ

2311 4660 2593 4730 ἅφράστου
2630 4656 2962 4730 σαρκώσεως
2999 4657 3095 4710 τοῦ
3149 4658 3352 4724 Λόγου’
3410 4656 3569 4709 τοῦτο
3615 4655 3723 4725 γὰρ
3775 4657 3894 4728 ἔφη

2311 4748 2461 4801 καὶὸ
2489 4747 2664 4815 λέγων
2706 4748 2918 4817 Πατὴρ,
2969 4746 3202 4816 ἔμπαλιν
3236 4746 3388 4815 ἔχειν
3434 4746 3527 4798 τὸν
3575 4745 3732 4812 λόγον
3784 4748 3896 4801 τοῦ

2313 4838 2453 4891 κατὰ
2478 4820 2712 4909 Χριστὸν
2754 4835 3077 4907 μυστηρίου,
3128 4834 3161 4906 ἢ
3191 4835 3284 4905 ἐπὶ
3310 4834 3411 4905 τῆς
3441 4835 3599 4901 ἁγίας
3628 4835 3892 4904 Τριάδος.

2387 5089 2475 5141 ιϐ’.
2519 5088 2845 5160 Ἑρωτῶμεν
2894 5089 2975 5143 ἔτι
3031 5088 3128 5143 καὶ.
3155 5089 3312 5143 τόδε·
3347 5088 3561 5159 Ταύτης
3606 5090 3703 5158 τῆς
3757 5092 3894 5143 καίν’

2316 5180 2460 5249 ὑμᾶς
2488 5179 2705 5249 φύσεως
2728 5180 2963 5249 Χριστοῦ
2990 5180 3084 5234 τοῦ
3108 5180 3240 5233 Υίοῦ
3271 5180 3361 5233 τοῦ
3385 5179 3520 5233 Θεοῦ
3542 5180 3634 5233 τοῦ
3657 5180 3893 5249 ζῶντος,

2316 5269 2457 5327 κατὰ
2488 5268 2585 5340 τὴν
2626 5269 2722 5323 τοῦ
2774 5270 2983 5342 Πέτρου
3012 5271 3230 5341 ἀσφαλῆ
3267 5272 3576 5342 ὁμολογίαν,
3624 5272 3715 5323 τὸν
3750 5272 3897 5327 Θεὸν

2314 5361 2485 5428 Λόγον
2513 5361 2566 5415 τί
2595 5379 2733 5432 φατε
2759 5358 2920 5429 εἶναι,
2955 5364 3119 5433 μέρος
3145 5363 3177 5432 ἢ
3199 5363 3348 5441 olm;
3376 5364 3423 5415 εί
3448 5366 3545 5432 μὲν
3566 5363 3673 5431 γὰρ
3694 5361 3892 5433 μέρος,

2315 5453 2409 5504 καὶ
2440 5452 2640 5525 μέρους
2675 5454 2888 5524 φύσεως
2910 5454 3128 5525 Πατέρα
3156 5455 3343 5521 λέγετε
3372 5453 3463 5507 τὸν
3494 5454 3713 5523 Πατέρα
3732 5470 3744 5481 ·
3787 5471 3893 5522 μεν

2318 5545 2473 5613 ρικοῦ
2501 5546 2558 5599 δὲ
2588 5546 2741 5610 ὄντος
2761 5546 2855 5600 τοῦ
2878 5547 3053 5615 Λόγου
3085 5547 3225 5601 κατὰ
3250 5545 3346 5616 τὴν
3376 5543 3608 5615 φυσικὴν
3636 5546 3890 5614 υίότητα.

2316 5634 2525 5688 καὶτοῦ
2560 5637 2773 5707 Πατρδς
2802 5637 2956 5690 ἔσται
2997 5637 3136 5691 κατὰ
3164 5636 3264 5707 τὴν
3299 5635 3533 5706 φυσικὴν
3573 5635 3896 5704 πατρότητα

2320 5728 2587 5796 μερικὴὴ
2637 5729 2947 5798 πατρότης·
3004 5728 3239 5797 ἑκατέρα
3300 5723 3393 5780 οὖν
3446 5726 3551 5778 τῶν
3595 5724 3688 5777 δύο
3723 5725 3893 5782 Θείων
