4102 6466
210 390 322 454 1⁸731

1328 395 1623 454 CONTRA
1666 395 2261 456 MONUPl-IYSlTAS.

3316 387 3329 446 1
3343 388 3445 446 782

203 503 558 566 ὑποστάσεων,
588 501 689 555 τοῦ
721 521 782 555 τε
813 504 1026 574 Πατρὸς
1053 505 1144 557 καὶ
1163 505 1255 556 τοῦ
1279 505 1431 570 Υἱοῦ,
1463 508 1566 559 ἀνὰ
1596 509 1766 575 ¹ἥμισυ

1878 519 1992 557 rum
2044 502 2551 562 subsistentiartmi,
2585 510 2635 551 et
2681 501 2862 554 Patris
2901 509 2954 552 et
2981 499 3122 558 Filii,
3153 498 3217 550 de
3267 499 3446 550 media

203 593 357 662 λείψει
383 593 476 646 τοῦ
508 595 650 647 κατὰ
691 595 856 662 φύσιν
879 596 1077 663 Λόγου,
1127 597 1220 649 καὶ
1260 599 1360 651 οὐκ
1396 598 1547 651 ἔσται
1583 598 1766 650 τελεία

202 684 349 748 φύσις
388 685 444 738 ἐν
474 702 582 736 τινι
620 685 734 738 τῶν
763 686 1068 756 προσώπων
1101 687 1447 760 θεωρουμένη
1479 692 1576 758 τῆς
1609 689 1767 756 ἁγίας

201 775 414 845 τριάδος
435 792 449 806 ο
480 773 601 828 εἶτα
630 774 816 829 δὲ’καὶ
863 777 996 847 τῷδε
1044 779 1403 832 ἐπισκεπτέον
1436 781 1512 848 τῷ
1555 782 1764 848 ἀτόπῳ,

201 870 273 918 ὅτι
300 868 447 919 ἔσται
478 868 682 922 οὑτωσὶ
713 868 925 935 λέγειν’
967 871 1049 922 ὅτι
1095 871 1142 923 εἰ
1172 871 1310 940 μετὰ
1355 873 1554 943 σαρκὸς
1586 873 1768 926 τελεία

203 957 406 1023 γέγονεν
437 960 470 1028 ἡ
503 958 669 1026 φύσις
711 959 804 1011 τοῦ
841 960 1036 1026 Λόγου,
1074 961 1136 1013 ἐκ
1183 964 1280 1031 τῆς
1314 963 1642 1031 σαρκώσεως
1673 965 1768 1016 τοῦ

205 1046 320 1098 Υίοῦ
345 1047 480 1117 πρὸς
516 1049 606 1102 τὸν
639 1049 836 1101 ἑαυτοῦ
872 1050 1044 1117 Λόγον
1072 1052 1098 1103 ὅ
1138 1068 1196 1102 τε
1230 1052 1360 1114 Υἱὸς
1391 1053 1485 1105 καὶ
1522 1055 1550 1105 6
1579 1050 1768 1124 Πατῆρ

207 1137 524 1203 προέκοψαν,
562 1139 650 1192 ἵνα
689 1141 784 1191 καὶ
815 1141 978 1204 αὐτὸς
1015 1141 1226 1196 τελείου
1252 1143 1384 1196 Υίοῦ
1415 1145 1628 1208 τέλειος
1652 1148 1764 1201 Πα-

206 1227 296 1297 τὴρ
323 1231 441 1301 εἴη’
492 1234 540 1283 εί
592 1231 648 1283 δὲ
687 1230 859 1284 ταῦτα
915 1234 1330 1304 εὑλαὸηθέντες.
1381 1237 1443 1291 τὸ
1483 1237 1599 1290 ὅλον
1627 1233 1787 1289 εἶναι’

207 1320 291 1387 τῆς
312 1322 440 1386 μιᾶς
467 1322 687 1402 φύσεῳς
713 1323 807 1376 τοῦ
838 1325 1074 1394 Χριστοῦ
1103 1327 1194 1382 τὸν
1227 1329 1285 1379 ἐν
1315 1327 1465 1398 αὐτῷ
1500 1327 1642 1385 Θεῖον
1667 1333 1769 1388 Λό-

207 1427 289 1474 γον
320 1414 474 1479 φατὲ,
510 1415 730 1484 πρῶτον
766 1415 866 1484 μὲν
896 1417 927 1486 ἢ
971 1418 1034 1470 τὸ
1065 1419 1188 1472 ὅλον
1218 1421 1489 1474 δεδώκατε
1520 1425 1612 1476 τοῦ
1639 1426 1771 1495 Χρι-

210 1501 318 1552 στοῦ
347 1503 440 1554 καὶ
479 1506 583 1576 πρὸ
617 1506 856 1575 Χριστοῦ
890 1503 1052 1573 εἶναι,
1097 1510 1327 1580 ἐπείπερ
1378 1508 1446 1582 ἦν
1469 1515 1639 1578 Λόγος
1679 1517 1773 1567 καὶ

207 1592 301 1659 πρὸ
328 1594 424 1663 τῆς
445 1596 693 1659 ἑνώσεως
725 1598 890 1650 αὐτοῦ
915 1600 1011 1668 τῆς
1044 1600 1182 1669 πρὸς
1215 1603 1464 1672 σάρκα,ἢ
1487 1604 1578 1656 τὸν
1597 1605 1770 1672 Λόγον

205 1685 258 1734 σὺ
287 1685 467 1750 λέγετε
501 1686 744 1758 ὑπάρξαι
771 1689 879 1758 πρὸ
925 1694 1021 1761 τῆς
1066 1692 1269 1762 σαρκὸς
1311 1694 1547 1764 Χριστοῦ
1573 1713 1584 1725 ·
1619 1696 1770 1748 ἔσται

207 1769 289 1856 οῦν
315 1773 484 1836 οὕτως
511 1793 526 1807 ·
562 1779 781 1848 πρῶτον
806 1781 1008 1834 οἰκεῖον
1037 1781 1098 1834 τδ
1147 1782 1289 1848 ὅλον,
1345 1784 1516 1855 αἴπερ»
1536 1787 1769 1856 Χριστὸς

1875 602 2028 663 parte
2061 592 2282 665 deﬁciet
2311 609 2339 645 a
2368 591 2544 644 Verbo
2590 592 2896 643 secundum
2945 598 3219 650 naturam,
3254 598 3309 642 et
3341 603 3448 641 non

1873 683 1980 736 erit
2007 682 2250 751 perfecta
2280 694 2475 734 natura
2500 681 2552 732 iu
2580 670 2761 748 aliqua
2798 695 3160 749 personarum
3200 680 3452 732 conside-

1877 782 1991 827 rata
2019 783 2219 827 sanctae
2242 772 2558 837 Trinitatis;
2584 772 2782 826 deinde
2803 771 3226 841 etpensaudum
3253 772 3320 823 de
3349 771 3453 822 hoc

1875 863 2139 927 absurdo,
2175 863 2322 931 quod
2366 863 2472 916 erit
2505 863 2582 916 sic
2616 864 2802 916 dicere
2843 880 2855 915 :
2891 863 3019 931 quia
3049 863 3093 916 si
3127 877 3251 914 cum
3287 876 3451 914 carne

1876 952 2118 1021 perfecta
2149 952 2289 1005 facta
2315 962 2399 1005 est
2429 963 2625 1006 natura
2658 952 2846 1017 Verbi,
2873 967 2938 1005 ex
2970 952 3344 1004 incarnatione
3373 950 3455 1003 Fi-

1875 1044 1934 1098 lii
1965 1043 2032 1097 ad
2056 1036 2230 1113 ipsius
2258 1044 2497 1098 Verbum
2523 1053 2578 1098 et
2611 1044 2783 1097 Filius
2825 1053 2881 1097 et
2909 1043 3069 1097 Pater
3103 1058 3451 1112 progressqu

1876 1135 2147 1198 fecerunt,
2187 1145 2244 1188 ut
2282 1136 2396 1204 ipse
2438 1135 2666 1204 perfecti
2703 1135 2822 1189 Filii
2852 1135 3130 1204 perfectus
3159 1133 3230 1193 sit
3265 1132 3450 1196 Pater,

1877 1231 1922 1283 si
1947 1246 2077 1283 vero
2118 1229 2218 1283 ista
2245 1228 2497 1298 religiose
2545 1231 2872 1299 cogitantes,
2915 1236 3090 1281 totum
3119 1242 3241 1283 esse
3290 1226 3456 1279 unius

1878 1325 2087 1372 natura:
2114 1315 2316 1370 Christi
2368 1316 2613 1371 divinum
2651 1315 2798 1385 quod
2843 1316 2899 1369 in
2937 1315 3054 1384 ipso
3096 1324 3181 1370 est
3214 1314 3452 1368 Verbum

1878 1406 2084 1468 dicitis,
2105 1405 2282 1476 primo
2318 1406 2563 1475 quidem,
2592 1415 2685 1460 aut
2722 1415 2892 1460 totum
2913 1405 3145 1461 dedistis
3166 1404 3371 1460 Christi
3401 1416 3455 1458 et

1875 1506 2002 1551 ante
2023 1496 2305 1551 Christum
2337 1511 2480 1561 esse,
2507 1496 2955 1566 quandoquidem
2992 1507 3112 1550 erat
3135 1497 3375 1550 Verbum
3400 1508 3458 1550 et

1878 1597 2004 1642 ante
2048 1587 2438 1642 adunationem
2488 1588 2664 1657 ipsius
2694 1587 2758 1641 ad
2791 1603 3032 1652 carnem,
3083 1597 3176 1642 aut
3214 1588 3454 1642 Verbum

1880 1695 1987 1733 non
2012 1679 2193 1733 dicitis
2213 1694 2337 1733 esse
2359 1689 2490 1733 ante
2522 1695 2743 1733 carnem
2759 1678 2961 1733 Christi
2995 1698 3006 1732 :
3033 1680 3140 1734 erit
3174 1695 3304 1750 ergo
3342 1680 3453 1734 sic:

1879 1772 2117 1841 primum
2153 1779 2328 1825 totum
2362 1771 2668 1841 proprium,
2711 1771 2983 1840 siquidem
3020 1770 3276 1827 Christus
3300 1771 3457 1840 cujus

206 1855 259 1912 οὗ
287 1866 397 1918 ἐστι
426 1867 488 1919 τὸ
528 1867 651 1921 ὅλον
689 1871 718 1922 6
745 1869 888 1934 θεῖος
926 1872 1119 1940 Λόγος,
1151 1874 1179 1924 6
1225 1875 1330 1945 πρὸ
1361 1875 1571 1930 αίώνων
1592 1855 1772 1948 προὺ-

1878 1868 1959 1915 est
1979 1876 2140 1916 omne
2167 1861 2414 1915 divinum
2435 1861 2699 1925 Verbum,
2722 1861 2915 1930 quiest
2935 1869 3061 1916 ante
3108 1861 3309 1915 sacula
3328 1870 3455 1914 ante

211 1954 505 2031 nﬁpxsirﬁc
541 1959 746 2028 σαρκὸς
803 1963 994 2017 ἑαυτοῦ
1029 1965 1062 2033 ἦ
1111 1967 1227 2021 ἐστι
1275 1968 1444 2038 μέρος
1488 1970 1727 2040 Χριστοῦ
1754 1988 1767 2003 ο

207 2041 313 2099 εἶτα
337 2049 394 2100 δὲ
421 2050 586 2104 πάλιν
613 2068 626 2081 ³
660 2053 781 2116 πῶς
803 2053 910 2118 ἕξει
957 2057 1052 2109 καὶ
1087 2058 1253 2128 μέρος
1278 2060 1478 2130 ἑαυτῆς
1509 2063 1658 2115 τόνδε
1680 2063 1773 2115 τὸν

209 2135 367 2202 Λόγον
399 2138 561 2208 ήμία
591 2139 777 2207 φύσις,
810 2143 870 2196 ὃν
917 2143 1029 2212 ἔχει
1069 2145 1167 2216 ήδη
1190 2146 1266 2210 ὡς
1315 2148 1457 2214 ὅλον,
1497 2151 1596 2203 οὐκ
1626 2151 1772 2206 ἐστιν

208 2225 323 2278 ιὸεἶν
344 2244 358 2257 ·
391 2230 453 2282 οὐ
487 2230 595 2300 γὰρ
626 2233 690 2284 τὸ
719 2233 850 2286 αὐτὸ
884 2235 979 2287 τοῦ
1022 2236 1187 2307 αὑτοῦ
1223 2238 1388 2309 μέρος
1429 2258 1485 2292 τε
1527 2241 1621 2294 καὶ
1651 2242 1772 2296 ὅλον

206 2315 344 2370 ἔσται
371 2320 613 2376 πώποτε.
665 2325 789 2377 Ἔτι
823 2326 1006 2393 μέντοι
1031 2329 1125 2382 καὶ
1168 2330 1196 2400 ἡ
1234 2329 1371 2400 σὰρξ
1398 2333 1538 2386 κατά
1566 2335 1773 2403 ταύτην

206 2409 349 2477 ὑμῶν
387 2412 487 2482 τὴν
518 2414 818 2484 ἀπόκρισιν
862 2418 1261 2490 ἐκϐληθήσεται
1299 2424 1478 2493 πάντη
1510 2425 1770 2496 Χριστοῦ,

206 2499 292 2568 τῆς
327 2505 452 2568 μιᾶς
483 2503 685 2575 ταύτης
719 2507 871 2576 ὑμῶν
901 2508 1115 2577 φύσεως
1145 2511 1248 2565 ὑπὸ
1275 2512 1368 2566 τοῦ
1403 2516 1578 2583 Λόγου
1609 2519 1771 2587 μόνου

208 2593 688 2667 συμπληρουμένης
715 2598 815 2667 ήδη
837 2613 851 2627 ο
883 2598 913 2668 ἢ
946 2601 1321 2672 προσθήσεται
1353 2591 1444 2657 καὶ
1488 2607 1647 2678 αὑτὴ,
1679 2610 1774 2662 καὶ

206 2683 292 2734 οὐκ
320 2684 468 2739 ἔσται
515 2688 643 2756 ὑμῖν
679 2690 822 2742 κατὰ
865 2692 1078 2746 σκοπὸν,
1116 2694 1194 2752 ἔτι
1248 2696 1307 2749 τὸ
1368 2701 1731 2770 συναγόμενον
1757 2719 1771 2732 °

193 2776 303 2827 ’πᾶν
336 2778 442 2848 γὰρ
475 2778 536 2830 τὺ
565 2781 705 2849 μετὰ
735 2781 833 2852 τὴν
870 2785 1078 2838 οἰκείαν
1124 2787 1362 2859 φυσικὴν
1412 2791 1640 2862 όλότητα
1667 2797 1773 2848 τιν)⁸

207 2865 682 2938 ὲπιϐεωρούμενον,
717 2875 973 2944 περισσόν
1003 2893 1054 2928 τι
1092 2879 1255 2931 ποσὸν
1283 2881 1582 2948 ἐπεισάξει,
1614 2883 1772 2956 εἴπερ

207 2956 561 3032 ὅντως-τούτῳ
586 2964 872 3032 ἡνωμένον
901 2967 1039 3031 ἐστὶ,
1082 2972 1175 3022 καὶ
1215 2971 1273 3024 οὐ
1315 2973 1472 3042 μόνον
1515 2976 1652 3029 κατὰ
1688 2977 1775 3029 λό-

210 3063 291 3112 γον
319 3051 542 3114 κτίσεως
579 3053 713 3116 ἴσως
745 3055 990 3136 ὑπάρχον
1033 3059 1181 3129 αὐτῷ
1227 3061 1427 3127 ἔξωθεν
1477 3066 1772 3139 ἐπινοηθῆ-

1877 1967 2100 2007 carnem
2130 1952 2307 2022 ipsius
2333 1967 2456 2020 qua
2477 1951 2683 2006 Christi
2709 1967 2837 2020 pars
2871 1961 2957 2005 est
2975 1952 3219 2016 exstitit;
3254 1951 3452 2005 deinde

1874 2036 2075 2095 iterum
2108 2055 2119 2090 :
2157 2025 2437 2106 quomodo
2469 2031 2770 2092 habebitet
2801 2039 2975 2108 ipsius
3007 2048 3220 2094 naturae
3244 2047 3451 2109 partem

1876 2135 1980 2191 hoc
2003 2137 2242 2197 Verbum
2267 2146 2463 2192 natura
2483 2137 2830 2208 unica,un
2855 2138 3146 2209 habetjam
3174 2146 3234 2192 ut
3257 2147 3452 2204 totum,

1875 2244 1986 2282 non
2035 2237 2119 2286 est
2152 2229 2368 2296 videre;
2417 2244 2526 2285 non
2564 2230 2711 2283 enim
2743 2229 2888 2284 idem
2936 2229 3186 2300 ejusdem
3219 2231 3298 2286 rei
3328 2246 3456 2300 pars

1874 2328 1930 2374 et
1971 2328 2143 2374 totum
2171 2321 2281 2374 erit
2310 2318 2784 2389 unquam.Adhuc
2809 2319 3020 2374 scilicet
3056 2327 3113 2374 et
3151 2335 3280 2374 caro
3302 2321 3452 2390 juxta

1875 2411 2035 2466 hanc‘
2053 2412 2223 2481 ipsam
2255 2411 2424 2465 vestri
2448 2409 2865 2480 responsionem
2890 2409 3217 2480 projicietur
3234 2412 3455 2480 penitus

1875 2518 1904 2556 a
1936 2502 2179 2566 Christo,
2214 2502 2319 2556 hac
2351 2502 2512 2556 unica
2540 2502 2696 2573 juxta
2729 2517 2828 2556 vos
2846 2511 3045 2557 natura
3073 2518 3102 2556 a
3128 2502 3312 2558 Verbo
3337 2504 3456 2557 solo

1868 2597 1980 2666 jam
2011 2595 2314 2664 completa;
2359 2603 2454 2648 aut
2475 2594 2810 2665 adjungetur
2853 2604 2910 2649 et
2940 2595 3056 2664 ipsa
3087 2609 3238 2660 caro,
3266 2604 3321 2650 et
3347 2612 3454 2649 non

1873 2686 2696 2760 eritvobisjuxtaintentionem
2736 2686 2919 2741 adhuc
2943 2686 3092 2755 quod
3113 2696 3198 2741 est
3230 2688 3457 2741 conclu-

1872 2791 2013 2830 sum.
2035 2776 2168 2830 Nam
2190 2791 2352 2830 omne
2363 2777 2508 2845 quod
2530 2791 2627 2845 per
2642 2777 2866 2846 preprie
2881 2777 3192 2831 naturalem
3224 2777 3459 2847 integri-

1877 2873 2042 2920 tatem
2066 2866 2122 2919 in
2175 2867 2362 2935 aliquo
2401 2868 2717 2937 inspicitur,
2761 2869 3120 2924 excellentem
3167 2869 3459 2937 quamdam

1873 2953 2782 3026 quantitateminducet,siquidem
2807 2959 2988 3027 reipsa
3027 2959 3157 3014 huic
3187 2961 3302 3014 enti
3324 2960 3462 3014 adu-

1874 3055 2062 3099 natum
2084 3054 2188 3111 est,
2218 3062 2322 3105 nec
2341 3048 2517 3101 solum
2539 3048 2845 3103 secundum
2865 3049 3164 3104 creationis
3194 3051 3459 3106 rationem

212 3155 370 3227 σιται.
406 3144 617 3198 Οὐκοῦν
649 3148 700 3198 εί
731 3147 909 3201 ἄτοπα
935 3149 1062 3203 τάδε
1093 3152 1263 3218 ἐστὶν,
1305 3154 1363 3206 οὑ
1389 3155 1614 3210 δυνατὸν
1643 3161 1772 3228 μίαν

212 3233 340 3254 -I__!
401 3235 455 3254 ξι
522 3238 563 3254 ν
739 3238 763 3249 ο
853 3239 864 3254 ο
1022 3241 1034 3254 ί
1172 3243 1182 3254 Ι
1329 3245 1350 3254 ..
1401 3246 1413 3254 .
1498 3248 1537 3254 μ-
1648 3249 1662 3254 Α

1878 3137 2157 3204 ωίιυοιίιει·
2172 3137 2606 3193 exsistensextra
2626 3140 2761 3194 illud
2782 3141 2968 3211 excogi
2979 3141 3402 3211 tabitur.ltaque
3417 3144 3462 3197 si

1884 3229 2144 3254 --ιΑᾹέιιιιι
2191 3230 2527 3254 -L-.-...l:.-a-
2569 3231 2817 3254 I-L---..a
2880 3234 3093 3254 ---3--.μ
3137 3233 3338 3254 I‘L_2-.2
3395 3236 3430 3254 a-

210 3219 369 3286 εἰπεῖν
398 3235 494 3305 τὴν
521 3238 764 3306 Χριστοῦ
797 3239 978 3308 φύσιν,
1006 3241 1080 3304 ὡς
1116 3243 1283 3312 μέρος
1324 3245 1355 3315 ἢ
1383 3246 1459 3310 ὡς
1494 3248 1612 3302 ὅλον
1642 3219 1776 3306 bstu-

212 3323 423 3390 ροῦντας
453 3329 542 3380 τὸν
577 3330 753 3396 Λόγον
779 3332 811 3402 ἢ
838 3332 937 3401 τὴν
963 3335 1141 3403 σάρκα
1164 3335 1223 3387 ὲν
1253 3336 1414 3408 αὺτῇσ
1441 3338 1472 3408 ἢ
1499 3339 1592 3400 οὖν
1616 3342 1777 3411 ἑτέρα

210 3411 282 3473 τίς
311 3417 454 3469 ἐστιν
487 3419 518 3485 η
550 3418 818 3491 λεγομένη
857 3421 984 3490 ὑμῖν
1025 3422 1122 3490 μία
1150 3422 1331 3492 φύσις,
1375 3428 1526 3497 πσρὰ
1555 3430 1646 3482 τὸν
1676 3431 1780 3484 Λό-

211 3516 296 3573 γον
323 3506 495 3575 πάντη
537 3509 633 3560 καὶ
663 3510 766 3579 τὴν
815 3506 1015 3582 σάρδια,
1052 3514 1148 3577 καὶ
1193 3513 1316 3569 οὒτε
1362 3517 1497 3582 Θεὸς
1534 3520 1654 3575 οὐδὲ
1685 3521 1780 3574 ἄν·

215 3595 417 3665 Θρωπός
447 3601 620 3667 ἐστιν,
665 3601 700 3672 ἢ
753 3603 811 3655 οὐ
863 3604 960 3673 μία
1011 3605 1231 3670 πάντως
1283 3607 1422 3663 ἀλλὰ
1465 3610 1557 3666 δύο
1606 3613 1779 3681 ὑπάρ-

212 3703 403 3759 χουσιν.

273 3786 337 3832 κ’.
370 3781 486 3834 Ἔτι
519 3783 726 3850 φαμέψ
755 3784 838 3839 Τὰ
881 3785 1228 3855 συνελθόντα,
1269 3793 1297 3844 6
1327 3793 1498 3862 Λόγος
1529 3797 1644 3851 ἐστὶ
1689 3804 1780 3854 καί

213 3868 541 3960 ἡσᾲρξκὺςν
579 3864 657 3925 ὧν
705 3873 1008 3944 γενομένην
1037 3876 1133 3948 τὴν
1183 3877 1249 3931 ὲκ
1280 3879 1375 3934 δύο
1426 3883 1618 3940 ἕνωσιν
1644 3889 1781 3960 Χρι-

214 3958 328 4010 στοῦ
363 3978 518 4028 φατι,
548 3963 581 4036 ἦ
639 3963 830 4034 ἕτερόν
871 3982 925 4018 τι
958 3967 1116 4036 παρὰ
1163 3968 1333 4039 τάδε;
1405 3975 1565 4030 Ἀλλὰ
1602 3958 1780 4034 ταῦτα

213 4044 341 4104 εἶναι
371 4054 582 4140 παντως
605 4055 802 4124 ἐρεῖτεο
827 4057 1106 4129 μεμένηκε
1133 4060 1191 4112 δὲ
1213 4063 1309 4116 καὶ
1345 4065 1518 4134 Λόγος
1544 4070 1776 4140 όΛόγος,

215 4143 296 4238 καὶ
326 4134 464 4238 σὰρξ
503 4148 535 4215 ἡ
571 4147 708 4218 σάρξ
754 4149 893 4216 μετὰ
917 4149 1018 4220 τὴν
1066 4150 1284 4220 ἕνωσιν,
1319 4159 1367 4210 εί
1394 4161 1488 4212 καὶ⁵
1525 4134 1778 4238 ἡνωμένη

212 4233 280 4298 τῷ
309 4235 480 4304 Λόγῳ,
505 4241 598 4289 καὶ
621 4237 727 4307 ἰδίᾳ
744 4238 838 4291 τοῦ
870 4239 1297 4313 ίδιοποιουμὲνου
1327 4249 1498 4322 αότήν
1515 4269 1526 4282 ·
1550 4233 1667 4318 πῶς
1687 4233 1780 4312 οῦν

212 4321 266 4371 οὐ
295 4322 382 4376 δύο
406 4327 497 4379 καὶ
532 4328 648 4393 νῦν,
690 4328 765 4393 ὼς
793 4329 966 4397 Λόγος
993 4331 1086 4385 καὶ
1106 4333 1264 4404 σὰρξ,
1301 4339 1395 4391 καὶ
1417 4340 1494 4406 ὡς
1529 4343 1660 4401 ίδιον
1685 4349 1779 4402 καὶ

215 4411 648 4488 ίὸιοποιούμενον,
689 4419 902 4476 ἔσονται
923 4439 937 4487 ;

277 4597 371 4649 ια’.
403 4597 676 4668 Κύριλλος
707 4602 736 4653 6
766 4601 959 4674 Πατήρ
992 4621 1156 4675 φησιν
1212 4610 1271 4660 ἐν
1303 4609 1381 4678 τῷ
1420 4613 1623 4684 πρώτῳ
1673 4616 1782 4671 τῶν

218 4685 456 4777 ξχολίων,
490 4689 575 4743 ὅτι
607 4690 669 4742 τὸ
697 4691 938 4761 Χριστὸς
970 4694 1143 4765 ὄνομα
1183 4696 1307 4751 οὔτε
1364 4701 1494 4771 ὅρου
1547 4704 1781 4777 δύναμιν

215 4776 335 4843 ἔχει,
365 4778 482 4832 οῦτε
514 4781 614 4850 μέν
635 4797 783 4844 τινος
811 4783 1024 4852 οὐσίαν,
1060 4787 1088 4840 ὅ
1116 4788 1172 4841 τί
1226 4791 1360 4844 ποτέ
1392 4794 1534 4859 ἐστι,
1573 4776 1782 4866 σημαί-

213 4882 332 4928 νειν,
379 4869 632 4940 καθάπερ
666 4871 764 4926 καὶ
811 4872 872 4925 τὸ
911 4872 1204 4943 ἄνθρωπος
1255 4880 1288 4950 ἢ
1343 4882 1570 4956 ἵπποςῆ
1628 4885 1777 4955 βοῦς,

215 4958 519 5026 πράγματος
590 4962 649 5015 δι
727 4963 930 5033 μᾶλλον
1001 4969 1395 5040 ἑνεργουμὲνου
1465 4977 1592 5046 περί
1657 4995 1778 5032 τινα

216 5053 430 5103 ποιεῖται
483 5052 744 5121 δήλωσιν.
801 5056 865 5108 El
927 5053 1022 5113 οὖν
1085 5059 1210 5113 οὕτε
1280 5065 1588 5133 όριστικδν,
1652 5069 1778 5124 οὔτε

214 5145 547 5230 σημαντικὸν,
611 5145 804 5210 οὐσίας
862 5148 1021 5202 τοῦτό
1070 5153 1184 5205 ἐστι
1243 5154 1303 5206 τὸ
1357 5155 1560 5226 ὄνομα,
1620 5160 1779 5230 δῆλον

211 5229 284 5281 ὅτι
315 5235 555 5298 φυσικῶς
580 5249 609 5300 ς·
633 5234 859 5290 οὕτωδὶ
895 5245 1361 5312 προσαγορευτέον
1401 5247 1508 5300 τινὶ
1541 5249 1640 5319 τὴν
1657 5251 1778 5303 καθ’

213 5322 344 5390 ὑμᾶς
393 5325 521 5394 μίαν
574 5327 810 5398 Χριστοῦ
836 5330 1030 5399 φύσιν·
1075 5334 1192 5386 ἀλλ’
1226 5336 1347 5388 οὐδὲ
1399 5339 1553 5406 Θεὸν,
1609 5343 1776 5413 μέρος

211 5414 310 5484 γὰρ
331 5418 497 5489 αὐτῆς
522 5436 534 5448 ·
564 5421 593 5472 6
629 5421 709 5486 δὲ,
735 5421 858 5474 οὔτε
914 5423 1204 5496 ἄνθρωπον
1225 5443 1238 5456 ’
1298 5429 1397 5482 καὶ
1445 5431 1605 5486 τοῦτο
1663 5437 1774 5505 γὰρ

210 5508 393 5575 ὁμοίως
407 5512 544 5582 Εχιιο
578 5514 630 5566 τί
660 5510 759 5568 οῦν
791 5515 890 5585 τῆς
914 5517 1169 5589 ὁλότητος
1202 5521 1376 5591 αὐτῆς
1401 5521 1574 5593 ὄνομά
1630 5526 1771 5588 ἐστι,

213 5597 416 5654 εῐπατε·
451 5604 641 5676 ὥσπερ
675 5606 776 5676 τῆς
808 5607 1160 5679 ἀνθρωπείας
1198 5611 1386 5682 ἕτερόν
1407 5630 1461 5666 τι
1484 5615 1638 5685 παρὰ
1667 5615 1772 5684 duo

214 5693 302 5761 χὴν
327 5697 412 5749 καὶ
435 5697 594 5769 σῶμα
616 5701 1043 5772 καταφὰσκομεν
1065 5717 1077 5732 ο
1105 5705 1165 5756 τὸ
1183 5703 1293 5774 γὰρ
1311 5706 1548 5776 Χριστὸς
1569 5709 1772 5777 κρίσιν,

216 5785 352 5855 φησι,
406 5793 656 5862 σημαίνει
720 5793 846 5865 περί
893 5812 1017 5850 τινα
1062 5797 1376 5868 χριόμενον·
1429 5799 1507 5853 ὅτι
1543 5799 1599 5854 δὲ
1649 5799 1772 5853 οὔτε

1881 3229 2148 3299 praedicta
2189 3230 2530 3288 absurditate
2567 3231 2840 3298 laborant,
2880 3234 3097 3288 unicam
3137 3233 3341 3288 Christi
3377 3236 3463 3289 di-

1881 3335 2007 3375 cere
2062 3329 2319 3374 naturam
2357 3321 2532 3386 nefas.
2560 3322 2675 3377 sive
2721 3331 2931 3392 partem
2964 3324 3081 3378 sive
3114 3333 3287 3379 totum
3326 3327 3463 3381 Ver-

1880 3411 2012 3465 bum
2048 3422 2144 3467 aut
2193 3427 2415 3467 carnem
2460 3413 2517 3466 in
2549 3413 2650 3472 hac
2693 3425 2894 3470 natura
2939 3417 3322 3483 consideretis.
3366 3419 3462 3474 Vel

1881 3517 2013 3573 ergo
2049 3503 2157 3558 alia
2189 3503 2439 3573 quadam
2480 3512 2568 3559 est
2607 3504 2757 3560 dicta
2796 3521 2828 3560 a
2858 3507 3017 3561 vobis
3050 3507 3213 3563 unica
3247 3518 3460 3571 natura,

1880 3606 2052 3669 prope
2093 3594 2332 3649 Verbum
2356 3609 2583 3665 prorsus
2615 3605 2673 3650 et
2698 3611 2869 3666 prope
2893 3613 3140 3662 carnem,
3180 3615 3284 3654 nec
3321 3600 3466 3655 Deus

1881 3703 1986 3742 nec
2010 3689 2175 3745 homo
2204 3695 2310 3754 est,
2343 3689 2428 3745 vel
2455 3704 2568 3744 non
2596 3705 2706 3746 una
2734 3705 2864 3745 sane
2894 3690 2991 3744 sed
3028 3691 3139 3746 duo
3165 3700 3312 3748 sunt.

1953 3792 2044 3846 20.
2081 3793 2277 3849 Adhuc
2300 3794 2602 3864 loquimur.
2636 3793 2768 3860 Quae
2816 3810 2925 3849 una
2955 3797 3317 3862 conveniunt,
3353 3797 3468 3853 haec

1886 3885 2126 3942 Verbum
2152 3895 2208 3940 et
2249 3902 2400 3952 caro,
2426 3902 2455 3941 a
2496 3888 2702 3957 quibus
2733 3887 2930 3942 factam
2953 3904 2984 3944 e
3011 3888 3228 3944 duobus
3261 3891 3471 3950 adunco

1883 3977 2091 4031 tionem
2132 3976 2338 4032 Christi
2390 3979 2596 4045 dicitis,
2648 3987 2744 4034 aut
2789 3981 2939 4035 aliud
2990 3982 3291 4052 quidquam
3323 3985 3471 4038 ista?

1883 4065 1988 4122 Sed
2025 4069 2218 4123 eadem
2237 4085 2360 4125 esse
2389 4072 2611 4139 penitus
2641 4071 2868 4137 dicetis;
2907 4075 3173 4129 remansit
3205 4087 3389 4130 autem
3414 4088 3470 4132 et

1881 4159 2125 4214 Verbum
2171 4160 2411 4216 Verbum
2444 4171 2500 4215 et
2550 4178 2682 4216 caro
2721 4179 2851 4218 caro
2892 4174 3017 4233 post
3046 4165 3462 4230 adunationein,

1882 4251 2132 4321 quamvis
2153 4252 2307 4306 unita
2330 4248 2512 4308 Verbo
2539 4262 2594 4306 et
2609 4253 2830 4323 propria
2855 4254 3022 4325 hujus
3043 4257 3138 4324 qui
3171 4256 3319 4312 illam
3347 4273 3466 4313 esse

1882 4355 2038 4396 suam
2081 4343 2238 4408 fecit;
2284 4343 2562 4413 quomodo
2600 4361 2732 4416 ergo
2767 4363 2876 4400 non
2914 4346 3026 4402 duo
3056 4356 3112 4402 et
3150 4365 3298 4404 nunc
3327 4352 3466 4405 sicut

1883 4432 2124 4490 Verbum
2146 4443 2202 4489 et
2222 4449 2372 4501 caro,
2413 4442 2470 4489 et
2502 4429 2648 4490 sicut
2685 4437 2972 4506 proprium
2995 4446 3050 4494 et
3077 4454 3239 4495 suum
3265 4439 3470 4496 faciens

1801 4522 1855 4581 D
1881 4523 2162 4593 proprium
2191 4525 2386 4578 erunt?

1954 4614 2042 4666 2|.
2099 4613 2338 4684 Cyrillus
2391 4613 2552 4670 Pater
2595 4614 2733 4671 dicit
2789 4616 2846 4670 in
2903 4616 3242 4674 scholio‘rum
3295 4624 3469 4690 prium

1882 4705 2031 4774 quod
2065 4705 2271 4761 Christi
2298 4721 2500 4761 nomen
2523 4723 2628 4762 nec
2645 4707 2988 4764 deﬁnitionis
3012 4711 3119 4764 vim
3138 4712 3330 4776 habet,
3370 4731 3470 4767 nec

1883 4795 2169 4866 cujusdam
2207 4797 2527 4860 essentiam,
2573 4797 2870 4868 cujuslibet
2895 4799 2987 4862 sit,
3023 4800 3346 4871 designandi
3395 4804 3470 4856 Iu-

1882 4901 2008 4940 cum
2027 4886 2214 4952 habet,
2238 4888 2382 4942 sicut
2416 4897 2473 4943 et
2503 4888 2670 4943 homo
2700 4898 2794 4942 aut
2833 4903 3033 4959 equus,
3073 4901 3169 4945 aut
3196 4892 3316 4957 bos,
3361 4894 3471 4948 imo

1880 4992 2015 5032 vero
2040 4978 2246 5048 negotii
2275 4977 2459 5032 eﬂ'ecti
2484 4979 2634 5034 circa
2655 4980 2896 5050 aliquem
2935 4981 3469 5040 demonstratiOnem

1880 5068 2108 5136 praebet.
2137 5067 2193 5122 Si
2219 5082 2350 5138 ergo
2375 5083 2479 5125 nec
2504 5067 2780 5124 deﬁniens
2795 5085 2901 5124 nec
2925 5070 3246 5140 signiﬁcans
3275 5088 3468 5127 essen-

1882 5157 1971 5212 tia:
1997 5172 2195 5212 nomen
2220 5157 2274 5211 id
2298 5154 2401 5222 e's'i,
2420 5158 2594 5227 liquet
2615 5158 2759 5228 quod
2793 5159 3018 5229 physice
3042 5161 3122 5214 sic
3153 5163 3350 5230 quovis
3371 5180 3470 5216 no-

1881 5251 2026 5304 mine
2049 5250 2292 5304 vocanda
2317 5267 2420 5304 una
2442 5251 2596 5321 juxta
2619 5266 2718 5304 vos
2731 5249 2939 5305 Christi
2966 5261 3160 5306 natura
3187 5270 3199 5305 :
3228 5255 3322 5306 sed
3360 5270 3462 5308 nec

1881 5343 2050 5396 Deum
2088 5342 2332 5406 vocabis,
2384 5356 2512 5411 pars
2540 5342 2688 5397 enim
2731 5351 2939 5396 natura:
2995 5343 3158 5413 hujus
3203 5354 3318 5409 est;
3381 5347 3469 5400 hic

1881 5447 2032 5495 vero,
2065 5447 2166 5486 nec
2193 5432 2494 5496 hominem,
2524 5431 2592 5486 de
2609 5447 2719 5500 quo
2744 5430 2952 5500 pariter
2972 5433 3318 5501 arguendum
3350 5444 3466 5498 est;

1879 5520 2012 5590 quid
2041 5536 2176 5592 ergo
2211 5522 2548 5592 integritatis
2575 5536 2776 5577 nomen
2813 5522 2905 5588 sit,
2934 5521 3141 5587 dicite;
3181 5525 3327 5579 sicut
3364 5525 3468 5578 hu-

1878 5617 2198 5670 manitatem
2246 5616 2414 5670 aliutn
2463 5617 2594 5685 quid
2650 5625 2847 5684 praeter
2887 5615 3123 5670 animant
3165 5625 3221 5669 et
3269 5636 3470 5688 corpus

1877 5708 2243 5774 allirmamus;
2281 5725 2407 5762 nam
2435 5725 2536 5763 vox
2584 5707 2842 5762 Christus
2886 5710 3465 5780 unctionetn,’inquit,

1878 5799 2130 5871 designat
2157 5801 2304 5854 circa
2337 5802 2627 5870 quemdam
2659 5808 2924 5868 unctum;
2973 5801 3101 5870 quia
3137 5819 3239 5856 nec
3276 5805 3467 5858 unctio
