4102 6502
646 400 781 466 1783

1912 404 2219 464 LEDNTll
2265 403 2661 462 BYZANTINI

3756 393 3903 456 HM

637 515 843 583 absque
875 512 1176 567 chrismate
1214 512 1581 568 subsistentia:
1608 513 1932 577 adhaerenti,
1964 528 2067 567 nec
2114 529 2213 566 un-

2321 515 2494 583 χρίσις
2548 513 2674 565 ἄνευ
2712 513 3049 581 οὖσιωμὲνου
3095 510 3418 580 χρίσματος,
3450 506 3572 559 οὔτε
3601 506 3906 576 χριόμενος

637 615 757 661 etus
787 605 994 675 absque
1028 604 1381 659 subsistentia
1408 605 1698 674 quisquam
1730 614 1835 669 est,
1885 620 1985 659 nec
2031 603 2225 659 adhuc

638 697 880 751 chrisma
913 704 968 750 et
994 704 1221 749 unctum
1255 711 1361 750 una
1390 703 1475 750 est
1494 695 1876 761 subsistentia,
1902 695 2211 750 evidenter.

642 784 840 839 Merito
884 799 1016 854 ergo
1069 794 1119 839 ct
1174 798 1358 838 rerum
1411 792 1466 837 ct
1516 784 1802 838 nominum
1858 785 2212 856 physicorum

645 876 947 944 dupliciter
976 885 1181 930 certam
1211 876 1460 930 notitiam
1487 876 1783 941 habentes,
1828 876 1937 930 duo
1975 876 2214 931 dicimus

641 967 847 1022 Christi
888 976 1137 1021 naturas.

710 1100 800 1154 2‘2.
834 1098 1029 1153 Adhuc
1066 1099 1133 1153 ad
1172 1115 1268 1154 vos
1309 1099 1591 1168 loquimur
1626 1099 1695 1154 de
1736 1101 2020 1169 proposito
2057 1101 2217 1155 vobis

642 1200 809 1258 prout
836 1189 1054 1254 divino;
1082 1189 1300 1259 generis
1329 1204 1528 1243 nomen
1562 1204 1671 1243 non
1702 1190 1947 1245 admittit
1970 1206 2220 1261 quocun-

644 1298 751 1352 que
787 1282 954 1336 modo
989 1300 1002 1335 :
1041 1298 1150 1350 quo
1186 1284 1333 1337 enim
1373 1281 1552 1351 primo
1587 1290 1847 1345 auctore,
1882 1281 2016 1351 quid
2052 1282 2219 1336 altius

642 1388 817 1441 genus
845 1373 983 1427 erit?
1012 1373 1152 1429 Illud
1186 1390 1354 1428 unum
1388 1374 1687 1443 dupliciter
1714 1384 1924 1428 tantum
1957 1374 2024 1427 de
2054 1372 2218 1427 Chri-

644 1475 732 1518 sto
772 1465 1077 1519 secundum
1126 1466 1513 1534 principaliora
1562 1465 1768 1519 dicitur
1807 1464 2005 1528 verba;
2038 1472 2220 1532 .atque

644 1557 691 1610 si
735 1557 1039 1611 secundum
1079 1558 1181 1611 ista
1216 1558 1381 1611 verba
1417 1558 1647 1611 cuilibet
1681 1556 2099 1610 concedendum
2136 1564 2222 1609 est

644 1649 700 1703 id
738 1649 815 1704 ibi
849 1650 1065 1715 dicere;
1104 1659 1162 1704 et
1193 1649 1305 1704 duo
1337 1649 1635 1718 dupliciter
1665 1663 1787 1702 esse
1822 1647 1939 1702 haec
1970 1647 2219 1717 quaedam

645 1741 934 1807 dicuntur;
978 1741 1162 1810 itaque
1204 1740 1337 1795 illud
1381 1739 1528 1809 quod
1571 1746 1657 1793 est
1692 1753 1864 1792 unum
1909 1748 2005 1792 aut
2038 1738 2221 1806 specie

644 1840 740 1886 aut
764 1847 998 1886 numero
1019 1842 1107 1887 est
1131 1838 1334 1896 unum;
1366 1839 1424 1886 et
1448 1846 1568 1900 quin
1598 1836 1726 1882 sunt
1749 1828 1881 1896 duo,
1920 1838 2013 1884 aut
2039 1830 2222 1898 specie

644 1930 742 1977 aut
776 1939 1009 1977 numero
1046 1931 1175 1978 sunt
1210 1924 1352 1988 duo;
1394 1940 1517 1992 quae
1559 1923 1781 1991 quidem
1823 1922 2006 1991 specie
2050 1936 2221 1974 unum

647 2024 805 2077 sunt,
841 2014 1171 2082 completam
1216 2014 1501 2068 habebunt
1547 2012 1613 2066 ad
1658 2013 1893 2068 invicem
1941 2012 2222 2082 physicam

649 2105 977 2173 paritatem;
1037 2120 1159 2173 quas
1207 2120 1340 2159 vero
1403 2105 1587 2173 specie
1648 2112 1778 2162 sunt
1830 2103 1942 2156 duo
2002 2102 2223 2170 penitus

647 2196 854 2250 habent
886 2197 1169 2267 physicam
1205 2196 1619 2267 disparitatem;
1659 2211 1782 2265 qum
1815 2209 1951 2250 vero
1980 2201 2222 2247 numero

644 2298 775 2343 sunt
800 2304 992 2353 unum,
1022 2279 1161 2341 nihil
1193 2287 1423 2357 impedit
1450 2287 1585 2356 quin
1616 2286 1684 2341 ad
1716 2284 1954 2340 invicem
1982 2285 2224 2339 habeant

648 2378 1047 2449 disparitatem,
1074 2380 1205 2434 licet
1230 2380 1437 2448 absque
1464 2378 1698 2437 invicem
1723 2392 1836 2431 non
1866 2376 2219 2441 dividantur;

646 2479 704 2524 et
748 2470 805 2523 in
858 2469 1084 2539 propria
1128 2470 1500 2525 delineatione
1550 2468 1900 2523 considerato
1946 2478 2218 2535 utroque,

648 2569 1010 2614 numerantur
1034 2559 1339 2615 secundum
1373 2560 1589 2613 numeri
1619 2558 1974 2614 deﬁnientem
1998 2571 2219 2620 vocem;

647 2652 728 2707 sic
759 2652 907 2706 enim
954 2651 1260 2721 cogitantes
1299 2659 1355 2705 et
1390 2658 1747 2705 numerantes
1785 2664 1957 2704 unum
1994 2647 2222 2717 quidem

645 2758 866 2797 omnem
895 2758 1243 2797 communem
1269 2743 1547 2797 hominem
1571 2751 1627 2798 et
1652 2757 1855 2812 equum
1886 2750 1942 2796 et
1967 2740 2221 2809 angelum

643 2834 855 2904 absque
892 2834 1001 2888 ulla
1033 2833 1342 2887 diﬂercntia
1378 2821 1729 2890 exsistcntem
1752 2832 1935 2903 specie
1974 2831 2219 2901 ejusdem

644 2933 858 2979 natura:
888 2925 942 2977 in
970 2924 1231 2977 omnibus
1262 2923 1435 2992 ipsius
1470 2924 1723 2993 partibus
1755 2923 2022 2988 dicimus;
2059 2921 2219 2975 diﬂ‘e-

646 3019 835 3066 renter
874 3026 1003 3065 vero
1042 3011 1243 3064 multas
1280 3012 1400 3081 ejus
1439 3020 1625 3081 partes
1662 3026 1895 3074 numero
1934 3010 2221 3080 cognosci~

646 3102 1101 3175 mus..Vicissim
1158 3102 1305 3157 enim
1363 3119 1639 3173 quamque
1696 3118 1886 3159 earum
1939 3103 2219 3157 numerari

2322 606 2569 667 ἀνούσιός
2602 604 2683 667 τίς
2739 607 2905 669 ἐστιν,
2933 602 3056 657 οὔτε
3097 602 3177 656 ἔτι
3207 602 3268 655 τὸ
3300 590 3626 671 χρίσμωκαὶ
3647 598 3713 651 τὸ
3739 600 3906 668 χριό-

2325 714 2482 766 μενον
2528 697 2627 765 μία
2665 696 2812 749 ἐστὶν
2857 694 3034 758 οὐσία,
3071 680 3325 763 φανερόν,
3380 690 3618 752 Εἰκότως
3666 686 3766 742 οὖν
3808 689 3909 741 καὶ

2322 788 2428 840 τῶν
2486 787 2830 856 πραγμάτων
2881 786 2976 840 καὶ
3035 784 3144 838 τῶν
3185 783 3466 852 ὀνομάτων
3492 781 3599 833 τῶν
3645 780 3911 848 φυσικῶν

2320 876 2512 939 διττῶς
2546 876 2930 946 εὐποροῦντες,
2963 877 3056 929 δύο
3085 874 3267 945 φαμὲν
3301 872 3401 934 τὰς
3427 871 3620 939 φύσεις
3652 869 3911 941 Χριστοῦ

2323 971 2504 1040 ἡμεῖς.

2393 1102 2496 1170 κβ’.
2535 1100 2731 1155 Ἔτιδέ
2767 1117 2949 1169 φαμεν
2980 1097 3116 1170 πρὸς
3143 1097 3288 1168 ὑμᾶς
3314 1098 3406 1150 ἐπὶ
3438 1096 3500 1149 τὸ
3534 1096 3917 1165 προκείμενον

2326 1192 2452 1261 ύμῖν
2474 1192 2572 1245 ἇτε
2603 1191 2768 1257 θεῖον,
2807 1190 3000 1258 γένους
3028 1188 3186 1256 λόγον
3214 1190 3315 1242 οὐκ
3345 1188 3658 1257 ἐπιδέχεται
3713 1188 3915 1239 ὁπωσ-

2324 1288 2443 1341 οῦν·
2478 1285 2529 1337 τί
2574 1284 2682 1356 γὰρ
2734 1283 2891 1337 τοῦδε
2920 1282 3141 1353 πρώτου
3169 1280 3347 1335 αἰτίου
3393 1282 3565 1342 όντος.
3626 1278 3917 1348 ἀνώτερον

2325 1380 2478 1432 ἔσται
2508 1375 2694 1443 γένοςς
2722 1374 2783 1426 τὸ
2811 1374 2869 1426 ἓν
2919 1372 3113 1436 διττῶς
3146 1372 3305 1441 μόνον
3357 1372 3451 1423 ἐπὶ
3480 1367 3725 1439 Χριστοῦ
3760 1368 3920 1419 κατά

2324 1470 2422 1530 τὰς
2455 1465 2795 1536 κυριωτέρας
2830 1463 3048 1530 λέγεται
3082 1461 3292 1529 φωνάς·
3328 1460 3382 1511 εῐ
3405 1476 3468 1526 γε
3492 1458 3751 1510 καὶκατὰ
3776 1458 3923 1529 tua):

2325 1574 2423 1621 τας
2458 1554 2839 1626 συγχωρητέον
2861 1553 2968 1605 τινὶ
3004 1553 3184 1619 λέγειν
3206 1552 3338 1604 αὐτὸ
3355 1548 3544 1603 ἐνθάδε
3567 1565 3582 1579 ο
3610 1547 3708 1600 καὶ
3732 1546 3840 1599 δύο
3864 1547 3920 1598 δὲ

2326 1648 2517 1711 διττῶς
2546 1643 2686 1700 εἷναι
2702 1645 2827 1700 τάδε
2863 1644 2984 1697 τινὰ
3012 1644 3261 1711 λέγονται
3288 1660 3301 1672 °
3334 1640 3396 1693 τὸ
3431 1636 3524 1694 οὖν
3554 1638 3611 1691 ἓν
3640 1638 3701 1691 δν
3740 1637 3777 1705 ἦ
3839 1636 3923 1704 τῷ

2328 1738 2475 1803 εῖδει,
2503 1735 2537 1805 ἢ
2563 1734 2641 1804 τῷ
2669 1732 2887 1802 ἀριθμῷ
2916 1733 3063 1784 ἐστιν
3094 1730 3152 1784 ἓν
3172 1747 3185 1763 ο
3210 1731 3306 1783 καὶ
3343 1729 3412 1781 τὰ
3438 1728 3570 1781 ὄντα
3594 1726 3709 1789 δύο,
3750 1727 3789 1795 ἢ
3841 1726 3922 1794 τῷ

2328 1828 2479 1886 εῖδει,
2505 1825 2537 1896 ἢ
2572 1825 2650 1894 τῷ
2675 1823 2895 1894 ἀριθμῷ
2934 1824 3052 1876 ἐστι
3079 1821 3173 1875 δύο
3196 1839 3211 1852 ·
3259 1821 3326 1873 τὰ
3364 1820 3463 1890 μὲν
3492 1818 3586 1871 οῦν
3614 1816 3671 1869 ἓν
3702 1817 3789 1885 τῷ
3841 1818 3920 1867 εἶ-

2323 1920 2403 1973 δει
2425 1920 2578 1980 ὄντα,
2602 1918 2789 1969 ’πᾶσαν
2814 1915 2925 1980 ἔξει
2943 1914 3080 1983 πρὸς
3111 1912 3316 1980 ἄλληλα
3337 1911 3435 1981 τὴν
3461 1908 3695 1979 φυσικὴν
3717 1909 3921 1977 όμοιό-

2324 2028 2461 2081 τητα
2478 2027 2491 2041 ο
2516 2003 2586 2062 τὰ
2613 2007 2672 2060 δὲ
2698 2007 2790 2061 δύο
2809 2006 2938 2060 ὄντα
2962 2006 3041 2075 τῷ
3066 2004 3221 2067 εἴδει,
3264 2003 3483 2063 πάκτως
3506 2000 3621 2070 εχει
3644 2000 3744 2070 τὴν
3810 2018 3923 2068 φυ-

2325 2101 2485 2167 σικὴν
2530 2097 2923 2168 ἀνομοιότητα·
2958 2095 3027 2148 τὰ
3084 2094 3142 2147 δὲ
3171 2093 3247 2163 τῷ
3295 2091 3517 2162 ἀριθμῷ
3546 2092 3603 2143 ἓν
3650 2089 3815 2154 ὄντα,
3856 2093 3923 2143 ού

2324 2189 2591 2245 κωλύεται
2624 2190 2681 2242 ὲν
2714 2190 2927 2251 ἑαυτοῖς
2952 2186 3098 2255 ἔχειν
3123 2184 3359 2254 φυσικὴν
3404 2183 3797 2253 ἀνομοιότητα,
3871 2184 3924 2235 εἱ

2323 2285 2416 2338 καὶ
2455 2283 2700 2353 ἀλλήλων
2733 2282 2903 2352 χωρὶς
2929 2280 3004 2348 μὴ
3031 2278 3346 2345 διεστήκασι
3370 2293 3383 2305 ο
3420 2274 3513 2328 καὶ
3563 2276 3619 2326 ὲν
3646 2273 3754 2343 ἰδίᾳ
3817 2291 3926 2326 tte-

2327 2378 2566 2448 ριγραφῇ
2594 2372 2969 2444 θεωρούμενον
3019 2370 3282 2439 ἑκάτερον
3333 2365 3697 2437 ἀριθμοῦνται
3754 2367 3920 2419 κατὰ

2321 2468 2412 2520 τὸν
2426 2466 2518 2519 τοῦ
2542 2463 2777 2536 ἀριθμοῦ
2802 2461 3159 2532 διωρισμένον
3180 2459 3336 2525 λόγον
3354 2474 3367 2489 ⁸
3392 2457 3564 2519 οὕτως
3585 2458 3694 2527 γὰρ
3714 2458 3922 2510 νοοῦν-

2321 2577 2413 2621 τες
2448 2558 2544 2611 καὶ
2581 2555 2964 2625 ἀριθμοῦντες,
2996 2552 3094 2605 ἕνα
3123 2551 3221 2620 μὲν
3256 2547 3435 2602 πάντα
3463 2550 3555 2602 τὸν
3599 2550 3787 2601 κοινὸν
3814 2549 3920 2601 ἄν·

2324 2652 2540 2722 θρωπον
2560 2649 2653 2703 καὶ
2676 2648 2841 2701 τππον
2858 2647 2953 2700 καὶ
2980 2644 3208 2712 ἄγγελον
3243 2641 3678 2712 ἀπαραλλάκτως
3707 2640 3925 2709 ἔχοντα

2321 2741 2398 2811 τῷ
2427 2741 2553 2793 εἴδει
2582 2743 2683 2810 τῆς
2712 2736 2880 2793 αὑτοῦ
2910 2737 3124 2805 φύσεως
3169 2735 3226 2786 ὲν
3266 2733 3395 2784 πᾶσι
3444 2734 3555 2794 τοῖς
3612 2730 3703 2783 ὑπ’
3736 2731 3926 2783 αὐτὸν

2321 2832 2547 2901 ἀτόμοις
2596 2830 2809 2902 φαμέν
2853 2824 3273 2898 κεχωρισμένως
3325 2822 3381 2874 δὲ
3428 2821 3600 2875 πολλα
3642 2821 3812 2875 τοῦδε
3850 2823 3926 2874 τὰ

2322 2930 2497 2998 ἄτομα
2524 2927 2603 2996 τῷ
2618 2922 2836 2996 ἀριθμῷ
2857 2912 3205 2992 γινῶσκομεν
3226 2942 3240 2957 ·
3272 2924 3374 2977 ἀνὰ
3415 2922 3581 2991 μέρος
3630 2920 3739 2998 γᾴρ
3771 2922 3924 2974 ἕκα-

2324 2991 2451 3069 στον
2468 2991 3034 3085 αὐτων-ἀριθμεῖσθαι
3066 2991 3370 3085 δυνάμενον
3403 3016 3590 3083 ἴσμεν·
3616 2991 3711 3065 καὶ
3738 3014 3928 3066 πάλιν
4000 3074 4005 3078 ι

2322 3109 2380 3160 ὲν
2403 3106 2479 3177 τῷ
2507 3107 2727 3177 ἀριθμῷ
2748 3106 2839 3160 τόν
2854 3124 2915 3161 τε
2948 3108 3154 3178 κόσμον
3179 3108 3318 3170 ὅλον,
3353 3107 3447 3160 καὶ
3496 3105 3589 3157 τόν
3618 3122 3742 3157 τινα
3815 3106 3923 3158 ἇν-

645 3192 1097 3263 possc‘scimus;
1143 3201 1200 3246 et
1241 3207 1433 3247 rursus
1480 3194 1534 3247 in
1579 3208 1811 3247 numero
1856 3204 1913 3247 et
1951 3191 2219 3247 mundum

2325 3196 2542 3267 θρωπον
2563 3197 2794 3266 λέγομεν
2810 3197 3005 3267 φύσεσι
3032 3202 3308 3269 μερικαῖς,
3339 3198 3371 3269 ἢ
3399 3199 3650 3267 φυσικοῖς
3678 3195 3925 3253 εἴδεσιν,

646 3284 969 3338 universum
984 3291 1058 3338 -et
1086 3282 1374 3337 hominum
1407 3284 1711 3353 quemlibet
1736 3283 1974 3339 dicimus
2003 3282 2224 3352 partitis

642 3376 861 3431 naturis
890 3386 983 3431 aut
1013 3375 1360 3430 naturalibus
1386 3374 1701 3444 speciebus,
1722 3389 1834 3429 non
1864 3389 2033 3428 unum
2064 3374 2219 3428 illum

648 3476 1040 3533 numerantes;
1090 3468 1260 3537 igitur
1304 3466 1373 3520 de
1420 3464 1653 3521 Domino
1694 3476 1915 3529 nostro,
1949 3465 2220 3535 siquidem

648 3559 1067 3627 simplicitatem
1114 3567 1340 3628 propter
1374 3572 1625 3626 persona:
1658 3557 1957 3619 unitatem,
1985 3565 2041 3610 et
2074 3554 2222 3608 inse-

647 3650 974 3720 parabilium
1007 3639 1062 3704 in
1096 3649 1213 3719 ipso
1248 3648 1747 3713 enumerationem,
1780 3657 2041 3717 tanquam
2072 3646 2220 3716 quod

649 3757 822 3796 unum
864 3751 951 3796 est
990 3742 1043 3794 in
1082 3755 1336 3803 numero,
1363 3738 1567 3805 dicitis,
1599 3739 1740 3794 bene
1777 3739 1989 3799 dicitis;
2032 3746 2088 3791 et
2118 3752 2221 3792 nos

647 3840 869 3901 oportet
894 3830 1179 3886 vobiscum
1212 3830 1346 3885 illud
1379 3831 1656 3900 accipere,
1682 3845 1809 3885 cum
1844 3828 2215 3884 conﬁteamini

647 3918 930 3988 physicam
965 3919 1270 3977 secundum
1302 3919 1447 3973 illam
1478 3918 1696 3973 unicam
1723 3932 2015 3987 personam
2039 3918 2219 3971 diver-

648 4008 902 4073 sitatem;
939 4010 983 4063 si
1018 4024 1156 4063 vero
1184 4007 1512 4077 juxta-illud
1547 4002 1819 4062 naturalis
1850 4006 2041 4061 forma:
2078 4022 2218 4060 enn—

646 4112 863 4153 merare
912 4112 1034 4168 qua:
1085 4100 1138 4153 in
1186 4098 1412 4154 Christo
1452 4099 1738 4164 volumus,
1770 4096 2217 4167 quandoquidem

645 4188 960 4244 conﬁtenda
1003 4199 1134 4243 sunt
1170 4190 1263 4244 illa
1296 4205 1418 4259 quae
1454 4188 1509 4242 in
1544 4189 1721 4244 forma
1753 4197 1883 4243 sunt
1916 4188 2218 4243 secundum
2268 4210 2271 4213 ·

645 4277 880 4334 ferinam
924 4280 1127 4334 similia
1171 4281 1485 4335 necessario
1519 4294 1672 4344 esse,
1703 4277 2019 4334 necessario
2056 4277 2223 4334 dissi-

649 4369 803 4423 milia
850 4378 1174 4432 cernentes,
1211 4386 1321 4424 non
1372 4370 1613 4438 amplius
1660 4369 1987 4424 audebimus
2034 4370 2223 4426 forma:

2319 3288 2416 3357 ούχ
2448 3288 2543 3342 ἕνα
2601 3287 2763 3341 αὐτὸν
2790 3288 3174 3357 ἀριθμοῦντες.
3218 3288 3344 3341 Ἐπὶ
3375 3283 3468 3341 οῦν
3501 3286 3595 3340 τοῦ
3623 3287 3928 3339 Δεσπότου

2321 3379 2503 3449 ἡμῶν,
2529 3380 2577 3431 εἰ
2620 3378 2717 3448 μὲν
2747 3378 2846 3447 τὴν
2873 3379 3078 3448 μονάδα
3109 3378 3198 3432 διὰ
3224 3378 3322 3447 τὴν
3342 3377 3437 3431 τοῦ
3463 3376 3762 3446 προσώπου
3796 3379 3928 3430 ἑνός

2321 3486 2477 3538 τητα,
2510 3471 2605 3522 καὶ
2630 3469 2728 3539 τὴν
2749 3470 2856 3522 τῶν
2888 3471 2945 3521 ὲν
2968 3469 3119 3538 αὐτῷ
3156 3468 3478 3539 ἀχωρίστων
3506 3455 3922 3534 ἐξαρίθμησιν.

2317 3557 2391 3618 ὡς
2431 3558 2546 3618 ἑνὸς
2595 3557 2745 3620 ὄντος
2775 3557 2851 3627 τῷ
2901 3557 3121 3628 ἀριθμῷ
3148 3574 3309 3625 φατε,
3340 3554 3523 3617 καλῶς
3555 3554 3775 3621 λέγετε,
3810 3558 3926 3607 καί

2321 3645 2466 3716 ἡμᾶς
2488 3647 2604 3698 δέον
2628 3648 2723 3699 σὺν
2742 3648 2869 3716 ὑμῖν
2893 3628 3054 3698 τοῦτο
3073 3645 3452 3716 ἀποδέχεσθαι,
3476 3643 3929 3713 ὡμολογημένον

2322 3735 2415 3790 τοῦ
2447 3738 2565 3789 κατ’
2592 3737 2723 3789 αὐτὸ
2751 3738 2812 3790 τὸ
2844 3737 2902 3790 ἓν
2934 3738 3222 3808 πρόσωπον
3255 3735 3489 3807 φυσικοῦ
3513 3735 3780 3805 διαφόρου
3806 3753 3821 3766 ο
3870 3740 3929 3790 εἰ

2320 3829 2377 3881 δὲ
2403 3828 2543 3881 κατὰ
2568 3827 2659 3881 τὸν
2693 3826 2788 3881 τοῦ
2821 3829 3055 3898 φυσικοῦ
3080 3828 3254 3892 εἴδους
3305 3826 3692 3897 ἀπαριθμῆσαι
3716 3827 3791 3881 τὰ
3860 3830 3931 3881 ὲν

2321 3919 2540 3990 Χριστῷ
2567 3918 2890 3988 βουλόμεθα,
2923 3920 3045 3974 ἐπεὶ
3071 3919 3417 3990 ὡμολόγηται
3450 3916 3519 3970 τὰ
3549 3917 3608 3968 ὲν
3652 3914 3732 3985 τῷ
3769 3917 3930 3971 εῖδει

2318 4011 2469 4074 ὄντα,
2503 4013 2620 4064 κατ’
2680 4005 2818 4074 εἶδος
2850 4012 3011 4079 ὃμοια
3035 4010 3155 4063 δέον
3208 4007 3373 4072 εἶναι,
3402 4007 3717 4077 ἀναγκαίως
3769 4009 3923 4063 ἀνόη-

2325 4118 2450 4170 μοια
2471 4101 2861 4172 θεωρήσαντες,
2897 4101 3077 4155 οὐκέτι
3101 4102 3453 4172 τολμήσομεν
3478 4100 3555 4169 τῷ
3584 4098 3679 4152 τοῦ
3722 4099 3931 4164 εἴδους

2322 4192 2694 4262 καταλόγῳέν
2737 4193 2907 4245 ταῦτα
2966 4193 3168 4260 λέγειν,
3210 4192 3344 4246 ἀλλὰ
3366 4190 3491 4243 δύο·
3544 4188 3738 4243 οὐκοῦν
3806 4192 3932 4244 ἀκ-

2323 4282 2561 4345 ολούθως
2610 4281 2704 4335 δύο
2742 4283 2843 4354 μὲν
2870 4286 2990 4346 ταῖς
3016 4282 3262 4352 φύσεσιν,
3290 4282 3347 4336 ἒν
3363 4281 3421 4335 δὲ
3449 4281 3528 4352 τῷ
3555 4278 3781 4351 ἀριθμῷ
3816 4281 3932 4335 τὸν

2320 4372 2555 4443 Χριστὸν
2580 4372 2944 4442 γινώσκομεν.

644 4461 831 4516 indice
875 4478 1047 4517 unum
1094 4463 1213 4517 hinc
1258 4464 1477 4529 dicere,
1512 4464 1608 4519 sed
1658 4465 1799 4531 duo;
1846 4482 1979 4538 ergo
2025 4478 2429 4538 consequenter
2456 4469 2568 4524 duo
2616 4468 2840 4539 quidem
2870 4470 3105 4535 naturis,
3172 4484 3343 4523 unum
3404 4474 3595 4527 autem
3662 4480 3935 4524 numero

641 4554 926 4610 Christum
956 4556 1360 4626 cognoscimus.

712 4691 806 4746 23.
835 4690 1031 4746 Adhuc
1060 4690 1357 4761 petendum
1387 4692 1458 4747 ab
1488 4693 1598 4748 illis
1623 4692 1719 4763 qui
1747 4708 1779 4749 e
1808 4693 2215 4749 duabuniatu-

2390 4699 2493 4762 κγ’.
2518 4694 2657 4746 -Ἔτι
2686 4691 2987 4764 ὲρωτητέον
3014 4692 3231 4756 αὖτοὺς,
3262 4693 3327 4745 ὲκ
3348 4691 3443 4745 δύο
3463 4690 3681 4761 φύσεων
3708 4693 3933 4765 λόγον-

646 4797 762 4837 ram
794 4782 989 4838 dicunt
1024 4797 1189 4836 unam
1223 4798 1389 4853 quam
1424 4782 1629 4840 Christi
1663 4793 1890 4848 vocant,
1922 4800 2054 4838 num
2096 4792 2153 4838 et
2185 4800 2216 4839 e

643 4874 858 4929 duabus
896 4874 1307 4935 subsistentiis.
1344 4876 1461 4931 sive
1495 4877 1747 4945 personis
1786 4876 2006 4930 unicam
2044 4876 2218 4946 ipsius

642 4968 1055 5025 subsistentiam
1099 4966 1324 5031 dicunt,
1359 4983 1427 5022 an
1470 4968 1612 5021 non?
1646 4966 1765 5034 Quo
1810 4982 1942 5037 ergo
1979 4975 2036 5022 et
2076 4983 2215 5037 quo.

642 5057 809 5113 modo
839 5058 1008 5114 cessit
1035 5058 1203 5112 altera
1228 5071 1260 5112 e
1287 5057 1498 5112 naturis
1524 5059 1645 5127 ejus
1671 5065 1797 5112 ante
1824 5058 2212 5112 adunationem

2318 4804 2417 4850 τας
2446 4786 2547 4856 τὴν
2587 4785 2714 4855 μίαν
2756 4785 2938 4853 φύσιν,
2970 4785 3037 4854 ἦν
3068 4801 3199 4853 φασι
3224 4785 3485 4853 Χριστοῦ,
3523 4780 3635 4856 ἄρα
3681 4802 3748 4855 γε
3814 4797 3937 4848 καὶ

2318 4881 2385 4932 hc
2412 4879 2507 4931 δύο
2529 4877 2905 4938 ὑποστάσεων.
2942 4877 2996 4931 εἴ
3027 4877 3075 4929 τ’
3103 4877 3198 4931 οῦν
3230 4875 3559 4946 προσώπων,
3621 4872 3721 4947 τὴν
3763 4882 3934 4949 μίαν

2319 4969 2485 5024 αὑτοῦ
2507 4970 2808 5022 ὑπόστασιν
2836 4969 3085 5036 λέγουσιν
3113 4968 3145 5037 ἦ
3172 4968 3291 5038 οὐχί
3319 4984 3333 5032 ;
3368 4968 3480 5022 Ποῦ
3511 4965 3606 5022 οὖν
3634 4971 3730 5022 καὶ
3782 4976 3934 5037 πῶς

2319 5060 2592 5131 ὑφέστηκε
2624 5059 2829 5130 θατέρα
2857 5059 2965 5112 τῶν
2996 5058 3213 5127 φύσεων
3264 5059 3430 5111 αὑτοῦ
3464 5060 3571 5130 πρὸ
3619 5061 3719 5130 τῆς
3765 5064 3931 5119 ἑνώ-

638 5150 855 5216 dicant,
882 5156 941 5203 et
975 5149 1137 5218 cujus
1170 5158 1291 5204 erat
1328 5148 1495 5203 tunc?
1528 5148 1781 5203 Nondum
1819 5149 1969 5203 enim
2009 5149 2213 5203 Christi

2321 5169 2470 5215 σεως,
2494 5151 2801 5220 λεγέτωσαν
2821 5167 2834 5179 ο
2866 5150 3012 5211 τίνος
3042 5166 3103 5202 τε
3151 5145 3289 5203 οὖσα
3333 5150 3490 5216 τότε;
3531 5150 3591 5203 οὐ
3622 5151 3736 5221 γὰρ
3766 5155 3934 5227 Χρι-

643 5251 767 5296 crat
799 5248 967 5295 uncta
990 5238 1284 5294 .divinitati
1327 5240 1569 5293 humana
1600 5248 1821 5305 natura;
1854 5240 1898 5293 si
1935 5255 2069 5294 vero
2099 5251 2152 5294 et
2185 5257 2215 5294 ιι

2321 5240 2438 5293 ποῦ
2467 5237 2535 5312 ἦν
2564 5241 2732 5309 μήπω
2762 5241 3048 5311 χρισθεῖσα
3078 5240 3292 5311 θεότητι
3348 5242 3380 5311 η
3419 5241 3737 5313 ἀνθρωπίνη
3793 5250 3932 5316 φύ-

641 5332 860 5386 duabus
887 5330 1268 5385 subsistentiis
1296 5331 1686 5386 adunationem
1717 5330 1939 5391 dicunt,
1973 5332 2064 5385 ubi
2097 5346 2218 5386 erat

642 5430 777 5475 tunc
804 5419 1049 5491 perfecta
1062 5419 1417 5476 subsistentia
1432 5420 1672 5475 humana
1690 5418 1909 5474 Christo
1928 5420 2205 5488 praeexsi-

641 5513 827 5567 stensi
850 5512 1059 5566 Deinde
1086 5513 1143 5565 in
1171 5519 1334 5566 utero
1359 5522 1560 5567 sanctze
1583 5511 1825 5582 Virginis
1851 5511 2088 5577 inclusa;
2118 5514 2211 5567 illo

639 5605 788 5659 enim
830 5605 883 5659 in
923 5614 1118 5660 sancto
1152 5604 1410 5660 cubiculo
1447 5604 1710 5659 adunatio
1745 5604 1947 5659 Christi
1989 5614 2211 5659 natura-

642 5710 763 5748 rnm
818 5694 889 5750 ab
945 5695 1107 5750 initio
1158 5695 1299 5751 facta
1358 5702 1473 5759 est;
1534 5695 1640 5749 nisi
1707 5695 1849 5748 forte
1908 5698 2208 5752 secundum

637 5788 952 5843 Nestorium
995 5787 1301 5844 divinitatis
1352 5789 1742 5843 adunationem
1820 5798 1935 5855 pust
1990 5797 2203 5854 partum

2315 5348 2427 5393 cn;-
2460 5335 2509 5385 εἰ
2540 5331 2596 5384 δὲ
2629 5333 2723 5384 καὶ
2751 5333 2815 5385 ὲκ
2844 5332 2940 5384 δύο
2967 5330 3318 5383 ύποστὰσεὼν
3356 5349 3491 5399 φασι
3518 5333 3617 5403 τὴν
3667 5332 3928 5410 ἕνωσιν,

2316 5424 2419 5476 ποῦ
2442 5418 2511 5493 ἦν
2542 5441 2669 5476 ποτε
2696 5426 2726 5492 ἠ
2755 5423 2935 5476 τελεία
2952 5424 3243 5485 ὑπόστασις
3264 5422 3580 5494 ἀνθρωπίνη
3604 5429 3931 5501 προϋπάρ-

2319 5511 2464 5577 ξασα
2490 5513 2727 5582 Χριστοῦ
2747 5530 2759 5575 ;
2780 5513 2820 5565 Ε
2844 5531 2910 5565 τα
2938 5513 2995 5564 ἐν
3024 5515 3087 5582 τῇ
3123 5514 3308 5583 μήτρα
3346 5515 3444 5584 τῆς
3470 5515 3633 5581 ἁγίας
3678 5516 3929 5586 "apag-

2317 5623 2407 5659 vou
2441 5604 2891 5673 ἐγκαθειρχθεῖσα
2913 5622 2926 5635 ⁸
2949 5605 3063 5657 κη’
3090 5606 3263 5656 ἐκεῖνο
3290 5606 3396 5676 γὰρ
3418 5604 3477 5656 τὸ
3507 5605 3662 5671 ἅγιον
3693 5624 3817 5677 χωρ
3830 5611 3932 5667 to»

2316 5700 2345 5764 ἡ
2380 5697 2570 5759 ἓνωσις
2591 5696 2697 5748 τῶν
2718 5697 2954 5766 Χριστοῦ
2990 5696 3201 5764 φύσεων
3229 5698 3323 5749 ἀπ’
3355 5698 3529 5767 ἀρχῆς
3563 5698 3786 5764 ἐγένετο
3807 5720 3825 5730 ·
3870 5710 3929 5756 εί

2320 5790 2389 5855 ειδῖ
2420 5789 2514 5860 ἔθεον
2550 5789 2691 5841 κατὰ
2712 5791 2780 5837 κέ
2798 5790 3117 5859 ττόριννίτῆν
3141 5790 3333 5841 ἕνωσιν
3358 5791 3453 5852 τῆς
3473 5790 3721 5858 “Tityro;
3755 5810 3931 5863 μετλ
