  <div class='ocr_page' id='page_1' title='image "/cluster/home/n/w/nwhite01/storage/ocr_20150623/88 pt.2/uva.x004575615/032.png"; bbox 0 0 4102 6476; ppageno 0'>
   <div class='ocr_carea' id='block_1_1' title="bbox 201 445 316 505">
    <p class='ocr_par' dir='ltr' id='par_1_1' title="bbox 201 445 316 505">
     <span class='ocr_line' id='line_1_1' title="bbox 201 445 316 505; baseline -0.052 0"><span class='ocrx_word' id='word_1_1' title='bbox 201 445 316 505; x_wconf 68' lang='grc' dir='ltr'><strong>Πδό</strong></span> 
     </span>
    </p>
   </div>
   <div class='ocr_carea' id='block_1_2' title="bbox 1294 433 2237 496">
    <p class='ocr_par' dir='ltr' id='par_1_2' title="bbox 1294 433 2237 496">
     <span class='ocr_line' id='line_1_2' title="bbox 1294 433 2237 496; baseline -0.006 -1"><span class='ocrx_word' id='word_1_2' title='bbox 1294 437 1591 496; x_wconf 71' lang='lat' dir='ltr'><strong>CONTRA</strong></span> <span class='ocrx_word' id='word_1_3' title='bbox 1635 434 1940 493; x_wconf 78' lang='lat' dir='ltr'><strong>MUNUPH</strong></span> <span class='ocrx_word' id='word_1_4' title='bbox 1955 433 2237 492; x_wconf 77' lang='lat' dir='ltr'><strong>YSlTAS.</strong></span> 
     </span>
    </p>
   </div>
   <div class='ocr_carea' id='block_1_3' title="bbox 3313 420 3420 481">
    <p class='ocr_par' dir='ltr' id='par_1_3' title="bbox 3313 420 3420 481">
     <span class='ocr_line' id='line_1_3' title="bbox 3313 420 3420 481; baseline 0.009 -1"><span class='ocrx_word' id='word_1_5' title='bbox 3313 420 3420 481; x_wconf 74' lang='lat'><strong>786</strong></span> 
     </span>
    </p>
   </div>
   <div class='ocr_carea' id='block_1_4' title="bbox 197 532 1754 622">
    <p class='ocr_par' dir='ltr' id='par_1_4' title="bbox 197 546 1729 622">
     <span class='ocr_line' id='line_1_4' title="bbox 197 546 1729 622; baseline -0.007 -16"><span class='ocrx_word' id='word_1_6' title='bbox 197 555 277 607; x_wconf 73' lang='grc' dir='ltr'>τὸν</span> <span class='ocrx_word' id='word_1_7' title='bbox 315 553 460 605; x_wconf 86' lang='grc' dir='ltr'>τόκον</span> <span class='ocrx_word' id='word_1_8' title='bbox 499 551 595 620; x_wconf 81' lang='grc' dir='ltr'>τῆς</span> <span class='ocrx_word' id='word_1_9' title='bbox 621 549 1038 622; x_wconf 77' lang='grc' dir='ltr'>ἀνθρωπότητος</span> <span class='ocrx_word' id='word_1_10' title='bbox 1075 547 1276 601; x_wconf 77' lang='grc' dir='ltr'>οἴονται</span> <span class='ocrx_word' id='word_1_11' title='bbox 1311 546 1564 614; x_wconf 80' lang='grc' dir='ltr'>γενέσθαι</span> <span class='ocrx_word' id='word_1_12' title='bbox 1594 546 1729 616; x_wconf 67' lang='grc' dir='ltr'>πρὸς</span> 
     </span>
    </p>
   </div>
   <div class='ocr_carea' id='block_1_5' title="bbox 1856 532 3424 622">
    <p class='ocr_par' dir='ltr' id='par_1_5' title="bbox 1856 532 3424 601">
     <span class='ocr_line' id='line_1_5' title="bbox 1856 532 3424 601; baseline -0.006 -6"><span class='ocrx_word' id='word_1_13' title='bbox 1856 543 2194 598; x_wconf 78' lang='lat' dir='ltr'><strong>utinanitatis</strong></span> <span class='ocrx_word' id='word_1_14' title='bbox 2247 540 2589 594; x_wconf 76' lang='lat' dir='ltr'><strong>arbitrantur</strong></span> <span class='ocrx_word' id='word_1_15' title='bbox 2645 534 2762 590; x_wconf 83' lang='lat' dir='ltr'><strong>ﬁeri</strong></span> <span class='ocrx_word' id='word_1_16' title='bbox 2797 533 2864 588; x_wconf 88' lang='lat' dir='ltr'><strong>ad</strong></span> <span class='ocrx_word' id='word_1_17' title='bbox 2909 532 3085 600; x_wconf 81' lang='lat' dir='ltr'><strong>ipsam</strong></span> <span class='ocrx_word' id='word_1_18' title='bbox 3113 546 3424 601; x_wconf 65' lang='lat' dir='ltr'><strong>congructr</strong></span> 
     </span>
    </p>
   </div>
   <div class='ocr_carea' id='block_1_6' title="bbox 197 642 660 714">
    <p class='ocr_par' dir='ltr' id='par_1_6' title="bbox 197 642 660 714">
     <span class='ocr_line' id='line_1_6' title="bbox 197 642 660 714; baseline -0.004 -16"><span class='ocrx_word' id='word_1_19' title='bbox 197 645 347 714; x_wconf 67' lang='grc' dir='ltr'>αὐτὴν</span> <span class='ocrx_word' id='word_1_20' title='bbox 375 642 660 712; x_wconf 85' lang='grc' dir='ltr'>σχετικῶς.</span> 
     </span>
    </p>
   </div>
   <div class='ocr_carea' id='block_1_7' title="bbox 256 725 1741 800">
    <p class='ocr_par' dir='ltr' id='par_1_7' title="bbox 256 725 1741 800">
     <span class='ocr_line' id='line_1_7' title="bbox 256 725 1741 800; baseline -0.007 -12"><span class='ocrx_word' id='word_1_21' title='bbox 256 735 344 790; x_wconf 81' lang='grc' dir='ltr'><strong>κδ’.</strong></span> <span class='ocrx_word' id='word_1_22' title='bbox 376 733 490 786; x_wconf 79' lang='grc' dir='ltr'>Ἔτι</span> <span class='ocrx_word' id='word_1_23' title='bbox 520 730 844 800; x_wconf 76' lang='grc' dir='ltr'>ἀνακριτὲον</span> <span class='ocrx_word' id='word_1_24' title='bbox 877 728 1100 791; x_wconf 78' lang='grc' dir='ltr'>αὐτούς·</span> <span class='ocrx_word' id='word_1_25' title='bbox 1140 729 1202 780; x_wconf 81' lang='grc' dir='ltr'>ἐκ</span> <span class='ocrx_word' id='word_1_26' title='bbox 1228 727 1320 780; x_wconf 85' lang='grc' dir='ltr'><strong>δύο</strong></span> <span class='ocrx_word' id='word_1_27' title='bbox 1351 728 1567 796; x_wconf 77' lang='grc' dir='ltr'>φύσεων</span> <span class='ocrx_word' id='word_1_28' title='bbox 1600 725 1741 794; x_wconf 79' lang='grc' dir='ltr'>πρά-</span> 
     </span>
    </p>
   </div>
   <div class='ocr_carea' id='block_1_8' title="bbox 197 817 1743 894">
    <p class='ocr_par' dir='ltr' id='par_1_8' title="bbox 197 817 1743 894">
     <span class='ocr_line' id='line_1_8' title="bbox 197 817 1743 894; baseline -0.007 -16"><span class='ocrx_word' id='word_1_29' title='bbox 197 842 349 894; x_wconf 87' lang='grc' dir='ltr'>γματι</span> <span class='ocrx_word' id='word_1_30' title='bbox 394 823 777 892; x_wconf 74' lang='grc' dir='ltr'>ύφεστηκυιῶν</span> <span class='ocrx_word' id='word_1_31' title='bbox 824 839 956 889; x_wconf 81' lang='grc' dir='ltr'>φασι</span> <span class='ocrx_word' id='word_1_32' title='bbox 1001 821 1091 872; x_wconf 71' lang='grc' dir='ltr'><strong>τὸν</strong></span> <span class='ocrx_word' id='word_1_33' title='bbox 1122 820 1379 889; x_wconf 81' lang='grc' dir='ltr'>Χριστὸν,</span> <span class='ocrx_word' id='word_1_34' title='bbox 1418 819 1450 888; x_wconf 82' lang='grc' dir='ltr'>ἢ</span> <span class='ocrx_word' id='word_1_35' title='bbox 1507 817 1743 885; x_wconf 85' lang='grc' dir='ltr'>θατέρας</span> 
     </span>
    </p>
   </div>
   <div class='ocr_carea' id='block_1_9' title="bbox 196 911 1741 984">
    <p class='ocr_par' dir='ltr' id='par_1_9' title="bbox 196 911 1741 984">
     <span class='ocr_line' id='line_1_9' title="bbox 196 911 1741 984; baseline -0.006 -16"><span class='ocrx_word' id='word_1_36' title='bbox 196 915 376 977; x_wconf 71' lang='grc' dir='ltr'>αὐτῶν,</span> <span class='ocrx_word' id='word_1_37' title='bbox 405 916 567 984; x_wconf 71' lang='grc' dir='ltr'>ἤγουν</span> <span class='ocrx_word' id='word_1_38' title='bbox 592 915 692 982; x_wconf 75' lang='grc' dir='ltr'>τῆς</span> <span class='ocrx_word' id='word_1_39' title='bbox 714 911 1059 982; x_wconf 75' lang='grc' dir='ltr'><strong>ἀνθρωπείας</strong></span> <span class='ocrx_word' id='word_1_40' title='bbox 1086 912 1205 964; x_wconf 77' lang='grc' dir='ltr'>κατ’</span> <span class='ocrx_word' id='word_1_41' title='bbox 1229 911 1474 963; x_wconf 80' lang='grc' dir='ltr'>ἐπίνοιαν</span> <span class='ocrx_word' id='word_1_42' title='bbox 1498 924 1741 977; x_wconf 72' lang='grc' dir='ltr'>προαναο</span> 
     </span>
    </p>
   </div>
   <div class='ocr_carea' id='block_1_10' title="bbox 201 998 1742 1076">
    <p class='ocr_par' dir='ltr' id='par_1_10' title="bbox 201 998 1742 1076">
     <span class='ocr_line' id='line_1_10' title="bbox 201 998 1742 1076; baseline -0.008 -15"><span class='ocrx_word' id='word_1_43' title='bbox 201 1009 543 1076; x_wconf 70' lang='grc' dir='ltr'><strong>πλαττομένης</strong></span> <span class='ocrx_word' id='word_1_44' title='bbox 584 1008 770 1067; x_wconf 81' lang='grc' dir='ltr'>αὐτοῖς</span> <span class='ocrx_word' id='word_1_45' title='bbox 831 1003 935 1074; x_wconf 72' lang='grc' dir='ltr'><strong>πρὸ</strong></span> <span class='ocrx_word' id='word_1_46' title='bbox 963 1004 1064 1072; x_wconf 77' lang='grc' dir='ltr'>τῆς</span> <span class='ocrx_word' id='word_1_47' title='bbox 1097 1001 1342 1063; x_wconf 76' lang='grc' dir='ltr'>ἑνώσεως</span> <span class='ocrx_word' id='word_1_48' title='bbox 1366 1017 1378 1029; x_wconf 84' lang='grc'><strong><em>⁸</em></strong></span> <span class='ocrx_word' id='word_1_49' title='bbox 1411 1003 1459 1053; x_wconf 88' lang='grc' dir='ltr'><strong>εἰ</strong></span> <span class='ocrx_word' id='word_1_50' title='bbox 1502 1000 1599 1067; x_wconf 83' lang='grc' dir='ltr'>μὲν</span> <span class='ocrx_word' id='word_1_51' title='bbox 1636 998 1742 1065; x_wconf 82' lang='grc' dir='ltr'><strong>γὰρ</strong></span> 
     </span>
    </p>
   </div>
   <div class='ocr_carea' id='block_1_11' title="bbox 200 1089 1747 1168">
    <p class='ocr_par' dir='ltr' id='par_1_11' title="bbox 200 1089 1747 1168">
     <span class='ocr_line' id='line_1_11' title="bbox 200 1089 1747 1168; baseline -0.009 -15"><span class='ocrx_word' id='word_1_52' title='bbox 200 1103 378 1168; x_wconf 71' lang='grc' dir='ltr'>ἀμφοῖν</span> <span class='ocrx_word' id='word_1_53' title='bbox 407 1100 570 1160; x_wconf 75' lang='grc' dir='ltr'>ὅντως</span> <span class='ocrx_word' id='word_1_54' title='bbox 597 1097 902 1167; x_wconf 81' lang='grc' dir='ltr'>προουσῶν,</span> <span class='ocrx_word' id='word_1_55' title='bbox 930 1096 1013 1157; x_wconf 90' lang='grc' dir='ltr'><strong>τίς</strong></span> <span class='ocrx_word' id='word_1_56' title='bbox 1043 1089 1133 1164; x_wconf 77' lang='grc' dir='ltr'><strong>ἦν,</strong></span> <span class='ocrx_word' id='word_1_57' title='bbox 1161 1096 1253 1146; x_wconf 67' lang='grc' dir='ltr'><strong>καὶ</strong></span> <span class='ocrx_word' id='word_1_58' title='bbox 1289 1090 1391 1144; x_wconf 74' lang='grc' dir='ltr'><strong>πού</strong></span> <span class='ocrx_word' id='word_1_59' title='bbox 1426 1090 1588 1143; x_wconf 72' lang='grc' dir='ltr'>πάλιν</span> <span class='ocrx_word' id='word_1_60' title='bbox 1648 1090 1747 1156; x_wconf 79' lang='grc' dir='ltr'><strong>ζη-</strong></span> 
     </span>
    </p>
   </div>
   <div class='ocr_carea' id='block_1_12' title="bbox 199 1177 1747 1259">
    <p class='ocr_par' dir='ltr' id='par_1_12' title="bbox 199 1177 1747 1259">
     <span class='ocr_line' id='line_1_12' title="bbox 199 1177 1747 1259; baseline -0.007 -17"><span class='ocrx_word' id='word_1_61' title='bbox 199 1192 446 1259; x_wconf 71' lang='grc' dir='ltr'>τήσωμεν,</span> <span class='ocrx_word' id='word_1_62' title='bbox 473 1190 506 1258; x_wconf 77' lang='grc' dir='ltr'><strong>ἡ</strong></span> <span class='ocrx_word' id='word_1_63' title='bbox 523 1189 654 1259; x_wconf 83' lang='grc' dir='ltr'>ψιλὴ</span> <span class='ocrx_word' id='word_1_64' title='bbox 685 1188 1002 1258; x_wconf 81' lang='grc' dir='ltr'><strong>ἀνθρωπίνη</strong></span> <span class='ocrx_word' id='word_1_65' title='bbox 1029 1186 1188 1254; x_wconf 84' lang='grc' dir='ltr'>φύσις</span> <span class='ocrx_word' id='word_1_66' title='bbox 1219 1184 1325 1254; x_wconf 75' lang='grc' dir='ltr'>πρὸ</span> <span class='ocrx_word' id='word_1_67' title='bbox 1350 1179 1608 1252; x_wconf 75' lang='grc' dir='ltr'>Χριστοῦ,</span> <span class='ocrx_word' id='word_1_68' title='bbox 1630 1177 1747 1232; x_wconf 71' lang='grc' dir='ltr'>εἶτα</span> 
     </span>
    </p>
   </div>
   <div class='ocr_carea' id='block_1_13' title="bbox 201 1275 1748 1350">
    <p class='ocr_par' dir='ltr' id='par_1_13' title="bbox 201 1275 1748 1350">
     <span class='ocr_line' id='line_1_13' title="bbox 201 1275 1748 1350; baseline -0.007 -17"><span class='ocrx_word' id='word_1_69' title='bbox 201 1284 396 1350; x_wconf 78' lang='grc' dir='ltr'>γέγονεν</span> <span class='ocrx_word' id='word_1_70' title='bbox 412 1281 467 1333; x_wconf 88' lang='grc' dir='ltr'><strong>ἐν</strong></span> <span class='ocrx_word' id='word_1_71' title='bbox 493 1279 714 1350; x_wconf 79' lang='grc' dir='ltr'><strong>Χριστῷ</strong></span> <span class='ocrx_word' id='word_1_72' title='bbox 757 1278 900 1330; x_wconf 75' lang='grc' dir='ltr'><strong>κατά</strong></span> <span class='ocrx_word' id='word_1_73' title='bbox 938 1278 1038 1347; x_wconf 83' lang='grc' dir='ltr'>τὴν</span> <span class='ocrx_word' id='word_1_74' title='bbox 1072 1277 1234 1344; x_wconf 81' lang='grc' dir='ltr'>ἁγίαν</span> <span class='ocrx_word' id='word_1_75' title='bbox 1289 1275 1504 1344; x_wconf 83' lang='grc' dir='ltr'><strong>μήτραν</strong></span> <span class='ocrx_word' id='word_1_76' title='bbox 1561 1287 1748 1325; x_wconf 76' lang='grc' dir='ltr'>συντε-</span> 
     </span>
    </p>
   </div>
   <div class='ocr_carea' id='block_1_14' title="bbox 202 1360 1744 1440">
    <p class='ocr_par' dir='ltr' id='par_1_14' title="bbox 202 1360 1744 1440">
     <span class='ocr_line' id='line_1_14' title="bbox 202 1360 1744 1440; baseline -0.007 -16"><span class='ocrx_word' id='word_1_77' title='bbox 202 1373 356 1424; x_wconf 77' lang='grc' dir='ltr'>θέντι⁸</span> <span class='ocrx_word' id='word_1_78' title='bbox 387 1373 432 1424; x_wconf 86' lang='grc' dir='ltr'><strong>εί</strong></span> <span class='ocrx_word' id='word_1_79' title='bbox 470 1371 524 1424; x_wconf 81' lang='grc' dir='ltr'>δὲ</span> <span class='ocrx_word' id='word_1_80' title='bbox 572 1370 805 1440; x_wconf 73' lang='grc' dir='ltr'>θατέραν</span> <span class='ocrx_word' id='word_1_81' title='bbox 854 1369 963 1421; x_wconf 75' lang='grc' dir='ltr'><strong>τῶν</strong></span> <span class='ocrx_word' id='word_1_82' title='bbox 990 1368 1206 1435; x_wconf 80' lang='grc' dir='ltr'>φύσεων</span> <span class='ocrx_word' id='word_1_83' title='bbox 1263 1366 1322 1430; x_wconf 81' lang='grc' dir='ltr'>ἐξ</span> <span class='ocrx_word' id='word_1_84' title='bbox 1361 1360 1434 1418; x_wconf 83' lang='grc' dir='ltr'>ὧν</span> <span class='ocrx_word' id='word_1_85' title='bbox 1487 1381 1620 1432; x_wconf 78' lang='grc' dir='ltr'>φασι</span> <span class='ocrx_word' id='word_1_86' title='bbox 1653 1362 1744 1414; x_wconf 84' lang='grc' dir='ltr'>τὸν</span> 
     </span>
    </p>
   </div>
   <div class='ocr_carea' id='block_1_15' title="bbox 203 1453 1747 1532">
    <p class='ocr_par' dir='ltr' id='par_1_15' title="bbox 203 1453 1747 1532">
     <span class='ocr_line' id='line_1_15' title="bbox 203 1453 1747 1532; baseline -0.007 -17"><span class='ocrx_word' id='word_1_87' title='bbox 203 1461 407 1532; x_wconf 77' lang='grc' dir='ltr'>Χριστὸν</span> <span class='ocrx_word' id='word_1_88' title='bbox 428 1462 642 1532; x_wconf 75' lang='grc' dir='ltr'>ἐπινοίᾳ</span> <span class='ocrx_word' id='word_1_89' title='bbox 664 1459 1199 1530; x_wconf 78' lang='grc' dir='ltr'>προαναπλάττουσι,</span> <span class='ocrx_word' id='word_1_90' title='bbox 1234 1457 1449 1527; x_wconf 83' lang='grc' dir='ltr'>πρῶτον</span> <span class='ocrx_word' id='word_1_91' title='bbox 1474 1455 1571 1524; x_wconf 72' lang='grc' dir='ltr'>μὲν</span> <span class='ocrx_word' id='word_1_92' title='bbox 1602 1455 1633 1523; x_wconf 80' lang='grc' dir='ltr'>ἢ</span> <span class='ocrx_word' id='word_1_93' title='bbox 1657 1453 1747 1505; x_wconf 82' lang='grc' dir='ltr'>ού-</span> 
     </span>
    </p>
   </div>
   <div class='ocr_carea' id='block_1_16' title="bbox 200 1543 1746 1621">
    <p class='ocr_par' dir='ltr' id='par_1_16' title="bbox 200 1543 1746 1621">
     <span class='ocr_line' id='line_1_16' title="bbox 200 1543 1746 1621; baseline -0.007 -16"><span class='ocrx_word' id='word_1_94' title='bbox 200 1552 406 1619; x_wconf 76' lang='grc' dir='ltr'>δαμόθεν</span> <span class='ocrx_word' id='word_1_95' title='bbox 429 1551 680 1613; x_wconf 77' lang='grc' dir='ltr'>λαϐόντες</span> <span class='ocrx_word' id='word_1_96' title='bbox 713 1552 969 1621; x_wconf 75' lang='grc' dir='ltr'>ἀφορμὴν</span> <span class='ocrx_word' id='word_1_97' title='bbox 1000 1549 1237 1618; x_wconf 74' lang='grc' dir='ltr'>ἀληθοῦς</span> <span class='ocrx_word' id='word_1_98' title='bbox 1260 1546 1502 1607; x_wconf 71' lang='grc' dir='ltr'>ἐπινοίας</span> <span class='ocrx_word' id='word_1_99' title='bbox 1553 1543 1746 1612; x_wconf 72' lang='grc' dir='ltr'>ψευδὲς</span> 
     </span>
    </p>
   </div>
   <div class='ocr_carea' id='block_1_17' title="bbox 202 1635 1745 1712">
    <p class='ocr_par' dir='ltr' id='par_1_17' title="bbox 202 1635 1745 1712">
     <span class='ocr_line' id='line_1_17' title="bbox 202 1635 1745 1712; baseline -0.007 -16"><span class='ocrx_word' id='word_1_100' title='bbox 202 1644 502 1712; x_wconf 84' lang='grc' dir='ltr'>ἀνάπλασμα</span> <span class='ocrx_word' id='word_1_101' title='bbox 531 1643 738 1710; x_wconf 84' lang='grc' dir='ltr'>ταύτην</span> <span class='ocrx_word' id='word_1_102' title='bbox 759 1642 1101 1712; x_wconf 79' lang='grc' dir='ltr'>παριστὼσιν</span> <span class='ocrx_word' id='word_1_103' title='bbox 1121 1658 1134 1671; x_wconf 76' lang='grc' dir='ltr'><strong>ο</strong></span> <span class='ocrx_word' id='word_1_104' title='bbox 1168 1641 1201 1712; x_wconf 73' lang='grc' dir='ltr'>ἢ</span> <span class='ocrx_word' id='word_1_105' title='bbox 1243 1638 1525 1699; x_wconf 79' lang='grc' dir='ltr'>λαϐόντες,</span> <span class='ocrx_word' id='word_1_106' title='bbox 1551 1639 1612 1687; x_wconf 75' lang='grc' dir='ltr'>ἐκ</span> <span class='ocrx_word' id='word_1_107' title='bbox 1645 1635 1745 1702; x_wconf 76' lang='grc' dir='ltr'>τῆς</span> 
     </span>
    </p>
   </div>
   <div class='ocr_carea' id='block_1_18' title="bbox 209 1723 1749 1805">
    <p class='ocr_par' dir='ltr' id='par_1_18' title="bbox 209 1723 1749 1805">
     <span class='ocr_line' id='line_1_18' title="bbox 209 1723 1749 1805; baseline -0.008 -18"><span class='ocrx_word' id='word_1_108' title='bbox 209 1735 324 1800; x_wconf 75' lang='grc' dir='ltr'><strong>μετά</strong></span> <span class='ocrx_word' id='word_1_109' title='bbox 349 1735 443 1805; x_wconf 74' lang='grc' dir='ltr'>τὴν</span> <span class='ocrx_word' id='word_1_110' title='bbox 472 1734 664 1788; x_wconf 73' lang='grc' dir='ltr'>ἕνωσιν</span> <span class='ocrx_word' id='word_1_111' title='bbox 689 1733 924 1800; x_wconf 77' lang='grc' dir='ltr'>θεωρίας</span> <span class='ocrx_word' id='word_1_112' title='bbox 955 1730 1194 1798; x_wconf 75' lang='grc' dir='ltr'><strong>Χριστοῦ</strong></span> <span class='ocrx_word' id='word_1_113' title='bbox 1221 1730 1320 1798; x_wconf 74' lang='grc' dir='ltr'>τὴν</span> <span class='ocrx_word' id='word_1_114' title='bbox 1337 1725 1650 1794; x_wconf 73' lang='grc' dir='ltr'>διάγνωσιν,</span> <span class='ocrx_word' id='word_1_115' title='bbox 1672 1723 1749 1786; x_wconf 82' lang='grc' dir='ltr'><strong>ὡς</strong></span> 
     </span>
    </p>
   </div>
   <div class='ocr_carea' id='block_1_19' title="bbox 206 1813 1748 1890">
    <p class='ocr_par' dir='ltr' id='par_1_19' title="bbox 206 1813 1748 1890">
     <span class='ocr_line' id='line_1_19' title="bbox 206 1813 1748 1890; baseline -0.008 -15"><span class='ocrx_word' id='word_1_116' title='bbox 206 1823 284 1876; x_wconf 80' lang='grc' dir='ltr'><strong>δύο</strong></span> <span class='ocrx_word' id='word_1_117' title='bbox 311 1823 511 1890; x_wconf 78' lang='grc' dir='ltr'>φύσεων</span> <span class='ocrx_word' id='word_1_118' title='bbox 552 1825 647 1883; x_wconf 74' lang='grc' dir='ltr'><strong>καὶ</strong></span> <span class='ocrx_word' id='word_1_119' title='bbox 677 1823 922 1885; x_wconf 82' lang='grc' dir='ltr'>τοιῶνδε,</span> <span class='ocrx_word' id='word_1_120' title='bbox 955 1820 1158 1882; x_wconf 88' lang='grc' dir='ltr'>ταύτας</span> <span class='ocrx_word' id='word_1_121' title='bbox 1204 1819 1301 1870; x_wconf 75' lang='grc' dir='ltr'><strong>καὶ</strong></span> <span class='ocrx_word' id='word_1_122' title='bbox 1331 1813 1748 1886; x_wconf 78' lang='grc' dir='ltr'>προεπινοοῦσιν</span> 
     </span>
    </p>
   </div>
   <div class='ocr_carea' id='block_1_20' title="bbox 1845 645 1946 688">
    <p class='ocr_par' dir='ltr' id='par_1_20' title="bbox 1845 645 1946 688">
     <span class='ocr_line' id='line_1_20' title="bbox 1845 645 1946 688; baseline -0.02 0"><span class='ocrx_word' id='word_1_123' title='bbox 1845 645 1946 688; x_wconf 88' lang='lat' dir='ltr'><strong>ter.</strong></span> 
     </span>
    </p>
   </div>
   <div class='ocr_carea' id='block_1_21' title="bbox 1911 713 3426 791">
    <p class='ocr_par' dir='ltr' id='par_1_21' title="bbox 1911 713 3426 791">
     <span class='ocr_line' id='line_1_21' title="bbox 1911 713 3426 791; baseline -0.01 -12"><span class='ocrx_word' id='word_1_124' title='bbox 1911 727 2000 778; x_wconf 73' lang='grc'><strong>24.</strong></span> <span class='ocrx_word' id='word_1_125' title='bbox 2026 723 2219 778; x_wconf 83' lang='lat' dir='ltr'><strong>Adhuc</strong></span> <span class='ocrx_word' id='word_1_126' title='bbox 2251 714 2643 791; x_wconf 82' lang='lat' dir='ltr'><strong>inquirendum</strong></span> <span class='ocrx_word' id='word_1_127' title='bbox 2670 717 2739 771; x_wconf 88' lang='lat' dir='ltr'><strong>ab</strong></span> <span class='ocrx_word' id='word_1_128' title='bbox 2771 717 2883 770; x_wconf 86' lang='lat' dir='ltr'><strong>illis</strong></span> <span class='ocrx_word' id='word_1_129' title='bbox 2912 732 2926 768; x_wconf 91' lang='lat'><strong>:</strong></span> <span class='ocrx_word' id='word_1_130' title='bbox 2954 730 2984 769; x_wconf 91' lang='lat' dir='ltr'><strong>e</strong></span> <span class='ocrx_word' id='word_1_131' title='bbox 3015 713 3235 768; x_wconf 90' lang='lat' dir='ltr'><strong>duabus</strong></span> <span class='ocrx_word' id='word_1_132' title='bbox 3267 719 3426 766; x_wconf 82' lang='lat' dir='ltr'><strong>natu-</strong></span> 
     </span>
    </p>
   </div>
   <div class='ocr_carea' id='block_1_22' title="bbox 1844 806 3423 873">
    <p class='ocr_par' dir='ltr' id='par_1_22' title="bbox 1844 806 3423 873">
     <span class='ocr_line' id='line_1_22' title="bbox 1844 806 3423 873; baseline -0.011 -3"><span class='ocrx_word' id='word_1_133' title='bbox 1844 816 1921 870; x_wconf 82' lang='lat' dir='ltr'><strong>ris</strong></span> <span class='ocrx_word' id='word_1_134' title='bbox 1955 831 2012 869; x_wconf 90' lang='lat' dir='ltr'><strong>re</strong></span> <span class='ocrx_word' id='word_1_135' title='bbox 2047 812 2416 873; x_wconf 79' lang='lat' dir='ltr'><strong>eﬂicientibus</strong></span> <span class='ocrx_word' id='word_1_136' title='bbox 2445 809 2727 865; x_wconf 94' lang='lat' dir='ltr'><strong>Christum</strong></span> <span class='ocrx_word' id='word_1_137' title='bbox 2763 806 2977 867; x_wconf 89' lang='lat' dir='ltr'><strong>dicunt,</strong></span> <span class='ocrx_word' id='word_1_138' title='bbox 3008 812 3103 858; x_wconf 90' lang='lat' dir='ltr'><strong>aut</strong></span> <span class='ocrx_word' id='word_1_139' title='bbox 3134 818 3200 857; x_wconf 77' lang='lat' dir='ltr'><strong>ex</strong></span> <span class='ocrx_word' id='word_1_140' title='bbox 3233 817 3423 856; x_wconf 86' lang='lat' dir='ltr'><strong>earum</strong></span> 
     </span>
    </p>
   </div>
   <div class='ocr_carea' id='block_1_23' title="bbox 1843 893 3426 970">
    <p class='ocr_par' dir='ltr' id='par_1_23' title="bbox 1843 893 3426 970">
     <span class='ocr_line' id='line_1_23' title="bbox 1843 893 3426 970; baseline -0.013 -7"><span class='ocrx_word' id='word_1_141' title='bbox 1843 910 2046 970; x_wconf 86' lang='lat' dir='ltr'><strong>altera,</strong></span> <span class='ocrx_word' id='word_1_142' title='bbox 2083 905 2300 960; x_wconf 87' lang='lat' dir='ltr'><strong>scilicet</strong></span> <span class='ocrx_word' id='word_1_143' title='bbox 2340 902 2687 957; x_wconf 76' lang='lat' dir='ltr'><strong>humanitate</strong></span> <span class='ocrx_word' id='word_1_144' title='bbox 2725 900 2881 968; x_wconf 85' lang='lat' dir='ltr'><strong>juxta</strong></span> <span class='ocrx_word' id='word_1_145' title='bbox 2923 895 3313 966; x_wconf 77' lang='lat' dir='ltr'><strong>cogitationem</strong></span> <span class='ocrx_word' id='word_1_146' title='bbox 3357 893 3426 945; x_wconf 84' lang='lat' dir='ltr'><strong>ah</strong></span> 
     </span>
    </p>
   </div>
   <div class='ocr_carea' id='block_1_24' title="bbox 1844 983 3426 1067">
    <p class='ocr_par' dir='ltr' id='par_1_24' title="bbox 1844 983 3426 1067">
     <span class='ocr_line' id='line_1_24' title="bbox 1844 983 3426 1067; baseline -0.009 -16"><span class='ocrx_word' id='word_1_147' title='bbox 1844 998 1980 1067; x_wconf 84' lang='lat' dir='ltr'><strong>ipsis</strong></span> <span class='ocrx_word' id='word_1_148' title='bbox 2004 998 2268 1066; x_wconf 84' lang='lat' dir='ltr'><strong>plasmata</strong></span> <span class='ocrx_word' id='word_1_149' title='bbox 2294 1004 2423 1049; x_wconf 83' lang='lat' dir='ltr'><strong>ante</strong></span> <span class='ocrx_word' id='word_1_150' title='bbox 2447 993 2875 1053; x_wconf 87' lang='lat' dir='ltr'><strong>adunationem;</strong></span> <span class='ocrx_word' id='word_1_151' title='bbox 2903 987 2950 1042; x_wconf 90' lang='lat' dir='ltr'><strong>si</strong></span> <span class='ocrx_word' id='word_1_152' title='bbox 2976 984 3124 1041; x_wconf 84' lang='lat' dir='ltr'><strong>enim</strong></span> <span class='ocrx_word' id='word_1_153' title='bbox 3150 1000 3215 1038; x_wconf 76' lang='lat' dir='ltr'><strong>ex</strong></span> <span class='ocrx_word' id='word_1_154' title='bbox 3239 983 3426 1038; x_wconf 58' lang='lat' dir='ltr'><strong>amhw</strong></span> 
     </span>
    </p>
   </div>
   <div class='ocr_carea' id='block_1_25' title="bbox 1834 1078 3424 1158">
    <p class='ocr_par' dir='ltr' id='par_1_25' title="bbox 1834 1078 3424 1158">
     <span class='ocr_line' id='line_1_25' title="bbox 1834 1078 3424 1158; baseline -0.011 -13"><span class='ocrx_word' id='word_1_155' title='bbox 1834 1081 1950 1145; x_wconf 89' lang='lat' dir='ltr'><strong>bus</strong></span> <span class='ocrx_word' id='word_1_156' title='bbox 1975 1091 2153 1158; x_wconf 87' lang='lat' dir='ltr'><strong>reipsa</strong></span> <span class='ocrx_word' id='word_1_157' title='bbox 2181 1085 2712 1158; x_wconf 62' lang='lat' dir='ltr'><strong>prmexsistentibus.</strong></span> <span class='ocrx_word' id='word_1_158' title='bbox 2734 1098 2857 1152; x_wconf 65' lang='lat' dir='ltr'><strong>quae</strong></span> <span class='ocrx_word' id='word_1_159' title='bbox 2882 1088 3002 1135; x_wconf 83' lang='lat' dir='ltr'><strong>erat</strong></span> <span class='ocrx_word' id='word_1_160' title='bbox 3025 1087 3079 1133; x_wconf 89' lang='lat' dir='ltr'><strong>et</strong></span> <span class='ocrx_word' id='word_1_161' title='bbox 3105 1078 3199 1132; x_wconf 91' lang='lat' dir='ltr'><strong>ubi</strong></span> <span class='ocrx_word' id='word_1_162' title='bbox 3225 1078 3424 1130; x_wconf 81' lang='lat' dir='ltr'><strong>iterum</strong></span> 
     </span>
    </p>
   </div>
   <div class='ocr_carea' id='block_1_26' title="bbox 1845 1168 3425 1250">
    <p class='ocr_par' dir='ltr' id='par_1_26' title="bbox 1845 1168 3425 1250">
     <span class='ocr_line' id='line_1_26' title="bbox 1845 1168 3425 1250; baseline -0.012 -15"><span class='ocrx_word' id='word_1_163' title='bbox 1845 1196 2156 1250; x_wconf 69' lang='lat' dir='ltr'><strong>quaeremus</strong></span> <span class='ocrx_word' id='word_1_164' title='bbox 2189 1178 2411 1232; x_wconf 85' lang='lat' dir='ltr'><strong>subtilis</strong></span> <span class='ocrx_word' id='word_1_165' title='bbox 2446 1177 2688 1230; x_wconf 89' lang='lat' dir='ltr'><strong>humana</strong></span> <span class='ocrx_word' id='word_1_166' title='bbox 2725 1182 2923 1227; x_wconf 89' lang='lat' dir='ltr'><strong>natura</strong></span> <span class='ocrx_word' id='word_1_167' title='bbox 2958 1181 3085 1224; x_wconf 87' lang='lat' dir='ltr'><strong>ante</strong></span> <span class='ocrx_word' id='word_1_168' title='bbox 3119 1168 3425 1226; x_wconf 83' lang='lat' dir='ltr'><strong>Christum,</strong></span> 
     </span>
    </p>
   </div>
   <div class='ocr_carea' id='block_1_27' title="bbox 1846 1265 3427 1326">
    <p class='ocr_par' dir='ltr' id='par_1_27' title="bbox 1846 1265 3427 1326">
     <span class='ocr_line' id='line_1_27' title="bbox 1846 1265 3427 1326; baseline -0.013 0"><span class='ocrx_word' id='word_1_169' title='bbox 1846 1272 1987 1326; x_wconf 80' lang='lat' dir='ltr'><strong>facta</strong></span> <span class='ocrx_word' id='word_1_170' title='bbox 2021 1279 2105 1325; x_wconf 90' lang='lat' dir='ltr'><strong>est</strong></span> <span class='ocrx_word' id='word_1_171' title='bbox 2141 1269 2342 1324; x_wconf 89' lang='lat' dir='ltr'><strong>deinde</strong></span> <span class='ocrx_word' id='word_1_172' title='bbox 2379 1268 2434 1322; x_wconf 92' lang='lat' dir='ltr'><strong>in</strong></span> <span class='ocrx_word' id='word_1_173' title='bbox 2470 1265 2694 1321; x_wconf 86' lang='lat' dir='ltr'><strong>Christo</strong></span> <span class='ocrx_word' id='word_1_174' title='bbox 2730 1265 2876 1316; x_wconf 89' lang='lat' dir='ltr'><strong>intra</strong></span> <span class='ocrx_word' id='word_1_175' title='bbox 2911 1269 3165 1316; x_wconf 88' lang='lat' dir='ltr'><strong>sanctum</strong></span> <span class='ocrx_word' id='word_1_176' title='bbox 3204 1265 3427 1312; x_wconf 79' lang='lat' dir='ltr'><strong>uterum</strong></span> 
     </span>
    </p>
   </div>
   <div class='ocr_carea' id='block_1_28' title="bbox 1846 1347 3432 1432">
    <p class='ocr_par' dir='ltr' id='par_1_28' title="bbox 1846 1347 3432 1432">
     <span class='ocr_line' id='line_1_28' title="bbox 1846 1347 3432 1432; baseline -0.013 -14"><span class='ocrx_word' id='word_1_177' title='bbox 1846 1371 2109 1432; x_wconf 80' lang='lat' dir='ltr'><strong>concepta</strong></span> <span class='ocrx_word' id='word_1_178' title='bbox 2157 1379 2171 1412; x_wconf 88' lang='lat'>:</span> <span class='ocrx_word' id='word_1_179' title='bbox 2225 1361 2270 1414; x_wconf 90' lang='lat' dir='ltr'><strong>si</strong></span> <span class='ocrx_word' id='word_1_180' title='bbox 2312 1374 2444 1413; x_wconf 87' lang='lat' dir='ltr'><strong>vero</strong></span> <span class='ocrx_word' id='word_1_181' title='bbox 2493 1358 2722 1411; x_wconf 80' lang='lat' dir='ltr'><strong>alteram</strong></span> <span class='ocrx_word' id='word_1_182' title='bbox 2774 1362 3099 1408; x_wconf 88' lang='lat' dir='ltr'><strong>naturarum</strong></span> <span class='ocrx_word' id='word_1_183' title='bbox 3151 1366 3181 1404; x_wconf 90' lang='lat' dir='ltr'><strong>e</strong></span> <span class='ocrx_word' id='word_1_184' title='bbox 3227 1347 3432 1418; x_wconf 81' lang='lat' dir='ltr'><strong>quibus</strong></span> 
     </span>
    </p>
   </div>
   <div class='ocr_carea' id='block_1_29' title="bbox 1847 1438 3423 1518">
    <p class='ocr_par' dir='ltr' id='par_1_29' title="bbox 1847 1438 3423 1518">
     <span class='ocr_line' id='line_1_29' title="bbox 1847 1438 3423 1518; baseline -0.012 -9"><span class='ocrx_word' id='word_1_185' title='bbox 1847 1454 2127 1510; x_wconf 87' lang='lat' dir='ltr'><strong>Christum</strong></span> <span class='ocrx_word' id='word_1_186' title='bbox 2171 1451 2360 1506; x_wconf 91' lang='lat' dir='ltr'><strong>dicunt</strong></span> <span class='ocrx_word' id='word_1_187' title='bbox 2399 1448 2557 1518; x_wconf 89' lang='lat' dir='ltr'><strong>quasi</strong></span> <span class='ocrx_word' id='word_1_188' title='bbox 2600 1447 2668 1501; x_wconf 92' lang='lat' dir='ltr'><strong>de</strong></span> <span class='ocrx_word' id='word_1_189' title='bbox 2707 1460 2852 1500; x_wconf 88' lang='lat' dir='ltr'><strong>novo</strong></span> <span class='ocrx_word' id='word_1_190' title='bbox 2895 1453 2954 1498; x_wconf 91' lang='lat' dir='ltr'><strong>et</strong></span> <span class='ocrx_word' id='word_1_191' title='bbox 2993 1441 3258 1497; x_wconf 86' lang='lat' dir='ltr'><strong>anteriori</strong></span> <span class='ocrx_word' id='word_1_192' title='bbox 3306 1438 3423 1508; x_wconf 88' lang='lat' dir='ltr'><strong>pla-</strong></span> 
     </span>
    </p>
   </div>
   <div class='ocr_carea' id='block_1_30' title="bbox 1850 1530 3434 1614">
    <p class='ocr_par' dir='ltr' id='par_1_30' title="bbox 1850 1530 3434 1614">
     <span class='ocr_line' id='line_1_30' title="bbox 1850 1530 3434 1614; baseline -0.012 -14"><span class='ocrx_word' id='word_1_193' title='bbox 1850 1543 2311 1614; x_wconf 49' lang='lat' dir='ltr'><strong>smantgprimum</strong></span> <span class='ocrx_word' id='word_1_194' title='bbox 2341 1540 2566 1610; x_wconf 79' lang='lat' dir='ltr'><strong>quidem</strong></span> <span class='ocrx_word' id='word_1_195' title='bbox 2599 1545 2696 1592; x_wconf 87' lang='lat' dir='ltr'><strong>aut</strong></span> <span class='ocrx_word' id='word_1_196' title='bbox 2721 1552 2749 1589; x_wconf 93' lang='lat' dir='ltr'><strong>a</strong></span> <span class='ocrx_word' id='word_1_197' title='bbox 2775 1535 2926 1589; x_wconf 90' lang='lat' dir='ltr'><strong>nulla</strong></span> <span class='ocrx_word' id='word_1_198' title='bbox 2953 1530 3434 1602; x_wconf 78' lang='lat' dir='ltr'><strong>apprehendentes</strong></span> 
     </span>
    </p>
   </div>
   <div class='ocr_carea' id='block_1_31' title="bbox 1848 1623 3433 1706">
    <p class='ocr_par' dir='ltr' id='par_1_31' title="bbox 1848 1623 3433 1706">
     <span class='ocr_line' id='line_1_31' title="bbox 1848 1623 3433 1706; baseline -0.011 -16"><span class='ocrx_word' id='word_1_199' title='bbox 1848 1653 1992 1692; x_wconf 70' lang='lat' dir='ltr'><strong>veras</strong></span> <span class='ocrx_word' id='word_1_200' title='bbox 2025 1633 2375 1706; x_wconf 78' lang='lat' dir='ltr'><strong>cngitationis</strong></span> <span class='ocrx_word' id='word_1_201' title='bbox 2407 1631 2702 1687; x_wconf 78' lang='lat' dir='ltr'><strong>exordium</strong></span> <span class='ocrx_word' id='word_1_202' title='bbox 2723 1671 2738 1690; x_wconf 86' lang='lat'><strong>,</strong></span> <span class='ocrx_word' id='word_1_203' title='bbox 2770 1627 3094 1682; x_wconf 89' lang='lat' dir='ltr'><strong>mendacem</strong></span> <span class='ocrx_word' id='word_1_204' title='bbox 3133 1623 3433 1693; x_wconf 82' lang='lat' dir='ltr'><strong>plasmatu-</strong></span> 
     </span>
    </p>
   </div>
   <div class='ocr_carea' id='block_1_32' title="bbox 1850 1713 3429 1790">
    <p class='ocr_par' dir='ltr' id='par_1_32' title="bbox 1850 1713 3429 1790">
     <span class='ocr_line' id='line_1_32' title="bbox 1850 1713 3429 1790; baseline -0.011 -9"><span class='ocrx_word' id='word_1_205' title='bbox 1850 1742 1968 1781; x_wconf 92' lang='lat' dir='ltr'><strong>ram</strong></span> <span class='ocrx_word' id='word_1_206' title='bbox 1999 1742 2118 1780; x_wconf 88' lang='lat' dir='ltr'><strong>eam</strong></span> <span class='ocrx_word' id='word_1_207' title='bbox 2155 1725 2474 1789; x_wconf 88' lang='lat' dir='ltr'><strong>stabilinnt;</strong></span> <span class='ocrx_word' id='word_1_208' title='bbox 2510 1730 2607 1776; x_wconf 89' lang='lat' dir='ltr'><strong>aut</strong></span> <span class='ocrx_word' id='word_1_209' title='bbox 2641 1718 3126 1790; x_wconf 82' lang='lat' dir='ltr'><strong>apprehendentes</strong></span> <span class='ocrx_word' id='word_1_210' title='bbox 3159 1731 3190 1770; x_wconf 81' lang='grc' dir='ltr'><strong>ο</strong></span> <span class='ocrx_word' id='word_1_211' title='bbox 3225 1713 3429 1770; x_wconf 88' lang='lat' dir='ltr'><strong>Christi</strong></span> 
     </span>
    </p>
   </div>
   <div class='ocr_carea' id='block_1_33' title="bbox 1849 1806 3434 1880">
    <p class='ocr_par' dir='ltr' id='par_1_33' title="bbox 1849 1806 3434 1880">
     <span class='ocr_line' id='line_1_33' title="bbox 1849 1806 3434 1880; baseline -0.008 -8"><span class='ocrx_word' id='word_1_212' title='bbox 1849 1825 1978 1872; x_wconf 89' lang='lat' dir='ltr'><strong>ante</strong></span> <span class='ocrx_word' id='word_1_213' title='bbox 2010 1816 2404 1871; x_wconf 89' lang='lat' dir='ltr'><strong>adunationem</strong></span> <span class='ocrx_word' id='word_1_214' title='bbox 2437 1811 2891 1869; x_wconf 84' lang='lat' dir='ltr'><strong>consideratione</strong></span> <span class='ocrx_word' id='word_1_215' title='bbox 2921 1809 3257 1880; x_wconf 80' lang='lat' dir='ltr'><strong>agnitionem</strong></span> <span class='ocrx_word' id='word_1_216' title='bbox 3292 1806 3434 1860; x_wconf 89' lang='lat' dir='ltr'><strong>sicut</strong></span> 
     </span>
    </p>
   </div>
   <div class='ocr_carea' id='block_1_34' title="bbox 209 1876 1754 1990">
    <p class='ocr_par' dir='ltr' id='par_1_34' title="bbox 209 1902 1752 1990">
     <span class='ocr_line' id='line_1_34' title="bbox 209 1902 1752 1990; baseline -0.008 -25"><span class='ocrx_word' id='word_1_217' title='bbox 209 1915 372 1969; x_wconf 78' lang='grc' dir='ltr'>αὐτοῦ.</span> <span class='ocrx_word' id='word_1_218' title='bbox 402 1915 521 1977; x_wconf 82' lang='grc' dir='ltr'><strong>Πῶς</strong></span> <span class='ocrx_word' id='word_1_219' title='bbox 551 1910 644 1967; x_wconf 77' lang='grc' dir='ltr'>οὖν</span> <span class='ocrx_word' id='word_1_220' title='bbox 673 1915 735 1966; x_wconf 76' lang='grc' dir='ltr'><strong>ού</strong></span> <span class='ocrx_word' id='word_1_221' title='bbox 767 1913 862 1964; x_wconf 83' lang='grc' dir='ltr'><strong>δύο</strong></span> <span class='ocrx_word' id='word_1_222' title='bbox 896 1912 1046 1990; x_wconf 52' lang='lat' dir='ltr'><strong>{agat</strong></span> <span class='ocrx_word' id='word_1_223' title='bbox 1082 1911 1219 1979; x_wconf 79' lang='grc' dir='ltr'>μετὰ</span> <span class='ocrx_word' id='word_1_224' title='bbox 1243 1909 1343 1976; x_wconf 82' lang='grc' dir='ltr'>τὴν</span> <span class='ocrx_word' id='word_1_225' title='bbox 1366 1907 1560 1958; x_wconf 71' lang='grc' dir='ltr'>ἕνωσιν</span> <span class='ocrx_word' id='word_1_226' title='bbox 1587 1905 1636 1955; x_wconf 89' lang='grc' dir='ltr'>οἱ</span> <span class='ocrx_word' id='word_1_227' title='bbox 1657 1902 1752 1955; x_wconf 78' lang='grc' dir='ltr'><strong>καί</strong></span> 
     </span>
    </p>
   </div>
   <div class='ocr_carea' id='block_1_35' title="bbox 1856 1876 3438 1990">
    <p class='ocr_par' dir='ltr' id='par_1_35' title="bbox 1856 1876 3438 1969">
     <span class='ocr_line' id='line_1_35' title="bbox 1856 1876 3438 1969; baseline -0.009 -6"><span class='ocrx_word' id='word_1_228' title='bbox 1856 1909 2092 1964; x_wconf 91' lang='lat' dir='ltr'><strong>duarum</strong></span> <span class='ocrx_word' id='word_1_229' title='bbox 2128 1917 2452 1961; x_wconf 88' lang='lat' dir='ltr'><strong>naturarum</strong></span> <span class='ocrx_word' id='word_1_230' title='bbox 2487 1912 2542 1958; x_wconf 87' lang='lat' dir='ltr'><strong>et</strong></span> <span class='ocrx_word' id='word_1_231' title='bbox 2581 1904 2794 1965; x_wconf 88' lang='lat' dir='ltr'><strong>talium,</strong></span> <span class='ocrx_word' id='word_1_232' title='bbox 2821 1902 2920 1956; x_wconf 85' lang='lat' dir='ltr'><strong>has</strong></span> <span class='ocrx_word' id='word_1_233' title='bbox 2952 1876 3008 1955; x_wconf 76' lang='lat' dir='ltr'><strong>et</strong></span> <span class='ocrx_word' id='word_1_234' title='bbox 3038 1899 3283 1969; x_wconf 83' lang='lat' dir='ltr'><strong>cogitant</strong></span> <span class='ocrx_word' id='word_1_235' title='bbox 3311 1905 3438 1950; x_wconf 75' lang='lat' dir='ltr'><strong>ante</strong></span> 
     </span>
    </p>
   </div>
   <div class='ocr_carea' id='block_1_36' title="bbox 210 1994 1754 2077">
    <p class='ocr_par' dir='ltr' id='par_1_36' title="bbox 210 1994 1754 2077">
     <span class='ocr_line' id='line_1_36' title="bbox 210 1994 1754 2077; baseline -0.008 -20"><span class='ocrx_word' id='word_1_236' title='bbox 210 2007 291 2076; x_wconf 74' lang='grc' dir='ltr'><strong>τὴν</strong></span> <span class='ocrx_word' id='word_1_237' title='bbox 316 2006 642 2077; x_wconf 77' lang='grc' dir='ltr'>προΰπαρξιν</span> <span class='ocrx_word' id='word_1_238' title='bbox 666 2000 847 2058; x_wconf 76' lang='grc' dir='ltr'>αὐτῶν</span> <span class='ocrx_word' id='word_1_239' title='bbox 879 2004 977 2071; x_wconf 79' lang='grc' dir='ltr'>τὴν</span> <span class='ocrx_word' id='word_1_240' title='bbox 1008 2004 1112 2072; x_wconf 71' lang='grc' dir='ltr'><strong>πρὸ</strong></span> <span class='ocrx_word' id='word_1_241' title='bbox 1142 2001 1240 2070; x_wconf 80' lang='grc' dir='ltr'>τῆς</span> <span class='ocrx_word' id='word_1_242' title='bbox 1284 1998 1529 2067; x_wconf 31' lang='grc' dir='ltr'>ἐὶνῴσεως</span> <span class='ocrx_word' id='word_1_243' title='bbox 1560 1998 1625 2047; x_wconf 75' lang='grc' dir='ltr'>ἐκ</span> <span class='ocrx_word' id='word_1_244' title='bbox 1655 1994 1754 2062; x_wconf 72' lang='grc' dir='ltr'>τῆς</span> 
     </span>
    </p>
   </div>
   <div class='ocr_carea' id='block_1_37' title="bbox 213 2087 1750 2164">
    <p class='ocr_par' dir='ltr' id='par_1_37' title="bbox 213 2087 1750 2164">
     <span class='ocr_line' id='line_1_37' title="bbox 213 2087 1750 2164; baseline -0.009 -16"><span class='ocrx_word' id='word_1_245' title='bbox 213 2095 334 2148; x_wconf 73' lang='grc' dir='ltr'>κατὰ</span> <span class='ocrx_word' id='word_1_246' title='bbox 360 2096 455 2164; x_wconf 75' lang='grc' dir='ltr'>τὴν</span> <span class='ocrx_word' id='word_1_247' title='bbox 478 2095 671 2147; x_wconf 71' lang='grc' dir='ltr'>ἕνωσιν</span> <span class='ocrx_word' id='word_1_248' title='bbox 703 2092 1048 2162; x_wconf 75' lang='grc' dir='ltr'><strong>διαγνώσεως</strong></span> <span class='ocrx_word' id='word_1_249' title='bbox 1101 2089 1280 2144; x_wconf 78' lang='grc' dir='ltr'>αὐτῶν</span> <span class='ocrx_word' id='word_1_250' title='bbox 1317 2087 1712 2155; x_wconf 76' lang='grc' dir='ltr'>ἐπινοήσαντες</span> <span class='ocrx_word' id='word_1_251' title='bbox 1737 2097 1750 2112; x_wconf 71' lang='grc' dir='ltr'><strong>ο</strong></span> 
     </span>
    </p>
   </div>
   <div class='ocr_carea' id='block_1_38' title="bbox 212 2173 1761 2260">
    <p class='ocr_par' dir='ltr' id='par_1_38' title="bbox 212 2173 1761 2260">
     <span class='ocr_line' id='line_1_38' title="bbox 212 2173 1761 2260; baseline -0.009 -22"><span class='ocrx_word' id='word_1_252' title='bbox 212 2185 278 2238; x_wconf 67' lang='grc' dir='ltr'>ἔτι</span> <span class='ocrx_word' id='word_1_253' title='bbox 298 2181 423 2260; x_wconf 64' lang='grc' dir='ltr'>ἦνὶεί</span> <span class='ocrx_word' id='word_1_254' title='bbox 466 2187 567 2256; x_wconf 77' lang='grc' dir='ltr'>μὲν</span> <span class='ocrx_word' id='word_1_255' title='bbox 602 2186 818 2257; x_wconf 75' lang='grc' dir='ltr'>ἐπινοίᾳ</span> <span class='ocrx_word' id='word_1_256' title='bbox 857 2184 1112 2254; x_wconf 84' lang='grc' dir='ltr'>θατὲραν,</span> <span class='ocrx_word' id='word_1_257' title='bbox 1135 2183 1228 2233; x_wconf 72' lang='grc' dir='ltr'><strong>καὶ</strong></span> <span class='ocrx_word' id='word_1_258' title='bbox 1253 2178 1481 2249; x_wconf 61' lang='grc' dir='ltr'>ἀληθεία</span> <span class='ocrx_word' id='word_1_259' title='bbox 1513 2175 1609 2246; x_wconf 73' lang='grc' dir='ltr'>τὴν</span> <span class='ocrx_word' id='word_1_260' title='bbox 1642 2173 1761 2226; x_wconf 81' lang='grc' dir='ltr'>ἐτέ-</span> 
     </span>
    </p>
   </div>
   <div class='ocr_carea' id='block_1_39' title="bbox 216 2266 1759 2346">
    <p class='ocr_par' dir='ltr' id='par_1_39' title="bbox 216 2266 1759 2346">
     <span class='ocr_line' id='line_1_39' title="bbox 216 2266 1759 2346; baseline 0.006 -19"><span class='ocrx_word' id='word_1_261' title='bbox 216 2293 300 2344; x_wconf 77' lang='grc' dir='ltr'><strong>ραν</strong></span> <span class='ocrx_word' id='word_1_262' title='bbox 324 2278 423 2328; x_wconf 79' lang='grc' dir='ltr'><strong>τῶν</strong></span> <span class='ocrx_word' id='word_1_263' title='bbox 461 2277 675 2346; x_wconf 73' lang='grc' dir='ltr'>φύσεων</span> <span class='ocrx_word' id='word_1_264' title='bbox 703 2276 763 2341; x_wconf 78' lang='grc' dir='ltr'>ἐξ</span> <span class='ocrx_word' id='word_1_265' title='bbox 793 2271 866 2329; x_wconf 79' lang='grc' dir='ltr'>ὧν</span> <span class='ocrx_word' id='word_1_266' title='bbox 893 2277 920 2327; x_wconf 78' lang='grc' dir='ltr'>ὁ</span> <span class='ocrx_word' id='word_1_267' title='bbox 947 2275 1174 2344; x_wconf 79' lang='grc' dir='ltr'>Κύριος,’</span> <span class='ocrx_word' id='word_1_268' title='bbox 1203 2272 1386 2340; x_wconf 71' lang='grc' dir='ltr'>φασὶν,</span> <span class='ocrx_word' id='word_1_269' title='bbox 1418 2269 1630 2335; x_wconf 71' lang='grc' dir='ltr'>ἀνάγκη</span> <span class='ocrx_word' id='word_1_270' title='bbox 1664 2266 1759 2316; x_wconf 56' lang='grc' dir='ltr'><strong>καὶ</strong></span> 
     </span>
    </p>
   </div>
   <div class='ocr_carea' id='block_1_40' title="bbox 215 2358 1754 2438">
    <p class='ocr_par' dir='ltr' id='par_1_40' title="bbox 215 2358 1754 2438">
     <span class='ocr_line' id='line_1_40' title="bbox 215 2358 1754 2438; baseline -0.008 -20"><span class='ocrx_word' id='word_1_271' title='bbox 215 2368 353 2419; x_wconf 64' lang='grc' dir='ltr'>αὑτὸν</span> <span class='ocrx_word' id='word_1_272' title='bbox 379 2369 603 2438; x_wconf 73' lang='grc' dir='ltr'>Χριστὸν</span> <span class='ocrx_word' id='word_1_273' title='bbox 623 2369 683 2420; x_wconf 83' lang='grc' dir='ltr'>τὸ</span> <span class='ocrx_word' id='word_1_274' title='bbox 721 2367 820 2438; x_wconf 76' lang='grc' dir='ltr'><strong>μέν</strong></span> <span class='ocrx_word' id='word_1_275' title='bbox 841 2385 893 2419; x_wconf 89' lang='grc' dir='ltr'><strong>τι</strong></span> <span class='ocrx_word' id='word_1_276' title='bbox 917 2367 1084 2438; x_wconf 78' lang='grc' dir='ltr'>μέρος</span> <span class='ocrx_word' id='word_1_277' title='bbox 1121 2363 1286 2417; x_wconf 83' lang='grc' dir='ltr'><strong>αὑτοῦ</strong></span> <span class='ocrx_word' id='word_1_278' title='bbox 1317 2358 1547 2430; x_wconf 73' lang='grc' dir='ltr'>ἀληθείᾳ</span> <span class='ocrx_word' id='word_1_279' title='bbox 1573 2358 1754 2424; x_wconf 76' lang='grc' dir='ltr'>ὑπάρ-</span> 
     </span>
    </p>
   </div>
   <div class='ocr_carea' id='block_1_41' title="bbox 217 2444 1760 2530">
    <p class='ocr_par' dir='ltr' id='par_1_41' title="bbox 217 2444 1760 2530">
     <span class='ocr_line' id='line_1_41' title="bbox 217 2444 1760 2530; baseline -0.01 -16"><span class='ocrx_word' id='word_1_280' title='bbox 217 2477 296 2528; x_wconf 83' lang='grc' dir='ltr'><strong>χον</strong></span> <span class='ocrx_word' id='word_1_281' title='bbox 318 2459 468 2530; x_wconf 66' lang='grc' dir='ltr'>ἔχειν,</span> <span class='ocrx_word' id='word_1_282' title='bbox 507 2461 646 2514; x_wconf 80' lang='grc' dir='ltr'>τὸδὲ</span> <span class='ocrx_word' id='word_1_283' title='bbox 686 2444 904 2530; x_wconf 70' lang='grc' dir='ltr'>ἐπινοίᾳ</span> <span class='ocrx_word' id='word_1_284' title='bbox 932 2459 1110 2511; x_wconf 79' lang='grc' dir='ltr'>δοκεῖν</span> <span class='ocrx_word' id='word_1_285' title='bbox 1147 2457 1306 2526; x_wconf 88' lang='grc' dir='ltr'>μόνον</span> <span class='ocrx_word' id='word_1_286' title='bbox 1327 2469 1342 2484; x_wconf 76' lang='grc' dir='ltr'><strong>ο</strong></span> <span class='ocrx_word' id='word_1_287' title='bbox 1375 2453 1450 2514; x_wconf 86' lang='grc' dir='ltr'><strong>ὡς</strong></span> <span class='ocrx_word' id='word_1_288' title='bbox 1495 2445 1633 2509; x_wconf 80' lang='grc' dir='ltr'>εἶναι</span> <span class='ocrx_word' id='word_1_289' title='bbox 1665 2448 1760 2500; x_wconf 75' lang='grc' dir='ltr'><strong>καὶ</strong></span> 
     </span>
    </p>
   </div>
   <div class='ocr_carea' id='block_1_42' title="bbox 217 2537 1759 2618">
    <p class='ocr_par' dir='ltr' id='par_1_42' title="bbox 217 2537 1759 2618">
     <span class='ocr_line' id='line_1_42' title="bbox 217 2537 1759 2618; baseline -0.014 -12"><span class='ocrx_word' id='word_1_290' title='bbox 217 2548 298 2618; x_wconf 77' lang='grc' dir='ltr'>τῆς</span> <span class='ocrx_word' id='word_1_291' title='bbox 345 2551 475 2603; x_wconf 73' lang='grc' dir='ltr'><strong>κιτά</strong></span> <span class='ocrx_word' id='word_1_292' title='bbox 519 2549 708 2603; x_wconf 80' lang='grc' dir='ltr'>τούσδε</span> <span class='ocrx_word' id='word_1_293' title='bbox 776 2551 906 2618; x_wconf 77' lang='grc' dir='ltr'>μιᾶς</span> <span class='ocrx_word' id='word_1_294' title='bbox 969 2547 1186 2617; x_wconf 83' lang='grc' dir='ltr'>φύσεως</span> <span class='ocrx_word' id='word_1_295' title='bbox 1213 2539 1379 2595; x_wconf 77' lang='grc' dir='ltr'>αὑτοῦ</span> <span class='ocrx_word' id='word_1_296' title='bbox 1401 2537 1759 2607; x_wconf 80' lang='grc' dir='ltr'>ἀνύπαρκτον</span> 
     </span>
    </p>
   </div>
   <div class='ocr_carea' id='block_1_43' title="bbox 216 2628 1760 2712">
    <p class='ocr_par' dir='ltr' id='par_1_43' title="bbox 216 2628 1760 2712">
     <span class='ocr_line' id='line_1_43' title="bbox 216 2628 1760 2712; baseline -0.01 -19"><span class='ocrx_word' id='word_1_297' title='bbox 216 2639 378 2708; x_wconf 63' lang='grc' dir='ltr'>ἥμισυ,</span> <span class='ocrx_word' id='word_1_298' title='bbox 397 2642 485 2694; x_wconf 78' lang='grc' dir='ltr'><strong>καί</strong></span> <span class='ocrx_word' id='word_1_299' title='bbox 513 2643 590 2704; x_wconf 85' lang='grc' dir='ltr'><strong>είς</strong></span> <span class='ocrx_word' id='word_1_300' title='bbox 617 2643 792 2712; x_wconf 74' lang='grc' dir='ltr'>ἥμισυ</span> <span class='ocrx_word' id='word_1_301' title='bbox 820 2628 1036 2709; x_wconf 69' lang='grc' dir='ltr'>φύσεως</span> <span class='ocrx_word' id='word_1_302' title='bbox 1069 2637 1229 2707; x_wconf 88' lang='grc' dir='ltr'>μόνον</span> <span class='ocrx_word' id='word_1_303' title='bbox 1284 2630 1621 2701; x_wconf 81' lang='grc' dir='ltr'>καταντῆσαι</span> <span class='ocrx_word' id='word_1_304' title='bbox 1660 2629 1760 2680; x_wconf 81' lang='grc' dir='ltr'>αύ-</span> 
     </span>
    </p>
   </div>
   <div class='ocr_carea' id='block_1_44' title="bbox 214 2721 1758 2801">
    <p class='ocr_par' dir='ltr' id='par_1_44' title="bbox 214 2721 1758 2801">
     <span class='ocr_line' id='line_1_44' title="bbox 214 2721 1758 2801; baseline -0.007 -19"><span class='ocrx_word' id='word_1_305' title='bbox 214 2730 305 2783; x_wconf 85' lang='grc' dir='ltr'><strong>τῶν</strong></span> <span class='ocrx_word' id='word_1_306' title='bbox 327 2732 414 2801; x_wconf 83' lang='grc' dir='ltr'>τὴν</span> <span class='ocrx_word' id='word_1_307' title='bbox 438 2733 528 2785; x_wconf 72' lang='grc' dir='ltr'>ἐπὶ</span> <span class='ocrx_word' id='word_1_308' title='bbox 547 2733 784 2799; x_wconf 73' lang='grc' dir='ltr'>Χριστοῦ</span> <span class='ocrx_word' id='word_1_309' title='bbox 804 2728 1156 2800; x_wconf 72' lang='grc' dir='ltr'>φυσιολογίαν</span> <span class='ocrx_word' id='word_1_310' title='bbox 1176 2743 1189 2757; x_wconf 74' lang='grc' dir='ltr'><strong>ο</strong></span> <span class='ocrx_word' id='word_1_311' title='bbox 1211 2725 1308 2780; x_wconf 73' lang='grc' dir='ltr'><strong>καὶ</strong></span> <span class='ocrx_word' id='word_1_312' title='bbox 1352 2723 1486 2794; x_wconf 83' lang='grc' dir='ltr'>μηδὲ</span> <span class='ocrx_word' id='word_1_313' title='bbox 1519 2724 1599 2784; x_wconf 78' lang='grc' dir='ltr'>εἰς</span> <span class='ocrx_word' id='word_1_314' title='bbox 1631 2721 1758 2791; x_wconf 81' lang='grc' dir='ltr'>μίαν</span> 
     </span>
    </p>
   </div>
   <div class='ocr_carea' id='block_1_45' title="bbox 221 2811 1019 2890">
    <p class='ocr_par' dir='ltr' id='par_1_45' title="bbox 221 2811 1019 2890">
     <span class='ocr_line' id='line_1_45' title="bbox 221 2811 1019 2890; baseline 0.004 -16"><span class='ocrx_word' id='word_1_315' title='bbox 221 2823 362 2890; x_wconf 75' lang='grc' dir='ltr'>φύσιν</span> <span class='ocrx_word' id='word_1_316' title='bbox 381 2824 611 2887; x_wconf 80' lang='grc' dir='ltr'>τελείαν,</span> <span class='ocrx_word' id='word_1_317' title='bbox 631 2824 709 2886; x_wconf 85' lang='grc' dir='ltr'><strong>ὡς</strong></span> <span class='ocrx_word' id='word_1_318' title='bbox 743 2811 1019 2889; x_wconf 83' lang='grc' dir='ltr'>λέγουσιν.</span> 
     </span>
    </p>
   </div>
   <div class='ocr_carea' id='block_1_46' title="bbox 271 3081 1760 3155">
    <p class='ocr_par' dir='ltr' id='par_1_46' title="bbox 271 3081 1760 3155">
     <span class='ocr_line' id='line_1_46' title="bbox 271 3081 1760 3155; baseline -0.008 -13"><span class='ocrx_word' id='word_1_319' title='bbox 271 3096 358 3143; x_wconf 81' lang='grc' dir='ltr'><strong>κε’.</strong></span> <span class='ocrx_word' id='word_1_320' title='bbox 406 3091 527 3144; x_wconf 65' lang='grc' dir='ltr'><strong>Ι’Ἱῖέτι</strong></span> <span class='ocrx_word' id='word_1_321' title='bbox 557 3091 683 3144; x_wconf 76' lang='grc' dir='ltr'>ἐπεὶ</span> <span class='ocrx_word' id='word_1_322' title='bbox 741 3085 850 3140; x_wconf 83' lang='grc' dir='ltr'><strong>τῶν</strong></span> <span class='ocrx_word' id='word_1_323' title='bbox 881 3086 1098 3155; x_wconf 81' lang='grc' dir='ltr'>φύσεων</span> <span class='ocrx_word' id='word_1_324' title='bbox 1152 3082 1358 3154; x_wconf 76' lang='grc' dir='ltr'>δηλαδὴ</span> <span class='ocrx_word' id='word_1_325' title='bbox 1413 3083 1511 3151; x_wconf 82' lang='grc' dir='ltr'>τὴν</span> <span class='ocrx_word' id='word_1_326' title='bbox 1543 3081 1760 3134; x_wconf 77' lang='grc' dir='ltr'>σύνοδον</span> 
     </span>
    </p>
   </div>
   <div class='ocr_carea' id='block_1_47' title="bbox 1855 1986 3438 2070">
    <p class='ocr_par' dir='ltr' id='par_1_47' title="bbox 1855 1986 3438 2070">
     <span class='ocr_line' id='line_1_47' title="bbox 1855 1986 3438 2070; baseline -0.009 -16"><span class='ocrx_word' id='word_1_327' title='bbox 1855 2000 2054 2070; x_wconf 91' lang='lat' dir='ltr'><strong>ipsum.</strong></span> <span class='ocrx_word' id='word_1_328' title='bbox 2075 1997 2360 2065; x_wconf 85' lang='lat' dir='ltr'><strong>Quomodo</strong></span> <span class='ocrx_word' id='word_1_329' title='bbox 2376 2012 2505 2067; x_wconf 79' lang='lat' dir='ltr'><strong>ergo</strong></span> <span class='ocrx_word' id='word_1_330' title='bbox 2526 2011 2635 2050; x_wconf 93' lang='lat' dir='ltr'><strong>non</strong></span> <span class='ocrx_word' id='word_1_331' title='bbox 2665 1994 2803 2048; x_wconf 86' lang='lat' dir='ltr'><strong>duas</strong></span> <span class='ocrx_word' id='word_1_332' title='bbox 2820 1998 3127 2061; x_wconf 87' lang='lat' dir='ltr'><strong>agnoscunt</strong></span> <span class='ocrx_word' id='word_1_333' title='bbox 3151 1997 3273 2058; x_wconf 91' lang='lat' dir='ltr'><strong>post</strong></span> <span class='ocrx_word' id='word_1_334' title='bbox 3296 1986 3438 2041; x_wconf 89' lang='lat' dir='ltr'><strong>adu-</strong></span> 
     </span>
    </p>
   </div>
   <div class='ocr_carea' id='block_1_48' title="bbox 1853 2085 3436 2159">
    <p class='ocr_par' dir='ltr' id='par_1_48' title="bbox 1853 2085 3436 2159">
     <span class='ocr_line' id='line_1_48' title="bbox 1853 2085 3436 2159; baseline -0.009 -13"><span class='ocrx_word' id='word_1_335' title='bbox 1853 2093 2136 2146; x_wconf 87' lang='lat' dir='ltr'><strong>nationem</strong></span> <span class='ocrx_word' id='word_1_336' title='bbox 2193 2089 2290 2159; x_wconf 89' lang='lat' dir='ltr'><strong>qui</strong></span> <span class='ocrx_word' id='word_1_337' title='bbox 2345 2089 2587 2158; x_wconf 87' lang='lat' dir='ltr'><strong>ipsarum</strong></span> <span class='ocrx_word' id='word_1_338' title='bbox 2642 2085 3135 2157; x_wconf 66' lang='lat' dir='ltr'><strong>praeexsistentiam</strong></span> <span class='ocrx_word' id='word_1_339' title='bbox 3161 2097 3283 2152; x_wconf 71' lang='lat' dir='ltr'><strong>qua:</strong></span> <span class='ocrx_word' id='word_1_340' title='bbox 3309 2089 3436 2135; x_wconf 77' lang='lat' dir='ltr'><strong>ante</strong></span> 
     </span>
    </p>
   </div>
   <div class='ocr_carea' id='block_1_49' title="bbox 1857 2175 3437 2248">
    <p class='ocr_par' dir='ltr' id='par_1_49' title="bbox 1857 2175 3437 2248">
     <span class='ocr_line' id='line_1_49' title="bbox 1857 2175 3437 2248; baseline -0.01 -9"><span class='ocrx_word' id='word_1_341' title='bbox 1857 2183 2245 2239; x_wconf 87' lang='lat' dir='ltr'><strong>adunationem</strong></span> <span class='ocrx_word' id='word_1_342' title='bbox 2276 2190 2425 2237; x_wconf 85' lang='lat' dir='ltr'><strong>esset</strong></span> <span class='ocrx_word' id='word_1_343' title='bbox 2449 2181 2765 2248; x_wconf 80' lang='lat' dir='ltr'><strong>excogitant</strong></span> <span class='ocrx_word' id='word_1_344' title='bbox 2791 2195 2858 2233; x_wconf 84' lang='lat' dir='ltr'><strong>ex</strong></span> <span class='ocrx_word' id='word_1_345' title='bbox 2891 2191 3081 2232; x_wconf 88' lang='lat' dir='ltr'><strong>earum</strong></span> <span class='ocrx_word' id='word_1_346' title='bbox 3121 2175 3437 2244; x_wconf 77' lang='lat' dir='ltr'><strong>cognitione</strong></span> 
     </span>
    </p>
   </div>
   <div class='ocr_carea' id='block_1_50' title="bbox 1857 2265 3441 2344">
    <p class='ocr_par' dir='ltr' id='par_1_50' title="bbox 1857 2265 3441 2344">
     <span class='ocr_line' id='line_1_50' title="bbox 1857 2265 3441 2344; baseline -0.005 -18"><span class='ocrx_word' id='word_1_347' title='bbox 1857 2290 2019 2344; x_wconf 88' lang='lat' dir='ltr'><strong>quam</strong></span> <span class='ocrx_word' id='word_1_348' title='bbox 2051 2273 2256 2327; x_wconf 85' lang='lat' dir='ltr'><strong>habent</strong></span> <span class='ocrx_word' id='word_1_349' title='bbox 2278 2273 2433 2342; x_wconf 80' lang='lat' dir='ltr'><strong>juxta</strong></span> <span class='ocrx_word' id='word_1_350' title='bbox 2467 2272 2899 2335; x_wconf 82' lang='lat' dir='ltr'><strong>adunationem;</strong></span> <span class='ocrx_word' id='word_1_351' title='bbox 2939 2268 3121 2322; x_wconf 87' lang='lat' dir='ltr'><strong>adhuc</strong></span> <span class='ocrx_word' id='word_1_352' title='bbox 3153 2266 3197 2320; x_wconf 90' lang='lat' dir='ltr'><strong>si</strong></span> <span class='ocrx_word' id='word_1_353' title='bbox 3233 2265 3441 2335; x_wconf 84' lang='lat' dir='ltr'><strong>cogita--</strong></span> 
     </span>
    </p>
   </div>
   <div class='ocr_carea' id='block_1_51' title="bbox 1861 2360 3436 2433">
    <p class='ocr_par' dir='ltr' id='par_1_51' title="bbox 1861 2360 3436 2433">
     <span class='ocr_line' id='line_1_51' title="bbox 1861 2360 3436 2433; baseline -0.008 -12"><span class='ocrx_word' id='word_1_354' title='bbox 1861 2366 2010 2421; x_wconf 88' lang='lat' dir='ltr'><strong>tione</strong></span> <span class='ocrx_word' id='word_1_355' title='bbox 2046 2364 2270 2433; x_wconf 86' lang='lat' dir='ltr'><strong>quidem</strong></span> <span class='ocrx_word' id='word_1_356' title='bbox 2311 2365 2540 2417; x_wconf 86' lang='lat' dir='ltr'><strong>alteram</strong></span> <span class='ocrx_word' id='word_1_357' title='bbox 2582 2371 2637 2415; x_wconf 87' lang='lat' dir='ltr'><strong>ct</strong></span> <span class='ocrx_word' id='word_1_358' title='bbox 2675 2361 2909 2416; x_wconf 81' lang='lat' dir='ltr'><strong>veritate</strong></span> <span class='ocrx_word' id='word_1_359' title='bbox 2947 2360 3174 2414; x_wconf 89' lang='lat' dir='ltr'><strong>alteram</strong></span> <span class='ocrx_word' id='word_1_360' title='bbox 3214 2365 3436 2410; x_wconf 85' lang='lat' dir='ltr'><strong>natura—</strong></span> 
     </span>
    </p>
   </div>
   <div class='ocr_carea' id='block_1_52' title="bbox 1859 2452 3440 2525">
    <p class='ocr_par' dir='ltr' id='par_1_52' title="bbox 1859 2452 3440 2525">
     <span class='ocr_line' id='line_1_52' title="bbox 1859 2452 3440 2525; baseline -0.008 -15"><span class='ocrx_word' id='word_1_361' title='bbox 1859 2473 1979 2511; x_wconf 89' lang='lat' dir='ltr'><strong>rum</strong></span> <span class='ocrx_word' id='word_1_362' title='bbox 2031 2472 2061 2510; x_wconf 90' lang='lat' dir='ltr'><strong>e</strong></span> <span class='ocrx_word' id='word_1_363' title='bbox 2108 2455 2316 2525; x_wconf 84' lang='lat' dir='ltr'><strong>quibus</strong></span> <span class='ocrx_word' id='word_1_364' title='bbox 2370 2452 2625 2509; x_wconf 88' lang='lat' dir='ltr'><strong>Christus</strong></span> <span class='ocrx_word' id='word_1_365' title='bbox 2678 2452 2902 2514; x_wconf 89' lang='lat' dir='ltr'><strong>dicunt,</strong></span> <span class='ocrx_word' id='word_1_366' title='bbox 2945 2457 3066 2504; x_wconf 87' lang='lat' dir='ltr'><strong>erat</strong></span> <span class='ocrx_word' id='word_1_367' title='bbox 3108 2461 3337 2502; x_wconf 85' lang='lat' dir='ltr'><strong>necesse</strong></span> <span class='ocrx_word' id='word_1_368' title='bbox 3387 2459 3440 2498; x_wconf 81' lang='lat' dir='ltr'><strong>ct</strong></span> 
     </span>
    </p>
   </div>
   <div class='ocr_carea' id='block_1_53' title="bbox 1857 2540 3437 2616">
    <p class='ocr_par' dir='ltr' id='par_1_53' title="bbox 1857 2540 3437 2616">
     <span class='ocr_line' id='line_1_53' title="bbox 1857 2540 3437 2616; baseline -0.008 -13"><span class='ocrx_word' id='word_1_369' title='bbox 1857 2549 2137 2603; x_wconf 88' lang='lat' dir='ltr'><strong>Christum</strong></span> <span class='ocrx_word' id='word_1_370' title='bbox 2174 2549 2374 2616; x_wconf 86' lang='lat' dir='ltr'><strong>ipsum,</strong></span> <span class='ocrx_word' id='word_1_371' title='bbox 2404 2546 2604 2616; x_wconf 84' lang='lat' dir='ltr'><strong>partim</strong></span> <span class='ocrx_word' id='word_1_372' title='bbox 2639 2545 2872 2599; x_wconf 81' lang='lat' dir='ltr'><strong>veritate</strong></span> <span class='ocrx_word' id='word_1_373' title='bbox 2889 2543 3158 2598; x_wconf 78' lang='lat' dir='ltr'><strong>exsistere</strong></span> <span class='ocrx_word' id='word_1_374' title='bbox 3193 2540 3437 2597; x_wconf 86' lang='lat' dir='ltr'><strong>realiter,</strong></span> 
     </span>
    </p>
   </div>
   <div class='ocr_carea' id='block_1_54' title="bbox 1860 2631 3444 2708">
    <p class='ocr_par' dir='ltr' id='par_1_54' title="bbox 1860 2631 3444 2708">
     <span class='ocr_line' id='line_1_54' title="bbox 1860 2631 3444 2708; baseline -0.008 -16"><span class='ocrx_word' id='word_1_375' title='bbox 1860 2639 2058 2708; x_wconf 87' lang='lat' dir='ltr'><strong>partim</strong></span> <span class='ocrx_word' id='word_1_376' title='bbox 2093 2638 2427 2708; x_wconf 80' lang='lat' dir='ltr'><strong>cogitatione</strong></span> <span class='ocrx_word' id='word_1_377' title='bbox 2464 2646 2678 2690; x_wconf 88' lang='lat' dir='ltr'><strong>tantum</strong></span> <span class='ocrx_word' id='word_1_378' title='bbox 2713 2651 2834 2690; x_wconf 84' lang='lat' dir='ltr'><strong>esse</strong></span> <span class='ocrx_word' id='word_1_379' title='bbox 2863 2633 3069 2697; x_wconf 88' lang='lat' dir='ltr'><strong>videri;</strong></span> <span class='ocrx_word' id='word_1_380' title='bbox 3107 2631 3262 2701; x_wconf 91' lang='lat' dir='ltr'><strong>quasi</strong></span> <span class='ocrx_word' id='word_1_381' title='bbox 3296 2637 3444 2684; x_wconf 69' lang='lat' dir='ltr'><strong>esset.</strong></span> 
     </span>
    </p>
   </div>
   <div class='ocr_carea' id='block_1_55' title="bbox 1863 2722 3440 2797">
    <p class='ocr_par' dir='ltr' id='par_1_55' title="bbox 1863 2722 3440 2797">
     <span class='ocr_line' id='line_1_55' title="bbox 1863 2722 3440 2797; baseline -0.008 -12"><span class='ocrx_word' id='word_1_382' title='bbox 1863 2740 1976 2785; x_wconf 92' lang='lat' dir='ltr'><strong>tum</strong></span> <span class='ocrx_word' id='word_1_383' title='bbox 2024 2731 2186 2784; x_wconf 90' lang='lat' dir='ltr'><strong>unius</strong></span> <span class='ocrx_word' id='word_1_384' title='bbox 2233 2738 2440 2784; x_wconf 76' lang='lat' dir='ltr'><strong>natura:</strong></span> <span class='ocrx_word' id='word_1_385' title='bbox 2483 2729 2655 2797; x_wconf 84' lang='lat' dir='ltr'><strong>ipsius</strong></span> <span class='ocrx_word' id='word_1_386' title='bbox 2692 2728 2848 2794; x_wconf 72' lang='lat' dir='ltr'><strong>juxta</strong></span> <span class='ocrx_word' id='word_1_387' title='bbox 2891 2724 3117 2778; x_wconf 85' lang='lat' dir='ltr'><strong>eosdem</strong></span> <span class='ocrx_word' id='word_1_388' title='bbox 3147 2739 3259 2776; x_wconf 88' lang='lat' dir='ltr'><strong>non</strong></span> <span class='ocrx_word' id='word_1_389' title='bbox 3292 2722 3440 2774; x_wconf 64' lang='lat' dir='ltr'><strong>exsi-</strong></span> 
     </span>
    </p>
   </div>
   <div class='ocr_carea' id='block_1_56' title="bbox 1861 2819 3439 2891">
    <p class='ocr_par' dir='ltr' id='par_1_56' title="bbox 1861 2819 3439 2891">
     <span class='ocr_line' id='line_1_56' title="bbox 1861 2819 3439 2891; baseline -0.009 -15"><span class='ocrx_word' id='word_1_390' title='bbox 1861 2831 2014 2876; x_wconf 87' lang='lat' dir='ltr'><strong>stens</strong></span> <span class='ocrx_word' id='word_1_391' title='bbox 2046 2824 2224 2877; x_wconf 87' lang='lat' dir='ltr'><strong>media</strong></span> <span class='ocrx_word' id='word_1_392' title='bbox 2260 2837 2406 2891; x_wconf 88' lang='lat' dir='ltr'><strong>pars,</strong></span> <span class='ocrx_word' id='word_1_393' title='bbox 2435 2831 2546 2874; x_wconf 90' lang='lat' dir='ltr'><strong>tum</strong></span> <span class='ocrx_word' id='word_1_394' title='bbox 2583 2819 2762 2873; x_wconf 86' lang='lat' dir='ltr'><strong>media</strong></span> <span class='ocrx_word' id='word_1_395' title='bbox 2794 2826 3006 2870; x_wconf 73' lang='lat' dir='ltr'><strong>natura:</strong></span> <span class='ocrx_word' id='word_1_396' title='bbox 3039 2823 3193 2883; x_wconf 89' lang='lat' dir='ltr'><strong>parte</strong></span> <span class='ocrx_word' id='word_1_397' title='bbox 3227 2821 3439 2867; x_wconf 73' lang='lat' dir='ltr'><strong>tantum</strong></span> 
     </span>
    </p>
   </div>
   <div class='ocr_carea' id='block_1_57' title="bbox 1861 2902 3440 2979">
    <p class='ocr_par' dir='ltr' id='par_1_57' title="bbox 1861 2902 3440 2979">
     <span class='ocr_line' id='line_1_57' title="bbox 1861 2902 3440 2979; baseline -0.006 -17"><span class='ocrx_word' id='word_1_398' title='bbox 1861 2910 1927 2963; x_wconf 87' lang='lat' dir='ltr'><strong>ad</strong></span> <span class='ocrx_word' id='word_1_399' title='bbox 1975 2910 2126 2978; x_wconf 91' lang='lat' dir='ltr'><strong>ipsos</strong></span> <span class='ocrx_word' id='word_1_400' title='bbox 2165 2908 2481 2979; x_wconf 81' lang='lat' dir='ltr'><strong>pervenisse</strong></span> <span class='ocrx_word' id='word_1_401' title='bbox 2527 2905 2923 2976; x_wconf 77' lang='lat' dir='ltr'><strong>physiologiam</strong></span> <span class='ocrx_word' id='word_1_402' title='bbox 2960 2902 3198 2967; x_wconf 85' lang='lat' dir='ltr'><strong>Christi,</strong></span> <span class='ocrx_word' id='word_1_403' title='bbox 3233 2909 3290 2954; x_wconf 90' lang='lat' dir='ltr'><strong>et</strong></span> <span class='ocrx_word' id='word_1_404' title='bbox 3333 2915 3440 2953; x_wconf 80' lang='lat' dir='ltr'><strong>non</strong></span> 
     </span>
    </p>
   </div>
   <div class='ocr_carea' id='block_1_58' title="bbox 1863 2995 2875 3069">
    <p class='ocr_par' dir='ltr' id='par_1_58' title="bbox 1863 2995 2875 3069">
     <span class='ocr_line' id='line_1_58' title="bbox 1863 2995 2875 3069; baseline -0.006 -16"><span class='ocrx_word' id='word_1_405' title='bbox 1863 2999 2106 3069; x_wconf 76' lang='lat' dir='ltr'><strong>perfecta</strong></span> <span class='ocrx_word' id='word_1_406' title='bbox 2137 2998 2299 3052; x_wconf 85' lang='lat' dir='ltr'><strong>unica</strong></span> <span class='ocrx_word' id='word_1_407' title='bbox 2330 3007 2548 3060; x_wconf 80' lang='lat' dir='ltr'><strong>natura,</strong></span> <span class='ocrx_word' id='word_1_408' title='bbox 2569 3005 2629 3049; x_wconf 93' lang='lat' dir='ltr'><strong>ut</strong></span> <span class='ocrx_word' id='word_1_409' title='bbox 2660 2995 2875 3049; x_wconf 88' lang='lat' dir='ltr'><strong>dicunt.</strong></span> 
     </span>
    </p>
   </div>
   <div class='ocr_carea' id='block_1_59' title="bbox 1931 3089 3440 3151">
    <p class='ocr_par' dir='ltr' id='par_1_59' title="bbox 1931 3089 3440 3151">
     <span class='ocr_line' id='line_1_59' title="bbox 1931 3089 3440 3151; baseline -0.009 -7"><span class='ocrx_word' id='word_1_410' title='bbox 1931 3090 2020 3144; x_wconf 72' lang='lat'><strong>25.</strong></span> <span class='ocrx_word' id='word_1_411' title='bbox 2055 3090 2250 3144; x_wconf 80' lang='lat' dir='ltr'><strong>Adhuc</strong></span> <span class='ocrx_word' id='word_1_412' title='bbox 2296 3089 2539 3144; x_wconf 88' lang='lat' dir='ltr'><strong>scientes</strong></span> <span class='ocrx_word' id='word_1_413' title='bbox 2581 3102 2678 3140; x_wconf 87' lang='lat' dir='ltr'><strong>vos</strong></span> <span class='ocrx_word' id='word_1_414' title='bbox 2721 3095 3042 3139; x_wconf 84' lang='lat' dir='ltr'><strong>naturarum</strong></span> <span class='ocrx_word' id='word_1_415' title='bbox 3088 3089 3440 3151; x_wconf 82' lang='lat' dir='ltr'><strong>coagmenta-</strong></span> 
     </span>
    </p>
   </div>
   <div class='ocr_carea' id='block_1_60' title="bbox 213 3171 1754 3254">
    <p class='ocr_par' dir='ltr' id='par_1_60' title="bbox 213 3173 1754 3246">
     <span class='ocr_line' id='line_1_60' title="bbox 213 3173 1754 3246; baseline -0.002 -18"><span class='ocrx_word' id='word_1_416' title='bbox 213 3177 329 3240; x_wconf 83' lang='grc' dir='ltr'>ίστε,</span> <span class='ocrx_word' id='word_1_417' title='bbox 363 3179 449 3232; x_wconf 77' lang='grc' dir='ltr'><strong>καὶ</strong></span> <span class='ocrx_word' id='word_1_418' title='bbox 471 3181 567 3232; x_wconf 80' lang='grc' dir='ltr'>σὺν</span> <span class='ocrx_word' id='word_1_419' title='bbox 586 3179 718 3246; x_wconf 82' lang='grc' dir='ltr'>ἡμῖν</span> <span class='ocrx_word' id='word_1_420' title='bbox 746 3176 810 3228; x_wconf 75' lang='grc' dir='ltr'>τὸ</span> <span class='ocrx_word' id='word_1_421' title='bbox 834 3173 1140 3244; x_wconf 86' lang='grc' dir='ltr'>ἀσύγχυτον</span> <span class='ocrx_word' id='word_1_422' title='bbox 1170 3173 1482 3242; x_wconf 80' lang='grc' dir='ltr'>ὁμολογεῖτε</span> <span class='ocrx_word' id='word_1_423' title='bbox 1502 3173 1610 3226; x_wconf 82' lang='grc' dir='ltr'><strong>τῶν</strong></span> <span class='ocrx_word' id='word_1_424' title='bbox 1634 3190 1754 3225; x_wconf 84' lang='grc' dir='ltr'>συν-</span> 
     </span>
    </p>
   </div>
   <div class='ocr_carea' id='block_1_61' title="bbox 1856 3171 3444 3254">
    <p class='ocr_par' dir='ltr' id='par_1_61' title="bbox 1865 3171 3444 3233">
     <span class='ocr_line' id='line_1_61' title="bbox 1865 3171 3444 3233; baseline -0.008 -1"><span class='ocrx_word' id='word_1_425' title='bbox 1865 3180 2070 3233; x_wconf 87' lang='lat' dir='ltr'><strong>tionem</strong></span> <span class='ocrx_word' id='word_1_426' title='bbox 2098 3187 2155 3232; x_wconf 88' lang='lat' dir='ltr'><strong>et</strong></span> <span class='ocrx_word' id='word_1_427' title='bbox 2182 3178 2471 3232; x_wconf 89' lang='lat' dir='ltr'><strong>nobiseum</strong></span> <span class='ocrx_word' id='word_1_428' title='bbox 2503 3174 2850 3230; x_wconf 80' lang='lat' dir='ltr'><strong>inconfusum</strong></span> <span class='ocrx_word' id='word_1_429' title='bbox 2885 3171 3212 3227; x_wconf 79' lang='lat' dir='ltr'><strong>conﬁtentes</strong></span> <span class='ocrx_word' id='word_1_430' title='bbox 3243 3185 3444 3223; x_wconf 66' lang='lat' dir='ltr'><strong>convr—</strong></span> 
     </span>
    </p>
   </div>
   <div class='ocr_carea' id='block_1_62' title="bbox 209 3265 1756 3337">
    <p class='ocr_par' dir='ltr' id='par_1_62' title="bbox 209 3265 1756 3337">
     <span class='ocr_line' id='line_1_62' title="bbox 209 3265 1756 3337; baseline -0.002 -17"><span class='ocrx_word' id='word_1_431' title='bbox 209 3266 471 3334; x_wconf 77' lang='grc' dir='ltr'>ιλθόντων,</span> <span class='ocrx_word' id='word_1_432' title='bbox 529 3267 696 3320; x_wconf 81' lang='grc' dir='ltr'>πόθεν</span> <span class='ocrx_word' id='word_1_433' title='bbox 751 3267 914 3320; x_wconf 77' lang='grc' dir='ltr'>τοῦτο</span> <span class='ocrx_word' id='word_1_434' title='bbox 1004 3266 1302 3337; x_wconf 83' lang='grc' dir='ltr'>θεωρεῖτε,</span> <span class='ocrx_word' id='word_1_435' title='bbox 1384 3265 1756 3336; x_wconf 80' lang='grc' dir='ltr'>ἀποκρίνασθε</span> 
     </span>
    </p>
   </div>
   <div class='ocr_carea' id='block_1_63' title="bbox 209 3354 1758 3428">
    <p class='ocr_par' dir='ltr' id='par_1_63' title="bbox 209 3354 1758 3428">
     <span class='ocr_line' id='line_1_63' title="bbox 209 3354 1758 3428; baseline -0.002 -19"><span class='ocrx_word' id='word_1_436' title='bbox 209 3357 324 3426; x_wconf 78' lang='grc' dir='ltr'>ἡμῖν</span> <span class='ocrx_word' id='word_1_437' title='bbox 341 3373 354 3388; x_wconf 73' lang='grc' dir='ltr'><strong>ο</strong></span> <span class='ocrx_word' id='word_1_438' title='bbox 378 3359 423 3410; x_wconf 81' lang='grc' dir='ltr'>ει</span> <span class='ocrx_word' id='word_1_439' title='bbox 445 3357 552 3428; x_wconf 80' lang='grc' dir='ltr'>γὰρ</span> <span class='ocrx_word' id='word_1_440' title='bbox 588 3359 672 3411; x_wconf 87' lang='grc' dir='ltr'>ὅτι</span> <span class='ocrx_word' id='word_1_441' title='bbox 709 3357 972 3427; x_wconf 82' lang='grc' dir='ltr'>ἀνελλιπῆ</span> <span class='ocrx_word' id='word_1_442' title='bbox 996 3357 1068 3409; x_wconf 85' lang='grc' dir='ltr'>τὰ</span> <span class='ocrx_word' id='word_1_443' title='bbox 1091 3357 1210 3410; x_wconf 87' lang='grc' dir='ltr'>Θεῖα</span> <span class='ocrx_word' id='word_1_444' title='bbox 1231 3356 1324 3408; x_wconf 77' lang='grc' dir='ltr'><strong>καὶ</strong></span> <span class='ocrx_word' id='word_1_445' title='bbox 1340 3355 1408 3407; x_wconf 79' lang='grc' dir='ltr'><strong>τά</strong></span> <span class='ocrx_word' id='word_1_446' title='bbox 1439 3354 1758 3426; x_wconf 85' lang='grc' dir='ltr'>ἀνθρώπινα</span> 
     </span>
    </p>
   </div>
   <div class='ocr_carea' id='block_1_64' title="bbox 210 3443 1760 3517">
    <p class='ocr_par' dir='ltr' id='par_1_64' title="bbox 210 3443 1760 3517">
     <span class='ocr_line' id='line_1_64' title="bbox 210 3443 1760 3517; baseline -0.001 -21"><span class='ocrx_word' id='word_1_447' title='bbox 210 3446 260 3497; x_wconf 79' lang='grc' dir='ltr'><strong>ἐν</strong></span> <span class='ocrx_word' id='word_1_448' title='bbox 288 3445 357 3517; x_wconf 82' lang='grc' dir='ltr'>τῷ</span> <span class='ocrx_word' id='word_1_449' title='bbox 385 3449 529 3517; x_wconf 71' lang='grc' dir='ltr'>αὐτῷ</span> <span class='ocrx_word' id='word_1_450' title='bbox 586 3447 844 3517; x_wconf 87' lang='grc' dir='ltr'>θεωρεῖτε</span> <span class='ocrx_word' id='word_1_451' title='bbox 876 3444 1177 3516; x_wconf 79' lang='grc' dir='ltr'>προσώπῳ,</span> <span class='ocrx_word' id='word_1_452' title='bbox 1225 3445 1366 3498; x_wconf 83' lang='grc' dir='ltr'>σῶον</span> <span class='ocrx_word' id='word_1_453' title='bbox 1400 3446 1631 3499; x_wconf 75' lang='grc' dir='ltr'>ἑκάστου</span> <span class='ocrx_word' id='word_1_454' title='bbox 1667 3443 1760 3496; x_wconf 75' lang='grc' dir='ltr'>τὸν</span> 
     </span>
    </p>
   </div>
   <div class='ocr_carea' id='block_1_65' title="bbox 210 3534 1759 3604">
    <p class='ocr_par' dir='ltr' id='par_1_65' title="bbox 210 3534 1759 3604">
     <span class='ocr_line' id='line_1_65' title="bbox 210 3534 1759 3604; baseline -0.003 -16"><span class='ocrx_word' id='word_1_455' title='bbox 210 3538 413 3600; x_wconf 70' lang='grc' dir='ltr'>φυσικὸν</span> <span class='ocrx_word' id='word_1_456' title='bbox 443 3537 599 3602; x_wconf 83' lang='grc' dir='ltr'>λόγον</span> <span class='ocrx_word' id='word_1_457' title='bbox 636 3535 727 3590; x_wconf 72' lang='grc' dir='ltr'><strong>διὰ</strong></span> <span class='ocrx_word' id='word_1_458' title='bbox 771 3537 872 3604; x_wconf 84' lang='grc' dir='ltr'>τῆς</span> <span class='ocrx_word' id='word_1_459' title='bbox 921 3535 1030 3589; x_wconf 86' lang='grc' dir='ltr'><strong>τῶν</strong></span> <span class='ocrx_word' id='word_1_460' title='bbox 1072 3535 1382 3603; x_wconf 80' lang='grc' dir='ltr'>ἰδιωμάτων</span> <span class='ocrx_word' id='word_1_461' title='bbox 1431 3534 1759 3596; x_wconf 79' lang='grc' dir='ltr'>ἀντιδόσεως</span> 
     </span>
    </p>
   </div>
   <div class='ocr_carea' id='block_1_66' title="bbox 208 3629 1759 3702">
    <p class='ocr_par' dir='ltr' id='par_1_66' title="bbox 208 3629 1759 3702">
     <span class='ocr_line' id='line_1_66' title="bbox 208 3629 1759 3702; baseline -0.001 -21"><span class='ocrx_word' id='word_1_462' title='bbox 208 3631 257 3682; x_wconf 79' lang='grc' dir='ltr'><strong>ἰν</strong></span> <span class='ocrx_word' id='word_1_463' title='bbox 272 3631 342 3702; x_wconf 81' lang='grc' dir='ltr'><strong>τῷ</strong></span> <span class='ocrx_word' id='word_1_464' title='bbox 367 3632 443 3684; x_wconf 79' lang='grc' dir='ltr'>ἐνὶ</span> <span class='ocrx_word' id='word_1_465' title='bbox 470 3631 831 3702; x_wconf 78' lang='grc' dir='ltr'>συγκρίματι,</span> <span class='ocrx_word' id='word_1_466' title='bbox 876 3630 1198 3698; x_wconf 78' lang='grc' dir='ltr'>γινώσκετε,</span> <span class='ocrx_word' id='word_1_467' title='bbox 1253 3630 1412 3699; x_wconf 81' lang='grc' dir='ltr'>δῆλον</span> <span class='ocrx_word' id='word_1_468' title='bbox 1463 3630 1618 3682; x_wconf 79' lang='grc' dir='ltr'>ἔσται</span> <span class='ocrx_word' id='word_1_469' title='bbox 1650 3629 1759 3688; x_wconf 85' lang='grc' dir='ltr'>,ὅτι</span> 
     </span>
    </p>
   </div>
   <div class='ocr_carea' id='block_1_67' title="bbox 210 3718 1761 3790">
    <p class='ocr_par' dir='ltr' id='par_1_67' title="bbox 210 3718 1761 3790">
     <span class='ocr_line' id='line_1_67' title="bbox 210 3718 1761 3790; baseline -0.001 -18"><span class='ocrx_word' id='word_1_470' title='bbox 210 3718 262 3772; x_wconf 79' lang='grc' dir='ltr'><strong>ιχ</strong></span> <span class='ocrx_word' id='word_1_471' title='bbox 302 3730 453 3784; x_wconf 84' lang='grc' dir='ltr'>τινος⁹</span> <span class='ocrx_word' id='word_1_472' title='bbox 482 3721 690 3776; x_wconf 86' lang='grc' dir='ltr'>τελείου</span> <span class='ocrx_word' id='word_1_473' title='bbox 749 3737 811 3772; x_wconf 83' lang='grc' dir='ltr'><strong>τε</strong></span> <span class='ocrx_word' id='word_1_474' title='bbox 843 3721 1002 3774; x_wconf 80' lang='grc' dir='ltr'>τοῦδε</span> <span class='ocrx_word' id='word_1_475' title='bbox 1050 3721 1150 3783; x_wconf 73' lang='grc' dir='ltr'><strong>τὰς</strong></span> <span class='ocrx_word' id='word_1_476' title='bbox 1210 3720 1491 3790; x_wconf 72' lang='grc' dir='ltr'>ἐνεργείας</span> <span class='ocrx_word' id='word_1_477' title='bbox 1542 3721 1638 3772; x_wconf 69' lang='grc' dir='ltr'><strong>καὶ</strong></span> <span class='ocrx_word' id='word_1_478' title='bbox 1692 3719 1761 3771; x_wconf 80' lang='grc' dir='ltr'><strong>τά</strong></span> 
     </span>
    </p>
   </div>
   <div class='ocr_carea' id='block_1_68' title="bbox 211 3807 1763 3879">
    <p class='ocr_par' dir='ltr' id='par_1_68' title="bbox 211 3807 1763 3879">
     <span class='ocr_line' id='line_1_68' title="bbox 211 3807 1763 3879; baseline -0.002 -19"><span class='ocrx_word' id='word_1_479' title='bbox 211 3808 338 3879; x_wconf 74' lang='grc' dir='ltr'>παθη</span> <span class='ocrx_word' id='word_1_480' title='bbox 373 3811 511 3864; x_wconf 81' lang='grc' dir='ltr'>κατά</span> <span class='ocrx_word' id='word_1_481' title='bbox 565 3810 776 3862; x_wconf 86' lang='grc' dir='ltr'>τελείου</span> <span class='ocrx_word' id='word_1_482' title='bbox 817 3811 912 3863; x_wconf 82' lang='grc' dir='ltr'><strong>καί</strong></span> <span class='ocrx_word' id='word_1_483' title='bbox 946 3809 1006 3862; x_wconf 81' lang='grc' dir='ltr'><strong>ού</strong></span> <span class='ocrx_word' id='word_1_484' title='bbox 1081 3808 1208 3862; x_wconf 86' lang='grc' dir='ltr'>κατ’</span> <span class='ocrx_word' id='word_1_485' title='bbox 1277 3808 1493 3871; x_wconf 79' lang='grc' dir='ltr'>οὐδενὸς</span> <span class='ocrx_word' id='word_1_486' title='bbox 1548 3807 1763 3874; x_wconf 77' lang='grc' dir='ltr'>λογίζε-</span> 
     </span>
    </p>
   </div>
   <div class='ocr_carea' id='block_1_69' title="bbox 213 3894 1762 3968">
    <p class='ocr_par' dir='ltr' id='par_1_69' title="bbox 213 3894 1762 3968">
     <span class='ocr_line' id='line_1_69' title="bbox 213 3894 1762 3968; baseline -0.004 -17"><span class='ocrx_word' id='word_1_487' title='bbox 213 3897 324 3951; x_wconf 74' lang='grc' dir='ltr'>σθε·</span> <span class='ocrx_word' id='word_1_488' title='bbox 383 3900 610 3968; x_wconf 80' lang='grc' dir='ltr'>ἐπείπερ</span> <span class='ocrx_word' id='word_1_489' title='bbox 674 3900 974 3964; x_wconf 85' lang='grc' dir='ltr'>ἀναγκαῖον</span> <span class='ocrx_word' id='word_1_490' title='bbox 1045 3897 1140 3949; x_wconf 70' lang='grc' dir='ltr'><strong>καὶ</strong></span> <span class='ocrx_word' id='word_1_491' title='bbox 1191 3897 1291 3959; x_wconf 81' lang='grc' dir='ltr'><strong>τάς</strong></span> <span class='ocrx_word' id='word_1_492' title='bbox 1347 3896 1532 3958; x_wconf 85' lang='grc' dir='ltr'>αἰτίας</span> <span class='ocrx_word' id='word_1_493' title='bbox 1585 3894 1762 3954; x_wconf 78' lang='grc' dir='ltr'>οὓτως</span> 
     </span>
    </p>
   </div>
   <div class='ocr_carea' id='block_1_70' title="bbox 211 3983 1762 4058">
    <p class='ocr_par' dir='ltr' id='par_1_70' title="bbox 211 3983 1762 4058">
     <span class='ocr_line' id='line_1_70' title="bbox 211 3983 1762 4058; baseline -0.005 -19"><span class='ocrx_word' id='word_1_494' title='bbox 211 3985 335 4057; x_wconf 63' lang='grc' dir='ltr'>ἔχειν</span> <span class='ocrx_word' id='word_1_495' title='bbox 356 3990 446 4041; x_wconf 80' lang='grc' dir='ltr'><strong>καὶ</strong></span> <span class='ocrx_word' id='word_1_496' title='bbox 469 3988 838 4058; x_wconf 80' lang='grc' dir='ltr'>φυλάττεσθαι</span> <span class='ocrx_word' id='word_1_497' title='bbox 879 3987 1170 4056; x_wconf 82' lang='grc' dir='ltr'>διαφόρους</span> <span class='ocrx_word' id='word_1_498' title='bbox 1193 3987 1288 4038; x_wconf 75' lang='grc' dir='ltr'><strong>καὶ</strong></span> <span class='ocrx_word' id='word_1_499' title='bbox 1313 3983 1549 4046; x_wconf 77' lang='grc' dir='ltr'>τελείας,</span> <span class='ocrx_word' id='word_1_500' title='bbox 1572 3983 1721 4036; x_wconf 85' lang='grc' dir='ltr'>ὥσπε</span> <span class='ocrx_word' id='word_1_501' title='bbox 1730 3998 1762 4051; x_wconf 89' lang='grc' dir='ltr'><strong>ρ</strong></span> 
     </span>
    </p>
   </div>
   <div class='ocr_carea' id='block_1_71' title="bbox 211 4073 1764 4149">
    <p class='ocr_par' dir='ltr' id='par_1_71' title="bbox 211 4073 1764 4149">
     <span class='ocr_line' id='line_1_71' title="bbox 211 4073 1764 4149; baseline -0.003 -19"><span class='ocrx_word' id='word_1_502' title='bbox 211 4080 268 4132; x_wconf 67' lang='lat' dir='ltr'><strong>sit</strong></span> <span class='ocrx_word' id='word_1_503' title='bbox 295 4080 392 4133; x_wconf 77' lang='grc' dir='ltr'>ἴδια</span> <span class='ocrx_word' id='word_1_504' title='bbox 411 4081 610 4134; x_wconf 84' lang='grc' dir='ltr'>τούτων</span> <span class='ocrx_word' id='word_1_505' title='bbox 645 4079 911 4149; x_wconf 81' lang='grc' dir='ltr'>ἰδιώματα</span> <span class='ocrx_word' id='word_1_506' title='bbox 939 4079 1032 4131; x_wconf 65' lang='grc' dir='ltr'><strong>καὶ</strong></span> <span class='ocrx_word' id='word_1_507' title='bbox 1053 4077 1262 4148; x_wconf 79' lang='grc' dir='ltr'>προὸλή</span> <span class='ocrx_word' id='word_1_508' title='bbox 1273 4093 1416 4145; x_wconf 85' lang='grc' dir='ltr'>ματα</span> <span class='ocrx_word' id='word_1_509' title='bbox 1441 4093 1456 4108; x_wconf 89' lang='grc'><strong>·</strong></span> <span class='ocrx_word' id='word_1_510' title='bbox 1490 4075 1614 4127; x_wconf 67' lang='grc' dir='ltr'><strong>ἔοεπεί⁸</strong></span> <span class='ocrx_word' id='word_1_511' title='bbox 1669 4073 1764 4126; x_wconf 73' lang='grc' dir='ltr'>οὖν</span> 
     </span>
    </p>
   </div>
   <div class='ocr_carea' id='block_1_72' title="bbox 213 4164 1762 4241">
    <p class='ocr_par' dir='ltr' id='par_1_72' title="bbox 213 4164 1762 4241">
     <span class='ocr_line' id='line_1_72' title="bbox 213 4164 1762 4241; baseline -0.004 -17"><span class='ocrx_word' id='word_1_512' title='bbox 213 4170 420 4241; x_wconf 76' lang='grc' dir='ltr'>διάφορά</span> <span class='ocrx_word' id='word_1_513' title='bbox 441 4171 500 4224; x_wconf 75' lang='grc' dir='ltr'>τέ</span> <span class='ocrx_word' id='word_1_514' title='bbox 528 4172 636 4224; x_wconf 85' lang='grc' dir='ltr'>εἰσι</span> <span class='ocrx_word' id='word_1_515' title='bbox 653 4171 749 4223; x_wconf 66' lang='grc' dir='ltr'><strong>καὶ</strong></span> <span class='ocrx_word' id='word_1_516' title='bbox 769 4169 944 4232; x_wconf 77' lang='grc' dir='ltr'>διττὰ,</span> <span class='ocrx_word' id='word_1_517' title='bbox 979 4169 1100 4222; x_wconf 79' lang='grc' dir='ltr'>θεῖά</span> <span class='ocrx_word' id='word_1_518' title='bbox 1137 4186 1193 4220; x_wconf 88' lang='grc' dir='ltr'><strong>τε</strong></span> <span class='ocrx_word' id='word_1_519' title='bbox 1222 4167 1353 4220; x_wconf 69' lang='grc' dir='ltr'>ὄντα</span> <span class='ocrx_word' id='word_1_520' title='bbox 1407 4165 1502 4220; x_wconf 79' lang='grc' dir='ltr'><strong>καὶ</strong></span> <span class='ocrx_word' id='word_1_521' title='bbox 1554 4164 1762 4218; x_wconf 74' lang='grc' dir='ltr'>ἀνθοὼο</span> 
     </span>
    </p>
   </div>
   <div class='ocr_carea' id='block_1_73' title="bbox 214 4256 1762 4330">
    <p class='ocr_par' dir='ltr' id='par_1_73' title="bbox 214 4256 1762 4330">
     <span class='ocr_line' id='line_1_73' title="bbox 214 4256 1762 4330; baseline -0.002 -18"><span class='ocrx_word' id='word_1_522' title='bbox 214 4277 343 4325; x_wconf 71' lang='grc' dir='ltr'>τινα,</span> <span class='ocrx_word' id='word_1_523' title='bbox 369 4262 599 4330; x_wconf 69' lang='grc' dir='ltr'>διάφορα</span> <span class='ocrx_word' id='word_1_524' title='bbox 631 4262 788 4313; x_wconf 67' lang='grc' dir='ltr'>ἔσται</span> <span class='ocrx_word' id='word_1_525' title='bbox 811 4261 907 4312; x_wconf 73' lang='grc' dir='ltr'><strong>καὶ</strong></span> <span class='ocrx_word' id='word_1_526' title='bbox 935 4261 1030 4312; x_wconf 84' lang='grc' dir='ltr'><strong>δύο</strong></span> <span class='ocrx_word' id='word_1_527' title='bbox 1059 4261 1156 4312; x_wconf 72' lang='grc' dir='ltr'><strong>καὶ</strong></span> <span class='ocrx_word' id='word_1_528' title='bbox 1189 4259 1317 4312; x_wconf 84' lang='grc' dir='ltr'>τάδε</span> <span class='ocrx_word' id='word_1_529' title='bbox 1336 4273 1352 4290; x_wconf 90' lang='grc'><strong>·</strong></span> <span class='ocrx_word' id='word_1_530' title='bbox 1388 4258 1560 4316; x_wconf 79' lang='grc' dir='ltr'>ταῦτα</span> <span class='ocrx_word' id='word_1_531' title='bbox 1588 4257 1646 4310; x_wconf 82' lang='grc' dir='ltr'>δὲ</span> <span class='ocrx_word' id='word_1_532' title='bbox 1694 4256 1762 4309; x_wconf 78' lang='grc' dir='ltr'>τὰ</span> 
     </span>
    </p>
   </div>
   <div class='ocr_carea' id='block_1_74' title="bbox 211 4344 1764 4418">
    <p class='ocr_par' dir='ltr' id='par_1_74' title="bbox 211 4344 1764 4418">
     <span class='ocr_line' id='line_1_74' title="bbox 211 4344 1764 4418; baseline -0.003 -16"><span class='ocrx_word' id='word_1_533' title='bbox 211 4352 339 4406; x_wconf 83' lang='grc' dir='ltr'>αίτια</span> <span class='ocrx_word' id='word_1_534' title='bbox 366 4352 471 4406; x_wconf 87' lang='grc' dir='ltr'><strong>τῶν</strong></span> <span class='ocrx_word' id='word_1_535' title='bbox 505 4351 654 4404; x_wconf 86' lang='grc' dir='ltr'>ἰδίων</span> <span class='ocrx_word' id='word_1_536' title='bbox 686 4352 848 4416; x_wconf 79' lang='grc' dir='ltr'>εἴπερ</span> <span class='ocrx_word' id='word_1_537' title='bbox 878 4349 1067 4418; x_wconf 85' lang='grc' dir='ltr'>φύσεις</span> <span class='ocrx_word' id='word_1_538' title='bbox 1119 4344 1260 4401; x_wconf 78' lang='grc' dir='ltr'>εἰναι</span> <span class='ocrx_word' id='word_1_539' title='bbox 1313 4347 1649 4416; x_wconf 81' lang='grc' dir='ltr'>ὁμολογεῖτε,</span> <span class='ocrx_word' id='word_1_540' title='bbox 1699 4347 1764 4399; x_wconf 85' lang='grc' dir='ltr'>ἐκ</span> 
     </span>
    </p>
   </div>
   <div class='ocr_carea' id='block_1_75' title="bbox 208 4440 1761 4514">
    <p class='ocr_par' dir='ltr' id='par_1_75' title="bbox 208 4440 1761 4514">
     <span class='ocr_line' id='line_1_75' title="bbox 208 4440 1761 4514; baseline -0.001 -20"><span class='ocrx_word' id='word_1_541' title='bbox 208 4441 286 4495; x_wconf 81' lang='grc' dir='ltr'><strong>δύο</strong></span> <span class='ocrx_word' id='word_1_542' title='bbox 337 4445 437 4514; x_wconf 80' lang='grc' dir='ltr'><strong>ἀρα</strong></span> <span class='ocrx_word' id='word_1_543' title='bbox 467 4444 577 4498; x_wconf 86' lang='grc' dir='ltr'><strong>τῶν</strong></span> <span class='ocrx_word' id='word_1_544' title='bbox 619 4443 836 4512; x_wconf 79' lang='grc' dir='ltr'>φύσεων</span> <span class='ocrx_word' id='word_1_545' title='bbox 895 4443 1144 4512; x_wconf 80' lang='grc' dir='ltr'>προϊέναι</span> <span class='ocrx_word' id='word_1_546' title='bbox 1208 4441 1309 4506; x_wconf 83' lang='grc' dir='ltr'>τὰς</span> <span class='ocrx_word' id='word_1_547' title='bbox 1363 4442 1634 4512; x_wconf 82' lang='grc' dir='ltr'>ἰδιότητας</span> <span class='ocrx_word' id='word_1_548' title='bbox 1665 4440 1761 4494; x_wconf 79' lang='grc' dir='ltr'><strong>καὶ</strong></span> 
     </span>
    </p>
   </div>
   <div class='ocr_carea' id='block_1_76' title="bbox 211 4535 692 4604">
    <p class='ocr_par' dir='ltr' id='par_1_76' title="bbox 211 4535 692 4604">
     <span class='ocr_line' id='line_1_76' title="bbox 211 4535 692 4604; baseline 0.004 -17"><span class='ocrx_word' id='word_1_549' title='bbox 211 4535 345 4602; x_wconf 79' lang='grc' dir='ltr'>ὑμεῖς</span> <span class='ocrx_word' id='word_1_550' title='bbox 364 4536 692 4604; x_wconf 81' lang='grc' dir='ltr'>ὁμολογεῖτε.</span> 
     </span>
    </p>
   </div>
   <div class='ocr_carea' id='block_1_77' title="bbox 271 4625 1761 4697">
    <p class='ocr_par' dir='ltr' id='par_1_77' title="bbox 271 4625 1761 4697">
     <span class='ocr_line' id='line_1_77' title="bbox 271 4625 1761 4697; baseline 0 -19"><span class='ocrx_word' id='word_1_551' title='bbox 271 4634 376 4690; x_wconf 59' lang='grc' dir='ltr'>σις’.</span> <span class='ocrx_word' id='word_1_552' title='bbox 425 4627 625 4681; x_wconf 85' lang='grc' dir='ltr'>Ἐτιεὶ</span> <span class='ocrx_word' id='word_1_553' title='bbox 669 4627 770 4697; x_wconf 81' lang='grc' dir='ltr'>τὴν</span> <span class='ocrx_word' id='word_1_554' title='bbox 815 4627 1054 4696; x_wconf 79' lang='grc' dir='ltr'>φυσικὴν</span> <span class='ocrx_word' id='word_1_555' title='bbox 1096 4626 1361 4695; x_wconf 72' lang='grc' dir='ltr'>διαφορὰν</span> <span class='ocrx_word' id='word_1_556' title='bbox 1403 4625 1761 4694; x_wconf 79' lang='grc' dir='ltr'>ὁμολογοῦσιν</span> 
     </span>
    </p>
   </div>
   <div class='ocr_carea' id='block_1_78' title="bbox 212 4713 1762 4788">
    <p class='ocr_par' dir='ltr' id='par_1_78' title="bbox 212 4713 1762 4788">
     <span class='ocr_line' id='line_1_78' title="bbox 212 4713 1762 4788; baseline 0.001 -23"><span class='ocrx_word' id='word_1_557' title='bbox 212 4717 259 4766; x_wconf 86' lang='grc' dir='ltr'><strong>ἐν</strong></span> <span class='ocrx_word' id='word_1_558' title='bbox 285 4714 664 4787; x_wconf 71' lang='grc' dir='ltr'>Χριστῷ..ἆῴ</span> <span class='ocrx_word' id='word_1_559' title='bbox 717 4735 783 4784; x_wconf 86' lang='grc' dir='ltr'><strong>γε</strong></span> <span class='ocrx_word' id='word_1_560' title='bbox 821 4715 983 4770; x_wconf 84' lang='grc' dir='ltr'>τινῶν</span> <span class='ocrx_word' id='word_1_561' title='bbox 1029 4718 1201 4770; x_wconf 74' lang='grc' dir='ltr'>ὄντων</span> <span class='ocrx_word' id='word_1_562' title='bbox 1252 4717 1352 4788; x_wconf 69' lang='grc' dir='ltr'><strong>ἤδη</strong></span> <span class='ocrx_word' id='word_1_563' title='bbox 1414 4713 1555 4771; x_wconf 76' lang='grc' dir='ltr'>εἶναι</span> <span class='ocrx_word' id='word_1_564' title='bbox 1587 4715 1762 4787; x_wconf 77' lang='grc' dir='ltr'>αὐτὴν</span> 
     </span>
    </p>
   </div>
   <div class='ocr_carea' id='block_1_79' title="bbox 212 4803 1756 4878">
    <p class='ocr_par' dir='ltr' id='par_1_79' title="bbox 212 4803 1756 4878">
     <span class='ocr_line' id='line_1_79' title="bbox 212 4803 1756 4878; baseline 0.005 -24"><span class='ocrx_word' id='word_1_565' title='bbox 212 4803 464 4876; x_wconf 72' lang='grc' dir='ltr'>διαφορὰν,</span> <span class='ocrx_word' id='word_1_566' title='bbox 495 4809 529 4878; x_wconf 79' lang='grc' dir='ltr'>ἢ</span> <span class='ocrx_word' id='word_1_567' title='bbox 560 4807 724 4860; x_wconf 85' lang='grc' dir='ltr'>τινῶν</span> <span class='ocrx_word' id='word_1_568' title='bbox 746 4808 822 4876; x_wconf 83' lang='grc' dir='ltr'><strong>μὴ</strong></span> <span class='ocrx_word' id='word_1_569' title='bbox 846 4806 1017 4860; x_wconf 71' lang='grc' dir='ltr'>ὄντων</span> <span class='ocrx_word' id='word_1_570' title='bbox 1053 4808 1305 4875; x_wconf 78' lang='grc' dir='ltr'>λέγουσιν</span> <span class='ocrx_word' id='word_1_571' title='bbox 1333 4803 1474 4861; x_wconf 79' lang='grc' dir='ltr'>εἶναι</span> <span class='ocrx_word' id='word_1_572' title='bbox 1508 4807 1604 4878; x_wconf 81' lang='grc' dir='ltr'>τὴν</span> <span class='ocrx_word' id='word_1_573' title='bbox 1637 4808 1756 4869; x_wconf 73' lang='grc' dir='ltr'>δια-</span> 
     </span>
    </p>
   </div>
   <div class='ocr_carea' id='block_1_80' title="bbox 213 4895 1756 4968">
    <p class='ocr_par' dir='ltr' id='par_1_80' title="bbox 213 4895 1756 4968">
     <span class='ocr_line' id='line_1_80' title="bbox 213 4895 1756 4968; baseline 0 -18"><span class='ocrx_word' id='word_1_574' title='bbox 213 4898 358 4965; x_wconf 74' lang='grc' dir='ltr'>φορὰν</span> <span class='ocrx_word' id='word_1_575' title='bbox 395 4899 450 4950; x_wconf 76' lang='grc' dir='ltr'><strong>ἐν</strong></span> <span class='ocrx_word' id='word_1_576' title='bbox 486 4899 730 4968; x_wconf 80' lang='grc' dir='ltr'>Χριστῷ,</span> <span class='ocrx_word' id='word_1_577' title='bbox 749 4899 871 4951; x_wconf 81' lang='grc' dir='ltr'>ἐπεὶ</span> <span class='ocrx_word' id='word_1_578' title='bbox 887 4895 980 4951; x_wconf 65' lang='grc' dir='ltr'>οὖν</span> <span class='ocrx_word' id='word_1_579' title='bbox 1008 4898 1248 4963; x_wconf 76' lang='grc' dir='ltr'>πάντως,</span> <span class='ocrx_word' id='word_1_580' title='bbox 1267 4898 1437 4952; x_wconf 75' lang='grc' dir='ltr'>ὄντων</span> <span class='ocrx_word' id='word_1_581' title='bbox 1463 4897 1701 4966; x_wconf 82' lang='grc' dir='ltr'>ἐροῦσιν,</span> <span class='ocrx_word' id='word_1_582' title='bbox 1724 4898 1756 4968; x_wconf 80' lang='grc' dir='ltr'>ἦ</span> 
     </span>
    </p>
   </div>
   <div class='ocr_carea' id='block_1_81' title="bbox 212 4985 1760 5060">
    <p class='ocr_par' dir='ltr' id='par_1_81' title="bbox 212 4985 1760 5060">
     <span class='ocr_line' id='line_1_81' title="bbox 212 4985 1760 5060; baseline 0.004 -24"><span class='ocrx_word' id='word_1_583' title='bbox 212 4985 288 5039; x_wconf 79' lang='grc' dir='ltr'><strong>δύο</strong></span> <span class='ocrx_word' id='word_1_584' title='bbox 306 4989 494 5042; x_wconf 88' lang='grc' dir='ltr'>τούτων</span> <span class='ocrx_word' id='word_1_585' title='bbox 513 4990 718 5060; x_wconf 77' lang='grc' dir='ltr'>δηλαδὴ</span> <span class='ocrx_word' id='word_1_586' title='bbox 740 4990 773 5059; x_wconf 75' lang='grc' dir='ltr'>ἢ</span> <span class='ocrx_word' id='word_1_587' title='bbox 805 4989 1401 5059; x_wconf 79' lang='grc' dir='ltr'>πλειόνων,λεγέτωσαν</span> <span class='ocrx_word' id='word_1_588' title='bbox 1432 4987 1524 5044; x_wconf 84' lang='grc' dir='ltr'>οὖν</span> <span class='ocrx_word' id='word_1_589' title='bbox 1543 4991 1760 5043; x_wconf 82' lang='grc' dir='ltr'>ὁπόσων</span> 
     </span>
    </p>
   </div>
   <div class='ocr_carea' id='block_1_82' title="bbox 212 5075 1758 5153">
    <p class='ocr_par' dir='ltr' id='par_1_82' title="bbox 212 5075 1758 5153">
     <span class='ocr_line' id='line_1_82' title="bbox 212 5075 1758 5153; baseline 0.006 -27"><span class='ocrx_word' id='word_1_590' title='bbox 212 5078 347 5130; x_wconf 83' lang='grc' dir='ltr'>τινῶν</span> <span class='ocrx_word' id='word_1_591' title='bbox 383 5078 660 5149; x_wconf 76' lang='grc' dir='ltr'>βούλονται</span> <span class='ocrx_word' id='word_1_592' title='bbox 708 5075 850 5135; x_wconf 77' lang='grc' dir='ltr'>εῖναι</span> <span class='ocrx_word' id='word_1_593' title='bbox 891 5082 1082 5151; x_wconf 76' lang='grc' dir='ltr'>αὐτὴν,</span> <span class='ocrx_word' id='word_1_594' title='bbox 1133 5083 1227 5136; x_wconf 78' lang='grc' dir='ltr'>καὶ</span> <span class='ocrx_word' id='word_1_595' title='bbox 1280 5081 1354 5153; x_wconf 80' lang='grc' dir='ltr'><strong>μὴ</strong></span> <span class='ocrx_word' id='word_1_596' title='bbox 1389 5081 1758 5135; x_wconf 75' lang='grc' dir='ltr'>εύλαϐείσθω-</span> 
     </span>
    </p>
   </div>
   <div class='ocr_carea' id='block_1_83' title="bbox 212 5182 308 5222">
    <p class='ocr_par' dir='ltr' id='par_1_83' title="bbox 212 5182 308 5222">
     <span class='ocr_line' id='line_1_83' title="bbox 212 5182 308 5222; baseline 0.042 -4"><span class='ocrx_word' id='word_1_597' title='bbox 212 5182 308 5222; x_wconf 72' lang='grc' dir='ltr'>σαν.</span> 
     </span>
    </p>
   </div>
   <div class='ocr_carea' id='block_1_84' title="bbox 264 5259 1757 5336">
    <p class='ocr_par' dir='ltr' id='par_1_84' title="bbox 264 5259 1757 5336">
     <span class='ocr_line' id='line_1_84' title="bbox 264 5259 1757 5336; baseline 0.005 -23"><span class='ocrx_word' id='word_1_598' title='bbox 264 5259 355 5322; x_wconf 78' lang='grc' dir='ltr'><strong>κζ’.</strong></span> <span class='ocrx_word' id='word_1_599' title='bbox 381 5263 496 5316; x_wconf 79' lang='grc' dir='ltr'><strong>Ἔτι</strong></span> <span class='ocrx_word' id='word_1_600' title='bbox 536 5267 583 5317; x_wconf 86' lang='grc' dir='ltr'><strong>εἰ</strong></span> <span class='ocrx_word' id='word_1_601' title='bbox 612 5265 673 5317; x_wconf 78' lang='grc' dir='ltr'>τὸ</span> <span class='ocrx_word' id='word_1_602' title='bbox 698 5265 884 5333; x_wconf 75' lang='grc' dir='ltr'>λέγειν</span> <span class='ocrx_word' id='word_1_603' title='bbox 905 5266 1019 5331; x_wconf 89' lang='grc' dir='ltr'>δύο,</span> <span class='ocrx_word' id='word_1_604' title='bbox 1061 5269 1317 5336; x_wconf 83' lang='grc' dir='ltr'>χωρίζειν</span> <span class='ocrx_word' id='word_1_605' title='bbox 1350 5269 1488 5331; x_wconf 77' lang='grc' dir='ltr'>ἐστὶ,</span> <span class='ocrx_word' id='word_1_606' title='bbox 1518 5268 1636 5331; x_wconf 79' lang='grc' dir='ltr'>πῶς</span> <span class='ocrx_word' id='word_1_607' title='bbox 1661 5269 1757 5322; x_wconf 88' lang='grc' dir='ltr'><strong>δύο</strong></span> 
     </span>
    </p>
   </div>
   <div class='ocr_carea' id='block_1_85' title="bbox 207 5347 1756 5430">
    <p class='ocr_par' dir='ltr' id='par_1_85' title="bbox 207 5347 1756 5430">
     <span class='ocr_line' id='line_1_85' title="bbox 207 5347 1756 5430; baseline -0.003 -12"><span class='ocrx_word' id='word_1_608' title='bbox 207 5347 426 5417; x_wconf 62' lang='grc' dir='ltr'>λέγοντες</span> <span class='ocrx_word' id='word_1_609' title='bbox 450 5357 548 5416; x_wconf 65' lang='grc' dir='ltr'><strong>τὰς</strong></span> <span class='ocrx_word' id='word_1_610' title='bbox 578 5357 853 5428; x_wconf 76' lang='grc' dir='ltr'>ἰδιότητας</span> <span class='ocrx_word' id='word_1_611' title='bbox 902 5360 997 5411; x_wconf 82' lang='grc' dir='ltr'><strong>καὶ</strong></span> <span class='ocrx_word' id='word_1_612' title='bbox 1024 5361 1180 5413; x_wconf 75' lang='grc' dir='ltr'>αὐτοὶ</span> <span class='ocrx_word' id='word_1_613' title='bbox 1210 5363 1311 5427; x_wconf 77' lang='grc' dir='ltr'>τὴν</span> <span class='ocrx_word' id='word_1_614' title='bbox 1334 5359 1530 5414; x_wconf 72' lang='grc' dir='ltr'>ἕνωσιν</span> <span class='ocrx_word' id='word_1_615' title='bbox 1559 5363 1620 5414; x_wconf 77' lang='grc' dir='ltr'>οὐ</span> <span class='ocrx_word' id='word_1_616' title='bbox 1660 5379 1756 5430; x_wconf 78' lang='grc' dir='ltr'>με-</span> 
     </span>
    </p>
   </div>
   <div class='ocr_carea' id='block_1_86' title="bbox 209 5440 1754 5524">
    <p class='ocr_par' dir='ltr' id='par_1_86' title="bbox 209 5440 1754 5524">
     <span class='ocr_line' id='line_1_86' title="bbox 209 5440 1754 5524; baseline 0.003 -22"><span class='ocrx_word' id='word_1_617' title='bbox 209 5440 453 5510; x_wconf 70' lang='grc' dir='ltr'>ρίζουσιν;</span> <span class='ocrx_word' id='word_1_618' title='bbox 487 5448 634 5500; x_wconf 77' lang='grc' dir='ltr'>Ἀλλ’</span> <span class='ocrx_word' id='word_1_619' title='bbox 657 5450 788 5512; x_wconf 69' lang='grc' dir='ltr'>ἴσως</span> <span class='ocrx_word' id='word_1_620' title='bbox 817 5451 1042 5516; x_wconf 80' lang='grc' dir='ltr'>εἴποιεν,</span> <span class='ocrx_word' id='word_1_621' title='bbox 1071 5451 1152 5504; x_wconf 77' lang='grc' dir='ltr'>ὅτι</span> <span class='ocrx_word' id='word_1_622' title='bbox 1185 5451 1342 5505; x_wconf 74' lang='grc' dir='ltr'>τοῦτο</span> <span class='ocrx_word' id='word_1_623' title='bbox 1363 5451 1620 5522; x_wconf 77' lang='grc' dir='ltr'>χωρίζειν</span> <span class='ocrx_word' id='word_1_624' title='bbox 1652 5458 1754 5524; x_wconf 83' lang='grc' dir='ltr'>τὴν</span> 
     </span>
    </p>
   </div>
   <div class='ocr_carea' id='block_1_87' title="bbox 207 5530 1752 5607">
    <p class='ocr_par' dir='ltr' id='par_1_87' title="bbox 207 5530 1752 5607">
     <span class='ocr_line' id='line_1_87' title="bbox 207 5530 1752 5607; baseline 0.008 -22"><span class='ocrx_word' id='word_1_625' title='bbox 207 5530 346 5598; x_wconf 76' lang='grc' dir='ltr'>φύσιν</span> <span class='ocrx_word' id='word_1_626' title='bbox 374 5539 430 5590; x_wconf 79' lang='grc' dir='ltr'><strong>ού</strong></span> <span class='ocrx_word' id='word_1_627' title='bbox 448 5543 722 5606; x_wconf 74' lang='grc' dir='ltr'>πέφυκενο</span> <span class='ocrx_word' id='word_1_628' title='bbox 756 5541 865 5593; x_wconf 71' lang='grc' dir='ltr'>ἰδοὺ</span> <span class='ocrx_word' id='word_1_629' title='bbox 896 5545 987 5595; x_wconf 77' lang='grc' dir='ltr'><strong>καὶ</strong></span> <span class='ocrx_word' id='word_1_630' title='bbox 1021 5544 1080 5595; x_wconf 89' lang='grc' dir='ltr'><strong>ἐν</strong></span> <span class='ocrx_word' id='word_1_631' title='bbox 1109 5547 1222 5607; x_wconf 88' lang='grc' dir='ltr'>τοῖς</span> <span class='ocrx_word' id='word_1_632' title='bbox 1250 5545 1372 5596; x_wconf 82' lang='grc' dir='ltr'>καθ’</span> <span class='ocrx_word' id='word_1_633' title='bbox 1403 5545 1633 5606; x_wconf 74' lang='grc' dir='ltr'>ἕκαστα,</span> <span class='ocrx_word' id='word_1_634' title='bbox 1659 5550 1752 5599; x_wconf 83' lang='grc' dir='ltr'><strong>καὶ</strong></span> 
     </span>
    </p>
   </div>
   <div class='ocr_carea' id='block_1_88' title="bbox 209 5621 1749 5708">
    <p class='ocr_par' dir='ltr' id='par_1_88' title="bbox 209 5621 1749 5708">
     <span class='ocr_line' id='line_1_88' title="bbox 209 5621 1749 5708; baseline 0.011 -35"><span class='ocrx_word' id='word_1_635' title='bbox 209 5621 256 5675; x_wconf 69' lang='grc' dir='ltr'>ἰν</span> <span class='ocrx_word' id='word_1_636' title='bbox 274 5626 397 5697; x_wconf 67' lang='grc' dir='ltr'>αὑτῇ</span> <span class='ocrx_word' id='word_1_637' title='bbox 422 5632 484 5700; x_wconf 78' lang='grc' dir='ltr'>τῇ</span> <span class='ocrx_word' id='word_1_638' title='bbox 515 5631 648 5700; x_wconf 72' lang='grc' dir='ltr'>ἁγία</span> <span class='ocrx_word' id='word_1_639' title='bbox 687 5632 905 5701; x_wconf 80' lang='grc' dir='ltr'>Τριάδι,</span> <span class='ocrx_word' id='word_1_640' title='bbox 941 5633 1159 5696; x_wconf 69' lang='grc' dir='ltr'>πλείους</span> <span class='ocrx_word' id='word_1_641' title='bbox 1189 5637 1286 5703; x_wconf 76' lang='grc' dir='ltr'>μὲν</span> <span class='ocrx_word' id='word_1_642' title='bbox 1317 5637 1417 5698; x_wconf 69' lang='grc' dir='ltr'><strong>τὰς</strong></span> <span class='ocrx_word' id='word_1_643' title='bbox 1459 5636 1749 5708; x_wconf 70' lang='grc' dir='ltr'>ἰδιότητας,</span> 
     </span>
    </p>
   </div>
   <div class='ocr_carea' id='block_1_89' title="bbox 211 5710 1748 5798">
    <p class='ocr_par' dir='ltr' id='par_1_89' title="bbox 211 5710 1748 5798">
     <span class='ocr_line' id='line_1_89' title="bbox 211 5710 1748 5798; baseline 0.02 -34"><span class='ocrx_word' id='word_1_644' title='bbox 211 5710 383 5776; x_wconf 77' lang='grc' dir='ltr'>μίανδέ</span> <span class='ocrx_word' id='word_1_645' title='bbox 404 5719 497 5789; x_wconf 80' lang='grc' dir='ltr'>τὴν</span> <span class='ocrx_word' id='word_1_646' title='bbox 519 5722 684 5788; x_wconf 72' lang='grc' dir='ltr'>φύσιν</span> <span class='ocrx_word' id='word_1_647' title='bbox 710 5725 927 5793; x_wconf 80' lang='grc' dir='ltr'>ὁρῶμεν</span> <span class='ocrx_word' id='word_1_648' title='bbox 951 5744 961 5756; x_wconf 91' lang='grc'><strong>·</strong></span> <span class='ocrx_word' id='word_1_649' title='bbox 999 5728 1171 5780; x_wconf 72' lang='grc' dir='ltr'>ταῦτα</span> <span class='ocrx_word' id='word_1_650' title='bbox 1196 5728 1248 5779; x_wconf 68' lang='grc' dir='ltr'>δὲ</span> <span class='ocrx_word' id='word_1_651' title='bbox 1285 5729 1382 5796; x_wconf 70' lang='grc' dir='ltr'><strong>οὐχ</strong></span> <span class='ocrx_word' id='word_1_652' title='bbox 1411 5729 1586 5791; x_wconf 71' lang='grc' dir='ltr'>οὕτως</span> <span class='ocrx_word' id='word_1_653' title='bbox 1621 5747 1748 5798; x_wconf 61' lang='grc' dir='ltr'>φρον</span> 
     </span>
    </p>
   </div>
   <div class='ocr_carea' id='block_1_90' title="bbox 207 5812 1750 5892">
    <p class='ocr_par' dir='ltr' id='par_1_90' title="bbox 207 5812 1750 5892">
     <span class='ocr_line' id='line_1_90' title="bbox 207 5812 1750 5892; baseline 0.025 -43"><span class='ocrx_word' id='word_1_654' title='bbox 207 5817 393 5871; x_wconf 61' lang='lat' dir='ltr'><strong>raw/7t;</strong></span> <span class='ocrx_word' id='word_1_655' title='bbox 439 5813 486 5864; x_wconf 85' lang='grc' dir='ltr'>οἱ</span> <span class='ocrx_word' id='word_1_656' title='bbox 537 5812 754 5879; x_wconf 76' lang='grc' dir='ltr'>πλείους</span> <span class='ocrx_word' id='word_1_657' title='bbox 822 5818 998 5870; x_wconf 74' lang='grc' dir='ltr'>αὐτῶν</span> <span class='ocrx_word' id='word_1_658' title='bbox 1041 5838 1223 5888; x_wconf 55' lang='grc' dir='ltr'>ξρατιν,</span> <span class='ocrx_word' id='word_1_659' title='bbox 1265 5823 1307 5872; x_wconf 83' lang='grc' dir='ltr'>;Ξ</span> <span class='ocrx_word' id='word_1_660' title='bbox 1363 5823 1455 5874; x_wconf 65' lang='grc' dir='ltr'><strong>καὶ</strong></span> <span class='ocrx_word' id='word_1_661' title='bbox 1502 5823 1632 5892; x_wconf 49' lang='grc' dir='ltr'><strong>πῶς</strong></span> <span class='ocrx_word' id='word_1_662' title='bbox 1695 5825 1750 5876; x_wconf 56' lang='grc' dir='ltr'><strong>τκῖ</strong></span> 
     </span>
    </p>
   </div>
   <div class='ocr_carea' id='block_1_91' title="bbox 1783 4531 1838 4590">
    <p class='ocr_par' dir='ltr' id='par_1_91' title="bbox 1783 4531 1838 4590">
     <span class='ocr_line' id='line_1_91' title="bbox 1783 4531 1838 4590; baseline 0 0"><span class='ocrx_word' id='word_1_663' title='bbox 1783 4531 1838 4590; x_wconf 89' lang='lat' dir='ltr'><strong>D</strong></span> 
     </span>
    </p>
   </div>
   <div class='ocr_carea' id='block_1_92' title="bbox 1859 3260 3440 3333">
    <p class='ocr_par' dir='ltr' id='par_1_92' title="bbox 1859 3260 3440 3333">
     <span class='ocr_line' id='line_1_92' title="bbox 1859 3260 3440 3333; baseline -0.009 -8"><span class='ocrx_word' id='word_1_664' title='bbox 1859 3271 2153 3333; x_wconf 84' lang='lat' dir='ltr'><strong>nientium,</strong></span> <span class='ocrx_word' id='word_1_665' title='bbox 2184 3269 2331 3323; x_wconf 89' lang='lat' dir='ltr'><strong>unde</strong></span> <span class='ocrx_word' id='word_1_666' title='bbox 2367 3267 2501 3322; x_wconf 89' lang='lat' dir='ltr'><strong>illud</strong></span> <span class='ocrx_word' id='word_1_667' title='bbox 2538 3265 2927 3328; x_wconf 82' lang='lat' dir='ltr'><strong>consideratis,</strong></span> <span class='ocrx_word' id='word_1_668' title='bbox 2972 3260 3294 3330; x_wconf 78' lang='lat' dir='ltr'><strong>respondite</strong></span> <span class='ocrx_word' id='word_1_669' title='bbox 3339 3277 3440 3313; x_wconf 81' lang='lat' dir='ltr'><strong>ne-</strong></span> 
     </span>
    </p>
   </div>
   <div class='ocr_carea' id='block_1_93' title="bbox 1859 3353 3440 3430">
    <p class='ocr_par' dir='ltr' id='par_1_93' title="bbox 1859 3353 3440 3430">
     <span class='ocr_line' id='line_1_93' title="bbox 1859 3353 3440 3430; baseline -0.008 -14"><span class='ocrx_word' id='word_1_670' title='bbox 1859 3363 1946 3417; x_wconf 89' lang='lat' dir='ltr'><strong>bis</strong></span> <span class='ocrx_word' id='word_1_671' title='bbox 1983 3381 1996 3417; x_wconf 87' lang='lat'><strong>:</strong></span> <span class='ocrx_word' id='word_1_672' title='bbox 2031 3364 2076 3417; x_wconf 91' lang='lat' dir='ltr'><strong>si</strong></span> <span class='ocrx_word' id='word_1_673' title='bbox 2109 3363 2287 3425; x_wconf 89' lang='lat' dir='ltr'><strong>enim,</strong></span> <span class='ocrx_word' id='word_1_674' title='bbox 2321 3361 2451 3430; x_wconf 84' lang='lat' dir='ltr'><strong>quia</strong></span> <span class='ocrx_word' id='word_1_675' title='bbox 2485 3359 2759 3430; x_wconf 88' lang='lat' dir='ltr'><strong>completa</strong></span> <span class='ocrx_word' id='word_1_676' title='bbox 2793 3357 2982 3411; x_wconf 86' lang='lat' dir='ltr'><strong>divina</strong></span> <span class='ocrx_word' id='word_1_677' title='bbox 3018 3362 3076 3408; x_wconf 90' lang='lat' dir='ltr'><strong>et</strong></span> <span class='ocrx_word' id='word_1_678' title='bbox 3109 3355 3349 3407; x_wconf 88' lang='lat' dir='ltr'><strong>humana</strong></span> <span class='ocrx_word' id='word_1_679' title='bbox 3389 3353 3440 3404; x_wconf 80' lang='lat' dir='ltr'><strong>iu</strong></span> 
     </span>
    </p>
   </div>
   <div class='ocr_carea' id='block_1_94' title="bbox 1858 3443 3443 3522">
    <p class='ocr_par' dir='ltr' id='par_1_94' title="bbox 1858 3443 3443 3522">
     <span class='ocr_line' id='line_1_94' title="bbox 1858 3443 3443 3522; baseline -0.01 -12"><span class='ocrx_word' id='word_1_680' title='bbox 1858 3455 2051 3510; x_wconf 86' lang='lat' dir='ltr'><strong>eadem</strong></span> <span class='ocrx_word' id='word_1_681' title='bbox 2080 3453 2283 3516; x_wconf 87' lang='lat' dir='ltr'><strong>videtis</strong></span> <span class='ocrx_word' id='word_1_682' title='bbox 2308 3466 2564 3522; x_wconf 88' lang='lat' dir='ltr'><strong>persona,</strong></span> <span class='ocrx_word' id='word_1_683' title='bbox 2595 3451 2804 3504; x_wconf 89' lang='lat' dir='ltr'><strong>salvum</strong></span> <span class='ocrx_word' id='word_1_684' title='bbox 2841 3449 3109 3518; x_wconf 77' lang='lat' dir='ltr'><strong>cujusque</strong></span> <span class='ocrx_word' id='word_1_685' title='bbox 3137 3443 3443 3498; x_wconf 79' lang='lat' dir='ltr'><strong>naturalem</strong></span> 
     </span>
    </p>
   </div>
   <div class='ocr_carea' id='block_1_95' title="bbox 1860 3534 3446 3614">
    <p class='ocr_par' dir='ltr' id='par_1_95' title="bbox 1860 3534 3446 3614">
     <span class='ocr_line' id='line_1_95' title="bbox 1860 3534 3446 3614; baseline -0.008 -14"><span class='ocrx_word' id='word_1_686' title='bbox 1860 3560 2171 3600; x_wconf 88' lang='lat' dir='ltr'><strong>sermonem</strong></span> <span class='ocrx_word' id='word_1_687' title='bbox 2201 3561 2300 3614; x_wconf 90' lang='lat' dir='ltr'><strong>per</strong></span> <span class='ocrx_word' id='word_1_688' title='bbox 2325 3545 2650 3599; x_wconf 90' lang='lat' dir='ltr'><strong>idiomatnm</strong></span> <span class='ocrx_word' id='word_1_689' title='bbox 2681 3539 3085 3595; x_wconf 88' lang='lat' dir='ltr'><strong>mutuationem</strong></span> <span class='ocrx_word' id='word_1_690' title='bbox 3115 3537 3170 3589; x_wconf 89' lang='lat' dir='ltr'><strong>in</strong></span> <span class='ocrx_word' id='word_1_691' title='bbox 3195 3550 3308 3588; x_wconf 89' lang='lat' dir='ltr'><strong>uno</strong></span> <span class='ocrx_word' id='word_1_692' title='bbox 3341 3534 3446 3587; x_wconf 77' lang='lat' dir='ltr'><strong>hoc</strong></span> 
     </span>
    </p>
   </div>
   <div class='ocr_carea' id='block_1_96' title="bbox 1861 3627 3447 3707">
    <p class='ocr_par' dir='ltr' id='par_1_96' title="bbox 1861 3627 3447 3707">
     <span class='ocr_line' id='line_1_96' title="bbox 1861 3627 3447 3707; baseline -0.008 -16"><span class='ocrx_word' id='word_1_693' title='bbox 1861 3639 2169 3706; x_wconf 88' lang='lat' dir='ltr'><strong>composito</strong></span> <span class='ocrx_word' id='word_1_694' title='bbox 2225 3635 2595 3707; x_wconf 85' lang='lat' dir='ltr'><strong>cognoscitis,</strong></span> <span class='ocrx_word' id='word_1_695' title='bbox 2643 3631 3001 3704; x_wconf 89' lang='lat' dir='ltr'><strong>perspicuum</strong></span> <span class='ocrx_word' id='word_1_696' title='bbox 3059 3629 3169 3684; x_wconf 89' lang='lat' dir='ltr'><strong>erit</strong></span> <span class='ocrx_word' id='word_1_697' title='bbox 3214 3627 3361 3696; x_wconf 90' lang='lat' dir='ltr'><strong>quod</strong></span> <span class='ocrx_word' id='word_1_698' title='bbox 3414 3641 3447 3678; x_wconf 79' lang='grc' dir='ltr'>(ι</span> 
     </span>
    </p>
   </div>
   <div class='ocr_carea' id='block_1_97' title="bbox 1861 3707 3446 3798">
    <p class='ocr_par' dir='ltr' id='par_1_97' title="bbox 1861 3707 3446 3798">
     <span class='ocr_line' id='line_1_97' title="bbox 1861 3707 3446 3798; baseline -0.009 -14"><span class='ocrx_word' id='word_1_699' title='bbox 1861 3729 2108 3798; x_wconf 84' lang='lat' dir='ltr'><strong>perfecto</strong></span> <span class='ocrx_word' id='word_1_700' title='bbox 2132 3728 2370 3796; x_wconf 84' lang='lat' dir='ltr'><strong>quodam</strong></span> <span class='ocrx_word' id='word_1_701' title='bbox 2407 3707 2585 3797; x_wconf 33' lang='lat' dir='ltr'><strong>hujus.</strong></span> <span class='ocrx_word' id='word_1_702' title='bbox 2606 3725 2961 3795; x_wconf 85' lang='lat' dir='ltr'><strong>Operationes</strong></span> <span class='ocrx_word' id='word_1_703' title='bbox 2989 3730 3044 3775; x_wconf 91' lang='lat' dir='ltr'><strong>et</strong></span> <span class='ocrx_word' id='word_1_704' title='bbox 3068 3719 3353 3790; x_wconf 83' lang='lat' dir='ltr'><strong>passiones</strong></span> <span class='ocrx_word' id='word_1_705' title='bbox 3379 3719 3446 3769; x_wconf 66' lang='grc' dir='ltr'><strong>«ἓν</strong></span> 
     </span>
    </p>
   </div>
   <div class='ocr_carea' id='block_1_98' title="bbox 1862 3807 3444 3888">
    <p class='ocr_par' dir='ltr' id='par_1_98' title="bbox 1862 3807 3444 3888">
     <span class='ocr_line' id='line_1_98' title="bbox 1862 3807 3444 3888; baseline -0.01 -14"><span class='ocrx_word' id='word_1_706' title='bbox 1862 3819 2108 3888; x_wconf 77' lang='lat' dir='ltr'><strong>perfecto</strong></span> <span class='ocrx_word' id='word_1_707' title='bbox 2137 3827 2329 3872; x_wconf 84' lang='lat' dir='ltr'><strong>etnon</strong></span> <span class='ocrx_word' id='word_1_708' title='bbox 2363 3817 2431 3871; x_wconf 91' lang='lat' dir='ltr'><strong>de</strong></span> <span class='ocrx_word' id='word_1_709' title='bbox 2466 3817 2618 3871; x_wconf 90' lang='lat' dir='ltr'><strong>nullo</strong></span> <span class='ocrx_word' id='word_1_710' title='bbox 2651 3813 2960 3883; x_wconf 79' lang='lat' dir='ltr'><strong>exponitis;</strong></span> <span class='ocrx_word' id='word_1_711' title='bbox 2988 3807 3444 3880; x_wconf 76' lang='lat' dir='ltr'><strong>quandoquidem</strong></span> 
     </span>
    </p>
   </div>
   <div class='ocr_carea' id='block_1_99' title="bbox 1862 3899 3444 3966">
    <p class='ocr_par' dir='ltr' id='par_1_99' title="bbox 1862 3899 3444 3966">
     <span class='ocr_line' id='line_1_99' title="bbox 1862 3899 3444 3966; baseline -0.009 0"><span class='ocrx_word' id='word_1_712' title='bbox 1862 3909 2240 3966; x_wconf 89' lang='lat' dir='ltr'><strong>necessarium</strong></span> <span class='ocrx_word' id='word_1_713' title='bbox 2277 3919 2334 3964; x_wconf 88' lang='lat' dir='ltr'><strong>et</strong></span> <span class='ocrx_word' id='word_1_714' title='bbox 2363 3924 2559 3964; x_wconf 89' lang='lat' dir='ltr'><strong>causas</strong></span> <span class='ocrx_word' id='word_1_715' title='bbox 2592 3906 2672 3962; x_wconf 90' lang='lat' dir='ltr'><strong>sic</strong></span> <span class='ocrx_word' id='word_1_716' title='bbox 2701 3921 2820 3961; x_wconf 89' lang='lat' dir='ltr'><strong>esse</strong></span> <span class='ocrx_word' id='word_1_717' title='bbox 2853 3913 2912 3958; x_wconf 38' lang='lat' dir='ltr'><strong>et»</strong></span> <span class='ocrx_word' id='word_1_718' title='bbox 2937 3903 3147 3958; x_wconf 82' lang='lat' dir='ltr'><strong>servari</strong></span> <span class='ocrx_word' id='word_1_719' title='bbox 3180 3899 3444 3954; x_wconf 73' lang='lat' dir='ltr'><strong>diﬂ‘eren—</strong></span> 
     </span>
    </p>
   </div>
   <div class='ocr_carea' id='block_1_100' title="bbox 1865 3995 3440 4070">
    <p class='ocr_par' dir='ltr' id='par_1_100' title="bbox 1865 3995 3440 4070">
     <span class='ocr_line' id='line_1_100' title="bbox 1865 3995 3440 4070; baseline -0.008 -15"><span class='ocrx_word' id='word_1_720' title='bbox 1865 4011 1948 4056; x_wconf 86' lang='lat' dir='ltr'><strong>tes</strong></span> <span class='ocrx_word' id='word_1_721' title='bbox 1983 4009 2040 4056; x_wconf 90' lang='lat' dir='ltr'><strong>et</strong></span> <span class='ocrx_word' id='word_1_722' title='bbox 2073 4001 2377 4070; x_wconf 77' lang='lat' dir='ltr'><strong>periectas,</strong></span> <span class='ocrx_word' id='word_1_723' title='bbox 2412 3999 2558 4054; x_wconf 91' lang='lat' dir='ltr'><strong>sicut</strong></span> <span class='ocrx_word' id='word_1_724' title='bbox 2593 3999 2818 4069; x_wconf 88' lang='lat' dir='ltr'><strong>propria</strong></span> <span class='ocrx_word' id='word_1_725' title='bbox 2854 3997 3052 4051; x_wconf 88' lang='lat' dir='ltr'><strong>horum</strong></span> <span class='ocrx_word' id='word_1_726' title='bbox 3093 3995 3354 4048; x_wconf 85' lang='lat' dir='ltr'><strong>idiomata</strong></span> <span class='ocrx_word' id='word_1_727' title='bbox 3391 4002 3440 4043; x_wconf 73' lang='lat' dir='ltr'><strong>et</strong></span> 
     </span>
    </p>
   </div>
   <div class='ocr_carea' id='block_1_101' title="bbox 1863 4082 3443 4163">
    <p class='ocr_par' dir='ltr' id='par_1_101' title="bbox 1863 4082 3443 4163">
     <span class='ocr_line' id='line_1_101' title="bbox 1863 4082 3443 4163; baseline -0.008 -17"><span class='ocrx_word' id='word_1_728' title='bbox 1863 4093 2230 4163; x_wconf 71' lang='lat' dir='ltr'><strong>quaestiones;</strong></span> <span class='ocrx_word' id='word_1_729' title='bbox 2267 4108 2394 4146; x_wconf 88' lang='lat' dir='ltr'><strong>cum</strong></span> <span class='ocrx_word' id='word_1_730' title='bbox 2424 4106 2557 4161; x_wconf 86' lang='lat' dir='ltr'><strong>ergo</strong></span> <span class='ocrx_word' id='word_1_731' title='bbox 2591 4088 2904 4144; x_wconf 77' lang='lat' dir='ltr'><strong>differentia</strong></span> <span class='ocrx_word' id='word_1_732' title='bbox 2941 4087 3052 4141; x_wconf 87' lang='lat' dir='ltr'><strong>sint</strong></span> <span class='ocrx_word' id='word_1_733' title='bbox 3081 4095 3138 4140; x_wconf 90' lang='lat' dir='ltr'><strong>et</strong></span> <span class='ocrx_word' id='word_1_734' title='bbox 3169 4082 3443 4154; x_wconf 79' lang='lat' dir='ltr'><strong>duplicia,</strong></span> 
     </span>
    </p>
   </div>
   <div class='ocr_carea' id='block_1_102' title="bbox 1863 4176 3440 4248">
    <p class='ocr_par' dir='ltr' id='par_1_102' title="bbox 1863 4176 3440 4248">
     <span class='ocr_line' id='line_1_102' title="bbox 1863 4176 3440 4248; baseline -0.006 -11"><span class='ocrx_word' id='word_1_735' title='bbox 1863 4184 2051 4238; x_wconf 90' lang='lat' dir='ltr'><strong>divina</strong></span> <span class='ocrx_word' id='word_1_736' title='bbox 2083 4195 2139 4238; x_wconf 89' lang='lat' dir='ltr'><strong>et</strong></span> <span class='ocrx_word' id='word_1_737' title='bbox 2171 4184 2433 4248; x_wconf 86' lang='lat' dir='ltr'><strong>humana,</strong></span> <span class='ocrx_word' id='word_1_738' title='bbox 2458 4182 2773 4237; x_wconf 70' lang='lat' dir='ltr'><strong>differentia</strong></span> <span class='ocrx_word' id='word_1_739' title='bbox 2806 4187 2970 4235; x_wconf 89' lang='lat' dir='ltr'><strong>erunt</strong></span> <span class='ocrx_word' id='word_1_740' title='bbox 2999 4187 3056 4234; x_wconf 90' lang='lat' dir='ltr'><strong>et</strong></span> <span class='ocrx_word' id='word_1_741' title='bbox 3087 4178 3198 4232; x_wconf 86' lang='lat' dir='ltr'><strong>duo</strong></span> <span class='ocrx_word' id='word_1_742' title='bbox 3234 4185 3290 4231; x_wconf 86' lang='lat' dir='ltr'><strong>ct</strong></span> <span class='ocrx_word' id='word_1_743' title='bbox 3320 4176 3440 4229; x_wconf 85' lang='lat' dir='ltr'><strong>ista.</strong></span> 
     </span>
    </p>
   </div>
   <div class='ocr_carea' id='block_1_103' title="bbox 1864 4270 3447 4344">
    <p class='ocr_par' dir='ltr' id='par_1_103' title="bbox 1864 4270 3447 4344">
     <span class='ocr_line' id='line_1_103' title="bbox 1864 4270 3447 4344; baseline -0.006 -15"><span class='ocrx_word' id='word_1_744' title='bbox 1864 4275 1992 4329; x_wconf 63' lang='lat' dir='ltr'><strong>Haec</strong></span> <span class='ocrx_word' id='word_1_745' title='bbox 2019 4289 2149 4328; x_wconf 87' lang='lat' dir='ltr'><strong>vero</strong></span> <span class='ocrx_word' id='word_1_746' title='bbox 2175 4290 2297 4344; x_wconf 69' lang='lat' dir='ltr'><strong>quae</strong></span> <span class='ocrx_word' id='word_1_747' title='bbox 2325 4289 2487 4327; x_wconf 88' lang='lat' dir='ltr'><strong>causa</strong></span> <span class='ocrx_word' id='word_1_748' title='bbox 2517 4283 2646 4328; x_wconf 85' lang='lat' dir='ltr'><strong>sunt</strong></span> <span class='ocrx_word' id='word_1_749' title='bbox 2671 4273 3043 4342; x_wconf 90' lang='lat' dir='ltr'><strong>propriorum,</strong></span> <span class='ocrx_word' id='word_1_750' title='bbox 3065 4270 3196 4324; x_wconf 89' lang='lat' dir='ltr'><strong>licet</strong></span> <span class='ocrx_word' id='word_1_751' title='bbox 3221 4277 3447 4324; x_wconf 68' lang='lat' dir='ltr'><strong>naturas</strong></span> 
     </span>
    </p>
   </div>
   <div class='ocr_carea' id='block_1_104' title="bbox 1863 4365 3444 4435">
    <p class='ocr_par' dir='ltr' id='par_1_104' title="bbox 1863 4365 3444 4435">
     <span class='ocr_line' id='line_1_104' title="bbox 1863 4365 3444 4435; baseline -0.008 -13"><span class='ocrx_word' id='word_1_752' title='bbox 1863 4383 1984 4422; x_wconf 86' lang='lat' dir='ltr'><strong>esse</strong></span> <span class='ocrx_word' id='word_1_753' title='bbox 2014 4367 2388 4422; x_wconf 80' lang='lat' dir='ltr'><strong>conﬁteamini</strong></span> <span class='ocrx_word' id='word_1_754' title='bbox 2409 4407 2424 4430; x_wconf 94' lang='lat'><strong>,</strong></span> <span class='ocrx_word' id='word_1_755' title='bbox 2454 4375 2507 4420; x_wconf 91' lang='lat' dir='ltr'><strong>et</strong></span> <span class='ocrx_word' id='word_1_756' title='bbox 2539 4365 2770 4420; x_wconf 89' lang='lat' dir='ltr'><strong>duarum</strong></span> <span class='ocrx_word' id='word_1_757' title='bbox 2801 4380 2936 4435; x_wconf 84' lang='lat' dir='ltr'><strong>ergo</strong></span> <span class='ocrx_word' id='word_1_758' title='bbox 2962 4373 3283 4417; x_wconf 89' lang='lat' dir='ltr'><strong>naturarum</strong></span> <span class='ocrx_word' id='word_1_759' title='bbox 3315 4374 3444 4429; x_wconf 88' lang='lat' dir='ltr'><strong>pro-</strong></span> 
     </span>
    </p>
   </div>
   <div class='ocr_carea' id='block_1_105' title="bbox 1866 4453 3031 4528">
    <p class='ocr_par' dir='ltr' id='par_1_105' title="bbox 1866 4453 3031 4528">
     <span class='ocr_line' id='line_1_105' title="bbox 1866 4453 3031 4528; baseline -0.002 -18"><span class='ocrx_word' id='word_1_760' title='bbox 1866 4456 2040 4512; x_wconf 83' lang='lat' dir='ltr'><strong>ﬂuere</strong></span> <span class='ocrx_word' id='word_1_761' title='bbox 2072 4457 2440 4528; x_wconf 87' lang='lat' dir='ltr'><strong>proprietates</strong></span> <span class='ocrx_word' id='word_1_762' title='bbox 2462 4465 2518 4510; x_wconf 93' lang='lat' dir='ltr'><strong>et</strong></span> <span class='ocrx_word' id='word_1_763' title='bbox 2543 4472 2640 4511; x_wconf 91' lang='lat' dir='ltr'><strong>vos</strong></span> <span class='ocrx_word' id='word_1_764' title='bbox 2667 4453 3031 4510; x_wconf 74' lang='lat' dir='ltr'><strong>conﬁtemini.</strong></span> 
     </span>
    </p>
   </div>
   <div class='ocr_carea' id='block_1_106' title="bbox 1930 4627 3445 4705">
    <p class='ocr_par' dir='ltr' id='par_1_106' title="bbox 1930 4627 3445 4705">
     <span class='ocr_line' id='line_1_106' title="bbox 1930 4627 3445 4705; baseline -0.007 -15"><span class='ocrx_word' id='word_1_765' title='bbox 1930 4637 2020 4692; x_wconf 79' lang='lat'><strong>26.</strong></span> <span class='ocrx_word' id='word_1_766' title='bbox 2055 4637 2252 4692; x_wconf 83' lang='lat' dir='ltr'><strong>Adhuc</strong></span> <span class='ocrx_word' id='word_1_767' title='bbox 2296 4635 2342 4689; x_wconf 89' lang='lat' dir='ltr'><strong>si</strong></span> <span class='ocrx_word' id='word_1_768' title='bbox 2383 4634 2665 4705; x_wconf 85' lang='lat' dir='ltr'><strong>physicam</strong></span> <span class='ocrx_word' id='word_1_769' title='bbox 2708 4629 3083 4687; x_wconf 82' lang='lat' dir='ltr'><strong>dill&#39;erentiam</strong></span> <span class='ocrx_word' id='word_1_770' title='bbox 3128 4628 3181 4682; x_wconf 90' lang='lat' dir='ltr'><strong>in</strong></span> <span class='ocrx_word' id='word_1_771' title='bbox 3222 4627 3445 4682; x_wconf 80' lang='lat' dir='ltr'><strong>Christo</strong></span> 
     </span>
    </p>
   </div>
   <div class='ocr_carea' id='block_1_107' title="bbox 1862 4721 3442 4799">
    <p class='ocr_par' dir='ltr' id='par_1_107' title="bbox 1862 4721 3442 4799">
     <span class='ocr_line' id='line_1_107' title="bbox 1862 4721 3442 4799; baseline -0.009 -14"><span class='ocrx_word' id='word_1_772' title='bbox 1862 4730 2224 4792; x_wconf 77' lang='lat' dir='ltr'><strong>conﬁtentur,</strong></span> <span class='ocrx_word' id='word_1_773' title='bbox 2248 4730 2359 4799; x_wconf 88' lang='lat' dir='ltr'><strong>jam</strong></span> <span class='ocrx_word' id='word_1_774' title='bbox 2396 4743 2529 4796; x_wconf 81' lang='lat' dir='ltr'><strong>ergo</strong></span> <span class='ocrx_word' id='word_1_775' title='bbox 2561 4742 2798 4797; x_wconf 87' lang='lat' dir='ltr'><strong>quarum</strong></span> <span class='ocrx_word' id='word_1_776' title='bbox 2837 4739 3021 4779; x_wconf 89' lang='lat' dir='ltr'><strong>rerum</strong></span> <span class='ocrx_word' id='word_1_777' title='bbox 3056 4721 3442 4777; x_wconf 78' lang='lat' dir='ltr'><strong>exsistentimn</strong></span> 
     </span>
    </p>
   </div>
   <div class='ocr_carea' id='block_1_108' title="bbox 1859 4813 3444 4887">
    <p class='ocr_par' dir='ltr' id='par_1_108' title="bbox 1859 4813 3444 4887">
     <span class='ocr_line' id='line_1_108' title="bbox 1859 4813 3444 4887; baseline -0.008 -11"><span class='ocrx_word' id='word_1_778' title='bbox 1859 4836 1984 4876; x_wconf 88' lang='lat' dir='ltr'><strong>esse</strong></span> <span class='ocrx_word' id='word_1_779' title='bbox 2017 4821 2158 4875; x_wconf 90' lang='lat' dir='ltr'><strong>hanc</strong></span> <span class='ocrx_word' id='word_1_780' title='bbox 2187 4819 2593 4880; x_wconf 68' lang='lat' dir='ltr'><strong>differentiam,</strong></span> <span class='ocrx_word' id='word_1_781' title='bbox 2625 4827 2720 4873; x_wconf 85' lang='lat' dir='ltr'><strong>aut</strong></span> <span class='ocrx_word' id='word_1_782' title='bbox 2750 4831 2985 4887; x_wconf 88' lang='lat' dir='ltr'><strong>quarum</strong></span> <span class='ocrx_word' id='word_1_783' title='bbox 3020 4829 3130 4868; x_wconf 93' lang='lat' dir='ltr'><strong>non</strong></span> <span class='ocrx_word' id='word_1_784' title='bbox 3169 4813 3444 4866; x_wconf 40' lang='lat' dir='ltr'><strong>exsisteno</strong></span> 
     </span>
    </p>
   </div>
   <div class='ocr_carea' id='block_1_109' title="bbox 1862 4905 3439 4967">
    <p class='ocr_par' dir='ltr' id='par_1_109' title="bbox 1862 4905 3439 4967">
     <span class='ocr_line' id='line_1_109' title="bbox 1862 4905 3439 4967; baseline -0.009 0"><span class='ocrx_word' id='word_1_785' title='bbox 1862 4914 2000 4967; x_wconf 90' lang='lat' dir='ltr'><strong>tium</strong></span> <span class='ocrx_word' id='word_1_786' title='bbox 2053 4912 2245 4966; x_wconf 88' lang='lat' dir='ltr'><strong>dicunt</strong></span> <span class='ocrx_word' id='word_1_787' title='bbox 2291 4927 2415 4966; x_wconf 84' lang='lat' dir='ltr'><strong>esse</strong></span> <span class='ocrx_word' id='word_1_788' title='bbox 2472 4911 2843 4965; x_wconf 78' lang='lat' dir='ltr'><strong>ditt‘erentiam</strong></span> <span class='ocrx_word' id='word_1_789' title='bbox 2902 4909 2958 4961; x_wconf 90' lang='lat' dir='ltr'><strong>in</strong></span> <span class='ocrx_word' id='word_1_790' title='bbox 3011 4905 3270 4966; x_wconf 90' lang='lat' dir='ltr'><strong>Christo,</strong></span> <span class='ocrx_word' id='word_1_791' title='bbox 3315 4919 3439 4957; x_wconf 78' lang='lat' dir='ltr'><strong>eum</strong></span> 
     </span>
    </p>
   </div>
   <div class='ocr_carea' id='block_1_110' title="bbox 1858 4994 3440 5074">
    <p class='ocr_par' dir='ltr' id='par_1_110' title="bbox 1858 4994 3440 5074">
     <span class='ocr_line' id='line_1_110' title="bbox 1858 4994 3440 5074; baseline -0.007 -17"><span class='ocrx_word' id='word_1_792' title='bbox 1858 5004 2108 5074; x_wconf 87' lang='lat' dir='ltr'><strong>penitus,</strong></span> <span class='ocrx_word' id='word_1_793' title='bbox 2135 5002 2556 5065; x_wconf 84' lang='lat' dir='ltr'><strong>exsistentinm,</strong></span> <span class='ocrx_word' id='word_1_794' title='bbox 2585 5001 2810 5066; x_wconf 88' lang='lat' dir='ltr'><strong>dicunt;</strong></span> <span class='ocrx_word' id='word_1_795' title='bbox 2842 4999 2927 5054; x_wconf 85' lang='lat' dir='ltr'><strong>vel</strong></span> <span class='ocrx_word' id='word_1_796' title='bbox 2969 4998 3204 5052; x_wconf 88' lang='lat' dir='ltr'><strong>duarum</strong></span> <span class='ocrx_word' id='word_1_797' title='bbox 3244 4994 3440 5048; x_wconf 88' lang='lat' dir='ltr'><strong>harum</strong></span> 
     </span>
    </p>
   </div>
   <div class='ocr_carea' id='block_1_111' title="bbox 1859 5088 3440 5165">
    <p class='ocr_par' dir='ltr' id='par_1_111' title="bbox 1859 5088 3440 5165">
     <span class='ocr_line' id='line_1_111' title="bbox 1859 5088 3440 5165; baseline -0.007 -15"><span class='ocrx_word' id='word_1_798' title='bbox 1859 5096 1944 5150; x_wconf 84' lang='lat' dir='ltr'><strong>vel</strong></span> <span class='ocrx_word' id='word_1_799' title='bbox 1973 5095 2216 5165; x_wconf 85' lang='lat' dir='ltr'><strong>plurium</strong></span> <span class='ocrx_word' id='word_1_800' title='bbox 2243 5093 2431 5149; x_wconf 86' lang='lat' dir='ltr'><strong>dicant</strong></span> <span class='ocrx_word' id='word_1_801' title='bbox 2455 5109 2585 5163; x_wconf 89' lang='lat' dir='ltr'><strong>ergo</strong></span> <span class='ocrx_word' id='word_1_802' title='bbox 2612 5109 2847 5158; x_wconf 86' lang='lat' dir='ltr'><strong>quarum</strong></span> <span class='ocrx_word' id='word_1_803' title='bbox 2881 5093 3078 5146; x_wconf 85' lang='lat' dir='ltr'><strong>harum</strong></span> <span class='ocrx_word' id='word_1_804' title='bbox 3103 5088 3298 5142; x_wconf 83' lang='lat' dir='ltr'><strong>volunt</strong></span> <span class='ocrx_word' id='word_1_805' title='bbox 3319 5102 3440 5141; x_wconf 80' lang='lat' dir='ltr'><strong>esse</strong></span> 
     </span>
    </p>
   </div>
   <div class='ocr_carea' id='block_1_112' title="bbox 1857 5188 2661 5256">
    <p class='ocr_par' dir='ltr' id='par_1_112' title="bbox 1857 5188 2661 5256">
     <span class='ocr_line' id='line_1_112' title="bbox 1857 5188 2661 5256; baseline -0.005 -14"><span class='ocrx_word' id='word_1_806' title='bbox 1857 5188 2005 5242; x_wconf 89' lang='lat' dir='ltr'><strong>illam</strong></span> <span class='ocrx_word' id='word_1_807' title='bbox 2026 5229 2039 5250; x_wconf 92' lang='lat'><strong>,</strong></span> <span class='ocrx_word' id='word_1_808' title='bbox 2068 5196 2122 5241; x_wconf 94' lang='lat' dir='ltr'><strong>et</strong></span> <span class='ocrx_word' id='word_1_809' title='bbox 2149 5203 2259 5241; x_wconf 90' lang='lat' dir='ltr'><strong>non</strong></span> <span class='ocrx_word' id='word_1_810' title='bbox 2295 5194 2661 5256; x_wconf 62' lang='lat' dir='ltr'><strong>pra’caveaut.</strong></span> 
     </span>
    </p>
   </div>
   <div class='ocr_carea' id='block_1_113' title="bbox 1925 5269 3439 5342">
    <p class='ocr_par' dir='ltr' id='par_1_113' title="bbox 1925 5269 3439 5342">
     <span class='ocr_line' id='line_1_113' title="bbox 1925 5269 3439 5342; baseline -0.009 -10"><span class='ocrx_word' id='word_1_811' title='bbox 1925 5279 2015 5332; x_wconf 68' lang='grc' dir='ltr'><strong>ΞΤ.</strong></span> <span class='ocrx_word' id='word_1_812' title='bbox 2041 5280 2237 5333; x_wconf 79' lang='lat' dir='ltr'><strong>Adhuc</strong></span> <span class='ocrx_word' id='word_1_813' title='bbox 2273 5279 2318 5333; x_wconf 89' lang='lat' dir='ltr'><strong>si</strong></span> <span class='ocrx_word' id='word_1_814' title='bbox 2354 5278 2543 5334; x_wconf 82' lang='lat' dir='ltr'><strong>dicere</strong></span> <span class='ocrx_word' id='word_1_815' title='bbox 2580 5279 2715 5342; x_wconf 88' lang='lat' dir='ltr'><strong>duo,</strong></span> <span class='ocrx_word' id='word_1_816' title='bbox 2741 5277 2994 5331; x_wconf 85' lang='lat' dir='ltr'><strong>dividere</strong></span> <span class='ocrx_word' id='word_1_817' title='bbox 3025 5283 3130 5335; x_wconf 88' lang='lat' dir='ltr'><strong>est,</strong></span> <span class='ocrx_word' id='word_1_818' title='bbox 3161 5269 3439 5342; x_wconf 78' lang='lat' dir='ltr'><strong>quomodo</strong></span> 
     </span>
    </p>
   </div>
   <div class='ocr_carea' id='block_1_114' title="bbox 1857 5365 3436 5449">
    <p class='ocr_par' dir='ltr' id='par_1_114' title="bbox 1857 5365 3436 5449">
     <span class='ocr_line' id='line_1_114' title="bbox 1857 5365 3436 5449; baseline -0.008 -25"><span class='ocrx_word' id='word_1_819' title='bbox 1857 5372 1952 5441; x_wconf 86' lang='lat' dir='ltr'><strong>qui</strong></span> <span class='ocrx_word' id='word_1_820' title='bbox 1994 5372 2132 5426; x_wconf 88' lang='lat' dir='ltr'><strong>duas</strong></span> <span class='ocrx_word' id='word_1_821' title='bbox 2173 5373 2371 5449; x_wconf 82' lang='lat' dir='ltr'><strong>dicunt</strong></span> <span class='ocrx_word' id='word_1_822' title='bbox 2407 5371 2777 5441; x_wconf 84' lang='lat' dir='ltr'><strong>proprietates</strong></span> <span class='ocrx_word' id='word_1_823' title='bbox 2811 5377 2869 5423; x_wconf 88' lang='lat' dir='ltr'><strong>et</strong></span> <span class='ocrx_word' id='word_1_824' title='bbox 2904 5369 3006 5438; x_wconf 84' lang='lat' dir='ltr'><strong>ipsi</strong></span> <span class='ocrx_word' id='word_1_825' title='bbox 3048 5365 3436 5422; x_wconf 79' lang='lat' dir='ltr'><strong>adunationem</strong></span> 
     </span>
    </p>
   </div>
   <div class='ocr_carea' id='block_1_115' title="bbox 1856 5455 3434 5528">
    <p class='ocr_par' dir='ltr' id='par_1_115' title="bbox 1856 5455 3434 5528">
     <span class='ocr_line' id='line_1_115' title="bbox 1856 5455 3434 5528; baseline -0.006 -12"><span class='ocrx_word' id='word_1_826' title='bbox 1856 5478 1967 5517; x_wconf 86' lang='lat' dir='ltr'><strong>non</strong></span> <span class='ocrx_word' id='word_1_827' title='bbox 2017 5464 2311 5519; x_wconf 81' lang='lat' dir='ltr'><strong>dividunt?</strong></span> <span class='ocrx_word' id='word_1_828' title='bbox 2360 5463 2466 5518; x_wconf 84' lang='lat' dir='ltr'><strong>Sed</strong></span> <span class='ocrx_word' id='word_1_829' title='bbox 2521 5463 2780 5517; x_wconf 91' lang='lat' dir='ltr'><strong>similiter</strong></span> <span class='ocrx_word' id='word_1_830' title='bbox 2826 5460 3048 5524; x_wconf 89' lang='lat' dir='ltr'><strong>dicant,</strong></span> <span class='ocrx_word' id='word_1_831' title='bbox 3100 5456 3247 5528; x_wconf 86' lang='lat' dir='ltr'><strong>quod</strong></span> <span class='ocrx_word' id='word_1_832' title='bbox 3304 5455 3434 5509; x_wconf 69' lang='lat' dir='ltr'><strong>illu-i</strong></span> 
     </span>
    </p>
   </div>
   <div class='ocr_carea' id='block_1_116' title="bbox 1857 5549 3436 5620">
    <p class='ocr_par' dir='ltr' id='par_1_116' title="bbox 1857 5549 3436 5620">
     <span class='ocr_line' id='line_1_116' title="bbox 1857 5549 3436 5620; baseline -0.005 -14"><span class='ocrx_word' id='word_1_833' title='bbox 1857 5563 2138 5620; x_wconf 83' lang='lat' dir='ltr'><strong>naturam,</strong></span> <span class='ocrx_word' id='word_1_834' title='bbox 2170 5571 2277 5608; x_wconf 87' lang='lat' dir='ltr'><strong>non</strong></span> <span class='ocrx_word' id='word_1_835' title='bbox 2310 5553 2517 5608; x_wconf 87' lang='lat' dir='ltr'><strong>divisit.</strong></span> <span class='ocrx_word' id='word_1_836' title='bbox 2547 5554 2688 5608; x_wconf 82' lang='lat' dir='ltr'><strong>Ecce</strong></span> <span class='ocrx_word' id='word_1_837' title='bbox 2713 5553 2861 5607; x_wconf 86' lang='lat' dir='ltr'><strong>enim</strong></span> <span class='ocrx_word' id='word_1_838' title='bbox 2895 5561 2950 5606; x_wconf 91' lang='lat' dir='ltr'><strong>et</strong></span> <span class='ocrx_word' id='word_1_839' title='bbox 3000 5552 3054 5604; x_wconf 91' lang='lat' dir='ltr'><strong>in</strong></span> <span class='ocrx_word' id='word_1_840' title='bbox 3092 5549 3260 5603; x_wconf 85' lang='lat' dir='ltr'><strong>rebus</strong></span> <span class='ocrx_word' id='word_1_841' title='bbox 3315 5565 3436 5617; x_wconf 65' lang='lat' dir='ltr'><strong>quzr</strong></span> 
     </span>
    </p>
   </div>
   <div class='ocr_carea' id='block_1_117' title="bbox 1858 5636 3432 5715">
    <p class='ocr_par' dir='ltr' id='par_1_117' title="bbox 1858 5636 3432 5715">
     <span class='ocr_line' id='line_1_117' title="bbox 1858 5636 3432 5715; baseline -0.005 -19"><span class='ocrx_word' id='word_1_842' title='bbox 1858 5661 1955 5713; x_wconf 82' lang='lat' dir='ltr'><strong>per</strong></span> <span class='ocrx_word' id='word_1_843' title='bbox 1983 5645 2193 5715; x_wconf 82' lang='lat' dir='ltr'><strong>singula</strong></span> <span class='ocrx_word' id='word_1_844' title='bbox 2224 5644 2594 5712; x_wconf 79' lang='lat' dir='ltr'><strong>inspiciuntur</strong></span> <span class='ocrx_word' id='word_1_845' title='bbox 2616 5650 2672 5695; x_wconf 82' lang='lat' dir='ltr'><strong>et</strong></span> <span class='ocrx_word' id='word_1_846' title='bbox 2704 5642 2758 5695; x_wconf 87' lang='lat' dir='ltr'><strong>in</strong></span> <span class='ocrx_word' id='word_1_847' title='bbox 2793 5645 2907 5712; x_wconf 82' lang='lat' dir='ltr'><strong>ipsa</strong></span> <span class='ocrx_word' id='word_1_848' title='bbox 2933 5648 3118 5694; x_wconf 84' lang='lat' dir='ltr'><strong>sancta</strong></span> <span class='ocrx_word' id='word_1_849' title='bbox 3144 5636 3432 5692; x_wconf 74' lang='lat' dir='ltr'><strong>Triuitatr.</strong></span> 
     </span>
    </p>
   </div>
   <div class='ocr_carea' id='block_1_118' title="bbox 1857 5734 3433 5806">
    <p class='ocr_par' dir='ltr' id='par_1_118' title="bbox 1857 5734 3433 5806">
     <span class='ocr_line' id='line_1_118' title="bbox 1857 5734 3433 5806; baseline -0.009 -17"><span class='ocrx_word' id='word_1_850' title='bbox 1857 5737 2039 5804; x_wconf 81' lang='lat' dir='ltr'><strong>plures</strong></span> <span class='ocrx_word' id='word_1_851' title='bbox 2081 5736 2304 5804; x_wconf 76' lang='lat' dir='ltr'><strong>quidem</strong></span> <span class='ocrx_word' id='word_1_852' title='bbox 2356 5734 2751 5806; x_wconf 81' lang='lat' dir='ltr'><strong>proprietates,</strong></span> <span class='ocrx_word' id='word_1_853' title='bbox 2790 5748 2954 5786; x_wconf 89' lang='lat' dir='ltr'><strong>unam</strong></span> <span class='ocrx_word' id='word_1_854' title='bbox 2998 5745 3132 5783; x_wconf 83' lang='lat' dir='ltr'><strong>vero</strong></span> <span class='ocrx_word' id='word_1_855' title='bbox 3183 5737 3433 5782; x_wconf 82' lang='lat' dir='ltr'><strong>naturam</strong></span> 
     </span>
    </p>
   </div>
   <div class='ocr_carea' id='block_1_119' title="bbox 1857 5815 3433 5890">
    <p class='ocr_par' dir='ltr' id='par_1_119' title="bbox 1857 5815 3433 5890">
     <span class='ocr_line' id='line_1_119' title="bbox 1857 5815 3433 5890; baseline -0.008 -12"><span class='ocrx_word' id='word_1_856' title='bbox 1857 5826 2135 5890; x_wconf 56' lang='lat' dir='ltr'><strong>videmus;</strong></span> <span class='ocrx_word' id='word_1_857' title='bbox 2191 5827 2302 5879; x_wconf 67' lang='lat' dir='ltr'><strong>huu-</strong></span> <span class='ocrx_word' id='word_1_858' title='bbox 2349 5842 2476 5878; x_wconf 76' lang='lat' dir='ltr'><strong>vrro</strong></span> <span class='ocrx_word' id='word_1_859' title='bbox 2533 5841 2637 5877; x_wconf 79' lang='lat' dir='ltr'><strong>non</strong></span> <span class='ocrx_word' id='word_1_860' title='bbox 2692 5823 2768 5876; x_wconf 57' lang='lat' dir='ltr'><strong>sit:</strong></span> <span class='ocrx_word' id='word_1_861' title='bbox 2823 5822 3131 5890; x_wconf 66' lang='lat' dir='ltr'><strong>rogitantes</strong></span> <span class='ocrx_word' id='word_1_862' title='bbox 3185 5815 3433 5887; x_wconf 68' lang='lat' dir='ltr'><strong>plerique</strong></span> 
     </span>
    </p>
   </div>
  </div>
