4102 6484
643 396 770 458 1787
1894 401 2203 462 LEONTII
2249 395 2642 456 BYZANTIN'I
3757 385 3914 447 1783

636 522 824 559 eorum
869 507 1088 569 dicunt,
1124 505 1253 560 licet
1297 523 1396 577 pro
1441 525 1624 562 rerum
1677 517 1822 563 Statu
1873 513 2000 565 talia
2050 511 2210 564 nobis

2312 507 2484 574 παρὸν
2516 507 2639 557 τάδε
2676 507 2810 572 ἡμῖν
2843 502 3259 571 προϐάλλονται,
3285 501 3356 563 ὡς
3395 502 3449 550 ἐν
3482 501 3691 568 ἑτέροις
3755 501 3913 552 ἐδεί-

637 594 938 663 proferant,
972 596 1114 650 sicut
1155 596 1208 650 in
1247 599 1462 652 caeteris
1503 606 1869 653 monstratum
1911 609 2014 654 est.
2051 600 2206 652 Atta-

639 700 759 738 men
791 685 1038 740 dicamus
1071 687 1136 739 ad
1170 687 1317 756 ipsos
1347 707 1359 740 :
1393 688 1494 754 Qui
1522 704 1652 758 ergo
1682 691 1827 744 circa
1855 692 1998 759 ipsas
2025 689 2209 765 dicitis

635 776 746 828 duo
776 791 902 840 vos,
934 793 1054 845 quae
1086 777 1340 844 fuerunt,
1375 796 1481 832 non
1513 792 1793 847 naturam,
1821 781 1915 834 sed
1948 782 2206 852 hyposla-

636 882 724 921 ses
758 883 1117 936 personarum
1153 870 1323 924 unius
1360 879 1569 923 natura:
1605 870 1880 936 dividere;
1918 887 2043 924 nam
2083 886 2208 939 pro-

638 959 964 1025 prietatibus
1013 961 1144 1028 ipsa:
1186 960 1533 1025 dividuntur,
1565 970 1620 1014 et
1663 962 1966 1015 secundum
2007 976 2106 1014 vos
2153 970 2208 1014 et

636 1047 940 1100 secundum
977 1065 1078 1102 nos
1113 1067 1124 1102 :
1156 1035 1423 1112 dicentes,
1455 1051 1698 1119 inquam,
1728 1051 1877 1103 circa
1909 1051 2053 1118 ipsas
2085 1059 2205 1102 tan-

640 1148 752 1190 tum
806 1140 1168 1206 prOprietates
1209 1140 1276 1193 de
1318 1139 1539 1193 Christo
1583 1141 1989 1209 duplicitatem,
2031 1139 2205 1209 hypo-

635 1239 811 1283 stases
845 1246 1206 1298 personarum
1243 1231 1381 1286 duas
1410 1234 1564 1286 scitis
1621 1233 1857 1296 Christi,
1886 1233 1989 1286 etsi
2042 1247 2204 1285 unam

635 1319 753 1384 t'jlts
786 1329 1030 1372 naturam
1057 1321 1418 1375 confitemini.
1443 1322 1599 1388 Quod
1637 1322 1781 1376 absit
1816 1339 1845 1376 a
1879 1323 2065 1386 vobis,
2098 1323 2207 1375 fra-

640 1418 778 1471 tres,
805 1408 1115 1463 admittere.
1145 1412 1201 1464 Si
1239 1421 1420 1465 autem
1456 1413 1656 1466 dicatis
1688 1428 1788 1466 nec
1817 1421 2069 1465 naturam
2104 1426 2207 1465 nec

638 1499 974 1566 lnypostasim
1005 1501 1374 1570 preprietates
1408 1501 1689 1566 dividere,
1717 1517 1818 1555 nec
1849 1502 2049 1555 Paulus
2075 1517 2205 1581 ergo

635 1604 664 1641 a
698 1589 893 1653 Petro,
924 1606 1024 1645 nec
1055 1607 1082 1644 a
1117 1593 1276 1646 Patre
1308 1593 1482 1647 Filius
1509 1593 1812 1647 secundum
1844 1593 1974 1661 quid
2005 1592 2205 1646 discer-

636 1681 816 1742 nitur,
863 1689 1060 1734 natura
1108 1681 1317 1751 quippe
1357 1683 1552 1748 iidem,
1594 1682 2033 1752 proprietatibus
2075 1697 2206 1736 vero

638 1770 1105 1840 iudistinguibiles
1131 1781 1186 1825 et
1218 1782 1350 1827 nolu
1382 1766 1780 1842 impussibiles.

706 1862 792 1915 28.
822 1862 879 1916 Si
910 1864 1288 1917 diversitatem
1321 1854 1542 1926 dicunt,
1568 1872 1624 1917 et
1649 1863 2023 1932 duplicitatem
2051 1860 2204 1930 peni-
2238 1848 2278 1905 Β

639 1961 724 2004 Ius
767 1952 1143 2006 diﬁ'erentium
1187 1953 1373 2007 dicere
1422 1962 1712 2023 cogentur;
1759 1969 1881 2006 nam
1927 1963 1982 2006 et
2020 1950 2204 2006 rerum

634 2042 867 2096 diversa:
893 2051 1104 2096 natura:
1129 2045 1497 2106 enumeratio,
1520 2053 1576 2098 et
1601 2042 1964 2098 accidentium
1992 2050 2207 2095 mutati-

637 2133 1098 2185 tium'secundum
1127 2133 1284 2202 quid,
1310 2145 1404 2189 aut
1434 2137 1650 2189 tandem
1680 2134 1954 2191 nudarum
1988 2135 2204 2188 numeri

634 2223 873 2292 partium
921 2231 1016 2277 aut
1062 2225 1350 2278 subtilium
1398 2225 1760 2294 quarumdam
1810 2226 2204 2296 cogitationum

633 2315 678 2367 si
721 2315 878 2369 ﬂeret
914 2315 1150 2379 mentio,
1184 2331 1252 2370 ex
1289 2316 1601 2371 diﬂ'erentia
1641 2332 1762 2407 quae
1799 2317 2015 2371 exsistit
2058 2318 2204 2370 circa

639 2405 900 2467 verbum,
932 2407 1018 2460 vel
1064 2407 1317 2461 ordinem
1357 2408 1444 2462 vel
1488 2405 1735 2477 tempus,
1771 2409 1852 2462 vel
1899 2409 2078 2462 locum
2120 2408 2204 2462 vel

636 2495 902 2559 habitum,
931 2497 1095 2551 etilla
1130 2498 1416 2552 evidenter
1441 2498 1750 2568 praecedet:
1791 2507 1887 2552 aut
1923 2514 2055 2568 ergo
2096 2514 2204 2552 non

634 2583 1026 2650 diﬂ'ercntiam,
1055 2597 1151 2640 aut
1176 2594 1232 2641 et
1258 2603 1550 2642 numerum
1582 2587 1957 2642 diﬂ‘erentium
1983 2597 2206 2643 natura-

636 2691 754 2728 rum
781 2675 989 2731 dicant.

703 2765 855 2830 29.,Si
881 2783 910 2821 e
937 2767 1155 2823 duobus
1180 2769 1428 2825 dicentes
1449 2771 1662 2826 naturis
1683 2770 1987 2836 Christum,
2008 2787 2204 2841 nempe

634 2872 666 2910 ε
693 2859 986 2912 communi
1031 2859 1320 2914 divinitate
1363 2870 1420 2915 et
1459 2862 1830 2926 humanitate,
1862 2863 1999 2917 duas
2043 2864 2204 2917 hasce

633 2955 690 3001 et
741 2955 865 3016 post
911 2949 1304 3004 a'dunationem
1354 2967 1465 3005 non
1512 2963 1880 3022 cognoscunt,
1923 2970 2053 3023 ergo
2097 2970 2206 3007 non

637 3048 973 3108 cognoscunt
1022 3049 1146 3110 post
1194 3043 1561 3096 oeconomiam
1601 3044 1997 3097 incarnationis
2045 3044 2204 3098 Verbi

637 3143 960 3183 communes
986 3128 1124 3183 duas
1155 3130 1515 3184 humanitatis
1539 3138 1596 3184 et
1620 3130 1927 3184 divinitatis
1959 3139 2203 3196 naturas,

639 3234 739 3272 nec
764 3221 1057 3288 separatim
1088 3235 1181 3274 eas
1207 3230 1534 3286 numerant,
1560 3236 1663 3275 nec
1690 3235 1812 3274 esse
1841 3236 2070 3289 prorsus
2101 3221 2209 3276 duo

637 3309 818 3363 adhuc
842 3310 1114 3379 reliquum
1147 3310 1340 3365 dicunt
1366 3328 1378 3363 :
1407 3315 1533 3364 nam
1565 3326 1595 3364 a
1621 3311 1942 3381 duplicitate
1969 3328 2209 3368 cessasse

639 3403 984 3456 contendunt
1013 3403 1129 3457 haec
1156 3419 1185 3456 a
1213 3403 1416 3472 quibus
1440 3403 2050 3458 exsurrexit'adunatio.
2077 3406 2210 3460 Esse

638 3502 768 3546 vero
793 3507 857 3545 ea
889 3507 1211 3546 communes
1237 3501 1462 3547 naturas
1491 3493 1847 3548 conﬁtentur.

691 3581 792 3637 .50.
831 3581 891 3636 Si
935 3592 1222 3652 propterea
1273 3584 1419 3654 quod
1459 3594 1782 3638 naturarum
1825 3585 2085 3641 adunatio
2126 3596 2211 3642 est

641 3688 802 3725 unam
856 3683 1194 3742 cognoscunt
1236 3684 1492 3729 naturam
1547 3691 1611 3730 ea
1662 3691 1784 3744 quae
1831 3687 2211 3731 convenerunt

641 3761 756 3815 ﬁeri
778 3803 793 3827 ,
821 3773 877 3816 et
909 3765 1038 3830 quia
1073 3772 1393 3817 naturarum
1429 3764 1742 3820 diﬂ‘erentia
1773 3776 1887 3830 est,
1921 3767 2059 3822 duas
2097 3769 2212 3822 [nec

639 3860 985 3923 cognoscant.
1021 3851 1138 3906 Non
1177 3853 1321 3908 enim
1365 3853 1512 3923 quod
1553 3855 1656 3923 ipsi
1697 3865 1781 3909 est
1817 3857 1886 3910 ob
1926 3857 2213 3920 adunatio-

641 3957 797 4006 nem,
845 3941 979 3997 illud
1027 3953 1082 3998 et
1126 3943 1197 3997 ob
1245 3943 1615 3999 diﬁcrentiam
1668 3947 1966 4014 putabunt,
2008 3948 2104 4002 sed
2156 3949 2210 4001 in

639 4034 813 4089 altero
855 4034 1024 4088 verbo
1066 4035 1323 4090 alterum.
1355 4036 1490 4091 Cum
1537 4054 1668 4108 ergo
1705 4048 1760 4094 et
1795 4039 2101 4093 essentialis
2144 4040 2212 4093 iis

639 4141 760 4195 qua:
789 4128 1128 4182 conveniunt
1155 4129 1322 4183 rebus
1350 4129 1685 4194 differentia,
1713 4141 1768 4184 et
1791 4131 1998 4202 adjecta
2025 4146 2212 4185 essen-

642 4219 733 4272 tiis
764 4218 1048 4284 adunatio,
1077 4219 1217 4274 bene
1246 4221 1517 4276 essentias
1546 4223 1771 4292 proprio
1802 4222 1936 4292 ipsis
1958 4237 2211 4277 sermone

640 4309 1055 4372 discernentes,
1107 4310 1250 4364 duas
1309 4310 1547 4365 dicimus
1603 4327 1798 4380 nempe
1855 4312 2208 4378 diversitate;

641 4403 931 4470 personam
957 4417 1087 4455 vero
1119 4401 1252 4471 ipsis
1281 4415 1444 4454 unam
1477 4402 1811 4456 adunatione
1841 4402 2139 4456 credimus.

713 4600 1031 4668 3li.,Adhuc
1069 4600 1248 4654 omnis
1286 4599 1573 4669 compositi
1618 4597 1842 4667 perfecti
1876 4613 1977 4652 nec
2015 4613 2212 4666 super-

639 4691 959 4755 abundare,
1008 4708 1111 4746 nec
1165 4691 1402 4746 deﬁcere
1455 4699 1674 4759 oportet
1724 4704 2068 4751 sermonem,
2117 4687 2212 4742 sed

642 4783 1001 4838 suﬂicientem
1048 4799 1198 4849 esse;
1242 4783 1538 4852 duplicitas
1582 4782 1758 4851 prima
1799 4781 2125 4849 compositio
2159 4789 2216 4834 et

640 4871 852 4940 primus
888 4869 1164 4926 sulliciens
1199 4887 1495 4934 numerus;
1530 4870 1807 4940 quomodo
1840 4884 1972 4939 ergo
2009 4869 2214 4938 impor-

643 4974 834 5016 tunum
875 4962 983 5016 erit
1020 4962 1087 5016 de
1123 4963 1448 5031 compositis
1488 4965 1702 5015 naturis
1737 4969 1792 5015 et
1827 4977 1994 5015 unum
2033 4960 2213 5029 perfe-

641 5062 790 5104 ctum
826 5051 1266 5121 complentibus,
1298 5051 1678 5120 duplicitatem
1707 5050 1922 5112 dicere,
1957 5048 2216 5118 hyposta-

642 5158 764 5197 seos
796 5158 926 5197 vero
962 5143 1264 5197 unitatem?
1298 5144 1418 5197 Non
1451 5143 1598 5195 enim
1633 5140 1700 5194 ad
1736 5140 1970 5194 invicem
2010 5154 2216 5194 conve-

643 5243 841 5293 nerunt
867 5235 988 5289 duae
1016 5231 1341 5306 hypostases
1365 5235 1510 5290 sicut
1534 5247 1589 5289 et
1618 5243 1848 5287 naturis.

711 5325 799 5379 32.
837 5325 1032 5380 Adhuc
1077 5327 1258 5381 omnis
1310 5327 1494 5381 unitas
1543 5327 1589 5380 si
1642 5325 1866 5378 omnino
1904 5323 1973 5396 in
2021 5322 2214 5377 eodem

641 5433 805 5472 sensu
831 5419 1126 5472 verborum
1158 5421 1460 5474 secundum
1488 5434 1657 5471 unum
1685 5417 1752 5472 de
1781 5417 1964 5486 aliquo
1989 5416 2213 5480 dicitur,

642 5514 698 5559 et
742 5505 1039 5575 duplicitas
1083 5516 1207 5562 ante
1251 5508 1456 5563 dictam
1505 5509 1559 5560 in
1603 5523 1670 5561 eo
1718 5505 2019 5561 secundum
2071 5505 2215 5560 idem

644 5595 1019 5663 duplicitatem
1061 5607 1148 5651 est
1185 5597 1375 5652 etiam.
1410 5597 1466 5651 Si
1506 5613 1638 5651 vero
1684 5606 1805 5666 post
1841 5595 2215 5666 duplicitatem

644 5686 882 5752 dicatur,
911 5681 1004 5743 aut
1029 5705 1136 5742 non
1167 5690 1220 5742 in
1247 5689 1438 5744 eodem
1467 5689 1673 5743 dicitur
1700 5689 1992 5742 verborum
2027 5702 2212 5747 sensu,

644 5793 738 5835 aut
775 5779 957 5838 unitas
996 5798 1102 5834 non
1142 5792 1248 5836 est.
1282 5781 1395 5835 Non
1435 5781 1580 5834 cnim
1629 5781 1789 5834 habet
1829 5790 2074 5832 naturam
2121 5787 2214 5833 aut

2309 596 2434 664 χθη.
2469 595 2613 662 Πλὴν
2662 597 2909 660 εἴποιμεν
2941 591 3072 660 πρὸς
3113 592 3309 653 αὐτη-ὂς
3336 608 3350 622 ο
3392 591 3542 642 Ἐπεὶ
3597 587 3692 642 οῦν
3750 597 3912 643 κατὰ

2308 687 2505 747 ταύτας
2523 685 2712 752 λέγετε
2741 685 2799 736 τὸ
2831 683 2921 734 δύο
2950 683 3127 752 ὑμεῖς,
3160 683 3214 733 αἶ
3249 682 3517 749 πέφυκαν,
3550 683 3610 733 οὐ
3645 681 3751 748 τὴν
3796 681 3912 747 φύε-

2310 794 2392 830 σιν
2440 775 2712 846 χωρίζειν,
2770 774 2906 827 ἀλλὰ
2948 774 3043 835 τὰς
3078 774 3410 834 ὑποστάσεις
3439 773 3546 824 τῶν
3569 773 3913 841 προσώπων

2306 867 2404 934 τῆς
2434 867 2562 934 μιᾶς
2618 864 2834 933 φύσεως
2856 881 2867 892 ·
2905 866 3020 924 ταῖς
3052 862 3157 932 γάρ
3213 863 3468 931 ἰδιότησιν
3522 856 3683 914 αὗται
3714 861 3914 930 χωρί-

2308 957 2507 1020 ζονται,
2547 956 2667 1008 καθ’
2709 957 2852 1025 ὑμᾶς
2877 971 2938 1006 τε
2979 955 3072 1006 καὶ
3121 953 3242 1005 καθ’
3278 954 3445 1022 ἡμᾶς,
3486 953 3742 1019 λέγοντες
3788 953 3913 1020 ἄρα

2307 1047 2447 1101 κατὰ
2475 1046 2675 1109 ταύτας
2709 1046 2870 1115 μόνον
2892 1046 3057 1115 ἧγουν
3081 1046 3185 1106 τὰς,
3208 1045 3478 1114 ἰδιότητας
3515 1043 3608 1095 ἐπὶ
3644 1044 3916 1112 Χριστὸν

2305 1139 2403 1207 τὴν
2427 1138 2616 1202 δυάδα,
2648 1137 2743 1200 τὰς
2769 1137 3097 1198 ὑποστάσεις
3142 1135 3248 1188 τῶν
3292 1134 3600 1204 προσώπων
3631 1135 3729 1186 δύο
3779 1135 3910 1184 ἴστε

2307 1228 2397 1280 τοῦ
2433 1229 2692 1298 Χριστοῦ,
2740 1230 2788 1280 εἰ
2838 1229 2933 1280 καὶ
2989 1229 3117 1295 μίαν
3145 1228 3244 1296 τὴν
3297 1226 3460 1294 φύσιν
3494 1225 3661 1279 αὑτοῦ
3697 1227 3914 1295 ὁμολο-

2306 1323 2451 1386 γεῖτε
2474 1336 2485 1349 ·
2526 1322 2662 1390 ὅπερ
2692 1319 2765 1388 μὴ
2791 1319 2876 1388 εἴη
2908 1319 3079 1386 ὑμᾶς,
3111 1317 3354 1385 ἀδελφοὶ,
3382 1317 3787 1386 καταδέχεσθαι
3813 1334 3829 1346 ·
3859 1320 3913 1368 εί

2303 1409 2358 1461 δὲ
2381 1411 2582 1462 εἴποιτε
2622 1411 2756 1478 μήτε
2786 1409 2882 1479 τὴν
2907 1408 3068 1476 φύσιν
3124 1407 3261 1475 μήτε
3299 1407 3396 1476 τὴν
3449 1407 3756 1459 ὑπόστασιν
3798 1408 3913 1469 τὰς

2310 1499 2578 1566 ἰδιότητας
2613 1498 2889 1569 χωρίζειν,
2925 1496 3050 1550 οὗτε
3085 1496 3294 1560 Παῦλος
3351 1496 3458 1566 ἄρα
3490 1497 3720 1566 Πέτρου,
3767 1495 3914 1547 οὔτε

2305 1589 2398 1643 τοῦ
2429 1589 2642 1660 Πατρδς
2674 1589 2846 1650 ὁΥίῆς
2867 1589 3008 1641 κατά
3033 1606 3084 1640 τι
3113 1587 3468 1656 διακρίνεται,
3499 1589 3566 1656 τῇ
3596 1587 3698 1656 μὲν
3717 1586 3916 1654 φύσει

2305 1684 2457 1743 ὅντες
2489 1680 2694 1744 ταυτυὶ,
2725 1681 2844 1742 ταῖς
2871 1678 2928 1732 δὲ
2959 1678 3214 1747 ἰδιότησιν
3246 1678 3550 1746 άδιάκριτοι
3589 1678 3681 1729 καὶ
3727 1677 3915 1731 ἀδιὰα-

2306 1791 2562 1842 γνωστοι.

2381 1872 2481 1920 κη’.
2517 1865 2577 1916 Εἰ
2599 1861 2863 1932 διαφορὰν
2893 1862 3133 1930 λέγουσι,
3171 1861 3263 1913 καὶ
3284 1860 3448 1912 δυάδα
3467 1859 3683 1922 πάντως
3706 1862 3916 1912 εἰπεῖν

2308 1957 2414 2009 τῶν
2475 1955 2865 2024 διαφερόντων,
2921 1952 3428 2022 ἀναγκασθήσονται
3459 1951 3703 2020 δηλονότι
3728 1965 3743 1980 °
3782 1952 3916 2002 τῶν

2306 2066 2364 2101 τε
2396 2049 2501 2118 γὰρ
2535 2048 2842 2117 ἑτεροφυῶν
2877 2045 3220 2116 πραγμάτων
3266 2046 3297 2114 ἡ
3330 2043 3733 2113 ἀπαρίθμησις,
3785 2043 3917 2095 τῶν

2306 2156 2364 2190 τε
2396 2136 2820 2207 συμϐεϐηκότων
2858 2135 2966 2187 τῶν
2999 2133 3433 2198 ὲξαλ).ασσόντων
3468 2132 3609 2185 κατά
3631 2149 3704 2195 τι,
3755 2133 3795 2203 ἢ
3844 2132 3921 2184 τό

2309 2246 2368 2296 γε
2410 2228 2656 2296 ἔσχατον,
2681 2226 2902 2295 γυμνῶν
2930 2225 3040 2278 τῶν
3069 2224 3163 2276 τοῦ
3203 2222 3436 2293 ἀριθμοῦ
3482 2223 3688 2292 μορίων
3719 2223 3756 2290 ἢ
3803 2225 3916 2290 ψι-

2306 2318 2412 2370 λῶν
2445 2335 2605 2370 τινων
2640 2317 3020 2384 ὲπινοημάτων
3059 2317 3106 2366 εἰ
3137 2314 3344 2381 γένοιτο
3373 2314 3634 2382 μέτρησις
3687 2313 3756 2364 ἐκ
3793 2313 3916 2381 τῆς

2306 2409 2567 2477 διαφορᾶς
2602 2410 2701 2477 τῆς
2741 2406 2884 2459 κατὰ
2917 2404 3153 2473 λόγον,ἢ
3185 2404 3359 2469 τάξιν,
3389 2403 3421 2472 ἦ
3447 2403 3656 2472 χρόνον,
3697 2402 3729 2471 ἢ
3803 2405 3914 2456 τό·-

2309 2520 2429 2567 πον,
2457 2502 2487 2570 ἢ
2532 2501 2737 2570 σχέσιν,
2769 2500 2864 2553 καὶ
2893 2497 3031 2567 αὑτη
3073 2497 3411 2567 προϐήσεται
3442 2495 3661 2562 σαφῶς·
3717 2495 3753 2565 ἦ
3792 2492 3914 2548 οὖν

2310 2600 2444 2664 μήτε
2479 2594 2762 2662 διαφορὰν,
2814 2594 2846 2661 ἢ
2906 2591 2997 2642 καὶ
3048 2588 3136 2642 τὸν
3168 2587 3401 2659 ἀριθμῶ
3429 2587 3737 2655 λεγέτωσαν
3783 2590 3914 2644 τῶν

2305 2685 2672 2754 διαφερουσῶν
2702 2684 2937 2749 φύσεων.

2379 2774 2479 2828 κθ’.
2523 2777 2584 2827 Εἰ
2626 2778 2689 2828 ὲκ
2739 2773 2832 2826 δύο
2871 2773 3120 2840 λέγοντες
3165 2771 3383 2839 φύσεων
3413 2771 3503 2822 τὸν
3544 2770 3787 2838 Χριστὸν
3823 2769 3914 2833 ὡς

2308 2869 2371 2920 ἐκ
2403 2867 2500 2933 τῆς
2531 2863 2710 2934 κοινῆς
2741 2865 2992 2934 θεότητος
3017 2864 3112 2916 καὶ
3150 2861 3590 2932 ἁνθρωπότητος,
3625 2860 3719 2913 δύο
3747 2863 3913 2914 τάσ-

2307 2956 2361 3008 δε
2394 2957 2490 3008 καὶ
2514 2957 2653 3024 μετὰ
2683 2954 2778 3023 τὴν
2809 2954 3003 3006 ἕνωσιν
3036 2953 3097 3006 οὑ
3133 2950 3518 3020 γινώσκουσιν,
3547 2951 3650 3017 ἄρα
3669 2967 3733 3018 γε
3768 2952 3914 3004 οὐδὲ

2310 3049 2459 3099 ἴσασι
2519 3045 2659 3116 μετά
2726 3047 2824 3113 τὴν
2889 3043 3207 3113 οἰκονομίαν
3263 3041 3364 3111 τῆς
3410 3040 3740 3112 σαρκώσεως
3797 3040 3912 3094 τοῦ

2309 3135 2483 3202 Λόγου
2515 3135 2608 3196 τὰς
2636 3133 2819 3195 κοινὰς
2851 3133 2944 3185 δύο
2967 3133 3159 3200 φύσεις
3191 3131 3611 3201 ἀνθρωπότητος
3643 3131 3737 3183 καὶ
3773 3131 3912 3184 θεέ⁶

2309 3237 2496 3293 τητος,
2547 3225 2669 3277 οὑδὲ
2714 3223 3088 3293 διωρισμένως
3137 3223 3304 3285 αὑτὰς
3359 3220 3714 3292 ἀριθμοῦσιν,
3767 3222 3912 3274 οὑδὲ

2311 3310 2451 3365 εἶναι
2489 3312 2624 3373 ὅλως
2674 3309 2767 3363 δύο
2821 3310 2900 3362 ἔτι
2931 3309 3118 3364 λοιπόν
3150 3327 3282 3378 φασι
3303 3327 3316 3341 ο
3349 3310 3476 3363 τάδε
3530 3309 3637 3382 γὰρ
3667 3311 3912 3363 πεπαῦ-

2313 3402 2434 3454 σθαι
2468 3402 2565 3471 τῆς
2612 3401 2802 3465 δυάδος
2837 3402 3003 3470 φασὶν
3053 3396 3135 3462 οἷς
3184 3401 3553 3470 προσγέγονεν
3583 3400 3616 3469 ή
3652 3397 3867 3464 ἐνωσις
3894 3419 3910 3432 ο

2310 3487 2450 3545 εἶναι
2481 3493 2536 3545 δὲ
2567 3491 2760 3559 ταῦτα,
2787 3493 2885 3555 τὰς
2919 3491 3108 3554 κοινὰς
3140 3491 3332 3561 φύσεις
3359 3489 3739 3561 ὁμολογοῦσιν.

2380 3585 2440 3636 λ’.
2479 3585 2539 3636 Εἰ
2571 3584 2658 3635 διὰ
2709 3585 2770 3636 τὸ
2815 3587 2936 3646 ταῖς
2973 3583 3202 3651 φύσεσιν
3249 3581 3495 3650 ἡνῶσθαι
3554 3581 3684 3652 μίαν
3712 3581 3916 3638 οἴδασι

2313 3677 2475 3742 φύσιν
2526 3677 2594 3729 τὰ
2651 3675 2997 3740 συνελθόντα,
3035 3677 3127 3728 καὶ
3152 3674 3239 3726 διὰ
3267 3675 3328 3726 τὸ
3359 3674 3554 3742 φύσεσι
3582 3675 3913 3746 διαφέρειν,

2309 3766 2401 3819 δύο
2418 3765 2587 3818 ταῦτα
2618 3767 3038 3834 γινωσκέτωσαν
3054 3783 3066 3795 ·
3091 3766 3178 3819 διά
3199 3783 3257 3819 τε
3284 3765 3393 3839 γὰρ
3416 3767 3611 3820 ἕνωσιν
3639 3765 3697 3820 ἓν
3721 3768 3914 3837 πρόσ-

2310 3874 2474 3909 ωπον.
2508 3862 2602 3909 καὶ
2626 3857 2713 3909 διά
2745 3858 2844 3926 τὴν
2877 3855 3141 3926 διαφορὰν
3190 3857 3246 3910 αῑ
3293 3856 3387 3909 δύο
3423 3857 3647 3925 φύσεις·
3685 3857 3747 3922 οὐ
3783 3861 3914 3932 γὰρ

2311 3947 2446 4014 ὅπερ
2480 3945 2628 4013 αὐτῷ
2658 3947 2776 3998 ἐστι
2809 3947 2899 3998 διὰ
2929 3947 3029 4015 τὴν
3061 3946 3277 4009 ἕνωσιν,
3304 3945 3465 3998 τοῦτο
3507 3948 3624 4000 καί
3648 3947 3740 3999 διὰ
3794 3951 3914 4020 τὴν

2310 4033 2573 4102 διαφοράν
2606 4033 3001 4103 ὑπολήψονται,
3034 4033 3150 4086 ἀλλ’
3189 4036 3247 4086 ὲν
3291 4033 3506 4103 θατέρῳ
3536 4034 3612 4104 τῷ
3639 4035 3792 4104 λόγῳ
3839 4040 3914 4091 τὸ

2311 4124 2516 4195 ἕτερον.
2567 4123 2722 4177 Ἐπεὶ
2752 4119 2844 4177 οὖν
2883 4126 2976 4177 καὶ
3009 4124 3273 4196 οὑσιώδης
3306 4125 3404 4195 μὲν
3444 4128 3560 4188 τοῖς
3599 4126 3913 4181 συνελθοῦ-

2315 4232 2396 4266 σιν
2427 4217 2458 4283 ή
2505 4213 2762 4284 διαφορὰ,
2803 4214 3101 4284 ἐπίκτητος
3132 4216 3188 4268 δὲ
3221 4217 3341 4278 ταῖς
3373 4214 3635 4286 οὐσίαιςή
3668 4216 3912 4283 ἕνωσις,

2314 4305 2491 4368 καλῶς
2519 4305 2618 4367 τὰς
2651 4308 2750 4374 μὲν
2779 4306 2968 4368 οὐσίας
3007 4306 3087 4377 τῷ
3131 4307 3246 4375 ἰδίῳ
3289 4305 3470 4360 αὐτῶν
3499 4306 3643 4375 λόγῳ
3675 4306 3922 4380 διακρί-

2314 4413 2525 4459 ναντες,
2557 4396 2651 4449 δύο
2686 4396 2886 4466 φαμὲν,
2913 4398 3080 4468 ῆγουν
3105 4401 3170 4466 τῇ
3210 4399 3477 4468 διαφορᾷσ
3509 4398 3569 4450 τὸ
3612 4398 3668 4451 δὲ
3718 4403 3913 4470 πρόσ-

2233 4488 2283 4546 Ι)
2311 4505 2476 4550 ωπον,
2508 4489 2698 4551 αὑταῖς
2727 4488 2785 4540 ἓν
2813 4491 2878 4558 τῇ
2908 4487 3096 4541 ἐνώσει
3123 4489 3418 4559 δοξάζομεν

2384 4596 2488 4651 λα’.
2531 4597 2652 4648 Ἔτι
2695 4596 2899 4657 παντὸς
2958 4595 3215 4648 συνθέτου
3269 4596 3483 4649 τελείου
3527 4595 3653 4650 οὔτε
3708 4615 3913 4669 περιτ-

2315 4685 2495 4739 τεύειν
2534 4684 2658 4738 οὔτε
2687 4685 2958 4738 ἐλλείπειν
2981 4684 3063 4736 δεῖ
3101 4685 3192 4736 τὸν
3224 4684 3402 4752 λόγον,
3440 4685 3554 4738 ἀλλ’
3591 4685 3781 4758 ἄρτιον
3817 4687 3914 4744 εἷ·-

2317 4796 2402 4831 ναι
2425 4795 2437 4808 ·
2474 4777 2610 4839 δυὰς
2656 4777 2723 4830 δὲ·
2753 4775 2951 4846 πρώτη
3007 4774 3280 4840 σύνθεσις,
3311 4778 3406 4829 καὶ
3439 4778 3656 4846 πρῶτος
3704 4779 3914 4850 ἄρτιος

2315 4869 2574 4938 άριθμός³
2602 4868 2717 4930 πῶς
2750 4864 2843 4920 οὖν
2877 4867 3226 4938 άπρόσφορον
3251 4869 3402 4920 ἔσται
3433 4869 3528 4920 ἐπὶ
3559 4870 3666 4920 τῶν
3708 4887 3914 4926 συντε-

2317 4959 2513 5011 θεισῶν
2553 4958 2767 5026 φύσεων
2805 4959 2900 5010 καί⁹
2943 4958 3004 5009 τὸ
3037 4957 3095 5010 ἒν
3136 4958 3343 5010 τέλειον
3378 4958 3913 5033 πληρουσῶηδυάδα

2315 5049 2512 5116 λέγειν,
2539 5048 2745 5116 μονάδα
2773 5047 2827 5100 δὲ
2861 5048 3254 5113 ὑποστάσεω;;
3291 5049 3349 5099 οὑ
3380 5049 3910 5121 γὰρ-συνετέθησαν

2318 5140 2414 5193 δύο
2439 5141 2697 5210 ἀλλήλαις
2728 5141 2822 5192 καὶ
2853 5141 3181 5202 ὑποστάσεις
3210 5141 3286 5203 ώς
3311 5141 3367 5192 al
3396 5141 3607 5211 φύσεις.

2391 5313 2486 5383 λβ.
2523 5313 2644 5364 Ἔτι
2688 5313 2835 5365 πᾶσα
2873 5312 3039 5380 μονὰς
3081 5313 3128 5364 εἰ
3178 5312 3353 5382 πάντη
3406 5314 3462 5364 ἐν
3513 5311 3697 5382 ταυτῷ
3753 5316 3913 5387 λόγῳ

2319 5407 2535 5474 λέγεται
2583 5406 2722 5458 κατά
2753 5422 2899 5467 τινος
2932 5405 3054 5459 καθ’
3083 5404 3163 5458 ἓν.
3192 5407 3288 5456 καὶ
3338 5404 3470 5466 δυὰς
3526 5405 3633 5474 πρὸ
3682 5405 3784 5474 τῆς
3844 5412 3912 5461 ἐν

2318 5499 2466 5568 αὺτῷ
2496 5497 2640 5550 κατὰ
2679 5497 2741 5549 τὸ
2767 5487 2898 5549 αὑτὸ
2937 5496 3238 5566 λεγομένης
3271 5495 3459 5558 δυάδος
3497 5497 3646 5548 ἐστὶν
3688 5498 3816 5567 ἥδε·
3853 5509 3910 5556 εξ

2322 5593 2378 5644 δὲ
2412 5591 2550 5660 μετὰ
2583 5587 2681 5658 τὴν
2718 5588 2886 5640 δυάδα
2932 5587 3162 5655 λέγοιτο,
3197 5586 3352 5656 ἢούκ
3387 5589 3444 5638 ὲν
3472 5587 3650 5656 ταυτῷ
3675 5587 3909 5655 λέγεται

2321 5680 2524 5750 λόγῳῆ
2564 5680 2624 5730 οὑ
2661 5678 2829 5746 μονάς
2861 5680 3036 5729 ἐστιν·
3074 5677 3135 5728 οὑ
3168 5677 3274 5745 γάρ
3307 5675 3417 5746 ἔχει
3455 5676 3616 5738 φύσιν
3663 5679 3694 5747 ἢ
3741 5679 3909 5743 τάξιν

2324 5774 2378 5824 ἕν
2424 5788 2528 5822 τινι
2556 5770 2630 5836 τῷ
2662 5767 2813 5838 αὑτῷ
2857 5786 2980 5820 ποτε
3031 5768 3198 5838 μονὰς
3234 5767 3374 5837 μετὰ
3421 5771 3518 5838 τὴν
3565 5769 3724 5823 δυάδα
3758 5772 3906 5823 dum
