4102 6482
210 429 326 490 ιτδο

1323 441 1619 501 CONTRA
1672 445 2267 540 MONUﬂlYSlTAS.

3310 447 3438 509 ιττιο

206 537 420 624 ρείςθαι.
466 538 587 600 Πῶς
636 536 736 593 οὖν
769 541 816 592 εἰ
854 542 964 613 τὴν·
990 543 1162 612 αὐτὴν
1211 540 1355 599 εἶναι
1381 565 1514 616 φασι
1559 552 1676 611 ταῖς
1706 552 1748 608 ἐξ

1864 554 2270 608 ordinationem
2331 555 2384 607 in
2447 556 2633 624 aliquo
2697 558 2892 611 eodem
2949 570 3190 624 unquam
3261 555 3441 608 unitas

202 619 267 677 ὧν
293 628 398 679 ἐστι
427 628 619 695 φύσεσι
654 633 758 700 τὴν
795 634 922 701 μίαν
949 636 1128 702 φύσιν,
1160 637 1288 700 δυὰς
1319 641 1534 708 πρῶτον
1566 642 1755 709 γέγονε

203 717 398 781 φύσεων
429 720 518 771 xal.
543 721 668 772 τότε
713 724 884 791 μονὰς
913 724 1123 790 φύσεως
1150 745 1163 792 ;
1200 729 1274 797 μὴ
1311 729 1627 802 ὑπαρξάσης
1651 733 1759 799 γὰρ

206 810 412 873 μονάδος
453 812 593 864 κατά
624 829 701 876 τι,
736 815 797 866 οῦ
843 814 1064 868 δυνατὸν
1102 817 1202 888 τὴν
1247 820 1385 872 κατὰ
1430 821 1586 872 τοῦτο
1631 823 1762 874 αὐτὸ

201 899 350 952 δυάδα
400 902 632 982 φανῆναι
659 919 674 938 ’
725 906 886 973 εἴπερ
944 909 1006 957 ὲκ
1040 909 1268 977 μονάδος
1299 912 1332 980 ὴ
1361 911 1511 974 δυὰς,
1539 912 1632 964 καὶ
1669 913 1768 964 οὐκ

202 992 254 1040 ἐκ
279 990 462 1054 δυάδος
492 995 522 1061 ἡ
565 996 739 1061 μονάς
764 1011 778 1029 ν
812 997 867 1048 αἳ
891 997 971 1048 δεῖ
998 994 1090 1050 οὖν
1114 1001 1161 1051 εί
1198 1002 1548 1068 προέφθασαν
1579 1002 1768 1068 φύσεις

201 1081 279 1132 δύο
304 1076 474 1144 εἶναι,
495 1085 754 1138 οὐδέποτε
797 1088 894 1155 μία
921 1106 1002 1153 τε,
1037 1092 1129 1142 καὶ
1155 1094 1207 1142 αἱ
1235 1094 1397 1144 αὑταὶ
1421 1095 1764 1162 γενήσονται;

205 1172 306 1226 ἁλλ’
341 1175 371 1241 ἢ
407 1176 526 1226 κατ’
559 1177 710 1241 ἄλλο,
743 1179 774 1245 ἢ
811 1180 917 1248 πρὸ
952 1182 1132 1234 αὐτῶν
1158 1182 1311 1235 ἔσται
1340 1185 1371 1252 ἡ
1401 1184 1522 1252 μία.

1865 652 2153 712 postquam
2187 645 2481 713 dttplicitas
2513 646 2733 700 inventa
2761 658 2844 701 est
2873 665 2886 700 :
2922 646 3200 716 quomodo
3229 660 3362 715 ergo
3391 644 3437 698 si

1865 737 2113 789 eamdem
2165 751 2286 790 esse
2341 736 2536 790 dicunt
2579 753 2744 806 quam
2802 748 2999 792 natura
3048 753 3079 792 e
3131 737 3331 807 quibus
3380 732 3440 789 ﬁt

1873 828 2034 881 unica
2076 838 2298 892 natura,
2329 828 2482 897 prius
2522 839 2847 882 naturarum
2890 829 2996 883 fuit
3036 827 3353 898 duplicitas,
3382 836 3439 880 et

1875 928 2004 971 tunc
2031 919 2214 972 unitas
2241 920 2483 991 naturae?
2510 920 2627 973 Non
2651 921 2796 973 enim
2819 921 3118 974 exsistente
3135 917 3437 972 secundum

1873 1008 2082 1076 aliquid
2131 1008 2364 1070 unitate,
2403 1009 2670 1076 possibile
2719 1018 2804 1062 est
2846 1006 3437 1074 serundudeipsum

1875 1097 2254 1166 duplicitatem
2279 1098 2487 1162 videri;
2513 1100 2766 1168 quamvis
2795 1115 2860 1153 ex
2886 1100 3092 1152 unitate
3122 1095 3434 1165 duplicitas,

1875 1198 1930 1241 et
1960 1203 2068 1242 non
2103 1205 2168 1242 ex
2203 1189 2524 1257 duplicitate
2557 1190 2772 1255 unitas;
2805 1198 3025 1258 oportet
3057 1202 3185 1258 ergo
3218 1186 3265 1240 si
3297 1199 3436 1254 pra—

203 1273 457 1318 venerunt
493 1276 704 1320 natura:
737 1267 860 1322 dua:
889 1285 1044 1335 esse,
1079 1274 1234 1327 nullo
1269 1275 1432 1328 modo
1468 1284 1524 1330 et
1555 1293 1663 1331 una
1703 1286 1757 1332 et
1795 1280 1986 1332 eadem
2019 1280 2175 1344 ﬁent,
2211 1281 2306 1334 sed
2357 1292 2452 1334 aut
2519 1281 2822 1335 secundum
2874 1280 3023 1334 aliud
3060 1288 3154 1334 aut
3185 1265 3310 1332 ante
3342 1290 3435 1330 eas

200 1354 292 1404 erit
313 1370 414 1406 una
446 1356 579 1410 haec.

258 1442 350 1508 λγῖ.
396 1448 516 1498 Ἔτι
551 1451 660 1518 μὴν
707 1453 756 1503 εἰ
799 1454 895 1505 καὶ
943 1453 1032 1508 διὰ
1075 1457 1175 1526 τὴν
1199 1456 1418 1520 ἕνωσιν,
1456 1459 1639 1512 οὐκέτι
1666 1460 1757 1512 δύο

199 1537 284 1600 τὰς
318 1540 406 1592 δύο
451 1543 654 1596 εἰδέναι
685 1547 820 1613 φασὶ
854 1548 970 1624 (τὸν
1010 1551 1121 1620 γὰρ
1153 1553 1434 1621 χωρισμὸν
1465 1554 1635 1604 αττιον
1660 1557 1758 1622 τῆς

199 1631 368 1693 δυάδος
407 1631 544 1686 εἶναι
586 1635 850 1704 λέγουσι),
904 1640 1163 1694 πευστέον
1189 1642 1389 1707 αὐτῶν,
1429 1640 1537 1714 ἆρά
1574 1661 1634 1710 γε
1667 1647 1758 1697 ἐπὶ

199 1721 263 1790 τῷ
287 1723 498 1795 θανάτῳ
531 1728 624 1778 τοῦ
680 1731 885 1799 κυρίου
932 1732 1077 1785 ἴσασι
1123 1735 1405 1803 χωρισμόν
1448 1753 1567 1787 τινα
1597 1736 1756 1788 τινῶν

1931 1459 2018 1513 55.
2045 1459 2242 1513 Adhuc
2273 1459 2316 1511 si
2351 1467 2577 1528 propter
2600 1458 3023 1522 adunationem,
3057 1472 3164 1511 non
3199 1458 3430 1527 amplius

1858 1548 1998 1602 dttas
2033 1549 2152 1602 illas
2184 1563 2413 1602 noscere
2446 1547 2639 1600 dicunt
2666 1547 2812 1614 (nam
2843 1546 3171 1600 divisionem
3203 1545 3436 1615 duplici-

1859 1641 1988 1693 tatis
2016 1655 2235 1693 causam
2269 1654 2387 1693 esse
2445 1637 2678 1703 dicunt),
2744 1636 3142 1705 inquirendum
3227 1637 3295 1690 ab
3329 1637 3432 1698 eis,

1859 1746 1989 1783 num
2032 1730 2099 1783 de
2141 1730 2358 1782 Domini
2395 1740 2574 1784 morte
2608 1736 2847 1782 noscunt
2879 1727 3171 1795 quamdam
3207 1735 3433 1780 natura-

199 1814 409 1878 φύσεων,
442 1818 474 1886 ἢ
498 1819 645 1886 enixi;
672 1821 730 1871 Ei
757 1823 854 1889 μὲν
879 1818 969 1874 οὖν
996 1825 1137 1893 οὐχὶ,
1162 1825 1437 1892 φαντασία
1463 1839 1521 1878 τε
1548 1829 1574 1877 ὁ
1595 1827 1748 1880 θάνα-

1859 1840 1980 1877 rum
2023 1824 2383 1892 quarumdam
2428 1821 2870 1884 distinctionem,
2908 1837 2976 1874 an
3017 1821 3164 1874 non?
3204 1820 3259 1874 Si
3303 1835 3434 1889 ergo

198 1919 293 1967 τος,
337 1909 430 1958 καὶ
459 1907 726 1978 ψευδὴςὴ
763 1914 895 1982 περὶ
943 1915 1109 1966 αὐτοῦ
1161 1915 1286 1980 δόξα
1329 1919 1385 1969 ὲν
1406 1917 1483 1988 τῷ
1531 1918 1751 1988 Κυρίῳο

198 1993 561 2088 θάνατοςᾼγὰρ
617 2004 901 2088 χωρισμός
949 2007 1064 2058 ἐστι
1117 2007 1297 2076 ψυχῆς
1342 2008 1451 2066 ἀπὸ
1500 2007 1754 2076 σώματος

197 2084 611 2151 ἁναντιῤῥήτως·
639 2089 686 2138 εἰ
707 2087 763 2138 δὲ
792 2088 960 2153 ὅντως
980 2096 1259 2163 χωρισμὸς
1289 2095 1477 2161 γέγονε
1505 2096 1752 2162 φυσικὸς,

199 2169 392 2234 παντως
424 2176 518 2227 καὶ
549 2178 690 2230 κατά
722 2180 908 2232 τούσδε
940 2182 1032 2234 δύο
1058 2184 1247 2251 φύσεις
1271 2186 1336 2238 τὰ
1369 2188 1753 2257 κεχωρισμένα

195 2262 289 2310 τῶν
333 2262 592 2330 Χριστοῦ.
630 2270 772 2337 Ἀρα
800 2272 894 2323 οῦν
941 2275 990 2324 εἰ
1034 2275 1355 2344 ὁμολογοῦσι
1405 2277 1496 2329 τὸν
1526 2278 1754 2332 θάνατον

194 2366 276 2402 του
313 2355 535 2425 Κυρίου,
564 2361 658 2411 καὶ
696 2361 789 2414 δύο
826 2363 1016 2430 φύσεις
1052 2368 1215 2420 αὑτοῦ
1247 2386 1397 2432 τινας
1437 2366 1578 2424 εἷναί
1622 2390 1750 2424 ποτε

195 2460 438 2498 οωσουσι·
471 2449 632 2502 τοῦτο
667 2451 723 2504 δὲ
769 2453 800 2521 ἢ
846 2456 946 2524 τῆς
999 2460 1130 2526 μιᾶς
1161 2456 1252 2529 ἦν,
1287 2464 1441 2526 φασὶ,
1479 2480 1752 2533 κατακερ-

199 2538 556 2607 ματισθείσης,
613 2543 643 2611 ἢ
696 2544 888 2612 ἑτέρας
922 2548 1373 2619 ὲπιγεννηθεέσης
1402 2551 1621 2620 Χριστῷ
1650 2553 1752 2619 φύ-

197 2643 347 2690 σεως’
370 2631 745 2700 συλνογιστέον
773 2636 827 2687 δὲ
859 2639 1057 2701 αὐτοὺς
1089 2639 1168 2692 ἔτι
1200 2642 1264 2693 ὲκ
1293 2641 1522 2706 τούτων,
1557 2645 1648 2696 καὶ
1669 2645 1750 2696 ὃτι

195 2719 402 2790 ἐπείπερ
458 2725 522 2776 ὲκ
568 2725 662 2777 δύο
709 2723 926 2795 φύσεων
982 2730 1081 2799 τὴν
1121 2734 1373 2801 γέννησιν
1426 2735 1748 2803 ὁμολογοῦσι

198 2808 535 2907 ἳριστοῦρέκ
566 2815 824 2907 *θεότητος
861 2836 918 2870 τε
951 2821 1046 2871 καὶ
1087 2822 1503 2894 ἀνθρωπὸτητος
1544 2825 1748 2894 ταύτην

200 2903 380 2951 νοοῦσι·
408 2904 486 2964 εἰς
514 2903 608 2956 δύο
644 2906 701 2957 δὲ
749 2908 941 2975 φύσεις
992 2911 1323 2979 διαιρεῖσθαι
1361 2914 1504 2967 κατὰ
1533 2915 1622 2967 τὸν
1652 2915 1746 2968 θά-

195 3005 334 3040 νατον
362 2992 540 3056 δόντες
570 2997 670 3048 οὐκ
699 2999 779 3057 εἰς
811 3001 1045 3066 τοιάσδε,
1080 3002 1198 3054 ἀλλ’
1223 3007 1300 3065 εἰς
1329 3004 1534 3075 ἄψυχον
1563 3006 1742 3075 σῶμα,

195 3078 273 3128 καὶ
323 3083 397 3141 εἰς
439 3083 620 3136 ἔνθεον
667 3087 845 3158 ψυχὴν
899 3091 1108 3154 λέξουσι
1156 3098 1249 3145 καὶ
1315 3096 1493 3156 αὐτοὶ,
1522 3097 1738 3167 ἀνάγκη

1857 1916 2080 1984 quidem
2112 1931 2243 1976 non,
2270 1925 2326 1968 et
2357 1913 2654 1967 ludibrium
2687 1929 2854 1975 mors,
2881 1922 2937 1967 et
2961 1906 3120 1966 fallax
3149 1912 3215 1965 de
3247 1912 3350 1965 hoc
3379 1914 3432 1964 in

1857 2008 2091 2063 Domino
2135 2008 2306 2077 gloria
2359 2025 2371 2058 :
2419 2022 2568 2059 mors
2603 2008 2750 2061 enim
2800 2006 3002 2059 divisio
3047 2013 3131 2058 est
3168 2006 3363 2058 anima:
3392 2013 3429 2056 ‘a

1857 2116 2090 2169 corpore
2137 2099 2548 2163 indubitanter;
2590 2098 2634 2152 si
2672 2112 2802 2150 vero
2847 2097 3025 2165 reipsa
3058 2096 3258 2149 divisio
3292 2095 3429 2148 facta

1854 2201 1940 2246 est
1976 2190 2262 2253 naturalis,
2292 2204 2523 2259 prorsus
2562 2201 2614 2242 et
2657 2187 2961 2240 secundum
3003 2195 3227 2239 naturas
3268 2185 3431 2238 hasce

1854 2281 2029 2349 duas,
2071 2281 2124 2334 in
2175 2280 2400 2334 Christo
2445 2278 2846 2347 proprietatum
2897 2276 3178 2333 distincta.
3221 2273 3428 2328 Conse-

1853 2384 2088 2442 quenter
2113 2372 2155 2426 si
2185 2371 2388 2426 Christi
2421 2379 2655 2423 mortem
2688 2368 3045 2428 conﬁtentur,
3069 2373 3124 2419 et
3151 2365 3288 2418 duas
3311 2365 3430 2433 ejus

1853 2475 2081 2518 naturas
2105 2461 2369 2530 quasdam
2398 2477 2518 2514 esse
2546 2460 2685 2513 forte
2709 2457 3018 2512 concedent
3043 2475 3056 2507 :
3085 2454 3218 2508 illud
3246 2463 3428 2508 autem

1851 2561 1946 2605 aut
2001 2551 2164 2604 unius
2215 2551 2319 2605 illae
2375 2563 2538 2618 quam
2595 2548 2787 2602 dicunt
2833 2546 3075 2599 minutas
3135 2545 3190 2597 in
3247 2553 3430 2612 partes

1851 2645 2075 2706 divisaa,
2124 2652 2218 2697 aut
2268 2642 2497 2696 alterius
2551 2647 2862 2708 supernatze
2917 2636 3139 2691 Christo
3193 2644 3425 2688 naturae.

1848 2731 2195 2788 Concludere
2220 2747 2352 2785 vero
2381 2730 2589 2783 debent
2618 2728 2797 2782 adhuc
2827 2727 2899 2780 de
2928 2726 3056 2790 illis,
3082 2725 3213 2794 quia
3248 2739 3426 2792 quan-

1849 2825 2149 2893 doquidem
2198 2839 2228 2877 e
2272 2823 2490 2875 duabus
2531 2821 2745 2872 naturis
2787 2818 3202 2887 generationem
3253 2815 3427 2870 contio

1851 2924 2035 2969 tentur
2082 2913 2319 2977 Christi,
2367 2929 2398 2966 e
2445 2911 2846 2963 divinitate'et
2890 2906 3235 2960 humanitate
3285 2906 3426 2959 hanc

1848 3007 2108 3076 cogitant.
2144 3005 2203 3058 In
2239 3004 2377 3057 duas
2410 3005 2542 3055 vero
2579 3009 2806 3054 naturas
2845 2996 3018 3052 dividi
3060 3010 3156 3064 per
3191 3004 3423 3048 mortem

1846 3097 2213 3153 concedentes
2244 3111 2352 3150 non
2391 3095 2443 3147 in
2478 3092 2778 3162 quaslibet,
2810 3089 2905 3144 sed
2952 3089 3006 3143 in
3046 3086 3424 3142 exanimatum

198 3169 388 3233 πάντως
415 3175 609 3242 ἑτέρας
639 3178 841 3231 εἰδέναι
891 3181 1051 3234 τάσδε
1082 3184 1179 3246 τὰς
1213 3184 1306 3236 ἐπὶ
1362 3186 1440 3254 τῷ
1474 3188 1741 3258 χωρισμῴ

1852 3205 2050 3258 corpus
2087 3197 2144 3241 et
2180 3188 2235 3240 in
2274 3187 2512 3240 animam
2554 3201 2583 3238 a
2630 3184 2742 3237 Deo
2783 3182 3103 3250 inspiratam
3147 3178 3333 3233 dicent
3369 3191 3426 3232 et

195 3263 431 3328 φανεξσας
464 3267 573 3318 τῶν
608 3269 716 3339 πρὸ
746 3271 845 3336 τῆς
880 3272 1127 3337 ἐνώσεως
1172 3276 1354 3337 αὐτοῖς
1388 3277 1701 3344 λεγομένων
1725 3315 1740 3341 ,

197 3353 311 3406 ἀλλὰ
341 3358 428 3409 καὶ
469 3359 569 3426 τὴν
611 3361 744 3428 μίαν
778 3363 940 3429 φύσιν
1000 3365 1138 3417 κατὰ
1183 3366 1368 3417 τούσδε
1401 3367 1498 3437 τὴν
1548 3369 1610 3419 ὲκ
1637 3369 1747 3420 τῶν

192 3447 386 3510 φύσεων
417 3451 515 3519 τῆς
559 3469 618 3502 τε
667 3452 921 3522 θεότητος
962 3456 1056 3506 καὶ
1101 3456 1525 3528 ἀνθρωπότητος
1553 3455 1742 3522 οὖσαν,

196 3539 366 3607 ἑτέραν
409 3537 548 3594 εἷναι
579 3542 730 3612 παρὰ
757 3544 856 3612 τὴν
886 3545 944 3610 ἐξ
977 3545 1162 3599 ἐνθέου
1191 3547 1372 3618 ψυχῆς
1411 3552 1502 3601 καὶ
1533 3549 1744 3618 ἀψύχου

195 3629 418 3700 σώματος
444 3635 576 3704 μίαν
607 3634 768 3702 φύσιν
796 3635 935 3702 μετὰ
967 3639 1068 3706 τὴν
1093 3640 1389 3693 ἀνάστασιν
1416 3641 1510 3692 τοῦ
1538 3643 1743 3710 Κυρίου

197 3727 464 3796 νοουμένην
506 3730 624 3781 κατ’
655 3729 877 3791 αὐτούς·
911 3723 986 3782 ὧν
1030 3731 1138 3801 γὰρ
1168 3732 1400 3801 διάφορα
1475 3731 1545 3783 τὰ
1599 3733 1747 3784 ἁπλᾶ

197 3817 336 3886 μέρη,
366 3819 598 3890 διάφορα
622 3820 776 3872 ἔσται
812 3821 906 3872 καὶ
936 3820 1002 3873 τὰ
1050 3821 1301 3874 σύνθετα.
1353 3822 1617 3874 Ἔσονται
1652 3819 1745 3874 οὖν

193 3908 232 3956 οἱ
263 3907 345 3959 δύο
389 3913 580 3978 φύσεις
616 3912 904 3980 ἡνωμένας
955 3912 1192 3981 Χριστοῦ
1244 3913 1317 3981 μὴ
1353 3912 1744 3982 ὁμολογοῦντες

196 4003 382 4068 σαφῶς,
413 4002 507 4054 δύο
543 4003 642 4073 μὲν
675 4003 774 4065 τὰς
837 4004 943 4070 πρὸ
989 4005 1089 4073 τῆς
1140 4004 1280 4055 κατὰ
1320 4006 1420 4071 τὴν
1469 4003 1744 4073 σάρκωσιν

193 4090 269 4142 τοῦ
304 4093 493 4158 Λόγου,
531 4095 661 4160 μίαν
711 4092 764 4144 δὲ
811 4092 907 4160 τὴν
940 4094 1031 4143 ἐπὶ
1063 4094 1128 4160 τῇ
1163 4091 1352 4144 ἐνώσει
1388 4092 1569 4144 αὐτῶν
1594 4106 1608 4119 ·
1649 4093 1743 4144 καὶ

195 4185 360 4249 ἐτέρας
395 4186 487 4237 δύο
530 4187 631 4243 τὰς
677 4185 771 4236 ἐπὶ
819 4184 898 4254 τῷ
931 4183 1202 4253 χωρισμῷ
1230 4183 1325 4235 τοῦ
1357 4184 1611 4245 θανάτου,
1648 4184 1742 4235 καὶ

195 4274 304 4339 μέαν
331 4276 490 4345 ἄλλην
519 4277 618 4345 τὴν
649 4277 740 4326 ἐπὶ
770 4278 835 4342 τῇ
863 4273 1168 4326 ’ἀναστάσει
1195 4273 1288 4327 τοῦ
1314 4274 1523 4344 Κυρίου
1563 4290 1744 4346 καινρ-

193 4365 332 4431 τέραν
359 4365 633 4432 λέγοντες,
667 4369 759 4418 καὶ
803 4365 863 4427 ἓξ
910 4383 969 4418 τε
1020 4365 1116 4418 καὶ
1165 4365 1488 4434 διαφόρουςσ
1526 4367 1622 4417 καὶ
1664 4365 1743 4432 πῆ

195 4455 276 4518 μὲν
300 4458 593 4525 ἡνυῳὲνας,
628 4460 705 4527 πῆ
736 4458 790 4509 δὲ
819 4449 1204 4526 χωριζομέναξ
1228 4457 1420 4524 φύσεις
1443 4476 1456 4488 ·
1492 4458 1583 4509 καὶ
1609 4458 1741 4510 πάν·

1847 3283 1984 3352 ipsi,
2015 3294 2239 3335 necesse
2277 3289 2360 3332 est
2393 3291 2619 3346 prorsus
2654 3281 2882 3328 cwteras
2914 3285 3150 3325 noscere
3181 3269 3247 3323 de
3280 3268 3426 3322 divi-

1847 3373 2003 3432 sione
2037 3379 2368 3440 apparentes
2405 3382 2592 3422 rerum
2627 3380 2749 3434 qua:
2783 3370 2909 3416 ante
2945 3361 3334 3415 adunationem
3368 3359 3423 3412 in

1848 3462 1983 3531 ipsis
2016 3459 2460 3522 afﬁrmabantur;
2496 3457 2589 3512 sed
2627 3457 2792 3512 etiam
2826 3455 3047 3509 unicam
3085 3452 3228 3505 hanc
3262 3459 3425 3504 natu-

1848 3569 1963 3607 ram
1991 3553 2146 3622 juxta
2178 3551 2425 3615 eosdem,
2457 3551 2600 3604 hanc
2632 3565 2662 3603 e
2698 3547 2912 3603 naturis
2951 3554 3066 3599 tum
3095 3542 3424 3604 divinitatis,

1848 3654 1962 3698 tum
2013 3642 2376 3697 humanitatis
2424 3639 2811 3701 exsistentem,
2844 3637 3003 3690 aliam
3051 3649 3173 3689 esse
3215 3633 3284 3687 ab
3336 3633 3428 3686 illa

1845 3752 1968 3805 quae
2008 3743 2127 3788 erat
2162 3750 2230 3787 ex
2273 3732 2454 3785 anima
2493 3747 2523 3784 a
2564 3731 2678 3784 Deo
2722 3728 2985 3798 inspirata
3028 3738 3084 3781 et
3117 3724 3428 3780 exanimato

1846 3841 2076 3895 corpore
2115 3825 2333 3878 unicam
2369 3830 2626 3876 naturam
2663 3827 2786 3889 post
2812 3817 3029 3875 Domini
3064 3814 3426 3870 resurrectio-

1844 3933 1972 3973 nem
2012 3916 2302 3985 cogitatam
2340 3915 2497 3984 juxta
2541 3915 2713 3982 ipsos.
2746 3909 3001 3976 Quorum
3039 3907 3184 3962 enim
3215 3905 3425 3958 discre-

1845 4010 2031 4080 pantia
2080 4005 2397 4076 singulatim
2445 4004 2715 4073 simplicia
2760 3996 3424 4066 mcmbra,discrepantia

1843 4109 2008 4156 erunt
2044 4109 2099 4152 et
2134 4098 2436 4167 composita
2473 4115 2484 4149 :
2530 4104 2694 4150 erunt
2730 4109 2859 4161 ergo
2894 4092 2991 4162 qui
3029 4091 3169 4145 duas
3199 4097 3426 4142 naturas

1845 4191 1900 4246 in
1941 4192 2165 4246 Christo
2217 4189 2486 4244 adunatas
2537 4188 2685 4242 clare
2741 4200 2848 4240 non
2895 4183 3251 4245 conﬁtentur,
3287 4179 3424 4234 duas

1845 4283 2066 4352 quidem
2120 4281 2242 4334 illas
2265 4290 2392 4334 ante
2433 4276 2821 4333 exsistentiam
2871 4276 2926 4329 in
2947 4273 3116 4328 Verbi
3167 4273 3420 4326 incarna-

1846 4374 2028 4436 tione,
2061 4386 2226 4426 unam
2263 4378 2448 4424 autem
2487 4369 2542 4421 in
2577 4382 2768 4421 earum
2802 4365 3168 4429 adunatione;
3202 4371 3258 4417 et
3287 4362 3426 4418 alias

1846 4466 1984 4519 duas
2028 4461 2083 4516 in
2132 4459 2673 4521 mortis‘divisione,
2707 4458 2872 4511 aliam
2922 4466 3106 4510 autem
3157 4469 3321 4508 unam
3365 4455 3423 4510 in

192 4563 244 4596 ta
275 4551 594 4619 σπαραγμὸν
638 4550 862 4619 Χριστῷ
907 4549 1315 4618 ἐπινοήσαντες,
1363 4551 1412 4602 ol
1442 4552 1516 4619 τῇν
1552 4549 1742 4601 ἑνώσει

1852 4553 2065 4626 Domini
2108 4553 2518 4606 resurrectione
2560 4550 2932 4604 recentiOrem
2978 4547 3337 4610 aﬂirmantes,
3369 4553 3427 4600 et

194 4639 331 4691 αὑτοῦ
357 4644 676 4710 συνηγορεῖν
707 4641 1184 4710 προσποιούμενοι.

1854 4644 1948 4696 sei:
1980 4652 2035 4697 et
2066 4641 2424 4710 multiplices;
2462 4649 2518 4694 et
2553 4639 2681 4692 hinc
2714 4638 2937 4707 quidem
2975 4637 3268 4698 adunatas,
3297 4633 3425 4687 inde

194 4746 303 4784 tero
330 4732 532 4786 divisas
559 4741 819 4796 naturas;
854 4740 909 4784 et
937 4731 1391 4787 dilacerationem
1424 4747 1641 4785 omnem
1673 4731 1740 4784 de
1779 4732 2006 4788 Christo
2035 4733 2430 4803 excogitantes,
2458 4731 2551 4800 qui
2598 4731 2665 4784 de
2730 4730 2850 4800 ejus
2913 4729 3245 4783 adunatione
3295 4742 3423 4796 pcr-

193 4832 326 4873 orare
365 4823 646 4876 an‘ectant.

249 4913 330 4966 ἰδ’.
371 4917 639 4968 Πευστέον
686 4916 741 4968 δὲ
792 4917 969 4967 αὐτῶν
997 4916 1076 4968 ἔτι
1115 4917 1208 4968 καὶ
1241 4917 1361 4969 τάδε
1391 4934 1400 4946 ·
1429 4921 1477 4970 εἰ
1510 4919 1599 4970 τὸν
1630 4919 1742 4970 Πα-

193 5005 304 5072 τέρα
339 5009 455 5060 κατ’
484 5008 675 5069 οὐσίας
701 5009 858 5074 λόγον
905 5008 1291 5078 διακεκρίσθαι
1321 5010 1537 5075 λέγουσι
1566 5010 1744 5078 πάσης

191 5097 271 5163 τῆς
301 5099 739 5169 ἀνθρωπάτητος,
771 5095 890 5151 εἶτα
940 5102 987 5151 εἰ
1026 5101 1117 5152 καὶ
1167 5102 1256 5152 τὸν
1294 5103 1423 5170 μίαν
1459 5104 1618 5169 φύσιν
1653 5101 1745 5153 λε-

193 5190 394 5257 γόμενον
425 5193 610 5252 αὐτοῖς
658 5189 797 5244 εἶναι
854 5193 1106 5261 Χριστὸν,
1163 5193 1452 5245 κοινωνοῦν
1487 5210 1540 5244 τι
1579 5193 1744 5260 γινώ-

194 5294 358 5333 σκουσι
400 5283 475 5350 τῷ
516 5283 714 5352 Πατρὶ,
749 5283 844 5334 καὶ
889 5285 1166 5351 ἡνωμένον
1199 5285 1316 5335 κατ’
1346 5284 1535 5344 οὖσίας
1581 5285 1738 5350 λόγον

193 5371 294 5421 καθ’
325 5373 486 5441 ὅνπερ
515 5374 696 5442 ἡμῶν,
727 5374 802 5433 ὼς
835 5371 1044 5440 ἔφασαν
1071 5373 1552 5442 ἧδη,διακέκριται
1576 5378 1603 5427 ὁ
1628 5377 1739 5427 Πα-

192 5463 304 5532 τήρ·
334 5468 377 5516 εἰ
402 5468 510 5534 γὰρ
543 5467 806 5533 φάσκοιεν
838 5466 1079 5534 ἡνῶσθαι
1105 5467 1264 5518 αὑτὸν
1297 5467 1372 5536 τῷ
1399 5467 1573 5537 Πατρὶ
1601 5471 1740 5521 κατὰ

193 5554 349 5619 φύσιν,
387 5558 542 5625 ἡμῶν
594 5558 836 5626 δηλονότι
868 5557 960 5607 καὶ
985 5557 1147 5619 αὐτὸς
1178 5557 1543 5625 διακέκριται,
1573 5558 1737 5625 ἤγουν

193 5637 271 5704 τῆς
295 5640 704 5710 ἀνθρωπότητος
731 5659 743 5671 ·
781 5643 974 5695 οὐκοῦν
1025 5645 1114 5694 καὶ
1145 5644 1244 5710 τῆς
1282 5645 1414 5706 ἰδίας
1443 5647 1661 5713 σαρκὸς,
1693 5651 1736 5698 εἰ

194 5728 373 5800 ἀληθὴς
401 5735 537 5804 αῦτη
571 5737 727 5805 σὰρξ,
761 5737 854 5786 καὶ
881 5736 973 5804 μία
1005 5737 1097 5802 τῆς
1121 5736 1535 5804 ανθριυπὸτητὸς
1570 5742 1730 5790 ἔστιν’

195 5821 280 5888 ἄρα
308 5821 391 5878 οὖν
421 5827 653 5897 ἄσαρκος
686 5832 710 5879 ὁ
747 5828 999 5897 Χριστλς.
1032 5827 1442 5895 διιικτκριειέτιος
1469 5830 1563 5898 της
1605 5845 1730 5899 στρ-

1912 4918 2000 4971 54.
2046 4915 2438 4986 lnquirendum
2465 4915 2534 4968 ab
2555 4913 2638 4968 eis
2659 4921 2715 4967 et
2744 4912 2878 4966 illud
2907 4931 2917 4964 :
2947 4911 3002 4965 Si
3030 4911 3244 4965 Patrem
3271 4911 3423 4980 juxta

1841 5008 2090 5062 essentite
2130 5003 2439 5059 sermonem
2471 5004 2687 5059 secerni
2729 5020 2757 5057 a
2798 5012 2907 5056 tota
2957 5003 3299 5056 humanitate
3337 5004 3421 5056 di-

1841 5107 1994 5162 cunt,
2055 5097 2274 5160 deinde,
2325 5097 2368 5150 si
2415 5105 2469 5149 et
2502 5095 2780 5150 Christum
2830 5095 2922 5162 qui
2971 5093 3038 5147 ab
3078 5093 3160 5147 eis
3207 5095 3421 5147 unicam

1842 5203 1959 5242 esse
2000 5189 2204 5241 dicitur
2242 5197 2491 5240 naturam
2531 5203 2823 5241 commune
2858 5185 3138 5255 quoddam
3167 5200 3289 5237 cum
3327 5186 3422 5238 Pn-

1849 5287 1928 5333 tre
1969 5281 2170 5333 habere
2201 5288 2459 5339 noscunt,
2491 5278 2534 5331 si
2561 5287 2616 5331 et
2645 5286 2901 5338 noscunt,
2945 5275 3243 5328 adunatum
3268 5275 3420 5342 juxta

1846 5375 2098 5429 essentia:
2123 5386 2431 5426 sermonem
2462 5369 2766 5422 secundum
2802 5366 3104 5437 quemlibet
3140 5366 3314 5419 nostri
3347 5366 3420 5418 si-

1846 5467 2058 5533 cutjam
2077 5463 2353 5524 diccbant,
2376 5461 2685 5515 secernitur
2699 5461 2858 5512 Pater
2878 5459 2946 5512 :si
2963 5459 3107 5511 enim
3123 5458 3420 5510 adunatum

1848 5558 2013 5610 fuisse
2058 5572 2181 5609 cum
2228 5553 2374 5607 Patri
2442 5548 2744 5605 secundum
2813 5561 3063 5603 naturam
3125 5548 3334 5606 dicunt.
3391 5564 3420 5600 a

1848 5646 2004 5699 nobis
2047 5661 2176 5699 sane
2220 5653 2272 5696 ct
2325 5643 2438 5710 ipse
2468 5643 2795 5704 secernitur,
2831 5641 3037 5695 St'iiiCL‘l
3071 5640 3137 5692 ab
3171 5638 3416 5690 Immani-

1846 5747 1974 5798 tate,
2019 5755 2148 5803 ergo
2195 5748 2248 5789 et
2282 5754 2306 5787 :t
2354 5736 2570 5804 propria
2614 5751 2797 5796 carne,
2854 5735 2895 5786 si
2946 5749 3072 5785 vera
3107 5735 3219 5800 ipsa
3267 5745 3414 5789 «τινα»,

1845 5841 1895 5882 et
1930 5847 2030 5882 una
2058 5829 2412 5882 humanitatis
2437 5839 2515 5880 est
2545 5844 2699 5893 :rrgo
2721 5827 2925 5892 absque
2948 5844 3106 5879 ναι-τις
3141 5825 3415 5878 εἶξυνὶυὶιιθ.
