4102 6512
619 420 746 484 1791

1865 429 2172 488 LEONTII
2213 429 2582 487 BYZANTIN
2596 430 2616 486 ί

3723 431 3882 492 1⁹ῖ92

613 549 645 589 a
679 550 843 590 carne
898 538 1016 607 ejus
1060 539 1363 605 discretus;
1406 549 1462 594 et
1507 537 1773 596 dissoluta
1825 552 1910 602 est
1969 545 2038 599 ab
2090 543 2172 599 eis

2285 541 2363 604 ὼς
2394 543 2559 595 αὑτοῦ
2581 559 2593 573 ’
2625 544 2718 596 καὶ
2753 544 2970 597 λέλυται
2999 547 3180 608 αὐτοῖς
3226 550 3258 617 ἡ
3303 535 3518 609 ἔνωσις,
3550 547 3644 600 καὶ
3675 550 3880 617 πάντη

612 626 893 691 ndunatio,
932 637 988 683 et
1034 630 1195 684 nobis
1236 633 1459 686 omnino
1511 633 2034 692 incommunicabile
2093 634 2178 689 di-

614 719 798 772 vinum
827 719 881 774 in
928 719 1166 777 Christo.
1201 720 1259 777 Si
1297 720 1428 778 vero
1471 725 1618 778 carni
1650 725 1872 795 quidem
1909 727 2181 780 adunatur

616 807 851 862 Verbum
881 810 1183 864 secundum
1216 820 1489 877 naturam,
1523 829 1629 868 non
1657 825 1838 869 autem
1868 831 1994 870 cum
2021 817 2179 874 Patre

613 912 904 953 commune
949 900 1117 956 habet
1165 903 1220 956 in
1244 892 1598 958 sadunatione
1625 907 1780 976 juxta
1829 915 2101 971 naturam,
2149 923 2179 962 a

616 987 772 1042 Putre
794 991 1094 1045 secundum
1113 1003 1361 1054 naturam
1378 993 1662 1060 dividitur,
1678 1005 1734 1050 et
1749 998 1855 1051 erit
1876 1012 1984 1050 non
2006 998 2177 1062 Deus;

615 1080 695 1132 vel
728 1080 889 1135 Pater
932 1098 1040 1136 non
1092 1084 1254 1148 Deus,
1301 1085 1347 1139 si
1387 1085 1646 1141 Christus
1695 1097 1784 1144 cst
1827 1104 1968 1142 unus
2001 1089 2177 1155 Deus,

612 1175 799 1243 plures
837 1178 984 1231 enim
1021 1179 1248 1242 divisos,
1278 1195 1389 1234 non
1435 1182 1770 1235 credendum
1827 1183 1978 1236 deos.
2018 1183 2180 1237 Juxta

612 1278 743 1320 vero
777 1267 1101 1321 alterutrum
1154 1269 1622 1337 blasphemorum,
1668 1273 1931 1341 gehennae
1972 1273 2176 1342 suppli-

613 1358 758 1409 (luni
798 1366 945 1411 esset
983 1360 1313 1430 eligentibus
1349 1362 1466 1416 haec
1499 1362 1655 1416 εσσιὶ
1687 1364 1933 1433 dignum.

681 1448 768 1502 35.
810 1448 866 1504 Si
903 1466 1012 1504 non
1060 1453 1361 1506 secundum
1393 1455 1539 1523 quod
1566 1453 1822 1509 Christus
1851 1465 1954 1518 est,
1985 1470 2183 1510 secun-

611 1535 743 1590 dum
780 1536 915 1591 illud
947 1539 1195 1607 quaedam
1226 1551 1425 1595 natura
1454 1551 1557 1605 est,
1588 1543 1720 1596 illud
1745 1543 1891 1596 enim
1922 1554 1976 1598 et
1993 1545 2181 1598 Patres

613 1628 890 1694 dixerunt,
911 1633 1327 1687 autsecundum
1354 1634 1516 1697 nihil,
1540 1642 1633 1688 aut
1661 1635 1716 1688 in
1743 1643 2006 1704 quantum
2038 1635 2181 1689 Deus

617 1726 847 1784 tantum,
874 1722 1048 1775 autin
1069 1732 1335 1791 quantum
1359 1724 1523 1777 homo
1550 1733 1781 1789 tantum,
1806 1735 1902 1779 aut
1932 1725 1985 1777 in
2010 1741 2181 1794 quan-

614 1817 729 1861 tum
757 1819 813 1864 et
845 1810 989 1865 Deus
1015 1821 1210 1868 natura
1228 1824 1320 1868 ‘est
1343 1822 1399 1868 et
1423 1815 1587 1868 homo
1622 1815 1820 1870 iterum
1853 1824 2046 1870 natura
2074 1826 2178 1881 est,

613 1900 756 1954 idem
790 1902 1011 1970 quidem
1043 1919 1187 1958 unus
1212 1894 1484 1969 Christus,
1517 1908 1612 1961 sed
1659 1922 1768 1961 non
1806 1908 1998 1964 eadem
2048 1924 2178 1978 ergo

613 1989 782 2046 Filius
837 1999 894 2044 et
941 2008 1047 2046 una
1099 2002 1316 2057 natura,
1361 2012 1491 2050 num
1527 2013 1655 2066 ergo
1682 2012 1789 2050 nou
1829 1998 1971 2053 idem
2020 1999 2178 2053 Pater

609 2095 732 2134 cum
782 2082 921 2136 Filio
971 2099 1201 2139 numero
1256 2098 1602 2151 'sermoncve,
1685 2104 1793 2142 non
1855 2105 1985 2143 vero
2034 2090 2176 2144 idem

610 2179 804 2224 natura
866 2173 1027 2227 Pater
1085 2191 1207 2229 cum
1247 2176 1424 2240 Filio,
1490 2193 1719 2232 numero
1783 2195 1884 2234 nec
1926 2194 2178 2236 sermone

608 2261 885 2323 naturali,
947 2264 1089 2317 sicut
1161 2265 1326 2320 Arius
1401 2267 1537 2322 vult.
1603 2267 1658 2322 Si
1723 2285 1855 2324 vero
1907 2270 2176 2338 dixerint,

607 2351 907 2406 secundum
951 2355 1101 2423 quod
1125 2371 1358 2425 persona
1391 2366 1447 2411 et
1485 2369 1679 2414 natura
1710 2368 1816 2420 est,
1848 2360 2038 2414 eadem
2078 2360 2180 2416 lte-

608 2457 724 2495 rum
750 2453 1101 2512 opponentur
1131 2445 1214 2500 eis
1232 2463 1245 2500 :
1265 2463 1396 2518 ergo
1416 2449 1563 2502 enim
1583 2464 1709 2503 cum
1729 2450 1834 2504 alia
1849 2450 1927 2504 sit
1947 2467 2178 2520 persona

607 2533 784 2588 Patris
807 2535 1024 2604 aliaque
1059 2537 1299 2606 Spiritus
1357 2540 1557 2604 sancti,
1603 2550 1658 2594 et
1689 2541 1793 2594 alia
1825 2531 2052 2608 natura;
2077 2543 2177 2596 sed

605 2638 730 2676 cum
782 2633 839 2679 et
889 2625 1155 2682 diﬂ'erens
1209 2630 1282 2683 sit
1337 2646 1572 2698 persona
1637 2632 1779 2686 Petri
1841 2642 1897 2687 et
1945 2649 2178 2701 persona

605 2715 782 2779 Pauli,
839 2725 896 2771 et
937 2726 1134 2773 natura
1196 2719 1462 2776 dill‘erens
1542 2737 1666 2792 qua:
1713 2732 1843 2778 sunt
1892 2726 2180 2781 evidenter

603 2805 861 2867 absurda.

672 2897 760 2952 '56.
801 2899 856 2953 Si
893 2915 999 2954 una
1032 2903 1336 2972 composita
1378 2903 1581 2958 Christi
1611 2907 1825 2970 natura,
1859 2923 1964 2961 una
1995 2919 2176 2963 autem

605 2986 832 3056 simplex
860 2998 1055 3045 natura
1088 2991 1603 3060 Patris,.quomodo
1635 2992 1783 3047 Patri
1837 2994 2008 3048 Filius
2043 3011 2178 3050 con-

605 3077 1019 3134 substantialis?
1067 3081 1185 3135 Non
1221 3082 1368 3136 enim
1404 3084 1634 3152 simplex
1675 3085 1817 3139 idem
1851 3101 1915 3140 ac
1956 3102 2182 3156 compo-

606 3166 769 3221 situm
810 3186 822 3221 :
861 3178 955 3223 aut
989 3185 1122 3239 ergo
1152 3188 1261 3225 non
1311 3189 1473 3227 unam
1521 3173 1750 3238 Christi,
1787 3185 1880 3230 aut
1912 3192 2181 3232 non«con«

606 3257 1019 3312 substantialem
1051 3261 1196 3313 Patri
1226 3271 1474 3316 naturam
1509 3264 1859 3332 proﬁtentur.
1890 3267 1944 3321 Si
1974 3285 2004 3323 e
2026 3279 2180 3338 parte

606 3344 750 3400 illam
782 3349 1308 3404 consubstantialem
1359 3352 1504 3405 Patri
1531 3353 1743 3422 dicunt,
1795 3357 1971 3410 sciant
2006 3359 2176 3426 quod,

605 3445 768 3505 prout
810 3441 918 3508 jam
964 3439 1170 3495 dictum
1198 3451 1306 3505 est,
1337 3460 1444 3498 non
1490 3463 1556 3500 ex
1596 3455 1752 3516 parte
1808 3456 2003 3502 natura
2035 3466 2182 3518 qum-

605 3527 729 3581 dam
757 3544 954 3600 nempe
976 3534 1216 3589 essentia
1248 3535 1451 3589 dicitur
1475 3537 1641 3590 alicui
1672 3540 2178 3597 consubstantialis.

605 3616 683 3671 sic
715 3617 862 3672 enim
887 3627 942 3673 et
972 3620 1136 3674 homo
1163 3633 1277 3678 tum
1308 3623 1477 3693 lapidi
1515 3633 1630 3678 tum
1678 3625 1823 3690 cani,
1849 3633 1963 3680 tum
1988 3626 2180 3696 angelo

603 3708 1092 3766 consubstantialis
1135 3713 1435 3768 diceretur.

674 3799 764 3852 57.
807 3798 979 3855 Unica
1031 3803 1126 3856 Dei
1178 3804 1343 3859 Verbi
1394 3814 1590 3860 natura
1643 3809 1746 3862 ista
1795 3809 2075 3862 incarnala
2112 3810 2181 3860 ab

606 3889 770 3944 unica
793 3890 887 3945 Dei
911 3893 1089 3948 Patris
1110 3904 1306 3950 natura
1326 3914 1435 3952 non
1461 3899 1742 3954 incarnata
1763 3899 1947 3953 dill'ert
1964 3897 2183 3951 annon?

607 3983 990 4052 Respondeant
1030 4003 1042 4038 :
1077 3986 1121 4040 si
1147 3982 1342 4041 dicunt
1367 3989 1587 4057 quidem
1621 3991 1766 4059 quod
1802 3989 2039 4052 differat,
2072 4003 2181 4040 non

604 4088 736 4126 vero
804 4071 1288 4133 consubstantialis
1372 4081 1480 4133 erit
1543 4081 1690 4134 Patri
1743 4082 1912 4134 Filius
1961 4081 2029 4134 ab
2086 4079 2178 4160 illo

606 4163 672 4218 ad
728 4173 980 4221 naturam
1023 4167 1322 4231 diﬂ'erens;
1371 4188 1478 4224 non
1520 4188 1550 4226 e
1601 4182 1755 4241 parte
1804 4172 1949 4226 enim
2003 4171 2071 4226 de
2116 4172 2182 4224 iis

606 4256 1078 4312 consubstantiale
1123 4259 1306 4314 dicere
1354 4272 1459 4315 est.
1519 4262 1712 4317 Omnia
1765 4263 1913 4318 enim
1964 4262 2180 4316 Domini

605 4348 1098 4402 consubstantialia
1149 4351 1202 4402 in
1247 4366 1442 4406 eorum
1493 4355 1761 4408 totalitate
1804 4353 1870 4407 ad
1946 4354 2180 4406 invicem

609 4437 1097 4495 consubstantialia
1143 4441 1435 4508 videmus;
1474 4443 1517 4496 si
1554 4461 1685 4498 vero
1722 4461 1830 4498 non
1857 4444 2182 4499 diﬂ‘erredi«

2283 631 2412 697 ἡμῖν
2445 630 2828 702 ,ἀκοινώνητον
2873 633 2932 684 τὸ
2999 631 3140 685 θεῖον
3184 636 3241 685 ὲν
3287 633 3532 704 Χριστῷ.
3579 635 3638 687 Ei
3685 635 3748 687 δὲ
3802 640 3876 703 τῇ

2283 719 2445 786 σαρκὶ
2487 717 2585 786 μὲν
2611 718 2815 787 ἥνωται
2851 721 2878 771 ὁ
2909 719 3081 787 Λόγος
3113 722 3252 774 κατὰ
3281 723 3379 792 τὴν
3424 713 3611 790 φύσιν,
3642 724 3706 779 οὐ
3743 740 3881 774 κοι-

2281 809 2439 860 νωνεῖ
2466 808 2524 860 δὲ
2550 807 2625 877 τῷ
2648 809 2820 878 ηατρὶ
2843 812 2924 879 τῇ
2942 811 3080 862 κατὰ
3117 810 3278 880 φύσιν
3309 811 3520 876 ένώσει,
3557 813 3877 883 διαιρεῖται

2281 899 2378 968 τὴν
2423 899 2584 966 φύσιν
2625 901 2691 951 ὲκ
2737 899 2828 953 τοῦ
2865 902 3103 972 ιιατρὸς,
3136 905 3229 956 καί
3256 903 3409 956 ἔσται
3443 906 3501 958 ού
3546 906 3680 967 Θεός
3707 921 3720 932 ·
3773 905 3812 975 ἢ
3848 907 3881 956 ὁ

2281 990 2474 1058 Πατὴρ
2499 989 2559 1040 ού
2589 989 2741 1052 Θεὸς.
2770 991 2817 1042 εί
2844 991 3073 1060 Χριστός
3099 993 3294 1055 ἔστιν-6
3323 987 3403 1060 εἷς
3429 994 3559 1057 Θεός
3583 1009 3595 1023 ⁸
3633 995 3879 1055 πλείους

2280 1078 2392 1149 γὰρ
2418 1079 2845 1148 διαιρουμένους,
2882 1081 2941 1132 ού
2984 1081 3266 1147 δοξαστέον
3293 1083 3448 1146 θεούς
3469 1099 3482 1112 ·
3521 1072 3659 1137 κατὰ
3690 1083 3880 1136 θάτε-

2283 1186 2374 1238 ρον
2399 1169 2457 1220 δὲ
2478 1167 2585 1221 τῶν
2609 1167 2967 1239 βλασφήμων,
2999 1170 3059 1222 τὸ
3088 1172 3187 1241 τῆς
3217 1173 3442 1241 γεέννης
3466 1174 3530 1226 ἂν
3547 1175 3649 1243 -εῑη
3688 1173 3876 1227 κολα-

2283 1260 2502 1328 στήριον
2523 1262 2636 1321 τοῖς
2665 1260 3009 1330 αἱρουμένοις
3034 1263 3158 1316 τάδε
3182 1263 3361 1332 λέγειν
3389 1264 3640 1332 ἐπάξιον.

2352 1432 2445 1486 λε’.
2489 1434 2552 1486 El
2603 1432 2679 1502 μὴ
2727 1433 2849 1487 καθ’
2877 1435 2905 1486 ὃ
2951 1436 3184 1505 Χριστός
3228 1438 3345 1491 ἐστι
3393 1441 3532 1492 κατὰ
3572 1438 3734 1494 τοῦτό
3779 1458 3878 1504 τις

2281 1523 2438 1592 φύσις
2465 1524 2581 1575 ἐστὶ
2613 1524 2790 1594 (τοῦτο
2822 1525 2928 1595 γὰρ
2956 1528 3048 1578 καὶ
3077 1530 3124 1580 οί
3160 1529 3400 1597 Πατέρες
3425 1531 3788 1600 ἀπείρηκαν),
3839 1535 3876 1603 ἢ

2281 1616 2597 1680 κατ“ούδὲν,
2649 1616 2683 1687 ἢ
2715 1618 2836 1671 καθ’
2875 1617 2902 1671 ὃ
2941 1618 3071 1680 Θεὸς
3109 1620 3290 1688 μόνον,
3324 1621 3356 1691 ἢ
3391 1622 3510 1674 καθ’
3555 1621 3585 1674 δ
3633 1622 3878 1691 ἄνθρω-

2283 1720 2380 1766 πος
2418 1705 2597 1774 μόνον,
2629 1705 2661 1775 ἢ
2692 1705 2812 1757 καθ’
2848 1708 2876 1759 ὃ
2910 1723 2966 1758 τε
2998 1705 3128 1769 Θεὸς
3165 1708 3325 1775 φύσις
3355 1712 3497 1774 ἐστὶ,
3529 1711 3619 1762 καὶ
3670 1711 3808 1800 καθ’
3845 1713 3877 1763 ὃ

2281 1795 2565 1863 ἄνθρωπος
2596 1796 2755 1849 πάλιν
2774 1797 2931 1864 φύσις
2952 1799 3092 1862 ἐστὶ,
3119 1799 3147 1851 ὁ
3173 1799 3334 1862 αὐτὸς
3364 1801 3460 1868 μὲν
3492 1795 3571 1862 εἷς
3595 1795 3876 1870 Χριστδς,

2283 1886 2396 1940 ἀλλ’
2427 1887 2590 1956 ofL-(“ﬁ
2621 1888 2760 1956 αὐτὴ
2794 1888 2957 1955 φύσις
2986 1891 3043 1942 ὲν
3075 1889 3288 1960 θεότητι
3332 1892 3428 1943 καὶ
3467 1891 3875 1961 ἀνθρωπότητι

2285 1970 2425 2028 εἶναι
2456 1975 2768 2046 νοούμενος.
2804 1978 2864 2030 El
2917 1979 2973 2031 δὲ
3027 1979 3233 2032 εἴποιεν
3283 1980 3460 2034 καθ’ὃ
3518 1981 3644 2042 Υἱὸς
3692 1980 3879 2047 φύσις

2284 2069 2454 2134 ἐστὶν,
2489 2062 2568 2130 εἷς
2588 2064 2688 2122 οὖν
2721 2069 2845 2132 Υἱὸς
2876 2072 2970 2122 καὶ
2997 2071 3096 2140 μία
3131 2071 3311 2140 φύσις,
3332 2074 3438 2143 ἄρα
3460 2067 3554 2124 οὖν
3569 2072 3643 2141 μὴ
3656 2074 3876 2125 ταυτὸν

2286 2160 2471 2229 Πατὴρ
2506 2160 2621 2231 Υίῷ
2643 2161 2861 2230 ἀριθμῷ
2891 2163 2931 2232 ἢ.
2953 2164 3130 2231 Λόγῳ,
3160 2164 3282 2216 οὐδὲ
3309 2165 3503 2217 ταυτὸν
3534 2154 3601 2234 τῇ
3635 2162 3809 2230 φύσει
3846 2169 3886 2217 ό

2287 2252 2473 2322 Πατὴρ
2497 2252 2574 2320 τῷ
2601 2253 2732 2323 Υίῷ,
2760 2253 2882 2306 οὔτε
2916 2255 3132 2324 ἀριθμῷ
3173 2255 3296 2308 οὔτε
3318 2257 3475 2325 Λόγῳ
3514 2256 3755 2325 φυσικῷ,
3789 2257 3880 2319 ὡς

2288 2342 2504 2411 ’Λρειος
2533 2342 2798 2414 βούλεται.
2849 2344 2910 2395 Εἰ
2939 2343 2995 2396 δὲ
3024 2345 3187 2396 πάλιν
3213 2345 3436 2407 εἴποιεν,
3469 2346 3590 2397 καθ’
3620 2345 3647 2396 ὃ
3675 2345 3876 2414 1:963-

2283 2448 2431 2488 ωπον
2487 2433 2582 2485 καὶ
2627 2435 2788 2499 φύσις
2836 2434 2971 2498 ἐστὶ,
3008 2435 3075 2486 τὰ
3108 2435 3246 2487 αὐτὰ
3283 2435 3445 2487 πάλιν
3479 2436 3876 2508 ὐπαντῆσεται

2285 2523 2493 2585 αὐτοῖς·
2522 2523 2627 2591 ἄρα
2669 2524 2776 2591 γὰρ
2805 2525 2925 2575 ἐπεὶ
2962 2523 3149 2593 ἕτερον
3181 2525 3473 2592 πρόσωπον
3511 2523 3605 2576 τοῦ
3636 2525 3877 2593 [ἰατρὸς

2286 2614 2501 2667 καὶτοῦ
2555 2614 2712 2681 ἁγίου
2767 2615 3106 2685 Πνεύματος,
3161 2617 3255 2673 καὶ
3298 2617 3464 2686 ἑτέρα
3512 2616 3702 2686 φύσις·
3739 2617 3876 2669 ἀλλ’

2286 2707 2411 2759 ἐπεὶ
2456 2707 2549 2759 καὶ
2587 2707 2841 2777 διάφορον
2885 2707 3178 2776 πρόσωπον
3209 2708 3418 2777 Πέτρου
3451 2710 3587 2777 πρὸς
3618 2709 3875 2774 Παῦλον,

2288 2799 2382 2850 καὶ
2411 2797 2668 2866 διάφορος
2692 2799 2725 2866 ἡ
2767 2797 2946 2866 φύσις,
2991 2798 3025 2850 ἆ
3047 2799 3162 2850 ἐστι
3199 2801 3447 2869 προφανῆ
3480 2801 3675 2853 ἄτοπα.

2357 2885 2465 2951 λς’.
2510 2887 2570 2938 Εἰ
2603 2888 2702 2955 μία
2731 2886 2984 2949 σύνθετος
3017 2888 3177 2956 φύσις
3220 2887 3311 2942 τοῦ
3347 2890 3606 2959 Χριστοῦ,
3650 2891 3750 2958 μία
3811 2893 3877 2945 δὲ

2287 2976 2432 3047 ἁπλῆ
2458 2977 2616 3045 φύσις
2633 2977 2726 3029 τοῦ
2753 2979 2988 3048 Πατρὺς,
3023 2979 3140 3042 πῶς
3167 2981 3243 3049 τῷ
3268 2981 3442 3051 Πατρὶ
3462 2984 3489 3033 ὁ
3513 2982 3636 3045 Υίὸς
3665 2984 3881 3051 ὁμοσύ-

2288 3084 2438 3132 σιος;
2471 3069 2532 3120 οὐ
2562 3069 2669 3137 γὰρ
2702 3068 2897 3121 ταυτὸν
2935 3069 3013 3138 τῷ
3043 3070 3199 3140 ἀπλῷ
3243 3071 3304 3122 τὸ
3353 3071 3610 3125 σύνθετον
3635 3088 3648 3101 °
3678 3072 3710 3142 ἢ
3766 3074 3880 3128 οὖν

2287 3159 2347 3211 ού
2381 3160 2509 3227 μίαν
2534 3158 2628 3211 τοῦ
2659 3158 2920 3228 Χριστοῦ,
2950 3160 2980 3228 ἢ
3009 3161 3108 3230 οὐχ
3137 3161 3424 3230 όμοούσιον
3450 3163 3528 3232 τῷ
3554 3164 3730 3232 Πατρὶ
3763 3165 3879 3235 τὴν

2284 3247 2443 3315 φύσιν
2491 3248 2792 3312 δοξάζουσι.
2825 3249 2887 3302 El
2943 3251 3000 3301 δὲ
3039 3253 3102 3302 ἐκ
3141 3252 3342 3322 μέρους
3373 3253 3542 3322 αὐτὴν
3571 3254 3878 3322 όμοούσιον

2282 3339 2498 3405 λέγουσι
2523 3339 2600 3408 τῷ
2628 3340 2826 3411 Πατρὶ,
2861 3343 3095 3394 ἴστωσαν
3139 3345 3244 3408 ὅτι,
3286 3343 3358 3406 ὼς
3396 3344 3878 3414 προείρηται,ούκ

2283 3432 2346 3482 ἐκ
2364 3431 2565 3500 μέρους
2587 3449 2670 3494 τις
2703 3432 2868 3502 φύσις
2891 3434 3059 3503 ἤγουν
3086 3435 3243 3486 οὐσία
3273 3434 3494 3502 λέγεταί
3524 3452 3630 3488 τινι
3660 3436 3879 3505 ὁμοσύ-

2283 3539 2395 3584 σιος
2421 3540 2434 3554 ο
2471 3524 2642 3586 οὕτως
2685 3524 2794 3594 γὰρ
2826 3524 2891 3577 ἂν
2922 3527 3016 3576 καὶ
3059 3526 3348 3594 ἄνθρωπος
3376 3526 3452 3597 τῷ
3487 3543 3544 3578 τε
3592 3521 3726 3596 λίθῳ
3751 3517 3879 3580 ’καὶ

2282 3612 2404 3664 κυνὶ
2425 3612 2520 3664 καὶ
2557 3613 2776 3683 ἀγγέλῳ
2803 3614 3088 3683 ὀμοοῡσιος
3117 3614 3349 3682 λέγοιτο.

2353 3800 2449 3860 λζ’.
2506 3800 2567 3851 'H
2605 3799 2702 3868 μία
2737 3798 2899 3870 φύσις
2933 3797 3028 3851 τοῦ
3068 3799 3203 3852 Θεοῦ
3243 3800 3416 3866 Λόγου
3464 3805 3875 3876 σεσαρκωμένη

2283 3889 2536 3959 διαφέρει
2564 3889 2664 3958 τῆς
2701 3890 2830 3956 μιᾶς
2862 3888 2958 3941 τοῦ
2990 3888 3126 3940 Θεοῦ
3165 3890 3379 3960 Πατρδς
3405 3890 3617 3958 φύσεως
3651 3890 3750 3961 τῆς
3790 3896 3878 3961 μὴ

2285 3976 2777 4049 σεσαρκωμένης,ῆ
2809 3978 3511 4049 οὐχίςἋνακρινέσθωσαν.
3543 3982 3608 4033 El
3638 3982 3737 4050 μὲν
3767 3981 3880 4037 οὖν

2285 4087 2417 4138 φασι
2461 4069 2761 4139 διαφέρειν,
2813 4071 2912 4138 οὐχ
2965 4070 3251 4138 ὁμοούσιος
3306 4070 3522 4140 ἀληθῶς
3575 4071 3727 4125 ἐσται
3786 4077 3878 4143 τῷ

2284 4161 2460 4229 Πατρὶ
2514 4159 2638 4221 Υίὸς
2678 4159 2955 4228 διαφέρων
2995 4159 3164 4213 αὑτοῦ
3225 4161 3365 4213 κατὰ
3401 4161 3612 4228 ιφύσιν·
3645 4161 3745 4213 οὐκ
3802 4165 3878 4218 ἐκ

2287 4253 2490 4323 μέρους
2515 4253 2625 4320 γάρ
2653 4253 2799 4304 ἐστιν
2831 4253 3003 4303 εἰπεῖν
3031 4252 3210 4304 αὐτῶν
3243 4252 3304 4303 τὸ
3329 4251 3646 4318 ὁμοούσιονθ
3680 4269 3878 4308 παντα

2284 4345 2392 4414 γὰρ
2440 4345 2509 4398 τὰ
2547 4343 2748 4413 κυρίως
2773 4343 3058 4412 ρμοούσια.
3089 4346 3150 4395 ἐκ
3178 4343 3270 4396 τοῦ
3293 4343 3416 4396 ὅλου
3437 4344 3620 4397 αὐτῶν
3643 4344 3878 4414 ὁρῶμεν

2285 4435 2534 4504 ἀλλήλοις
2564 4434 2857 4504 όμοούσια·
2891 4435 2939 4484 εί
2972 4417 3029 4484 δὲ
3064 4433 3140 4502 μὴ
3170 4433 3455 4502 διαφέρειν
3482 4433 3721 4503 ἐροῦσιν,
3751 4434 3876 4505 ἄρα

605 4539 760 4595 cunt,
808 4547 940 4602 ergo
983 4540 1039 4585 et
1077 4532 1174 4586 Dei
1229 4533 1407 4586 Patris
1443 4535 1604 4589 unica
1651 4543 1847 4589 natura
1880 4537 2180 4598 incarnata,

2290 4528 2389 4595 καί
2427 4529 2459 4594 ἡ
2503 4525 2598 4578 τοῦ
2650 4524 2784 4578 Θεοῦ
2835 4524 3048 4595 Πατρὸς
3096 4526 3194 4594 μία
3230 4526 3393 4593 φύσις
3429 4527 3870 4598 σεσαρκιῦμένη,

609 4621 865 4676 similiter
893 4630 950 4675 et
1001 4623 1176 4677 sancti
1210 4621 1469 4692 Spiritus.

679 4713 767 4767 58.
809 4711 1003 4768 Adhuc
1049 4729 1174 4768 cum
1219 4715 1335 4770 sive
1375 4731 1442 4768 ex
1477 4716 1848 4770 subsistentiis
1877 4716 2182 4786 composita

608 4801 988 4867 subsistentia,
1032 4807 1309 4858 exercitus
1352 4805 1494 4860 forte
1540 4817 1635 4860 aut
1682 4807 1899 4870 domus,
1947 4809 2061 4861 sive
2117 4822 2181 4861 ex

611 4891 822 4946 naturis
867 4892 1168 4961 composita
1211 4901 1428 4957 natura,
1464 4903 1520 4949 et
1551 4911 1616 4948 ex
1662 4896 1988 4963 corporibus
2037 4911 2181 4949 com-

611 4981 853 5051 positum
877 4999 1100 5053 corpus,
1127 4992 1182 5037 et
1216 5000 1375 5038 omne
1398 4985 1721 5054 simpliciter
1740 5002 1804 5040 ex
1849 4987 2187 5054 quibuslibet

608 5074 999 5142 compositum,
1051 5075 1182 5128 licet
1234 5075 1485 5129 similiter
1532 5076 1714 5128 omnia
1774 5077 1889 5130 haac
1931 5076 2186 5130 dicantur

609 5163 938 5228 substantia,
964 5173 1059 5217 aut
1086 5173 1282 5218 natura
1313 5179 1604 5234 corpusve,
1637 5165 1730 5221 sed
1789 5176 1885 5219 aut
1912 5167 2068 5234 pejus
2094 5175 2186 5220 aut

611 5254 807 5309 melius
854 5271 1015 5324 quam
1062 5255 1236 5326 ipsius
1287 5266 1473 5325 partes
1506 5256 1762 5311 videntur
1806 5265 1862 5310 et
1906 5257 2185 5311 dicuntur.

611 5342 763 5396 Licet
804 5343 1043 5397 Verbum
1097 5354 1295 5398 natura
1348 5353 1403 5399 et
1441 5345 1695 5399 Christus
1746 5355 1938 5399 natura
1986 5346 2191 5415 promi.

609 5448 741 5486 scue
787 5435 1130 5489 considerari
1166 5435 1232 5488 ad
1276 5435 1513 5490 Verbum
1557 5437 1752 5504 possit,
1804 5433 2016 5491 scilicet
2047 5438 2191 5491 sicut

614 5531 786 5577 totum
823 5523 889 5577 ad
911 5535 1142 5593 partem,
1201 5526 1397 5596 inquo
1442 5542 1596 5596 ergo,
1644 5528 1842 5596 inquit,
1893 5528 2045 5597 pejor
2100 5538 2194 5581 aut

613 5614 806 5668 melior
849 5625 933 5670 est
982 5616 1236 5672 Christus
1291 5635 1454 5688 quam
1503 5620 1785 5673 Verbum?

681 5705 770 5759 '59.
822 5707 965 5761 Dicit
1013 5709 1306 5776 Apostolus
1347 5729 1358 5762 :
1399 5730 1415 5759 ι
1449 5710 1762 5765 Secundum
1811 5711 2190 5780 operationem

619 5796 873 5867 potentiae
907 5799 1124 5853 virtutis
1158 5801 1428 5869 Dciquum
1462 5812 1722 5870 operatus
1756 5811 1837 5855 cst
1863 5802 1912 5854 in
1949 5801 2194 5864 Christo,

2283 4619 2482 4689 ὁμοίως
2509 4619 2565 4670 δὲ
2595 4618 2690 4670 καὶ
2718 4618 2750 4685 ἡ
2777 4616 2868 4669 τοῦ
2898 4615 3055 4683 ἁγίου
3098 4616 3438 4687 Πνεύματος.

2354 4710 2457 4780 λη’.
2504 4711 2625 4764 Ἔτι
2655 4709 2778 4763 ἐπεὶ
2806 4709 2928 4777 ἦτε
2958 4708 3018 4774 ἐξ
3049 4709 3404 4762 ύποστάσεων
3444 4707 3698 4773 σύνθετος
3726 4710 3841 4763 ὑπό

2287 4819 2498 4864 στασις,
2526 4798 2760 4870 στρατοῦ
2789 4798 2951 4867 τυχὸν
2981 4799 3012 4865 ἢ
3038 4799 3216 4861 οἴκου,
3245 4800 3280 4867 ἦ
3315 4817 3371 4851 τε
3399 4801 3462 4851 ὲκ
3490 4799 3706 4868 φύσεων
3734 4802 3872 4852 σύν.

2285 4893 2439 4954 θετος
2476 4890 2658 4960 φύσις,
2693 4889 2756 4942 τό
2783 4907 2839 4942 τε
2873 4892 2936 4942 ἐκ
2967 4890 3238 4956 σωμάτων
3268 4891 3522 4944 σύνθετον
3556 4887 3738 4961 σῶμα,
3769 4897 3871 4944 καῖ

2286 4985 2394 5036 πᾶν
2424 4983 2611 5045 ἁπλῶς
2640 4982 2700 5034 τὸ
2741 4981 2804 5035 ἐκ
2834 5001 2997 5037 τινων
3041 4983 3422 5052 συγκείμενον,
3460 4987 3507 5036 εί
3537 4984 3632 5037 καὶ
3662 4984 3879 5052 ὁμοίως

2287 5075 2470 5136 αὐτοῖς
2523 5075 2735 5141 λέγοιτο
2779 5074 3100 5140 ὑπόστασις,
3139 5075 3170 5145 ἢ
3208 5058 3394 5140 φύσις,
3445 5075 3477 5145 ἦ
3526 5075 3707 5146 σῶμα,
3749 5071 3877 5130 ἀλλ’

2287 5165 2320 5232 ἢ
2360 5165 2544 5233 χεῖρον
2587 5164 2620 5234 ἢ
2667 5167 2913 5233 κρεῖττον
2957 5165 3065 5216 τῶν
3101 5165 3296 5218 ἑαυτοῦ
3330 5167 3513 5237 μερῶν
3551 5169 3746 5238 ὁρᾶται
3773 5173 3879 5222 καὶ

2289 5255 2542 5323 λέγεται·
2581 5257 2630 5308 ει
2665 5257 2758 5308 καὶ
2788 5259 2815 5309 ό
2845 5257 3016 5325 Λόγος
3051 5256 3210 5322 φύσις
3237 5260 3328 5309 καὶ
3363 5259 3391 5309 ό
3431 5259 3666 5328 Χριστὸς
3705 5259 3878 5326 φύσις

2294 5348 2681 5418 συγκρίνεσθαι
2712 5349 2845 5416 πρὸς
2873 5348 2964 5400 τὸν
2996 5348 3172 5415 Λόγον
3198 5348 3474 5418 δυναμένη
3498 5350 3669 5412 ἐστὶν,
3698 5351 3877 5418 ἧγουν

2294 5439 2367 5499 ὡς
2398 5437 2518 5492 ὅλον
2545 5438 2680 5509 πρὸς
2718 5438 2777 5490 τὸ
2805 5439 2934 5490 ἴδιον
2970 5439 3152 5507 μέρος,
3179 5443 3230 5489 τε
3257 5438 3386 5508 ἄρα,
3421 5441 3580 5510 φησι,
3609 5441 3806 5509 χείρων
3840 5443 3875 5510 ἢ

2296 5531 2558 5600 κρείττων
2589 5531 2704 5582 ἐστὶ
2722 5529 2815 5582 τοῦ
2855 5529 3028 5597 Λόγου
3067 5532 3093 5584 ὁ
3127 5530 3392 5600 Χριστόςς

2370 5709 2466 5765 λθ’.
2487 5710 2542 5763 ’0
2561 5709 2880 5771 ’Λπὸστολος
2908 5708 3039 5776 φησί
3070 5722 3082 5736 ο
3115 5709 3301 5761 «Κατὰ
3324 5708 3418 5777 τὴν
3451 5709 3735 5776 ἐνέργειαν
3763 5706 3862 5758 τοῦ

2305 5806 2534 5874 κράτους
2578 5803 2676 5873 τῆς
2727 5802 2906 5869 ἰσχύος
2959 5799 3050 5851 τοῦ
3080 5799 3323 5876 Geo-Spfw
3359 5801 3658 5868 ἐνήργησεν
3703 5798 3761 5848 ὲν
3796 5797 3880 5866 τῷ
