  <div class='ocr_page' id='page_1' title='image "/cluster/home/n/w/nwhite01/storage/ocr_20150623/88 pt.2/uva.x004575615/036.png"; bbox 0 0 4102 6490; ppageno 0'>
   <div class='ocr_carea' id='block_1_1' title="bbox 206 423 3445 501">
    <p class='ocr_par' dir='ltr' id='par_1_1' title="bbox 206 423 3445 501">
     <span class='ocr_line' id='line_1_1' title="bbox 206 423 3445 501; baseline -0.005 -3"><span class='ocrx_word' id='word_1_1' title='bbox 206 439 308 501; x_wconf 74' lang='grc'><strong>1793</strong></span> <span class='ocrx_word' id='word_1_2' title='bbox 1304 433 1597 494; x_wconf 77' lang='lat' dir='ltr'><strong>CONTRA</strong></span> <span class='ocrx_word' id='word_1_3' title='bbox 1639 429 2247 497; x_wconf 71' lang='lat' dir='ltr'><strong>MONOPHYSITAS.</strong></span> <span class='ocrx_word' id='word_1_4' title='bbox 3311 423 3445 487; x_wconf 62' lang='lat' dir='ltr'><strong>179i</strong></span> 
     </span>
    </p>
   </div>
   <div class='ocr_carea' id='block_1_2' title="bbox 201 538 1821 618">
    <p class='ocr_par' dir='ltr' id='par_1_2' title="bbox 201 542 1821 618">
     <span class='ocr_line' id='line_1_2' title="bbox 201 542 1821 618; baseline -0.002 -20"><span class='ocrx_word' id='word_1_5' title='bbox 201 546 402 617; x_wconf 76' lang='grc' dir='ltr'>Χριστῷ,</span> <span class='ocrx_word' id='word_1_6' title='bbox 433 547 655 615; x_wconf 65' lang='grc' dir='ltr'>ἐγείρας</span> <span class='ocrx_word' id='word_1_7' title='bbox 687 545 934 614; x_wconf 63' lang='grc' dir='ltr'>αὺτὸνὶκ</span> <span class='ocrx_word' id='word_1_8' title='bbox 957 545 1219 618; x_wconf 21' lang='grc' dir='ltr'>νεκρῶνοηι</span> <span class='ocrx_word' id='word_1_9' title='bbox 1251 542 1390 613; x_wconf 72' lang='grc' dir='ltr'>αὓτη</span> <span class='ocrx_word' id='word_1_10' title='bbox 1414 550 1522 613; x_wconf 81' lang='grc' dir='ltr'><strong>γάρ</strong></span> <span class='ocrx_word' id='word_1_11' title='bbox 1545 545 1579 610; x_wconf 85' lang='grc' dir='ltr'>ἠ</span> <span class='ocrx_word' id='word_1_12' title='bbox 1606 545 1762 612; x_wconf 55' lang='lat' dir='ltr'><strong>svsp-</strong></span> <span class='ocrx_word' id='word_1_13' title='bbox 1793 553 1821 605; x_wconf 64' lang='grc' dir='ltr'>,Δ</span> 
     </span>
    </p>
   </div>
   <div class='ocr_carea' id='block_1_3' title="bbox 1827 538 3447 618">
    <p class='ocr_par' dir='ltr' id='par_1_3' title="bbox 1827 538 3447 608">
     <span class='ocr_line' id='line_1_3' title="bbox 1827 538 3447 608; baseline -0.004 -11"><span class='ocrx_word' id='word_1_14' title='bbox 1827 574 1838 604; x_wconf 63' lang='grc' dir='ltr'><strong>ι</strong></span> <span class='ocrx_word' id='word_1_15' title='bbox 1869 554 2141 597; x_wconf 74' lang='lat' dir='ltr'><strong>suseitans</strong></span> <span class='ocrx_word' id='word_1_16' title='bbox 2179 542 2331 595; x_wconf 87' lang='lat' dir='ltr'><strong>illum</strong></span> <span class='ocrx_word' id='word_1_17' title='bbox 2359 556 2388 594; x_wconf 87' lang='lat' dir='ltr'><strong>a</strong></span> <span class='ocrx_word' id='word_1_18' title='bbox 2429 541 2662 594; x_wconf 86' lang='lat' dir='ltr'><strong>mortuis</strong></span> <span class='ocrx_word' id='word_1_19' title='bbox 2689 541 2708 569; x_wconf 83' lang='lat'>&#39;</span> <span class='ocrx_word' id='word_1_20' title='bbox 2752 555 2765 605; x_wconf 90' lang='lat'><strong>;</strong></span> <span class='ocrx_word' id='word_1_21' title='bbox 2803 557 2819 591; x_wconf 78' lang='grc' dir='ltr'><strong>ι</strong></span> <span class='ocrx_word' id='word_1_22' title='bbox 2856 538 2978 594; x_wconf 68' lang='lat' dir='ltr'><strong>haec</strong></span> <span class='ocrx_word' id='word_1_23' title='bbox 3008 547 3244 608; x_wconf 77' lang='lat' dir='ltr'><strong>Operam</strong></span> <span class='ocrx_word' id='word_1_24' title='bbox 3269 546 3447 591; x_wconf 75' lang='lat' dir='ltr'><strong>Virtus</strong></span> 
     </span>
    </p>
   </div>
   <div class='ocr_carea' id='block_1_4' title="bbox 202 619 1822 706">
    <p class='ocr_par' dir='ltr' id='par_1_4' title="bbox 202 619 1756 706">
     <span class='ocr_line' id='line_1_4' title="bbox 202 619 1756 706; baseline -0.001 -20"><span class='ocrx_word' id='word_1_25' title='bbox 202 636 341 702; x_wconf 77' lang='grc' dir='ltr'>γοῦσα</span> <span class='ocrx_word' id='word_1_26' title='bbox 385 638 560 705; x_wconf 71' lang='grc' dir='ltr'>ἰσχὺς,</span> <span class='ocrx_word' id='word_1_27' title='bbox 607 637 775 705; x_wconf 81' lang='grc' dir='ltr'><strong>φύσις</strong></span> <span class='ocrx_word' id='word_1_28' title='bbox 805 630 896 706; x_wconf 76' lang='grc' dir='ltr'>ἦν,</span> <span class='ocrx_word' id='word_1_29' title='bbox 928 635 962 704; x_wconf 76' lang='grc' dir='ltr'>ἢ</span> <span class='ocrx_word' id='word_1_30' title='bbox 987 635 1107 705; x_wconf 82' lang='grc' dir='ltr'>οὐχί</span> <span class='ocrx_word' id='word_1_31' title='bbox 1137 651 1152 700; x_wconf 85' lang='grc'><strong>;</strong></span> <span class='ocrx_word' id='word_1_32' title='bbox 1194 634 1258 686; x_wconf 77' lang='lat' dir='ltr'><strong>El</strong></span> <span class='ocrx_word' id='word_1_33' title='bbox 1290 633 1346 685; x_wconf 77' lang='grc' dir='ltr'>δὲ</span> <span class='ocrx_word' id='word_1_34' title='bbox 1364 633 1532 702; x_wconf 60' lang='grc' dir='ltr'>ἄμφω</span> <span class='ocrx_word' id='word_1_35' title='bbox 1567 619 1756 703; x_wconf 76' lang='grc' dir='ltr'>μίαῆν</span> 
     </span>
    </p>
   </div>
   <div class='ocr_carea' id='block_1_5' title="bbox 1829 619 3449 706">
    <p class='ocr_par' dir='ltr' id='par_1_5' title="bbox 1862 627 3449 693">
     <span class='ocr_line' id='line_1_5' title="bbox 1862 627 3449 693; baseline -0.004 -7"><span class='ocrx_word' id='word_1_36' title='bbox 1862 643 2058 687; x_wconf 80' lang='lat' dir='ltr'><strong>natura</strong></span> <span class='ocrx_word' id='word_1_37' title='bbox 2100 637 2220 685; x_wconf 91' lang='lat' dir='ltr'><strong>erat</strong></span> <span class='ocrx_word' id='word_1_38' title='bbox 2255 637 2349 683; x_wconf 83' lang='lat' dir='ltr'><strong>aut</strong></span> <span class='ocrx_word' id='word_1_39' title='bbox 2388 630 2541 683; x_wconf 87' lang='lat' dir='ltr'><strong>non?</strong></span> <span class='ocrx_word' id='word_1_40' title='bbox 2575 627 2629 683; x_wconf 98' lang='lat' dir='ltr'><strong>Si</strong></span> <span class='ocrx_word' id='word_1_41' title='bbox 2655 643 2786 683; x_wconf 87' lang='lat' dir='ltr'><strong>vero</strong></span> <span class='ocrx_word' id='word_1_42' title='bbox 2819 627 2984 682; x_wconf 86' lang='lat' dir='ltr'><strong>ambo</strong></span> <span class='ocrx_word' id='word_1_43' title='bbox 3019 642 3128 693; x_wconf 79' lang='lat' dir='ltr'><strong>una</strong></span> <span class='ocrx_word' id='word_1_44' title='bbox 3167 634 3326 681; x_wconf 86' lang='lat' dir='ltr'><strong>erant</strong></span> <span class='ocrx_word' id='word_1_45' title='bbox 3353 642 3449 681; x_wconf 88' lang='lat' dir='ltr'><strong>na-</strong></span> 
     </span>
    </p>
   </div>
   <div class='ocr_carea' id='block_1_6' title="bbox 204 707 1824 795">
    <p class='ocr_par' dir='ltr' id='par_1_6' title="bbox 204 721 1758 795">
     <span class='ocr_line' id='line_1_6' title="bbox 204 721 1758 795; baseline -0.002 -19"><span class='ocrx_word' id='word_1_46' title='bbox 204 725 333 790; x_wconf 65' lang='grc' dir='ltr'>ιρύσις</span> <span class='ocrx_word' id='word_1_47' title='bbox 374 723 510 794; x_wconf 78' lang='grc' dir='ltr'>αὐτὴ</span> <span class='ocrx_word' id='word_1_48' title='bbox 563 725 598 795; x_wconf 74' lang='grc' dir='ltr'>ἡ</span> <span class='ocrx_word' id='word_1_49' title='bbox 650 723 959 794; x_wconf 77' lang='grc' dir='ltr'>ὲνεργοῦσα</span> <span class='ocrx_word' id='word_1_50' title='bbox 994 721 1179 775; x_wconf 79' lang='grc' dir='ltr'>καὶτὸ</span> <span class='ocrx_word' id='word_1_51' title='bbox 1226 722 1628 792; x_wconf 75' lang='grc' dir='ltr'>ὲνεργούμενον</span> <span class='ocrx_word' id='word_1_52' title='bbox 1659 723 1758 792; x_wconf 70' lang='grc' dir='ltr'>τὴν</span> 
     </span>
    </p>
   </div>
   <div class='ocr_carea' id='block_1_7' title="bbox 1830 707 3450 795">
    <p class='ocr_par' dir='ltr' id='par_1_7' title="bbox 1864 707 3450 790">
     <span class='ocr_line' id='line_1_7' title="bbox 1864 707 3450 790; baseline -0.004 -12"><span class='ocrx_word' id='word_1_53' title='bbox 1864 735 1984 786; x_wconf 66' lang='lat' dir='ltr'><strong>tura</strong></span> <span class='ocrx_word' id='word_1_54' title='bbox 2003 756 2023 788; x_wconf 63' lang='grc' dir='ltr'>η,</span> <span class='ocrx_word' id='word_1_55' title='bbox 2052 721 2290 790; x_wconf 81' lang='lat' dir='ltr'><strong>operaus&#39;</strong></span> <span class='ocrx_word' id='word_1_56' title='bbox 2324 728 2380 774; x_wconf 89' lang='lat' dir='ltr'><strong>et</strong></span> <span class='ocrx_word' id='word_1_57' title='bbox 2409 707 2794 789; x_wconf 73' lang='lat' dir='ltr'><strong>operationem</strong></span> <span class='ocrx_word' id='word_1_58' title='bbox 2828 720 3046 789; x_wconf 84' lang='lat' dir='ltr'><strong>patiens</strong></span> <span class='ocrx_word' id='word_1_59' title='bbox 3071 721 3450 774; x_wconf 77' lang='lat' dir='ltr'><strong>resurrectio-</strong></span> 
     </span>
    </p>
   </div>
   <div class='ocr_carea' id='block_1_8' title="bbox 202 809 1822 887">
    <p class='ocr_par' dir='ltr' id='par_1_8' title="bbox 202 811 1760 887">
     <span class='ocr_line' id='line_1_8' title="bbox 202 811 1760 887; baseline -0.002 -20"><span class='ocrx_word' id='word_1_60' title='bbox 202 815 487 887; x_wconf 73' lang='grc' dir='ltr'>ἀνάστασιν,</span> <span class='ocrx_word' id='word_1_61' title='bbox 522 815 609 877; x_wconf 80' lang='grc' dir='ltr'><strong>τίς</strong></span> <span class='ocrx_word' id='word_1_62' title='bbox 646 815 682 883; x_wconf 74' lang='grc' dir='ltr'><strong>ἡ</strong></span> <span class='ocrx_word' id='word_1_63' title='bbox 729 811 1108 883; x_wconf 64' lang='grc' dir='ltr'>ἐνεργουμένη</span> <span class='ocrx_word' id='word_1_64' title='bbox 1137 814 1230 865; x_wconf 76' lang='grc' dir='ltr'>καὶ</span> <span class='ocrx_word' id='word_1_65' title='bbox 1266 814 1347 873; x_wconf 75' lang='grc' dir='ltr'><strong>τίς</strong></span> <span class='ocrx_word' id='word_1_66' title='bbox 1395 814 1431 881; x_wconf 76' lang='grc' dir='ltr'>ἡ</span> <span class='ocrx_word' id='word_1_67' title='bbox 1458 812 1760 882; x_wconf 80' lang='grc' dir='ltr'>ὲνεργοῦσα</span> 
     </span>
    </p>
   </div>
   <div class='ocr_carea' id='block_1_9' title="bbox 1874 809 3494 887">
    <p class='ocr_par' dir='ltr' id='par_1_9' title="bbox 1874 809 3494 882">
     <span class='ocr_line' id='line_1_9' title="bbox 1874 809 3494 882; baseline -0.002 -16"><span class='ocrx_word' id='word_1_68' title='bbox 1874 829 2011 878; x_wconf 77' lang='lat' dir='ltr'><strong>nem,</strong></span> <span class='ocrx_word' id='word_1_69' title='bbox 2058 828 2179 882; x_wconf 73' lang='lat' dir='ltr'><strong>qua:</strong></span> <span class='ocrx_word' id='word_1_70' title='bbox 2209 813 2445 881; x_wconf 90' lang='lat' dir='ltr'><strong>patiens,</strong></span> <span class='ocrx_word' id='word_1_71' title='bbox 2495 821 2552 866; x_wconf 90' lang='lat' dir='ltr'><strong>et</strong></span> <span class='ocrx_word' id='word_1_72' title='bbox 2608 827 2731 881; x_wconf 67' lang='lat' dir='ltr'><strong>qua:</strong></span> <span class='ocrx_word' id='word_1_73' title='bbox 2779 818 3128 880; x_wconf 70' lang='lat' dir='ltr'><strong>operanset</strong></span> <span class='ocrx_word' id='word_1_74' title='bbox 3177 809 3453 864; x_wconf 71' lang='lat' dir='ltr'><strong>suscitans</strong></span> <span class='ocrx_word' id='word_1_75' title='bbox 3492 831 3494 834; x_wconf 93' lang='grc'>·</span> 
     </span>
    </p>
   </div>
   <div class='ocr_carea' id='block_1_10' title="bbox 204 889 1824 975">
    <p class='ocr_par' dir='ltr' id='par_1_10' title="bbox 204 889 1760 975">
     <span class='ocr_line' id='line_1_10' title="bbox 204 889 1760 975; baseline 0 -20"><span class='ocrx_word' id='word_1_76' title='bbox 204 904 582 975; x_wconf 74' lang='grc' dir='ltr'>κιὶὲγείρουσα</span> <span class='ocrx_word' id='word_1_77' title='bbox 624 904 797 974; x_wconf 80' lang='grc' dir='ltr'>αὐτὴν</span> <span class='ocrx_word' id='word_1_78' title='bbox 841 903 1043 972; x_wconf 82' lang='grc' dir='ltr'>φύσις;</span> <span class='ocrx_word' id='word_1_79' title='bbox 1091 904 1154 957; x_wconf 80' lang='grc' dir='ltr'>οὐ</span> <span class='ocrx_word' id='word_1_80' title='bbox 1190 903 1302 974; x_wconf 84' lang='grc' dir='ltr'>γὰρ</span> <span class='ocrx_word' id='word_1_81' title='bbox 1338 889 1531 956; x_wconf 75' lang='grc' dir='ltr'>ἑαυτὸν</span> <span class='ocrx_word' id='word_1_82' title='bbox 1574 904 1760 958; x_wconf 80' lang='grc' dir='ltr'>λοιπὸν</span> 
     </span>
    </p>
   </div>
   <div class='ocr_carea' id='block_1_11' title="bbox 1833 889 3453 975">
    <p class='ocr_par' dir='ltr' id='par_1_11' title="bbox 1863 899 3453 970">
     <span class='ocr_line' id='line_1_11' title="bbox 1863 899 3453 970; baseline -0.003 -13"><span class='ocrx_word' id='word_1_83' title='bbox 1863 918 1984 957; x_wconf 87' lang='lat' dir='ltr'><strong>eam</strong></span> <span class='ocrx_word' id='word_1_84' title='bbox 2004 902 2232 956; x_wconf 80' lang='lat' dir='ltr'><strong>natura?</strong></span> <span class='ocrx_word' id='word_1_85' title='bbox 2249 917 2359 955; x_wconf 86' lang='lat' dir='ltr'><strong>non</strong></span> <span class='ocrx_word' id='word_1_86' title='bbox 2374 901 2522 956; x_wconf 85' lang='lat' dir='ltr'><strong>enim</strong></span> <span class='ocrx_word' id='word_1_87' title='bbox 2542 901 2785 970; x_wconf 89' lang='lat' dir='ltr'><strong>seipsum</strong></span> <span class='ocrx_word' id='word_1_88' title='bbox 2802 909 3060 955; x_wconf 69' lang='lat' dir='ltr'><strong>caeterum</strong></span> <span class='ocrx_word' id='word_1_89' title='bbox 3085 899 3453 953; x_wconf 75' lang='lat' dir='ltr'><strong>resurrexisse</strong></span> 
     </span>
    </p>
   </div>
   <div class='ocr_carea' id='block_1_12' title="bbox 209 989 1829 1074">
    <p class='ocr_par' dir='ltr' id='par_1_12' title="bbox 209 991 1757 1074">
     <span class='ocr_line' id='line_1_12' title="bbox 209 991 1757 1074; baseline -0.001 -28"><span class='ocrx_word' id='word_1_90' title='bbox 209 996 534 1064; x_wconf 67' lang='grc' dir='ltr'>ἀνεστηκέναι</span> <span class='ocrx_word' id='word_1_91' title='bbox 590 994 849 1074; x_wconf 59' lang='grc' dir='ltr'><strong>Χριστὸςι</strong></span> <span class='ocrx_word' id='word_1_92' title='bbox 888 994 986 1063; x_wconf 86' lang='grc' dir='ltr'><strong>μία</strong></span> <span class='ocrx_word' id='word_1_93' title='bbox 1027 991 1102 1047; x_wconf 81' lang='grc' dir='ltr'>ὢν</span> <span class='ocrx_word' id='word_1_94' title='bbox 1157 993 1322 1062; x_wconf 81' lang='grc' dir='ltr'>φύσις</span> <span class='ocrx_word' id='word_1_95' title='bbox 1363 992 1757 1064; x_wconf 78' lang='grc' dir='ltr'><strong>δειχθήσεται·</strong></span> 
     </span>
    </p>
   </div>
   <div class='ocr_carea' id='block_1_13' title="bbox 1832 989 3452 1074">
    <p class='ocr_par' dir='ltr' id='par_1_13' title="bbox 1863 989 3452 1056">
     <span class='ocr_line' id='line_1_13' title="bbox 1863 989 3452 1056; baseline -0.003 -8"><span class='ocrx_word' id='word_1_96' title='bbox 1863 994 2120 1049; x_wconf 75' lang='lat' dir='ltr'><strong>Christus</strong></span> <span class='ocrx_word' id='word_1_97' title='bbox 2169 993 2332 1046; x_wconf 77' lang='lat' dir='ltr'><strong>unica</strong></span> <span class='ocrx_word' id='word_1_98' title='bbox 2383 993 2659 1047; x_wconf 76' lang='lat' dir='ltr'><strong>exsistens</strong></span> <span class='ocrx_word' id='word_1_99' title='bbox 2705 1001 2904 1046; x_wconf 87' lang='lat' dir='ltr'><strong>natura</strong></span> <span class='ocrx_word' id='word_1_100' title='bbox 2943 989 3452 1056; x_wconf 63' lang='lat' dir='ltr'><strong>demoiistmbitur.</strong></span> 
     </span>
    </p>
   </div>
   <div class='ocr_carea' id='block_1_14' title="bbox 207 1066 1827 1157">
    <p class='ocr_par' dir='ltr' id='par_1_14' title="bbox 207 1066 1760 1157">
     <span class='ocr_line' id='line_1_14' title="bbox 207 1066 1760 1157; baseline -0.002 -20"><span class='ocrx_word' id='word_1_101' title='bbox 207 1089 335 1157; x_wconf 77' lang='grc' dir='ltr'>εἴπερ</span> <span class='ocrx_word' id='word_1_102' title='bbox 366 1083 457 1140; x_wconf 81' lang='grc' dir='ltr'>οὖν</span> <span class='ocrx_word' id='word_1_103' title='bbox 489 1066 735 1146; x_wconf 72' lang='grc' dir='ltr'>εὐσεϐῶς</span> <span class='ocrx_word' id='word_1_104' title='bbox 757 1066 860 1155; x_wconf 72' lang='grc' dir='ltr'>τὴν</span> <span class='ocrx_word' id='word_1_105' title='bbox 890 1086 1191 1138; x_wconf 81' lang='grc' dir='ltr'><strong>ἀνάστασιν</strong></span> <span class='ocrx_word' id='word_1_106' title='bbox 1232 1082 1400 1136; x_wconf 79' lang='grc' dir='ltr'>αὐτοῦ</span> <span class='ocrx_word' id='word_1_107' title='bbox 1439 1081 1760 1152; x_wconf 61' lang='grc' dir='ltr'>δοξάζομεν,</span> 
     </span>
    </p>
   </div>
   <div class='ocr_carea' id='block_1_15' title="bbox 1837 1066 3457 1157">
    <p class='ocr_par' dir='ltr' id='par_1_15' title="bbox 1864 1069 3457 1150">
     <span class='ocr_line' id='line_1_15' title="bbox 1864 1069 3457 1150; baseline -0.003 -14"><span class='ocrx_word' id='word_1_108' title='bbox 1864 1081 1998 1136; x_wconf 74' lang='grc' dir='ltr'>Ουῑιι</span> <span class='ocrx_word' id='word_1_109' title='bbox 2021 1096 2153 1150; x_wconf 80' lang='lat' dir='ltr'><strong>ergo</strong></span> <span class='ocrx_word' id='word_1_110' title='bbox 2171 1081 2261 1150; x_wconf 91' lang='lat' dir='ltr'><strong>pie</strong></span> <span class='ocrx_word' id='word_1_111' title='bbox 2291 1081 2761 1135; x_wconf 75' lang='lat' dir='ltr'><strong>resurrectionem</strong></span> <span class='ocrx_word' id='word_1_112' title='bbox 2779 1081 2902 1150; x_wconf 83' lang='lat' dir='ltr'><strong>ejus</strong></span> <span class='ocrx_word' id='word_1_113' title='bbox 2916 1079 3271 1143; x_wconf 81' lang='lat' dir='ltr'><strong>conﬁtemur,</strong></span> <span class='ocrx_word' id='word_1_114' title='bbox 3287 1093 3353 1134; x_wconf 86' lang='lat' dir='ltr'><strong>ex</strong></span> <span class='ocrx_word' id='word_1_115' title='bbox 3376 1069 3457 1132; x_wconf 74' lang='lat' dir='ltr'><strong>al-</strong></span> 
     </span>
    </p>
   </div>
   <div class='ocr_carea' id='block_1_16' title="bbox 208 1169 1828 1248">
    <p class='ocr_par' dir='ltr' id='par_1_16' title="bbox 208 1173 1763 1248">
     <span class='ocr_line' id='line_1_16' title="bbox 208 1173 1763 1248; baseline -0.001 -20"><span class='ocrx_word' id='word_1_116' title='bbox 208 1182 251 1243; x_wconf 79' lang='grc' dir='ltr'><strong>ἐξ</strong></span> <span class='ocrx_word' id='word_1_117' title='bbox 278 1178 456 1248; x_wconf 75' lang='grc' dir='ltr'>ἑτέρας</span> <span class='ocrx_word' id='word_1_118' title='bbox 485 1176 654 1230; x_wconf 79' lang='grc' dir='ltr'>αὐτοῦ</span> <span class='ocrx_word' id='word_1_119' title='bbox 704 1174 922 1244; x_wconf 85' lang='grc' dir='ltr'>φύσεως</span> <span class='ocrx_word' id='word_1_120' title='bbox 960 1175 1060 1246; x_wconf 79' lang='grc' dir='ltr'>τὴν</span> <span class='ocrx_word' id='word_1_121' title='bbox 1114 1176 1309 1246; x_wconf 79' lang='grc' dir='ltr'>ἑτέραν</span> <span class='ocrx_word' id='word_1_122' title='bbox 1356 1173 1555 1227; x_wconf 80' lang='grc' dir='ltr'>ἑαυτοῦ</span> <span class='ocrx_word' id='word_1_123' title='bbox 1599 1173 1763 1242; x_wconf 75' lang='grc' dir='ltr'>φύσιν</span> 
     </span>
    </p>
   </div>
   <div class='ocr_carea' id='block_1_17' title="bbox 1838 1169 3458 1248">
    <p class='ocr_par' dir='ltr' id='par_1_17' title="bbox 1869 1169 3458 1242">
     <span class='ocr_line' id='line_1_17' title="bbox 1869 1169 3458 1242; baseline -0.001 -16"><span class='ocrx_word' id='word_1_124' title='bbox 1869 1182 1987 1226; x_wconf 85' lang='lat' dir='ltr'><strong>tera</strong></span> <span class='ocrx_word' id='word_1_125' title='bbox 2008 1173 2131 1242; x_wconf 88' lang='lat' dir='ltr'><strong>ejus</strong></span> <span class='ocrx_word' id='word_1_126' title='bbox 2152 1181 2351 1226; x_wconf 85' lang='lat' dir='ltr'><strong>natura</strong></span> <span class='ocrx_word' id='word_1_127' title='bbox 2369 1171 2598 1226; x_wconf 79' lang='lat' dir='ltr'><strong>alteram</strong></span> <span class='ocrx_word' id='word_1_128' title='bbox 2617 1172 2792 1240; x_wconf 86' lang='lat' dir='ltr'><strong>ipsius</strong></span> <span class='ocrx_word' id='word_1_129' title='bbox 2812 1181 3065 1224; x_wconf 89' lang='lat' dir='ltr'><strong>naturam</strong></span> <span class='ocrx_word' id='word_1_130' title='bbox 3089 1169 3458 1225; x_wconf 77' lang='lat' dir='ltr'><strong>resurrexisse</strong></span> 
     </span>
    </p>
   </div>
   <div class='ocr_carea' id='block_1_18' title="bbox 210 1251 1830 1337">
    <p class='ocr_par' dir='ltr' id='par_1_18' title="bbox 210 1251 1769 1335">
     <span class='ocr_line' id='line_1_18' title="bbox 210 1251 1769 1335; baseline 0 -20"><span class='ocrx_word' id='word_1_131' title='bbox 210 1267 398 1335; x_wconf 70' lang='grc' dir='ltr'>ἀνιστᾷν</span> <span class='ocrx_word' id='word_1_132' title='bbox 441 1265 615 1334; x_wconf 74' lang='grc' dir='ltr'>αὐτὴν</span> <span class='ocrx_word' id='word_1_133' title='bbox 668 1265 909 1335; x_wconf 70' lang='grc' dir='ltr'>Χριστὸν</span> <span class='ocrx_word' id='word_1_134' title='bbox 953 1251 1404 1335; x_wconf 78' lang='grc' dir='ltr'>ὁμολογήσομεν·</span> <span class='ocrx_word' id='word_1_135' title='bbox 1458 1263 1652 1335; x_wconf 83' lang='grc' dir='ltr'>ὥσπερ</span> <span class='ocrx_word' id='word_1_136' title='bbox 1705 1265 1769 1316; x_wconf 78' lang='grc' dir='ltr'>ἐν</span> 
     </span>
    </p>
   </div>
   <div class='ocr_carea' id='block_1_19' title="bbox 1839 1251 3459 1337">
    <p class='ocr_par' dir='ltr' id='par_1_19' title="bbox 1865 1261 3459 1337">
     <span class='ocr_line' id='line_1_19' title="bbox 1865 1261 3459 1337; baseline -0.003 -19"><span class='ocrx_word' id='word_1_137' title='bbox 1865 1263 2148 1318; x_wconf 78' lang='lat' dir='ltr'><strong>Christum</strong></span> <span class='ocrx_word' id='word_1_138' title='bbox 2196 1263 2586 1318; x_wconf 78' lang='lat' dir='ltr'><strong>conﬁtebimur</strong></span> <span class='ocrx_word' id='word_1_139' title='bbox 2617 1279 2630 1314; x_wconf 91' lang='lat'><strong>:</strong></span> <span class='ocrx_word' id='word_1_140' title='bbox 2667 1261 3225 1337; x_wconf 83' lang='lat' dir='ltr'><strong>quemadmodumin</strong></span> <span class='ocrx_word' id='word_1_141' title='bbox 3265 1276 3459 1316; x_wconf 81' lang='lat' dir='ltr'><strong>somno</strong></span> 
     </span>
    </p>
   </div>
   <div class='ocr_carea' id='block_1_20' title="bbox 212 1350 1832 1430">
    <p class='ocr_par' dir='ltr' id='par_1_20' title="bbox 212 1353 1766 1426">
     <span class='ocr_line' id='line_1_20' title="bbox 212 1353 1766 1426; baseline 0.001 -22"><span class='ocrx_word' id='word_1_142' title='bbox 212 1357 369 1417; x_wconf 69' lang='grc' dir='ltr'>ὕπνοις</span> <span class='ocrx_word' id='word_1_143' title='bbox 396 1356 490 1408; x_wconf 72' lang='grc' dir='ltr'>καὶ</span> <span class='ocrx_word' id='word_1_144' title='bbox 516 1354 664 1426; x_wconf 74' lang='grc' dir='ltr'>ψυχὴ</span> <span class='ocrx_word' id='word_1_145' title='bbox 697 1355 862 1425; x_wconf 84' lang='grc' dir='ltr'>σῶμα</span> <span class='ocrx_word' id='word_1_146' title='bbox 883 1356 1239 1426; x_wconf 67' lang='grc' dir='ltr'>ἐγείρειντῆς</span> <span class='ocrx_word' id='word_1_147' title='bbox 1271 1355 1381 1426; x_wconf 82' lang='grc' dir='ltr'><strong>γὰρ</strong></span> <span class='ocrx_word' id='word_1_148' title='bbox 1421 1353 1609 1425; x_wconf 84' lang='grc' dir='ltr'>κλίνης</span> <span class='ocrx_word' id='word_1_149' title='bbox 1633 1353 1766 1408; x_wconf 80' lang='grc' dir='ltr'>αὐτὸ</span> 
     </span>
    </p>
   </div>
   <div class='ocr_carea' id='block_1_21' title="bbox 1837 1350 3457 1430">
    <p class='ocr_par' dir='ltr' id='par_1_21' title="bbox 1867 1350 3457 1430">
     <span class='ocr_line' id='line_1_21' title="bbox 1867 1350 3457 1430; baseline -0.001 -23"><span class='ocrx_word' id='word_1_150' title='bbox 1867 1355 2052 1408; x_wconf 88' lang='lat' dir='ltr'><strong>anima</strong></span> <span class='ocrx_word' id='word_1_151' title='bbox 2071 1369 2272 1430; x_wconf 65' lang='lat' dir='ltr'><strong>corpus</strong></span> <span class='ocrx_word' id='word_1_152' title='bbox 2296 1354 2522 1417; x_wconf 79' lang='lat' dir='ltr'><strong>excitat,</strong></span> <span class='ocrx_word' id='word_1_153' title='bbox 2547 1352 2752 1422; x_wconf 85' lang='lat' dir='ltr'><strong>quippe</strong></span> <span class='ocrx_word' id='word_1_154' title='bbox 2774 1367 2897 1422; x_wconf 60' lang='lat' dir='ltr'><strong>quae</strong></span> <span class='ocrx_word' id='word_1_155' title='bbox 2921 1351 3120 1406; x_wconf 89' lang='lat' dir='ltr'><strong>electo</strong></span> <span class='ocrx_word' id='word_1_156' title='bbox 3149 1350 3285 1406; x_wconf 85' lang='lat' dir='ltr'><strong>illud</strong></span> <span class='ocrx_word' id='word_1_157' title='bbox 3313 1366 3457 1421; x_wconf 68' lang='lat' dir='ltr'><strong>saepe</strong></span> 
     </span>
    </p>
   </div>
   <div class='ocr_carea' id='block_1_22' title="bbox 210 1439 1830 1517">
    <p class='ocr_par' dir='ltr' id='par_1_22' title="bbox 210 1444 1768 1517">
     <span class='ocr_line' id='line_1_22' title="bbox 210 1444 1768 1517; baseline 0.001 -20"><span class='ocrx_word' id='word_1_158' title='bbox 210 1448 480 1517; x_wconf 76' lang='grc' dir='ltr'>ὁιανίστησι</span> <span class='ocrx_word' id='word_1_159' title='bbox 518 1447 785 1511; x_wconf 82' lang='grc' dir='ltr'><strong>πολλάκις</strong></span> <span class='ocrx_word' id='word_1_160' title='bbox 827 1447 907 1500; x_wconf 77' lang='grc' dir='ltr'>’δι’</span> <span class='ocrx_word' id='word_1_161' title='bbox 954 1444 1514 1517; x_wconf 74' lang='grc' dir='ltr'>ἑνθυμήσεως’.οὕτω</span> <span class='ocrx_word' id='word_1_162' title='bbox 1549 1449 1641 1500; x_wconf 79' lang='grc' dir='ltr'>καὶ</span> <span class='ocrx_word' id='word_1_163' title='bbox 1675 1445 1768 1514; x_wconf 80' lang='grc' dir='ltr'><strong>γέ-</strong></span> 
     </span>
    </p>
   </div>
   <div class='ocr_carea' id='block_1_23' title="bbox 1840 1439 3460 1517">
    <p class='ocr_par' dir='ltr' id='par_1_23' title="bbox 1868 1439 3460 1514">
     <span class='ocr_line' id='line_1_23' title="bbox 1868 1439 3460 1514; baseline -0.003 -17"><span class='ocrx_word' id='word_1_164' title='bbox 1868 1454 1977 1513; x_wconf 78' lang='lat' dir='ltr'><strong>per</strong></span> <span class='ocrx_word' id='word_1_165' title='bbox 1997 1443 2389 1514; x_wconf 79' lang='lat' dir='ltr'><strong>cogitationem</strong></span> <span class='ocrx_word' id='word_1_166' title='bbox 2419 1443 2643 1508; x_wconf 80' lang='lat' dir='ltr'><strong>excitat,</strong></span> <span class='ocrx_word' id='word_1_167' title='bbox 2673 1443 2753 1496; x_wconf 91' lang='lat' dir='ltr'><strong>sic</strong></span> <span class='ocrx_word' id='word_1_168' title='bbox 2783 1451 2840 1496; x_wconf 91' lang='lat' dir='ltr'><strong>et</strong></span> <span class='ocrx_word' id='word_1_169' title='bbox 2872 1443 3144 1510; x_wconf 85' lang='lat' dir='ltr'><strong>scriptum</strong></span> <span class='ocrx_word' id='word_1_170' title='bbox 3169 1448 3283 1496; x_wconf 82' lang='lat' dir='ltr'><strong>est:</strong></span> <span class='ocrx_word' id='word_1_171' title='bbox 3306 1439 3460 1509; x_wconf 74' lang='lat' dir='ltr'><strong>rEgo</strong></span> 
     </span>
    </p>
   </div>
   <div class='ocr_carea' id='block_1_24' title="bbox 212 1532 1832 1615">
    <p class='ocr_par' dir='ltr' id='par_1_24' title="bbox 212 1537 1764 1615">
     <span class='ocr_line' id='line_1_24' title="bbox 212 1537 1764 1615; baseline 0.008 -26"><span class='ocrx_word' id='word_1_172' title='bbox 212 1554 443 1607; x_wconf 57' lang='grc' dir='ltr'>γραπταιν</span> <span class='ocrx_word' id='word_1_173' title='bbox 474 1557 492 1590; x_wconf 73' lang='grc' dir='ltr'><strong>ι</strong></span> <span class='ocrx_word' id='word_1_174' title='bbox 517 1538 661 1607; x_wconf 82' lang='grc' dir='ltr'><strong>Ἐγὼ</strong></span> <span class='ocrx_word' id='word_1_175' title='bbox 703 1538 1008 1615; x_wconf 60' lang='grc' dir='ltr'>ἐκοιμήθην</span> <span class='ocrx_word' id='word_1_176' title='bbox 1037 1538 1133 1591; x_wconf 85' lang='grc' dir='ltr'>καὶ</span> <span class='ocrx_word' id='word_1_177' title='bbox 1166 1538 1411 1602; x_wconf 77' lang='grc' dir='ltr'>ὕπνωσα,</span> <span class='ocrx_word' id='word_1_178' title='bbox 1435 1537 1764 1609; x_wconf 68' lang='grc' dir='ltr'><strong>ἐξηγέρθηνν</strong></span> 
     </span>
    </p>
   </div>
   <div class='ocr_carea' id='block_1_25' title="bbox 1844 1532 3464 1615">
    <p class='ocr_par' dir='ltr' id='par_1_25' title="bbox 1870 1532 3464 1604">
     <span class='ocr_line' id='line_1_25' title="bbox 1870 1532 3464 1604; baseline -0.004 -14"><span class='ocrx_word' id='word_1_179' title='bbox 1870 1535 2110 1590; x_wconf 77' lang='lat' dir='ltr'><strong>dormivi</strong></span> <span class='ocrx_word' id='word_1_180' title='bbox 2154 1544 2212 1590; x_wconf 88' lang='lat' dir='ltr'><strong>et</strong></span> <span class='ocrx_word' id='word_1_181' title='bbox 2242 1545 2535 1604; x_wconf 86' lang='lat' dir='ltr'><strong>soporatus</strong></span> <span class='ocrx_word' id='word_1_182' title='bbox 2578 1550 2725 1599; x_wconf 92' lang='lat' dir='ltr'><strong>sum,</strong></span> <span class='ocrx_word' id='word_1_183' title='bbox 2771 1541 2828 1588; x_wconf 92' lang='lat' dir='ltr'><strong>et</strong></span> <span class='ocrx_word' id='word_1_184' title='bbox 2864 1532 3156 1599; x_wconf 64' lang='lat' dir='ltr'><strong>exsurrexi</strong></span> <span class='ocrx_word' id='word_1_185' title='bbox 3182 1532 3311 1602; x_wconf 85' lang='lat' dir='ltr'><strong>quia</strong></span> <span class='ocrx_word' id='word_1_186' title='bbox 3360 1532 3464 1585; x_wconf 88' lang='lat' dir='ltr'><strong>Do-</strong></span> 
     </span>
    </p>
   </div>
   <div class='ocr_carea' id='block_1_26' title="bbox 209 1625 1829 1701">
    <p class='ocr_par' dir='ltr' id='par_1_26' title="bbox 209 1626 1766 1701">
     <span class='ocr_line' id='line_1_26' title="bbox 209 1626 1766 1701; baseline 0.002 -22"><span class='ocrx_word' id='word_1_187' title='bbox 209 1631 268 1680; x_wconf 77' lang='grc' dir='ltr'>ὅτι</span> <span class='ocrx_word' id='word_1_188' title='bbox 294 1630 507 1699; x_wconf 78' lang='grc' dir='ltr'>Κύριος,</span> <span class='ocrx_word' id='word_1_189' title='bbox 527 1649 547 1682; x_wconf 74' lang='grc' dir='ltr'><strong>ι</strong></span> <span class='ocrx_word' id='word_1_190' title='bbox 582 1630 828 1701; x_wconf 77' lang='grc' dir='ltr'>δηλονότι</span> <span class='ocrx_word' id='word_1_191' title='bbox 846 1626 1110 1700; x_wconf 70' lang='grc' dir='ltr'>όινὲμοὶ,</span> <span class='ocrx_word' id='word_1_192' title='bbox 1138 1630 1327 1700; x_wconf 76' lang='grc' dir='ltr'>φησὶν,</span> <span class='ocrx_word' id='word_1_193' title='bbox 1355 1648 1373 1680; x_wconf 79' lang='grc' dir='ltr'><strong>ι</strong></span> <span class='ocrx_word' id='word_1_194' title='bbox 1409 1629 1766 1700; x_wconf 77' lang='grc' dir='ltr'>ἀντιλήψεται</span> 
     </span>
    </p>
   </div>
   <div class='ocr_carea' id='block_1_27' title="bbox 1836 1625 3456 1701">
    <p class='ocr_par' dir='ltr' id='par_1_27' title="bbox 1871 1625 3456 1698">
     <span class='ocr_line' id='line_1_27' title="bbox 1871 1625 3456 1698; baseline -0.004 -15"><span class='ocrx_word' id='word_1_195' title='bbox 1871 1630 2057 1684; x_wconf 89' lang='lat' dir='ltr'><strong>minus</strong></span> <span class='ocrx_word' id='word_1_196' title='bbox 2083 1631 2124 1694; x_wconf 88' lang='grc'>³,</span> <span class='ocrx_word' id='word_1_197' title='bbox 2153 1648 2169 1679; x_wconf 73' lang='grc' dir='ltr'><strong>ι</strong></span> <span class='ocrx_word' id='word_1_198' title='bbox 2199 1628 2523 1698; x_wconf 90' lang='lat' dir='ltr'><strong>scilicetqui</strong></span> <span class='ocrx_word' id='word_1_199' title='bbox 2554 1629 2609 1682; x_wconf 91' lang='lat' dir='ltr'><strong>in</strong></span> <span class='ocrx_word' id='word_1_200' title='bbox 2643 1643 2750 1691; x_wconf 90' lang='lat' dir='ltr'><strong>me,</strong></span> <span class='ocrx_word' id='word_1_201' title='bbox 2772 1627 2971 1696; x_wconf 83' lang='lat' dir='ltr'><strong>inquit,</strong></span> <span class='ocrx_word' id='word_1_202' title='bbox 2992 1625 3456 1694; x_wconf 62' lang='lat' dir='ltr'><strong>«suscipietmep</strong></span> 
     </span>
    </p>
   </div>
   <div class='ocr_carea' id='block_1_28' title="bbox 214 1714 1834 1790">
    <p class='ocr_par' dir='ltr' id='par_1_28' title="bbox 214 1717 1770 1790">
     <span class='ocr_line' id='line_1_28' title="bbox 214 1717 1770 1790; baseline 0.001 -20"><span class='ocrx_word' id='word_1_203' title='bbox 214 1736 328 1786; x_wconf 76' lang='grc' dir='ltr'>μου»</span> <span class='ocrx_word' id='word_1_204' title='bbox 363 1723 487 1773; x_wconf 80' lang='grc' dir='ltr'>’καὶ</span> <span class='ocrx_word' id='word_1_205' title='bbox 537 1719 621 1783; x_wconf 82' lang='grc' dir='ltr'>τὸ,</span> <span class='ocrx_word' id='word_1_206' title='bbox 669 1719 948 1790; x_wconf 74' lang='grc' dir='ltr'>«Σκύμνος</span> <span class='ocrx_word' id='word_1_207' title='bbox 994 1721 1210 1783; x_wconf 79' lang='grc' dir='ltr'>λέοντος</span> <span class='ocrx_word' id='word_1_208' title='bbox 1232 1719 1552 1788; x_wconf 59' lang='grc' dir='ltr'>ἐκβλαστοῦ</span> <span class='ocrx_word' id='word_1_209' title='bbox 1597 1717 1770 1772; x_wconf 72' lang='grc' dir='ltr'>Ἰούδα</span> 
     </span>
    </p>
   </div>
   <div class='ocr_carea' id='block_1_29' title="bbox 1852 1714 3472 1790">
    <p class='ocr_par' dir='ltr' id='par_1_29' title="bbox 1871 1714 3472 1785">
     <span class='ocr_line' id='line_1_29' title="bbox 1871 1714 3472 1785; baseline -0.007 -7"><span class='ocrx_word' id='word_1_210' title='bbox 1871 1732 1927 1778; x_wconf 91' lang='lat' dir='ltr'><strong>et</strong></span> <span class='ocrx_word' id='word_1_211' title='bbox 1957 1740 1970 1775; x_wconf 89' lang='lat'><strong>:</strong></span> <span class='ocrx_word' id='word_1_212' title='bbox 2018 1739 2035 1772; x_wconf 80' lang='grc' dir='ltr'><strong>ι</strong></span> <span class='ocrx_word' id='word_1_213' title='bbox 2063 1719 2296 1775; x_wconf 80' lang='lat' dir='ltr'><strong>Catulus</strong></span> <span class='ocrx_word' id='word_1_214' title='bbox 2324 1720 2505 1774; x_wconf 85' lang='lat' dir='ltr'><strong>leonis</strong></span> <span class='ocrx_word' id='word_1_215' title='bbox 2538 1735 2605 1774; x_wconf 66' lang='lat' dir='ltr'><strong>ex</strong></span> <span class='ocrx_word' id='word_1_216' title='bbox 2638 1718 2824 1772; x_wconf 87' lang='lat' dir='ltr'><strong>radice</strong></span> <span class='ocrx_word' id='word_1_217' title='bbox 2854 1717 2995 1774; x_wconf 80' lang='lat' dir='ltr'><strong>Juda</strong></span> <span class='ocrx_word' id='word_1_218' title='bbox 3034 1715 3312 1779; x_wconf 82' lang='lat' dir='ltr'><strong>accubuit,</strong></span> <span class='ocrx_word' id='word_1_219' title='bbox 3339 1714 3472 1785; x_wconf 88' lang='lat' dir='ltr'><strong>quis.</strong></span> 
     </span>
    </p>
   </div>
   <div class='ocr_carea' id='block_1_30' title="bbox 212 1806 1832 1887">
    <p class='ocr_par' dir='ltr' id='par_1_30' title="bbox 212 1813 1767 1887">
     <span class='ocr_line' id='line_1_30' title="bbox 212 1813 1767 1887; baseline 0.001 -24"><span class='ocrx_word' id='word_1_220' title='bbox 212 1815 474 1885; x_wconf 75' lang='grc' dir='ltr'>ἐκοιμήθηο</span> <span class='ocrx_word' id='word_1_221' title='bbox 532 1816 618 1877; x_wconf 84' lang='grc' dir='ltr'><strong>τίς</strong></span> <span class='ocrx_word' id='word_1_222' title='bbox 654 1814 910 1887; x_wconf 73' lang='grc' dir='ltr'><strong>ἐξεγείρῃ</strong></span> <span class='ocrx_word' id='word_1_223' title='bbox 941 1814 1139 1881; x_wconf 61' lang='lat' dir='ltr'><strong>dimov;</strong></span> <span class='ocrx_word' id='word_1_224' title='bbox 1181 1813 1304 1883; x_wconf 73' lang='grc' dir='ltr'><strong>»οὐχ</strong></span> <span class='ocrx_word' id='word_1_225' title='bbox 1347 1813 1556 1885; x_wconf 79' lang='grc' dir='ltr'>ῑτερος,</span> <span class='ocrx_word' id='word_1_226' title='bbox 1580 1813 1767 1883; x_wconf 77' lang='grc' dir='ltr'>φησὶν,</span> 
     </span>
    </p>
   </div>
   <div class='ocr_carea' id='block_1_31' title="bbox 1845 1806 3465 1887">
    <p class='ocr_par' dir='ltr' id='par_1_31' title="bbox 1874 1806 3465 1876">
     <span class='ocr_line' id='line_1_31' title="bbox 1874 1806 3465 1876; baseline -0.006 -7"><span class='ocrx_word' id='word_1_227' title='bbox 1874 1812 2166 1869; x_wconf 87' lang='lat' dir='ltr'><strong>suscitablt</strong></span> <span class='ocrx_word' id='word_1_228' title='bbox 2209 1827 2337 1866; x_wconf 90' lang='lat' dir='ltr'><strong>eum</strong></span> <span class='ocrx_word' id='word_1_229' title='bbox 2384 1811 2444 1864; x_wconf 73' lang='grc' dir='ltr'><em>δῖ</em></span> <span class='ocrx_word' id='word_1_230' title='bbox 2474 1830 2492 1863; x_wconf 75' lang='grc' dir='ltr'><strong>ι</strong></span> <span class='ocrx_word' id='word_1_231' title='bbox 2540 1826 2653 1864; x_wconf 88' lang='lat' dir='ltr'><strong>non</strong></span> <span class='ocrx_word' id='word_1_232' title='bbox 2681 1810 2845 1874; x_wconf 88' lang='lat' dir='ltr'><strong>alius,</strong></span> <span class='ocrx_word' id='word_1_233' title='bbox 2877 1807 3078 1876; x_wconf 91' lang='lat' dir='ltr'><strong>inquit,</strong></span> <span class='ocrx_word' id='word_1_234' title='bbox 3122 1806 3218 1861; x_wconf 87' lang='lat' dir='ltr'><strong>sed</strong></span> <span class='ocrx_word' id='word_1_235' title='bbox 3252 1806 3367 1875; x_wconf 85' lang='lat' dir='ltr'><strong>ipse</strong></span> <span class='ocrx_word' id='word_1_236' title='bbox 3407 1820 3465 1859; x_wconf 86' lang='lat' dir='ltr'><strong>se</strong></span> 
     </span>
    </p>
   </div>
   <div class='ocr_carea' id='block_1_32' title="bbox 213 1895 1833 1990">
    <p class='ocr_par' dir='ltr' id='par_1_32' title="bbox 213 1895 1833 1990">
     <span class='ocr_line' id='line_1_32' title="bbox 213 1895 1833 1990; baseline -0.001 -34"><span class='ocrx_word' id='word_1_237' title='bbox 213 1905 306 1957; x_wconf 73' lang='grc' dir='ltr'>αλλ’</span> <span class='ocrx_word' id='word_1_238' title='bbox 327 1907 480 1990; x_wconf 68' lang='grc' dir='ltr'>αὒτδς</span> <span class='ocrx_word' id='word_1_239' title='bbox 508 1907 725 1961; x_wconf 78' lang='grc' dir='ltr'>ἑαυτόν·</span> <span class='ocrx_word' id='word_1_240' title='bbox 751 1906 1004 1970; x_wconf 78' lang='grc' dir='ltr'>ἐξουσίαν</span> <span class='ocrx_word' id='word_1_241' title='bbox 1041 1905 1151 1977; x_wconf 80' lang='grc' dir='ltr'>γὰρ</span> <span class='ocrx_word' id='word_1_242' title='bbox 1184 1902 1297 1976; x_wconf 79' lang='grc' dir='ltr'>εἶχε</span> <span class='ocrx_word' id='word_1_243' title='bbox 1328 1907 1422 1959; x_wconf 73' lang='grc' dir='ltr'>καὶ</span> <span class='ocrx_word' id='word_1_244' title='bbox 1451 1905 1778 1977; x_wconf 80' lang='grc' dir='ltr'>παραθεῖναι</span> <span class='ocrx_word' id='word_1_245' title='bbox 1807 1895 1833 1953; x_wconf 80' lang='grc' dir='ltr'><strong>Ι</strong></span> 
     </span>
    </p>
   </div>
   <div class='ocr_carea' id='block_1_33' title="bbox 1845 1895 3465 1990">
    <p class='ocr_par' dir='ltr' id='par_1_33' title="bbox 1845 1899 3465 1975">
     <span class='ocr_line' id='line_1_33' title="bbox 1845 1899 3465 1975; baseline -0.006 -16"><span class='ocrx_word' id='word_1_246' title='bbox 1845 1899 2102 1975; x_wconf 65' lang='lat' dir='ltr'><strong>iipsum;</strong></span> <span class='ocrx_word' id='word_1_247' title='bbox 2157 1912 2492 1973; x_wconf 81' lang='lat' dir='ltr'><strong>potestatem</strong></span> <span class='ocrx_word' id='word_1_248' title='bbox 2534 1903 2686 1956; x_wconf 92' lang='lat' dir='ltr'><strong>enim</strong></span> <span class='ocrx_word' id='word_1_249' title='bbox 2722 1900 2918 1967; x_wconf 64' lang='lat' dir='ltr'><strong>habuit</strong></span> <span class='ocrx_word' id='word_1_250' title='bbox 2958 1900 3199 1954; x_wconf 88' lang='lat' dir='ltr'><strong>animam</strong></span> <span class='ocrx_word' id='word_1_251' title='bbox 3227 1912 3384 1952; x_wconf 88' lang='lat' dir='ltr'><strong>suam</strong></span> <span class='ocrx_word' id='word_1_252' title='bbox 3411 1905 3465 1951; x_wconf 89' lang='lat' dir='ltr'><strong>et</strong></span> 
     </span>
    </p>
   </div>
   <div class='ocr_carea' id='block_1_34' title="bbox 217 1996 1837 2068">
    <p class='ocr_par' dir='ltr' id='par_1_34' title="bbox 217 1996 1269 2068">
     <span class='ocr_line' id='line_1_34' title="bbox 217 1996 1269 2068; baseline 0.006 -24"><span class='ocrx_word' id='word_1_253' title='bbox 217 1997 291 2046; x_wconf 70' lang='lat' dir='ltr'><strong>ut</strong></span> <span class='ocrx_word' id='word_1_254' title='bbox 311 1996 680 2066; x_wconf 55' lang='grc' dir='ltr'>ἀπολήψεσθαι</span> <span class='ocrx_word' id='word_1_255' title='bbox 706 1997 803 2066; x_wconf 77' lang='grc' dir='ltr'>τὴν</span> <span class='ocrx_word' id='word_1_256' title='bbox 837 1997 1019 2068; x_wconf 71' lang='grc' dir='ltr'>ψυχὴν</span> <span class='ocrx_word' id='word_1_257' title='bbox 1049 1997 1269 2050; x_wconf 79' lang='grc' dir='ltr'>ἑαυτοῦ.</span> 
     </span>
    </p>
   </div>
   <div class='ocr_carea' id='block_1_35' title="bbox 1031 1996 2651 2068">
    <p class='ocr_par' dir='ltr' id='par_1_35' title="bbox 1049 1997 2651 2066">
     <span class='ocr_line' id='line_1_35' title="bbox 1049 1997 2651 2066; baseline -0.002 -16"><span class='ocrx_word' id='word_1_258' title='bbox 1049 1997 1269 2050; x_wconf 78' lang='grc' dir='ltr'>ἑαυτοῦ.</span> <span class='ocrx_word' id='word_1_259' title='bbox 1873 1997 2155 2066; x_wconf 88' lang='lat' dir='ltr'><strong>deponere</strong></span> <span class='ocrx_word' id='word_1_260' title='bbox 2187 2007 2245 2049; x_wconf 91' lang='lat' dir='ltr'><strong>et</strong></span> <span class='ocrx_word' id='word_1_261' title='bbox 2283 2010 2651 2050; x_wconf 88' lang='lat' dir='ltr'><strong>reassumere.</strong></span> 
     </span>
    </p>
   </div>
   <div class='ocr_carea' id='block_1_36' title="bbox 273 2080 1893 2158">
    <p class='ocr_par' dir='ltr' id='par_1_36' title="bbox 273 2085 1768 2158">
     <span class='ocr_line' id='line_1_36' title="bbox 273 2085 1768 2158; baseline 0.001 -20"><span class='ocrx_word' id='word_1_262' title='bbox 273 2092 336 2152; x_wconf 79' lang='grc' dir='ltr'><strong>μ’.</strong></span> <span class='ocrx_word' id='word_1_263' title='bbox 376 2085 489 2138; x_wconf 77' lang='grc' dir='ltr'>Ἵνα</span> <span class='ocrx_word' id='word_1_264' title='bbox 513 2087 570 2139; x_wconf 76' lang='grc' dir='ltr'>δὲ</span> <span class='ocrx_word' id='word_1_265' title='bbox 593 2087 670 2156; x_wconf 83' lang='grc' dir='ltr'>μὴ</span> <span class='ocrx_word' id='word_1_266' title='bbox 707 2086 998 2158; x_wconf 76' lang='grc' dir='ltr'>ὶεξιδρίοις</span> <span class='ocrx_word' id='word_1_267' title='bbox 1030 2087 1393 2146; x_wconf 77' lang='grc' dir='ltr'>ὑποδύναντες</span> <span class='ocrx_word' id='word_1_268' title='bbox 1421 2088 1650 2150; x_wconf 78' lang='grc' dir='ltr'>ἑαυτοὺς</span> <span class='ocrx_word' id='word_1_269' title='bbox 1674 2104 1768 2140; x_wconf 84' lang='grc' dir='ltr'>συ-</span> 
     </span>
    </p>
   </div>
   <div class='ocr_carea' id='block_1_37' title="bbox 1845 2080 3465 2158">
    <p class='ocr_par' dir='ltr' id='par_1_37' title="bbox 1943 2080 3465 2155">
     <span class='ocr_line' id='line_1_37' title="bbox 1943 2080 3465 2155; baseline -0.005 -14"><span class='ocrx_word' id='word_1_270' title='bbox 1943 2087 2032 2141; x_wconf 74' lang='grc' dir='ltr'>ιο.</span> <span class='ocrx_word' id='word_1_271' title='bbox 2102 2086 2181 2141; x_wconf 84' lang='lat' dir='ltr'><strong>Ne</strong></span> <span class='ocrx_word' id='word_1_272' title='bbox 2224 2086 2440 2141; x_wconf 85' lang='lat' dir='ltr'><strong>voculis</strong></span> <span class='ocrx_word' id='word_1_273' title='bbox 2477 2086 2848 2155; x_wconf 82' lang='lat' dir='ltr'><strong>nosmetipsos</strong></span> <span class='ocrx_word' id='word_1_274' title='bbox 2889 2083 3215 2147; x_wconf 88' lang='lat' dir='ltr'><strong>vestientes,</strong></span> <span class='ocrx_word' id='word_1_275' title='bbox 3280 2080 3465 2152; x_wconf 84' lang='lat' dir='ltr'><strong>suspi-</strong></span> 
     </span>
    </p>
   </div>
   <div class='ocr_carea' id='block_1_38' title="bbox 219 2175 1839 2250">
    <p class='ocr_par' dir='ltr' id='par_1_38' title="bbox 219 2176 1768 2250">
     <span class='ocr_line' id='line_1_38' title="bbox 219 2176 1768 2250; baseline 0.003 -24"><span class='ocrx_word' id='word_1_276' title='bbox 219 2176 501 2245; x_wconf 74' lang='grc' dir='ltr'>σκιάζωμεν</span> <span class='ocrx_word' id='word_1_277' title='bbox 547 2179 675 2231; x_wconf 72' lang='grc' dir='ltr'>κατ’</span> <span class='ocrx_word' id='word_1_278' title='bbox 732 2178 954 2242; x_wconf 81' lang='grc' dir='ltr'>αὐτοὺς,</span> <span class='ocrx_word' id='word_1_279' title='bbox 991 2178 1219 2247; x_wconf 83' lang='grc' dir='ltr'>γυμνῶς</span> <span class='ocrx_word' id='word_1_280' title='bbox 1266 2179 1640 2250; x_wconf 80' lang='grc' dir='ltr'>ἑρωτήσωμεν</span> <span class='ocrx_word' id='word_1_281' title='bbox 1672 2178 1768 2230; x_wconf 86' lang='grc' dir='ltr'>αύ-</span> 
     </span>
    </p>
   </div>
   <div class='ocr_carea' id='block_1_39' title="bbox 1845 2175 3465 2250">
    <p class='ocr_par' dir='ltr' id='par_1_39' title="bbox 1875 2175 3465 2249">
     <span class='ocr_line' id='line_1_39' title="bbox 1875 2175 3465 2249; baseline -0.004 -14"><span class='ocrx_word' id='word_1_282' title='bbox 1875 2180 2092 2235; x_wconf 89' lang='lat' dir='ltr'><strong>eionem</strong></span> <span class='ocrx_word' id='word_1_283' title='bbox 2134 2179 2268 2249; x_wconf 88' lang='lat' dir='ltr'><strong>ipsis</strong></span> <span class='ocrx_word' id='word_1_284' title='bbox 2293 2177 2607 2245; x_wconf 81' lang='lat' dir='ltr'><strong>aﬂ&#39;eramus,</strong></span> <span class='ocrx_word' id='word_1_285' title='bbox 2641 2179 2788 2233; x_wconf 85' lang='lat' dir='ltr'><strong>nude</strong></span> <span class='ocrx_word' id='word_1_286' title='bbox 2842 2191 2938 2232; x_wconf 88' lang='lat' dir='ltr'><strong>eos</strong></span> <span class='ocrx_word' id='word_1_287' title='bbox 2972 2175 3465 2246; x_wconf 75' lang='lat' dir='ltr'><strong>interrogabimus,</strong></span> 
     </span>
    </p>
   </div>
   <div class='ocr_carea' id='block_1_40' title="bbox 216 2261 1836 2340">
    <p class='ocr_par' dir='ltr' id='par_1_40' title="bbox 216 2261 1766 2340">
     <span class='ocr_line' id='line_1_40' title="bbox 216 2261 1766 2340; baseline 0.002 -22"><span class='ocrx_word' id='word_1_288' title='bbox 216 2271 338 2332; x_wconf 72' lang='grc' dir='ltr'>τοὺς,</span> <span class='ocrx_word' id='word_1_289' title='bbox 370 2271 416 2321; x_wconf 83' lang='grc' dir='ltr'><strong>εί</strong></span> <span class='ocrx_word' id='word_1_290' title='bbox 449 2270 546 2340; x_wconf 78' lang='grc' dir='ltr'>τὴν</span> <span class='ocrx_word' id='word_1_291' title='bbox 577 2270 708 2340; x_wconf 86' lang='grc' dir='ltr'>μίαν</span> <span class='ocrx_word' id='word_1_292' title='bbox 736 2269 898 2338; x_wconf 86' lang='grc' dir='ltr'>φύσιν</span> <span class='ocrx_word' id='word_1_293' title='bbox 927 2261 1134 2338; x_wconf 85' lang='grc' dir='ltr'>ταύτην</span> <span class='ocrx_word' id='word_1_294' title='bbox 1162 2271 1260 2340; x_wconf 83' lang='grc' dir='ltr'>τὴν</span> <span class='ocrx_word' id='word_1_295' title='bbox 1292 2271 1356 2322; x_wconf 79' lang='grc' dir='ltr'>ὲκ</span> <span class='ocrx_word' id='word_1_296' title='bbox 1386 2269 1483 2323; x_wconf 87' lang='grc' dir='ltr'><strong>δύο</strong></span> <span class='ocrx_word' id='word_1_297' title='bbox 1524 2271 1766 2338; x_wconf 79' lang='grc' dir='ltr'>φύσεων,</span> 
     </span>
    </p>
   </div>
   <div class='ocr_carea' id='block_1_41' title="bbox 1847 2261 3467 2340">
    <p class='ocr_par' dir='ltr' id='par_1_41' title="bbox 1874 2267 3467 2338">
     <span class='ocr_line' id='line_1_41' title="bbox 1874 2267 3467 2338; baseline -0.004 -10"><span class='ocrx_word' id='word_1_298' title='bbox 1874 2283 2064 2328; x_wconf 89' lang='lat' dir='ltr'><strong>utrum</strong></span> <span class='ocrx_word' id='word_1_299' title='bbox 2089 2282 2345 2326; x_wconf 89' lang='lat' dir='ltr'><strong>naturam</strong></span> <span class='ocrx_word' id='word_1_300' title='bbox 2371 2267 2514 2325; x_wconf 78' lang='lat' dir='ltr'><strong>hanc</strong></span> <span class='ocrx_word' id='word_1_301' title='bbox 2538 2287 2704 2327; x_wconf 87' lang='lat' dir='ltr'><strong>unam</strong></span> <span class='ocrx_word' id='word_1_302' title='bbox 2730 2286 2760 2325; x_wconf 94' lang='lat' dir='ltr'><strong>e</strong></span> <span class='ocrx_word' id='word_1_303' title='bbox 2783 2270 3000 2325; x_wconf 90' lang='lat' dir='ltr'><strong>duabus</strong></span> <span class='ocrx_word' id='word_1_304' title='bbox 3020 2269 3235 2323; x_wconf 84' lang='lat' dir='ltr'><strong>naturis</strong></span> <span class='ocrx_word' id='word_1_305' title='bbox 3257 2267 3467 2338; x_wconf 85' lang='lat' dir='ltr'><strong>absque</strong></span> 
     </span>
    </p>
   </div>
   <div class='ocr_carea' id='block_1_42' title="bbox 219 2357 1839 2430">
    <p class='ocr_par' dir='ltr' id='par_1_42' title="bbox 219 2359 1766 2430">
     <span class='ocr_line' id='line_1_42' title="bbox 219 2359 1766 2430; baseline 0 -20"><span class='ocrx_word' id='word_1_306' title='bbox 219 2361 422 2429; x_wconf 75' lang='grc' dir='ltr'>ἄναρχον</span> <span class='ocrx_word' id='word_1_307' title='bbox 451 2360 816 2428; x_wconf 83' lang='grc' dir='ltr'>γινώσκουσιν</span> <span class='ocrx_word' id='word_1_308' title='bbox 856 2359 890 2429; x_wconf 74' lang='grc' dir='ltr'>ἢ</span> <span class='ocrx_word' id='word_1_309' title='bbox 920 2359 1237 2430; x_wconf 78' lang='grc' dir='ltr'>ἀρξαμένην</span> <span class='ocrx_word' id='word_1_310' title='bbox 1267 2360 1412 2412; x_wconf 83' lang='grc' dir='ltr'>κατά</span> <span class='ocrx_word' id='word_1_311' title='bbox 1440 2359 1632 2430; x_wconf 89' lang='grc' dir='ltr'>χρόνον</span> <span class='ocrx_word' id='word_1_312' title='bbox 1658 2376 1673 2424; x_wconf 89' lang='grc'>;</span> <span class='ocrx_word' id='word_1_313' title='bbox 1701 2359 1766 2410; x_wconf 81' lang='lat' dir='ltr'><strong>El</strong></span> 
     </span>
    </p>
   </div>
   <div class='ocr_carea' id='block_1_43' title="bbox 1846 2357 3466 2430">
    <p class='ocr_par' dir='ltr' id='par_1_43' title="bbox 1875 2357 3466 2429">
     <span class='ocr_line' id='line_1_43' title="bbox 1875 2357 3466 2429; baseline -0.003 -14"><span class='ocrx_word' id='word_1_314' title='bbox 1875 2359 2038 2415; x_wconf 88' lang='lat' dir='ltr'><strong>initio</strong></span> <span class='ocrx_word' id='word_1_315' title='bbox 2092 2368 2350 2425; x_wconf 84' lang='lat' dir='ltr'><strong>noscant,</strong></span> <span class='ocrx_word' id='word_1_316' title='bbox 2405 2376 2473 2413; x_wconf 90' lang='lat' dir='ltr'><strong>an</strong></span> <span class='ocrx_word' id='word_1_317' title='bbox 2509 2357 2684 2428; x_wconf 84' lang='lat' dir='ltr'><strong>quasi</strong></span> <span class='ocrx_word' id='word_1_318' title='bbox 2716 2374 2839 2429; x_wconf 63' lang='lat' dir='ltr'><strong>quae</strong></span> <span class='ocrx_word' id='word_1_319' title='bbox 2874 2357 3093 2412; x_wconf 91' lang='lat' dir='ltr'><strong>initium</strong></span> <span class='ocrx_word' id='word_1_320' title='bbox 3137 2359 3466 2427; x_wconf 74' lang='lat' dir='ltr'><strong>in-temppre</strong></span> 
     </span>
    </p>
   </div>
   <div class='ocr_carea' id='block_1_44' title="bbox 222 2447 1842 2520">
    <p class='ocr_par' dir='ltr' id='par_1_44' title="bbox 222 2448 1769 2519">
     <span class='ocr_line' id='line_1_44' title="bbox 222 2448 1769 2519; baseline 0.003 -21"><span class='ocrx_word' id='word_1_321' title='bbox 222 2449 303 2514; x_wconf 70' lang='grc' dir='ltr'><strong>μὲν</strong></span> <span class='ocrx_word' id='word_1_322' title='bbox 323 2449 421 2517; x_wconf 77' lang='grc' dir='ltr'><strong>γάρ</strong></span> <span class='ocrx_word' id='word_1_323' title='bbox 443 2450 703 2518; x_wconf 74' lang='grc' dir='ltr'>ἄναρχον,</span> <span class='ocrx_word' id='word_1_324' title='bbox 729 2449 851 2511; x_wconf 77' lang='grc' dir='ltr'><strong>πῶς</strong></span> <span class='ocrx_word' id='word_1_325' title='bbox 885 2448 948 2500; x_wconf 75' lang='grc' dir='ltr'>ἐκ</span> <span class='ocrx_word' id='word_1_326' title='bbox 980 2466 1142 2501; x_wconf 88' lang='grc' dir='ltr'>τινων</span> <span class='ocrx_word' id='word_1_327' title='bbox 1170 2449 1265 2501; x_wconf 79' lang='grc' dir='ltr'><strong>καὶ</strong></span> <span class='ocrx_word' id='word_1_328' title='bbox 1302 2450 1636 2519; x_wconf 78' lang='grc' dir='ltr'>ὑστερογενῆ</span> <span class='ocrx_word' id='word_1_329' title='bbox 1669 2449 1769 2502; x_wconf 81' lang='grc' dir='ltr'>αύ-</span> 
     </span>
    </p>
   </div>
   <div class='ocr_carea' id='block_1_45' title="bbox 1849 2447 3469 2520">
    <p class='ocr_par' dir='ltr' id='par_1_45' title="bbox 1877 2447 3469 2520">
     <span class='ocr_line' id='line_1_45' title="bbox 1877 2447 3469 2520; baseline -0.003 -17"><span class='ocrx_word' id='word_1_330' title='bbox 1877 2449 2114 2503; x_wconf 84' lang='lat' dir='ltr'><strong>habuit?</strong></span> <span class='ocrx_word' id='word_1_331' title='bbox 2149 2449 2204 2503; x_wconf 92' lang='lat' dir='ltr'><strong>Si</strong></span> <span class='ocrx_word' id='word_1_332' title='bbox 2246 2450 2454 2518; x_wconf 84' lang='lat' dir='ltr'><strong>absque</strong></span> <span class='ocrx_word' id='word_1_333' title='bbox 2513 2449 2672 2504; x_wconf 87' lang='lat' dir='ltr'><strong>initio</strong></span> <span class='ocrx_word' id='word_1_334' title='bbox 2701 2447 2954 2518; x_wconf 83' lang='lat' dir='ltr'><strong>quidem,</strong></span> <span class='ocrx_word' id='word_1_335' title='bbox 2989 2448 3269 2520; x_wconf 85' lang='lat' dir='ltr'><strong>quomodo</strong></span> <span class='ocrx_word' id='word_1_336' title='bbox 3297 2447 3469 2517; x_wconf 85' lang='lat' dir='ltr'><strong>equi-</strong></span> 
     </span>
    </p>
   </div>
   <div class='ocr_carea' id='block_1_46' title="bbox 220 2523 1840 2612">
    <p class='ocr_par' dir='ltr' id='par_1_46' title="bbox 220 2535 1770 2610">
     <span class='ocr_line' id='line_1_46' title="bbox 220 2535 1770 2610; baseline 0 -20"><span class='ocrx_word' id='word_1_337' title='bbox 220 2539 296 2608; x_wconf 76' lang='grc' dir='ltr'>τὴν</span> <span class='ocrx_word' id='word_1_338' title='bbox 330 2540 416 2592; x_wconf 80' lang='grc' dir='ltr'>καὶ</span> <span class='ocrx_word' id='word_1_339' title='bbox 443 2539 732 2603; x_wconf 86' lang='grc' dir='ltr'>σύνθετον;</span> <span class='ocrx_word' id='word_1_340' title='bbox 761 2541 810 2592; x_wconf 88' lang='grc' dir='ltr'><strong>εί</strong></span> <span class='ocrx_word' id='word_1_341' title='bbox 839 2539 896 2592; x_wconf 84' lang='grc' dir='ltr'>δὲ</span> <span class='ocrx_word' id='word_1_342' title='bbox 927 2535 1131 2610; x_wconf 75' lang='grc' dir='ltr'>ἦρκται</span> <span class='ocrx_word' id='word_1_343' title='bbox 1171 2541 1263 2592; x_wconf 74' lang='grc' dir='ltr'>καὶ</span> <span class='ocrx_word' id='word_1_344' title='bbox 1291 2541 1474 2592; x_wconf 82' lang='grc' dir='ltr'>αἰτίαν</span> <span class='ocrx_word' id='word_1_345' title='bbox 1510 2540 1633 2609; x_wconf 80' lang='grc' dir='ltr'>ἔσχε</span> <span class='ocrx_word' id='word_1_346' title='bbox 1676 2539 1770 2591; x_wconf 78' lang='grc' dir='ltr'>καὶ</span> 
     </span>
    </p>
   </div>
   <div class='ocr_carea' id='block_1_47' title="bbox 1851 2523 3471 2612">
    <p class='ocr_par' dir='ltr' id='par_1_47' title="bbox 1877 2523 3471 2612">
     <span class='ocr_line' id='line_1_47' title="bbox 1877 2523 3471 2612; baseline -0.002 -16"><span class='ocrx_word' id='word_1_347' title='bbox 1877 2543 2112 2597; x_wconf 83' lang='lat' dir='ltr'><strong>busdam</strong></span> <span class='ocrx_word' id='word_1_348' title='bbox 2160 2523 2285 2612; x_wconf 83' lang='lat' dir='ltr'><strong>post</strong></span> <span class='ocrx_word' id='word_1_349' title='bbox 2335 2543 2472 2597; x_wconf 88' lang='lat' dir='ltr'><strong>alios</strong></span> <span class='ocrx_word' id='word_1_350' title='bbox 2525 2544 2842 2598; x_wconf 86' lang='lat' dir='ltr'><strong>venientem</strong></span> <span class='ocrx_word' id='word_1_351' title='bbox 2887 2551 2943 2598; x_wconf 87' lang='lat' dir='ltr'><strong>et</strong></span> <span class='ocrx_word' id='word_1_352' title='bbox 2985 2540 3471 2612; x_wconf 83' lang='lat' dir='ltr'><strong>compositam?Si-</strong></span> 
     </span>
    </p>
   </div>
   <div class='ocr_carea' id='block_1_48' title="bbox 225 2629 1845 2706">
    <p class='ocr_par' dir='ltr' id='par_1_48' title="bbox 225 2629 1770 2704">
     <span class='ocr_line' id='line_1_48' title="bbox 225 2629 1770 2704; baseline 0.001 -23"><span class='ocrx_word' id='word_1_353' title='bbox 225 2631 497 2696; x_wconf 71' lang='grc' dir='ltr'>σύγκειται,</span> <span class='ocrx_word' id='word_1_354' title='bbox 521 2631 638 2692; x_wconf 75' lang='grc' dir='ltr'><strong>πῶς</strong></span> <span class='ocrx_word' id='word_1_355' title='bbox 682 2631 845 2696; x_wconf 83' lang='grc' dir='ltr'>Θεός;</span> <span class='ocrx_word' id='word_1_356' title='bbox 892 2631 1031 2682; x_wconf 69' lang='grc' dir='ltr'><strong>Ἀλλ’</strong></span> <span class='ocrx_word' id='word_1_357' title='bbox 1065 2633 1249 2699; x_wconf 76' lang='grc' dir='ltr'>ἡμεῖς,</span> <span class='ocrx_word' id='word_1_358' title='bbox 1290 2631 1445 2700; x_wconf 77' lang='grc' dir='ltr'>φασὶ,</span> <span class='ocrx_word' id='word_1_359' title='bbox 1475 2629 1576 2704; x_wconf 76' lang='grc' dir='ltr'>τὴν</span> <span class='ocrx_word' id='word_1_360' title='bbox 1601 2629 1770 2701; x_wconf 79' lang='grc' dir='ltr'>αὐτὴν</span> 
     </span>
    </p>
   </div>
   <div class='ocr_carea' id='block_1_49' title="bbox 1850 2629 3470 2706">
    <p class='ocr_par' dir='ltr' id='par_1_49' title="bbox 1850 2632 3470 2706">
     <span class='ocr_line' id='line_1_49' title="bbox 1850 2632 3470 2706; baseline -0.001 -17"><span class='ocrx_word' id='word_1_361' title='bbox 1850 2703 1852 2706; x_wconf 15' lang='grc' dir='ltr'>ν</span> <span class='ocrx_word' id='word_1_362' title='bbox 1878 2650 2011 2689; x_wconf 78' lang='lat' dir='ltr'><strong>vero</strong></span> <span class='ocrx_word' id='word_1_363' title='bbox 2063 2635 2283 2689; x_wconf 85' lang='lat' dir='ltr'><strong>initium</strong></span> <span class='ocrx_word' id='word_1_364' title='bbox 2309 2635 2505 2689; x_wconf 87' lang='lat' dir='ltr'><strong>habuit</strong></span> <span class='ocrx_word' id='word_1_365' title='bbox 2543 2643 2600 2689; x_wconf 90' lang='lat' dir='ltr'><strong>et</strong></span> <span class='ocrx_word' id='word_1_366' title='bbox 2624 2643 2927 2698; x_wconf 89' lang='lat' dir='ltr'><strong>auctorem,</strong></span> <span class='ocrx_word' id='word_1_367' title='bbox 2950 2643 3006 2688; x_wconf 86' lang='lat' dir='ltr'><strong>et</strong></span> <span class='ocrx_word' id='word_1_368' title='bbox 3029 2632 3309 2697; x_wconf 85' lang='lat' dir='ltr'><strong>convenit,</strong></span> <span class='ocrx_word' id='word_1_369' title='bbox 3332 2648 3470 2702; x_wconf 87' lang='lat' dir='ltr'><strong>quo-</strong></span> 
     </span>
    </p>
   </div>
   <div class='ocr_carea' id='block_1_50' title="bbox 221 2721 1841 2794">
    <p class='ocr_par' dir='ltr' id='par_1_50' title="bbox 221 2721 1765 2792">
     <span class='ocr_line' id='line_1_50' title="bbox 221 2721 1765 2792; baseline 0.003 -22"><span class='ocrx_word' id='word_1_370' title='bbox 221 2722 248 2771; x_wconf 75' lang='lat'><strong>5</strong></span> <span class='ocrx_word' id='word_1_371' title='bbox 277 2738 424 2790; x_wconf 72' lang='grc' dir='ltr'>αρχον</span> <span class='ocrx_word' id='word_1_372' title='bbox 465 2722 559 2774; x_wconf 74' lang='grc' dir='ltr'><strong>καὶ</strong></span> <span class='ocrx_word' id='word_1_373' title='bbox 584 2721 928 2792; x_wconf 71' lang='grc' dir='ltr'>ἀρξαμένην,</span> <span class='ocrx_word' id='word_1_374' title='bbox 970 2722 1045 2784; x_wconf 84' lang='grc' dir='ltr'><strong>ὡς</strong></span> <span class='ocrx_word' id='word_1_375' title='bbox 1096 2722 1146 2773; x_wconf 77' lang='grc' dir='ltr'>οἱ</span> <span class='ocrx_word' id='word_1_376' title='bbox 1203 2721 1468 2792; x_wconf 81' lang='grc' dir='ltr'>Πατέρες,</span> <span class='ocrx_word' id='word_1_377' title='bbox 1500 2722 1765 2791; x_wconf 79' lang='grc' dir='ltr'>λέγομεν³</span> 
     </span>
    </p>
   </div>
   <div class='ocr_carea' id='block_1_51' title="bbox 1850 2721 3470 2794">
    <p class='ocr_par' dir='ltr' id='par_1_51' title="bbox 1879 2725 3470 2794">
     <span class='ocr_line' id='line_1_51' title="bbox 1879 2725 3470 2794; baseline -0.001 -14"><span class='ocrx_word' id='word_1_378' title='bbox 1879 2727 2045 2781; x_wconf 88' lang='lat' dir='ltr'><strong>modo</strong></span> <span class='ocrx_word' id='word_1_379' title='bbox 2093 2728 2242 2782; x_wconf 85' lang='lat' dir='ltr'><strong>Deus</strong></span> <span class='ocrx_word' id='word_1_380' title='bbox 2285 2727 2409 2781; x_wconf 76' lang='lat' dir='ltr'><strong>est?</strong></span> <span class='ocrx_word' id='word_1_381' title='bbox 2445 2727 2551 2781; x_wconf 85' lang='lat' dir='ltr'><strong>Sed</strong></span> <span class='ocrx_word' id='word_1_382' title='bbox 2585 2742 2707 2791; x_wconf 84' lang='lat' dir='ltr'><strong>nos,</strong></span> <span class='ocrx_word' id='word_1_383' title='bbox 2747 2728 2923 2790; x_wconf 88' lang='lat' dir='ltr'><strong>aiunt,</strong></span> <span class='ocrx_word' id='word_1_384' title='bbox 2968 2725 3222 2779; x_wconf 88' lang='lat' dir='ltr'><strong>eamdem</strong></span> <span class='ocrx_word' id='word_1_385' title='bbox 3264 2725 3470 2794; x_wconf 88' lang='lat' dir='ltr'><strong>absque</strong></span> 
     </span>
    </p>
   </div>
   <div class='ocr_carea' id='block_1_52' title="bbox 221 2812 1841 2896">
    <p class='ocr_par' dir='ltr' id='par_1_52' title="bbox 221 2812 1771 2883">
     <span class='ocr_line' id='line_1_52' title="bbox 221 2812 1771 2883; baseline 0.004 -21"><span class='ocrx_word' id='word_1_386' title='bbox 221 2813 319 2862; x_wconf 56' lang='grc' dir='ltr'><strong>ἀλλ’</strong></span> <span class='ocrx_word' id='word_1_387' title='bbox 353 2813 410 2865; x_wconf 87' lang='grc' dir='ltr'><strong>ού</strong></span> <span class='ocrx_word' id='word_1_388' title='bbox 437 2813 538 2882; x_wconf 75' lang='grc' dir='ltr'>τὴν</span> <span class='ocrx_word' id='word_1_389' title='bbox 584 2812 761 2882; x_wconf 79' lang='grc' dir='ltr'>αὐτὴν</span> <span class='ocrx_word' id='word_1_390' title='bbox 797 2816 860 2864; x_wconf 84' lang='grc' dir='ltr'>ὲν</span> <span class='ocrx_word' id='word_1_391' title='bbox 901 2813 1085 2883; x_wconf 79' lang='grc' dir='ltr'>ταυτῷ</span> <span class='ocrx_word' id='word_1_392' title='bbox 1117 2815 1259 2866; x_wconf 82' lang='grc' dir='ltr'>κατὰ</span> <span class='ocrx_word' id='word_1_393' title='bbox 1305 2813 1365 2866; x_wconf 80' lang='grc' dir='ltr'>τὸ</span> <span class='ocrx_word' id='word_1_394' title='bbox 1410 2813 1563 2879; x_wconf 78' lang='grc' dir='ltr'>αὐτὸ,</span> <span class='ocrx_word' id='word_1_395' title='bbox 1596 2816 1644 2867; x_wconf 84' lang='grc' dir='ltr'>εἰ</span> <span class='ocrx_word' id='word_1_396' title='bbox 1677 2818 1771 2868; x_wconf 75' lang='grc' dir='ltr'>καὶ</span> 
     </span>
    </p>
   </div>
   <div class='ocr_carea' id='block_1_53' title="bbox 1844 2812 3464 2896">
    <p class='ocr_par' dir='ltr' id='par_1_53' title="bbox 1881 2816 3464 2883">
     <span class='ocr_line' id='line_1_53' title="bbox 1881 2816 3464 2883; baseline -0.004 -11"><span class='ocrx_word' id='word_1_397' title='bbox 1881 2820 2065 2883; x_wconf 90' lang='lat' dir='ltr'><strong>initio,</strong></span> <span class='ocrx_word' id='word_1_398' title='bbox 2096 2829 2152 2872; x_wconf 92' lang='lat' dir='ltr'><strong>ct</strong></span> <span class='ocrx_word' id='word_1_399' title='bbox 2183 2834 2310 2873; x_wconf 90' lang='lat' dir='ltr'><strong>cum</strong></span> <span class='ocrx_word' id='word_1_400' title='bbox 2342 2818 2526 2881; x_wconf 90' lang='lat' dir='ltr'><strong>initio,</strong></span> <span class='ocrx_word' id='word_1_401' title='bbox 2578 2831 2684 2879; x_wconf 85' lang='lat' dir='ltr'><strong>una</strong></span> <span class='ocrx_word' id='word_1_402' title='bbox 2733 2833 2858 2871; x_wconf 89' lang='lat' dir='ltr'><strong>cum</strong></span> <span class='ocrx_word' id='word_1_403' title='bbox 2905 2816 3169 2871; x_wconf 88' lang='lat' dir='ltr'><strong>Patribus</strong></span> <span class='ocrx_word' id='word_1_404' title='bbox 3199 2816 3464 2874; x_wconf 75' lang='lat' dir='ltr'><strong>dicimus:</strong></span> 
     </span>
    </p>
   </div>
   <div class='ocr_carea' id='block_1_54' title="bbox 221 2898 1841 2976">
    <p class='ocr_par' dir='ltr' id='par_1_54' title="bbox 221 2898 1770 2976">
     <span class='ocr_line' id='line_1_54' title="bbox 221 2898 1770 2976; baseline 0.005 -24"><span class='ocrx_word' id='word_1_405' title='bbox 221 2903 296 2953; x_wconf 64' lang='grc' dir='ltr'>τοῦ</span> <span class='ocrx_word' id='word_1_406' title='bbox 322 2905 478 2955; x_wconf 72' lang='grc' dir='ltr'>αὑτοῦ</span> <span class='ocrx_word' id='word_1_407' title='bbox 507 2905 555 2956; x_wconf 77' lang='lat' dir='ltr'><strong>oi</strong></span> <span class='ocrx_word' id='word_1_408' title='bbox 583 2904 831 2974; x_wconf 82' lang='grc' dir='ltr'>Πατέρες</span> <span class='ocrx_word' id='word_1_409' title='bbox 861 2905 1047 2972; x_wconf 69' lang='grc' dir='ltr'>φασὶν,</span> <span class='ocrx_word' id='word_1_410' title='bbox 1099 2898 1144 2956; x_wconf 79' lang='grc' dir='ltr'><strong>ὦ</strong></span> <span class='ocrx_word' id='word_1_411' title='bbox 1173 2898 1320 2958; x_wconf 79' lang='grc' dir='ltr'>οὗτοι</span> <span class='ocrx_word' id='word_1_412' title='bbox 1345 2923 1356 2932; x_wconf 92' lang='grc'><strong>·</strong></span> <span class='ocrx_word' id='word_1_413' title='bbox 1387 2906 1508 2958; x_wconf 82' lang='grc' dir='ltr'>οὐδὲ</span> <span class='ocrx_word' id='word_1_414' title='bbox 1542 2908 1651 2976; x_wconf 75' lang='grc' dir='ltr'><strong>γάρ</strong></span> <span class='ocrx_word' id='word_1_415' title='bbox 1679 2906 1770 2958; x_wconf 86' lang='grc' dir='ltr'>δυ-</span> 
     </span>
    </p>
   </div>
   <div class='ocr_carea' id='block_1_55' title="bbox 1846 2898 3466 2976">
    <p class='ocr_par' dir='ltr' id='par_1_55' title="bbox 1879 2905 3466 2970">
     <span class='ocr_line' id='line_1_55' title="bbox 1879 2905 3466 2970; baseline -0.004 -6"><span class='ocrx_word' id='word_1_416' title='bbox 1879 2911 1974 2965; x_wconf 90' lang='lat' dir='ltr'><strong>sed</strong></span> <span class='ocrx_word' id='word_1_417' title='bbox 2023 2927 2133 2964; x_wconf 92' lang='lat' dir='ltr'><strong>non</strong></span> <span class='ocrx_word' id='word_1_418' title='bbox 2182 2909 2433 2964; x_wconf 87' lang='lat' dir='ltr'><strong>eamdem</strong></span> <span class='ocrx_word' id='word_1_419' title='bbox 2480 2910 2535 2962; x_wconf 94' lang='lat' dir='ltr'><strong>in</strong></span> <span class='ocrx_word' id='word_1_420' title='bbox 2565 2908 2759 2962; x_wconf 89' lang='lat' dir='ltr'><strong>eodem</strong></span> <span class='ocrx_word' id='word_1_421' title='bbox 2792 2907 3097 2962; x_wconf 86' lang='lat' dir='ltr'><strong>secundum</strong></span> <span class='ocrx_word' id='word_1_422' title='bbox 3150 2905 3317 2970; x_wconf 86' lang='lat' dir='ltr'><strong>idem,</strong></span> <span class='ocrx_word' id='word_1_423' title='bbox 3343 2905 3466 2960; x_wconf 89' lang='lat' dir='ltr'><strong>licet</strong></span> 
     </span>
    </p>
   </div>
   <div class='ocr_carea' id='block_1_56' title="bbox 223 2990 1843 3065">
    <p class='ocr_par' dir='ltr' id='par_1_56' title="bbox 223 2990 1771 3065">
     <span class='ocr_line' id='line_1_56' title="bbox 223 2990 1771 3065; baseline 0.004 -24"><span class='ocrx_word' id='word_1_424' title='bbox 223 2990 356 3044; x_wconf 62' lang='grc' dir='ltr'>νκτδν</span> <span class='ocrx_word' id='word_1_425' title='bbox 383 2997 438 3046; x_wconf 80' lang='grc' dir='ltr'>ἐν</span> <span class='ocrx_word' id='word_1_426' title='bbox 470 2994 651 3065; x_wconf 86' lang='grc' dir='ltr'>ταυτῷ</span> <span class='ocrx_word' id='word_1_427' title='bbox 682 2997 826 3048; x_wconf 82' lang='grc' dir='ltr'>κατὰ</span> <span class='ocrx_word' id='word_1_428' title='bbox 860 2998 920 3047; x_wconf 78' lang='grc' dir='ltr'>τὸ</span> <span class='ocrx_word' id='word_1_429' title='bbox 950 2997 1083 3049; x_wconf 81' lang='grc' dir='ltr'>αὐτὸ</span> <span class='ocrx_word' id='word_1_430' title='bbox 1108 2997 1218 3049; x_wconf 86' lang='grc' dir='ltr'>τῶν</span> <span class='ocrx_word' id='word_1_431' title='bbox 1252 2997 1511 3050; x_wconf 78' lang='grc' dir='ltr'>ἐναντίων</span> <span class='ocrx_word' id='word_1_432' title='bbox 1542 2991 1684 3049; x_wconf 79' lang='grc' dir='ltr'>εἶναί</span> <span class='ocrx_word' id='word_1_433' title='bbox 1717 3013 1771 3048; x_wconf 89' lang='grc' dir='ltr'><strong>τι</strong></span> 
     </span>
    </p>
   </div>
   <div class='ocr_carea' id='block_1_57' title="bbox 1857 2990 3477 3065">
    <p class='ocr_par' dir='ltr' id='par_1_57' title="bbox 1880 2997 3477 3064">
     <span class='ocr_line' id='line_1_57' title="bbox 1880 2997 3477 3064; baseline -0.002 -10"><span class='ocrx_word' id='word_1_434' title='bbox 1880 3001 2023 3055; x_wconf 88' lang='lat' dir='ltr'><strong>hanc</strong></span> <span class='ocrx_word' id='word_1_435' title='bbox 2044 3010 2100 3055; x_wconf 87' lang='lat' dir='ltr'><strong>et</strong></span> <span class='ocrx_word' id='word_1_436' title='bbox 2130 3015 2239 3054; x_wconf 86' lang='lat' dir='ltr'><strong>non</strong></span> <span class='ocrx_word' id='word_1_437' title='bbox 2267 3000 2431 3053; x_wconf 87' lang='lat' dir='ltr'><strong>aliam</strong></span> <span class='ocrx_word' id='word_1_438' title='bbox 2458 2999 2654 3054; x_wconf 85' lang='lat' dir='ltr'><strong>Patres</strong></span> <span class='ocrx_word' id='word_1_439' title='bbox 2673 2999 2884 3064; x_wconf 88' lang='lat' dir='ltr'><strong>dicant,</strong></span> <span class='ocrx_word' id='word_1_440' title='bbox 2909 3014 2941 3052; x_wconf 89' lang='grc' dir='ltr'><strong>ο</strong></span> <span class='ocrx_word' id='word_1_441' title='bbox 2960 3014 3058 3052; x_wconf 80' lang='lat' dir='ltr'><strong>vos</strong></span> <span class='ocrx_word' id='word_1_442' title='bbox 3087 3017 3098 3052; x_wconf 92' lang='lat'><strong>:</strong></span> <span class='ocrx_word' id='word_1_443' title='bbox 3133 2997 3477 3064; x_wconf 76' lang='lat' dir='ltr'><strong>impossibile</strong></span> 
     </span>
    </p>
   </div>
   <div class='ocr_carea' id='block_1_58' title="bbox 220 3085 1840 3161">
    <p class='ocr_par' dir='ltr' id='par_1_58' title="bbox 220 3085 1773 3160">
     <span class='ocr_line' id='line_1_58' title="bbox 220 3085 1773 3160; baseline 0.005 -25"><span class='ocrx_word' id='word_1_444' title='bbox 220 3085 439 3139; x_wconf 72' lang='grc' dir='ltr'>δεκτικὸν</span> <span class='ocrx_word' id='word_1_445' title='bbox 493 3088 704 3155; x_wconf 57' lang='grc' dir='ltr'>λόγων</span> <span class='ocrx_word' id='word_1_446' title='bbox 760 3088 879 3141; x_wconf 81' lang='grc' dir='ltr'><strong>ἀλλ’</strong></span> <span class='ocrx_word' id='word_1_447' title='bbox 938 3088 1158 3141; x_wconf 78' lang='grc' dir='ltr'>εί’καὶ“</span> <span class='ocrx_word' id='word_1_448' title='bbox 1200 3089 1426 3156; x_wconf 76' lang='grc' dir='ltr'>λέγεται</span> <span class='ocrx_word' id='word_1_449' title='bbox 1487 3090 1682 3160; x_wconf 82' lang='grc' dir='ltr'>ὁρατὸς</span> <span class='ocrx_word' id='word_1_450' title='bbox 1745 3091 1773 3142; x_wconf 85' lang='grc' dir='ltr'>ὁ</span> 
     </span>
    </p>
   </div>
   <div class='ocr_carea' id='block_1_59' title="bbox 1855 3085 3475 3161">
    <p class='ocr_par' dir='ltr' id='par_1_59' title="bbox 1879 3089 3475 3161">
     <span class='ocr_line' id='line_1_59' title="bbox 1879 3089 3475 3161; baseline -0.002 -15"><span class='ocrx_word' id='word_1_451' title='bbox 1879 3093 2026 3146; x_wconf 89' lang='lat' dir='ltr'><strong>enim</strong></span> <span class='ocrx_word' id='word_1_452' title='bbox 2049 3093 2206 3146; x_wconf 85' lang='lat' dir='ltr'><strong>estin</strong></span> <span class='ocrx_word' id='word_1_453' title='bbox 2249 3091 2444 3146; x_wconf 92' lang='lat' dir='ltr'><strong>eodem</strong></span> <span class='ocrx_word' id='word_1_454' title='bbox 2478 3093 2622 3146; x_wconf 87' lang='lat' dir='ltr'><strong>circa</strong></span> <span class='ocrx_word' id='word_1_455' title='bbox 2657 3092 2802 3146; x_wconf 88' lang='lat' dir='ltr'><strong>idem</strong></span> <span class='ocrx_word' id='word_1_456' title='bbox 2835 3091 3069 3146; x_wconf 83' lang='lat' dir='ltr'><strong>inveniri</strong></span> <span class='ocrx_word' id='word_1_457' title='bbox 3093 3089 3301 3161; x_wconf 87' lang='lat' dir='ltr'><strong>aliquid</strong></span> <span class='ocrx_word' id='word_1_458' title='bbox 3324 3089 3475 3160; x_wconf 85' lang='lat' dir='ltr'><strong>quod</strong></span> 
     </span>
    </p>
   </div>
   <div class='ocr_carea' id='block_1_60' title="bbox 223 3167 1843 3250">
    <p class='ocr_par' dir='ltr' id='par_1_60' title="bbox 223 3167 1773 3249">
     <span class='ocr_line' id='line_1_60' title="bbox 223 3167 1773 3249; baseline 0.003 -23"><span class='ocrx_word' id='word_1_459' title='bbox 223 3177 359 3238; x_wconf 64' lang='grc' dir='ltr'>αὐτὸς</span> <span class='ocrx_word' id='word_1_460' title='bbox 396 3171 473 3240; x_wconf 76' lang='grc' dir='ltr'>εἷς</span> <span class='ocrx_word' id='word_1_461' title='bbox 526 3178 601 3231; x_wconf 88' lang='grc' dir='ltr'>ὣν</span> <span class='ocrx_word' id='word_1_462' title='bbox 651 3167 1005 3249; x_wconf 70' lang='grc' dir='ltr'>Χριστὸςῖοὺ</span> <span class='ocrx_word' id='word_1_463' title='bbox 1049 3180 1192 3232; x_wconf 85' lang='grc' dir='ltr'>κατὰ</span> <span class='ocrx_word' id='word_1_464' title='bbox 1223 3181 1284 3231; x_wconf 83' lang='grc' dir='ltr'>τὸ</span> <span class='ocrx_word' id='word_1_465' title='bbox 1319 3181 1487 3232; x_wconf 79' lang='grc' dir='ltr'>αὐτόο</span> <span class='ocrx_word' id='word_1_466' title='bbox 1519 3180 1597 3241; x_wconf 83' lang='grc' dir='ltr'>ὼς</span> <span class='ocrx_word' id='word_1_467' title='bbox 1653 3179 1773 3232; x_wconf 77' lang='grc' dir='ltr'>οὐδὲ</span> 
     </span>
    </p>
   </div>
   <div class='ocr_carea' id='block_1_61' title="bbox 1857 3167 3477 3250">
    <p class='ocr_par' dir='ltr' id='par_1_61' title="bbox 1875 3172 3477 3250">
     <span class='ocr_line' id='line_1_61' title="bbox 1875 3172 3477 3250; baseline -0.002 -11"><span class='ocrx_word' id='word_1_468' title='bbox 1875 3186 2193 3248; x_wconf 83' lang='lat' dir='ltr'><strong>contrarios</strong></span> <span class='ocrx_word' id='word_1_469' title='bbox 2248 3193 2534 3238; x_wconf 89' lang='lat' dir='ltr'><strong>sermones</strong></span> <span class='ocrx_word' id='word_1_470' title='bbox 2584 3184 2872 3250; x_wconf 86' lang='lat' dir='ltr'><strong>admittat;</strong></span> <span class='ocrx_word' id='word_1_471' title='bbox 2920 3172 3023 3238; x_wconf 80' lang='lat' dir='ltr'><strong>sed</strong></span> <span class='ocrx_word' id='word_1_472' title='bbox 3074 3183 3118 3237; x_wconf 91' lang='lat' dir='ltr'><strong>si</strong></span> <span class='ocrx_word' id='word_1_473' title='bbox 3167 3191 3223 3238; x_wconf 91' lang='lat' dir='ltr'><strong>et</strong></span> <span class='ocrx_word' id='word_1_474' title='bbox 3267 3182 3477 3236; x_wconf 87' lang='lat' dir='ltr'><strong>dicitur</strong></span> 
     </span>
    </p>
   </div>
   <div class='ocr_carea' id='block_1_62' title="bbox 220 3255 1840 3351">
    <p class='ocr_par' dir='ltr' id='par_1_62' title="bbox 220 3255 1840 3351">
     <span class='ocr_line' id='line_1_62' title="bbox 220 3255 1840 3351; baseline 0 -30"><span class='ocrx_word' id='word_1_475' title='bbox 220 3268 285 3331; x_wconf 68' lang='grc' dir='ltr'><strong>τδ,</strong></span> <span class='ocrx_word' id='word_1_476' title='bbox 315 3269 675 3334; x_wconf 68' lang='grc' dir='ltr'>«Θανατωθεὶς</span> <span class='ocrx_word' id='word_1_477' title='bbox 720 3273 820 3341; x_wconf 74' lang='grc' dir='ltr'>μὲν</span> <span class='ocrx_word' id='word_1_478' title='bbox 861 3273 1059 3342; x_wconf 71' lang='grc' dir='ltr'>σαρκὶ,</span> <span class='ocrx_word' id='word_1_479' title='bbox 1099 3271 1459 3351; x_wconf 61' lang='grc' dir='ltr'>ζωοποιηθεὶς</span> <span class='ocrx_word' id='word_1_480' title='bbox 1502 3272 1559 3324; x_wconf 82' lang='grc' dir='ltr'>δὲ</span> <span class='ocrx_word' id='word_1_481' title='bbox 1617 3270 1777 3324; x_wconf 81' lang='grc' dir='ltr'>πνεύ-</span> <span class='ocrx_word' id='word_1_482' title='bbox 1809 3255 1840 3310; x_wconf 68' lang='grc' dir='ltr'>(Ῑ</span> 
     </span>
    </p>
   </div>
   <div class='ocr_carea' id='block_1_63' title="bbox 1852 3255 3472 3351">
    <p class='ocr_par' dir='ltr' id='par_1_63' title="bbox 1884 3273 3472 3339">
     <span class='ocr_line' id='line_1_63' title="bbox 1884 3273 3472 3339; baseline -0.001 -10"><span class='ocrx_word' id='word_1_483' title='bbox 1884 3276 2124 3329; x_wconf 80' lang='lat' dir='ltr'><strong>visibilis</strong></span> <span class='ocrx_word' id='word_1_484' title='bbox 2158 3276 2302 3330; x_wconf 87' lang='lat' dir='ltr'><strong>idem</strong></span> <span class='ocrx_word' id='word_1_485' title='bbox 2339 3290 2482 3328; x_wconf 90' lang='lat' dir='ltr'><strong>unus</strong></span> <span class='ocrx_word' id='word_1_486' title='bbox 2510 3274 2926 3337; x_wconf 87' lang='lat' dir='ltr'><strong>Christus,-non</strong></span> <span class='ocrx_word' id='word_1_487' title='bbox 2953 3274 3261 3338; x_wconf 79' lang='lat' dir='ltr'><strong>secundum</strong></span> <span class='ocrx_word' id='word_1_488' title='bbox 3293 3273 3472 3339; x_wconf 88' lang='lat' dir='ltr'><strong>idem;</strong></span> 
     </span>
    </p>
   </div>
   <div class='ocr_carea' id='block_1_64' title="bbox 224 3352 1844 3437">
    <p class='ocr_par' dir='ltr' id='par_1_64' title="bbox 224 3352 1780 3433">
     <span class='ocr_line' id='line_1_64' title="bbox 224 3352 1780 3433; baseline 0.003 -24"><span class='ocrx_word' id='word_1_489' title='bbox 224 3375 334 3425; x_wconf 66' lang='grc' dir='ltr'>ματι</span> <span class='ocrx_word' id='word_1_490' title='bbox 357 3378 369 3388; x_wconf 72' lang='grc' dir='ltr'><strong>ο</strong></span> <span class='ocrx_word' id='word_1_491' title='bbox 397 3381 414 3412; x_wconf 76' lang='grc' dir='ltr'><strong>ι</strong></span> <span class='ocrx_word' id='word_1_492' title='bbox 449 3363 539 3415; x_wconf 80' lang='grc' dir='ltr'>καὶ</span> <span class='ocrx_word' id='word_1_493' title='bbox 570 3364 650 3426; x_wconf 72' lang='grc' dir='ltr'>τὸ,</span> <span class='ocrx_word' id='word_1_494' title='bbox 685 3382 704 3414; x_wconf 72' lang='grc' dir='ltr'><strong>ι</strong></span> <span class='ocrx_word' id='word_1_495' title='bbox 744 3363 807 3414; x_wconf 79' lang='lat' dir='ltr'><strong>Ei</strong></span> <span class='ocrx_word' id='word_1_496' title='bbox 832 3363 940 3433; x_wconf 80' lang='grc' dir='ltr'>γὰρ</span> <span class='ocrx_word' id='word_1_497' title='bbox 961 3365 1056 3415; x_wconf 74' lang='grc' dir='ltr'>καὶ</span> <span class='ocrx_word' id='word_1_498' title='bbox 1091 3352 1446 3427; x_wconf 64' lang='grc' dir='ltr'>ἀπέθανενέξ</span> <span class='ocrx_word' id='word_1_499' title='bbox 1468 3363 1780 3425; x_wconf 83' lang='grc' dir='ltr'>ἀσθενείας,</span> 
     </span>
    </p>
   </div>
   <div class='ocr_carea' id='block_1_65' title="bbox 1855 3352 3475 3437">
    <p class='ocr_par' dir='ltr' id='par_1_65' title="bbox 1886 3364 3475 3437">
     <span class='ocr_line' id='line_1_65' title="bbox 1886 3364 3475 3437; baseline -0.001 -15"><span class='ocrx_word' id='word_1_500' title='bbox 1886 3384 1989 3422; x_wconf 86' lang='lat' dir='ltr'><strong>nec</strong></span> <span class='ocrx_word' id='word_1_501' title='bbox 2015 3369 2223 3437; x_wconf 84' lang='lat' dir='ltr'><strong>pariter</strong></span> <span class='ocrx_word' id='word_1_502' title='bbox 2251 3386 2263 3420; x_wconf 95' lang='lat'>:</span> <span class='ocrx_word' id='word_1_503' title='bbox 2313 3387 2331 3418; x_wconf 77' lang='grc' dir='ltr'><strong>ι</strong></span> <span class='ocrx_word' id='word_1_504' title='bbox 2363 3366 2722 3422; x_wconf 80' lang='lat' dir='ltr'><strong>Mortiﬁcatus</strong></span> <span class='ocrx_word' id='word_1_505' title='bbox 2755 3368 2980 3437; x_wconf 91' lang='lat' dir='ltr'><strong>quidem</strong></span> <span class='ocrx_word' id='word_1_506' title='bbox 3011 3382 3198 3429; x_wconf 86' lang='lat' dir='ltr'><strong>carne,</strong></span> <span class='ocrx_word' id='word_1_507' title='bbox 3231 3364 3475 3420; x_wconf 84' lang='lat' dir='ltr'><strong>viviﬁca-</strong></span> 
     </span>
    </p>
   </div>
   <div class='ocr_carea' id='block_1_66' title="bbox 223 3449 1843 3528">
    <p class='ocr_par' dir='ltr' id='par_1_66' title="bbox 223 3449 1774 3522">
     <span class='ocr_line' id='line_1_66' title="bbox 223 3449 1774 3522; baseline 0.004 -24"><span class='ocrx_word' id='word_1_508' title='bbox 223 3449 340 3501; x_wconf 61' lang='grc' dir='ltr'>ἀλλὰ</span> <span class='ocrx_word' id='word_1_509' title='bbox 365 3453 424 3521; x_wconf 76' lang='grc' dir='ltr'><strong>ζῇ</strong></span> <span class='ocrx_word' id='word_1_510' title='bbox 457 3455 520 3505; x_wconf 86' lang='grc' dir='ltr'>ὲκ</span> <span class='ocrx_word' id='word_1_511' title='bbox 535 3453 846 3522; x_wconf 57' lang='grc' dir='ltr'>δυνάμεως</span> <span class='ocrx_word' id='word_1_512' title='bbox 875 3473 894 3505; x_wconf 74' lang='grc' dir='ltr'><strong>ι</strong></span> <span class='ocrx_word' id='word_1_513' title='bbox 935 3455 1119 3506; x_wconf 76' lang='grc' dir='ltr'>καὶτὰ</span> <span class='ocrx_word' id='word_1_514' title='bbox 1148 3453 1327 3507; x_wconf 82' lang='grc' dir='ltr'>τοιάδε</span> <span class='ocrx_word' id='word_1_515' title='bbox 1351 3473 1362 3482; x_wconf 93' lang='grc'><strong>·</strong></span> <span class='ocrx_word' id='word_1_516' title='bbox 1391 3454 1563 3506; x_wconf 77' lang='grc' dir='ltr'>οὒκὲν</span> <span class='ocrx_word' id='word_1_517' title='bbox 1591 3451 1774 3522; x_wconf 78' lang='grc' dir='ltr'>ταυτῷ</span> 
     </span>
    </p>
   </div>
   <div class='ocr_carea' id='block_1_67' title="bbox 1856 3449 3476 3528">
    <p class='ocr_par' dir='ltr' id='par_1_67' title="bbox 1886 3458 3476 3528">
     <span class='ocr_line' id='line_1_67' title="bbox 1886 3458 3476 3528; baseline 0 -15"><span class='ocrx_word' id='word_1_518' title='bbox 1886 3469 1974 3513; x_wconf 90' lang='lat' dir='ltr'><strong>tus</strong></span> <span class='ocrx_word' id='word_1_519' title='bbox 1995 3468 2176 3513; x_wconf 91' lang='lat' dir='ltr'><strong>autem</strong></span> <span class='ocrx_word' id='word_1_520' title='bbox 2217 3460 2446 3528; x_wconf 88' lang='lat' dir='ltr'><strong>spiritu;</strong></span> <span class='ocrx_word' id='word_1_521' title='bbox 2476 3479 2493 3511; x_wconf 84' lang='grc'>›</span> <span class='ocrx_word' id='word_1_522' title='bbox 2532 3469 2588 3513; x_wconf 91' lang='lat' dir='ltr'><strong>et</strong></span> <span class='ocrx_word' id='word_1_523' title='bbox 2613 3460 2746 3516; x_wconf 92' lang='lat' dir='ltr'><strong>illud</strong></span> <span class='ocrx_word' id='word_1_524' title='bbox 2791 3476 2803 3512; x_wconf 95' lang='lat'>:</span> <span class='ocrx_word' id='word_1_525' title='bbox 2852 3477 2870 3509; x_wconf 76' lang='grc' dir='ltr'><strong>ι</strong></span> <span class='ocrx_word' id='word_1_526' title='bbox 2897 3459 3032 3512; x_wconf 81' lang='lat' dir='ltr'><strong>Nam</strong></span> <span class='ocrx_word' id='word_1_527' title='bbox 3065 3471 3121 3512; x_wconf 87' lang='lat' dir='ltr'><strong>et</strong></span> <span class='ocrx_word' id='word_1_528' title='bbox 3144 3458 3198 3512; x_wconf 85' lang='lat' dir='ltr'><strong>si</strong></span> <span class='ocrx_word' id='word_1_529' title='bbox 3221 3465 3476 3513; x_wconf 79' lang='lat' dir='ltr'><strong>mortuus</strong></span> 
     </span>
    </p>
   </div>
   <div class='ocr_carea' id='block_1_68' title="bbox 221 3538 1841 3617">
    <p class='ocr_par' dir='ltr' id='par_1_68' title="bbox 221 3538 1782 3614">
     <span class='ocr_line' id='line_1_68' title="bbox 221 3538 1782 3614; baseline 0.004 -26"><span class='ocrx_word' id='word_1_530' title='bbox 221 3538 312 3608; x_wconf 66' lang='grc' dir='ltr'><strong>γάρ</strong></span> <span class='ocrx_word' id='word_1_531' title='bbox 341 3557 482 3604; x_wconf 83' lang='grc' dir='ltr'>ποτε,</span> <span class='ocrx_word' id='word_1_532' title='bbox 505 3543 625 3595; x_wconf 81' lang='grc' dir='ltr'>οὐδὲ</span> <span class='ocrx_word' id='word_1_533' title='bbox 650 3545 735 3605; x_wconf 85' lang='grc' dir='ltr'>τὸ,</span> <span class='ocrx_word' id='word_1_534' title='bbox 765 3563 783 3594; x_wconf 74' lang='grc' dir='ltr'><strong>ι</strong></span> <span class='ocrx_word' id='word_1_535' title='bbox 809 3545 893 3595; x_wconf 84' lang='grc' dir='ltr'>Ἐν</span> <span class='ocrx_word' id='word_1_536' title='bbox 910 3545 1052 3614; x_wconf 72' lang='grc' dir='ltr'>ἀρχῇ</span> <span class='ocrx_word' id='word_1_537' title='bbox 1086 3539 1151 3614; x_wconf 75' lang='grc' dir='ltr'>ἦν</span> <span class='ocrx_word' id='word_1_538' title='bbox 1177 3545 1203 3595; x_wconf 84' lang='grc' dir='ltr'>ὀ</span> <span class='ocrx_word' id='word_1_539' title='bbox 1224 3544 1415 3610; x_wconf 83' lang='grc' dir='ltr'>Λόγος,</span> <span class='ocrx_word' id='word_1_540' title='bbox 1447 3543 1541 3596; x_wconf 76' lang='grc' dir='ltr'>καὶ</span> <span class='ocrx_word' id='word_1_541' title='bbox 1557 3545 1584 3595; x_wconf 90' lang='grc' dir='ltr'><strong>ό</strong></span> <span class='ocrx_word' id='word_1_542' title='bbox 1608 3543 1782 3609; x_wconf 87' lang='grc' dir='ltr'>Λόγος</span> 
     </span>
    </p>
   </div>
   <div class='ocr_carea' id='block_1_69' title="bbox 1854 3538 3474 3617">
    <p class='ocr_par' dir='ltr' id='par_1_69' title="bbox 1884 3549 3474 3617">
     <span class='ocr_line' id='line_1_69' title="bbox 1884 3549 3474 3617; baseline -0.002 -11"><span class='ocrx_word' id='word_1_543' title='bbox 1884 3560 1969 3606; x_wconf 81' lang='lat' dir='ltr'><strong>est</strong></span> <span class='ocrx_word' id='word_1_544' title='bbox 2000 3567 2071 3605; x_wconf 74' lang='lat' dir='ltr'><strong>ex</strong></span> <span class='ocrx_word' id='word_1_545' title='bbox 2111 3551 2453 3613; x_wconf 88' lang='lat' dir='ltr'><strong>inﬁrmitate,</strong></span> <span class='ocrx_word' id='word_1_546' title='bbox 2492 3551 2588 3606; x_wconf 91' lang='lat' dir='ltr'><strong>sed</strong></span> <span class='ocrx_word' id='word_1_547' title='bbox 2635 3552 2773 3605; x_wconf 86' lang='lat' dir='ltr'><strong>vivit</strong></span> <span class='ocrx_word' id='word_1_548' title='bbox 2812 3568 2879 3606; x_wconf 81' lang='lat' dir='ltr'><strong>ex</strong></span> <span class='ocrx_word' id='word_1_549' title='bbox 2914 3551 3118 3606; x_wconf 90' lang='lat' dir='ltr'><strong>virtute</strong></span> <span class='ocrx_word' id='word_1_550' title='bbox 3150 3553 3200 3617; x_wconf 86' lang='lat'><strong>&#39;;</strong></span> <span class='ocrx_word' id='word_1_551' title='bbox 3238 3570 3257 3604; x_wconf 73' lang='grc' dir='ltr'><strong>ι</strong></span> <span class='ocrx_word' id='word_1_552' title='bbox 3310 3559 3365 3604; x_wconf 86' lang='lat' dir='ltr'><strong>et</strong></span> <span class='ocrx_word' id='word_1_553' title='bbox 3396 3549 3474 3604; x_wconf 86' lang='lat' dir='ltr'><strong>si-</strong></span> 
     </span>
    </p>
   </div>
   <div class='ocr_carea' id='block_1_70' title="bbox 223 3628 1843 3712">
    <p class='ocr_par' dir='ltr' id='par_1_70' title="bbox 223 3628 1782 3706">
     <span class='ocr_line' id='line_1_70' title="bbox 223 3628 1782 3706; baseline 0.006 -29"><span class='ocrx_word' id='word_1_554' title='bbox 223 3628 340 3696; x_wconf 65' lang='grc' dir='ltr'>σὶρξ</span> <span class='ocrx_word' id='word_1_555' title='bbox 385 3632 618 3699; x_wconf 70' lang='grc' dir='ltr'>ιγένετο,</span> <span class='ocrx_word' id='word_1_556' title='bbox 661 3654 680 3686; x_wconf 76' lang='grc' dir='ltr'><strong>ι</strong></span> <span class='ocrx_word' id='word_1_557' title='bbox 726 3635 982 3704; x_wconf 74' lang='grc' dir='ltr'>νοητὲον·</span> <span class='ocrx_word' id='word_1_558' title='bbox 1032 3636 1113 3706; x_wconf 86' lang='grc' dir='ltr'>τῷ</span> <span class='ocrx_word' id='word_1_559' title='bbox 1171 3635 1270 3705; x_wconf 83' lang='grc' dir='ltr'>μὲν</span> <span class='ocrx_word' id='word_1_560' title='bbox 1295 3635 1404 3705; x_wconf 85' lang='grc' dir='ltr'>γὰρ</span> <span class='ocrx_word' id='word_1_561' title='bbox 1440 3637 1599 3705; x_wconf 82' lang='grc' dir='ltr'>Λόγῳ</span> <span class='ocrx_word' id='word_1_562' title='bbox 1649 3636 1782 3706; x_wconf 83' lang='grc' dir='ltr'>μηδὲ</span> 
     </span>
    </p>
   </div>
   <div class='ocr_carea' id='block_1_71' title="bbox 1852 3628 3472 3712">
    <p class='ocr_par' dir='ltr' id='par_1_71' title="bbox 1885 3642 3472 3712">
     <span class='ocr_line' id='line_1_71' title="bbox 1885 3642 3472 3712; baseline 0.001 -18"><span class='ocrx_word' id='word_1_563' title='bbox 1885 3643 2036 3697; x_wconf 88' lang='lat' dir='ltr'><strong>milia</strong></span> <span class='ocrx_word' id='word_1_564' title='bbox 2070 3660 2084 3695; x_wconf 91' lang='lat'><strong>:</strong></span> <span class='ocrx_word' id='word_1_565' title='bbox 2129 3659 2237 3696; x_wconf 88' lang='lat' dir='ltr'><strong>non</strong></span> <span class='ocrx_word' id='word_1_566' title='bbox 2295 3643 2350 3696; x_wconf 92' lang='lat' dir='ltr'><strong>in</strong></span> <span class='ocrx_word' id='word_1_567' title='bbox 2379 3643 2573 3698; x_wconf 90' lang='lat' dir='ltr'><strong>eodem</strong></span> <span class='ocrx_word' id='word_1_568' title='bbox 2611 3645 2758 3698; x_wconf 88' lang='lat' dir='ltr'><strong>enim</strong></span> <span class='ocrx_word' id='word_1_569' title='bbox 2811 3659 2967 3707; x_wconf 87' lang='lat' dir='ltr'><strong>sane,</strong></span> <span class='ocrx_word' id='word_1_570' title='bbox 3001 3658 3104 3697; x_wconf 89' lang='lat' dir='ltr'><strong>nec</strong></span> <span class='ocrx_word' id='word_1_571' title='bbox 3133 3660 3147 3695; x_wconf 86' lang='lat'><strong>:</strong></span> <span class='ocrx_word' id='word_1_572' title='bbox 3183 3663 3201 3693; x_wconf 77' lang='grc' dir='ltr'><strong>ι</strong></span> <span class='ocrx_word' id='word_1_573' title='bbox 3231 3643 3290 3697; x_wconf 85' lang='lat' dir='ltr'><strong>In</strong></span> <span class='ocrx_word' id='word_1_574' title='bbox 3323 3642 3472 3712; x_wconf 86' lang='lat' dir='ltr'><strong>prin-</strong></span> 
     </span>
    </p>
   </div>
   <div class='ocr_carea' id='block_1_72' title="bbox 223 3721 1843 3822">
    <p class='ocr_par' dir='ltr' id='par_1_72' title="bbox 223 3721 1778 3822">
     <span class='ocr_line' id='line_1_72' title="bbox 223 3721 1778 3822; baseline 0.012 -53"><span class='ocrx_word' id='word_1_575' title='bbox 223 3721 330 3822; x_wconf 55' lang='grc' dir='ltr'>καθ’</span> <span class='ocrx_word' id='word_1_576' title='bbox 369 3723 581 3777; x_wconf 83' lang='grc' dir='ltr'>οἱανοῦν</span> <span class='ocrx_word' id='word_1_577' title='bbox 623 3726 801 3796; x_wconf 81' lang='grc' dir='ltr'>ἀρχὴν</span> <span class='ocrx_word' id='word_1_578' title='bbox 848 3728 1138 3794; x_wconf 80' lang='grc' dir='ltr'>γεγονέναι</span> <span class='ocrx_word' id='word_1_579' title='bbox 1185 3728 1481 3798; x_wconf 78' lang='grc' dir='ltr'>μαρτυρῶν</span> <span class='ocrx_word' id='word_1_580' title='bbox 1521 3727 1778 3796; x_wconf 83' lang='grc' dir='ltr'>ἀνάρχως</span> 
     </span>
    </p>
   </div>
   <div class='ocr_carea' id='block_1_73' title="bbox 1852 3721 3472 3822">
    <p class='ocr_par' dir='ltr' id='par_1_73' title="bbox 1882 3734 3472 3804">
     <span class='ocr_line' id='line_1_73' title="bbox 1882 3734 3472 3804; baseline -0.001 -17"><span class='ocrx_word' id='word_1_581' title='bbox 1882 3735 2029 3804; x_wconf 90' lang='lat' dir='ltr'><strong>cipio</strong></span> <span class='ocrx_word' id='word_1_582' title='bbox 2070 3747 2191 3789; x_wconf 90' lang='lat' dir='ltr'><strong>erat</strong></span> <span class='ocrx_word' id='word_1_583' title='bbox 2237 3735 2518 3800; x_wconf 86' lang='lat' dir='ltr'><strong>Verbum;</strong></span> <span class='ocrx_word' id='word_1_584' title='bbox 2561 3753 2578 3785; x_wconf 74' lang='grc' dir='ltr'><strong>ι</strong></span> <span class='ocrx_word' id='word_1_585' title='bbox 2615 3745 2671 3788; x_wconf 88' lang='lat' dir='ltr'><strong>et</strong></span> <span class='ocrx_word' id='word_1_586' title='bbox 2708 3753 2718 3787; x_wconf 93' lang='lat'><strong>:</strong></span> <span class='ocrx_word' id='word_1_587' title='bbox 2763 3754 2780 3786; x_wconf 83' lang='lat'><strong>(</strong></span> <span class='ocrx_word' id='word_1_588' title='bbox 2810 3735 3051 3789; x_wconf 88' lang='lat' dir='ltr'><strong>Verbum</strong></span> <span class='ocrx_word' id='word_1_589' title='bbox 3099 3751 3228 3789; x_wconf 85' lang='lat' dir='ltr'><strong>caro</strong></span> <span class='ocrx_word' id='word_1_590' title='bbox 3266 3734 3472 3788; x_wconf 78' lang='lat' dir='ltr'><strong>factum</strong></span> 
     </span>
    </p>
   </div>
   <div class='ocr_carea' id='block_1_74' title="bbox 224 3813 1844 3896">
    <p class='ocr_par' dir='ltr' id='par_1_74' title="bbox 224 3813 1780 3889">
     <span class='ocr_line' id='line_1_74' title="bbox 224 3813 1780 3889; baseline 0.004 -29"><span class='ocrx_word' id='word_1_591' title='bbox 224 3813 358 3872; x_wconf 74' lang='grc' dir='ltr'>εἶναι,</span> <span class='ocrx_word' id='word_1_592' title='bbox 387 3813 479 3884; x_wconf 72' lang='grc' dir='ltr'>τὴν</span> <span class='ocrx_word' id='word_1_593' title='bbox 515 3817 696 3886; x_wconf 88' lang='grc' dir='ltr'>σάρκα</span> <span class='ocrx_word' id='word_1_594' title='bbox 726 3817 982 3884; x_wconf 83' lang='grc' dir='ltr'>γενέσθαι</span> <span class='ocrx_word' id='word_1_595' title='bbox 1007 3819 1173 3889; x_wconf 78' lang='grc' dir='ltr'>φησί’</span> <span class='ocrx_word' id='word_1_596' title='bbox 1203 3817 1333 3871; x_wconf 77' lang='grc' dir='ltr'><strong>ἀλλ’</strong></span> <span class='ocrx_word' id='word_1_597' title='bbox 1353 3816 1597 3878; x_wconf 80' lang='grc' dir='ltr'>ἀπειθῶς</span> <span class='ocrx_word' id='word_1_598' title='bbox 1627 3817 1780 3884; x_wconf 68' lang='grc' dir='ltr'>ἔχον-</span> 
     </span>
    </p>
   </div>
   <div class='ocr_carea' id='block_1_75' title="bbox 1851 3813 3471 3896">
    <p class='ocr_par' dir='ltr' id='par_1_75' title="bbox 1881 3825 3471 3896">
     <span class='ocr_line' id='line_1_75' title="bbox 1881 3825 3471 3896; baseline -0.002 -15"><span class='ocrx_word' id='word_1_599' title='bbox 1881 3836 1988 3889; x_wconf 88' lang='lat' dir='ltr'><strong>est,</strong></span> <span class='ocrx_word' id='word_1_600' title='bbox 2023 3825 2060 3878; x_wconf 74' lang='grc' dir='ltr'>ι’</span> <span class='ocrx_word' id='word_1_601' title='bbox 2083 3826 2439 3896; x_wconf 81' lang='lat' dir='ltr'><strong>cogitandum</strong></span> <span class='ocrx_word' id='word_1_602' title='bbox 2472 3846 2484 3881; x_wconf 90' lang='lat'><strong>:</strong></span> <span class='ocrx_word' id='word_1_603' title='bbox 2521 3827 2588 3881; x_wconf 89' lang='lat' dir='ltr'><strong>de</strong></span> <span class='ocrx_word' id='word_1_604' title='bbox 2620 3826 2804 3882; x_wconf 91' lang='lat' dir='ltr'><strong>Verbo</strong></span> <span class='ocrx_word' id='word_1_605' title='bbox 2844 3827 2992 3881; x_wconf 88' lang='lat' dir='ltr'><strong>enim</strong></span> <span class='ocrx_word' id='word_1_606' title='bbox 3029 3841 3129 3880; x_wconf 88' lang='lat' dir='ltr'><strong>nec</strong></span> <span class='ocrx_word' id='word_1_607' title='bbox 3168 3825 3471 3880; x_wconf 91' lang='lat' dir='ltr'><strong>secundum</strong></span> 
     </span>
    </p>
   </div>
   <div class='ocr_carea' id='block_1_76' title="bbox 223 3902 1843 3988">
    <p class='ocr_par' dir='ltr' id='par_1_76' title="bbox 223 3902 1780 3978">
     <span class='ocr_line' id='line_1_76' title="bbox 223 3902 1780 3978; baseline 0.004 -28"><span class='ocrx_word' id='word_1_608' title='bbox 223 3915 316 3961; x_wconf 77' lang='grc' dir='ltr'>τες,</span> <span class='ocrx_word' id='word_1_609' title='bbox 350 3902 557 3956; x_wconf 78' lang='grc' dir='ltr'>δοκοῦσι</span> <span class='ocrx_word' id='word_1_610' title='bbox 588 3907 800 3968; x_wconf 82' lang='grc' dir='ltr'>πιστῶς</span> <span class='ocrx_word' id='word_1_611' title='bbox 834 3908 1088 3960; x_wconf 64' lang='grc' dir='ltr'>άπιστεῖν</span> <span class='ocrx_word' id='word_1_612' title='bbox 1120 3908 1200 3977; x_wconf 81' lang='grc' dir='ltr'>τῷ</span> <span class='ocrx_word' id='word_1_613' title='bbox 1222 3908 1381 3978; x_wconf 70' lang='grc' dir='ltr'>Λόγῳ</span> <span class='ocrx_word' id='word_1_614' title='bbox 1410 3908 1498 3961; x_wconf 83' lang='grc' dir='ltr'>διὰ</span> <span class='ocrx_word' id='word_1_615' title='bbox 1521 3908 1620 3976; x_wconf 81' lang='grc' dir='ltr'>τῆς</span> <span class='ocrx_word' id='word_1_616' title='bbox 1653 3907 1780 3958; x_wconf 85' lang='grc' dir='ltr'><strong>ἁλο-</strong></span> 
     </span>
    </p>
   </div>
   <div class='ocr_carea' id='block_1_77' title="bbox 1855 3902 3475 3988">
    <p class='ocr_par' dir='ltr' id='par_1_77' title="bbox 1883 3917 3475 3988">
     <span class='ocr_line' id='line_1_77' title="bbox 1883 3917 3475 3988; baseline 0.001 -18"><span class='ocrx_word' id='word_1_617' title='bbox 1883 3918 2198 3988; x_wconf 91' lang='lat' dir='ltr'><strong>quodquam</strong></span> <span class='ocrx_word' id='word_1_618' title='bbox 2249 3919 2470 3972; x_wconf 89' lang='lat' dir='ltr'><strong>initium</strong></span> <span class='ocrx_word' id='word_1_619' title='bbox 2512 3919 2716 3973; x_wconf 79' lang='lat' dir='ltr'><strong>factum</strong></span> <span class='ocrx_word' id='word_1_620' title='bbox 2769 3919 2940 3973; x_wconf 83' lang='lat' dir='ltr'><strong>fuisse</strong></span> <span class='ocrx_word' id='word_1_621' title='bbox 2993 3917 3292 3972; x_wconf 82' lang='lat' dir='ltr'><strong>testiﬁcans</strong></span> <span class='ocrx_word' id='word_1_622' title='bbox 3340 3917 3475 3972; x_wconf 81' lang='lat' dir='ltr'><strong>dicit</strong></span> 
     </span>
    </p>
   </div>
   <div class='ocr_carea' id='block_1_78' title="bbox 230 3991 1850 4080">
    <p class='ocr_par' dir='ltr' id='par_1_78' title="bbox 230 3991 1783 4068">
     <span class='ocr_line' id='line_1_78' title="bbox 230 3991 1783 4068; baseline -0.005 -14"><span class='ocrx_word' id='word_1_623' title='bbox 230 3991 491 4054; x_wconf 68' lang='grc' dir='ltr'><strong>γίας.οῖδε</strong></span> <span class='ocrx_word' id='word_1_624' title='bbox 517 3997 650 4067; x_wconf 87' lang='grc' dir='ltr'>γὰρ,</span> <span class='ocrx_word' id='word_1_625' title='bbox 687 3999 870 4066; x_wconf 76' lang='grc' dir='ltr'>φασὶν,</span> <span class='ocrx_word' id='word_1_626' title='bbox 890 4000 1037 4059; x_wconf 79' lang='grc' dir='ltr'><strong>ὅπως</strong></span> <span class='ocrx_word' id='word_1_627' title='bbox 1059 3998 1234 4051; x_wconf 79' lang='grc' dir='ltr'>ταῦτα</span> <span class='ocrx_word' id='word_1_628' title='bbox 1270 4001 1558 4068; x_wconf 86' lang='grc' dir='ltr'>γενήσεται</span> <span class='ocrx_word' id='word_1_629' title='bbox 1607 3996 1783 4066; x_wconf 80' lang='grc' dir='ltr'>αὐτῷ,</span> 
     </span>
    </p>
   </div>
   <div class='ocr_carea' id='block_1_79' title="bbox 1857 3991 3477 4080">
    <p class='ocr_par' dir='ltr' id='par_1_79' title="bbox 1881 4008 3477 4080">
     <span class='ocr_line' id='line_1_79' title="bbox 1881 4008 3477 4080; baseline 0 -18"><span class='ocrx_word' id='word_1_630' title='bbox 1881 4009 2029 4077; x_wconf 91' lang='lat' dir='ltr'><strong>quod</strong></span> <span class='ocrx_word' id='word_1_631' title='bbox 2063 4020 2146 4064; x_wconf 89' lang='lat' dir='ltr'><strong>est</strong></span> <span class='ocrx_word' id='word_1_632' title='bbox 2177 4011 2243 4063; x_wconf 90' lang='lat' dir='ltr'><strong>ab</strong></span> <span class='ocrx_word' id='word_1_633' title='bbox 2281 4011 2462 4074; x_wconf 83' lang='lat' dir='ltr'><strong>initio,</strong></span> <span class='ocrx_word' id='word_1_634' title='bbox 2497 4027 2621 4064; x_wconf 84' lang='lat' dir='ltr'><strong>mox</strong></span> <span class='ocrx_word' id='word_1_635' title='bbox 2665 4012 2811 4080; x_wconf 81' lang='lat' dir='ltr'><strong>quod</strong></span> <span class='ocrx_word' id='word_1_636' title='bbox 2856 4026 2987 4064; x_wconf 87' lang='lat' dir='ltr'><strong>caro</strong></span> <span class='ocrx_word' id='word_1_637' title='bbox 3026 4010 3230 4064; x_wconf 82' lang='lat' dir='ltr'><strong>factum</strong></span> <span class='ocrx_word' id='word_1_638' title='bbox 3265 4021 3350 4063; x_wconf 90' lang='lat' dir='ltr'><strong>est</strong></span> <span class='ocrx_word' id='word_1_639' title='bbox 3381 4008 3477 4080; x_wconf 67' lang='lat' dir='ltr'><strong>ad-</strong></span> 
     </span>
    </p>
   </div>
   <div class='ocr_carea' id='block_1_80' title="bbox 222 4083 1842 4160">
    <p class='ocr_par' dir='ltr' id='par_1_80' title="bbox 222 4083 1782 4160">
     <span class='ocr_line' id='line_1_80' title="bbox 222 4083 1782 4160; baseline 0.004 -27"><span class='ocrx_word' id='word_1_640' title='bbox 222 4083 309 4134; x_wconf 76' lang='grc' dir='ltr'>κῖιν</span> <span class='ocrx_word' id='word_1_641' title='bbox 340 4087 461 4155; x_wconf 67' lang='grc' dir='ltr'>ἡμῖν</span> <span class='ocrx_word' id='word_1_642' title='bbox 485 4088 726 4143; x_wconf 79' lang='grc' dir='ltr'>ἀδύνατα</span> <span class='ocrx_word' id='word_1_643' title='bbox 753 4090 888 4160; x_wconf 78' lang='grc' dir='ltr'>δοκῇ</span> <span class='ocrx_word' id='word_1_644' title='bbox 917 4106 930 4119; x_wconf 91' lang='grc'>·</span> <span class='ocrx_word' id='word_1_645' title='bbox 978 4090 1094 4143; x_wconf 77' lang='grc' dir='ltr'>ἀλλ’</span> <span class='ocrx_word' id='word_1_646' title='bbox 1130 4091 1282 4143; x_wconf 68' lang='grc' dir='ltr'>οὐδὲν</span> <span class='ocrx_word' id='word_1_647' title='bbox 1317 4089 1558 4143; x_wconf 75' lang='grc' dir='ltr'>τοιοῦτον</span> <span class='ocrx_word' id='word_1_648' title='bbox 1588 4088 1782 4156; x_wconf 75' lang='grc' dir='ltr'>ἄλογον</span> 
     </span>
    </p>
   </div>
   <div class='ocr_carea' id='block_1_81' title="bbox 1853 4083 3473 4160">
    <p class='ocr_par' dir='ltr' id='par_1_81' title="bbox 1887 4098 3473 4154">
     <span class='ocr_line' id='line_1_81' title="bbox 1887 4098 3473 4154; baseline 0.001 -2"><span class='ocrx_word' id='word_1_649' title='bbox 1887 4098 1990 4152; x_wconf 89' lang='lat' dir='ltr'><strong>dit.</strong></span> <span class='ocrx_word' id='word_1_650' title='bbox 2042 4099 2147 4153; x_wconf 72' lang='lat' dir='ltr'><strong>Sed</strong></span> <span class='ocrx_word' id='word_1_651' title='bbox 2191 4099 2459 4152; x_wconf 80' lang='lat' dir='ltr'><strong>increduli</strong></span> <span class='ocrx_word' id='word_1_652' title='bbox 2490 4100 2674 4154; x_wconf 85' lang='lat' dir='ltr'><strong>Verbo</strong></span> <span class='ocrx_word' id='word_1_653' title='bbox 2710 4100 2950 4154; x_wconf 87' lang='lat' dir='ltr'><strong>ﬁdeliter</strong></span> <span class='ocrx_word' id='word_1_654' title='bbox 2983 4100 3302 4154; x_wconf 89' lang='lat' dir='ltr'><strong>incredulos</strong></span> <span class='ocrx_word' id='word_1_655' title='bbox 3351 4114 3473 4154; x_wconf 87' lang='lat' dir='ltr'><strong>esse</strong></span> 
     </span>
    </p>
   </div>
   <div class='ocr_carea' id='block_1_82' title="bbox 219 4173 1839 4260">
    <p class='ocr_par' dir='ltr' id='par_1_82' title="bbox 219 4173 1782 4251">
     <span class='ocr_line' id='line_1_82' title="bbox 219 4173 1782 4251; baseline 0.013 -26"><span class='ocrx_word' id='word_1_656' title='bbox 219 4173 556 4239; x_wconf 75' lang='grc' dir='ltr'>ἦάσύστατον</span> <span class='ocrx_word' id='word_1_657' title='bbox 605 4180 711 4248; x_wconf 68' lang='grc' dir='ltr'><strong>ἔφη</strong></span> <span class='ocrx_word' id='word_1_658' title='bbox 749 4181 879 4251; x_wconf 68' lang='grc' dir='ltr'>περὶ</span> <span class='ocrx_word' id='word_1_659' title='bbox 919 4182 1118 4234; x_wconf 78' lang='grc' dir='ltr'>ἑαυτοῦ</span> <span class='ocrx_word' id='word_1_660' title='bbox 1163 4182 1382 4236; x_wconf 83' lang='grc' dir='ltr'>πώποτε</span> <span class='ocrx_word' id='word_1_661' title='bbox 1429 4185 1456 4250; x_wconf 73' lang='grc' dir='ltr'><strong>ό</strong></span> <span class='ocrx_word' id='word_1_662' title='bbox 1495 4182 1690 4248; x_wconf 68' lang='grc' dir='ltr'>Λόγος,</span> <span class='ocrx_word' id='word_1_663' title='bbox 1737 4177 1782 4234; x_wconf 77' lang='grc' dir='ltr'><strong>ὧ</strong></span> 
     </span>
    </p>
   </div>
   <div class='ocr_carea' id='block_1_83' title="bbox 1847 4173 3467 4260">
    <p class='ocr_par' dir='ltr' id='par_1_83' title="bbox 1889 4191 3467 4260">
     <span class='ocr_line' id='line_1_83' title="bbox 1889 4191 3467 4260; baseline 0.001 -17"><span class='ocrx_word' id='word_1_664' title='bbox 1889 4206 1986 4258; x_wconf 92' lang='lat' dir='ltr'><strong>per</strong></span> <span class='ocrx_word' id='word_1_665' title='bbox 2035 4191 2306 4244; x_wconf 86' lang='lat' dir='ltr'><strong>insaniam</strong></span> <span class='ocrx_word' id='word_1_666' title='bbox 2358 4191 2620 4245; x_wconf 88' lang='lat' dir='ltr'><strong>videntur</strong></span> <span class='ocrx_word' id='word_1_667' title='bbox 2663 4211 2677 4244; x_wconf 84' lang='lat'>:</span> <span class='ocrx_word' id='word_1_668' title='bbox 2717 4192 2873 4245; x_wconf 84' lang='lat' dir='ltr'><strong>novit</strong></span> <span class='ocrx_word' id='word_1_669' title='bbox 2905 4192 3076 4257; x_wconf 84' lang='lat' dir='ltr'><strong>enim,</strong></span> <span class='ocrx_word' id='word_1_670' title='bbox 3114 4192 3294 4255; x_wconf 85' lang='lat' dir='ltr'><strong>aiunt,</strong></span> <span class='ocrx_word' id='word_1_671' title='bbox 3327 4206 3467 4260; x_wconf 92' lang='lat' dir='ltr'><strong>quo-</strong></span> 
     </span>
    </p>
   </div>
   <div class='ocr_carea' id='block_1_84' title="bbox 222 4266 1842 4353">
    <p class='ocr_par' dir='ltr' id='par_1_84' title="bbox 222 4266 1779 4344">
     <span class='ocr_line' id='line_1_84' title="bbox 222 4266 1779 4344; baseline 0.006 -31"><span class='ocrx_word' id='word_1_672' title='bbox 222 4266 448 4335; x_wconf 72' lang='grc' dir='ltr'>αδελφοίο</span> <span class='ocrx_word' id='word_1_673' title='bbox 479 4271 529 4322; x_wconf 87' lang='grc' dir='ltr'><strong>τί</strong></span> <span class='ocrx_word' id='word_1_674' title='bbox 558 4268 652 4324; x_wconf 70' lang='grc' dir='ltr'>οὖν</span> <span class='ocrx_word' id='word_1_675' title='bbox 690 4273 773 4326; x_wconf 74' lang='grc' dir='ltr'><strong>δεῖ</strong></span> <span class='ocrx_word' id='word_1_676' title='bbox 811 4274 955 4342; x_wconf 80' lang='grc' dir='ltr'>ὑμᾶς</span> <span class='ocrx_word' id='word_1_677' title='bbox 1000 4276 1363 4342; x_wconf 73' lang='grc' dir='ltr'>συκοφαντεῖν</span> <span class='ocrx_word' id='word_1_678' title='bbox 1400 4273 1490 4325; x_wconf 70' lang='grc' dir='ltr'>τὸν</span> <span class='ocrx_word' id='word_1_679' title='bbox 1522 4273 1779 4344; x_wconf 70' lang='grc' dir='ltr'>Χριστὸν,</span> 
     </span>
    </p>
   </div>
   <div class='ocr_carea' id='block_1_85' title="bbox 1858 4266 3478 4353">
    <p class='ocr_par' dir='ltr' id='par_1_85' title="bbox 1888 4282 3478 4353">
     <span class='ocr_line' id='line_1_85' title="bbox 1888 4282 3478 4353; baseline -0.001 -17"><span class='ocrx_word' id='word_1_680' title='bbox 1888 4283 2062 4339; x_wconf 89' lang='lat' dir='ltr'><strong>modo.</strong></span> <span class='ocrx_word' id='word_1_681' title='bbox 2085 4284 2174 4336; x_wconf 89' lang='lat' dir='ltr'><strong>illa</strong></span> <span class='ocrx_word' id='word_1_682' title='bbox 2227 4284 2359 4337; x_wconf 90' lang='lat' dir='ltr'><strong>huic</strong></span> <span class='ocrx_word' id='word_1_683' title='bbox 2415 4283 2567 4348; x_wconf 86' lang='lat' dir='ltr'><strong>ﬁent,</strong></span> <span class='ocrx_word' id='word_1_684' title='bbox 2621 4284 2752 4338; x_wconf 88' lang='lat' dir='ltr'><strong>licet</strong></span> <span class='ocrx_word' id='word_1_685' title='bbox 2787 4284 2949 4353; x_wconf 79' lang='lat' dir='ltr'><strong>nobis</strong></span> <span class='ocrx_word' id='word_1_686' title='bbox 2981 4284 3348 4353; x_wconf 87' lang='lat' dir='ltr'><strong>impossibilia</strong></span> <span class='ocrx_word' id='word_1_687' title='bbox 3395 4282 3478 4335; x_wconf 90' lang='lat' dir='ltr'><strong>vi-</strong></span> 
     </span>
    </p>
   </div>
   <div class='ocr_carea' id='block_1_86' title="bbox 221 4355 1841 4435">
    <p class='ocr_par' dir='ltr' id='par_1_86' title="bbox 221 4355 1781 4435">
     <span class='ocr_line' id='line_1_86' title="bbox 221 4355 1781 4435; baseline 0.004 -25"><span class='ocrx_word' id='word_1_688' title='bbox 221 4355 297 4407; x_wconf 75' lang='grc' dir='ltr'>ἵνα</span> <span class='ocrx_word' id='word_1_689' title='bbox 347 4360 402 4412; x_wconf 81' lang='grc' dir='ltr'>τὸ</span> <span class='ocrx_word' id='word_1_690' title='bbox 455 4363 586 4416; x_wconf 70' lang='grc' dir='ltr'>ἴδιον</span> <span class='ocrx_word' id='word_1_691' title='bbox 629 4367 994 4435; x_wconf 71' lang='grc' dir='ltr'>συστήσωμεν</span> <span class='ocrx_word' id='word_1_692' title='bbox 1044 4366 1186 4417; x_wconf 73' lang='grc' dir='ltr'>κατὰ</span> <span class='ocrx_word' id='word_1_693' title='bbox 1233 4366 1435 4417; x_wconf 83' lang='grc' dir='ltr'>σκοπὸν</span> <span class='ocrx_word' id='word_1_694' title='bbox 1484 4364 1610 4434; x_wconf 81' lang='grc' dir='ltr'>ἔχον</span> <span class='ocrx_word' id='word_1_695' title='bbox 1646 4365 1781 4433; x_wconf 79' lang='grc' dir='ltr'>ἡμῖν</span> 
     </span>
    </p>
   </div>
   <div class='ocr_carea' id='block_1_87' title="bbox 1857 4355 3477 4435">
    <p class='ocr_par' dir='ltr' id='par_1_87' title="bbox 1885 4371 3477 4426">
     <span class='ocr_line' id='line_1_87' title="bbox 1885 4371 3477 4426; baseline -0.001 -1"><span class='ocrx_word' id='word_1_696' title='bbox 1885 4371 2123 4426; x_wconf 90' lang='lat' dir='ltr'><strong>deantur</strong></span> <span class='ocrx_word' id='word_1_697' title='bbox 2158 4391 2170 4424; x_wconf 91' lang='lat'>:</span> <span class='ocrx_word' id='word_1_698' title='bbox 2206 4373 2298 4426; x_wconf 89' lang='lat' dir='ltr'><strong>sed</strong></span> <span class='ocrx_word' id='word_1_699' title='bbox 2338 4373 2474 4425; x_wconf 90' lang='lat' dir='ltr'><strong>nihil</strong></span> <span class='ocrx_word' id='word_1_700' title='bbox 2522 4382 2629 4426; x_wconf 87' lang='lat' dir='ltr'><strong>tam</strong></span> <span class='ocrx_word' id='word_1_701' title='bbox 2667 4373 2921 4426; x_wconf 87' lang='lat' dir='ltr'><strong>insanum</strong></span> <span class='ocrx_word' id='word_1_702' title='bbox 2965 4381 3059 4425; x_wconf 91' lang='lat' dir='ltr'><strong>aut</strong></span> <span class='ocrx_word' id='word_1_703' title='bbox 3103 4382 3313 4425; x_wconf 67' lang='lat' dir='ltr'><strong>naturae</strong></span> <span class='ocrx_word' id='word_1_704' title='bbox 3345 4386 3477 4424; x_wconf 84' lang='lat' dir='ltr'><strong>eon-</strong></span> 
     </span>
    </p>
   </div>
   <div class='ocr_carea' id='block_1_88' title="bbox 219 4448 3471 4533">
    <p class='ocr_par' dir='ltr' id='par_1_88' title="bbox 219 4448 3471 4533">
     <span class='ocr_line' id='line_1_88' title="bbox 219 4448 3471 4533; baseline 0.001 -21"><span class='ocrx_word' id='word_1_705' title='bbox 219 4448 471 4520; x_wconf 69' lang='grc' dir='ltr'>ἀγνόημα;</span> <span class='ocrx_word' id='word_1_706' title='bbox 1885 4464 2118 4516; x_wconf 88' lang='lat' dir='ltr'><strong>trarium</strong></span> <span class='ocrx_word' id='word_1_707' title='bbox 2150 4461 2287 4516; x_wconf 79' lang='lat' dir='ltr'><strong>dixit</strong></span> <span class='ocrx_word' id='word_1_708' title='bbox 2317 4464 2383 4517; x_wconf 91' lang='lat' dir='ltr'><strong>de</strong></span> <span class='ocrx_word' id='word_1_709' title='bbox 2409 4465 2593 4533; x_wconf 89' lang='lat' dir='ltr'><strong>seipso</strong></span> <span class='ocrx_word' id='word_1_710' title='bbox 2629 4480 2870 4533; x_wconf 87' lang='lat' dir='ltr'><strong>unquam</strong></span> <span class='ocrx_word' id='word_1_711' title='bbox 2894 4465 3158 4527; x_wconf 83' lang='lat' dir='ltr'><strong>Verbum,</strong></span> <span class='ocrx_word' id='word_1_712' title='bbox 3188 4480 3220 4517; x_wconf 86' lang='grc' dir='ltr'><strong>ο</strong></span> <span class='ocrx_word' id='word_1_713' title='bbox 3250 4462 3471 4526; x_wconf 80' lang='lat' dir='ltr'><strong>fratres;</strong></span> 
     </span>
    </p>
   </div>
   <div class='ocr_carea' id='block_1_89' title="bbox 219 4546 3479 4624">
    <p class='ocr_par' dir='ltr' id='par_1_89' title="bbox 219 4546 3479 4624">
     <span class='ocr_line' id='line_1_89' title="bbox 219 4546 3479 4624; baseline 0.005 -34"><span class='ocrx_word' id='word_1_714' title='bbox 219 4554 306 4593; x_wconf 85' lang='lat' dir='ltr'><strong>cur</strong></span> <span class='ocrx_word' id='word_1_715' title='bbox 353 4559 478 4614; x_wconf 76' lang='lat' dir='ltr'><strong>ergo</strong></span> <span class='ocrx_word' id='word_1_716' title='bbox 529 4556 775 4602; x_wconf 84' lang='lat' dir='ltr'><strong>vestrum</strong></span> <span class='ocrx_word' id='word_1_717' title='bbox 829 4557 913 4602; x_wconf 84' lang='lat' dir='ltr'><strong>est</strong></span> <span class='ocrx_word' id='word_1_718' title='bbox 984 4546 1053 4602; x_wconf 89' lang='lat' dir='ltr'><strong>de</strong></span> <span class='ocrx_word' id='word_1_719' title='bbox 1104 4546 1327 4602; x_wconf 81' lang='lat' dir='ltr'><strong>Christo</strong></span> <span class='ocrx_word' id='word_1_720' title='bbox 1379 4546 1709 4603; x_wconf 84' lang='lat' dir='ltr'><strong>calumniari</strong></span> <span class='ocrx_word' id='word_1_721' title='bbox 1753 4561 1815 4605; x_wconf 91' lang='lat' dir='ltr'><strong>ut</strong></span> <span class='ocrx_word' id='word_1_722' title='bbox 1883 4555 2218 4624; x_wconf 87' lang='lat' dir='ltr'><strong>particulare</strong></span> <span class='ocrx_word' id='word_1_723' title='bbox 2263 4556 2317 4609; x_wconf 92' lang='lat' dir='ltr'><strong>in</strong></span> <span class='ocrx_word' id='word_1_724' title='bbox 2371 4556 2472 4610; x_wconf 85' lang='lat' dir='ltr'><strong>hac</strong></span> <span class='ocrx_word' id='word_1_725' title='bbox 2528 4557 2837 4624; x_wconf 64' lang='lat' dir='ltr'><strong>quaestione</strong></span> <span class='ocrx_word' id='word_1_726' title='bbox 2897 4555 3273 4618; x_wconf 81' lang='lat' dir='ltr'><strong>stabiliamus,</strong></span> <span class='ocrx_word' id='word_1_727' title='bbox 3325 4553 3479 4623; x_wconf 73' lang='lat' dir='ltr'><strong>quod</strong></span> 
     </span>
    </p>
   </div>
   <div class='ocr_carea' id='block_1_90' title="bbox 219 4641 1345 4715">
    <p class='ocr_par' dir='ltr' id='par_1_90' title="bbox 219 4641 1345 4715">
     <span class='ocr_line' id='line_1_90' title="bbox 219 4641 1345 4715; baseline 0.006 -26"><span class='ocrx_word' id='word_1_728' title='bbox 219 4648 243 4685; x_wconf 87' lang='lat' dir='ltr'><strong>e</strong></span> <span class='ocrx_word' id='word_1_729' title='bbox 275 4648 413 4704; x_wconf 90' lang='lat' dir='ltr'><strong>parte</strong></span> <span class='ocrx_word' id='word_1_730' title='bbox 461 4651 652 4715; x_wconf 82' lang='lat' dir='ltr'><strong>nostra</strong></span> <span class='ocrx_word' id='word_1_731' title='bbox 681 4641 1048 4711; x_wconf 79' lang='lat' dir='ltr'><strong>ignorantiam</strong></span> <span class='ocrx_word' id='word_1_732' title='bbox 1099 4641 1345 4710; x_wconf 83' lang='lat' dir='ltr'><strong>prodat?</strong></span> 
     </span>
    </p>
   </div>
   <div class='ocr_carea' id='block_1_91' title="bbox 286 4733 1906 4808">
    <p class='ocr_par' dir='ltr' id='par_1_91' title="bbox 286 4733 1853 4807">
     <span class='ocr_line' id='line_1_91' title="bbox 286 4733 1853 4807; baseline 0.005 -25"><span class='ocrx_word' id='word_1_733' title='bbox 286 4737 387 4796; x_wconf 83' lang='grc' dir='ltr'>μα’.</span> <span class='ocrx_word' id='word_1_734' title='bbox 429 4735 545 4785; x_wconf 84' lang='grc' dir='ltr'>Ἐτι</span> <span class='ocrx_word' id='word_1_735' title='bbox 593 4737 626 4801; x_wconf 81' lang='grc' dir='ltr'>ἠ</span> <span class='ocrx_word' id='word_1_736' title='bbox 680 4734 914 4805; x_wconf 77' lang='grc' dir='ltr'>φύσιςή</span> <span class='ocrx_word' id='word_1_737' title='bbox 969 4734 1089 4787; x_wconf 83' lang='grc' dir='ltr'>θεία</span> <span class='ocrx_word' id='word_1_738' title='bbox 1137 4736 1317 4804; x_wconf 77' lang='grc' dir='ltr'>πάντη</span> <span class='ocrx_word' id='word_1_739' title='bbox 1366 4737 1550 4807; x_wconf 80' lang='grc' dir='ltr'><strong>ἁπλῆ·</strong></span> <span class='ocrx_word' id='word_1_740' title='bbox 1597 4737 1629 4806; x_wconf 85' lang='grc' dir='ltr'>ἠ</span> <span class='ocrx_word' id='word_1_741' title='bbox 1681 4733 1777 4789; x_wconf 79' lang='grc' dir='ltr'>οὖν</span> <span class='ocrx_word' id='word_1_742' title='bbox 1810 4737 1853 4790; x_wconf 85' lang='grc'><strong>1)</strong></span> 
     </span>
    </p>
   </div>
   <div class='ocr_carea' id='block_1_92' title="bbox 1856 4733 3476 4808">
    <p class='ocr_par' dir='ltr' id='par_1_92' title="bbox 1952 4734 3476 4808">
     <span class='ocr_line' id='line_1_92' title="bbox 1952 4734 3476 4808; baseline 0.006 -20"><span class='ocrx_word' id='word_1_743' title='bbox 1952 4735 2041 4788; x_wconf 78' lang='grc' dir='ltr'><strong>Η.</strong></span> <span class='ocrx_word' id='word_1_744' title='bbox 2084 4734 2282 4789; x_wconf 83' lang='lat' dir='ltr'><strong>Adhuc</strong></span> <span class='ocrx_word' id='word_1_745' title='bbox 2331 4745 2529 4789; x_wconf 84' lang='lat' dir='ltr'><strong>natura</strong></span> <span class='ocrx_word' id='word_1_746' title='bbox 2565 4736 2748 4790; x_wconf 92' lang='lat' dir='ltr'><strong>divina</strong></span> <span class='ocrx_word' id='word_1_747' title='bbox 2794 4753 3024 4806; x_wconf 91' lang='lat' dir='ltr'><strong>prorsus</strong></span> <span class='ocrx_word' id='word_1_748' title='bbox 3075 4739 3343 4808; x_wconf 84' lang='lat' dir='ltr'><strong>simplex:</strong></span> <span class='ocrx_word' id='word_1_749' title='bbox 3381 4759 3476 4797; x_wconf 80' lang='lat' dir='ltr'><strong>na—</strong></span> 
     </span>
    </p>
   </div>
   <div class='ocr_carea' id='block_1_93' title="bbox 221 4821 1841 4902">
    <p class='ocr_par' dir='ltr' id='par_1_93' title="bbox 221 4821 1779 4896">
     <span class='ocr_line' id='line_1_93' title="bbox 221 4821 1779 4896; baseline 0.004 -25"><span class='ocrx_word' id='word_1_750' title='bbox 221 4821 363 4886; x_wconf 65' lang='grc' dir='ltr'>φύσις</span> <span class='ocrx_word' id='word_1_751' title='bbox 405 4824 472 4892; x_wconf 63' lang='grc' dir='ltr'>ἦα</span> <span class='ocrx_word' id='word_1_752' title='bbox 519 4842 659 4892; x_wconf 83' lang='grc' dir='ltr'>φατε</span> <span class='ocrx_word' id='word_1_753' title='bbox 713 4826 843 4894; x_wconf 85' lang='grc' dir='ltr'>μίαν</span> <span class='ocrx_word' id='word_1_754' title='bbox 892 4821 1030 4878; x_wconf 83' lang='grc' dir='ltr'>εἶναι</span> <span class='ocrx_word' id='word_1_755' title='bbox 1080 4826 1174 4878; x_wconf 84' lang='grc' dir='ltr'>τοῦ</span> <span class='ocrx_word' id='word_1_756' title='bbox 1226 4829 1487 4896; x_wconf 84' lang='grc' dir='ltr'>Χριστοῦ.</span> <span class='ocrx_word' id='word_1_757' title='bbox 1521 4827 1779 4889; x_wconf 79' lang='grc' dir='ltr'>σύνθετός</span> 
     </span>
    </p>
   </div>
   <div class='ocr_carea' id='block_1_94' title="bbox 1858 4821 3478 4902">
    <p class='ocr_par' dir='ltr' id='par_1_94' title="bbox 1885 4827 3478 4902">
     <span class='ocr_line' id='line_1_94' title="bbox 1885 4827 3478 4902; baseline 0.004 -22"><span class='ocrx_word' id='word_1_758' title='bbox 1885 4835 2008 4880; x_wconf 91' lang='lat' dir='ltr'><strong>tura</strong></span> <span class='ocrx_word' id='word_1_759' title='bbox 2051 4840 2182 4896; x_wconf 80' lang='lat' dir='ltr'><strong>ergo</strong></span> <span class='ocrx_word' id='word_1_760' title='bbox 2211 4842 2373 4896; x_wconf 85' lang='lat' dir='ltr'><strong>quam</strong></span> <span class='ocrx_word' id='word_1_761' title='bbox 2418 4827 2605 4881; x_wconf 86' lang='lat' dir='ltr'><strong>dicitis</strong></span> <span class='ocrx_word' id='word_1_762' title='bbox 2633 4843 2797 4881; x_wconf 88' lang='lat' dir='ltr'><strong>unam</strong></span> <span class='ocrx_word' id='word_1_763' title='bbox 2837 4843 2958 4882; x_wconf 86' lang='lat' dir='ltr'><strong>esse</strong></span> <span class='ocrx_word' id='word_1_764' title='bbox 2989 4828 3222 4895; x_wconf 88' lang='lat' dir='ltr'><strong>Christi,</strong></span> <span class='ocrx_word' id='word_1_765' title='bbox 3249 4835 3478 4902; x_wconf 74' lang='lat' dir='ltr'><strong>compo-</strong></span> 
     </span>
    </p>
   </div>
   <div class='ocr_carea' id='block_1_95' title="bbox 218 4912 1838 4992">
    <p class='ocr_par' dir='ltr' id='par_1_95' title="bbox 218 4912 1780 4988">
     <span class='ocr_line' id='line_1_95' title="bbox 218 4912 1780 4988; baseline 0.005 -27"><span class='ocrx_word' id='word_1_766' title='bbox 218 4912 370 4976; x_wconf 70' lang='grc' dir='ltr'>ἔστιν,</span> <span class='ocrx_word' id='word_1_767' title='bbox 423 4914 454 4984; x_wconf 84' lang='grc' dir='ltr'>ἦ</span> <span class='ocrx_word' id='word_1_768' title='bbox 490 4917 672 4985; x_wconf 53' lang='lat' dir='ltr'><strong>didi};</strong></span> <span class='ocrx_word' id='word_1_769' title='bbox 704 4917 766 4968; x_wconf 82' lang='lat' dir='ltr'><strong>Ei</strong></span> <span class='ocrx_word' id='word_1_770' title='bbox 806 4917 905 4984; x_wconf 80' lang='grc' dir='ltr'>μὲν</span> <span class='ocrx_word' id='word_1_771' title='bbox 927 4913 1020 4969; x_wconf 75' lang='grc' dir='ltr'>οὖν</span> <span class='ocrx_word' id='word_1_772' title='bbox 1066 4918 1235 4988; x_wconf 85' lang='grc' dir='ltr'>άπλῆ,</span> <span class='ocrx_word' id='word_1_773' title='bbox 1277 4919 1394 4980; x_wconf 78' lang='grc' dir='ltr'>πῶς</span> <span class='ocrx_word' id='word_1_774' title='bbox 1449 4919 1700 4981; x_wconf 81' lang='grc' dir='ltr'>σύνθετος</span> <span class='ocrx_word' id='word_1_775' title='bbox 1752 4920 1780 4970; x_wconf 86' lang='grc' dir='ltr'>ὁ</span> 
     </span>
    </p>
   </div>
   <div class='ocr_carea' id='block_1_96' title="bbox 1860 4912 3480 4992">
    <p class='ocr_par' dir='ltr' id='par_1_96' title="bbox 1886 4917 3480 4992">
     <span class='ocr_line' id='line_1_96' title="bbox 1886 4917 3480 4992; baseline 0.006 -23"><span class='ocrx_word' id='word_1_776' title='bbox 1886 4917 1992 4970; x_wconf 90' lang='lat' dir='ltr'><strong>sita</strong></span> <span class='ocrx_word' id='word_1_777' title='bbox 2021 4924 2127 4978; x_wconf 80' lang='lat' dir='ltr'><strong>est,</strong></span> <span class='ocrx_word' id='word_1_778' title='bbox 2174 4933 2242 4970; x_wconf 88' lang='lat' dir='ltr'><strong>an</strong></span> <span class='ocrx_word' id='word_1_779' title='bbox 2267 4918 2537 4987; x_wconf 81' lang='lat' dir='ltr'><strong>simplex?</strong></span> <span class='ocrx_word' id='word_1_780' title='bbox 2571 4919 2627 4972; x_wconf 92' lang='lat' dir='ltr'><strong>Si</strong></span> <span class='ocrx_word' id='word_1_781' title='bbox 2663 4919 2896 4988; x_wconf 85' lang='lat' dir='ltr'><strong>simplex</strong></span> <span class='ocrx_word' id='word_1_782' title='bbox 2922 4921 3170 4989; x_wconf 82' lang='lat' dir='ltr'><strong>quidem,</strong></span> <span class='ocrx_word' id='word_1_783' title='bbox 3196 4925 3480 4992; x_wconf 80' lang='lat' dir='ltr'><strong>quomodo-</strong></span> 
     </span>
    </p>
   </div>
   <div class='ocr_carea' id='block_1_97' title="bbox 220 5002 1840 5082">
    <p class='ocr_par' dir='ltr' id='par_1_97' title="bbox 220 5002 1776 5079">
     <span class='ocr_line' id='line_1_97' title="bbox 220 5002 1776 5079; baseline 0.003 -20"><span class='ocrx_word' id='word_1_784' title='bbox 220 5002 458 5072; x_wconf 76' lang='grc' dir='ltr'>Χριστός;</span> <span class='ocrx_word' id='word_1_785' title='bbox 494 5010 546 5060; x_wconf 88' lang='grc' dir='ltr'><strong>εί</strong></span> <span class='ocrx_word' id='word_1_786' title='bbox 594 5010 652 5061; x_wconf 73' lang='grc' dir='ltr'>δὲ</span> <span class='ocrx_word' id='word_1_787' title='bbox 698 5009 954 5072; x_wconf 87' lang='grc' dir='ltr'>σύνθετος</span> <span class='ocrx_word' id='word_1_788' title='bbox 985 5013 1018 5079; x_wconf 80' lang='grc' dir='ltr'><strong>ἡ</strong></span> <span class='ocrx_word' id='word_1_789' title='bbox 1049 5011 1212 5078; x_wconf 83' lang='grc' dir='ltr'>φύσις</span> <span class='ocrx_word' id='word_1_790' title='bbox 1235 5012 1424 5077; x_wconf 78' lang='grc' dir='ltr'>αὐτοῦ,</span> <span class='ocrx_word' id='word_1_791' title='bbox 1469 5013 1585 5076; x_wconf 81' lang='grc' dir='ltr'><strong>πῶς</strong></span> <span class='ocrx_word' id='word_1_792' title='bbox 1621 5011 1776 5076; x_wconf 75' lang='grc' dir='ltr'>θείας</span> 
     </span>
    </p>
   </div>
   <div class='ocr_carea' id='block_1_98' title="bbox 1857 5002 3477 5082">
    <p class='ocr_par' dir='ltr' id='par_1_98' title="bbox 1887 5009 3477 5082">
     <span class='ocr_line' id='line_1_98' title="bbox 1887 5009 3477 5082; baseline 0.006 -20"><span class='ocrx_word' id='word_1_793' title='bbox 1887 5009 2227 5077; x_wconf 82' lang='lat' dir='ltr'><strong>compositus</strong></span> <span class='ocrx_word' id='word_1_794' title='bbox 2268 5009 2567 5063; x_wconf 87' lang='lat' dir='ltr'><strong>Christus?</strong></span> <span class='ocrx_word' id='word_1_795' title='bbox 2616 5010 2672 5064; x_wconf 90' lang='lat' dir='ltr'><strong>Si</strong></span> <span class='ocrx_word' id='word_1_796' title='bbox 2723 5026 2856 5065; x_wconf 86' lang='lat' dir='ltr'><strong>vero</strong></span> <span class='ocrx_word' id='word_1_797' title='bbox 2911 5014 3217 5082; x_wconf 80' lang='lat' dir='ltr'><strong>composita</strong></span> <span class='ocrx_word' id='word_1_798' title='bbox 3277 5025 3477 5070; x_wconf 77' lang='lat' dir='ltr'><strong>natura</strong></span> 
     </span>
    </p>
   </div>
   <div class='ocr_carea' id='block_1_99' title="bbox 220 5095 1840 5174">
    <p class='ocr_par' dir='ltr' id='par_1_99' title="bbox 220 5095 1779 5174">
     <span class='ocr_line' id='line_1_99' title="bbox 220 5095 1779 5174; baseline 0.005 -28"><span class='ocrx_word' id='word_1_799' title='bbox 220 5095 406 5149; x_wconf 63' lang='grc' dir='ltr'>Οὐκοῦν</span> <span class='ocrx_word' id='word_1_800' title='bbox 441 5101 658 5170; x_wconf 75' lang='grc' dir='ltr'>άληθῶς</span> <span class='ocrx_word' id='word_1_801' title='bbox 718 5103 817 5172; x_wconf 88' lang='grc' dir='ltr'><strong>μία</strong></span> <span class='ocrx_word' id='word_1_802' title='bbox 869 5103 968 5172; x_wconf 80' lang='grc' dir='ltr'>μὲν</span> <span class='ocrx_word' id='word_1_803' title='bbox 1011 5103 1263 5166; x_wconf 88' lang='grc' dir='ltr'>σύνθετος</span> <span class='ocrx_word' id='word_1_804' title='bbox 1304 5107 1424 5168; x_wconf 85' lang='grc' dir='ltr'>ταῖς</span> <span class='ocrx_word' id='word_1_805' title='bbox 1475 5105 1703 5173; x_wconf 85' lang='grc' dir='ltr'>φύσεσιν</span> <span class='ocrx_word' id='word_1_806' title='bbox 1745 5105 1779 5174; x_wconf 79' lang='grc' dir='ltr'>ἡ</span> 
     </span>
    </p>
   </div>
   <div class='ocr_carea' id='block_1_100' title="bbox 1857 5095 3477 5174">
    <p class='ocr_par' dir='ltr' id='par_1_100' title="bbox 1886 5101 3477 5173">
     <span class='ocr_line' id='line_1_100' title="bbox 1886 5101 3477 5173; baseline 0.003 -18"><span class='ocrx_word' id='word_1_807' title='bbox 1886 5101 2026 5169; x_wconf 88' lang='lat' dir='ltr'><strong>ejus,</strong></span> <span class='ocrx_word' id='word_1_808' title='bbox 2076 5101 2354 5170; x_wconf 87' lang='lat' dir='ltr'><strong>quomodo</strong></span> <span class='ocrx_word' id='word_1_809' title='bbox 2386 5101 2616 5155; x_wconf 87' lang='lat' dir='ltr'><strong>divina?</strong></span> <span class='ocrx_word' id='word_1_810' title='bbox 2648 5103 2788 5172; x_wconf 78' lang='lat' dir='ltr'><strong>Ergo</strong></span> <span class='ocrx_word' id='word_1_811' title='bbox 2818 5120 2952 5158; x_wconf 90' lang='lat' dir='ltr'><strong>vero</strong></span> <span class='ocrx_word' id='word_1_812' title='bbox 2994 5121 3096 5163; x_wconf 88' lang='lat' dir='ltr'><strong>una</strong></span> <span class='ocrx_word' id='word_1_813' title='bbox 3124 5105 3346 5173; x_wconf 89' lang='lat' dir='ltr'><strong>quidem</strong></span> <span class='ocrx_word' id='word_1_814' title='bbox 3380 5123 3477 5161; x_wconf 87' lang='lat' dir='ltr'><strong>na-</strong></span> 
     </span>
    </p>
   </div>
   <div class='ocr_carea' id='block_1_101' title="bbox 220 5185 1840 5266">
    <p class='ocr_par' dir='ltr' id='par_1_101' title="bbox 220 5185 1780 5266">
     <span class='ocr_line' id='line_1_101' title="bbox 220 5185 1780 5266; baseline 0.008 -32"><span class='ocrx_word' id='word_1_815' title='bbox 220 5185 495 5255; x_wconf 74' lang='grc' dir='ltr'>ὖπόστασις</span> <span class='ocrx_word' id='word_1_816' title='bbox 526 5235 539 5254; x_wconf 83' lang='grc'><strong>,</strong></span> <span class='ocrx_word' id='word_1_817' title='bbox 588 5193 685 5247; x_wconf 79' lang='grc' dir='ltr'><strong>δύο</strong></span> <span class='ocrx_word' id='word_1_818' title='bbox 732 5195 788 5246; x_wconf 80' lang='grc' dir='ltr'>δὲ</span> <span class='ocrx_word' id='word_1_819' title='bbox 841 5195 898 5246; x_wconf 85' lang='grc' dir='ltr'>αἱ</span> <span class='ocrx_word' id='word_1_820' title='bbox 946 5193 1137 5263; x_wconf 81' lang='grc' dir='ltr'>φύσεις</span> <span class='ocrx_word' id='word_1_821' title='bbox 1175 5194 1270 5247; x_wconf 81' lang='grc' dir='ltr'>τοῦ</span> <span class='ocrx_word' id='word_1_822' title='bbox 1305 5196 1576 5249; x_wconf 86' lang='grc' dir='ltr'>Δεσπότου</span> <span class='ocrx_word' id='word_1_823' title='bbox 1623 5195 1780 5266; x_wconf 76' lang='grc' dir='ltr'>ἡμῶν</span> 
     </span>
    </p>
   </div>
   <div class='ocr_carea' id='block_1_102' title="bbox 1856 5185 3476 5266">
    <p class='ocr_par' dir='ltr' id='par_1_102' title="bbox 1889 5195 3476 5262">
     <span class='ocr_line' id='line_1_102' title="bbox 1889 5195 3476 5262; baseline 0.005 -16"><span class='ocrx_word' id='word_1_824' title='bbox 1889 5195 2028 5247; x_wconf 90' lang='lat' dir='ltr'><strong>turis</strong></span> <span class='ocrx_word' id='word_1_825' title='bbox 2087 5195 2392 5262; x_wconf 90' lang='lat' dir='ltr'><strong>composita</strong></span> <span class='ocrx_word' id='word_1_826' title='bbox 2443 5195 2832 5260; x_wconf 87' lang='lat' dir='ltr'><strong>subsistentia,</strong></span> <span class='ocrx_word' id='word_1_827' title='bbox 2902 5196 3024 5250; x_wconf 82' lang='lat' dir='ltr'><strong>duae</strong></span> <span class='ocrx_word' id='word_1_828' title='bbox 3073 5213 3203 5252; x_wconf 93' lang='lat' dir='ltr'><strong>vero</strong></span> <span class='ocrx_word' id='word_1_829' title='bbox 3253 5199 3476 5254; x_wconf 88' lang='lat' dir='ltr'><strong>Domini</strong></span> 
     </span>
    </p>
   </div>
   <div class='ocr_carea' id='block_1_103' title="bbox 218 5274 1838 5352">
    <p class='ocr_par' dir='ltr' id='par_1_103' title="bbox 218 5274 1022 5352">
     <span class='ocr_line' id='line_1_103' title="bbox 218 5274 1022 5352; baseline 0.011 -24"><span class='ocrx_word' id='word_1_830' title='bbox 218 5274 432 5347; x_wconf 79' lang='grc' dir='ltr'>Χριστοῦ</span> <span class='ocrx_word' id='word_1_831' title='bbox 458 5285 548 5336; x_wconf 82' lang='grc' dir='ltr'>τοῦ</span> <span class='ocrx_word' id='word_1_832' title='bbox 574 5285 833 5352; x_wconf 78' lang='grc' dir='ltr'>ἀληθινοῦ</span> <span class='ocrx_word' id='word_1_833' title='bbox 862 5285 1022 5338; x_wconf 75' lang='grc' dir='ltr'>Θεοῦ.</span> 
     </span>
    </p>
   </div>
   <div class='ocr_carea' id='block_1_104' title="bbox 1289 5274 2909 5352">
    <p class='ocr_par' dir='ltr' id='par_1_104' title="bbox 1886 5283 2909 5352">
     <span class='ocr_line' id='line_1_104' title="bbox 1886 5283 2909 5352; baseline 0.002 -15"><span class='ocrx_word' id='word_1_834' title='bbox 1886 5283 2061 5337; x_wconf 88' lang='lat' dir='ltr'><strong>nostri</strong></span> <span class='ocrx_word' id='word_1_835' title='bbox 2109 5283 2316 5338; x_wconf 86' lang='lat' dir='ltr'><strong>Christi</strong></span> <span class='ocrx_word' id='word_1_836' title='bbox 2359 5286 2474 5339; x_wconf 86' lang='lat' dir='ltr'><strong>veri</strong></span> <span class='ocrx_word' id='word_1_837' title='bbox 2520 5287 2637 5352; x_wconf 90' lang='lat' dir='ltr'><strong>Dei,</strong></span> <span class='ocrx_word' id='word_1_838' title='bbox 2675 5296 2909 5340; x_wconf 65' lang='lat' dir='ltr'><strong>naturae.</strong></span> 
     </span>
    </p>
   </div>
   <div class='ocr_carea' id='block_1_105' title="bbox 280 5370 1900 5445">
    <p class='ocr_par' dir='ltr' id='par_1_105' title="bbox 280 5370 1776 5445">
     <span class='ocr_line' id='line_1_105' title="bbox 280 5370 1776 5445; baseline 0 -19"><span class='ocrx_word' id='word_1_839' title='bbox 280 5370 378 5438; x_wconf 82' lang='grc' dir='ltr'>μβ’.</span> <span class='ocrx_word' id='word_1_840' title='bbox 421 5373 480 5425; x_wconf 84' lang='lat' dir='ltr'><strong>Ei</strong></span> <span class='ocrx_word' id='word_1_841' title='bbox 517 5375 651 5444; x_wconf 84' lang='grc' dir='ltr'>μίαν</span> <span class='ocrx_word' id='word_1_842' title='bbox 695 5375 861 5444; x_wconf 80' lang='grc' dir='ltr'>φύσιν</span> <span class='ocrx_word' id='word_1_843' title='bbox 888 5374 984 5427; x_wconf 78' lang='grc' dir='ltr'>τοῦ</span> <span class='ocrx_word' id='word_1_844' title='bbox 1021 5375 1158 5427; x_wconf 81' lang='grc' dir='ltr'>Θεοῦ</span> <span class='ocrx_word' id='word_1_845' title='bbox 1201 5377 1380 5443; x_wconf 81' lang='grc' dir='ltr'>Λόγου</span> <span class='ocrx_word' id='word_1_846' title='bbox 1422 5375 1776 5445; x_wconf 84' lang='grc' dir='ltr'>σεσαρκωμέ-</span> 
     </span>
    </p>
   </div>
   <div class='ocr_carea' id='block_1_106' title="bbox 1856 5370 3476 5445">
    <p class='ocr_par' dir='ltr' id='par_1_106' title="bbox 1957 5375 3476 5442">
     <span class='ocr_line' id='line_1_106' title="bbox 1957 5375 3476 5442; baseline 0.002 -13"><span class='ocrx_word' id='word_1_847' title='bbox 1957 5376 2047 5429; x_wconf 67' lang='grc'><strong>42.</strong></span> <span class='ocrx_word' id='word_1_848' title='bbox 2088 5375 2144 5429; x_wconf 92' lang='lat' dir='ltr'><strong>Si</strong></span> <span class='ocrx_word' id='word_1_849' title='bbox 2189 5375 2407 5433; x_wconf 86' lang='lat' dir='ltr'><strong>unicam</strong></span> <span class='ocrx_word' id='word_1_850' title='bbox 2441 5385 2694 5430; x_wconf 87' lang='lat' dir='ltr'><strong>naturam</strong></span> <span class='ocrx_word' id='word_1_851' title='bbox 2737 5377 2834 5430; x_wconf 87' lang='lat' dir='ltr'><strong>Dei</strong></span> <span class='ocrx_word' id='word_1_852' title='bbox 2870 5377 3032 5431; x_wconf 81' lang='lat' dir='ltr'><strong>Verbi</strong></span> <span class='ocrx_word' id='word_1_853' title='bbox 3089 5377 3383 5442; x_wconf 87' lang='lat' dir='ltr'><strong>incarnati,</strong></span> <span class='ocrx_word' id='word_1_854' title='bbox 3418 5389 3476 5432; x_wconf 82' lang='lat' dir='ltr'><strong>et</strong></span> 
     </span>
    </p>
   </div>
   <div class='ocr_carea' id='block_1_107' title="bbox 216 5465 1836 5538">
    <p class='ocr_par' dir='ltr' id='par_1_107' title="bbox 216 5465 1780 5536">
     <span class='ocr_line' id='line_1_107' title="bbox 216 5465 1780 5536; baseline 0.004 -24"><span class='ocrx_word' id='word_1_855' title='bbox 216 5476 297 5513; x_wconf 73' lang='grc' dir='ltr'><strong>νου</strong></span> <span class='ocrx_word' id='word_1_856' title='bbox 326 5466 412 5518; x_wconf 75' lang='grc' dir='ltr'>καὶ</span> <span class='ocrx_word' id='word_1_857' title='bbox 441 5468 499 5518; x_wconf 74' lang='grc' dir='ltr'>οὐ</span> <span class='ocrx_word' id='word_1_858' title='bbox 529 5468 968 5536; x_wconf 81' lang='grc' dir='ltr'>σεσαρκωμένην</span> <span class='ocrx_word' id='word_1_859' title='bbox 1001 5468 1231 5534; x_wconf 75' lang='grc' dir='ltr'>εἴποιτε,</span> <span class='ocrx_word' id='word_1_860' title='bbox 1286 5467 1400 5530; x_wconf 82' lang='grc' dir='ltr'><strong>πῶς</strong></span> <span class='ocrx_word' id='word_1_861' title='bbox 1429 5468 1489 5520; x_wconf 88' lang='grc' dir='ltr'><strong>ού</strong></span> <span class='ocrx_word' id='word_1_862' title='bbox 1530 5465 1780 5535; x_wconf 77' lang='grc' dir='ltr'>φανερῶς</span> 
     </span>
    </p>
   </div>
   <div class='ocr_carea' id='block_1_108' title="bbox 1856 5465 3476 5538">
    <p class='ocr_par' dir='ltr' id='par_1_108' title="bbox 1885 5466 3476 5538">
     <span class='ocr_line' id='line_1_108' title="bbox 1885 5466 3476 5538; baseline 0.003 -20"><span class='ocrx_word' id='word_1_863' title='bbox 1885 5480 1994 5519; x_wconf 93' lang='lat' dir='ltr'><strong>non</strong></span> <span class='ocrx_word' id='word_1_864' title='bbox 2014 5466 2359 5520; x_wconf 88' lang='lat' dir='ltr'><strong>incarnatum</strong></span> <span class='ocrx_word' id='word_1_865' title='bbox 2386 5467 2604 5531; x_wconf 88' lang='lat' dir='ltr'><strong>dicatis,</strong></span> <span class='ocrx_word' id='word_1_866' title='bbox 2624 5468 2902 5537; x_wconf 89' lang='lat' dir='ltr'><strong>quomodo</strong></span> <span class='ocrx_word' id='word_1_867' title='bbox 2914 5483 3023 5521; x_wconf 90' lang='lat' dir='ltr'><strong>non</strong></span> <span class='ocrx_word' id='word_1_868' title='bbox 3046 5477 3232 5538; x_wconf 83' lang='lat' dir='ltr'><strong>aperte</strong></span> <span class='ocrx_word' id='word_1_869' title='bbox 3247 5477 3476 5538; x_wconf 84' lang='lat' dir='ltr'><strong>paterna</strong></span> 
     </span>
    </p>
   </div>
   <div class='ocr_carea' id='block_1_109' title="bbox 213 5554 1833 5631">
    <p class='ocr_par' dir='ltr' id='par_1_109' title="bbox 213 5554 1781 5631">
     <span class='ocr_line' id='line_1_109' title="bbox 213 5554 1781 5631; baseline 0.001 -23"><span class='ocrx_word' id='word_1_870' title='bbox 213 5554 303 5622; x_wconf 76' lang='grc' dir='ltr'>τὴν</span> <span class='ocrx_word' id='word_1_871' title='bbox 346 5560 610 5631; x_wconf 77' lang='grc' dir='ltr'>πατρικὴν</span> <span class='ocrx_word' id='word_1_872' title='bbox 677 5559 1030 5613; x_wconf 77' lang='grc' dir='ltr'>διδασκαλίαν</span> <span class='ocrx_word' id='word_1_873' title='bbox 1090 5559 1548 5630; x_wconf 78' lang='grc' dir='ltr'>παραχαράξετες</span> <span class='ocrx_word' id='word_1_874' title='bbox 1621 5558 1781 5610; x_wconf 74' lang='grc' dir='ltr'>εί’δὲ</span> 
     </span>
    </p>
   </div>
   <div class='ocr_carea' id='block_1_110' title="bbox 1856 5554 3476 5631">
    <p class='ocr_par' dir='ltr' id='par_1_110' title="bbox 1886 5559 3476 5618">
     <span class='ocr_line' id='line_1_110' title="bbox 1886 5559 3476 5618; baseline 0.002 -7"><span class='ocrx_word' id='word_1_875' title='bbox 1886 5559 2218 5613; x_wconf 87' lang='lat' dir='ltr'><strong>documenta</strong></span> <span class='ocrx_word' id='word_1_876' title='bbox 2256 5560 2624 5614; x_wconf 87' lang='lat' dir='ltr'><strong>adulteratis?</strong></span> <span class='ocrx_word' id='word_1_877' title='bbox 2668 5560 2724 5615; x_wconf 90' lang='lat' dir='ltr'><strong>Si</strong></span> <span class='ocrx_word' id='word_1_878' title='bbox 2758 5562 3094 5618; x_wconf 83' lang='lat' dir='ltr'><strong>incarnalam</strong></span> <span class='ocrx_word' id='word_1_879' title='bbox 3131 5561 3476 5615; x_wconf 84' lang='lat' dir='ltr'><strong>conﬁtemini</strong></span> 
     </span>
    </p>
   </div>
   <div class='ocr_carea' id='block_1_111' title="bbox 217 5650 1837 5722">
    <p class='ocr_par' dir='ltr' id='par_1_111' title="bbox 217 5651 1780 5722">
     <span class='ocr_line' id='line_1_111' title="bbox 217 5651 1780 5722; baseline 0.001 -22"><span class='ocrx_word' id='word_1_880' title='bbox 217 5653 623 5722; x_wconf 70' lang='grc' dir='ltr'>αεσαρκωμένην</span> <span class='ocrx_word' id='word_1_881' title='bbox 687 5653 1027 5722; x_wconf 80' lang='grc' dir='ltr'>ὁμολογεῖτε,</span> <span class='ocrx_word' id='word_1_882' title='bbox 1071 5653 1164 5706; x_wconf 80' lang='grc' dir='ltr'>καὶ</span> <span class='ocrx_word' id='word_1_883' title='bbox 1232 5653 1293 5712; x_wconf 64' lang='grc' dir='ltr'>οὐ</span> <span class='ocrx_word' id='word_1_884' title='bbox 1354 5651 1780 5722; x_wconf 81' lang='grc' dir='ltr'>σεσαρκωμένου</span> 
     </span>
    </p>
   </div>
   <div class='ocr_carea' id='block_1_112' title="bbox 1856 5650 3476 5722">
    <p class='ocr_par' dir='ltr' id='par_1_112' title="bbox 1887 5650 3476 5720">
     <span class='ocr_line' id='line_1_112' title="bbox 1887 5650 3476 5720; baseline 0.001 -16"><span class='ocrx_word' id='word_1_885' title='bbox 1887 5658 1944 5704; x_wconf 88' lang='lat' dir='ltr'><strong>et</strong></span> <span class='ocrx_word' id='word_1_886' title='bbox 1975 5665 2084 5703; x_wconf 92' lang='lat' dir='ltr'><strong>non</strong></span> <span class='ocrx_word' id='word_1_887' title='bbox 2125 5650 2396 5705; x_wconf 82' lang='lat' dir='ltr'><strong>incarnati</strong></span> <span class='ocrx_word' id='word_1_888' title='bbox 2428 5651 2592 5706; x_wconf 85' lang='lat' dir='ltr'><strong>Verbi</strong></span> <span class='ocrx_word' id='word_1_889' title='bbox 2624 5652 2843 5706; x_wconf 90' lang='lat' dir='ltr'><strong>unicam</strong></span> <span class='ocrx_word' id='word_1_890' title='bbox 2878 5652 3083 5715; x_wconf 80' lang='lat' dir='ltr'><strong>dicitis,</strong></span> <span class='ocrx_word' id='word_1_891' title='bbox 3120 5660 3345 5720; x_wconf 89' lang='lat' dir='ltr'><strong>propter</strong></span> <span class='ocrx_word' id='word_1_892' title='bbox 3371 5650 3476 5705; x_wconf 84' lang='lat' dir='ltr'><strong>hoc</strong></span> 
     </span>
    </p>
   </div>
   <div class='ocr_carea' id='block_1_113' title="bbox 274 5806 1894 5880">
    <p class='ocr_par' dir='ltr' id='par_1_113' title="bbox 274 5808 1810 5880">
     <span class='ocr_line' id='line_1_113' title="bbox 274 5808 1810 5880; baseline 0 -17"><span class='ocrx_word' id='word_1_893' title='bbox 274 5809 293 5836; x_wconf 85' lang='grc'>⁸</span> <span class='ocrx_word' id='word_1_894' title='bbox 333 5810 820 5880; x_wconf 71' lang='grc' dir='ltr'><strong>Εριιεε.ι,19,20.³</strong></span> <span class='ocrx_word' id='word_1_895' title='bbox 863 5811 1001 5865; x_wconf 85' lang='lat' dir='ltr'><strong>Psal.</strong></span> <span class='ocrx_word' id='word_1_896' title='bbox 1048 5829 1123 5867; x_wconf 83' lang='lat' dir='ltr'><strong>ut.</strong></span> <span class='ocrx_word' id='word_1_897' title='bbox 1161 5812 1212 5865; x_wconf 79' lang='grc' dir='ltr'><strong>ϐ.</strong></span> <span class='ocrx_word' id='word_1_898' title='bbox 1295 5812 1312 5842; x_wconf 65' lang='grc'><strong>⁵</strong></span> <span class='ocrx_word' id='word_1_899' title='bbox 1368 5808 1500 5862; x_wconf 58' lang='lat' dir='ltr'><strong>Gen.</strong></span> <span class='ocrx_word' id='word_1_900' title='bbox 1563 5825 1720 5871; x_wconf 59' lang='grc' dir='ltr'>χιιι,</span> <span class='ocrx_word' id='word_1_901' title='bbox 1755 5809 1810 5864; x_wconf 93' lang='lat'><strong>9.</strong></span> 
     </span>
    </p>
   </div>
   <div class='ocr_carea' id='block_1_114' title="bbox 827 5806 2447 5880">
    <p class='ocr_par' dir='ltr' id='par_1_114' title="bbox 863 5806 2447 5873">
     <span class='ocr_line' id='line_1_114' title="bbox 863 5806 2447 5873; baseline -0.002 -9"><span class='ocrx_word' id='word_1_902' title='bbox 863 5811 1001 5865; x_wconf 85' lang='lat' dir='ltr'><strong>Psal.</strong></span> <span class='ocrx_word' id='word_1_903' title='bbox 1048 5829 1123 5867; x_wconf 84' lang='lat' dir='ltr'><strong>In.</strong></span> <span class='ocrx_word' id='word_1_904' title='bbox 1161 5812 1212 5865; x_wconf 79' lang='grc' dir='ltr'><strong>ϐ.</strong></span> <span class='ocrx_word' id='word_1_905' title='bbox 1295 5812 1312 5842; x_wconf 64' lang='grc'><strong>⁵</strong></span> <span class='ocrx_word' id='word_1_906' title='bbox 1368 5808 1500 5862; x_wconf 60' lang='lat' dir='ltr'><strong>Gen.</strong></span> <span class='ocrx_word' id='word_1_907' title='bbox 1563 5825 1720 5871; x_wconf 73' lang='lat' dir='ltr'><strong>XLIX,</strong></span> <span class='ocrx_word' id='word_1_908' title='bbox 1755 5809 1810 5864; x_wconf 93' lang='lat'><strong>9.</strong></span> <span class='ocrx_word' id='word_1_909' title='bbox 1945 5811 1964 5839; x_wconf 84' lang='lat'><strong>&#39;</strong></span> <span class='ocrx_word' id='word_1_910' title='bbox 2006 5809 2048 5863; x_wconf 87' lang='lat' dir='ltr'><strong>ll</strong></span> <span class='ocrx_word' id='word_1_911' title='bbox 2096 5806 2223 5862; x_wconf 88' lang='lat' dir='ltr'><strong>Cor.</strong></span> <span class='ocrx_word' id='word_1_912' title='bbox 2270 5826 2379 5873; x_wconf 71' lang='lat' dir='ltr'><strong>xm,</strong></span> <span class='ocrx_word' id='word_1_913' title='bbox 2419 5810 2447 5861; x_wconf 66' lang='grc' dir='ltr'><strong>ί</strong></span> 
     </span>
    </p>
   </div>
  </div>
