  <div class='ocr_page' id='page_1' title='image "/cluster/home/n/w/nwhite01/storage/ocr_20150623/88 pt.2/uva.x004575615/037.png"; bbox 0 0 4102 6474; ppageno 0'>
   <div class='ocr_carea' id='block_1_1' title="bbox 644 401 779 465">
    <p class='ocr_par' dir='ltr' id='par_1_1' title="bbox 644 401 779 465">
     <span class='ocr_line' id='line_1_1' title="bbox 644 401 779 465; baseline -0.007 0"><span class='ocrx_word' id='word_1_1' title='bbox 644 401 779 465; x_wconf 72' lang='grc'><strong>1⁵195</strong></span> 
     </span>
    </p>
   </div>
   <div class='ocr_carea' id='block_1_2' title="bbox 1886 399 2646 487">
    <p class='ocr_par' dir='ltr' id='par_1_2' title="bbox 1886 399 2646 487">
     <span class='ocr_line' id='line_1_2' title="bbox 1886 399 2646 487; baseline -0.009 -20"><span class='ocrx_word' id='word_1_2' title='bbox 1886 401 2194 487; x_wconf 73' lang='lat' dir='ltr'><strong>LEONTII</strong></span> <span class='ocrx_word' id='word_1_3' title='bbox 2247 399 2646 466; x_wconf 70' lang='lat' dir='ltr'><strong>BYZANTINI</strong></span> 
     </span>
    </p>
   </div>
   <div class='ocr_carea' id='block_1_3' title="bbox 3750 400 3900 464">
    <p class='ocr_par' dir='ltr' id='par_1_3' title="bbox 3750 400 3900 464">
     <span class='ocr_line' id='line_1_3' title="bbox 3750 400 3900 464; baseline 0.013 -2"><span class='ocrx_word' id='word_1_4' title='bbox 3750 400 3900 464; x_wconf 64' lang='grc'><strong>1796</strong></span> 
     </span>
    </p>
   </div>
   <div class='ocr_carea' id='block_1_4' title="bbox 591 514 2213 590">
    <p class='ocr_par' dir='ltr' id='par_1_4' title="bbox 591 515 2213 577">
     <span class='ocr_line' id='line_1_4' title="bbox 591 515 2213 577; baseline 0.004 -10"><span class='ocrx_word' id='word_1_5' title='bbox 591 565 605 574; x_wconf 64' lang='grc'><strong>,</strong></span> <span class='ocrx_word' id='word_1_6' title='bbox 640 525 801 569; x_wconf 84' lang='lat' dir='ltr'><strong>erunt</strong></span> <span class='ocrx_word' id='word_1_7' title='bbox 819 515 938 570; x_wconf 69' lang='lat' dir='ltr'><strong>duae</strong></span> <span class='ocrx_word' id='word_1_8' title='bbox 962 526 1172 573; x_wconf 65' lang='lat' dir='ltr'><strong>natura</strong></span> <span class='ocrx_word' id='word_1_9' title='bbox 1189 516 1442 573; x_wconf 77' lang='lat' dir='ltr'><strong>Christus</strong></span> <span class='ocrx_word' id='word_1_10' title='bbox 1463 535 1493 575; x_wconf 90' lang='lat' dir='ltr'><strong>e</strong></span> <span class='ocrx_word' id='word_1_11' title='bbox 1515 521 1694 576; x_wconf 71' lang='lat' dir='ltr'><strong>Verbo</strong></span> <span class='ocrx_word' id='word_1_12' title='bbox 1714 530 1768 575; x_wconf 91' lang='lat' dir='ltr'><strong>et</strong></span> <span class='ocrx_word' id='word_1_13' title='bbox 1788 537 1972 575; x_wconf 79' lang='lat' dir='ltr'><strong>carne.</strong></span> <span class='ocrx_word' id='word_1_14' title='bbox 1999 523 2213 577; x_wconf 87' lang='lat' dir='ltr'><strong>Etenim</strong></span> 
     </span>
    </p>
   </div>
   <div class='ocr_carea' id='block_1_5' title="bbox 2315 514 3907 590">
    <p class='ocr_par' dir='ltr' id='par_1_5' title="bbox 2320 514 3907 590">
     <span class='ocr_line' id='line_1_5' title="bbox 2320 514 3907 590; baseline -0.006 -17"><span class='ocrx_word' id='word_1_15' title='bbox 2320 520 2410 573; x_wconf 81' lang='grc' dir='ltr'>τοῦ</span> <span class='ocrx_word' id='word_1_16' title='bbox 2435 523 2606 588; x_wconf 79' lang='grc' dir='ltr'>Λόγου</span> <span class='ocrx_word' id='word_1_17' title='bbox 2646 521 2776 589; x_wconf 88' lang='grc' dir='ltr'>μίαν</span> <span class='ocrx_word' id='word_1_18' title='bbox 2800 519 2959 590; x_wconf 60' lang='grc' dir='ltr'>φατὲ,</span> <span class='ocrx_word' id='word_1_19' title='bbox 2986 519 3073 572; x_wconf 79' lang='grc' dir='ltr'><strong>διὰ</strong></span> <span class='ocrx_word' id='word_1_20' title='bbox 3101 518 3218 572; x_wconf 83' lang='grc' dir='ltr'>τόδε</span> <span class='ocrx_word' id='word_1_21' title='bbox 3261 518 3389 571; x_wconf 77' lang='grc' dir='ltr'>αὐτὸ</span> <span class='ocrx_word' id='word_1_22' title='bbox 3409 517 3500 571; x_wconf 80' lang='grc' dir='ltr'>δύο</span> <span class='ocrx_word' id='word_1_23' title='bbox 3529 516 3718 584; x_wconf 76' lang='grc' dir='ltr'>φύσεις</span> <span class='ocrx_word' id='word_1_24' title='bbox 3741 514 3907 566; x_wconf 65' lang='grc' dir='ltr'>ἕσται</span> 
     </span>
    </p>
   </div>
   <div class='ocr_carea' id='block_1_6' title="bbox 639 604 2210 680">
    <p class='ocr_par' dir='ltr' id='par_1_6' title="bbox 639 604 2210 680">
     <span class='ocr_line' id='line_1_6' title="bbox 639 604 2210 680; baseline 0.006 -24"><span class='ocrx_word' id='word_1_25' title='bbox 639 613 927 673; x_wconf 71' lang='lat' dir='ltr'><strong>propterea</strong></span> <span class='ocrx_word' id='word_1_26' title='bbox 951 605 1098 673; x_wconf 89' lang='lat' dir='ltr'><strong>quod</strong></span> <span class='ocrx_word' id='word_1_27' title='bbox 1125 621 1230 661; x_wconf 84' lang='lat' dir='ltr'><strong>una</strong></span> <span class='ocrx_word' id='word_1_28' title='bbox 1252 608 1346 662; x_wconf 89' lang='lat' dir='ltr'><strong>Dei</strong></span> <span class='ocrx_word' id='word_1_29' title='bbox 1374 610 1536 664; x_wconf 79' lang='lat' dir='ltr'><strong>Verbi</strong></span> <span class='ocrx_word' id='word_1_30' title='bbox 1582 604 1780 664; x_wconf 65' lang='lat' dir='ltr'><strong>natura</strong></span> <span class='ocrx_word' id='word_1_31' title='bbox 1799 611 2050 680; x_wconf 78' lang='lat' dir='ltr'><strong>perfecta</strong></span> <span class='ocrx_word' id='word_1_32' title='bbox 2074 607 2210 667; x_wconf 77' lang='lat' dir='ltr'><strong>eon—</strong></span> 
     </span>
    </p>
   </div>
   <div class='ocr_carea' id='block_1_7' title="bbox 638 688 2209 771">
    <p class='ocr_par' dir='ltr' id='par_1_7' title="bbox 638 688 2209 771">
     <span class='ocr_line' id='line_1_7' title="bbox 638 688 2209 771; baseline 0.005 -25"><span class='ocrx_word' id='word_1_33' title='bbox 638 693 875 750; x_wconf 82' lang='lat' dir='ltr'><strong>fessione</strong></span> <span class='ocrx_word' id='word_1_34' title='bbox 903 696 1066 751; x_wconf 83' lang='lat' dir='ltr'><strong>etiam</strong></span> <span class='ocrx_word' id='word_1_35' title='bbox 1094 699 1509 766; x_wconf 65' lang='lat' dir='ltr'><strong>praaﬁirmatur</strong></span> <span class='ocrx_word' id='word_1_36' title='bbox 1544 708 1602 756; x_wconf 92' lang='lat' dir='ltr'><strong>et</strong></span> <span class='ocrx_word' id='word_1_37' title='bbox 1621 688 1828 771; x_wconf 77' lang='lat' dir='ltr'><strong>absque</strong></span> <span class='ocrx_word' id='word_1_38' title='bbox 1852 717 2039 767; x_wconf 83' lang='lat' dir='ltr'><strong>carne,</strong></span> <span class='ocrx_word' id='word_1_39' title='bbox 2072 702 2209 755; x_wconf 84' lang='lat' dir='ltr'><strong>nihil</strong></span> 
     </span>
    </p>
   </div>
   <div class='ocr_carea' id='block_1_8' title="bbox 623 772 2210 860">
    <p class='ocr_par' dir='ltr' id='par_1_8' title="bbox 623 772 2210 860">
     <span class='ocr_line' id='line_1_8' title="bbox 623 772 2210 860; baseline 0.008 -25"><span class='ocrx_word' id='word_1_40' title='bbox 623 772 871 854; x_wconf 32' lang='lat' dir='ltr'><strong>.ampiius</strong></span> <span class='ocrx_word' id='word_1_41' title='bbox 919 789 1174 848; x_wconf 83' lang='lat' dir='ltr'><strong>ostendet</strong></span> <span class='ocrx_word' id='word_1_42' title='bbox 1245 790 1505 844; x_wconf 82' lang='lat' dir='ltr'><strong>adunatio</strong></span> <span class='ocrx_word' id='word_1_43' title='bbox 1553 791 1607 845; x_wconf 91' lang='lat' dir='ltr'><strong>in</strong></span> <span class='ocrx_word' id='word_1_44' title='bbox 1662 801 1940 860; x_wconf 81' lang='lat' dir='ltr'><strong>naturam,</strong></span> <span class='ocrx_word' id='word_1_45' title='bbox 2001 793 2048 847; x_wconf 81' lang='lat' dir='ltr'><strong>si</strong></span> <span class='ocrx_word' id='word_1_46' title='bbox 2103 809 2210 847; x_wconf 90' lang='lat' dir='ltr'><strong>una</strong></span> 
     </span>
    </p>
   </div>
   <div class='ocr_carea' id='block_1_9' title="bbox 638 863 2212 939">
    <p class='ocr_par' dir='ltr' id='par_1_9' title="bbox 638 863 2212 939">
     <span class='ocr_line' id='line_1_9' title="bbox 638 863 2212 939; baseline 0.006 -12"><span class='ocrx_word' id='word_1_47' title='bbox 638 875 920 930; x_wconf 84' lang='lat' dir='ltr'><strong>remansit.</strong></span> <span class='ocrx_word' id='word_1_48' title='bbox 967 863 1228 939; x_wconf 42' lang='lat' dir='ltr'><strong>i‘etimus&#39;</strong></span> <span class='ocrx_word' id='word_1_49' title='bbox 1262 873 1410 936; x_wconf 89' lang='lat' dir='ltr'><strong>enim</strong></span> <span class='ocrx_word' id='word_1_50' title='bbox 1446 895 1475 934; x_wconf 88' lang='lat' dir='ltr'><strong>a</strong></span> <span class='ocrx_word' id='word_1_51' title='bbox 1507 880 1665 936; x_wconf 80' lang='lat' dir='ltr'><strong>vobis</strong></span> <span class='ocrx_word' id='word_1_52' title='bbox 1697 899 1714 937; x_wconf 88' lang='lat'><strong>:</strong></span> <span class='ocrx_word' id='word_1_53' title='bbox 1743 882 1935 937; x_wconf 83' lang='lat' dir='ltr'><strong>Nonne</strong></span> <span class='ocrx_word' id='word_1_54' title='bbox 1964 898 2088 937; x_wconf 91' lang='lat' dir='ltr'><strong>cum</strong></span> <span class='ocrx_word' id='word_1_55' title='bbox 2111 898 2212 936; x_wconf 89' lang='lat' dir='ltr'><strong>na-</strong></span> 
     </span>
    </p>
   </div>
   <div class='ocr_carea' id='block_1_10' title="bbox 619 965 2211 1036">
    <p class='ocr_par' dir='ltr' id='par_1_10' title="bbox 619 965 2211 1036">
     <span class='ocr_line' id='line_1_10' title="bbox 619 965 2211 1036; baseline 0.007 -22"><span class='ocrx_word' id='word_1_56' title='bbox 619 967 761 1016; x_wconf 80' lang='lat' dir='ltr'><strong>tura</strong></span> <span class='ocrx_word' id='word_1_57' title='bbox 787 965 971 1018; x_wconf 83' lang='lat' dir='ltr'><strong>carnis</strong></span> <span class='ocrx_word' id='word_1_58' title='bbox 999 965 1162 1021; x_wconf 72' lang='lat' dir='ltr'><strong>Verbi</strong></span> <span class='ocrx_word' id='word_1_59' title='bbox 1192 974 1444 1026; x_wconf 80' lang='lat' dir='ltr'><strong>naturam</strong></span> <span class='ocrx_word' id='word_1_60' title='bbox 1477 969 1816 1028; x_wconf 89' lang='lat' dir='ltr'><strong>incarnatam</strong></span> <span class='ocrx_word' id='word_1_61' title='bbox 1846 971 2211 1036; x_wconf 77' lang='lat' dir='ltr'><strong>confitemini,</strong></span> 
     </span>
    </p>
   </div>
   <div class='ocr_carea' id='block_1_11' title="bbox 637 1053 2208 1128">
    <p class='ocr_par' dir='ltr' id='par_1_11' title="bbox 637 1053 2208 1128">
     <span class='ocr_line' id='line_1_11' title="bbox 637 1053 2208 1128; baseline 0.008 -24"><span class='ocrx_word' id='word_1_62' title='bbox 637 1066 704 1104; x_wconf 85' lang='lat' dir='ltr'><strong>an</strong></span> <span class='ocrx_word' id='word_1_63' title='bbox 745 1054 900 1126; x_wconf 85' lang='lat' dir='ltr'><strong>non?</strong></span> <span class='ocrx_word' id='word_1_64' title='bbox 943 1053 999 1108; x_wconf 85' lang='lat' dir='ltr'><strong>Si</strong></span> <span class='ocrx_word' id='word_1_65' title='bbox 1025 1069 1160 1125; x_wconf 75' lang='lat' dir='ltr'><strong>ergo</strong></span> <span class='ocrx_word' id='word_1_66' title='bbox 1210 1057 1434 1126; x_wconf 77' lang='lat' dir='ltr'><strong>quidem</strong></span> <span class='ocrx_word' id='word_1_67' title='bbox 1479 1076 1612 1125; x_wconf 91' lang='lat' dir='ltr'><strong>non,</strong></span> <span class='ocrx_word' id='word_1_68' title='bbox 1654 1070 1750 1116; x_wconf 90' lang='lat' dir='ltr'><strong>aut</strong></span> <span class='ocrx_word' id='word_1_69' title='bbox 1792 1077 1928 1116; x_wconf 82' lang='lat' dir='ltr'><strong>voce</strong></span> <span class='ocrx_word' id='word_1_70' title='bbox 1975 1071 2208 1128; x_wconf 86' lang='lat' dir='ltr'><strong>tantum,</strong></span> 
     </span>
    </p>
   </div>
   <div class='ocr_carea' id='block_1_12' title="bbox 636 1138 2212 1223">
    <p class='ocr_par' dir='ltr' id='par_1_12' title="bbox 636 1138 2212 1223">
     <span class='ocr_line' id='line_1_12' title="bbox 636 1138 2212 1223; baseline 0.007 -27"><span class='ocrx_word' id='word_1_71' title='bbox 636 1150 732 1197; x_wconf 87' lang='lat' dir='ltr'><strong>aut</strong></span> <span class='ocrx_word' id='word_1_72' title='bbox 764 1138 1100 1212; x_wconf 76' lang='lat' dir='ltr'><strong>imaginandi</strong></span> <span class='ocrx_word' id='word_1_73' title='bbox 1126 1148 1180 1201; x_wconf 80' lang='lat' dir='ltr'><strong>vi</strong></span> <span class='ocrx_word' id='word_1_74' title='bbox 1201 1187 1215 1210; x_wconf 89' lang='lat'><strong>,</strong></span> <span class='ocrx_word' id='word_1_75' title='bbox 1249 1158 1346 1203; x_wconf 84' lang='lat' dir='ltr'><strong>aut</strong></span> <span class='ocrx_word' id='word_1_76' title='bbox 1378 1151 1532 1205; x_wconf 83' lang='lat' dir='ltr'><strong>verbi</strong></span> <span class='ocrx_word' id='word_1_77' title='bbox 1572 1160 1750 1223; x_wconf 86' lang='lat' dir='ltr'><strong>tropo,</strong></span> <span class='ocrx_word' id='word_1_78' title='bbox 1779 1153 2212 1208; x_wconf 75' lang='lat' dir='ltr'><strong>incarnatibnem</strong></span> 
     </span>
    </p>
   </div>
   <div class='ocr_carea' id='block_1_13' title="bbox 639 1230 2210 1306">
    <p class='ocr_par' dir='ltr' id='par_1_13' title="bbox 639 1230 2210 1306">
     <span class='ocr_line' id='line_1_13' title="bbox 639 1230 2210 1306; baseline 0.01 -21"><span class='ocrx_word' id='word_1_79' title='bbox 639 1248 866 1288; x_wconf 92' lang='lat' dir='ltr'><strong>noscere</strong></span> <span class='ocrx_word' id='word_1_80' title='bbox 897 1251 994 1289; x_wconf 85' lang='lat' dir='ltr'><strong>vos</strong></span> <span class='ocrx_word' id='word_1_81' title='bbox 1025 1239 1367 1292; x_wconf 85' lang='lat' dir='ltr'><strong>conceditur.</strong></span> <span class='ocrx_word' id='word_1_82' title='bbox 1397 1239 1454 1294; x_wconf 90' lang='lat' dir='ltr'><strong>Si</strong></span> <span class='ocrx_word' id='word_1_83' title='bbox 1474 1257 1620 1296; x_wconf 8' lang='lat' dir='ltr'><strong>ivero</strong></span> <span class='ocrx_word' id='word_1_84' title='bbox 1651 1257 1775 1297; x_wconf 91' lang='lat' dir='ltr'><strong>cum</strong></span> <span class='ocrx_word' id='word_1_85' title='bbox 1824 1230 2008 1306; x_wconf 84' lang='lat' dir='ltr'><strong>carnis</strong></span> <span class='ocrx_word' id='word_1_86' title='bbox 2050 1254 2210 1299; x_wconf 57' lang='lat' dir='ltr'><strong>natu.</strong></span> 
     </span>
    </p>
   </div>
   <div class='ocr_carea' id='block_1_14' title="bbox 636 1328 2211 1401">
    <p class='ocr_par' dir='ltr' id='par_1_14' title="bbox 636 1328 2211 1401">
     <span class='ocr_line' id='line_1_14' title="bbox 636 1328 2211 1401; baseline 0.008 -24"><span class='ocrx_word' id='word_1_87' title='bbox 636 1339 696 1378; x_wconf 90' lang='lat' dir='ltr'><strong>ra</strong></span> <span class='ocrx_word' id='word_1_88' title='bbox 723 1336 976 1380; x_wconf 81' lang='lat' dir='ltr'><strong>naturain</strong></span> <span class='ocrx_word' id='word_1_89' title='bbox 1013 1328 1352 1384; x_wconf 84' lang='lat' dir='ltr'><strong>incarnatam</strong></span> <span class='ocrx_word' id='word_1_90' title='bbox 1384 1329 1552 1387; x_wconf 81' lang='lat' dir='ltr'><strong>fuisse</strong></span> <span class='ocrx_word' id='word_1_91' title='bbox 1583 1329 1748 1387; x_wconf 78' lang='lat' dir='ltr'><strong>Verbi</strong></span> <span class='ocrx_word' id='word_1_92' title='bbox 1790 1335 1995 1401; x_wconf 84' lang='lat' dir='ltr'><strong>dicitis,</strong></span> <span class='ocrx_word' id='word_1_93' title='bbox 2049 1336 2211 1390; x_wconf 87' lang='lat' dir='ltr'><strong>aliam</strong></span> 
     </span>
    </p>
   </div>
   <div class='ocr_carea' id='block_1_15' title="bbox 636 1415 2211 1497">
    <p class='ocr_par' dir='ltr' id='par_1_15' title="bbox 636 1415 2211 1497">
     <span class='ocr_line' id='line_1_15' title="bbox 636 1415 2211 1497; baseline 0.01 -30"><span class='ocrx_word' id='word_1_94' title='bbox 636 1415 1017 1471; x_wconf 85' lang='lat' dir='ltr'><strong>incarnantem</strong></span> <span class='ocrx_word' id='word_1_95' title='bbox 1049 1427 1105 1474; x_wconf 91' lang='lat' dir='ltr'><strong>et</strong></span> <span class='ocrx_word' id='word_1_96' title='bbox 1135 1420 1299 1474; x_wconf 89' lang='lat' dir='ltr'><strong>aliam</strong></span> <span class='ocrx_word' id='word_1_97' title='bbox 1326 1421 1664 1478; x_wconf 84' lang='lat' dir='ltr'><strong>incarnatam</strong></span> <span class='ocrx_word' id='word_1_98' title='bbox 1690 1424 1744 1478; x_wconf 91' lang='lat' dir='ltr'><strong>in</strong></span> <span class='ocrx_word' id='word_1_99' title='bbox 1774 1443 1881 1480; x_wconf 90' lang='lat' dir='ltr'><strong>una</strong></span> <span class='ocrx_word' id='word_1_100' title='bbox 1910 1429 2211 1497; x_wconf 78' lang='lat' dir='ltr'><strong>composita</strong></span> 
     </span>
    </p>
   </div>
   <div class='ocr_carea' id='block_1_16' title="bbox 634 1503 2212 1583">
    <p class='ocr_par' dir='ltr' id='par_1_16' title="bbox 634 1503 2212 1583">
     <span class='ocr_line' id='line_1_16' title="bbox 634 1503 2212 1583; baseline 0.01 -26"><span class='ocrx_word' id='word_1_101' title='bbox 634 1503 838 1560; x_wconf 82' lang='lat' dir='ltr'><strong>Christi</strong></span> <span class='ocrx_word' id='word_1_102' title='bbox 890 1523 1122 1576; x_wconf 80' lang='lat' dir='ltr'><strong>persona</strong></span> <span class='ocrx_word' id='word_1_103' title='bbox 1197 1521 1512 1570; x_wconf 87' lang='lat' dir='ltr'><strong>noscentes.</strong></span> <span class='ocrx_word' id='word_1_104' title='bbox 1576 1517 1854 1583; x_wconf 88' lang='lat' dir='ltr'><strong>quomodo</strong></span> <span class='ocrx_word' id='word_1_105' title='bbox 1917 1532 2212 1575; x_wconf 82' lang='lat' dir='ltr'><strong>numerare</strong></span> 
     </span>
    </p>
   </div>
   <div class='ocr_carea' id='block_1_17' title="bbox 636 1596 1650 1669">
    <p class='ocr_par' dir='ltr' id='par_1_17' title="bbox 636 1596 1650 1669">
     <span class='ocr_line' id='line_1_17' title="bbox 636 1596 1650 1669; baseline 0.011 -21"><span class='ocrx_word' id='word_1_106' title='bbox 636 1596 844 1669; x_wconf 81' lang='lat' dir='ltr'><strong>absque</strong></span> <span class='ocrx_word' id='word_1_107' title='bbox 878 1599 1202 1669; x_wconf 88' lang='lat' dir='ltr'><strong>duplicitate</strong></span> <span class='ocrx_word' id='word_1_108' title='bbox 1246 1603 1368 1657; x_wconf 83' lang='lat' dir='ltr'><strong>illas</strong></span> <span class='ocrx_word' id='word_1_109' title='bbox 1411 1605 1650 1660; x_wconf 66' lang='lat' dir='ltr'><strong>Valetis?</strong></span> 
     </span>
    </p>
   </div>
   <div class='ocr_carea' id='block_1_18' title="bbox 706 1687 2214 1762">
    <p class='ocr_par' dir='ltr' id='par_1_18' title="bbox 706 1687 2214 1762">
     <span class='ocr_line' id='line_1_18' title="bbox 706 1687 2214 1762; baseline 0.013 -24"><span class='ocrx_word' id='word_1_110' title='bbox 706 1687 794 1740; x_wconf 71' lang='grc'><strong>45.</strong></span> <span class='ocrx_word' id='word_1_111' title='bbox 838 1689 1008 1744; x_wconf 86' lang='lat' dir='ltr'><strong>Unica</strong></span> <span class='ocrx_word' id='word_1_112' title='bbox 1041 1690 1157 1745; x_wconf 66' lang='lat' dir='ltr'><strong>haec</strong></span> <span class='ocrx_word' id='word_1_113' title='bbox 1183 1693 1296 1754; x_wconf 45' lang='lat' dir='ltr'><strong>.Dei</strong></span> <span class='ocrx_word' id='word_1_114' title='bbox 1325 1689 1491 1749; x_wconf 78' lang='lat' dir='ltr'><strong>Verbi</strong></span> <span class='ocrx_word' id='word_1_115' title='bbox 1537 1696 1821 1752; x_wconf 86' lang='lat' dir='ltr'><strong>incarnata</strong></span> <span class='ocrx_word' id='word_1_116' title='bbox 1866 1710 2086 1762; x_wconf 86' lang='lat' dir='ltr'><strong>natura,</strong></span> <span class='ocrx_word' id='word_1_117' title='bbox 2119 1710 2214 1757; x_wconf 84' lang='lat' dir='ltr'><strong>aut</strong></span> 
     </span>
    </p>
   </div>
   <div class='ocr_carea' id='block_1_19' title="bbox 638 1776 2212 1846">
    <p class='ocr_par' dir='ltr' id='par_1_19' title="bbox 638 1776 2212 1846">
     <span class='ocr_line' id='line_1_19' title="bbox 638 1776 2212 1846; baseline 0.011 -17"><span class='ocrx_word' id='word_1_118' title='bbox 638 1776 779 1830; x_wconf 89' lang='lat' dir='ltr'><strong>idem</strong></span> <span class='ocrx_word' id='word_1_119' title='bbox 827 1785 926 1832; x_wconf 85' lang='lat' dir='ltr'><strong>est&#39;</strong></span> <span class='ocrx_word' id='word_1_120' title='bbox 954 1780 1020 1833; x_wconf 84' lang='lat' dir='ltr'><strong>ad</strong></span> <span class='ocrx_word' id='word_1_121' title='bbox 1077 1783 1240 1836; x_wconf 87' lang='lat' dir='ltr'><strong>unica</strong></span> <span class='ocrx_word' id='word_1_122' title='bbox 1290 1784 1406 1840; x_wconf 69' lang='lat' dir='ltr'><strong>haec</strong></span> <span class='ocrx_word' id='word_1_123' title='bbox 1444 1795 1500 1840; x_wconf 86' lang='lat' dir='ltr'><strong>et</strong></span> <span class='ocrx_word' id='word_1_124' title='bbox 1536 1787 1594 1840; x_wconf 91' lang='lat' dir='ltr'><strong>in</strong></span> <span class='ocrx_word' id='word_1_125' title='bbox 1633 1803 1836 1843; x_wconf 82' lang='lat' dir='ltr'><strong>vanum</strong></span> <span class='ocrx_word' id='word_1_126' title='bbox 1867 1790 2088 1846; x_wconf 84' lang='lat' dir='ltr'><strong>additur</strong></span> <span class='ocrx_word' id='word_1_127' title='bbox 2124 1793 2212 1846; x_wconf 90' lang='lat' dir='ltr'><strong>in-</strong></span> 
     </span>
    </p>
   </div>
   <div class='ocr_carea' id='block_1_20' title="bbox 637 1869 2216 1942">
    <p class='ocr_par' dir='ltr' id='par_1_20' title="bbox 637 1869 2216 1942">
     <span class='ocr_line' id='line_1_20' title="bbox 637 1869 2216 1942; baseline 0.013 -25"><span class='ocrx_word' id='word_1_128' title='bbox 637 1875 883 1931; x_wconf 84' lang='lat' dir='ltr'><strong>carnata,</strong></span> <span class='ocrx_word' id='word_1_129' title='bbox 937 1869 991 1921; x_wconf 90' lang='lat' dir='ltr'><strong>in</strong></span> <span class='ocrx_word' id='word_1_130' title='bbox 1050 1870 1623 1940; x_wconf 79' lang='lat' dir='ltr'><strong>cujosdeﬁnitionem</strong></span> <span class='ocrx_word' id='word_1_131' title='bbox 1663 1891 1773 1932; x_wconf 88' lang='lat' dir='ltr'><strong>non</strong></span> <span class='ocrx_word' id='word_1_132' title='bbox 1819 1879 2043 1942; x_wconf 85' lang='lat' dir='ltr'><strong>omnino</strong></span> <span class='ocrx_word' id='word_1_133' title='bbox 2087 1896 2216 1936; x_wconf 90' lang='lat' dir='ltr'><strong>con-</strong></span> 
     </span>
    </p>
   </div>
   <div class='ocr_carea' id='block_1_21' title="bbox 640 1953 2216 2034">
    <p class='ocr_par' dir='ltr' id='par_1_21' title="bbox 640 1953 2216 2034">
     <span class='ocr_line' id='line_1_21' title="bbox 640 1953 2216 2034; baseline 0.012 -28"><span class='ocrx_word' id='word_1_134' title='bbox 640 1953 862 2009; x_wconf 86' lang='lat' dir='ltr'><strong>tendere</strong></span> <span class='ocrx_word' id='word_1_135' title='bbox 890 1966 974 2010; x_wconf 89' lang='lat' dir='ltr'><strong>est</strong></span> <span class='ocrx_word' id='word_1_136' title='bbox 998 1957 1066 2011; x_wconf 91' lang='lat' dir='ltr'><strong>de</strong></span> <span class='ocrx_word' id='word_1_137' title='bbox 1083 1973 1364 2028; x_wconf 78' lang='lat' dir='ltr'><strong>quo‘nunc</strong></span> <span class='ocrx_word' id='word_1_138' title='bbox 1387 1963 1665 2034; x_wconf 74' lang='lat' dir='ltr'><strong>indagatio</strong></span> <span class='ocrx_word' id='word_1_139' title='bbox 1692 1983 1704 2018; x_wconf 84' lang='lat'><strong>:</strong></span> <span class='ocrx_word' id='word_1_140' title='bbox 1729 1976 1827 2021; x_wconf 91' lang='lat' dir='ltr'><strong>aut</strong></span> <span class='ocrx_word' id='word_1_141' title='bbox 1854 1980 1977 2021; x_wconf 91' lang='lat' dir='ltr'><strong>cum</strong></span> <span class='ocrx_word' id='word_1_142' title='bbox 2000 1969 2216 2034; x_wconf 79' lang='lat' dir='ltr'><strong>duabus</strong></span> 
     </span>
    </p>
   </div>
   <div class='ocr_carea' id='block_1_22' title="bbox 639 2046 2211 2124">
    <p class='ocr_par' dir='ltr' id='par_1_22' title="bbox 639 2046 2211 2124">
     <span class='ocr_line' id='line_1_22' title="bbox 639 2046 2211 2124; baseline 0.011 -28"><span class='ocrx_word' id='word_1_143' title='bbox 639 2046 852 2100; x_wconf 88' lang='lat' dir='ltr'><strong>naturis</strong></span> <span class='ocrx_word' id='word_1_144' title='bbox 903 2049 1148 2104; x_wconf 89' lang='lat' dir='ltr'><strong>eamdem</strong></span> <span class='ocrx_word' id='word_1_145' title='bbox 1185 2052 1594 2108; x_wconf 79' lang='lat' dir='ltr'><strong>conclusionem</strong></span> <span class='ocrx_word' id='word_1_146' title='bbox 1644 2069 1991 2113; x_wconf 89' lang='lat' dir='ltr'><strong>communem</strong></span> <span class='ocrx_word' id='word_1_147' title='bbox 2025 2058 2211 2124; x_wconf 87' lang='lat' dir='ltr'><strong>habet,</strong></span> 
     </span>
    </p>
   </div>
   <div class='ocr_carea' id='block_1_23' title="bbox 636 2135 2214 2220">
    <p class='ocr_par' dir='ltr' id='par_1_23' title="bbox 636 2135 2214 2220">
     <span class='ocr_line' id='line_1_23' title="bbox 636 2135 2214 2220; baseline 0.011 -32"><span class='ocrx_word' id='word_1_148' title='bbox 636 2135 914 2220; x_wconf 62' lang='lat' dir='ltr'><strong>etfrustra</strong></span> <span class='ocrx_word' id='word_1_149' title='bbox 936 2139 1198 2195; x_wconf 79' lang='lat' dir='ltr'><strong>adversus</strong></span> <span class='ocrx_word' id='word_1_150' title='bbox 1245 2159 1346 2198; x_wconf 90' lang='lat' dir='ltr'><strong>nos</strong></span> <span class='ocrx_word' id='word_1_151' title='bbox 1389 2144 1760 2206; x_wconf 86' lang='lat' dir='ltr'><strong>invehuntur;</strong></span> <span class='ocrx_word' id='word_1_152' title='bbox 1805 2157 1899 2202; x_wconf 88' lang='lat' dir='ltr'><strong>aut</strong></span> <span class='ocrx_word' id='word_1_153' title='bbox 1931 2165 2034 2205; x_wconf 88' lang='lat' dir='ltr'><strong>nec</strong></span> <span class='ocrx_word' id='word_1_154' title='bbox 2061 2168 2214 2220; x_wconf 83' lang='lat' dir='ltr'><strong>pror-</strong></span> 
     </span>
    </p>
   </div>
   <div class='ocr_carea' id='block_1_24' title="bbox 637 2220 2211 2298">
    <p class='ocr_par' dir='ltr' id='par_1_24' title="bbox 637 2220 2211 2298">
     <span class='ocr_line' id='line_1_24' title="bbox 637 2220 2211 2298; baseline 0.011 -18"><span class='ocrx_word' id='word_1_155' title='bbox 637 2242 730 2281; x_wconf 86' lang='lat' dir='ltr'><strong>sus</strong></span> <span class='ocrx_word' id='word_1_156' title='bbox 763 2230 920 2283; x_wconf 89' lang='lat' dir='ltr'><strong>unica</strong></span> <span class='ocrx_word' id='word_1_157' title='bbox 959 2238 1043 2284; x_wconf 86' lang='lat' dir='ltr'><strong>est</strong></span> <span class='ocrx_word' id='word_1_158' title='bbox 1068 2247 1169 2287; x_wconf 92' lang='lat' dir='ltr'><strong>nec</strong></span> <span class='ocrx_word' id='word_1_159' title='bbox 1200 2220 1342 2298; x_wconf 61' lang='lat' dir='ltr'><strong>duae,</strong></span> <span class='ocrx_word' id='word_1_160' title='bbox 1364 2243 1422 2290; x_wconf 90' lang='lat' dir='ltr'><strong>et</strong></span> <span class='ocrx_word' id='word_1_161' title='bbox 1443 2251 1667 2292; x_wconf 87' lang='lat' dir='ltr'><strong>necesse</strong></span> <span class='ocrx_word' id='word_1_162' title='bbox 1693 2248 1780 2292; x_wconf 90' lang='lat' dir='ltr'><strong>est</strong></span> <span class='ocrx_word' id='word_1_163' title='bbox 1809 2251 1869 2292; x_wconf 90' lang='lat' dir='ltr'><strong>ut</strong></span> <span class='ocrx_word' id='word_1_164' title='bbox 1900 2256 2062 2295; x_wconf 89' lang='lat' dir='ltr'><strong>unam</strong></span> <span class='ocrx_word' id='word_1_165' title='bbox 2089 2259 2211 2297; x_wconf 92' lang='lat' dir='ltr'><strong>cum</strong></span> 
     </span>
    </p>
   </div>
   <div class='ocr_carea' id='block_1_25' title="bbox 634 2317 2212 2404">
    <p class='ocr_par' dir='ltr' id='par_1_25' title="bbox 634 2317 2212 2404">
     <span class='ocr_line' id='line_1_25' title="bbox 634 2317 2212 2404; baseline 0.012 -35"><span class='ocrx_word' id='word_1_166' title='bbox 634 2317 908 2374; x_wconf 82' lang='lat' dir='ltr'><strong>divisione</strong></span> <span class='ocrx_word' id='word_1_167' title='bbox 951 2321 1134 2378; x_wconf 83' lang='lat' dir='ltr'><strong>dicant</strong></span> <span class='ocrx_word' id='word_1_168' title='bbox 1178 2323 1281 2393; x_wconf 86' lang='lat' dir='ltr'><strong>ipsi</strong></span> <span class='ocrx_word' id='word_1_169' title='bbox 1328 2324 1626 2382; x_wconf 79' lang='lat' dir='ltr'><strong>novissime</strong></span> <span class='ocrx_word' id='word_1_170' title='bbox 1671 2323 1961 2398; x_wconf 75' lang='lat' dir='ltr'><strong>loquentes</strong></span> <span class='ocrx_word' id='word_1_171' title='bbox 1992 2343 2052 2387; x_wconf 89' lang='lat' dir='ltr'><strong>ut</strong></span> <span class='ocrx_word' id='word_1_172' title='bbox 2086 2350 2212 2404; x_wconf 91' lang='lat' dir='ltr'><strong>par-</strong></span> 
     </span>
    </p>
   </div>
   <div class='ocr_carea' id='block_1_26' title="bbox 640 2408 770 2462">
    <p class='ocr_par' dir='ltr' id='par_1_26' title="bbox 640 2408 770 2462">
     <span class='ocr_line' id='line_1_26' title="bbox 640 2408 770 2462; baseline 0.038 -5"><span class='ocrx_word' id='word_1_173' title='bbox 640 2408 770 2462; x_wconf 76' lang='lat' dir='ltr'><strong>vuli.</strong></span> 
     </span>
    </p>
   </div>
   <div class='ocr_carea' id='block_1_27' title="bbox 706 2496 2212 2573">
    <p class='ocr_par' dir='ltr' id='par_1_27' title="bbox 706 2496 2212 2573">
     <span class='ocr_line' id='line_1_27' title="bbox 706 2496 2212 2573; baseline 0.013 -26"><span class='ocrx_word' id='word_1_174' title='bbox 706 2496 793 2549; x_wconf 74' lang='grc'><strong>44.</strong></span> <span class='ocrx_word' id='word_1_175' title='bbox 835 2496 1181 2553; x_wconf 80' lang='lat' dir='ltr'><strong>Melioratum</strong></span> <span class='ocrx_word' id='word_1_176' title='bbox 1225 2510 1309 2563; x_wconf 81' lang='lat' dir='ltr'><strong>est</strong></span> <span class='ocrx_word' id='word_1_177' title='bbox 1343 2499 1550 2573; x_wconf 85' lang='lat' dir='ltr'><strong>aliquid</strong></span> <span class='ocrx_word' id='word_1_178' title='bbox 1582 2504 1847 2564; x_wconf 86' lang='lat' dir='ltr'><strong>de&#39;rehus</strong></span> <span class='ocrx_word' id='word_1_179' title='bbox 1894 2509 1949 2563; x_wconf 88' lang='lat' dir='ltr'><strong>in</strong></span> <span class='ocrx_word' id='word_1_180' title='bbox 1981 2505 2212 2566; x_wconf 86' lang='lat' dir='ltr'><strong>Domino</strong></span> 
     </span>
    </p>
   </div>
   <div class='ocr_carea' id='block_1_28' title="bbox 639 2587 2210 2678">
    <p class='ocr_par' dir='ltr' id='par_1_28' title="bbox 639 2587 2210 2678">
     <span class='ocr_line' id='line_1_28' title="bbox 639 2587 2210 2678; baseline 0.009 -40"><span class='ocrx_word' id='word_1_181' title='bbox 639 2587 945 2642; x_wconf 85' lang='lat' dir='ltr'><strong>naturalem</strong></span> <span class='ocrx_word' id='word_1_182' title='bbox 995 2589 1434 2646; x_wconf 88' lang='lat' dir='ltr'><strong>meliorationem</strong></span> <span class='ocrx_word' id='word_1_183' title='bbox 1480 2607 1769 2650; x_wconf 79' lang='lat' dir='ltr'><strong>assumens</strong></span> <span class='ocrx_word' id='word_1_184' title='bbox 1819 2606 1941 2666; x_wconf 85' lang='lat' dir='ltr'><strong>post</strong></span> <span class='ocrx_word' id='word_1_185' title='bbox 1968 2609 2210 2678; x_wconf 66' lang='lat' dir='ltr'><strong>sanctam</strong></span> 
     </span>
    </p>
   </div>
   <div class='ocr_carea' id='block_1_29' title="bbox 636 2676 2214 2758">
    <p class='ocr_par' dir='ltr' id='par_1_29' title="bbox 636 2676 2214 2758">
     <span class='ocr_line' id='line_1_29' title="bbox 636 2676 2214 2758; baseline 0.008 -29"><span class='ocrx_word' id='word_1_186' title='bbox 636 2676 759 2743; x_wconf 87' lang='lat' dir='ltr'><strong>ejus</strong></span> <span class='ocrx_word' id='word_1_187' title='bbox 806 2678 1300 2744; x_wconf 88' lang='lat' dir='ltr'><strong>resurrectionem,</strong></span> <span class='ocrx_word' id='word_1_188' title='bbox 1347 2680 1653 2736; x_wconf 85' lang='lat' dir='ltr'><strong>secundum</strong></span> <span class='ocrx_word' id='word_1_189' title='bbox 1697 2701 1819 2753; x_wconf 73' lang='lat' dir='ltr'><strong>qua:</strong></span> <span class='ocrx_word' id='word_1_190' title='bbox 1869 2697 1925 2740; x_wconf 87' lang='lat' dir='ltr'><strong>et</strong></span> <span class='ocrx_word' id='word_1_191' title='bbox 1977 2676 2214 2758; x_wconf 86' lang='lat' dir='ltr'><strong>Cyrillus</strong></span> 
     </span>
    </p>
   </div>
   <div class='ocr_carea' id='block_1_30' title="bbox 639 2769 2213 2843">
    <p class='ocr_par' dir='ltr' id='par_1_30' title="bbox 639 2769 2213 2843">
     <span class='ocr_line' id='line_1_30' title="bbox 639 2769 2213 2843; baseline 0.008 -23"><span class='ocrx_word' id='word_1_192' title='bbox 639 2769 806 2822; x_wconf 54' lang='lat' dir='ltr'><strong>l’ater:</strong></span> <span class='ocrx_word' id='word_1_193' title='bbox 850 2769 917 2822; x_wconf 89' lang='lat' dir='ltr'><strong>ad</strong></span> <span class='ocrx_word' id='word_1_194' title='bbox 949 2770 1208 2826; x_wconf 83' lang='lat' dir='ltr'><strong>Acacium</strong></span> <span class='ocrx_word' id='word_1_195' title='bbox 1259 2772 1396 2826; x_wconf 85' lang='lat' dir='ltr'><strong>dicit</strong></span> <span class='ocrx_word' id='word_1_196' title='bbox 1441 2783 1498 2827; x_wconf 93' lang='lat' dir='ltr'><strong>et</strong></span> <span class='ocrx_word' id='word_1_197' title='bbox 1558 2773 1760 2843; x_wconf 91' lang='lat' dir='ltr'><strong>reliqui</strong></span> <span class='ocrx_word' id='word_1_198' title='bbox 1799 2771 2016 2842; x_wconf 72' lang='lat' dir='ltr'><strong>Patres,</strong></span> <span class='ocrx_word' id='word_1_199' title='bbox 2043 2795 2109 2832; x_wconf 93' lang='lat' dir='ltr'><strong>an</strong></span> <span class='ocrx_word' id='word_1_200' title='bbox 2143 2781 2213 2832; x_wconf 88' lang='lat' dir='ltr'><strong>si-</strong></span> 
     </span>
    </p>
   </div>
   <div class='ocr_carea' id='block_1_31' title="bbox 633 2858 2213 2932">
    <p class='ocr_par' dir='ltr' id='par_1_31' title="bbox 633 2858 2213 2932">
     <span class='ocr_line' id='line_1_31' title="bbox 633 2858 2213 2932; baseline 0.008 -22"><span class='ocrx_word' id='word_1_201' title='bbox 633 2858 784 2912; x_wconf 89' lang='lat' dir='ltr'><strong>milis</strong></span> <span class='ocrx_word' id='word_1_202' title='bbox 830 2860 1012 2913; x_wconf 91' lang='lat' dir='ltr'><strong>omnis</strong></span> <span class='ocrx_word' id='word_1_203' title='bbox 1051 2861 1173 2930; x_wconf 86' lang='lat' dir='ltr'><strong>ejus</strong></span> <span class='ocrx_word' id='word_1_204' title='bbox 1229 2870 1426 2916; x_wconf 89' lang='lat' dir='ltr'><strong>natura</strong></span> <span class='ocrx_word' id='word_1_205' title='bbox 1469 2878 1634 2932; x_wconf 90' lang='lat' dir='ltr'><strong>quam</strong></span> <span class='ocrx_word' id='word_1_206' title='bbox 1678 2864 1871 2919; x_wconf 91' lang='lat' dir='ltr'><strong>dicunt</strong></span> <span class='ocrx_word' id='word_1_207' title='bbox 1902 2882 2093 2932; x_wconf 91' lang='lat' dir='ltr'><strong>unam,</strong></span> <span class='ocrx_word' id='word_1_208' title='bbox 2129 2884 2213 2922; x_wconf 90' lang='lat' dir='ltr'><strong>re-</strong></span> 
     </span>
    </p>
   </div>
   <div class='ocr_carea' id='block_1_32' title="bbox 630 2939 2212 3023">
    <p class='ocr_par' dir='ltr' id='par_1_32' title="bbox 630 2939 2212 3023">
     <span class='ocr_line' id='line_1_32' title="bbox 630 2939 2212 3023; baseline 0.009 -23"><span class='ocrx_word' id='word_1_209' title='bbox 630 2939 882 3003; x_wconf 49' lang='lat' dir='ltr'><strong>‘mansit?</strong></span> <span class='ocrx_word' id='word_1_210' title='bbox 933 2950 990 3005; x_wconf 91' lang='lat' dir='ltr'><strong>Si</strong></span> <span class='ocrx_word' id='word_1_211' title='bbox 1027 2967 1156 3022; x_wconf 78' lang='lat' dir='ltr'><strong>ergo</strong></span> <span class='ocrx_word' id='word_1_212' title='bbox 1187 2952 1412 3020; x_wconf 89' lang='lat' dir='ltr'><strong>quidem</strong></span> <span class='ocrx_word' id='word_1_213' title='bbox 1443 2968 1550 3007; x_wconf 91' lang='lat' dir='ltr'><strong>non</strong></span> <span class='ocrx_word' id='word_1_214' title='bbox 1585 2955 1933 3010; x_wconf 85' lang='lat' dir='ltr'><strong>melioratum</strong></span> <span class='ocrx_word' id='word_1_215' title='bbox 1981 2967 2085 3023; x_wconf 90' lang='lat' dir='ltr'><strong>est,</strong></span> <span class='ocrx_word' id='word_1_216' title='bbox 2117 2966 2212 3015; x_wconf 88' lang='lat' dir='ltr'><strong>aut</strong></span> 
     </span>
    </p>
   </div>
   <div class='ocr_carea' id='block_1_33' title="bbox 637 3044 2213 3111">
    <p class='ocr_par' dir='ltr' id='par_1_33' title="bbox 637 3044 2213 3111">
     <span class='ocr_line' id='line_1_33' title="bbox 637 3044 2213 3111; baseline 0.007 -17"><span class='ocrx_word' id='word_1_217' title='bbox 637 3048 694 3094; x_wconf 90' lang='lat' dir='ltr'><strong>et</strong></span> <span class='ocrx_word' id='word_1_218' title='bbox 738 3056 886 3095; x_wconf 91' lang='lat' dir='ltr'><strong>nunc</strong></span> <span class='ocrx_word' id='word_1_219' title='bbox 940 3044 1235 3111; x_wconf 87' lang='lat' dir='ltr'><strong>passibilis,</strong></span> <span class='ocrx_word' id='word_1_220' title='bbox 1277 3053 1372 3098; x_wconf 90' lang='lat' dir='ltr'><strong>aut</strong></span> <span class='ocrx_word' id='word_1_221' title='bbox 1401 3061 1503 3100; x_wconf 92' lang='lat' dir='ltr'><strong>nec</strong></span> <span class='ocrx_word' id='word_1_222' title='bbox 1542 3058 1660 3102; x_wconf 88' lang='lat' dir='ltr'><strong>erat</strong></span> <span class='ocrx_word' id='word_1_223' title='bbox 1695 3051 1822 3103; x_wconf 85' lang='lat' dir='ltr'><strong>ante</strong></span> <span class='ocrx_word' id='word_1_224' title='bbox 1851 3048 2213 3106; x_wconf 86' lang='lat' dir='ltr'><strong>resurrectio-</strong></span> 
     </span>
    </p>
   </div>
   <div class='ocr_carea' id='block_1_34' title="bbox 639 3134 2284 3235">
    <p class='ocr_par' dir='ltr' id='par_1_34' title="bbox 639 3134 2284 3235">
     <span class='ocr_line' id='line_1_34' title="bbox 639 3134 2284 3235; baseline 0.007 -51"><span class='ocrx_word' id='word_1_225' title='bbox 639 3145 764 3234; x_wconf 71' lang='lat' dir='ltr'><strong>nem</strong></span> <span class='ocrx_word' id='word_1_226' title='bbox 808 3134 1120 3235; x_wconf 46' lang='lat' dir='ltr'><strong>pa-ssibilis;</strong></span> <span class='ocrx_word' id='word_1_227' title='bbox 1176 3137 1470 3192; x_wconf 84' lang='lat' dir='ltr'><strong>mendaces</strong></span> <span class='ocrx_word' id='word_1_228' title='bbox 1513 3147 1568 3192; x_wconf 91' lang='lat' dir='ltr'><strong>et</strong></span> <span class='ocrx_word' id='word_1_229' title='bbox 1601 3139 1696 3209; x_wconf 91' lang='lat' dir='ltr'><strong>qui</strong></span> <span class='ocrx_word' id='word_1_230' title='bbox 1735 3136 1927 3235; x_wconf 78' lang='lat' dir='ltr'><strong>dicunt</strong></span> <span class='ocrx_word' id='word_1_231' title='bbox 1958 3142 2214 3196; x_wconf 85' lang='lat' dir='ltr'><strong>meliora-</strong></span> <span class='ocrx_word' id='word_1_232' title='bbox 2239 3174 2284 3235; x_wconf 69' lang='grc' dir='ltr'>ο</span> 
     </span>
    </p>
   </div>
   <div class='ocr_carea' id='block_1_35' title="bbox 641 3219 2211 3300">
    <p class='ocr_par' dir='ltr' id='par_1_35' title="bbox 641 3219 2211 3300">
     <span class='ocr_line' id='line_1_35' title="bbox 641 3219 2211 3300; baseline 0.008 -25"><span class='ocrx_word' id='word_1_233' title='bbox 641 3219 846 3277; x_wconf 86' lang='lat' dir='ltr'><strong>tionem</strong></span> <span class='ocrx_word' id='word_1_234' title='bbox 880 3225 1238 3282; x_wconf 83' lang='lat' dir='ltr'><strong>humanitatis</strong></span> <span class='ocrx_word' id='word_1_235' title='bbox 1280 3230 1402 3298; x_wconf 89' lang='lat' dir='ltr'><strong>ejus</strong></span> <span class='ocrx_word' id='word_1_236' title='bbox 1435 3243 1628 3282; x_wconf 86' lang='lat' dir='ltr'><strong>omnes</strong></span> <span class='ocrx_word' id='word_1_237' title='bbox 1662 3229 1952 3300; x_wconf 73' lang='lat' dir='ltr'><strong>magistri;</strong></span> <span class='ocrx_word' id='word_1_238' title='bbox 1985 3231 2029 3285; x_wconf 89' lang='lat' dir='ltr'><strong>si</strong></span> <span class='ocrx_word' id='word_1_239' title='bbox 2079 3247 2211 3288; x_wconf 84' lang='lat' dir='ltr'><strong>vero</strong></span> 
     </span>
    </p>
   </div>
   <div class='ocr_carea' id='block_1_36' title="bbox 641 3312 2213 3390">
    <p class='ocr_par' dir='ltr' id='par_1_36' title="bbox 641 3312 2213 3390">
     <span class='ocr_line' id='line_1_36' title="bbox 641 3312 2213 3390; baseline 0.008 -25"><span class='ocrx_word' id='word_1_240' title='bbox 641 3312 928 3367; x_wconf 83' lang='lat' dir='ltr'><strong>meliorata</strong></span> <span class='ocrx_word' id='word_1_241' title='bbox 973 3326 1057 3369; x_wconf 88' lang='lat' dir='ltr'><strong>est</strong></span> <span class='ocrx_word' id='word_1_242' title='bbox 1099 3317 1338 3385; x_wconf 81' lang='lat' dir='ltr'><strong>perfecta</strong></span> <span class='ocrx_word' id='word_1_243' title='bbox 1363 3317 1832 3386; x_wconf 71' lang='lat' dir='ltr'><strong>quaedam&#39;natura</strong></span> <span class='ocrx_word' id='word_1_244' title='bbox 1856 3321 1910 3374; x_wconf 91' lang='lat' dir='ltr'><strong>in</strong></span> <span class='ocrx_word' id='word_1_245' title='bbox 1949 3319 2087 3390; x_wconf 87' lang='lat' dir='ltr'><strong>ipso,</strong></span> <span class='ocrx_word' id='word_1_246' title='bbox 2118 3332 2213 3377; x_wconf 92' lang='lat' dir='ltr'><strong>aut</strong></span> 
     </span>
    </p>
   </div>
   <div class='ocr_carea' id='block_1_37' title="bbox 643 3407 2213 3478">
    <p class='ocr_par' dir='ltr' id='par_1_37' title="bbox 643 3407 2213 3478">
     <span class='ocr_line' id='line_1_37' title="bbox 643 3407 2213 3478; baseline 0.007 -22"><span class='ocrx_word' id='word_1_247' title='bbox 643 3412 757 3457; x_wconf 87' lang='lat' dir='ltr'><strong>tota</strong></span> <span class='ocrx_word' id='word_1_248' title='bbox 805 3421 914 3458; x_wconf 91' lang='lat' dir='ltr'><strong>una</strong></span> <span class='ocrx_word' id='word_1_249' title='bbox 961 3407 1076 3478; x_wconf 80' lang='lat' dir='ltr'><strong>ipsa</strong></span> <span class='ocrx_word' id='word_1_250' title='bbox 1101 3413 1185 3461; x_wconf 85' lang='lat' dir='ltr'><strong>est</strong></span> <span class='ocrx_word' id='word_1_251' title='bbox 1209 3422 1373 3477; x_wconf 89' lang='lat' dir='ltr'><strong>quam</strong></span> <span class='ocrx_word' id='word_1_252' title='bbox 1414 3409 1624 3474; x_wconf 92' lang='lat' dir='ltr'><strong>dicunt,</strong></span> <span class='ocrx_word' id='word_1_253' title='bbox 1650 3419 1706 3464; x_wconf 92' lang='lat' dir='ltr'><strong>et</strong></span> <span class='ocrx_word' id='word_1_254' title='bbox 1731 3411 1839 3466; x_wconf 90' lang='lat' dir='ltr'><strong>erit</strong></span> <span class='ocrx_word' id='word_1_255' title='bbox 1870 3419 1926 3466; x_wconf 90' lang='lat' dir='ltr'><strong>et</strong></span> <span class='ocrx_word' id='word_1_256' title='bbox 1955 3413 2213 3468; x_wconf 77' lang='lat' dir='ltr'><strong>divinitas</strong></span> 
     </span>
    </p>
   </div>
   <div class='ocr_carea' id='block_1_38' title="bbox 641 3487 2214 3592">
    <p class='ocr_par' dir='ltr' id='par_1_38' title="bbox 641 3487 2214 3592">
     <span class='ocr_line' id='line_1_38' title="bbox 641 3487 2214 3592; baseline 0.006 -46"><span class='ocrx_word' id='word_1_257' title='bbox 641 3487 761 3563; x_wconf 83' lang='lat' dir='ltr'><strong>ejus</strong></span> <span class='ocrx_word' id='word_1_258' title='bbox 794 3495 848 3547; x_wconf 93' lang='lat' dir='ltr'><strong>in</strong></span> <span class='ocrx_word' id='word_1_259' title='bbox 880 3508 1231 3592; x_wconf 73' lang='lat' dir='ltr'><strong>progressum</strong></span> <span class='ocrx_word' id='word_1_260' title='bbox 1261 3497 1720 3568; x_wconf 81' lang='lat' dir='ltr'><strong>impassibilitatis</strong></span> <span class='ocrx_word' id='word_1_261' title='bbox 1753 3509 1873 3555; x_wconf 87' lang='lat' dir='ltr'><strong>acta</strong></span> <span class='ocrx_word' id='word_1_262' title='bbox 1901 3519 1912 3554; x_wconf 92' lang='lat'><strong>:</strong></span> <span class='ocrx_word' id='word_1_263' title='bbox 1962 3509 2058 3555; x_wconf 89' lang='lat' dir='ltr'><strong>aut</strong></span> <span class='ocrx_word' id='word_1_264' title='bbox 2085 3518 2214 3572; x_wconf 88' lang='lat' dir='ltr'><strong>pars</strong></span> 
     </span>
    </p>
   </div>
   <div class='ocr_carea' id='block_1_39' title="bbox 641 3585 2214 3659">
    <p class='ocr_par' dir='ltr' id='par_1_39' title="bbox 641 3585 2214 3659">
     <span class='ocr_line' id='line_1_39' title="bbox 641 3585 2214 3659; baseline 0.009 -23"><span class='ocrx_word' id='word_1_265' title='bbox 641 3585 760 3653; x_wconf 88' lang='lat' dir='ltr'><strong>ejus</strong></span> <span class='ocrx_word' id='word_1_266' title='bbox 800 3585 1150 3655; x_wconf 76' lang='lat' dir='ltr'><strong>progressum</strong></span> <span class='ocrx_word' id='word_1_267' title='bbox 1192 3601 1312 3656; x_wconf 73' lang='lat' dir='ltr'><strong>qua:</strong></span> <span class='ocrx_word' id='word_1_268' title='bbox 1344 3589 1493 3653; x_wconf 84' lang='lat' dir='ltr'><strong>fecit,</strong></span> <span class='ocrx_word' id='word_1_269' title='bbox 1530 3590 1775 3659; x_wconf 84' lang='lat' dir='ltr'><strong>perfecta</strong></span> <span class='ocrx_word' id='word_1_270' title='bbox 1825 3599 2021 3647; x_wconf 87' lang='lat' dir='ltr'><strong>natura</strong></span> <span class='ocrx_word' id='word_1_271' title='bbox 2052 3602 2214 3650; x_wconf 90' lang='lat' dir='ltr'><strong>estet</strong></span> 
     </span>
    </p>
   </div>
   <div class='ocr_carea' id='block_1_40' title="bbox 642 3678 2216 3755">
    <p class='ocr_par' dir='ltr' id='par_1_40' title="bbox 642 3678 2216 3755">
     <span class='ocr_line' id='line_1_40' title="bbox 642 3678 2216 3755; baseline 0.008 -28"><span class='ocrx_word' id='word_1_272' title='bbox 642 3689 991 3744; x_wconf 74' lang='lat' dir='ltr'><strong>progressum</strong></span> <span class='ocrx_word' id='word_1_273' title='bbox 1027 3689 1136 3730; x_wconf 92' lang='lat' dir='ltr'><strong>non</strong></span> <span class='ocrx_word' id='word_1_274' title='bbox 1185 3678 1503 3745; x_wconf 86' lang='lat' dir='ltr'><strong>admittens,</strong></span> <span class='ocrx_word' id='word_1_275' title='bbox 1549 3688 1641 3734; x_wconf 86' lang='lat' dir='ltr'><strong>aut</strong></span> <span class='ocrx_word' id='word_1_276' title='bbox 1687 3696 1850 3736; x_wconf 89' lang='lat' dir='ltr'><strong>unam</strong></span> <span class='ocrx_word' id='word_1_277' title='bbox 1882 3699 2002 3739; x_wconf 82' lang='lat' dir='ltr'><strong>esse</strong></span> <span class='ocrx_word' id='word_1_278' title='bbox 2035 3685 2216 3755; x_wconf 80' lang='lat' dir='ltr'><strong>perfe-</strong></span> 
     </span>
    </p>
   </div>
   <div class='ocr_carea' id='block_1_41' title="bbox 641 3768 2215 3840">
    <p class='ocr_par' dir='ltr' id='par_1_41' title="bbox 641 3768 2215 3840">
     <span class='ocr_line' id='line_1_41' title="bbox 641 3768 2215 3840; baseline 0.006 -23"><span class='ocrx_word' id='word_1_279' title='bbox 641 3772 782 3818; x_wconf 89' lang='lat' dir='ltr'><strong>ctam</strong></span> <span class='ocrx_word' id='word_1_280' title='bbox 833 3774 1082 3821; x_wconf 90' lang='lat' dir='ltr'><strong>naturam</strong></span> <span class='ocrx_word' id='word_1_281' title='bbox 1125 3768 1212 3822; x_wconf 83' lang='lat' dir='ltr'><strong>vel</strong></span> <span class='ocrx_word' id='word_1_282' title='bbox 1270 3777 1479 3838; x_wconf 90' lang='lat' dir='ltr'><strong>partem</strong></span> <span class='ocrx_word' id='word_1_283' title='bbox 1537 3768 1722 3824; x_wconf 89' lang='lat' dir='ltr'><strong>dicere</strong></span> <span class='ocrx_word' id='word_1_284' title='bbox 1772 3778 2062 3840; x_wconf 78' lang='lat' dir='ltr'><strong>cogentur;</strong></span> <span class='ocrx_word' id='word_1_285' title='bbox 2120 3781 2215 3827; x_wconf 85' lang='lat' dir='ltr'><strong>aut</strong></span> 
     </span>
    </p>
   </div>
   <div class='ocr_carea' id='block_1_42' title="bbox 645 3855 2214 3934">
    <p class='ocr_par' dir='ltr' id='par_1_42' title="bbox 645 3855 2214 3934">
     <span class='ocr_line' id='line_1_42' title="bbox 645 3855 2214 3934; baseline 0.006 -25"><span class='ocrx_word' id='word_1_286' title='bbox 645 3855 1042 3924; x_wconf 85' lang='lat' dir='ltr'><strong>hlasphemare,</strong></span> <span class='ocrx_word' id='word_1_287' title='bbox 1114 3859 1271 3926; x_wconf 86' lang='lat' dir='ltr'><strong>pieve</strong></span> <span class='ocrx_word' id='word_1_288' title='bbox 1339 3873 1502 3927; x_wconf 76' lang='lat' dir='ltr'><strong>agere</strong></span> <span class='ocrx_word' id='word_1_289' title='bbox 1556 3859 1844 3915; x_wconf 89' lang='lat' dir='ltr'><strong>audientes</strong></span> <span class='ocrx_word' id='word_1_290' title='bbox 1896 3877 2022 3915; x_wconf 92' lang='lat' dir='ltr'><strong>cum</strong></span> <span class='ocrx_word' id='word_1_291' title='bbox 2075 3865 2214 3934; x_wconf 82' lang='lat' dir='ltr'><strong>ipsis</strong></span> 
     </span>
    </p>
   </div>
   <div class='ocr_carea' id='block_1_43' title="bbox 640 3947 1006 4001">
    <p class='ocr_par' dir='ltr' id='par_1_43' title="bbox 640 3947 1006 4001">
     <span class='ocr_line' id='line_1_43' title="bbox 640 3947 1006 4001; baseline 0.003 -1"><span class='ocrx_word' id='word_1_292' title='bbox 640 3947 1006 4001; x_wconf 86' lang='lat' dir='ltr'><strong>adducentur.</strong></span> 
     </span>
    </p>
   </div>
   <div class='ocr_carea' id='block_1_44' title="bbox 711 4036 2211 4110">
    <p class='ocr_par' dir='ltr' id='par_1_44' title="bbox 711 4036 2211 4110">
     <span class='ocr_line' id='line_1_44' title="bbox 711 4036 2211 4110; baseline 0.007 -20"><span class='ocrx_word' id='word_1_293' title='bbox 711 4037 795 4091; x_wconf 72' lang='grc'><strong>45.</strong></span> <span class='ocrx_word' id='word_1_294' title='bbox 856 4037 910 4093; x_wconf 91' lang='lat' dir='ltr'><strong>Si</strong></span> <span class='ocrx_word' id='word_1_295' title='bbox 965 4038 1428 4108; x_wconf 85' lang='lat' dir='ltr'><strong>quemadmodum</strong></span> <span class='ocrx_word' id='word_1_296' title='bbox 1477 4036 1791 4104; x_wconf 87' lang='lat' dir='ltr'><strong>diceremus</strong></span> <span class='ocrx_word' id='word_1_297' title='bbox 1845 4042 1912 4096; x_wconf 91' lang='lat' dir='ltr'><strong>de</strong></span> <span class='ocrx_word' id='word_1_298' title='bbox 1966 4043 2211 4110; x_wconf 88' lang='lat' dir='ltr'><strong>homine,</strong></span> 
     </span>
    </p>
   </div>
   <div class='ocr_carea' id='block_1_45' title="bbox 643 4129 2214 4203">
    <p class='ocr_par' dir='ltr' id='par_1_45' title="bbox 643 4129 2214 4203">
     <span class='ocr_line' id='line_1_45' title="bbox 643 4129 2214 4203; baseline 0.006 -21"><span class='ocrx_word' id='word_1_299' title='bbox 643 4129 857 4182; x_wconf 87' lang='lat' dir='ltr'><strong>unicam</strong></span> <span class='ocrx_word' id='word_1_300' title='bbox 903 4139 1156 4184; x_wconf 87' lang='lat' dir='ltr'><strong>naturam</strong></span> <span class='ocrx_word' id='word_1_301' title='bbox 1214 4131 1281 4184; x_wconf 90' lang='lat' dir='ltr'><strong>de</strong></span> <span class='ocrx_word' id='word_1_302' title='bbox 1327 4131 1560 4185; x_wconf 86' lang='lat' dir='ltr'><strong>Domino</strong></span> <span class='ocrx_word' id='word_1_303' title='bbox 1603 4132 1958 4200; x_wconf 84' lang='lat' dir='ltr'><strong>proﬁtentur.</strong></span> <span class='ocrx_word' id='word_1_304' title='bbox 2006 4137 2214 4203; x_wconf 87' lang='lat' dir='ltr'><strong>pariter</strong></span> 
     </span>
    </p>
   </div>
   <div class='ocr_carea' id='block_1_46' title="bbox 641 4220 2212 4290">
    <p class='ocr_par' dir='ltr' id='par_1_46' title="bbox 641 4220 2212 4290">
     <span class='ocr_line' id='line_1_46' title="bbox 641 4220 2212 4290; baseline 0.004 -16"><span class='ocrx_word' id='word_1_305' title='bbox 641 4220 710 4274; x_wconf 91' lang='lat' dir='ltr'><strong>de</strong></span> <span class='ocrx_word' id='word_1_306' title='bbox 754 4220 977 4274; x_wconf 90' lang='lat' dir='ltr'><strong>homine</strong></span> <span class='ocrx_word' id='word_1_307' title='bbox 1007 4236 1130 4274; x_wconf 93' lang='lat' dir='ltr'><strong>cum</strong></span> <span class='ocrx_word' id='word_1_308' title='bbox 1184 4222 1256 4275; x_wconf 93' lang='lat' dir='ltr'><strong>sit</strong></span> <span class='ocrx_word' id='word_1_309' title='bbox 1301 4236 1331 4274; x_wconf 93' lang='lat' dir='ltr'><strong>e</strong></span> <span class='ocrx_word' id='word_1_310' title='bbox 1385 4221 1605 4290; x_wconf 81' lang='lat' dir='ltr'><strong>duobus</strong></span> <span class='ocrx_word' id='word_1_311' title='bbox 1637 4222 1823 4286; x_wconf 88' lang='lat' dir='ltr'><strong>homo,</strong></span> <span class='ocrx_word' id='word_1_312' title='bbox 1867 4224 2080 4290; x_wconf 86' lang='lat' dir='ltr'><strong>dicunt;</strong></span> <span class='ocrx_word' id='word_1_313' title='bbox 2117 4227 2212 4281; x_wconf 90' lang='lat' dir='ltr'><strong>sed</strong></span> 
     </span>
    </p>
   </div>
   <div class='ocr_carea' id='block_1_47' title="bbox 639 4313 2208 4382">
    <p class='ocr_par' dir='ltr' id='par_1_47' title="bbox 639 4313 2208 4382">
     <span class='ocr_line' id='line_1_47' title="bbox 639 4313 2208 4382; baseline 0.003 -16"><span class='ocrx_word' id='word_1_314' title='bbox 639 4313 748 4367; x_wconf 93' lang='lat' dir='ltr'><strong>hon</strong></span> <span class='ocrx_word' id='word_1_315' title='bbox 773 4329 805 4367; x_wconf 97' lang='lat' dir='ltr'><strong>o</strong></span> <span class='ocrx_word' id='word_1_316' title='bbox 830 4329 939 4366; x_wconf 90' lang='lat' dir='ltr'><strong>non</strong></span> <span class='ocrx_word' id='word_1_317' title='bbox 962 4329 1029 4366; x_wconf 83' lang='lat' dir='ltr'><strong>ex</strong></span> <span class='ocrx_word' id='word_1_318' title='bbox 1051 4313 1466 4381; x_wconf 70' lang='lat' dir='ltr'><strong>prmexsistente</strong></span> <span class='ocrx_word' id='word_1_319' title='bbox 1493 4313 1672 4366; x_wconf 89' lang='lat' dir='ltr'><strong>anima</strong></span> <span class='ocrx_word' id='word_1_320' title='bbox 1695 4320 1750 4366; x_wconf 92' lang='lat' dir='ltr'><strong>et</strong></span> <span class='ocrx_word' id='word_1_321' title='bbox 1771 4329 1999 4382; x_wconf 89' lang='lat' dir='ltr'><strong>corpore</strong></span> <span class='ocrx_word' id='word_1_322' title='bbox 2021 4316 2208 4370; x_wconf 65' lang='lat' dir='ltr'><strong>datur:</strong></span> 
     </span>
    </p>
   </div>
   <div class='ocr_carea' id='block_1_48' title="bbox 637 4403 2212 4472">
    <p class='ocr_par' dir='ltr' id='par_1_48' title="bbox 637 4403 2212 4472">
     <span class='ocr_line' id='line_1_48' title="bbox 637 4403 2212 4472; baseline 0.003 -15"><span class='ocrx_word' id='word_1_323' title='bbox 637 4419 705 4457; x_wconf 83' lang='lat' dir='ltr'><strong>ex</strong></span> <span class='ocrx_word' id='word_1_324' title='bbox 739 4403 1070 4472; x_wconf 69' lang='lat' dir='ltr'><strong>cogitatione</strong></span> <span class='ocrx_word' id='word_1_325' title='bbox 1104 4403 1252 4456; x_wconf 89' lang='lat' dir='ltr'><strong>enim</strong></span> <span class='ocrx_word' id='word_1_326' title='bbox 1282 4405 1395 4456; x_wconf 87' lang='lat' dir='ltr'><strong>sola</strong></span> <span class='ocrx_word' id='word_1_327' title='bbox 1431 4405 1784 4472; x_wconf 87' lang='lat' dir='ltr'><strong>proprietatis</strong></span> <span class='ocrx_word' id='word_1_328' title='bbox 1824 4419 2212 4472; x_wconf 73' lang='lat' dir='ltr'><strong>przecxponen-</strong></span> 
     </span>
    </p>
   </div>
   <div class='ocr_carea' id='block_1_49' title="bbox 2314 602 3909 688">
    <p class='ocr_par' dir='ltr' id='par_1_49' title="bbox 2314 602 3909 688">
     <span class='ocr_line' id='line_1_49' title="bbox 2314 602 3909 688; baseline 0.008 -27"><span class='ocrx_word' id='word_1_329' title='bbox 2314 614 2342 664; x_wconf 83' lang='lat'><em>6</em></span> <span class='ocrx_word' id='word_1_330' title='bbox 2369 614 2433 662; x_wconf 74' lang='grc' dir='ltr'><strong>ὲκ</strong></span> <span class='ocrx_word' id='word_1_331' title='bbox 2462 611 2633 680; x_wconf 70' lang='grc' dir='ltr'>Λόγου</span> <span class='ocrx_word' id='word_1_332' title='bbox 2667 614 2760 661; x_wconf 77' lang='grc' dir='ltr'><strong>καὶ</strong></span> <span class='ocrx_word' id='word_1_333' title='bbox 2793 610 2994 680; x_wconf 76' lang='grc' dir='ltr'>σαρκὸς</span> <span class='ocrx_word' id='word_1_334' title='bbox 3013 609 3247 680; x_wconf 77' lang='grc' dir='ltr'>Χριστός</span> <span class='ocrx_word' id='word_1_335' title='bbox 3268 625 3281 639; x_wconf 91' lang='grc'><strong>·</strong></span> <span class='ocrx_word' id='word_1_336' title='bbox 3311 608 3446 660; x_wconf 82' lang='grc' dir='ltr'>διότι</span> <span class='ocrx_word' id='word_1_337' title='bbox 3461 607 3571 676; x_wconf 81' lang='grc' dir='ltr'>γὰρ</span> <span class='ocrx_word' id='word_1_338' title='bbox 3599 606 3698 676; x_wconf 78' lang='grc' dir='ltr'><strong>μία</strong></span> <span class='ocrx_word' id='word_1_339' title='bbox 3734 602 3909 688; x_wconf 64' lang='grc' dir='ltr'><strong>φύσιί</strong></span> 
     </span>
    </p>
   </div>
   <div class='ocr_carea' id='block_1_50' title="bbox 2313 693 3910 769">
    <p class='ocr_par' dir='ltr' id='par_1_50' title="bbox 2313 693 3910 769">
     <span class='ocr_line' id='line_1_50' title="bbox 2313 693 3910 769; baseline -0.005 -17"><span class='ocrx_word' id='word_1_340' title='bbox 2313 701 2412 752; x_wconf 84' lang='grc' dir='ltr'>τοῦ</span> <span class='ocrx_word' id='word_1_341' title='bbox 2444 697 2580 753; x_wconf 77' lang='grc' dir='ltr'>Θεοῦ</span> <span class='ocrx_word' id='word_1_342' title='bbox 2637 700 2811 766; x_wconf 84' lang='grc' dir='ltr'>Λόγου</span> <span class='ocrx_word' id='word_1_343' title='bbox 2870 698 3091 768; x_wconf 68' lang='grc' dir='ltr'>ἐντελὴς</span> <span class='ocrx_word' id='word_1_344' title='bbox 3141 699 3238 769; x_wconf 68' lang='grc' dir='ltr'>ἥδε</span> <span class='ocrx_word' id='word_1_345' title='bbox 3291 696 3745 767; x_wconf 71' lang='grc' dir='ltr'>προωμολόγηται</span> <span class='ocrx_word' id='word_1_346' title='bbox 3813 693 3910 746; x_wconf 73' lang='grc' dir='ltr'><strong>καὶ</strong></span> 
     </span>
    </p>
   </div>
   <div class='ocr_carea' id='block_1_51' title="bbox 2313 777 3907 859">
    <p class='ocr_par' dir='ltr' id='par_1_51' title="bbox 2313 777 3907 859">
     <span class='ocr_line' id='line_1_51' title="bbox 2313 777 3907 859; baseline -0.006 -17"><span class='ocrx_word' id='word_1_347' title='bbox 2313 791 2442 843; x_wconf 74' lang='grc' dir='ltr'>ἄνευ</span> <span class='ocrx_word' id='word_1_348' title='bbox 2487 777 2723 859; x_wconf 58' lang='grc' dir='ltr'>σαρκὸς,</span> <span class='ocrx_word' id='word_1_349' title='bbox 2755 788 2907 841; x_wconf 79' lang='grc' dir='ltr'>οὐδὲν</span> <span class='ocrx_word' id='word_1_350' title='bbox 2941 786 3107 852; x_wconf 77' lang='grc' dir='ltr'>δείξει</span> <span class='ocrx_word' id='word_1_351' title='bbox 3144 787 3466 857; x_wconf 79' lang='grc' dir='ltr'>καινότερον</span> <span class='ocrx_word' id='word_1_352' title='bbox 3498 786 3532 855; x_wconf 80' lang='grc' dir='ltr'>ὴ</span> <span class='ocrx_word' id='word_1_353' title='bbox 3579 785 3783 845; x_wconf 71' lang='grc' dir='ltr'>ἕνωσις</span> <span class='ocrx_word' id='word_1_354' title='bbox 3827 783 3907 844; x_wconf 84' lang='grc' dir='ltr'><strong>είς</strong></span> 
     </span>
    </p>
   </div>
   <div class='ocr_carea' id='block_1_52' title="bbox 2314 862 3905 952">
    <p class='ocr_par' dir='ltr' id='par_1_52' title="bbox 2314 862 3905 952">
     <span class='ocr_line' id='line_1_52' title="bbox 2314 862 3905 952; baseline -0.005 -19"><span class='ocrx_word' id='word_1_355' title='bbox 2314 862 2504 947; x_wconf 61' lang='grc' dir='ltr'>φύσινί</span> <span class='ocrx_word' id='word_1_356' title='bbox 2547 881 2642 936; x_wconf 68' lang='grc' dir='ltr'><strong>εὰν</strong></span> <span class='ocrx_word' id='word_1_357' title='bbox 2680 871 2778 950; x_wconf 88' lang='grc' dir='ltr'><strong>μία</strong></span> <span class='ocrx_word' id='word_1_358' title='bbox 2829 879 3160 950; x_wconf 61' lang='grc' dir='ltr'>μεμένηκεν.</span> <span class='ocrx_word' id='word_1_359' title='bbox 3202 877 3493 952; x_wconf 84' lang='grc' dir='ltr'>Πυθόμεθά</span> <span class='ocrx_word' id='word_1_360' title='bbox 3542 878 3651 946; x_wconf 84' lang='grc' dir='ltr'>γὰρ</span> <span class='ocrx_word' id='word_1_361' title='bbox 3698 873 3905 944; x_wconf 76' lang='grc' dir='ltr'>ὑμῶν·</span> 
     </span>
    </p>
   </div>
   <div class='ocr_carea' id='block_1_53' title="bbox 2311 960 3908 1042">
    <p class='ocr_par' dir='ltr' id='par_1_53' title="bbox 2311 960 3908 1042">
     <span class='ocr_line' id='line_1_53' title="bbox 2311 960 3908 1042; baseline -0.005 -16"><span class='ocrx_word' id='word_1_362' title='bbox 2311 964 2458 1040; x_wconf 62' lang='grc' dir='ltr'>*Αρά</span> <span class='ocrx_word' id='word_1_363' title='bbox 2478 989 2540 1040; x_wconf 90' lang='grc' dir='ltr'><strong>γε</strong></span> <span class='ocrx_word' id='word_1_364' title='bbox 2560 972 2721 1041; x_wconf 84' lang='grc' dir='ltr'>φύσει</span> <span class='ocrx_word' id='word_1_365' title='bbox 2742 973 2944 1042; x_wconf 73' lang='grc' dir='ltr'>σαρκὸς</span> <span class='ocrx_word' id='word_1_366' title='bbox 2972 973 3072 1040; x_wconf 73' lang='grc' dir='ltr'>τὴν</span> <span class='ocrx_word' id='word_1_367' title='bbox 3097 970 3260 1040; x_wconf 87' lang='grc' dir='ltr'>φύσιν</span> <span class='ocrx_word' id='word_1_368' title='bbox 3283 960 3378 1022; x_wconf 70' lang='grc' dir='ltr'>τοῦ</span> <span class='ocrx_word' id='word_1_369' title='bbox 3408 968 3582 1037; x_wconf 78' lang='grc' dir='ltr'>Λόγου</span> <span class='ocrx_word' id='word_1_370' title='bbox 3606 982 3908 1035; x_wconf 81' lang='grc' dir='ltr'>σεσαρκω-</span> 
     </span>
    </p>
   </div>
   <div class='ocr_carea' id='block_1_54' title="bbox 2316 1054 3911 1136">
    <p class='ocr_par' dir='ltr' id='par_1_54' title="bbox 2316 1054 3911 1136">
     <span class='ocr_line' id='line_1_54' title="bbox 2316 1054 3911 1136; baseline -0.005 -21"><span class='ocrx_word' id='word_1_371' title='bbox 2316 1063 2483 1136; x_wconf 66' lang='grc' dir='ltr'>μρνην</span> <span class='ocrx_word' id='word_1_372' title='bbox 2510 1063 2846 1132; x_wconf 70' lang='grc' dir='ltr'><strong>ὁμολογεῖτε,</strong></span> <span class='ocrx_word' id='word_1_373' title='bbox 2883 1063 2917 1132; x_wconf 76' lang='grc' dir='ltr'><strong>ἢ</strong></span> <span class='ocrx_word' id='word_1_374' title='bbox 2950 1060 3107 1132; x_wconf 76' lang='grc' dir='ltr'>οὐχίς</span> <span class='ocrx_word' id='word_1_375' title='bbox 3142 1059 3214 1113; x_wconf 81' lang='lat' dir='ltr'><strong>Ei.</strong></span> <span class='ocrx_word' id='word_1_376' title='bbox 3242 1059 3344 1129; x_wconf 71' lang='grc' dir='ltr'>μὶν</span> <span class='ocrx_word' id='word_1_377' title='bbox 3373 1054 3637 1128; x_wconf 68' lang='grc' dir='ltr'>οὖνούχὶ,</span> <span class='ocrx_word' id='word_1_378' title='bbox 3677 1057 3711 1126; x_wconf 81' lang='grc' dir='ltr'>ἢ</span> <span class='ocrx_word' id='word_1_379' title='bbox 3753 1055 3911 1125; x_wconf 81' lang='grc' dir='ltr'>λόγῳ</span> 
     </span>
    </p>
   </div>
   <div class='ocr_carea' id='block_1_55' title="bbox 2317 1148 3909 1223">
    <p class='ocr_par' dir='ltr' id='par_1_55' title="bbox 2317 1148 3909 1223">
     <span class='ocr_line' id='line_1_55' title="bbox 2317 1148 3909 1223; baseline -0.004 -19"><span class='ocrx_word' id='word_1_380' title='bbox 2317 1152 2497 1220; x_wconf 88' lang='grc' dir='ltr'>μόνον,</span> <span class='ocrx_word' id='word_1_381' title='bbox 2538 1153 2572 1222; x_wconf 74' lang='grc' dir='ltr'>ἢ</span> <span class='ocrx_word' id='word_1_382' title='bbox 2605 1153 2894 1223; x_wconf 77' lang='grc' dir='ltr'><strong>φαντασίᾳ,</strong></span> <span class='ocrx_word' id='word_1_383' title='bbox 2925 1151 2958 1222; x_wconf 74' lang='grc' dir='ltr'>ἢ</span> <span class='ocrx_word' id='word_1_384' title='bbox 2987 1154 3161 1221; x_wconf 76' lang='grc' dir='ltr'>τροπῇ</span> <span class='ocrx_word' id='word_1_385' title='bbox 3204 1149 3299 1203; x_wconf 84' lang='grc' dir='ltr'><strong>τοῦ</strong></span> <span class='ocrx_word' id='word_1_386' title='bbox 3327 1149 3509 1217; x_wconf 82' lang='grc' dir='ltr'>λόγου,</span> <span class='ocrx_word' id='word_1_387' title='bbox 3545 1148 3641 1220; x_wconf 77' lang='grc' dir='ltr'><strong>τὴν</strong></span> <span class='ocrx_word' id='word_1_388' title='bbox 3679 1149 3909 1218; x_wconf 74' lang='grc' dir='ltr'>σαρκω-</span> 
     </span>
    </p>
   </div>
   <div class='ocr_carea' id='block_1_56' title="bbox 2316 1236 3909 1312">
    <p class='ocr_par' dir='ltr' id='par_1_56' title="bbox 2316 1236 3909 1312">
     <span class='ocr_line' id='line_1_56' title="bbox 2316 1236 3909 1312; baseline -0.003 -19"><span class='ocrx_word' id='word_1_389' title='bbox 2316 1259 2401 1294; x_wconf 86' lang='grc' dir='ltr'><strong>σιν</strong></span> <span class='ocrx_word' id='word_1_390' title='bbox 2429 1241 2648 1296; x_wconf 72' lang='grc' dir='ltr'>ειδέναι,</span> <span class='ocrx_word' id='word_1_391' title='bbox 2676 1243 2820 1312; x_wconf 79' lang='grc' dir='ltr'>ὑμᾶς</span> <span class='ocrx_word' id='word_1_392' title='bbox 2881 1241 3274 1296; x_wconf 78' lang='grc' dir='ltr'>ἀπολείπεται·</span> <span class='ocrx_word' id='word_1_393' title='bbox 3316 1240 3365 1291; x_wconf 90' lang='grc' dir='ltr'><strong>εί</strong></span> <span class='ocrx_word' id='word_1_394' title='bbox 3407 1237 3464 1292; x_wconf 65' lang='grc' dir='ltr'><strong>δὲ</strong></span> <span class='ocrx_word' id='word_1_395' title='bbox 3495 1237 3652 1307; x_wconf 84' lang='grc' dir='ltr'>φύσει</span> <span class='ocrx_word' id='word_1_396' title='bbox 3689 1236 3909 1305; x_wconf 79' lang='grc' dir='ltr'>σαρκὸς</span> 
     </span>
    </p>
   </div>
   <div class='ocr_carea' id='block_1_57' title="bbox 2313 1325 3907 1403">
    <p class='ocr_par' dir='ltr' id='par_1_57' title="bbox 2313 1325 3907 1403">
     <span class='ocr_line' id='line_1_57' title="bbox 2313 1325 3907 1403; baseline -0.006 -19"><span class='ocrx_word' id='word_1_397' title='bbox 2313 1331 2411 1401; x_wconf 83' lang='grc' dir='ltr'>τὴν</span> <span class='ocrx_word' id='word_1_398' title='bbox 2452 1332 2614 1400; x_wconf 79' lang='grc' dir='ltr'>φύσιν</span> <span class='ocrx_word' id='word_1_399' title='bbox 2644 1330 3030 1403; x_wconf 82' lang='grc' dir='ltr'>σεσαρκῶσθαι</span> <span class='ocrx_word' id='word_1_400' title='bbox 3062 1327 3156 1382; x_wconf 75' lang='grc' dir='ltr'>τοῦ</span> <span class='ocrx_word' id='word_1_401' title='bbox 3196 1329 3371 1396; x_wconf 79' lang='grc' dir='ltr'>Λόγου</span> <span class='ocrx_word' id='word_1_402' title='bbox 3399 1329 3558 1394; x_wconf 80' lang='grc' dir='ltr'>φατὲ,</span> <span class='ocrx_word' id='word_1_403' title='bbox 3586 1325 3760 1393; x_wconf 77' lang='grc' dir='ltr'>ἀλλην</span> <span class='ocrx_word' id='word_1_404' title='bbox 3802 1326 3907 1394; x_wconf 78' lang='grc' dir='ltr'>τὴν</span> 
     </span>
    </p>
   </div>
   <div class='ocr_carea' id='block_1_58' title="bbox 2314 1403 3909 1492">
    <p class='ocr_par' dir='ltr' id='par_1_58' title="bbox 2314 1403 3909 1492">
     <span class='ocr_line' id='line_1_58' title="bbox 2314 1403 3909 1492; baseline -0.004 -20"><span class='ocrx_word' id='word_1_405' title='bbox 2314 1421 2645 1490; x_wconf 84' lang='grc' dir='ltr'>σαρκοῦσαν,</span> <span class='ocrx_word' id='word_1_406' title='bbox 2674 1403 2779 1474; x_wconf 60' lang='grc' dir='ltr'><strong>²καὶ</strong></span> <span class='ocrx_word' id='word_1_407' title='bbox 2823 1421 2990 1492; x_wconf 76' lang='grc' dir='ltr'>ἀλλην</span> <span class='ocrx_word' id='word_1_408' title='bbox 3031 1420 3132 1489; x_wconf 77' lang='grc' dir='ltr'>τὴν</span> <span class='ocrx_word' id='word_1_409' title='bbox 3177 1417 3560 1488; x_wconf 85' lang='grc' dir='ltr'>σαρκουμένην</span> <span class='ocrx_word' id='word_1_410' title='bbox 3611 1419 3668 1468; x_wconf 78' lang='grc' dir='ltr'>ὲν</span> <span class='ocrx_word' id='word_1_411' title='bbox 3701 1415 3789 1484; x_wconf 84' lang='grc' dir='ltr'>τῷ</span> <span class='ocrx_word' id='word_1_412' title='bbox 3826 1415 3909 1466; x_wconf 71' lang='grc' dir='ltr'><strong>ἐνὶ</strong></span> 
     </span>
    </p>
   </div>
   <div class='ocr_carea' id='block_1_59' title="bbox 2315 1508 3906 1584">
    <p class='ocr_par' dir='ltr' id='par_1_59' title="bbox 2315 1508 3906 1584">
     <span class='ocr_line' id='line_1_59' title="bbox 2315 1508 3906 1584; baseline -0.004 -20"><span class='ocrx_word' id='word_1_413' title='bbox 2315 1511 2554 1582; x_wconf 74' lang='grc' dir='ltr'>συνθέτῳ</span> <span class='ocrx_word' id='word_1_414' title='bbox 2581 1512 2860 1582; x_wconf 84' lang='grc' dir='ltr'>προσώπῳ</span> <span class='ocrx_word' id='word_1_415' title='bbox 2897 1513 3135 1584; x_wconf 75' lang='grc' dir='ltr'><strong>Χριστοῦ</strong></span> <span class='ocrx_word' id='word_1_416' title='bbox 3166 1511 3557 1580; x_wconf 81' lang='grc' dir='ltr'><strong>γινώσκοντες,</strong></span> <span class='ocrx_word' id='word_1_417' title='bbox 3601 1508 3720 1570; x_wconf 83' lang='grc' dir='ltr'>πῶς</span> <span class='ocrx_word' id='word_1_418' title='bbox 3778 1508 3906 1576; x_wconf 64' lang='lat' dir='ltr'><strong>apt-</strong></span> 
     </span>
    </p>
   </div>
   <div class='ocr_carea' id='block_1_60' title="bbox 2316 1586 3405 1674">
    <p class='ocr_par' dir='ltr' id='par_1_60' title="bbox 2316 1586 3405 1674">
     <span class='ocr_line' id='line_1_60' title="bbox 2316 1586 3405 1674; baseline 0.001 -18"><span class='ocrx_word' id='word_1_419' title='bbox 2316 1605 2439 1673; x_wconf 82' lang='grc' dir='ltr'>μεῖν</span> <span class='ocrx_word' id='word_1_420' title='bbox 2466 1603 2592 1657; x_wconf 78' lang='grc' dir='ltr'>ἄνευ</span> <span class='ocrx_word' id='word_1_421' title='bbox 2621 1597 2812 1668; x_wconf 76' lang='grc' dir='ltr'>δυάδος</span> <span class='ocrx_word' id='word_1_422' title='bbox 2840 1586 3042 1667; x_wconf 67' lang='grc' dir='ltr'>ταύτας</span> <span class='ocrx_word' id='word_1_423' title='bbox 3074 1602 3405 1674; x_wconf 73' lang='grc' dir='ltr'>δυνήσεσθες</span> 
     </span>
    </p>
   </div>
   <div class='ocr_carea' id='block_1_61' title="bbox 2387 1691 3904 1765">
    <p class='ocr_par' dir='ltr' id='par_1_61' title="bbox 2387 1691 3904 1765">
     <span class='ocr_line' id='line_1_61' title="bbox 2387 1691 3904 1765; baseline -0.006 -15"><span class='ocrx_word' id='word_1_424' title='bbox 2387 1701 2500 1765; x_wconf 56' lang='lat' dir='ltr'><strong>pf.</strong></span> <span class='ocrx_word' id='word_1_425' title='bbox 2550 1696 2618 1748; x_wconf 84' lang='grc' dir='ltr'><strong><em>Ἥ</em></strong></span> <span class='ocrx_word' id='word_1_426' title='bbox 2652 1697 2751 1764; x_wconf 91' lang='grc' dir='ltr'><strong>μία</strong></span> <span class='ocrx_word' id='word_1_427' title='bbox 2791 1697 2950 1765; x_wconf 71' lang='grc' dir='ltr'>φύσις</span> <span class='ocrx_word' id='word_1_428' title='bbox 2973 1696 3065 1750; x_wconf 78' lang='grc' dir='ltr'>τοῦ</span> <span class='ocrx_word' id='word_1_429' title='bbox 3101 1695 3236 1749; x_wconf 82' lang='grc' dir='ltr'><strong>Θεοῦ</strong></span> <span class='ocrx_word' id='word_1_430' title='bbox 3274 1696 3446 1764; x_wconf 82' lang='grc' dir='ltr'>Λόγου</span> <span class='ocrx_word' id='word_1_431' title='bbox 3473 1691 3904 1761; x_wconf 68' lang='grc' dir='ltr'>σεσαρκωμένη,</span> 
     </span>
    </p>
   </div>
   <div class='ocr_carea' id='block_1_62' title="bbox 2315 1772 3931 1858">
    <p class='ocr_par' dir='ltr' id='par_1_62' title="bbox 2315 1772 3931 1858">
     <span class='ocr_line' id='line_1_62' title="bbox 2315 1772 3931 1858; baseline -0.004 -20"><span class='ocrx_word' id='word_1_432' title='bbox 2315 1784 2349 1856; x_wconf 75' lang='grc' dir='ltr'><strong>ἢ</strong></span> <span class='ocrx_word' id='word_1_433' title='bbox 2383 1788 2580 1840; x_wconf 88' lang='grc' dir='ltr'>ταυτόν</span> <span class='ocrx_word' id='word_1_434' title='bbox 2608 1789 2726 1841; x_wconf 64' lang='grc' dir='ltr'>ἑστι</span> <span class='ocrx_word' id='word_1_435' title='bbox 2753 1784 2820 1858; x_wconf 77' lang='grc' dir='ltr'>τῇ</span> <span class='ocrx_word' id='word_1_436' title='bbox 2872 1788 2989 1858; x_wconf 76' lang='grc' dir='ltr'>μιᾷ,</span> <span class='ocrx_word' id='word_1_437' title='bbox 3027 1787 3121 1841; x_wconf 72' lang='grc' dir='ltr'><strong>καὶ</strong></span> <span class='ocrx_word' id='word_1_438' title='bbox 3155 1787 3425 1857; x_wconf 82' lang='grc' dir='ltr'>περιττῶς</span> <span class='ocrx_word' id='word_1_439' title='bbox 3452 1785 3778 1855; x_wconf 79' lang='grc' dir='ltr'>πρόσκειται</span> <span class='ocrx_word' id='word_1_440' title='bbox 3817 1772 3931 1845; x_wconf 80' lang='grc' dir='ltr'>τδ,’</span> 
     </span>
    </p>
   </div>
   <div class='ocr_carea' id='block_1_63' title="bbox 2318 1873 3906 1948">
    <p class='ocr_par' dir='ltr' id='par_1_63' title="bbox 2318 1873 3906 1948">
     <span class='ocr_line' id='line_1_63' title="bbox 2318 1873 3906 1948; baseline -0.003 -20"><span class='ocrx_word' id='word_1_441' title='bbox 2318 1873 2734 1948; x_wconf 71' lang='grc' dir='ltr'>σεσαρκωμὲνη,</span> <span class='ocrx_word' id='word_1_442' title='bbox 2789 1882 2869 1942; x_wconf 81' lang='grc' dir='ltr'><strong>είς</strong></span> <span class='ocrx_word' id='word_1_443' title='bbox 2918 1880 3268 1948; x_wconf 71' lang='grc' dir='ltr'>παράστασιν</span> <span class='ocrx_word' id='word_1_444' title='bbox 3312 1877 3478 1930; x_wconf 81' lang='grc' dir='ltr'>ποσοῦ</span> <span class='ocrx_word' id='word_1_445' title='bbox 3504 1877 3567 1929; x_wconf 80' lang='grc' dir='ltr'><strong>ού</strong></span> <span class='ocrx_word' id='word_1_446' title='bbox 3614 1877 3906 1927; x_wconf 77' lang='grc' dir='ltr'>συντεῖνον</span> 
     </span>
    </p>
   </div>
   <div class='ocr_carea' id='block_1_64' title="bbox 2316 1955 3902 2038">
    <p class='ocr_par' dir='ltr' id='par_1_64' title="bbox 2316 1955 3902 2038">
     <span class='ocr_line' id='line_1_64' title="bbox 2316 1955 3902 2038; baseline -0.002 -22"><span class='ocrx_word' id='word_1_447' title='bbox 2316 1965 2471 2030; x_wconf 77' lang='grc' dir='ltr'>ὅλως,</span> <span class='ocrx_word' id='word_1_448' title='bbox 2511 1959 2641 2037; x_wconf 67' lang='grc' dir='ltr'>περὶ</span> <span class='ocrx_word' id='word_1_449' title='bbox 2684 1955 2744 2020; x_wconf 76' lang='grc' dir='ltr'><strong>οὗ</strong></span> <span class='ocrx_word' id='word_1_450' title='bbox 2792 1968 2890 2038; x_wconf 75' lang='grc' dir='ltr'><strong>νύν</strong></span> <span class='ocrx_word' id='word_1_451' title='bbox 2935 1970 2966 2038; x_wconf 80' lang='grc' dir='ltr'>ἡ</span> <span class='ocrx_word' id='word_1_452' title='bbox 3016 1967 3280 2038; x_wconf 80' lang='grc' dir='ltr'>ζήτησις·</span> <span class='ocrx_word' id='word_1_453' title='bbox 3411 1968 3528 2028; x_wconf 86' lang='grc' dir='ltr'>ταῖς</span> <span class='ocrx_word' id='word_1_454' title='bbox 3568 1965 3660 2016; x_wconf 89' lang='grc' dir='ltr'>δύο</span> <span class='ocrx_word' id='word_1_455' title='bbox 3692 1964 3902 2031; x_wconf 82' lang='grc' dir='ltr'>φύσεσι</span> 
     </span>
    </p>
   </div>
   <div class='ocr_carea' id='block_1_65' title="bbox 2315 2044 3902 2130">
    <p class='ocr_par' dir='ltr' id='par_1_65' title="bbox 2315 2044 3902 2130">
     <span class='ocr_line' id='line_1_65' title="bbox 2315 2044 3902 2130; baseline 0 -23"><span class='ocrx_word' id='word_1_456' title='bbox 2315 2057 2511 2109; x_wconf 78' lang='grc' dir='ltr'>ταυτὸν</span> <span class='ocrx_word' id='word_1_457' title='bbox 2561 2059 2808 2130; x_wconf 68' lang='grc' dir='ltr'>συνάγεις</span> <span class='ocrx_word' id='word_1_458' title='bbox 2867 2059 2961 2110; x_wconf 79' lang='grc' dir='ltr'><strong>καὶ</strong></span> <span class='ocrx_word' id='word_1_459' title='bbox 3015 2059 3192 2127; x_wconf 78' lang='grc' dir='ltr'>μάτην</span> <span class='ocrx_word' id='word_1_460' title='bbox 3239 2053 3366 2126; x_wconf 76' lang='grc' dir='ltr'>ἡμῖν</span> <span class='ocrx_word' id='word_1_461' title='bbox 3400 2056 3822 2124; x_wconf 70' lang='grc' dir='ltr'>ἀντιφέρονται·</span> <span class='ocrx_word' id='word_1_462' title='bbox 3868 2044 3902 2122; x_wconf 73' lang='grc' dir='ltr'>ἢ</span> 
     </span>
    </p>
   </div>
   <div class='ocr_carea' id='block_1_66' title="bbox 2315 2147 3903 2218">
    <p class='ocr_par' dir='ltr' id='par_1_66' title="bbox 2315 2147 3903 2218">
     <span class='ocr_line' id='line_1_66' title="bbox 2315 2147 3903 2218; baseline -0.001 -19"><span class='ocrx_word' id='word_1_463' title='bbox 2315 2147 2440 2200; x_wconf 77' lang='grc' dir='ltr'>οὔτε</span> <span class='ocrx_word' id='word_1_464' title='bbox 2477 2147 2577 2217; x_wconf 92' lang='grc' dir='ltr'><strong>μία</strong></span> <span class='ocrx_word' id='word_1_465' title='bbox 2620 2150 2795 2218; x_wconf 85' lang='grc' dir='ltr'>πάντη</span> <span class='ocrx_word' id='word_1_466' title='bbox 2844 2152 3014 2216; x_wconf 76' lang='grc' dir='ltr'>ἐστὶν,</span> <span class='ocrx_word' id='word_1_467' title='bbox 3046 2151 3171 2205; x_wconf 74' lang='grc' dir='ltr'>οὔτε</span> <span class='ocrx_word' id='word_1_468' title='bbox 3216 2151 3329 2214; x_wconf 84' lang='grc' dir='ltr'>δύο,</span> <span class='ocrx_word' id='word_1_469' title='bbox 3379 2147 3472 2203; x_wconf 76' lang='grc' dir='ltr'><strong>καὶ</strong></span> <span class='ocrx_word' id='word_1_470' title='bbox 3511 2149 3728 2218; x_wconf 82' lang='grc' dir='ltr'><strong>ἀνάγκη</strong></span> <span class='ocrx_word' id='word_1_471' title='bbox 3763 2148 3903 2217; x_wconf 81' lang='grc' dir='ltr'>μίαν</span> 
     </span>
    </p>
   </div>
   <div class='ocr_carea' id='block_1_67' title="bbox 2318 2234 3898 2307">
    <p class='ocr_par' dir='ltr' id='par_1_67' title="bbox 2318 2234 3898 2307">
     <span class='ocr_line' id='line_1_67' title="bbox 2318 2234 3898 2307; baseline 0.008 -22"><span class='ocrx_word' id='word_1_472' title='bbox 2318 2235 2415 2286; x_wconf 76' lang='grc' dir='ltr'>σὺν</span> <span class='ocrx_word' id='word_1_473' title='bbox 2447 2236 2799 2307; x_wconf 74' lang='grc' dir='ltr'>ἐπιμερισμῷ</span> <span class='ocrx_word' id='word_1_474' title='bbox 2827 2237 3006 2306; x_wconf 82' lang='grc' dir='ltr'>λέγειν</span> <span class='ocrx_word' id='word_1_475' title='bbox 3032 2238 3230 2301; x_wconf 77' lang='grc' dir='ltr'>αὐτοὺς</span> <span class='ocrx_word' id='word_1_476' title='bbox 3263 2237 3468 2307; x_wconf 70' lang='grc' dir='ltr'>ἔσχατα</span> <span class='ocrx_word' id='word_1_477' title='bbox 3497 2234 3898 2306; x_wconf 77' lang='grc' dir='ltr'>νηπιάζοντας-</span> 
     </span>
    </p>
   </div>
   <div class='ocr_carea' id='block_1_68' title="bbox 2388 2492 3906 2571">
    <p class='ocr_par' dir='ltr' id='par_1_68' title="bbox 2388 2492 3906 2571">
     <span class='ocr_line' id='line_1_68' title="bbox 2388 2492 3906 2571; baseline 0.003 -22"><span class='ocrx_word' id='word_1_478' title='bbox 2388 2496 2492 2564; x_wconf 82' lang='grc' dir='ltr'><strong>μδ’.</strong></span> <span class='ocrx_word' id='word_1_479' title='bbox 2564 2492 2930 2570; x_wconf 77' lang='grc' dir='ltr'>Ἐκρειττώθη</span> <span class='ocrx_word' id='word_1_480' title='bbox 2979 2515 3036 2552; x_wconf 91' lang='grc' dir='ltr'><strong>τι</strong></span> <span class='ocrx_word' id='word_1_481' title='bbox 3091 2500 3202 2552; x_wconf 84' lang='grc' dir='ltr'><strong>τῶν</strong></span> <span class='ocrx_word' id='word_1_482' title='bbox 3251 2499 3345 2552; x_wconf 84' lang='grc' dir='ltr'><strong>τοῦ</strong></span> <span class='ocrx_word' id='word_1_483' title='bbox 3397 2501 3602 2570; x_wconf 80' lang='grc' dir='ltr'>Κυρίου</span> <span class='ocrx_word' id='word_1_484' title='bbox 3656 2501 3906 2571; x_wconf 79' lang='grc' dir='ltr'>φυσικὴν</span> 
     </span>
    </p>
   </div>
   <div class='ocr_carea' id='block_1_69' title="bbox 2314 2582 3902 2660">
    <p class='ocr_par' dir='ltr' id='par_1_69' title="bbox 2314 2582 3902 2660">
     <span class='ocr_line' id='line_1_69' title="bbox 2314 2582 3902 2660; baseline 0.004 -22"><span class='ocrx_word' id='word_1_485' title='bbox 2314 2582 2637 2658; x_wconf 84' lang='grc' dir='ltr'>κρείττωσιν</span> <span class='ocrx_word' id='word_1_486' title='bbox 2668 2587 2833 2642; x_wconf 58' lang='lat' dir='ltr'><strong>itava</strong></span> <span class='ocrx_word' id='word_1_487' title='bbox 2860 2590 2997 2658; x_wconf 82' lang='grc' dir='ltr'><strong>μετά</strong></span> <span class='ocrx_word' id='word_1_488' title='bbox 3034 2589 3133 2660; x_wconf 72' lang='grc' dir='ltr'>τὴν</span> <span class='ocrx_word' id='word_1_489' title='bbox 3172 2590 3337 2659; x_wconf 83' lang='grc' dir='ltr'>ἁγίαν</span> <span class='ocrx_word' id='word_1_490' title='bbox 3366 2589 3531 2644; x_wconf 82' lang='grc' dir='ltr'>αὐτοῦ</span> <span class='ocrx_word' id='word_1_491' title='bbox 3565 2591 3902 2652; x_wconf 83' lang='grc' dir='ltr'>ἀνάστασιν.</span> 
     </span>
    </p>
   </div>
   <div class='ocr_carea' id='block_1_70' title="bbox 2314 2675 3904 2752">
    <p class='ocr_par' dir='ltr' id='par_1_70' title="bbox 2314 2675 3904 2752">
     <span class='ocr_line' id='line_1_70' title="bbox 2314 2675 3904 2752; baseline 0.004 -23"><span class='ocrx_word' id='word_1_492' title='bbox 2314 2677 2435 2729; x_wconf 85' lang='grc' dir='ltr'>καθ’</span> <span class='ocrx_word' id='word_1_493' title='bbox 2476 2677 2512 2731; x_wconf 79' lang='grc' dir='ltr'><strong>ἀ</strong></span> <span class='ocrx_word' id='word_1_494' title='bbox 2552 2675 2827 2748; x_wconf 75' lang='grc' dir='ltr'>ΚύριΧλός</span> <span class='ocrx_word' id='word_1_495' title='bbox 2878 2697 2936 2732; x_wconf 85' lang='grc' dir='ltr'><strong>τε</strong></span> <span class='ocrx_word' id='word_1_496' title='bbox 2979 2682 3008 2733; x_wconf 85' lang='grc' dir='ltr'><strong>ό</strong></span> <span class='ocrx_word' id='word_1_497' title='bbox 3051 2681 3239 2750; x_wconf 84' lang='grc' dir='ltr'>Πατήρ</span> <span class='ocrx_word' id='word_1_498' title='bbox 3278 2694 3408 2750; x_wconf 82' lang='grc' dir='ltr'>φησι</span> <span class='ocrx_word' id='word_1_499' title='bbox 3441 2675 3572 2752; x_wconf 74' lang='grc' dir='ltr'>πρὸς</span> <span class='ocrx_word' id='word_1_500' title='bbox 3615 2683 3904 2746; x_wconf 79' lang='grc' dir='ltr'>’Δκάκιον,</span> 
     </span>
    </p>
   </div>
   <div class='ocr_carea' id='block_1_71' title="bbox 2314 2766 3906 2842">
    <p class='ocr_par' dir='ltr' id='par_1_71' title="bbox 2314 2766 3906 2842">
     <span class='ocr_line' id='line_1_71' title="bbox 2314 2766 3906 2842; baseline 0.004 -22"><span class='ocrx_word' id='word_1_501' title='bbox 2314 2768 2408 2821; x_wconf 77' lang='grc' dir='ltr'><strong>καὶ</strong></span> <span class='ocrx_word' id='word_1_502' title='bbox 2439 2771 2486 2821; x_wconf 82' lang='lat' dir='ltr'><strong>oi</strong></span> <span class='ocrx_word' id='word_1_503' title='bbox 2517 2767 2698 2821; x_wconf 82' lang='grc' dir='ltr'>λοιποὶ</span> <span class='ocrx_word' id='word_1_504' title='bbox 2723 2766 2988 2842; x_wconf 73' lang='grc' dir='ltr'>Πατὲρες,</span> <span class='ocrx_word' id='word_1_505' title='bbox 3023 2771 3055 2841; x_wconf 80' lang='grc' dir='ltr'>ἢ</span> <span class='ocrx_word' id='word_1_506' title='bbox 3083 2770 3283 2842; x_wconf 70' lang='grc' dir='ltr'>ὁμοίως</span> <span class='ocrx_word' id='word_1_507' title='bbox 3317 2773 3518 2841; x_wconf 79' lang='grc' dir='ltr'>ἔχουσα</span> <span class='ocrx_word' id='word_1_508' title='bbox 3547 2774 3696 2825; x_wconf 80' lang='grc' dir='ltr'>πᾶσα</span> <span class='ocrx_word' id='word_1_509' title='bbox 3725 2776 3906 2826; x_wconf 76' lang='grc' dir='ltr'>αὑτοῦ</span> 
     </span>
    </p>
   </div>
   <div class='ocr_carea' id='block_1_72' title="bbox 2312 2858 3907 2937">
    <p class='ocr_par' dir='ltr' id='par_1_72' title="bbox 2312 2858 3907 2937">
     <span class='ocr_line' id='line_1_72' title="bbox 2312 2858 3907 2937; baseline 0.003 -24"><span class='ocrx_word' id='word_1_510' title='bbox 2312 2862 2344 2937; x_wconf 72' lang='grc' dir='ltr'><strong>η</strong></span> <span class='ocrx_word' id='word_1_511' title='bbox 2380 2860 2561 2928; x_wconf 81' lang='grc' dir='ltr'>φύσις,</span> <span class='ocrx_word' id='word_1_512' title='bbox 2605 2858 2669 2932; x_wconf 74' lang='grc' dir='ltr'>ἦν</span> <span class='ocrx_word' id='word_1_513' title='bbox 2699 2879 2831 2931; x_wconf 88' lang='grc' dir='ltr'>φασι</span> <span class='ocrx_word' id='word_1_514' title='bbox 2871 2863 3020 2936; x_wconf 89' lang='grc' dir='ltr'>μίαν,</span> <span class='ocrx_word' id='word_1_515' title='bbox 3058 2864 3408 2933; x_wconf 77' lang='grc' dir='ltr'>μεμένηκεν;</span> <span class='ocrx_word' id='word_1_516' title='bbox 3440 2865 3504 2916; x_wconf 79' lang='lat' dir='ltr'><strong>Et</strong></span> <span class='ocrx_word' id='word_1_517' title='bbox 3534 2865 3631 2932; x_wconf 81' lang='grc' dir='ltr'>μὲν</span> <span class='ocrx_word' id='word_1_518' title='bbox 3664 2861 3758 2917; x_wconf 79' lang='grc' dir='ltr'>οὖν</span> <span class='ocrx_word' id='word_1_519' title='bbox 3797 2869 3907 2918; x_wconf 82' lang='grc' dir='ltr'><strong>οὐκ</strong></span> 
     </span>
    </p>
   </div>
   <div class='ocr_carea' id='block_1_73' title="bbox 2313 2951 3906 3026">
    <p class='ocr_par' dir='ltr' id='par_1_73' title="bbox 2313 2951 3906 3026">
     <span class='ocr_line' id='line_1_73' title="bbox 2313 2951 3906 3026; baseline 0.003 -24"><span class='ocrx_word' id='word_1_520' title='bbox 2313 2951 2668 3022; x_wconf 72' lang='grc' dir='ltr'>ἐκρειττώθη,</span> <span class='ocrx_word' id='word_1_521' title='bbox 2726 2953 2759 3023; x_wconf 82' lang='grc' dir='ltr'>ἢ</span> <span class='ocrx_word' id='word_1_522' title='bbox 2825 2954 2918 3006; x_wconf 73' lang='grc' dir='ltr'><strong>καὶ</strong></span> <span class='ocrx_word' id='word_1_523' title='bbox 2979 2954 3074 3008; x_wconf 81' lang='grc' dir='ltr'>νῦν</span> <span class='ocrx_word' id='word_1_524' title='bbox 3113 2955 3351 3025; x_wconf 78' lang='grc' dir='ltr'>παθητὴ,</span> <span class='ocrx_word' id='word_1_525' title='bbox 3399 2956 3432 3025; x_wconf 78' lang='grc' dir='ltr'>ἢ</span> <span class='ocrx_word' id='word_1_526' title='bbox 3472 2955 3594 3008; x_wconf 77' lang='grc' dir='ltr'><strong>οὐδὲ</strong></span> <span class='ocrx_word' id='word_1_527' title='bbox 3652 2955 3760 3026; x_wconf 87' lang='grc' dir='ltr'><strong>πρό</strong></span> <span class='ocrx_word' id='word_1_528' title='bbox 3799 2961 3906 3025; x_wconf 79' lang='grc' dir='ltr'>τῆς</span> 
     </span>
    </p>
   </div>
   <div class='ocr_carea' id='block_1_74' title="bbox 2313 3040 3910 3117">
    <p class='ocr_par' dir='ltr' id='par_1_74' title="bbox 2313 3040 3910 3117">
     <span class='ocr_line' id='line_1_74' title="bbox 2313 3040 3910 3117; baseline 0.004 -23"><span class='ocrx_word' id='word_1_529' title='bbox 2313 3043 2666 3106; x_wconf 79' lang='grc' dir='ltr'>ἀναστάσεως</span> <span class='ocrx_word' id='word_1_530' title='bbox 2697 3040 2769 3115; x_wconf 78' lang='grc' dir='ltr'>ἦν</span> <span class='ocrx_word' id='word_1_531' title='bbox 2803 3045 3054 3116; x_wconf 70' lang='grc' dir='ltr'>παθητηο</span> <span class='ocrx_word' id='word_1_532' title='bbox 3084 3046 3300 3115; x_wconf 82' lang='grc' dir='ltr'>ψευδεῖς</span> <span class='ocrx_word' id='word_1_533' title='bbox 3337 3064 3397 3100; x_wconf 81' lang='grc' dir='ltr'><strong>τε</strong></span> <span class='ocrx_word' id='word_1_534' title='bbox 3427 3049 3476 3098; x_wconf 79' lang='lat' dir='ltr'><strong>ei</strong></span> <span class='ocrx_word' id='word_1_535' title='bbox 3509 3047 3758 3114; x_wconf 78' lang='grc' dir='ltr'>λέγοντες</span> <span class='ocrx_word' id='word_1_536' title='bbox 3800 3048 3910 3117; x_wconf 76' lang='grc' dir='ltr'>τὴν</span> 
     </span>
    </p>
   </div>
   <div class='ocr_carea' id='block_1_75' title="bbox 2315 3128 3908 3205">
    <p class='ocr_par' dir='ltr' id='par_1_75' title="bbox 2315 3128 3908 3205">
     <span class='ocr_line' id='line_1_75' title="bbox 2315 3128 3908 3205; baseline 0.006 -22"><span class='ocrx_word' id='word_1_537' title='bbox 2315 3133 2636 3202; x_wconf 81' lang='grc' dir='ltr'>κρείττωσιν</span> <span class='ocrx_word' id='word_1_538' title='bbox 2663 3128 2763 3204; x_wconf 77' lang='grc' dir='ltr'>τῆς</span> <span class='ocrx_word' id='word_1_539' title='bbox 2791 3134 3208 3205; x_wconf 79' lang='grc' dir='ltr'>ἀνθρωπότητος</span> <span class='ocrx_word' id='word_1_540' title='bbox 3234 3136 3404 3189; x_wconf 80' lang='grc' dir='ltr'>αὑτοῦ</span> <span class='ocrx_word' id='word_1_541' title='bbox 3434 3135 3633 3200; x_wconf 80' lang='grc' dir='ltr'>πάντες</span> <span class='ocrx_word' id='word_1_542' title='bbox 3649 3139 3699 3190; x_wconf 79' lang='lat' dir='ltr'><strong>oi</strong></span> <span class='ocrx_word' id='word_1_543' title='bbox 3747 3137 3908 3192; x_wconf 83' lang='grc' dir='ltr'>διδά-</span> 
     </span>
    </p>
   </div>
   <div class='ocr_carea' id='block_1_76' title="bbox 2317 3221 3910 3297">
    <p class='ocr_par' dir='ltr' id='par_1_76' title="bbox 2317 3221 3910 3297">
     <span class='ocr_line' id='line_1_76' title="bbox 2317 3221 3910 3297; baseline 0.006 -24"><span class='ocrx_word' id='word_1_544' title='bbox 2317 3221 2502 3275; x_wconf 81' lang='grc' dir='ltr'>σκαλοι</span> <span class='ocrx_word' id='word_1_545' title='bbox 2553 3241 2567 3253; x_wconf 90' lang='grc'><strong>·</strong></span> <span class='ocrx_word' id='word_1_546' title='bbox 2622 3224 2670 3276; x_wconf 85' lang='grc' dir='ltr'><strong>εί</strong></span> <span class='ocrx_word' id='word_1_547' title='bbox 2732 3223 2790 3277; x_wconf 69' lang='grc' dir='ltr'><strong>δὲ</strong></span> <span class='ocrx_word' id='word_1_548' title='bbox 2855 3225 3185 3297; x_wconf 71' lang='grc' dir='ltr'>εκρειττώθη</span> <span class='ocrx_word' id='word_1_549' title='bbox 3227 3227 3409 3280; x_wconf 83' lang='grc' dir='ltr'>τελεία</span> <span class='ocrx_word' id='word_1_550' title='bbox 3473 3243 3556 3290; x_wconf 88' lang='grc' dir='ltr'><strong>τις</strong></span> <span class='ocrx_word' id='word_1_551' title='bbox 3603 3227 3770 3297; x_wconf 76' lang='grc' dir='ltr'>φύσις</span> <span class='ocrx_word' id='word_1_552' title='bbox 3844 3232 3910 3282; x_wconf 77' lang='grc' dir='ltr'>ὲν</span> 
     </span>
    </p>
   </div>
   <div class='ocr_carea' id='block_1_77' title="bbox 2313 3296 3912 3387">
    <p class='ocr_par' dir='ltr' id='par_1_77' title="bbox 2313 3296 3912 3387">
     <span class='ocr_line' id='line_1_77' title="bbox 2313 3296 3912 3387; baseline 0.003 -22"><span class='ocrx_word' id='word_1_553' title='bbox 2313 3310 2482 3381; x_wconf 83' lang='grc' dir='ltr'>αύτῷ,</span> <span class='ocrx_word' id='word_1_554' title='bbox 2515 3311 2548 3381; x_wconf 78' lang='grc' dir='ltr'>ἢ</span> <span class='ocrx_word' id='word_1_555' title='bbox 2582 3309 2679 3382; x_wconf 79' lang='grc' dir='ltr'>ὅλη</span> <span class='ocrx_word' id='word_1_556' title='bbox 2721 3313 2754 3383; x_wconf 78' lang='grc' dir='ltr'><strong>ἡ</strong></span> <span class='ocrx_word' id='word_1_557' title='bbox 2805 3313 2902 3383; x_wconf 88' lang='grc' dir='ltr'><strong>μία</strong></span> <span class='ocrx_word' id='word_1_558' title='bbox 2945 3296 3086 3385; x_wconf 66' lang='grc' dir='ltr'>αὕτη</span> <span class='ocrx_word' id='word_1_559' title='bbox 3139 3296 3291 3368; x_wconf 64' lang='grc' dir='ltr'>ἐστὶν</span> <span class='ocrx_word' id='word_1_560' title='bbox 3329 3316 3398 3387; x_wconf 74' lang='grc' dir='ltr'>ἦν</span> <span class='ocrx_word' id='word_1_561' title='bbox 3426 3328 3581 3384; x_wconf 82' lang='grc' dir='ltr'>φασι,</span> <span class='ocrx_word' id='word_1_562' title='bbox 3615 3296 3709 3368; x_wconf 57' lang='grc' dir='ltr'><strong>καὶ</strong></span> <span class='ocrx_word' id='word_1_563' title='bbox 3740 3316 3912 3370; x_wconf 72' lang='grc' dir='ltr'>ἔσται</span> 
     </span>
    </p>
   </div>
   <div class='ocr_carea' id='block_1_78' title="bbox 2312 3404 3905 3477">
    <p class='ocr_par' dir='ltr' id='par_1_78' title="bbox 2312 3404 3905 3477">
     <span class='ocr_line' id='line_1_78' title="bbox 2312 3404 3905 3477; baseline 0.004 -22"><span class='ocrx_word' id='word_1_564' title='bbox 2312 3404 2459 3474; x_wconf 80' lang='grc' dir='ltr'><strong>καὶὴ</strong></span> <span class='ocrx_word' id='word_1_565' title='bbox 2484 3404 2673 3475; x_wconf 78' lang='grc' dir='ltr'>θεότης</span> <span class='ocrx_word' id='word_1_566' title='bbox 2700 3405 2866 3458; x_wconf 79' lang='grc' dir='ltr'>αὑτοῦ</span> <span class='ocrx_word' id='word_1_567' title='bbox 2898 3406 2978 3468; x_wconf 81' lang='grc' dir='ltr'><strong>είς</strong></span> <span class='ocrx_word' id='word_1_568' title='bbox 3003 3408 3290 3477; x_wconf 78' lang='grc' dir='ltr'>προκοπὴν</span> <span class='ocrx_word' id='word_1_569' title='bbox 3331 3407 3599 3470; x_wconf 78' lang='grc' dir='ltr'>ἀπαθείας</span> <span class='ocrx_word' id='word_1_570' title='bbox 3628 3407 3873 3477; x_wconf 77' lang='grc' dir='ltr'>ἀχθεῖσα</span> <span class='ocrx_word' id='word_1_571' title='bbox 3890 3426 3905 3438; x_wconf 91' lang='grc'><strong>·</strong></span> 
     </span>
    </p>
   </div>
   <div class='ocr_carea' id='block_1_79' title="bbox 2311 3493 3910 3568">
    <p class='ocr_par' dir='ltr' id='par_1_79' title="bbox 2311 3493 3910 3568">
     <span class='ocr_line' id='line_1_79' title="bbox 2311 3493 3910 3568; baseline 0.004 -23"><span class='ocrx_word' id='word_1_572' title='bbox 2311 3493 2346 3561; x_wconf 82' lang='grc' dir='ltr'>ἢ</span> <span class='ocrx_word' id='word_1_573' title='bbox 2381 3493 2546 3564; x_wconf 80' lang='grc' dir='ltr'>μέρος</span> <span class='ocrx_word' id='word_1_574' title='bbox 2586 3495 2752 3547; x_wconf 81' lang='grc' dir='ltr'>αὐτοῦ</span> <span class='ocrx_word' id='word_1_575' title='bbox 2787 3496 2848 3548; x_wconf 77' lang='grc' dir='ltr'>τὸ</span> <span class='ocrx_word' id='word_1_576' title='bbox 2881 3497 3163 3568; x_wconf 74' lang='grc' dir='ltr'>προκύψαν</span> <span class='ocrx_word' id='word_1_577' title='bbox 3211 3498 3392 3550; x_wconf 89' lang='grc' dir='ltr'>τελεία</span> <span class='ocrx_word' id='word_1_578' title='bbox 3424 3499 3585 3565; x_wconf 83' lang='grc' dir='ltr'>φύσις</span> <span class='ocrx_word' id='word_1_579' title='bbox 3623 3499 3762 3558; x_wconf 67' lang='grc' dir='ltr'>ἐστὶ.</span> <span class='ocrx_word' id='word_1_580' title='bbox 3805 3503 3910 3552; x_wconf 65' lang='grc' dir='ltr'><strong>καὶ</strong></span> 
     </span>
    </p>
   </div>
   <div class='ocr_carea' id='block_1_80' title="bbox 2312 3583 3914 3658">
    <p class='ocr_par' dir='ltr' id='par_1_80' title="bbox 2312 3583 3914 3658">
     <span class='ocr_line' id='line_1_80' title="bbox 2312 3583 3914 3658; baseline 0.004 -20"><span class='ocrx_word' id='word_1_581' title='bbox 2312 3585 2373 3638; x_wconf 83' lang='grc' dir='ltr'>τὸ</span> <span class='ocrx_word' id='word_1_582' title='bbox 2399 3585 2687 3656; x_wconf 77' lang='grc' dir='ltr'>προκοπὴν</span> <span class='ocrx_word' id='word_1_583' title='bbox 2713 3586 2814 3640; x_wconf 82' lang='grc' dir='ltr'>οὐκ</span> <span class='ocrx_word' id='word_1_584' title='bbox 2843 3586 3251 3658; x_wconf 75' lang='grc' dir='ltr'>ὲπιδεξάμενον,</span> <span class='ocrx_word' id='word_1_585' title='bbox 3276 3590 3308 3658; x_wconf 84' lang='grc' dir='ltr'>ἢ</span> <span class='ocrx_word' id='word_1_586' title='bbox 3343 3590 3472 3657; x_wconf 88' lang='grc' dir='ltr'>μίαν</span> <span class='ocrx_word' id='word_1_587' title='bbox 3503 3583 3642 3642; x_wconf 80' lang='grc' dir='ltr'>εἶναι</span> <span class='ocrx_word' id='word_1_588' title='bbox 3678 3589 3914 3644; x_wconf 82' lang='grc' dir='ltr'>τελείαν</span> 
     </span>
    </p>
   </div>
   <div class='ocr_carea' id='block_1_81' title="bbox 2314 3659 3911 3750">
    <p class='ocr_par' dir='ltr' id='par_1_81' title="bbox 2314 3659 3911 3750">
     <span class='ocr_line' id='line_1_81' title="bbox 2314 3659 3911 3750; baseline 0.004 -24"><span class='ocrx_word' id='word_1_589' title='bbox 2314 3674 2498 3742; x_wconf 89' lang='grc' dir='ltr'>φύσιν,</span> <span class='ocrx_word' id='word_1_590' title='bbox 2550 3675 2582 3745; x_wconf 76' lang='grc' dir='ltr'><strong>ἢ</strong></span> <span class='ocrx_word' id='word_1_591' title='bbox 2638 3659 2834 3747; x_wconf 26' lang='grc' dir='ltr'>μόριον.</span> <span class='ocrx_word' id='word_1_592' title='bbox 2879 3677 3062 3745; x_wconf 80' lang='grc' dir='ltr'>λέγειν</span> <span class='ocrx_word' id='word_1_593' title='bbox 3127 3679 3681 3749; x_wconf 77' lang='grc' dir='ltr'>ἀναγκασθήσονταιο</span> <span class='ocrx_word' id='word_1_594' title='bbox 3721 3671 3911 3750; x_wconf 55' lang='grc' dir='ltr'><strong>καὶῆ</strong></span> 
     </span>
    </p>
   </div>
   <div class='ocr_carea' id='block_1_82' title="bbox 2310 3765 3789 3838">
    <p class='ocr_par' dir='ltr' id='par_1_82' title="bbox 2310 3765 3789 3838">
     <span class='ocr_line' id='line_1_82' title="bbox 2310 3765 3789 3838; baseline 0.002 -18"><span class='ocrx_word' id='word_1_595' title='bbox 2310 3765 2655 3838; x_wconf 75' lang='grc' dir='ltr'>,βλασφημεῖν</span> <span class='ocrx_word' id='word_1_596' title='bbox 2689 3767 2993 3838; x_wconf 74' lang='grc' dir='ltr'>ἢεύσεὸεῖν</span> <span class='ocrx_word' id='word_1_597' title='bbox 3024 3768 3315 3834; x_wconf 78' lang='grc' dir='ltr'>ἀκούοντες</span> <span class='ocrx_word' id='word_1_598' title='bbox 3343 3767 3789 3838; x_wconf 79' lang='grc' dir='ltr'>συγκλιθήσεται.</span> 
     </span>
    </p>
   </div>
   <div class='ocr_carea' id='block_1_83' title="bbox 2393 4029 3915 4101">
    <p class='ocr_par' dir='ltr' id='par_1_83' title="bbox 2393 4029 3915 4101">
     <span class='ocr_line' id='line_1_83' title="bbox 2393 4029 3915 4101; baseline 0.004 -21"><span class='ocrx_word' id='word_1_599' title='bbox 2393 4036 2493 4097; x_wconf 86' lang='grc' dir='ltr'>με’.</span> <span class='ocrx_word' id='word_1_600' title='bbox 2537 4030 2600 4082; x_wconf 78' lang='lat' dir='ltr'><strong>Ei</strong></span> <span class='ocrx_word' id='word_1_601' title='bbox 2637 4029 2841 4101; x_wconf 84' lang='grc' dir='ltr'>ὁμοίως</span> <span class='ocrx_word' id='word_1_602' title='bbox 2869 4030 2945 4100; x_wconf 85' lang='grc' dir='ltr'>τῷ</span> <span class='ocrx_word' id='word_1_603' title='bbox 2985 4029 3261 4101; x_wconf 82' lang='grc' dir='ltr'>ἀνθρώπῳ</span> <span class='ocrx_word' id='word_1_604' title='bbox 3313 4030 3443 4100; x_wconf 89' lang='grc' dir='ltr'>μίαν</span> <span class='ocrx_word' id='word_1_605' title='bbox 3471 4030 3570 4099; x_wconf 81' lang='grc' dir='ltr'>τὴν</span> <span class='ocrx_word' id='word_1_606' title='bbox 3612 4029 3777 4097; x_wconf 82' lang='grc' dir='ltr'>φύσιν</span> <span class='ocrx_word' id='word_1_607' title='bbox 3801 4034 3915 4086; x_wconf 70' lang='grc' dir='ltr'><strong>ἐπὶ</strong></span> 
     </span>
    </p>
   </div>
   <div class='ocr_carea' id='block_1_84' title="bbox 2314 4120 3915 4194">
    <p class='ocr_par' dir='ltr' id='par_1_84' title="bbox 2314 4120 3915 4194">
     <span class='ocr_line' id='line_1_84' title="bbox 2314 4120 3915 4194; baseline 0.004 -23"><span class='ocrx_word' id='word_1_608' title='bbox 2314 4120 2407 4172; x_wconf 81' lang='grc' dir='ltr'>τοῦ</span> <span class='ocrx_word' id='word_1_609' title='bbox 2436 4122 2706 4174; x_wconf 86' lang='grc' dir='ltr'>Δεσπὸτου</span> <span class='ocrx_word' id='word_1_610' title='bbox 2738 4126 2922 4191; x_wconf 66' lang='grc' dir='ltr'>φασὶν,</span> <span class='ocrx_word' id='word_1_611' title='bbox 2953 4123 3156 4192; x_wconf 77' lang='grc' dir='ltr'>ὁμοίως</span> <span class='ocrx_word' id='word_1_612' title='bbox 3187 4123 3263 4193; x_wconf 83' lang='grc' dir='ltr'>τῷ</span> <span class='ocrx_word' id='word_1_613' title='bbox 3298 4122 3566 4194; x_wconf 81' lang='grc' dir='ltr'>ἀνθρώπῳ</span> <span class='ocrx_word' id='word_1_614' title='bbox 3592 4125 3685 4176; x_wconf 73' lang='grc' dir='ltr'><strong>καὶ</strong></span> <span class='ocrx_word' id='word_1_615' title='bbox 3734 4123 3802 4175; x_wconf 83' lang='grc' dir='ltr'>τὸ</span> <span class='ocrx_word' id='word_1_616' title='bbox 3841 4128 3915 4177; x_wconf 82' lang='grc' dir='ltr'><strong>ἐκ</strong></span> 
     </span>
    </p>
   </div>
   <div class='ocr_carea' id='block_1_85' title="bbox 2315 4211 3915 4282">
    <p class='ocr_par' dir='ltr' id='par_1_85' title="bbox 2315 4211 3915 4282">
     <span class='ocr_line' id='line_1_85' title="bbox 2315 4211 3915 4282; baseline 0.003 -16"><span class='ocrx_word' id='word_1_617' title='bbox 2315 4213 2407 4266; x_wconf 83' lang='grc' dir='ltr'><strong>δύο</strong></span> <span class='ocrx_word' id='word_1_618' title='bbox 2443 4214 2658 4282; x_wconf 84' lang='grc' dir='ltr'>φύσεων</span> <span class='ocrx_word' id='word_1_619' title='bbox 2714 4216 2808 4266; x_wconf 78' lang='grc' dir='ltr'><strong>ἐπὶ</strong></span> <span class='ocrx_word' id='word_1_620' title='bbox 2853 4214 2948 4267; x_wconf 83' lang='grc' dir='ltr'>τοῦ</span> <span class='ocrx_word' id='word_1_621' title='bbox 2995 4214 3160 4268; x_wconf 80' lang='grc' dir='ltr'>αὐτοῦ</span> <span class='ocrx_word' id='word_1_622' title='bbox 3206 4211 3343 4268; x_wconf 82' lang='grc' dir='ltr'>εἶναι</span> <span class='ocrx_word' id='word_1_623' title='bbox 3394 4215 3675 4280; x_wconf 76' lang='grc' dir='ltr'>λέγουσιν’</span> <span class='ocrx_word' id='word_1_624' title='bbox 3719 4213 3848 4266; x_wconf 76' lang='grc' dir='ltr'>ἀλλ’</span> <span class='ocrx_word' id='word_1_625' title='bbox 3883 4219 3915 4270; x_wconf 85' lang='grc' dir='ltr'>ὁ</span> 
     </span>
    </p>
   </div>
   <div class='ocr_carea' id='block_1_86' title="bbox 2314 4307 3909 4380">
    <p class='ocr_par' dir='ltr' id='par_1_86' title="bbox 2314 4307 3909 4380">
     <span class='ocr_line' id='line_1_86' title="bbox 2314 4307 3909 4380; baseline -0.001 -19"><span class='ocrx_word' id='word_1_626' title='bbox 2314 4308 2598 4377; x_wconf 80' lang='grc' dir='ltr'>ἄνθρωπος</span> <span class='ocrx_word' id='word_1_627' title='bbox 2632 4309 2732 4361; x_wconf 74' lang='grc' dir='ltr'>οὐκ</span> <span class='ocrx_word' id='word_1_628' title='bbox 2762 4312 2826 4360; x_wconf 81' lang='grc' dir='ltr'><strong>ἐκ</strong></span> <span class='ocrx_word' id='word_1_629' title='bbox 2853 4309 3318 4380; x_wconf 78' lang='grc' dir='ltr'>προϋπαρχούσης</span> <span class='ocrx_word' id='word_1_630' title='bbox 3359 4307 3539 4378; x_wconf 78' lang='grc' dir='ltr'>ψυχῆς</span> <span class='ocrx_word' id='word_1_631' title='bbox 3571 4324 3630 4360; x_wconf 90' lang='grc' dir='ltr'><strong>τε</strong></span> <span class='ocrx_word' id='word_1_632' title='bbox 3662 4308 3756 4360; x_wconf 79' lang='grc' dir='ltr'><strong>καὶ</strong></span> <span class='ocrx_word' id='word_1_633' title='bbox 3790 4309 3909 4360; x_wconf 71' lang='lat' dir='ltr'><strong>cub-</strong></span> 
     </span>
    </p>
   </div>
   <div class='ocr_carea' id='block_1_87' title="bbox 2318 4387 3904 4470">
    <p class='ocr_par' dir='ltr' id='par_1_87' title="bbox 2318 4387 3904 4470">
     <span class='ocr_line' id='line_1_87' title="bbox 2318 4387 3904 4470; baseline -0.001 -19"><span class='ocrx_word' id='word_1_634' title='bbox 2318 4416 2484 4467; x_wconf 81' lang='grc' dir='ltr'>ματος</span> <span class='ocrx_word' id='word_1_635' title='bbox 2522 4399 2766 4453; x_wconf 82' lang='grc' dir='ltr'>δέδοται·</span> <span class='ocrx_word' id='word_1_636' title='bbox 2811 4400 3022 4470; x_wconf 73' lang='grc' dir='ltr'>ἐπινοίᾳ</span> <span class='ocrx_word' id='word_1_637' title='bbox 3055 4400 3162 4468; x_wconf 77' lang='grc' dir='ltr'><strong>γάρ</strong></span> <span class='ocrx_word' id='word_1_638' title='bbox 3198 4387 3462 4469; x_wconf 69' lang='grc' dir='ltr'>μόνητοῦ</span> <span class='ocrx_word' id='word_1_639' title='bbox 3513 4399 3714 4451; x_wconf 86' lang='grc' dir='ltr'>οίκείου</span> <span class='ocrx_word' id='word_1_640' title='bbox 3757 4416 3904 4468; x_wconf 66' lang='grc' dir='ltr'>προσ</span> 
     </span>
    </p>
   </div>
   <div class='ocr_carea' id='block_1_88' title="bbox 640 4485 2213 4563">
    <p class='ocr_par' dir='ltr' id='par_1_88' title="bbox 640 4493 2207 4563">
     <span class='ocr_line' id='line_1_88' title="bbox 640 4493 2207 4563; baseline 0.003 -17"><span class='ocrx_word' id='word_1_641' title='bbox 640 4504 722 4548; x_wconf 88' lang='lat' dir='ltr'><strong>tes</strong></span> <span class='ocrx_word' id='word_1_642' title='bbox 754 4495 1006 4563; x_wconf 83' lang='lat' dir='ltr'><strong>preprias</strong></span> <span class='ocrx_word' id='word_1_643' title='bbox 1031 4505 1236 4562; x_wconf 86' lang='lat' dir='ltr'><strong>partes,</strong></span> <span class='ocrx_word' id='word_1_644' title='bbox 1269 4510 1299 4547; x_wconf 93' lang='lat' dir='ltr'><strong>e</strong></span> <span class='ocrx_word' id='word_1_645' title='bbox 1337 4493 1555 4563; x_wconf 84' lang='lat' dir='ltr'><strong>duobus</strong></span> <span class='ocrx_word' id='word_1_646' title='bbox 1586 4495 1652 4547; x_wconf 92' lang='lat' dir='ltr'><strong>de</strong></span> <span class='ocrx_word' id='word_1_647' title='bbox 1690 4493 1912 4549; x_wconf 89' lang='lat' dir='ltr'><strong>homine</strong></span> <span class='ocrx_word' id='word_1_648' title='bbox 1945 4496 2207 4562; x_wconf 83' lang='lat' dir='ltr'><strong>dicimus;</strong></span> 
     </span>
    </p>
   </div>
   <div class='ocr_carea' id='block_1_89' title="bbox 2315 4485 3908 4563">
    <p class='ocr_par' dir='ltr' id='par_1_89' title="bbox 2316 4485 3908 4557">
     <span class='ocr_line' id='line_1_89' title="bbox 2316 4485 3908 4557; baseline -0.001 -19"><span class='ocrx_word' id='word_1_649' title='bbox 2316 4489 2552 4551; x_wconf 76' lang='grc' dir='ltr'>τιθέντες</span> <span class='ocrx_word' id='word_1_650' title='bbox 2575 4488 2642 4540; x_wconf 89' lang='grc' dir='ltr'><strong>τά</strong></span> <span class='ocrx_word' id='word_1_651' title='bbox 2677 4489 2783 4540; x_wconf 78' lang='grc' dir='ltr'>ίδια</span> <span class='ocrx_word' id='word_1_652' title='bbox 2813 4488 2978 4557; x_wconf 77' lang='grc' dir='ltr'>μέρη,</span> <span class='ocrx_word' id='word_1_653' title='bbox 3017 4487 3078 4539; x_wconf 82' lang='grc' dir='ltr'>τὸ</span> <span class='ocrx_word' id='word_1_654' title='bbox 3112 4491 3176 4539; x_wconf 77' lang='grc' dir='ltr'>εκ</span> <span class='ocrx_word' id='word_1_655' title='bbox 3206 4487 3299 4538; x_wconf 86' lang='grc' dir='ltr'>δύο</span> <span class='ocrx_word' id='word_1_656' title='bbox 3343 4488 3434 4539; x_wconf 73' lang='grc' dir='ltr'><strong>ἐπὶ</strong></span> <span class='ocrx_word' id='word_1_657' title='bbox 3484 4485 3637 4538; x_wconf 78' lang='grc' dir='ltr'>τοῦδέ</span> <span class='ocrx_word' id='word_1_658' title='bbox 3667 4500 3863 4552; x_wconf 84' lang='grc' dir='ltr'>φαμεν</span> <span class='ocrx_word' id='word_1_659' title='bbox 3893 4499 3908 4514; x_wconf 88' lang='grc'><strong>·</strong></span> 
     </span>
    </p>
   </div>
   <div class='ocr_carea' id='block_1_90' title="bbox 638 4562 2212 4656">
    <p class='ocr_par' dir='ltr' id='par_1_90' title="bbox 638 4562 2212 4656">
     <span class='ocr_line' id='line_1_90' title="bbox 638 4562 2212 4656; baseline 0.003 -18"><span class='ocrx_word' id='word_1_660' title='bbox 638 4586 785 4655; x_wconf 90' lang='lat' dir='ltr'><strong>quod</strong></span> <span class='ocrx_word' id='word_1_661' title='bbox 834 4601 965 4640; x_wconf 83' lang='lat' dir='ltr'><strong>vero</strong></span> <span class='ocrx_word' id='word_1_662' title='bbox 1027 4586 1092 4637; x_wconf 89' lang='lat' dir='ltr'><strong>ad</strong></span> <span class='ocrx_word' id='word_1_663' title='bbox 1128 4586 1416 4638; x_wconf 89' lang='lat' dir='ltr'><strong>Dominum</strong></span> <span class='ocrx_word' id='word_1_664' title='bbox 1466 4562 1577 4638; x_wconf 63' lang='lat' dir='ltr'><strong>ndn</strong></span> <span class='ocrx_word' id='word_1_665' title='bbox 1620 4585 1954 4655; x_wconf 79' lang='lat' dir='ltr'><strong>imaginandi</strong></span> <span class='ocrx_word' id='word_1_666' title='bbox 1999 4588 2048 4640; x_wconf 85' lang='lat' dir='ltr'><strong>vi</strong></span> <span class='ocrx_word' id='word_1_667' title='bbox 2079 4603 2212 4656; x_wconf 63' lang='lat' dir='ltr'><strong>prte-</strong></span> 
     </span>
    </p>
   </div>
   <div class='ocr_carea' id='block_1_91' title="bbox 640 4677 2212 4745">
    <p class='ocr_par' dir='ltr' id='par_1_91' title="bbox 640 4677 2212 4745">
     <span class='ocr_line' id='line_1_91' title="bbox 640 4677 2212 4745; baseline -0.001 -13"><span class='ocrx_word' id='word_1_668' title='bbox 640 4678 909 4732; x_wconf 81' lang='lat' dir='ltr'><strong>exsistere</strong></span> <span class='ocrx_word' id='word_1_669' title='bbox 938 4677 1177 4730; x_wconf 79' lang='lat' dir='ltr'><strong>Verbum</strong></span> <span class='ocrx_word' id='word_1_670' title='bbox 1202 4693 1311 4745; x_wconf 67' lang='lat' dir='ltr'><strong>piae</strong></span> <span class='ocrx_word' id='word_1_671' title='bbox 1335 4677 1554 4744; x_wconf 90' lang='lat' dir='ltr'><strong>propria</strong></span> <span class='ocrx_word' id='word_1_672' title='bbox 1589 4678 1988 4745; x_wconf 85' lang='lat' dir='ltr'><strong>compositione</strong></span> <span class='ocrx_word' id='word_1_673' title='bbox 2015 4680 2212 4732; x_wconf 84' lang='lat' dir='ltr'><strong>asseri-</strong></span> 
     </span>
    </p>
   </div>
   <div class='ocr_carea' id='block_1_92' title="bbox 639 4769 2211 4835">
    <p class='ocr_par' dir='ltr' id='par_1_92' title="bbox 639 4769 2211 4835">
     <span class='ocr_line' id='line_1_92' title="bbox 639 4769 2211 4835; baseline 0 -12"><span class='ocrx_word' id='word_1_674' title='bbox 639 4783 762 4823; x_wconf 92' lang='lat' dir='ltr'><strong>mus</strong></span> <span class='ocrx_word' id='word_1_675' title='bbox 797 4769 939 4823; x_wconf 82' lang='lat' dir='ltr'><strong>sicut</strong></span> <span class='ocrx_word' id='word_1_676' title='bbox 970 4769 1036 4823; x_wconf 92' lang='lat' dir='ltr'><strong>de</strong></span> <span class='ocrx_word' id='word_1_677' title='bbox 1070 4769 1329 4835; x_wconf 83' lang='lat' dir='ltr'><strong>homine;</strong></span> <span class='ocrx_word' id='word_1_678' title='bbox 1355 4769 1399 4821; x_wconf 90' lang='lat' dir='ltr'><strong>si</strong></span> <span class='ocrx_word' id='word_1_679' title='bbox 1438 4785 1566 4822; x_wconf 76' lang='lat' dir='ltr'><strong>vero</strong></span> <span class='ocrx_word' id='word_1_680' title='bbox 1606 4785 1713 4822; x_wconf 89' lang='lat' dir='ltr'><strong>non</strong></span> <span class='ocrx_word' id='word_1_681' title='bbox 1745 4769 2000 4822; x_wconf 84' lang='lat' dir='ltr'><strong>similiter</strong></span> <span class='ocrx_word' id='word_1_682' title='bbox 2041 4783 2211 4823; x_wconf 85' lang='lat' dir='ltr'><strong>unum</strong></span> 
     </span>
    </p>
   </div>
   <div class='ocr_carea' id='block_1_93' title="bbox 639 4860 2210 4930">
    <p class='ocr_par' dir='ltr' id='par_1_93' title="bbox 639 4860 2210 4930">
     <span class='ocr_line' id='line_1_93' title="bbox 639 4860 2210 4930; baseline -0.001 -14"><span class='ocrx_word' id='word_1_683' title='bbox 639 4879 669 4917; x_wconf 92' lang='lat' dir='ltr'><strong>e</strong></span> <span class='ocrx_word' id='word_1_684' title='bbox 716 4862 933 4916; x_wconf 90' lang='lat' dir='ltr'><strong>duobus</strong></span> <span class='ocrx_word' id='word_1_685' title='bbox 981 4861 1048 4914; x_wconf 92' lang='lat' dir='ltr'><strong>de</strong></span> <span class='ocrx_word' id='word_1_686' title='bbox 1093 4861 1323 4914; x_wconf 90' lang='lat' dir='ltr'><strong>Domino</strong></span> <span class='ocrx_word' id='word_1_687' title='bbox 1369 4870 1423 4914; x_wconf 90' lang='lat' dir='ltr'><strong>et</strong></span> <span class='ocrx_word' id='word_1_688' title='bbox 1459 4861 1525 4914; x_wconf 88' lang='lat' dir='ltr'><strong>de</strong></span> <span class='ocrx_word' id='word_1_689' title='bbox 1563 4861 1797 4930; x_wconf 86' lang='lat' dir='ltr'><strong>simplici</strong></span> <span class='ocrx_word' id='word_1_690' title='bbox 1831 4860 2210 4922; x_wconf 29' lang='lat' dir='ltr'><strong>homine,.nec</strong></span> 
     </span>
    </p>
   </div>
   <div class='ocr_carea' id='block_1_94' title="bbox 641 4951 2214 5009">
    <p class='ocr_par' dir='ltr' id='par_1_94' title="bbox 641 4951 2214 5009">
     <span class='ocr_line' id='line_1_94' title="bbox 641 4951 2214 5009; baseline -0.003 0"><span class='ocrx_word' id='word_1_691' title='bbox 641 4969 763 5009; x_wconf 90' lang='lat' dir='ltr'><strong>cum</strong></span> <span class='ocrx_word' id='word_1_692' title='bbox 799 4954 956 5006; x_wconf 89' lang='lat' dir='ltr'><strong>unica</strong></span> <span class='ocrx_word' id='word_1_693' title='bbox 991 4952 1230 5005; x_wconf 90' lang='lat' dir='ltr'><strong>hominis</strong></span> <span class='ocrx_word' id='word_1_694' title='bbox 1255 4960 1450 5005; x_wconf 68' lang='lat' dir='ltr'><strong>natura</strong></span> <span class='ocrx_word' id='word_1_695' title='bbox 1491 4952 1741 5004; x_wconf 91' lang='lat' dir='ltr'><strong>similiter</strong></span> <span class='ocrx_word' id='word_1_696' title='bbox 1772 4951 2060 5004; x_wconf 90' lang='lat' dir='ltr'><strong>Dominum</strong></span> <span class='ocrx_word' id='word_1_697' title='bbox 2119 4952 2214 5004; x_wconf 84' lang='lat' dir='ltr'><strong>ad-</strong></span> 
     </span>
    </p>
   </div>
   <div class='ocr_carea' id='block_1_95' title="bbox 657 5041 2210 5111">
    <p class='ocr_par' dir='ltr' id='par_1_95' title="bbox 657 5041 2210 5111">
     <span class='ocr_line' id='line_1_95' title="bbox 657 5041 2210 5111; baseline -0.001 -15"><span class='ocrx_word' id='word_1_698' title='bbox 657 5057 891 5098; x_wconf 84' lang='lat' dir='ltr'><strong>unamus</strong></span> <span class='ocrx_word' id='word_1_699' title='bbox 929 5059 939 5094; x_wconf 92' lang='lat'><strong>:</strong></span> <span class='ocrx_word' id='word_1_700' title='bbox 973 5059 1091 5110; x_wconf 77' lang='lat' dir='ltr'><strong>qua:</strong></span> <span class='ocrx_word' id='word_1_701' title='bbox 1132 5043 1278 5095; x_wconf 91' lang='lat' dir='ltr'><strong>enim</strong></span> <span class='ocrx_word' id='word_1_702' title='bbox 1313 5050 1698 5111; x_wconf 84' lang='lat' dir='ltr'><strong>proponuntur</strong></span> <span class='ocrx_word' id='word_1_703' title='bbox 1721 5057 1750 5095; x_wconf 94' lang='lat' dir='ltr'><strong>e</strong></span> <span class='ocrx_word' id='word_1_704' title='bbox 1786 5057 1892 5093; x_wconf 90' lang='lat' dir='ltr'><strong>non</strong></span> <span class='ocrx_word' id='word_1_705' title='bbox 1920 5041 2210 5104; x_wconf 80' lang='lat' dir='ltr'><strong>similibus,</strong></span> 
     </span>
    </p>
   </div>
   <div class='ocr_carea' id='block_1_96' title="bbox 641 5130 2214 5203">
    <p class='ocr_par' dir='ltr' id='par_1_96' title="bbox 641 5130 2214 5203">
     <span class='ocr_line' id='line_1_96' title="bbox 641 5130 2214 5203; baseline -0.001 -18"><span class='ocrx_word' id='word_1_706' title='bbox 641 5133 876 5203; x_wconf 80' lang='lat' dir='ltr'><strong>regulari</strong></span> <span class='ocrx_word' id='word_1_707' title='bbox 907 5133 1231 5191; x_wconf 85' lang='lat' dir='ltr'><strong>necessitate</strong></span> <span class='ocrx_word' id='word_1_708' title='bbox 1269 5148 1378 5185; x_wconf 90' lang='lat' dir='ltr'><strong>non</strong></span> <span class='ocrx_word' id='word_1_709' title='bbox 1404 5131 1602 5185; x_wconf 88' lang='lat' dir='ltr'><strong>similia</strong></span> <span class='ocrx_word' id='word_1_710' title='bbox 1624 5149 1635 5182; x_wconf 91' lang='lat'><strong>:</strong></span> <span class='ocrx_word' id='word_1_711' title='bbox 1656 5146 1766 5183; x_wconf 91' lang='lat' dir='ltr'><strong>non</strong></span> <span class='ocrx_word' id='word_1_712' title='bbox 1798 5146 1928 5199; x_wconf 80' lang='lat' dir='ltr'><strong>ergo</strong></span> <span class='ocrx_word' id='word_1_713' title='bbox 1960 5130 2069 5183; x_wconf 87' lang='lat' dir='ltr'><strong>illis</strong></span> <span class='ocrx_word' id='word_1_714' title='bbox 2094 5147 2214 5183; x_wconf 59' lang='lat' dir='ltr'><strong>eon-</strong></span> 
     </span>
    </p>
   </div>
   <div class='ocr_carea' id='block_1_97' title="bbox 640 5222 2211 5292">
    <p class='ocr_par' dir='ltr' id='par_1_97' title="bbox 640 5222 2211 5292">
     <span class='ocr_line' id='line_1_97' title="bbox 640 5222 2211 5292; baseline -0.002 -14"><span class='ocrx_word' id='word_1_715' title='bbox 640 5234 961 5278; x_wconf 86' lang='lat' dir='ltr'><strong>sentaneum</strong></span> <span class='ocrx_word' id='word_1_716' title='bbox 1009 5225 1229 5291; x_wconf 85' lang='lat' dir='ltr'><strong>penitus</strong></span> <span class='ocrx_word' id='word_1_717' title='bbox 1267 5224 1602 5292; x_wconf 74' lang='lat' dir='ltr'><strong>exemplum,</strong></span> <span class='ocrx_word' id='word_1_718' title='bbox 1659 5222 1789 5276; x_wconf 92' lang='lat' dir='ltr'><strong>licet</strong></span> <span class='ocrx_word' id='word_1_719' title='bbox 1835 5222 2079 5274; x_wconf 53' lang='lat' dir='ltr'><strong>rcaliter&#39;</strong></span> <span class='ocrx_word' id='word_1_720' title='bbox 2126 5223 2211 5276; x_wconf 89' lang='lat' dir='ltr'><strong>di-</strong></span> 
     </span>
    </p>
   </div>
   <div class='ocr_carea' id='block_1_98' title="bbox 640 5307 2212 5379">
    <p class='ocr_par' dir='ltr' id='par_1_98' title="bbox 640 5307 2212 5379">
     <span class='ocr_line' id='line_1_98' title="bbox 640 5307 2212 5379; baseline -0.003 -12"><span class='ocrx_word' id='word_1_721' title='bbox 640 5322 859 5367; x_wconf 90' lang='lat' dir='ltr'><strong>ceretur</strong></span> <span class='ocrx_word' id='word_1_722' title='bbox 914 5328 1040 5372; x_wconf 91' lang='lat' dir='ltr'><strong>una,</strong></span> <span class='ocrx_word' id='word_1_723' title='bbox 1092 5319 1147 5364; x_wconf 87' lang='lat' dir='ltr'><strong>et</strong></span> <span class='ocrx_word' id='word_1_724' title='bbox 1197 5319 1406 5364; x_wconf 92' lang='lat' dir='ltr'><strong>tantum</strong></span> <span class='ocrx_word' id='word_1_725' title='bbox 1452 5325 1669 5379; x_wconf 88' lang='lat' dir='ltr'><strong>semper</strong></span> <span class='ocrx_word' id='word_1_726' title='bbox 1717 5324 1822 5362; x_wconf 88' lang='lat' dir='ltr'><strong>una</strong></span> <span class='ocrx_word' id='word_1_727' title='bbox 1871 5307 2212 5362; x_wconf 84' lang='lat' dir='ltr'><strong>demonstra-</strong></span> 
     </span>
    </p>
   </div>
   <div class='ocr_carea' id='block_1_99' title="bbox 640 5401 1334 5457">
    <p class='ocr_par' dir='ltr' id='par_1_99' title="bbox 640 5401 1334 5457">
     <span class='ocr_line' id='line_1_99' title="bbox 640 5401 1334 5457; baseline -0.006 0"><span class='ocrx_word' id='word_1_728' title='bbox 640 5411 792 5457; x_wconf 86' lang='lat' dir='ltr'><strong>retur</strong></span> <span class='ocrx_word' id='word_1_729' title='bbox 844 5401 1079 5454; x_wconf 83' lang='lat' dir='ltr'><strong>hominis</strong></span> <span class='ocrx_word' id='word_1_730' title='bbox 1121 5413 1334 5453; x_wconf 85' lang='lat' dir='ltr'><strong>nalura.</strong></span> 
     </span>
    </p>
   </div>
   <div class='ocr_carea' id='block_1_100' title="bbox 708 5487 2215 5560">
    <p class='ocr_par' dir='ltr' id='par_1_100' title="bbox 708 5487 2215 5560">
     <span class='ocr_line' id='line_1_100' title="bbox 708 5487 2215 5560; baseline -0.005 -13"><span class='ocrx_word' id='word_1_731' title='bbox 708 5496 796 5547; x_wconf 61' lang='lat'><strong>46.</strong></span> <span class='ocrx_word' id='word_1_732' title='bbox 835 5493 888 5546; x_wconf 85' lang='lat' dir='ltr'><strong>Si</strong></span> <span class='ocrx_word' id='word_1_733' title='bbox 922 5503 1118 5545; x_wconf 90' lang='lat' dir='ltr'><strong>natura</strong></span> <span class='ocrx_word' id='word_1_734' title='bbox 1170 5492 1442 5560; x_wconf 85' lang='lat' dir='ltr'><strong>passibilis</strong></span> <span class='ocrx_word' id='word_1_735' title='bbox 1475 5505 1601 5544; x_wconf 85' lang='lat' dir='ltr'><strong>caro</strong></span> <span class='ocrx_word' id='word_1_736' title='bbox 1633 5488 1797 5543; x_wconf 71' lang='lat' dir='ltr'><strong>Verbi</strong></span> <span class='ocrx_word' id='word_1_737' title='bbox 1844 5502 1954 5540; x_wconf 90' lang='lat' dir='ltr'><strong>non</strong></span> <span class='ocrx_word' id='word_1_738' title='bbox 1986 5487 2098 5540; x_wconf 84' lang='lat' dir='ltr'><strong>visa</strong></span> <span class='ocrx_word' id='word_1_739' title='bbox 2132 5497 2215 5541; x_wconf 89' lang='lat' dir='ltr'><strong>est</strong></span> 
     </span>
    </p>
   </div>
   <div class='ocr_carea' id='block_1_101' title="bbox 632 5581 2213 5655">
    <p class='ocr_par' dir='ltr' id='par_1_101' title="bbox 632 5581 2213 5655">
     <span class='ocr_line' id='line_1_101' title="bbox 632 5581 2213 5655; baseline -0.004 -14"><span class='ocrx_word' id='word_1_740' title='bbox 632 5583 984 5655; x_wconf 70' lang='lat' dir='ltr'><strong>impassihiiis</strong></span> <span class='ocrx_word' id='word_1_741' title='bbox 1014 5592 1239 5652; x_wconf 88' lang='lat' dir='ltr'><strong>propter</strong></span> <span class='ocrx_word' id='word_1_742' title='bbox 1269 5582 1658 5639; x_wconf 78' lang='lat' dir='ltr'><strong>adunationem</strong></span> <span class='ocrx_word' id='word_1_743' title='bbox 1682 5581 1747 5634; x_wconf 92' lang='lat' dir='ltr'><strong>ad</strong></span> <span class='ocrx_word' id='word_1_744' title='bbox 1786 5581 1984 5648; x_wconf 90' lang='lat' dir='ltr'><strong>ipsum,</strong></span> <span class='ocrx_word' id='word_1_745' title='bbox 2009 5589 2213 5647; x_wconf 91' lang='lat' dir='ltr'><strong>quanto</strong></span> 
     </span>
    </p>
   </div>
   <div class='ocr_carea' id='block_1_102' title="bbox 646 5669 2209 5745">
    <p class='ocr_par' dir='ltr' id='par_1_102' title="bbox 646 5669 2209 5745">
     <span class='ocr_line' id='line_1_102' title="bbox 646 5669 2209 5745; baseline -0.004 -16"><span class='ocrx_word' id='word_1_746' title='bbox 646 5679 816 5745; x_wconf 75' lang='lat' dir='ltr'><strong>magis</strong></span> <span class='ocrx_word' id='word_1_747' title='bbox 852 5686 1046 5729; x_wconf 80' lang='lat' dir='ltr'><strong>natura</strong></span> <span class='ocrx_word' id='word_1_748' title='bbox 1073 5674 1421 5741; x_wconf 87' lang='lat' dir='ltr'><strong>impassibile</strong></span> <span class='ocrx_word' id='word_1_749' title='bbox 1451 5673 1711 5732; x_wconf 81' lang='lat' dir='ltr'><strong>Verbum,</strong></span> <span class='ocrx_word' id='word_1_750' title='bbox 1760 5671 1934 5740; x_wconf 89' lang='lat' dir='ltr'><strong>ipsum</strong></span> <span class='ocrx_word' id='word_1_751' title='bbox 1986 5684 2092 5722; x_wconf 91' lang='lat' dir='ltr'><strong>non</strong></span> <span class='ocrx_word' id='word_1_752' title='bbox 2129 5669 2209 5723; x_wconf 85' lang='lat' dir='ltr'><strong>fa-</strong></span> 
     </span>
    </p>
   </div>
   <div class='ocr_carea' id='block_1_103' title="bbox 639 5760 2213 5833">
    <p class='ocr_par' dir='ltr' id='par_1_103' title="bbox 639 5760 2213 5833">
     <span class='ocr_line' id='line_1_103' title="bbox 639 5760 2213 5833; baseline -0.006 -12"><span class='ocrx_word' id='word_1_753' title='bbox 639 5776 872 5821; x_wconf 89' lang='lat' dir='ltr'><strong>ctumcst</strong></span> <span class='ocrx_word' id='word_1_754' title='bbox 898 5765 1154 5833; x_wconf 75' lang='lat' dir='ltr'><strong>passibilc</strong></span> <span class='ocrx_word' id='word_1_755' title='bbox 1171 5775 1392 5833; x_wconf 68' lang='lat' dir='ltr'><strong>propter</strong></span> <span class='ocrx_word' id='word_1_756' title='bbox 1416 5763 1803 5817; x_wconf 81' lang='lat' dir='ltr'><strong>adunalinncm</strong></span> <span class='ocrx_word' id='word_1_757' title='bbox 1825 5760 1890 5812; x_wconf 77' lang='lat' dir='ltr'><strong>ad</strong></span> <span class='ocrx_word' id='word_1_758' title='bbox 1921 5760 2213 5828; x_wconf 79' lang='lat' dir='ltr'><strong>passibilc?</strong></span> 
     </span>
    </p>
   </div>
   <div class='ocr_carea' id='block_1_104' title="bbox 2316 4574 3915 4646">
    <p class='ocr_par' dir='ltr' id='par_1_104' title="bbox 2316 4574 3915 4646">
     <span class='ocr_line' id='line_1_104' title="bbox 2316 4574 3915 4646; baseline 0.001 -18"><span class='ocrx_word' id='word_1_759' title='bbox 2316 4578 2404 4629; x_wconf 77' lang='grc' dir='ltr'><strong>ἐπὶ</strong></span> <span class='ocrx_word' id='word_1_760' title='bbox 2445 4577 2500 4628; x_wconf 86' lang='grc' dir='ltr'><strong>δὲ</strong></span> <span class='ocrx_word' id='word_1_761' title='bbox 2550 4575 2643 4628; x_wconf 82' lang='grc' dir='ltr'>τοῦ</span> <span class='ocrx_word' id='word_1_762' title='bbox 2691 4578 2921 4646; x_wconf 78' lang='grc' dir='ltr'>Κυρίου,</span> <span class='ocrx_word' id='word_1_763' title='bbox 2965 4578 3063 4628; x_wconf 81' lang='grc' dir='ltr'><strong>οὐκ</strong></span> <span class='ocrx_word' id='word_1_764' title='bbox 3110 4576 3325 4646; x_wconf 73' lang='grc' dir='ltr'>ἐπινοίᾳ</span> <span class='ocrx_word' id='word_1_765' title='bbox 3373 4574 3748 4644; x_wconf 78' lang='grc' dir='ltr'>προϋπάρχειν</span> <span class='ocrx_word' id='word_1_766' title='bbox 3806 4577 3915 4629; x_wconf 76' lang='grc' dir='ltr'>τὸν</span> 
     </span>
    </p>
   </div>
   <div class='ocr_carea' id='block_1_105' title="bbox 2314 4665 3903 4737">
    <p class='ocr_par' dir='ltr' id='par_1_105' title="bbox 2314 4665 3903 4737">
     <span class='ocr_line' id='line_1_105' title="bbox 2314 4665 3903 4737; baseline -0.001 -17"><span class='ocrx_word' id='word_1_767' title='bbox 2314 4669 2485 4736; x_wconf 86' lang='grc' dir='ltr'>Λόγον</span> <span class='ocrx_word' id='word_1_768' title='bbox 2515 4669 2610 4735; x_wconf 74' lang='grc' dir='ltr'>τῆς</span> <span class='ocrx_word' id='word_1_769' title='bbox 2648 4669 2781 4729; x_wconf 84' lang='grc' dir='ltr'>ίδίας</span> <span class='ocrx_word' id='word_1_770' title='bbox 2811 4667 3110 4729; x_wconf 78' lang='grc' dir='ltr'>συνθέσεώς</span> <span class='ocrx_word' id='word_1_771' title='bbox 3143 4684 3320 4737; x_wconf 83' lang='grc' dir='ltr'>φαμεν</span> <span class='ocrx_word' id='word_1_772' title='bbox 3349 4667 3547 4736; x_wconf 84' lang='grc' dir='ltr'>ὁμοίως</span> <span class='ocrx_word' id='word_1_773' title='bbox 3575 4665 3652 4734; x_wconf 82' lang='grc' dir='ltr'><strong>τῷ</strong></span> <span class='ocrx_word' id='word_1_774' title='bbox 3680 4665 3903 4733; x_wconf 56' lang='grc' dir='ltr'>ἀνθρώ.</span> 
     </span>
    </p>
   </div>
   <div class='ocr_carea' id='block_1_106' title="bbox 2317 4755 3914 4829">
    <p class='ocr_par' dir='ltr' id='par_1_106' title="bbox 2317 4755 3914 4829">
     <span class='ocr_line' id='line_1_106' title="bbox 2317 4755 3914 4829; baseline 0.001 -17"><span class='ocrx_word' id='word_1_775' title='bbox 2317 4777 2431 4829; x_wconf 84' lang='grc' dir='ltr'><strong>πῳ·</strong></span> <span class='ocrx_word' id='word_1_776' title='bbox 2467 4762 2515 4812; x_wconf 88' lang='grc' dir='ltr'>εἰ</span> <span class='ocrx_word' id='word_1_777' title='bbox 2544 4761 2599 4812; x_wconf 78' lang='grc' dir='ltr'><strong>δὲ</strong></span> <span class='ocrx_word' id='word_1_778' title='bbox 2626 4761 2722 4829; x_wconf 77' lang='grc' dir='ltr'><strong>οὐχ</strong></span> <span class='ocrx_word' id='word_1_779' title='bbox 2750 4761 2949 4827; x_wconf 73' lang='grc' dir='ltr'>ὁμοίως</span> <span class='ocrx_word' id='word_1_780' title='bbox 2978 4761 3038 4811; x_wconf 80' lang='grc' dir='ltr'>τὸ</span> <span class='ocrx_word' id='word_1_781' title='bbox 3067 4761 3130 4810; x_wconf 70' lang='grc' dir='ltr'><strong>ἐκ</strong></span> <span class='ocrx_word' id='word_1_782' title='bbox 3171 4760 3266 4812; x_wconf 90' lang='grc' dir='ltr'>δύο</span> <span class='ocrx_word' id='word_1_783' title='bbox 3299 4759 3393 4810; x_wconf 68' lang='grc' dir='ltr'><strong>ἐπὶ</strong></span> <span class='ocrx_word' id='word_1_784' title='bbox 3424 4755 3518 4810; x_wconf 81' lang='grc' dir='ltr'>τοῦ</span> <span class='ocrx_word' id='word_1_785' title='bbox 3554 4757 3762 4826; x_wconf 81' lang='grc' dir='ltr'>Κυρίου</span> <span class='ocrx_word' id='word_1_786' title='bbox 3803 4763 3914 4813; x_wconf 76' lang='grc' dir='ltr'><strong>καὶ</strong></span> 
     </span>
    </p>
   </div>
   <div class='ocr_carea' id='block_1_107' title="bbox 2317 4847 3912 4920">
    <p class='ocr_par' dir='ltr' id='par_1_107' title="bbox 2317 4847 3912 4920">
     <span class='ocr_line' id='line_1_107' title="bbox 2317 4847 3912 4920; baseline -0.001 -17"><span class='ocrx_word' id='word_1_787' title='bbox 2317 4852 2601 4920; x_wconf 84' lang='grc' dir='ltr'>ἀνθρώπου</span> <span class='ocrx_word' id='word_1_788' title='bbox 2637 4851 2818 4918; x_wconf 70' lang='grc' dir='ltr'>ψιλοῦ,</span> <span class='ocrx_word' id='word_1_789' title='bbox 2855 4851 2974 4902; x_wconf 76' lang='grc' dir='ltr'><strong>οὐδὲ</strong></span> <span class='ocrx_word' id='word_1_790' title='bbox 3023 4853 3090 4920; x_wconf 77' lang='grc' dir='ltr'>τῇ</span> <span class='ocrx_word' id='word_1_791' title='bbox 3133 4852 3231 4919; x_wconf 81' lang='grc' dir='ltr'><strong>μιᾷ</strong></span> <span class='ocrx_word' id='word_1_792' title='bbox 3273 4848 3366 4901; x_wconf 83' lang='grc' dir='ltr'>τοῦ</span> <span class='ocrx_word' id='word_1_793' title='bbox 3411 4847 3697 4917; x_wconf 83' lang='grc' dir='ltr'>ἀνθρώπου</span> <span class='ocrx_word' id='word_1_794' title='bbox 3726 4847 3912 4913; x_wconf 84' lang='grc' dir='ltr'>φύσει</span> 
     </span>
    </p>
   </div>
   <div class='ocr_carea' id='block_1_108' title="bbox 2315 4939 3913 5012">
    <p class='ocr_par' dir='ltr' id='par_1_108' title="bbox 2315 4939 3913 5012">
     <span class='ocr_line' id='line_1_108' title="bbox 2315 4939 3913 5012; baseline -0.002 -19"><span class='ocrx_word' id='word_1_795' title='bbox 2315 4943 2519 5012; x_wconf 81' lang='grc' dir='ltr'>ὁμοίως</span> <span class='ocrx_word' id='word_1_796' title='bbox 2555 4942 2784 5011; x_wconf 79' lang='grc' dir='ltr'>ὲνοῦμεν</span> <span class='ocrx_word' id='word_1_797' title='bbox 2829 4943 2917 4994; x_wconf 70' lang='grc' dir='ltr'><strong>τὸν</strong></span> <span class='ocrx_word' id='word_1_798' title='bbox 2956 4943 3190 5010; x_wconf 57' lang='grc' dir='ltr'>Κύριον</span> <span class='ocrx_word' id='word_1_799' title='bbox 3233 4945 3302 4993; x_wconf 84' lang='grc' dir='ltr'>τὰ</span> <span class='ocrx_word' id='word_1_800' title='bbox 3354 4942 3462 5010; x_wconf 78' lang='grc' dir='ltr'>γὰρ</span> <span class='ocrx_word' id='word_1_801' title='bbox 3513 4939 3571 5002; x_wconf 74' lang='grc' dir='ltr'><strong>ἐξ</strong></span> <span class='ocrx_word' id='word_1_802' title='bbox 3620 4940 3913 5005; x_wconf 75' lang='grc' dir='ltr'>ἀνομοίων</span> 
     </span>
    </p>
   </div>
   <div class='ocr_carea' id='block_1_109' title="bbox 2319 5030 3910 5102">
    <p class='ocr_par' dir='ltr' id='par_1_109' title="bbox 2319 5030 3910 5102">
     <span class='ocr_line' id='line_1_109' title="bbox 2319 5030 3910 5102; baseline -0.003 -15"><span class='ocrx_word' id='word_1_803' title='bbox 2319 5034 2672 5102; x_wconf 81' lang='grc' dir='ltr'>συγκείμενα,</span> <span class='ocrx_word' id='word_1_804' title='bbox 2726 5034 2957 5100; x_wconf 86' lang='grc' dir='ltr'>ἀνόμοια</span> <span class='ocrx_word' id='word_1_805' title='bbox 3006 5033 3351 5101; x_wconf 81' lang='grc' dir='ltr'>γραμμικαῖς</span> <span class='ocrx_word' id='word_1_806' title='bbox 3395 5031 3662 5095; x_wconf 73' lang='grc' dir='ltr'>ἀνάγκαις</span> <span class='ocrx_word' id='word_1_807' title='bbox 3693 5045 3704 5055; x_wconf 71' lang='grc'>³</span> <span class='ocrx_word' id='word_1_808' title='bbox 3786 5030 3910 5082; x_wconf 81' lang='grc' dir='ltr'><strong>οὐκ</strong></span> 
     </span>
    </p>
   </div>
   <div class='ocr_carea' id='block_1_110' title="bbox 2319 5118 3914 5195">
    <p class='ocr_par' dir='ltr' id='par_1_110' title="bbox 2319 5118 3914 5195">
     <span class='ocr_line' id='line_1_110' title="bbox 2319 5118 3914 5195; baseline -0.003 -17"><span class='ocrx_word' id='word_1_809' title='bbox 2319 5127 2424 5195; x_wconf 82' lang='grc' dir='ltr'>ἄρα</span> <span class='ocrx_word' id='word_1_810' title='bbox 2478 5127 2677 5176; x_wconf 84' lang='grc' dir='ltr'>οἰκεῖον</span> <span class='ocrx_word' id='word_1_811' title='bbox 2727 5124 2909 5184; x_wconf 75' lang='grc' dir='ltr'>αὐτοῖς</span> <span class='ocrx_word' id='word_1_812' title='bbox 2958 5124 3133 5189; x_wconf 82' lang='grc' dir='ltr'>πάντη</span> <span class='ocrx_word' id='word_1_813' title='bbox 3176 5123 3235 5174; x_wconf 80' lang='grc' dir='ltr'>τὸ</span> <span class='ocrx_word' id='word_1_814' title='bbox 3284 5119 3657 5189; x_wconf 79' lang='grc' dir='ltr'>παράδειγμα,</span> <span class='ocrx_word' id='word_1_815' title='bbox 3691 5118 3739 5168; x_wconf 83' lang='grc' dir='ltr'><strong>εί</strong></span> <span class='ocrx_word' id='word_1_816' title='bbox 3800 5124 3914 5173; x_wconf 69' lang='grc' dir='ltr'><strong>καὶ</strong></span> 
     </span>
    </p>
   </div>
   <div class='ocr_carea' id='block_1_111' title="bbox 2322 5201 3915 5288">
    <p class='ocr_par' dir='ltr' id='par_1_111' title="bbox 2322 5201 3915 5288">
     <span class='ocr_line' id='line_1_111' title="bbox 2322 5201 3915 5288; baseline -0.007 -16"><span class='ocrx_word' id='word_1_817' title='bbox 2322 5221 2489 5283; x_wconf 80' lang='grc' dir='ltr'>ὅντως</span> <span class='ocrx_word' id='word_1_818' title='bbox 2525 5220 2624 5288; x_wconf 85' lang='grc' dir='ltr'><strong>μία</strong></span> <span class='ocrx_word' id='word_1_819' title='bbox 2658 5218 2896 5284; x_wconf 84' lang='grc' dir='ltr'>ἐλέγετο,</span> <span class='ocrx_word' id='word_1_820' title='bbox 2931 5218 3022 5269; x_wconf 68' lang='grc' dir='ltr'><strong>καὶ</strong></span> <span class='ocrx_word' id='word_1_821' title='bbox 3061 5216 3233 5284; x_wconf 81' lang='grc' dir='ltr'>μόνως</span> <span class='ocrx_word' id='word_1_822' title='bbox 3268 5215 3352 5267; x_wconf 71' lang='grc' dir='ltr'>ἀεὶ</span> <span class='ocrx_word' id='word_1_823' title='bbox 3406 5214 3502 5281; x_wconf 83' lang='grc' dir='ltr'><strong>μία</strong></span> <span class='ocrx_word' id='word_1_824' title='bbox 3553 5201 3838 5262; x_wconf 72' lang='grc' dir='ltr'>ἐδείκνυτο</span> <span class='ocrx_word' id='word_1_825' title='bbox 3876 5215 3915 5281; x_wconf 79' lang='grc' dir='ltr'><strong>ἡ</strong></span> 
     </span>
    </p>
   </div>
   <div class='ocr_carea' id='block_1_112' title="bbox 2315 5308 2953 5378">
    <p class='ocr_par' dir='ltr' id='par_1_112' title="bbox 2315 5308 2953 5378">
     <span class='ocr_line' id='line_1_112' title="bbox 2315 5308 2953 5378; baseline -0.006 -16"><span class='ocrx_word' id='word_1_826' title='bbox 2315 5310 2409 5362; x_wconf 82' lang='grc' dir='ltr'><strong>τοῦ</strong></span> <span class='ocrx_word' id='word_1_827' title='bbox 2445 5309 2734 5378; x_wconf 83' lang='grc' dir='ltr'>ἀνθρώπου</span> <span class='ocrx_word' id='word_1_828' title='bbox 2773 5308 2953 5376; x_wconf 80' lang='grc' dir='ltr'>φύσις.</span> 
     </span>
    </p>
   </div>
   <div class='ocr_carea' id='block_1_113' title="bbox 2391 5478 3910 5557">
    <p class='ocr_par' dir='ltr' id='par_1_113' title="bbox 2391 5478 3910 5557">
     <span class='ocr_line' id='line_1_113' title="bbox 2391 5478 3910 5557; baseline -0.006 -19"><span class='ocrx_word' id='word_1_829' title='bbox 2391 5496 2505 5557; x_wconf 65' lang='lat' dir='ltr'><strong>pg&quot;.</strong></span> <span class='ocrx_word' id='word_1_830' title='bbox 2553 5486 2612 5537; x_wconf 79' lang='grc' dir='ltr'><strong>Εἰ</strong></span> <span class='ocrx_word' id='word_1_831' title='bbox 2665 5488 2697 5554; x_wconf 78' lang='grc' dir='ltr'>ἡ</span> <span class='ocrx_word' id='word_1_832' title='bbox 2764 5484 2921 5550; x_wconf 74' lang='grc' dir='ltr'>φύσει</span> <span class='ocrx_word' id='word_1_833' title='bbox 2993 5481 3208 5548; x_wconf 83' lang='grc' dir='ltr'>παθητὴ</span> <span class='ocrx_word' id='word_1_834' title='bbox 3264 5478 3399 5548; x_wconf 73' lang='grc' dir='ltr'>σὰρξ</span> <span class='ocrx_word' id='word_1_835' title='bbox 3452 5478 3542 5530; x_wconf 78' lang='grc' dir='ltr'>τοῦ</span> <span class='ocrx_word' id='word_1_836' title='bbox 3586 5478 3753 5543; x_wconf 81' lang='grc' dir='ltr'>Λόγου</span> <span class='ocrx_word' id='word_1_837' title='bbox 3793 5481 3910 5534; x_wconf 72' lang='grc' dir='ltr'><strong>οὐκ</strong></span> 
     </span>
    </p>
   </div>
   <div class='ocr_carea' id='block_1_114' title="bbox 2320 5570 3909 5648">
    <p class='ocr_par' dir='ltr' id='par_1_114' title="bbox 2320 5570 3909 5648">
     <span class='ocr_line' id='line_1_114' title="bbox 2320 5570 3909 5648; baseline -0.007 -18"><span class='ocrx_word' id='word_1_838' title='bbox 2320 5581 2472 5648; x_wconf 73' lang='grc' dir='ltr'>ὤφθη</span> <span class='ocrx_word' id='word_1_839' title='bbox 2511 5578 2725 5642; x_wconf 80' lang='grc' dir='ltr'>ἀπαθὴς</span> <span class='ocrx_word' id='word_1_840' title='bbox 2754 5574 2839 5627; x_wconf 72' lang='grc' dir='ltr'>διά</span> <span class='ocrx_word' id='word_1_841' title='bbox 2869 5574 2966 5641; x_wconf 76' lang='grc' dir='ltr'>τὴν</span> <span class='ocrx_word' id='word_1_842' title='bbox 2995 5572 3129 5643; x_wconf 64' lang='grc' dir='ltr'>πρὸς</span> <span class='ocrx_word' id='word_1_843' title='bbox 3162 5573 3330 5624; x_wconf 78' lang='grc' dir='ltr'>αὐτὸν</span> <span class='ocrx_word' id='word_1_844' title='bbox 3355 5571 3569 5634; x_wconf 61' lang='grc' dir='ltr'>ἕνωσιν,</span> <span class='ocrx_word' id='word_1_845' title='bbox 3622 5570 3772 5637; x_wconf 84' lang='grc' dir='ltr'>πόσῳ</span> <span class='ocrx_word' id='word_1_846' title='bbox 3831 5589 3909 5641; x_wconf 74' lang='grc' dir='ltr'>γε</span> 
     </span>
    </p>
   </div>
   <div class='ocr_carea' id='block_1_115' title="bbox 2321 5659 3908 5735">
    <p class='ocr_par' dir='ltr' id='par_1_115' title="bbox 2321 5659 3908 5735">
     <span class='ocr_line' id='line_1_115' title="bbox 2321 5659 3908 5735; baseline -0.009 -17"><span class='ocrx_word' id='word_1_847' title='bbox 2321 5667 2520 5735; x_wconf 77' lang='grc' dir='ltr'>μᾶλλον</span> <span class='ocrx_word' id='word_1_848' title='bbox 2548 5667 2577 5714; x_wconf 82' lang='grc' dir='ltr'><strong>ό</strong></span> <span class='ocrx_word' id='word_1_849' title='bbox 2615 5664 2774 5731; x_wconf 71' lang='grc' dir='ltr'>φύσει</span> <span class='ocrx_word' id='word_1_850' title='bbox 2804 5660 3016 5729; x_wconf 80' lang='grc' dir='ltr'>απαοὴς</span> <span class='ocrx_word' id='word_1_851' title='bbox 3049 5661 3243 5726; x_wconf 77' lang='grc' dir='ltr'>Λόγος,</span> <span class='ocrx_word' id='word_1_852' title='bbox 3276 5659 3435 5720; x_wconf 71' lang='grc' dir='ltr'>αὐτὸς</span> <span class='ocrx_word' id='word_1_853' title='bbox 3465 5660 3521 5711; x_wconf 71' lang='grc' dir='ltr'>οὐ</span> <span class='ocrx_word' id='word_1_854' title='bbox 3557 5659 3740 5724; x_wconf 75' lang='grc' dir='ltr'>γέγονε</span> <span class='ocrx_word' id='word_1_855' title='bbox 3783 5678 3908 5713; x_wconf 78' lang='grc' dir='ltr'>πα..</span> 
     </span>
    </p>
   </div>
   <div class='ocr_carea' id='block_1_116' title="bbox 2317 5745 3912 5826">
    <p class='ocr_par' dir='ltr' id='par_1_116' title="bbox 2317 5745 3912 5826">
     <span class='ocr_line' id='line_1_116' title="bbox 2317 5745 3912 5826; baseline -0.004 -24"><span class='ocrx_word' id='word_1_856' title='bbox 2317 5759 2497 5826; x_wconf 69' lang='grc' dir='ltr'>οητδ-,</span> <span class='ocrx_word' id='word_1_857' title='bbox 2519 5755 2606 5806; x_wconf 77' lang='grc' dir='ltr'><strong>διὰ</strong></span> <span class='ocrx_word' id='word_1_858' title='bbox 2641 5754 2736 5822; x_wconf 77' lang='grc' dir='ltr'>τὴν</span> <span class='ocrx_word' id='word_1_859' title='bbox 2764 5753 2898 5818; x_wconf 73' lang='grc' dir='ltr'>πρὸς</span> <span class='ocrx_word' id='word_1_860' title='bbox 2926 5752 2982 5802; x_wconf 79' lang='grc' dir='ltr'>τὸ</span> <span class='ocrx_word' id='word_1_861' title='bbox 3017 5752 3255 5820; x_wconf 62' lang='grc' dir='ltr'>παθη-τὶν</span> <span class='ocrx_word' id='word_1_862' title='bbox 3289 5751 3513 5815; x_wconf 76' lang='grc' dir='ltr'>’ἐνωσιν;</span> <span class='ocrx_word' id='word_1_863' title='bbox 3545 5750 3607 5798; x_wconf 80' lang='grc' dir='ltr'>Τί</span> <span class='ocrx_word' id='word_1_864' title='bbox 3632 5745 3723 5800; x_wconf 80' lang='grc' dir='ltr'>οὖν</span> <span class='ocrx_word' id='word_1_865' title='bbox 3752 5765 3912 5803; x_wconf 60' lang='grc' dir='ltr'>ττι-ν-</span> 
     </span>
    </p>
   </div>
  </div>
