4102 6462
708 404 843 470 1799

1938 399 2242 462 LEONTII
2282 401 2456 460 817A
2470 398 2681 459 NTINI

3806 403 3930 468 1800

773 515 862 568 54.
895 511 950 566 Si
977 517 1152 564 totum
1179 505 1469 575 compositi
1489 506 1695 561 Christi
1725 508 1894 561 Deum
1917 518 1970 561 et
1996 510 2268 563 hominem

2447 511 2537 563 νᾶ.
2573 511 2631 561 Ei
2659 510 2718 562 τὺ
2755 509 2872 561 ὅλον
2902 509 2995 560 τοῦ
3025 512 3277 564 συνθέτου
3301 510 3537 580 Χριστοῦ
3565 511 3697 564 Θεὸν
3731 515 3820 566 καὶ
3847 515 3932 566 ἄν-

696 601 1003 660 conﬁteris,
1028 611 1157 651 ecce
1184 597 1505 650 totalitatem
1532 597 1599 650 ab
1625 597 1976 651 etﬁcientium
1999 615 2117 652 eam
2143 616 2267 668 par-

703 695 838 747 tium
860 687 1177 744 nominibus
1200 687 1452 752 vocabis;
1486 687 1761 755 quomodo
1785 702 1914 757 ergo
1945 699 2264 743 naturarum

699 782 1074 853 duplicitatem
1120 778 1410 831 adunatam
1462 794 1570 832 non
1617 778 1756 832 dicis
1801 793 1920 833 esse
1963 780 2261 842 Christum,

698 889 818 942 qua
845 879 974 926 sunt
995 871 1213 924 Deuset
1238 868 1402 922 homo
1425 877 1689 938 etipartes
1718 870 1887 924 totius
1914 870 2268 940 hypostaseos

693 962 936 1018 Christi?

757 1054 856 1113 .55.
892 1052 948 1107 Si
980 1067 1088 1105 non
1123 1051 1244 1106 dum
1267 1048 1455 1106 Dei'et
1479 1051 1724 1105 hominis
1752 1061 1978 1115 naturae,
2011 1053 2104 1108 sed
2134 1069 2261 1121 una,

695 1157 946 1209 quaenam
980 1142 1202 1210 proprie
1250 1141 1452 1195 Christi
1501 1147 1580 1195 est
1614 1151 1821 1195 natura.
1862 1143 2003 1212 Ergo
2041 1144 2262 1196 realiter

695 1232 999 1286 secundum
1031 1246 1128 1284 vos
1162 1230 1370 1286 Christi
1408 1243 1608 1300 parens
1640 1241 1826 1284 sancta
1865 1232 2022 1302 Virgo
2064 1241 2262 1286 et-non

695 1323 788 1376 Dei
822 1338 1021 1392 parens
1053 1323 1349 1387 diceretur,
1382 1340 1504 1392 quae
1536 1332 1787 1378 naturam
1817 1325 2044 1389 alteram
2076 1339 2105 1378 a
2136 1324 2268 1378 sim-

697 1413 911 1481 pliciter
936 1413 1120 1466 divina
1149 1421 1202 1466 et
1226 1413 1469 1467 humana
1504 1415 1773 1482 genuerit.

763 1503 850 1557 56.
880 1504 1075 1557 Adhuc
1099 1519 1129 1556 a
1157 1502 1524 1558 diﬂ'erentiam
1562 1505 1875 1560 dicentibus
1897 1515 1952 1559 et
1975 1521 2083 1560 non
2109 1503 2266 1559 diﬁ'e-

695 1591 869 1644 rentia
904 1593 1326 1646 numerantibus
1355 1593 1742 1660 inquirendum
1773 1612 1784 1646 :
1815 1595 1970 1661 quasi
2005 1593 2264 1647 distincta

695 1682 859 1736 verbo
891 1683 1126 1736 dicimus
1155 1692 1209 1736 et
1249 1698 1358 1736 non
1395 1686 1550 1752 quasi
1583 1686 1804 1739 dellnita
1845 1686 2260 1756 hypostasibus;

694 1788 874 1824 nonne
915 1773 1291 1826 delinitionem
1326 1775 1518 1828 dicunt
1560 1784 1685 1828 ante
1729 1775 2094 1830 diﬁerentiam
2143 1792 2263 1830 esse

2377 601 2594 669 θρωπον
2621 601 2922 666 ὁμολογεῖς,
2961 601 3068 652 ἰδοὺ
3101 602 3198 668 τὴν
3227 602 3458 669 ὁλότητα
3502 605 3570 672 τῇ
3610 601 3719 655 τῶν
3749 604 3934 657 dmu-

2375 689 2636 740 λεστικῶν
2672 691 2837 757 αὐτῆς
2893 689 3072 758 μερῶν
3133 691 3419 759 ἐπωνυμία
3477 691 3931 761 προσαγορεύεις·

2375 779 2488 839 πῶς
2525 777 2618 831 οὖν
2651 779 2744 847 τὴν
2782 779 2945 830 δυάδα
2971 779 3079 830 τῶν
3110 779 3321 847 φύσεων
3356 782 3640 850 ἡνωμένην
3679 784 3740 835 οὑ
3765 783 3934 851 λέγεις

2373 867 2511 921 εἶναι
2544 871 2796 941 Χριστὸν,
2835 871 2896 921 at!
2921 873 3025 922 εἰσι
3047 869 3178 932 Θεὸς
3211 871 3302 922 καὶ
3334 870 3637 936 ἄνθρωπος,
3668 875 3761 925 καὶ
3800 875 3935 944 μέρη

2368 958 2469 1024 ’τῆς
2507 957 2634 1026 ὅλης
2667 959 3015 1019 ὑποστάσεως
3045 957 3315 1027 Χριστοῦ;

2447 1049 2539 1102 νε’.
2575 1051 2638 1102 Ei
2688 1053 2763 1120 μὴ
2793 1051 2884 1102 δύο
2942 1051 3132 1118 φύσεις
3172 1046 3307 1103 Θεοῦ
3345 1051 3439 1104 καὶ
3469 1051 3778 1120 ἀνθρώπου,
3806 1055 3936 1106 ἀλλὰ

2380 1143 2497 1209 μία,
2531 1141 2612 1198 τίς
2665 1141 2808 1200 ἰδίως
2837 1140 3068 1210 Χριστοῦ
3100 1141 3215 1194 ἐστὶ
3261 1141 3462 1207 φύσις;
3500 1142 3640 1208 ’Λρα
3672 1157 3733 1210 γε
3772 1144 3935 1206 ὅντως

2376 1230 2499 1282 καθ’
2543 1230 2687 1296 ὑμᾶς
2734 1228 3158 1297 Χριστοτὸιιος·ή
3215 1229 3345 1295 ἁγία
3397 1229 3669 1298 Παρθένος
3731 1231 3824 1283 καὶ
3877 1233 3934 1284 οὒ

2372 1319 2632 1385 Θεοτόκος
2667 1319 2896 1386 λέγοιτο,
2946 1317 3108 1387 φύσιν
3151 1319 3346 1387 ἑτέραν
3396 1319 3549 1389 παρὰ
3605 1320 3702 1390 τὴν
3751 1319 3936 1384 ἁπλῶς

2373 1411 2520 1464 θείαν
2557 1413 2648 1464 καὶ
2680 1409 3025 1479 ἀνθρωπείαν
3053 1408 3309 1462 τεκοῦσα.

2443 1509 2548 1566 νς’.
2591 1501 2710 1553 Ἔτι
2745 1502 3043 1570 ὲρωτητέον
3091 1500 3287 1560 αὐτοὺς
3324 1499 3580 1567 λέγοντας
3609 1500 3707 1569 τὴν
3749 1500 3934 1569 διαφοο

2374 1595 2492 1664 ραν,
2517 1593 2612 1646 καὶ
2647 1593 2746 1645 οὐκ
2772 1590 3136 1661 ἁριθμοῦντας
3165 1589 3233 1641 τὰ
3261 1590 3605 1659 διαφέροντα·
3643 1592 3717 1653 ὡς
3749 1591 3934 1644 διακι-

2372 1685 2605 1756 κριμένα
2631 1684 2706 1753 τῷ
2737 1684 2880 1753 λόγῳ
2906 1695 3104 1751 φαμεν,
3132 1684 3223 1736 καὶ
3247 1683 3344 1751 οὐχ
3373 1684 3447 1741 ὼς
3471 1683 3801 1752 διωρισμένα
3815 1686 3934 1750 ταῖς

2374 1776 2750 1829 ὑποστάσεσιν·
2783 1770 2901 1844 ἄρα
2947 1791 3078 1841 φασι
3122 1775 3211 1826 τὸν
3246 1773 3525 1842 διορισμὸν
3551 1777 3654 1843 πρὸ
3687 1775 3786 1842 τῆς
3823 1773 3935 1828 δια-

693 1869 922 1924 natnraa,
967 1878 1032 1914 an
1079 1879 1203 1915 cum
1239 1863 1587 1918 diﬂ‘ercntia?
1617 1863 1673 1918 Si
1715 1881 1843 1934 ergo
1884 1866 2104 1935 quidem
2139 1875 2266 1919 ante

2374 1865 2538 1934 φορᾶς
2565 1851 2704 1914 εἶναι
2735 1861 2965 1930 φύσει,ἢ
2998 1863 3093 1914 σὺν
3126 1865 3189 1932 τῇ
3213 1861 3480 1930 διαφορᾷς
3510 1863 3568 1914 Ei
3599 1863 3698 1931 μὲν
3717 1857 3807 1914 οὖν
3831 1861 3936 1927 πρὸ

691 1952 1056 2006 tliﬂ'erentiam
1092 1953 1351 2017 dixerint,
1382 1957 1484 2008 erit
1520 1967 1576 2010 et
1603 1956 1670 2009 de
1702 1958 1928 2010 omnino
1959 1973 2064 2012 non
2098 1957 2258 2010 diﬂ'e-

693 2041 942 2094 rentibus
971 2042 1239 2106 deﬁnitio,
1275 2043 1418 2097 sicut
1447 2044 1787 2098 deﬁniuntur
1816 2053 1872 2099 et
1900 2052 2184 2113 punctum,
2212 2054 2265 2098 et

695 2135 875 2185 unitas
903 2143 958 2186 ct
996 2134 1244 2201 spiritus,
1273 2144 1329 2187 et
1360 2135 1473 2201 ipsa
1504 2134 2038 2203 dtﬂerentiaeexpers
2081 2135 2264 2187 divina

694 2233 924 2287 natura;
976 2233 1032 2276 et
1068 2240 1174 2277 una
1201 2239 1330 2293 ergo
1364 2224 1496 2292 ipsis
1541 2235 1734 2278 natura
1776 2226 2077 2279 secundum
2120 2226 2266 2293 quod

694 2314 854 2367 unica
882 2313 1176 2378 deﬁnitur;
1207 2328 1369 2383 porro
1396 2314 1700 2368 secundum
1733 2315 1877 2383 quod
1901 2306 2185 2378 delinitur,
2210 2323 2264 2368 et

692 2420 721 2456 a
764 2419 994 2458 numero
1041 2403 1333 2468 discessit;
1373 2422 1472 2459 nec
1515 2406 1664 2459 unici
1706 2405 1910 2460 Christi
1947 2421 2261 2469 numerum,

688 2492 787 2546 sed
832 2501 887 2546 et
917 2493 1156 2562 Spiritus
1187 2494 1280 2562 qui
1317 2494 1369 2546 in
1406 2495 1523 2563 ipso
1549 2504 1633 2548 est
1666 2495 2068 2563 particulariter
2091 2503 2146 2547 ct
2177 2495 2261 2546 di-

693 2583 939 2637 vinitatis
971 2599 1092 2652 qum
1126 2585 1181 2638 in
1231 2585 1348 2652 ipso
1382 2595 1465 2638 est
1509 2585 1643 2638 dant
1687 2601 2011 2650 numerum;
2049 2587 2092 2640 si
2130 2602 2262 2640 vero

693 2689 817 2725 cum
845 2674 1176 2734 diﬂ‘erentia,
1201 2685 1296 2728 aut
1325 2685 1444 2743 post
1469 2675 1857 2741 differentiam,
1881 2677 2258 2731 deﬁnitionetn

696 2766 1005 2818 necessario
1040 2765 1227 2819 vident
1259 2766 1652 2831 differentium,
1690 2768 1964 2836 quomodo
1997 2768 2262 2822 diﬂ‘eren-

693 2857 823 2908 tiam
857 2855 1126 2919 dicentes,
1151 2857 1526 2909 deﬁnitionem
1564 2857 1936 2911 differentium
1967 2860 2108 2912 circa
2142 2875 2265 2911 ver-

695 2947 822 3000 bum
872 2961 980 3000 non
1033 2946 1253 3000 dicunt?
1308 2947 1374 3000 Et
1427 2948 1703 3015 quomodo
1755 2963 1861 3001 non
1913 2963 1980 3002 ex
2017 2950 2261 3001 omnium

689 3053 960 3092 consensu
1006 3045 1062 3090 et
1095 3045 1308 3090 servata
1348 3038 1678 3090 adunatione
1725 3038 2027 3092 secundum
2065 3039 2260 3091 horum

694 3127 1052 3196 hypostasim,
1075 3143 1138 3180 ea
1161 3142 1282 3194 quae
1306 3129 1472 3181 verbo
1495 3129 1758 3181 diﬁerunt
1787 3137 1843 3180 et
1872 3128 2261 3182 differentibus

694 3218 1091 3273 deﬁnientibus
1172 3218 1358 3272 verbis
1401 3218 1553 3285 quasi
1587 3219 1917 3288 quibusdam
1989 3219 2259 3273 limitibus

695 3307 917 3361 deﬁnita
956 3309 1292 3361 munerant?

761 3401 852 3454 57.
887 3401 1161 3454 Numerus
1191 3409 1284 3453 aut
1318 3417 1447 3470 prae,
1491 3413 1587 3457 aut
1618 3420 1722 3456 una
1765 3413 1860 3459 aut
1892 3412 2015 3473 post
2047 3403 2262 3458 exsistit
2292 3405 2333 3463 C

695 3492 921 3546 relative
955 3493 1022 3546 ad
1061 3493 1460 3559 diﬁ‘erentiam;
1495 3495 1864 3551 diﬁ‘erentiam
1900 3511 2033 3565 ergo
2062 3496 2266 3549 aduna-

695 3594 876 3636 tarum
897 3583 1112 3637 Domini
1137 3592 1455 3639 naturarum
1478 3588 1570 3655 qui
1595 3587 1946 3649 conﬁtentur,
1974 3603 2262 3642 numerum

694 3675 840 3729 circa
885 3675 1056 3744 ipsam
1111 3687 1306 3746 nempe
1359 3678 1669 3732 diﬂ‘erentia
1713 3681 1956 3748 negotia,
1994 3679 2265 3748 siquidem

694 3775 823 3820 ante
849 3767 1022 3836 ipsam
1058 3777 1296 3825 noscunt
1327 3786 1642 3833 numerum,
1675 3771 1860 3824 dicant
1896 3773 1987 3824 ubi
2017 3771 2267 3825 videntes

696 3860 799 3912 ista
832 3866 926 3914 aut
969 3875 1100 3913 sane
1133 3860 1348 3914 diversa
1382 3872 1831 3925 numeraverunt,
1867 3870 1926 3914 ut
1953 3878 2021 3914 ex
2053 3861 2268 3914 duabus

693 3950 932 4004 diversis
961 3951 1093 4018 ipsis
1117 3952 1189 4003 sit
1215 3966 1321 4007 una
1353 3959 1547 4004 natura
1587 3961 1681 4005 aut
1711 3952 2024 4006 differentia
2050 3968 2262 4020 expers,

692 4042 914 4109 quando
961 4042 1136 4096 divisa
1178 4053 1264 4096 est
1311 4045 1732 4097 similitudinem
1783 4044 2012 4108 habens,
2045 4043 2265 4111 quando

691 4131 929 4185 adunata
965 4140 1048 4184 est
1079 4146 1190 4199 pra:
1225 4147 1282 4185 se
1322 4131 1658 4195 admittens;
1699 4133 1743 4185 si
1771 4149 1901 4186 vero
1935 4149 2060 4186 cum
2105 4133 2265 4186 diﬁ‘e—

696 4223 875 4275 rentia
908 4230 1003 4276 aut
1031 4230 1154 4291 post
1182 4221 1352 4290 ipsam
1391 4237 1654 4276 numerus
1682 4230 1787 4286 est,
1819 4224 2132 4276 necessario
2165 4223 2268 4276 dif-

694 4312 984 4365 ferentiam
1012 4312 1225 4374 dantes,
1261 4318 1359 4364 aut
1396 4326 1520 4365 cum
1571 4311 1684 4379 ipsa
1714 4319 1807 4363 aut
1838 4321 2060 4380 propter
2093 4311 2263 4378 ips'am

693 4410 754 4454 et
797 4415 980 4454 rerum
1024 4382 1397 4453 diﬁ‘erentium
1453 4414 1742 4452 numerum
1793 4399 1937 4469 exigi
1981 4399 2262 4453 videbunt.

768 4488 856 4542 58.
891 4487 947 4541 Si
977 4501 1140 4540 unam
1173 4498 1202 4540 e
1228 4487 1462 4549 duabus,
1490 4502 1592 4540 nec
1615 4487 1849 4555 amplius
1883 4486 2017 4540 duas
2045 4497 2267 4542 naturas

699 4579 912 4634 Domini
957 4580 1131 4636 nostri
1164 4581 1290 4635 Iesu
1327 4580 1530 4634 Christi
1572 4596 1691 4634 esse
1729 4581 1903 4643 aiunt,
1943 4579 2147 4645 dicant,
2180 4580 2264 4634 di-

698 4669 825 4722 vina
844 4670 1168 4723 relationem
1189 4669 1256 4722 de
1276 4669 1554 4722 communi
1572 4678 1627 4722 et
1642 4670 1955 4737 particulari
1973 4679 2266 4738 superante

2369 1956 2464 2022 τῆς
2497 1953 2754 2022 διαφορᾶς
2789 1953 3010 2016 εἴποιεν,
3035 1953 3184 2003 ἔσται
3236 1953 3328 2002 καὶ
3357 1953 3412 2002 ἐν
3440 1957 3548 2013 τοῖς
3573 1953 3750 2019 πάντη
3781 1952 3932 2005 ἀδια-

2369 2048 2555 2114 φόροις
2589 2047 2616 2097 ὁ
2647 2044 2945 2113 διορισμὸς,
2994 2045 3069 2104 ὼς
3113 2042 3392 2111 διωρίσθαι
3426 2043 3517 2095 καὶ
3553 2041 3809 2110 στιγμὴν,
3842 2042 3934 2094 καὶ

2375 2135 2600 2203 μονάδα,
2632 2135 2724 2186 καὶ
2769 2133 2922 2194 νοῦν,
2964 2132 3059 2184 καὶ
3109 2133 3275 2200 αὐτὴν
3318 2133 3417 2201 τὴν
3462 2131 3750 2199 ἀδιάφορον
3783 2131 3934 2183 θείαν

2373 2227 2554 2294 φύσινο
2582 2228 2674 2278 καὶ
2703 2227 2735 2296 ή
2763 2225 2862 2294 μία
2895 2221 2986 2277 οὖν
3017 2226 3200 2286 αὐτοῖς
3233 2224 3411 2291 φύσις,
3450 2224 3571 2276 καθ’
3628 2223 3656 2276 ὃ
3710 2224 3828 2292 μία,
3857 2224 3935 2275 δι-

2373 2317 2624 2388 ώρισται·
2655 2317 2756 2369 καθ
2817 2317 2844 2368 ὃ
2873 2317 2928 2368 δὲ
2957 2315 3260 2384 διώρισται,
3287 2317 3377 2367 καὶ
3398 2314 3613 2384 ἀριθμῷ
3642 2315 3930 2366 ὑπέπεσεν’

2369 2410 2430 2461 οὗ
2467 2410 2626 2477 μόνου
2658 2425 2716 2460 τε
2741 2406 2976 2477 Χριστοῦ
3001 2405 3252 2474 ἀριθμὸν,
3282 2406 3415 2458 ἀλλὰ
3451 2406 3542 2456 καὶ
3578 2403 3672 2456 τοῦ
3708 2407 3764 2457 ἐν
3789 2404 3934 2473 αὑτῷ

2367 2500 2460 2552 νοῦ
2495 2501 2595 2564 ἰδία
2624 2499 2717 2551 καὶ
2746 2499 2842 2566 τῆς
2871 2501 2928 2549 ὲν
2964 2495 3111 2565 αὑτῷ
3136 2495 3386 2564 θεότητος
3417 2495 3648 2548 διδόασιν
3679 2495 3930 2564 ἀριθμόν·

2368 2593 2416 2643 εί
2449 2591 2500 2643 δὲ
2530 2591 2626 2642 σὺν
2656 2592 2720 2658 τῇ
2748 2589 3000 2657 διαφορᾷ,
3033 2587 3064 2654 ἢ
3116 2587 3251 2655 μετὰ
3276 2587 3373 2654 τὴν
3422 2584 3706 2654 διαφορὰν,
3739 2585 3832 2636 τὸν
3855 2585 3905 2636 δι

2367 2680 2594 2750 ορισμὸν
2641 2678 2948 2744 ἀναγκαίως
2993 2676 3161 2745 ὁρῶσι
3209 2675 3315 2725 τῶν
3363 2674 3763 2742 διαφερόντων,
3821 2673 3936 2734 πῶς

2369 2769 2641 2840 διαφορὰν
2672 2770 2926 2835 λέγοντες
2978 2767 3070 2818 τὸν
3097 2765 3237 2818 κατὰ
3265 2765 3354 2816 τὸν
3399 2765 3556 2830 λόγον
3603 2767 3713 2818 τῶν
3749 2767 3938 2831 διαφε-

2373 2866 2577 2931 ρόντων
2635 2857 2911 2930 διορισμὸν
2943 2856 3002 2908 οὗ
3036 2872 3165 2923 φασι
3186 2897 3200 2920 ,
3252 2856 3347 2907 καὶ
3370 2850 3814 2922 ὁμλογοῦμένως
3841 2857 3938 2908 καὶ

2372 2937 2467 3023 τῆς
2496 2953 2616 3006 καθ’
2647 2952 2942 3004 ὑπόστασιν
2976 2947 3154 3001 αὐτῶν
3207 2947 3452 3009 ὲνώσεως
3488 2948 3938 3017 φυλαττομένης,

2372 3046 2440 3096 τὰ
2484 3044 2813 3113 διαφέροντα
2875 3041 3118 3111 τῷλόγῳ
3174 3042 3265 3094 καὶ
3319 3041 3591 3110 διαφόροις,
3643 3041 3940 3111 ὁριπικοῖς

2369 3133 2548 3202 λόγοις
2583 3128 2692 3186 οἷόν
2737 3150 2878 3185 τισιν
2908 3133 3050 3200 ὅροις
3102 3125 3447 3201 διοριζόμενα
3493 3131 3938 3202 ἀπαριθμοῦσινς

2437 3396 2531 3460 νζ’.
2551 3396 2608 3448 '0
2633 3393 2864 3463 ἀριθμὸς
2892 3391 2923 3461 ἢ
2959 3391 3301 3460 ⁸ιτροῦπάρχει
3326 3393 3355 3461 ἦ
3392 3394 3724 3463 συνυπάρχει
3751 3394 3784 3464 ἢ
3813 3396 3944 3464 μεθ-

2375 3489 2612 3557 υπάρχει
2672 3488 2771 3552 τῆς
2817 3483 3079 3550 διαφορᾶς
3117 3483 3326 3544 πάντως
3351 3497 3364 3510 ⁸
3404 3485 3499 3551 τὴν
3541 3478 3632 3534 οὖν
3673 3484 3942 3553 διαφορὰν

2371 3579 2479 3633 τῶν
2503 3577 2793 3648 ήνωμένων
2825 3573 3034 3642 φύσεων
3062 3573 3155 3626 τοῦ
3193 3576 3400 3643 Κυριου
3444 3575 3493 3624 οἱ
3529 3575 3941 3642 ὁμολογοῦντες,

2371 3671 2463 3721 τὸν
2500 3666 2732 3736 ἀριθμὸν
2775 3666 2864 3715 τὸν
2913 3664 3035 3714 κατ’
3069 3663 3271 3730 αὐτὴν,
3301 3663 3470 3730 ἡγουν
3515 3662 3583 3714 τὰ
3615 3663 3942 3734 διαφέροντα

2375 3760 2696 3829 πράγματα,
2726 3757 2772 3808 εἰ
2805 3756 2898 3822 μὲν
2927 3754 3031 3823 πρὸ
3061 3754 3226 3822 αὐτῆς
3256 3755 3425 3814 τσασι,
3461 3753 3796 3819 λεγέτωσαν,
3835 3754 3942 3807 τοῦ

2378 3851 2572 3910 ἰδόντες
2603 3847 2740 3900 αὐτὰ
2770 3847 2802 3916 ἢ
2837 3845 2965 3897 πότε
2993 3845 3222 3912 διάφορα
3259 3843 3592 3912 ἠρίθμησαν,
3625 3843 3711 3895 ἵνα
3759 3846 3821 3896 ἐκ
3846 3845 3944 3898 δύο

2377 3941 2472 4010 μὲν
2498 3940 2768 4009 διαφόρων
2807 3938 2902 4006 μία
2928 3938 2984 3989 δὲ
3011 3937 3170 4004 φύσις
3203 3936 3286 4006 εἴη
3323 3939 3505 3998 αὐτοῖς
3528 3936 3621 3988 νῦν
3651 3938 3682 4005 ἢ
3714 3929 3937 4004 ἀδιάφοο

2375 4046 2487 4099 ρος,
2537 4029 2625 4079 ὅτε
2672 4027 2908 4078 διίστατο
2935 4025 3133 4094 ἔχουσα
3173 4024 3232 4076 τὸ
3261 4025 3463 4093 ὅμοιον,
3503 4027 3591 4076 ὅτε
3636 4025 3693 4077 δὲ
3754 4025 3942 4094 ήνώθη

2371 4120 2496 4172 τάδε
2527 4117 2765 4170 λαϐοῦσα
2795 4117 2856 4168 τὸ
2887 4117 3162 4186 διάφορον*
3209 4117 3256 4167 εἰ
3302 4113 3358 4167 δὲ
3401 4116 3497 4168 σὺν
3529 4119 3593 4185 τῇ
3619 4115 3877 4184 διαφορᾷ,
3911 4117 3943 4184 ἢ

2377 4213 2514 4282 μετὰ
2542 4212 2747 4278 ταύτην
2781 4211 2809 4261 ὁ
2849 4211 3078 4279 ἀριθμός
3117 4212 3283 4267 ἐστιν,
3318 4210 3632 4274 ἀναγκαίως
3675 4210 3946 4278 διαφορὰν

2372 4285 2638 4372 δόντες,τῆ
2682 4305 2777 4354 σὺν
2824 4303 2995 4368 αὐτῇ,
3048 4301 3080 4368 ἦ
3127 4300 3212 4351 ἐπ’
3247 4299 3402 4368 αὐτῇ,
3448 4299 3541 4351 καὶ
3586 4300 3674 4350 τὸν
3708 4301 3944 4368 ἀριθμῆν

2374 4395 2480 4446 τῶν
2511 4393 2877 4462 διαφερόντων
2905 4390 3416 4458 εἰσπραχθήσονται.

2445 4484 2546 4552 νη’.
2577 4485 2638 4536 Ei
2679 4483 2806 4552 μίαν
2837 4485 2899 4533 ὲκ
2945 4482 3059 4542 δύο,
3089 4481 3206 4547 οὐχὶ
3252 4479 3308 4530 δὲ
3355 4481 3448 4530 καὶ
3481 4477 3575 4530 δύο
3607 4480 3796 4546 φύσεις
3841 4480 3938 4531 τοῦ

2374 4576 2580 4644 Κυρίου
2617 4573 2772 4643 ἡμῶν
2821 4571 2995 4640 Ἰησοῦ
3036 4568 3268 4639 Χριστοῦ
3293 4565 3430 4620 εἶναί
3457 4586 3608 4633 φασι,
3631 4569 3947 4634 λεγέτωσαν

2374 4669 2471 4734 τῆς
2503 4667 2650 4727 θείας
2677 4665 2816 4731 ὑπὲρ
2842 4663 2933 4714 τὸν
2956 4660 3047 4713 τοῦ
3077 4659 3253 4712 κοινοῦ
3288 4661 3379 4712 καὶ
3411 4660 3576 4711 ίδικοῦ
3599 4659 3754 4726 λόγον
3776 4659 3950 4728 οὔσης

695 4771 766 4810 ex
811 4758 1054 4810 omnium
1104 4772 1373 4810 consensu
1409 4766 1641 4819 natura,
1691 4757 1917 4810 alteram
1965 4757 2199 4810 duarum
2243 4774 2268 4812 e

2380 4759 2592 4826 φύσεως
2624 4753 3088 4821 ὁμολογουμένως,
3139 4751 3236 4820 τὴν
3278 4749 3467 4818 ἑτέραν
3515 4750 3622 4802 τῶν
3654 4749 3747 4802 δύο
3779 4749 3840 4814 ἐξ
3873 4745 3950 4803 ὧν

694 4848 899 4917 quibus
945 4847 1216 4908 Salvator,
1263 4847 1474 4901 scilicet
1525 4847 1941 4903 huminitatcm,
1979 4862 2268 4914 quamnam

695 4939 929 4992 dicunt?
979 4936 1369 5000 Communem,
1421 4945 1513 4990 aut
1566 4936 1994 5006 particularem?
2040 4935 2094 4991 Si
2142 4952 2273 5007 ergo

697 5027 923 5097 quidem
960 5027 1346 5095 particularem
1376 5027 1664 5095 quamdam
1701 5036 1950 5079 naturam
1981 5027 2278 5095 particula-

703 5119 839 5171 riter
866 5119 1229 5172 exsistentent
1253 5119 1532 5187 etabsque
1562 5119 1743 5172 Verbo
1771 5117 1910 5173 forte
1937 5119 2080 5173 hanc
2111 5133 2280 5173 exco-

703 5210 900 5280 gitant,
931 5211 1280 5279 perspicuum
1313 5220 1397 5264 est
1425 5210 1570 5279 quod
1612 5211 1990 5264 Nestorianam
2023 5211 2272 5280 impieta-

705 5310 814 5354 tem
864 5308 1164 5354 sectantur.
1219 5301 1272 5354 Si
1321 5315 1666 5355 communem
1716 5301 1857 5355 hanc
1904 5301 2128 5364 dicunt,
2179 5309 2272 5353 aut

704 5391 1056 5461 cogitatione,
1108 5401 1202 5444 aut
1250 5407 1327 5454 re,
1378 5393 1545 5444 totius
1578 5408 1706 5444 vero
1746 5393 1932 5445 formae
1975 5393 2270 5445 essentiam

703 5483 894 5544 aiunt;
939 5483 984 5534 si
1034 5497 1165 5551 ergo
1210 5483 1434 5550 quidem
1488 5484 1819 5551 cogitatione
1868 5484 2059 5536 dicunt
2109 5499 2271 5536 unam

705 5587 1045 5626 esseearum
1091 5588 1120 5623 ο
1166 5573 1368 5641 quibus
1400 5573 1647 5627 Salvator
1691 5574 2027 5642 compositus
2057 5583 2141 5627 est
2169 5587 2277 5626 una

707 5671 901 5717 natura
955 5673 1243 5728 constans,
1301 5667 1654 5733 perspicuum
1723 5673 1806 5718 est
1856 5665 2001 5734 quod
2053 5664 2282 5718 rationis

709 5755 976 5808 naturalis
1001 5755 1145 5808 circa
1194 5756 1372 5824 ipsum
1408 5756 1583 5810 media
1633 5770 1775 5824 pars,
1812 5756 2139 5825 cogitatione
2176 5755 2316 5808 erit.

708 5853 764 5900 et
815 5861 923 5899 non
968 5862 1047 5911 re,
1095 5847 1306 5902 scilicet
1353 5847 1651 5902 humanum
1700 5862 1824 5914 pars
1870 5845 2283 5915 compositionis

2374 4851 2403 4900 ὁ
2433 4849 2643 4916 Σωτὴρ,
2683 4847 2850 4915 ἧγουν
2884 4845 2978 4913 τὴν
3011 4843 3376 4910 ἀνθρωπείαν,
3408 4841 3598 4893 ὁποίαν
3633 4841 3763 4906 φασί
3790 4859 3803 4905 ;
3837 4860 3949 4894 κοι-

2377 4941 2493 5008 νὴν,
2523 4940 2556 5005 ἦ
2590 4937 2766 5004 ἰδικήν
2790 4953 2803 4996 ;
2830 4936 2891 4987 Ei
2929 4935 3025 5002 μὲν
3054 4929 3146 4986 οὖν
3196 4933 3366 5000 ίδικην
3392 4948 3511 4982 τινα
3549 4930 3857 4993 ἰδιάζουσαν
3889 4948 3952 4980 τε

2377 5033 2547 5100 χωρὶς
2577 5029 2670 5080 τοῦ
2691 5027 2861 5094 Λόγου
2899 5024 3028 5076 ποτὲ
3060 5023 3259 5092 ταύτην
3291 5023 3513 5083 οἴονται,
3550 5021 3706 5090 δῆλον
3732 5021 3809 5082 ὡς
3839 5021 3919 5074 Νε
3940 5052 3953 5060 -

2381 5120 2673 5191 στοριανῶς
2703 5118 3024 5172 ἀσεϐοῦσιν·
3061 5117 3109 5168 ei
3153 5116 3208 5168 δὲ
3259 5113 3442 5181 κοινὴν
3485 5111 3640 5182 τήνδε
3674 5113 3952 5178 λέγουσιν,

2379 5214 2412 5284 ἢ
2459 5214 2557 5280 τὴν
2603 5211 2832 5280 ἐπινοίᾳ,
2866 5208 2897 5276 ἢ
2929 5207 3025 5275 τὴν
3071 5207 3375 5274 πράγματι,
3413 5203 3535 5256 ὅλου
3559 5202 3617 5254 δὲ
3651 5202 3741 5253 τοῦ
3774 5202 3956 5262 εἴδους

2379 5302 2565 5354 οὐσίαν
2595 5299 2781 5362 φασίν.
2830 5298 2888 5349 Ei
2926 5297 3022 5366 μὲν
3067 5291 3156 5346 οὖν
3189 5294 3284 5363 τὴν
3325 5294 3539 5361 ἐπινοίᾳ
3565 5291 3784 5356 λέγουσι
3821 5291 3958 5361 μίαν

2381 5382 2654 5438 εἶναιτῶν
2684 5384 2744 5447 ἐξ
2787 5377 2862 5436 ὧν
2909 5384 2936 5430 ὁ
2978 5382 3166 5450 Σωτὴρ
3197 5379 3448 5441 σύνθετός
3485 5381 3599 5430 ἐστι
3643 5380 3787 5430 κατὰ
3825 5380 3961 5448 μίαν

2382 5477 2540 5543 φύσιν
2570 5477 2838 5544 ὑφεστὼς,
2883 5473 3049 5541 σαφὲς
3083 5471 3157 5534 ὡς
3207 5470 3266 5522 τὸ
3304 5471 3474 5539 ἥμισυ
3500 5469 3592 5521 τοῦ
3637 5468 3756 5521 κατ’
3789 5470 3962 5522 αὑτὸν

2383 5565 2615 5635 φυσικοῦ
2642 5566 2824 5631 λόγου,
2855 5561 3066 5632 ἐπινοίᾳ
3089 5562 3236 5614 ἔσται
3267 5561 3404 5628 ἔχων
3426 5563 3520 5612 καὶ
3549 5560 3612 5611 οὑ
3641 5559 3959 5630 πράγματι.

2384 5661 2550 5727 ἤγουν
2575 5658 2645 5709 τοι
2661 5654 3004 5723 ἀνθρώπινον
3044 5655 3202 5720 μέρος
3232 5652 3329 5719 τῆς
3359 5651 3659 5711 συνθέσεως
3690 5649 3882 5700 αὐτοῦ’
3911 5652 3961 5701 εί

2385 5752 2440 5803 δὲ
2472 5749 2614 5802 κατὰ
2643 5748 2802 5801 τοῦτο
2832 5747 2925 5798 καὶ
2970 5747 3034 5797 ἐκ
3065 5746 3161 5812 τῆς
3193 5743 3468 5810 Παρθένου
3498 5741 3820 5810 σαρκοῦται,
3860 5743 3961 5793 καὶ

2386 5841 2689 5911 ἀνθρώποις
2738 5837 2948 5908 ὼρὰθη.
2989 5835 3082 5890 καὶ
3137 5833 3478 5902 ἐσταυρώθη,
3527 5833 3623 5886 καὶ
3657 5832 3726 5884 τὰ
3763 5830 3960 5899 λοιπὰ,
