  <div class='ocr_page' id='page_1' title='image "/cluster/home/n/w/nwhite01/storage/ocr_20150623/88 pt.2/uva.x004575615/040.png"; bbox 0 0 4102 6498; ppageno 0'>
   <div class='ocr_carea' id='block_1_1' title="bbox 220 426 3420 514">
    <p class='ocr_par' dir='ltr' id='par_1_1' title="bbox 220 426 3420 514">
     <span class='ocr_line' id='line_1_1' title="bbox 220 426 3420 514; baseline -0.008 -2"><span class='ocrx_word' id='word_1_1' title='bbox 220 448 335 514; x_wconf 57' lang='grc' dir='ltr'><strong>Ῑὸυί⁴</strong></span> <span class='ocrx_word' id='word_1_2' title='bbox 1290 438 1589 498; x_wconf 74' lang='lat' dir='ltr'><strong>CONTRA</strong></span> <span class='ocrx_word' id='word_1_3' title='bbox 1626 435 2224 495; x_wconf 73' lang='lat' dir='ltr'><strong>MONUPHYSITAS.</strong></span> <span class='ocrx_word' id='word_1_4' title='bbox 3286 426 3420 489; x_wconf 67' lang='lat'><strong>1802</strong></span> 
     </span>
    </p>
   </div>
   <div class='ocr_carea' id='block_1_2' title="bbox 214 540 1834 623">
    <p class='ocr_par' dir='ltr' id='par_1_2' title="bbox 214 548 1811 623">
     <span class='ocr_line' id='line_1_2' title="bbox 214 548 1811 623; baseline -0.01 -9"><span class='ocrx_word' id='word_1_5' title='bbox 214 563 380 622; x_wconf 71' lang='grc' dir='ltr'>πάντως</span> <span class='ocrx_word' id='word_1_6' title='bbox 406 560 487 612; x_wconf 76' lang='grc' dir='ltr'><strong>καὶ</strong></span> <span class='ocrx_word' id='word_1_7' title='bbox 516 558 694 611; x_wconf 66' lang='grc' dir='ltr'>ταῦτα</span> <span class='ocrx_word' id='word_1_8' title='bbox 728 554 937 623; x_wconf 61' lang='grc' dir='ltr'>ἐπινοίᾳ</span> <span class='ocrx_word' id='word_1_9' title='bbox 976 553 1069 603; x_wconf 56' lang='grc' dir='ltr'><strong>καὶ</strong></span> <span class='ocrx_word' id='word_1_10' title='bbox 1109 553 1166 603; x_wconf 66' lang='grc' dir='ltr'><strong>οὐ</strong></span> <span class='ocrx_word' id='word_1_11' title='bbox 1204 551 1491 621; x_wconf 76' lang='grc' dir='ltr'><strong>πράγματι</strong></span> <span class='ocrx_word' id='word_1_12' title='bbox 1520 548 1732 618; x_wconf 76' lang='grc' dir='ltr'>ἀληθῶς</span> <span class='ocrx_word' id='word_1_13' title='bbox 1762 554 1811 609; x_wconf 79' lang='grc' dir='ltr'>Α</span> 
     </span>
    </p>
   </div>
   <div class='ocr_carea' id='block_1_3' title="bbox 1801 540 3421 623">
    <p class='ocr_par' dir='ltr' id='par_1_3' title="bbox 1801 540 3421 616">
     <span class='ocr_line' id='line_1_3' title="bbox 1801 540 3421 616; baseline -0.004 -16"><span class='ocrx_word' id='word_1_14' title='bbox 1801 548 1977 616; x_wconf 61' lang='lat' dir='ltr'><strong>,ejns.</strong></span> <span class='ocrx_word' id='word_1_15' title='bbox 2012 545 2067 599; x_wconf 84' lang='lat' dir='ltr'><strong>Si</strong></span> <span class='ocrx_word' id='word_1_16' title='bbox 2104 561 2228 599; x_wconf 71' lang='lat' dir='ltr'><strong>vere</strong></span> <span class='ocrx_word' id='word_1_17' title='bbox 2260 544 2403 597; x_wconf 58' lang='lat' dir='ltr'><strong>circa</strong></span> <span class='ocrx_word' id='word_1_18' title='bbox 2452 542 2585 595; x_wconf 87' lang='lat' dir='ltr'><strong>iilud</strong></span> <span class='ocrx_word' id='word_1_19' title='bbox 2619 551 2671 595; x_wconf 83' lang='lat' dir='ltr'><strong>et</strong></span> <span class='ocrx_word' id='word_1_20' title='bbox 2703 560 2730 594; x_wconf 85' lang='lat' dir='ltr'><strong>e</strong></span> <span class='ocrx_word' id='word_1_21' title='bbox 2764 540 2983 610; x_wconf 68' lang='lat' dir='ltr'><strong>Virgine</strong></span> <span class='ocrx_word' id='word_1_22' title='bbox 3016 540 3338 595; x_wconf 78' lang='lat' dir='ltr'><strong>inearnatur</strong></span> <span class='ocrx_word' id='word_1_23' title='bbox 3366 552 3421 595; x_wconf 84' lang='lat' dir='ltr'><strong>et</strong></span> 
     </span>
    </p>
   </div>
   <div class='ocr_carea' id='block_1_4' title="bbox 213 632 1833 719">
    <p class='ocr_par' dir='ltr' id='par_1_4' title="bbox 213 637 1736 719">
     <span class='ocr_line' id='line_1_4' title="bbox 213 637 1736 719; baseline -0.01 -16"><span class='ocrx_word' id='word_1_24' title='bbox 213 651 458 719; x_wconf 77' lang='grc' dir='ltr'>γεγένηται·</span> <span class='ocrx_word' id='word_1_25' title='bbox 500 648 641 700; x_wconf 77' lang='grc' dir='ltr'>εἰδὲ</span> <span class='ocrx_word' id='word_1_26' title='bbox 694 645 977 715; x_wconf 58' lang='grc' dir='ltr'>πράγματι</span> <span class='ocrx_word' id='word_1_27' title='bbox 1018 642 1134 711; x_wconf 70' lang='grc' dir='ltr'>μὲν,</span> <span class='ocrx_word' id='word_1_28' title='bbox 1184 641 1368 710; x_wconf 80' lang='grc' dir='ltr'>κοινὴν</span> <span class='ocrx_word' id='word_1_29' title='bbox 1390 640 1445 692; x_wconf 72' lang='grc' dir='ltr'><strong>δὲ</strong></span> <span class='ocrx_word' id='word_1_30' title='bbox 1484 638 1581 709; x_wconf 80' lang='grc' dir='ltr'><strong>τὴν</strong></span> <span class='ocrx_word' id='word_1_31' title='bbox 1614 637 1736 690; x_wconf 81' lang='grc' dir='ltr'>κατ’</span> 
     </span>
    </p>
   </div>
   <div class='ocr_carea' id='block_1_5' title="bbox 1798 632 3418 719">
    <p class='ocr_par' dir='ltr' id='par_1_5' title="bbox 1838 632 3418 703">
     <span class='ocr_line' id='line_1_5' title="bbox 1838 632 3418 703; baseline -0.003 -12"><span class='ocrx_word' id='word_1_32' title='bbox 1838 639 1907 691; x_wconf 89' lang='lat' dir='ltr'><strong>ab</strong></span> <span class='ocrx_word' id='word_1_33' title='bbox 1927 637 2249 691; x_wconf 87' lang='lat' dir='ltr'><strong>hominibus</strong></span> <span class='ocrx_word' id='word_1_34' title='bbox 2266 636 2415 689; x_wconf 83' lang='lat' dir='ltr'><strong>visus</strong></span> <span class='ocrx_word' id='word_1_35' title='bbox 2440 644 2542 697; x_wconf 80' lang='lat' dir='ltr'><strong>est,</strong></span> <span class='ocrx_word' id='word_1_36' title='bbox 2566 643 2622 687; x_wconf 88' lang='lat' dir='ltr'><strong>et</strong></span> <span class='ocrx_word' id='word_1_37' title='bbox 2640 632 2939 688; x_wconf 78' lang='lat' dir='ltr'><strong>cruciﬁxus</strong></span> <span class='ocrx_word' id='word_1_38' title='bbox 2962 642 3066 697; x_wconf 89' lang='lat' dir='ltr'><strong>est,</strong></span> <span class='ocrx_word' id='word_1_39' title='bbox 3102 640 3158 687; x_wconf 84' lang='lat' dir='ltr'><strong>et</strong></span> <span class='ocrx_word' id='word_1_40' title='bbox 3183 634 3418 703; x_wconf 79' lang='lat' dir='ltr'><strong>reliqua.</strong></span> 
     </span>
    </p>
   </div>
   <div class='ocr_carea' id='block_1_6' title="bbox 211 720 1831 807">
    <p class='ocr_par' dir='ltr' id='par_1_6' title="bbox 211 731 1733 807">
     <span class='ocr_line' id='line_1_6' title="bbox 211 731 1733 807; baseline -0.009 -14"><span class='ocrx_word' id='word_1_41' title='bbox 211 742 335 794; x_wconf 80' lang='grc' dir='ltr'>αὑτὸν</span> <span class='ocrx_word' id='word_1_42' title='bbox 360 739 503 807; x_wconf 66' lang='grc' dir='ltr'>φύσιν</span> <span class='ocrx_word' id='word_1_43' title='bbox 546 738 653 807; x_wconf 77' lang='grc' dir='ltr'>τῆς</span> <span class='ocrx_word' id='word_1_44' title='bbox 700 733 1115 804; x_wconf 79' lang='grc' dir='ltr'>ἀνθρωπότητός</span> <span class='ocrx_word' id='word_1_45' title='bbox 1164 747 1349 800; x_wconf 78' lang='grc' dir='ltr'>φασιν,</span> <span class='ocrx_word' id='word_1_46' title='bbox 1411 732 1531 782; x_wconf 77' lang='grc' dir='ltr'>ἐπεὶ</span> <span class='ocrx_word' id='word_1_47' title='bbox 1564 731 1621 783; x_wconf 78' lang='grc' dir='ltr'><strong>ἐν</strong></span> <span class='ocrx_word' id='word_1_48' title='bbox 1670 731 1733 797; x_wconf 84' lang='grc' dir='ltr'>τῇ</span> 
     </span>
    </p>
   </div>
   <div class='ocr_carea' id='block_1_7' title="bbox 1799 720 3419 807">
    <p class='ocr_par' dir='ltr' id='par_1_7' title="bbox 1839 720 3419 800">
     <span class='ocr_line' id='line_1_7' title="bbox 1839 720 3419 800; baseline -0.004 -17"><span class='ocrx_word' id='word_1_49' title='bbox 1839 745 2067 800; x_wconf 82' lang='lat' dir='ltr'><strong>prorsus</strong></span> <span class='ocrx_word' id='word_1_50' title='bbox 2092 738 2148 782; x_wconf 89' lang='lat' dir='ltr'><strong>et</strong></span> <span class='ocrx_word' id='word_1_51' title='bbox 2190 728 2277 781; x_wconf 84' lang='lat' dir='ltr'><strong>illa</strong></span> <span class='ocrx_word' id='word_1_52' title='bbox 2302 720 2657 797; x_wconf 80' lang='lat' dir='ltr'><strong>cogitatione,</strong></span> <span class='ocrx_word' id='word_1_53' title='bbox 2696 739 2797 780; x_wconf 90' lang='lat' dir='ltr'><strong>nec</strong></span> <span class='ocrx_word' id='word_1_54' title='bbox 2832 740 2890 778; x_wconf 85' lang='lat' dir='ltr'><strong>re</strong></span> <span class='ocrx_word' id='word_1_55' title='bbox 2924 740 3053 780; x_wconf 85' lang='lat' dir='ltr'><strong>vere</strong></span> <span class='ocrx_word' id='word_1_56' title='bbox 3095 724 3236 780; x_wconf 83' lang='lat' dir='ltr'><strong>facta</strong></span> <span class='ocrx_word' id='word_1_57' title='bbox 3268 738 3419 780; x_wconf 81' lang='lat' dir='ltr'><strong>sunt.</strong></span> 
     </span>
    </p>
   </div>
   <div class='ocr_carea' id='block_1_8' title="bbox 210 818 1830 902">
    <p class='ocr_par' dir='ltr' id='par_1_8' title="bbox 210 821 1737 902">
     <span class='ocr_line' id='line_1_8' title="bbox 210 821 1737 902; baseline -0.008 -18"><span class='ocrx_word' id='word_1_58' title='bbox 210 834 328 902; x_wconf 74' lang='grc' dir='ltr'>κοινῇ</span> <span class='ocrx_word' id='word_1_59' title='bbox 370 832 425 900; x_wconf 82' lang='grc' dir='ltr'>τῇ</span> <span class='ocrx_word' id='word_1_60' title='bbox 468 828 766 899; x_wconf 75' lang='grc' dir='ltr'><strong>πράγματι</strong></span> <span class='ocrx_word' id='word_1_61' title='bbox 809 821 948 879; x_wconf 77' lang='grc' dir='ltr'>εἶναι</span> <span class='ocrx_word' id='word_1_62' title='bbox 988 822 1278 893; x_wconf 81' lang='grc' dir='ltr'>λεγομένῃ,</span> <span class='ocrx_word' id='word_1_63' title='bbox 1324 821 1525 885; x_wconf 79' lang='grc' dir='ltr'><strong>Ἰούδας</strong></span> <span class='ocrx_word' id='word_1_64' title='bbox 1551 839 1609 874; x_wconf 88' lang='grc' dir='ltr'><strong>τε</strong></span> <span class='ocrx_word' id='word_1_65' title='bbox 1645 822 1737 873; x_wconf 64' lang='grc' dir='ltr'><strong>καὶ</strong></span> 
     </span>
    </p>
   </div>
   <div class='ocr_carea' id='block_1_9' title="bbox 1802 818 3422 902">
    <p class='ocr_par' dir='ltr' id='par_1_9' title="bbox 1840 818 3422 889">
     <span class='ocr_line' id='line_1_9' title="bbox 1840 818 3422 889; baseline -0.004 -12"><span class='ocrx_word' id='word_1_66' title='bbox 1840 821 1896 878; x_wconf 85' lang='lat' dir='ltr'><strong>Si</strong></span> <span class='ocrx_word' id='word_1_67' title='bbox 1930 836 2061 876; x_wconf 89' lang='lat' dir='ltr'><strong>vero</strong></span> <span class='ocrx_word' id='word_1_68' title='bbox 2093 836 2149 876; x_wconf 87' lang='lat' dir='ltr'><strong>re</strong></span> <span class='ocrx_word' id='word_1_69' title='bbox 2179 820 2424 889; x_wconf 86' lang='lat' dir='ltr'><strong>quidem,</strong></span> <span class='ocrx_word' id='word_1_70' title='bbox 2452 833 2801 873; x_wconf 89' lang='lat' dir='ltr'><strong>communem</strong></span> <span class='ocrx_word' id='word_1_71' title='bbox 2833 832 2967 872; x_wconf 84' lang='lat' dir='ltr'><strong>vero</strong></span> <span class='ocrx_word' id='word_1_72' title='bbox 2997 818 3064 873; x_wconf 89' lang='lat' dir='ltr'><strong>de</strong></span> <span class='ocrx_word' id='word_1_73' title='bbox 3105 818 3225 888; x_wconf 84' lang='lat' dir='ltr'><strong>ipso</strong></span> <span class='ocrx_word' id='word_1_74' title='bbox 3260 829 3422 873; x_wconf 86' lang='lat' dir='ltr'><strong>natu-</strong></span> 
     </span>
    </p>
   </div>
   <div class='ocr_carea' id='block_1_10' title="bbox 210 910 1830 990">
    <p class='ocr_par' dir='ltr' id='par_1_10' title="bbox 210 910 1737 990">
     <span class='ocr_line' id='line_1_10' title="bbox 210 910 1737 990; baseline -0.008 -14"><span class='ocrx_word' id='word_1_75' title='bbox 210 924 389 985; x_wconf 75' lang='grc' dir='ltr'>Πιλάτος</span> <span class='ocrx_word' id='word_1_76' title='bbox 420 921 586 985; x_wconf 67' lang='grc' dir='ltr'>ἐστὶν,</span> <span class='ocrx_word' id='word_1_77' title='bbox 616 920 729 990; x_wconf 77' lang='grc' dir='ltr'>ἄρα</span> <span class='ocrx_word' id='word_1_78' title='bbox 761 921 854 971; x_wconf 70' lang='grc' dir='ltr'><strong>καὶ</strong></span> <span class='ocrx_word' id='word_1_79' title='bbox 885 913 1029 971; x_wconf 72' lang='grc' dir='ltr'>οὗτοι</span> <span class='ocrx_word' id='word_1_80' title='bbox 1057 916 1209 969; x_wconf 78' lang='grc' dir='ltr'>οὐδὲν</span> <span class='ocrx_word' id='word_1_81' title='bbox 1231 910 1392 986; x_wconf 77' lang='grc' dir='ltr'>ἧττον</span> <span class='ocrx_word' id='word_1_82' title='bbox 1409 913 1501 967; x_wconf 82' lang='grc' dir='ltr'><strong>τοῦ</strong></span> <span class='ocrx_word' id='word_1_83' title='bbox 1536 913 1737 965; x_wconf 71' lang='grc' dir='ltr'>Δεσπό·</span> 
     </span>
    </p>
   </div>
   <div class='ocr_carea' id='block_1_11' title="bbox 1806 910 3426 990">
    <p class='ocr_par' dir='ltr' id='par_1_11' title="bbox 1842 910 3425 979">
     <span class='ocr_line' id='line_1_11' title="bbox 1842 910 3425 979; baseline -0.003 -10"><span class='ocrx_word' id='word_1_84' title='bbox 1842 928 1959 969; x_wconf 88' lang='lat' dir='ltr'><strong>ram</strong></span> <span class='ocrx_word' id='word_1_85' title='bbox 1993 911 2355 966; x_wconf 79' lang='lat' dir='ltr'><strong>humanitatis</strong></span> <span class='ocrx_word' id='word_1_86' title='bbox 2390 917 2677 975; x_wconf 81' lang='lat' dir='ltr'><strong>asserunt,</strong></span> <span class='ocrx_word' id='word_1_87' title='bbox 2723 910 3171 979; x_wconf 77' lang='lat' dir='ltr'><strong>quandoquidem</strong></span> <span class='ocrx_word' id='word_1_88' title='bbox 3220 911 3272 965; x_wconf 91' lang='lat' dir='ltr'><strong>in</strong></span> <span class='ocrx_word' id='word_1_89' title='bbox 3325 911 3425 965; x_wconf 84' lang='lat' dir='ltr'><strong>hac</strong></span> 
     </span>
    </p>
   </div>
   <div class='ocr_carea' id='block_1_12' title="bbox 209 997 1829 1079">
    <p class='ocr_par' dir='ltr' id='par_1_12' title="bbox 209 1001 1737 1079">
     <span class='ocr_line' id='line_1_12' title="bbox 209 1001 1737 1079; baseline -0.007 -16"><span class='ocrx_word' id='word_1_90' title='bbox 209 1029 277 1063; x_wconf 80' lang='grc' dir='ltr'><strong>τον</strong></span> <span class='ocrx_word' id='word_1_91' title='bbox 311 1008 738 1079; x_wconf 78' lang='grc' dir='ltr'>ὲσταυριὶιθησαν,</span> <span class='ocrx_word' id='word_1_92' title='bbox 765 1008 858 1060; x_wconf 74' lang='grc' dir='ltr'><strong>καὶ</strong></span> <span class='ocrx_word' id='word_1_93' title='bbox 884 1009 948 1059; x_wconf 73' lang='grc' dir='ltr'>ὲκ</span> <span class='ocrx_word' id='word_1_94' title='bbox 978 1004 1187 1075; x_wconf 76' lang='grc' dir='ltr'>νεκρῶν</span> <span class='ocrx_word' id='word_1_95' title='bbox 1218 1003 1543 1071; x_wconf 81' lang='grc' dir='ltr'>ἀνέστησαν·</span> <span class='ocrx_word' id='word_1_96' title='bbox 1577 1001 1737 1062; x_wconf 76' lang='grc' dir='ltr'>αὑτός</span> 
     </span>
    </p>
   </div>
   <div class='ocr_carea' id='block_1_13' title="bbox 1806 997 3426 1079">
    <p class='ocr_par' dir='ltr' id='par_1_13' title="bbox 1842 997 3426 1071">
     <span class='ocr_line' id='line_1_13' title="bbox 1842 997 3426 1071; baseline -0.001 -13"><span class='ocrx_word' id='word_1_97' title='bbox 1842 1002 2122 1059; x_wconf 90' lang='lat' dir='ltr'><strong>communi</strong></span> <span class='ocrx_word' id='word_1_98' title='bbox 2155 1002 2299 1057; x_wconf 85' lang='lat' dir='ltr'><strong>dicta</strong></span> <span class='ocrx_word' id='word_1_99' title='bbox 2328 1018 2449 1071; x_wconf 74' lang='lat' dir='ltr'><strong>qua:</strong></span> <span class='ocrx_word' id='word_1_100' title='bbox 2480 1001 2536 1055; x_wconf 88' lang='lat' dir='ltr'><strong>in</strong></span> <span class='ocrx_word' id='word_1_101' title='bbox 2580 1018 2639 1057; x_wconf 90' lang='lat' dir='ltr'><strong>re</strong></span> <span class='ocrx_word' id='word_1_102' title='bbox 2667 1001 2881 1056; x_wconf 71' lang='lat' dir='ltr'><strong>exsisut</strong></span> <span class='ocrx_word' id='word_1_103' title='bbox 2920 997 3091 1056; x_wconf 45' lang='lat' dir='ltr'><strong>Juda’s</strong></span> <span class='ocrx_word' id='word_1_104' title='bbox 3134 1012 3192 1057; x_wconf 85' lang='lat' dir='ltr'><strong>et</strong></span> <span class='ocrx_word' id='word_1_105' title='bbox 3222 1003 3426 1057; x_wconf 82' lang='lat' dir='ltr'><strong>Pilatus</strong></span> 
     </span>
    </p>
   </div>
   <div class='ocr_carea' id='block_1_14' title="bbox 209 1092 1829 1171">
    <p class='ocr_par' dir='ltr' id='par_1_14' title="bbox 209 1092 1740 1171">
     <span class='ocr_line' id='line_1_14' title="bbox 209 1092 1740 1171; baseline -0.008 -16"><span class='ocrx_word' id='word_1_106' title='bbox 209 1120 252 1155; x_wconf 79' lang='grc' dir='ltr'>τε</span> <span class='ocrx_word' id='word_1_107' title='bbox 273 1102 395 1154; x_wconf 71' lang='grc' dir='ltr'>οὐδὲν</span> <span class='ocrx_word' id='word_1_108' title='bbox 424 1097 587 1171; x_wconf 75' lang='grc' dir='ltr'>ἦττον</span> <span class='ocrx_word' id='word_1_109' title='bbox 621 1098 903 1168; x_wconf 80' lang='grc' dir='ltr'>προέδωκέ</span> <span class='ocrx_word' id='word_1_110' title='bbox 936 1114 995 1150; x_wconf 87' lang='grc' dir='ltr'><strong>τε</strong></span> <span class='ocrx_word' id='word_1_111' title='bbox 1032 1096 1127 1150; x_wconf 76' lang='grc' dir='ltr'>καὶ</span> <span class='ocrx_word' id='word_1_112' title='bbox 1168 1094 1516 1165; x_wconf 77' lang='grc' dir='ltr'><strong>ἐσταύρωσεν</strong></span> <span class='ocrx_word' id='word_1_113' title='bbox 1543 1092 1740 1155; x_wconf 70' lang='grc' dir='ltr'>αὐτούς</span> 
     </span>
    </p>
   </div>
   <div class='ocr_carea' id='block_1_15' title="bbox 1808 1092 3428 1171">
    <p class='ocr_par' dir='ltr' id='par_1_15' title="bbox 1842 1092 3428 1166">
     <span class='ocr_line' id='line_1_15' title="bbox 1842 1092 3428 1166; baseline -0.003 -15"><span class='ocrx_word' id='word_1_114' title='bbox 1842 1103 1992 1161; x_wconf 87' lang='lat' dir='ltr'><strong>sunt,</strong></span> <span class='ocrx_word' id='word_1_115' title='bbox 2021 1110 2152 1166; x_wconf 76' lang='lat' dir='ltr'><strong>ergo</strong></span> <span class='ocrx_word' id='word_1_116' title='bbox 2178 1103 2235 1150; x_wconf 89' lang='lat' dir='ltr'><strong>et</strong></span> <span class='ocrx_word' id='word_1_117' title='bbox 2275 1093 2366 1148; x_wconf 88' lang='lat' dir='ltr'><strong>isti</strong></span> <span class='ocrx_word' id='word_1_118' title='bbox 2410 1106 2522 1147; x_wconf 83' lang='lat' dir='ltr'><strong>non</strong></span> <span class='ocrx_word' id='word_1_119' title='bbox 2548 1093 2732 1148; x_wconf 90' lang='lat' dir='ltr'><strong>minus</strong></span> <span class='ocrx_word' id='word_1_120' title='bbox 2760 1108 2922 1163; x_wconf 85' lang='lat' dir='ltr'><strong>quam</strong></span> <span class='ocrx_word' id='word_1_121' title='bbox 2948 1092 3213 1147; x_wconf 81' lang='lat' dir='ltr'><strong>Dominus</strong></span> <span class='ocrx_word' id='word_1_122' title='bbox 3242 1095 3428 1149; x_wconf 80' lang='lat' dir='ltr'><strong>cruci-</strong></span> 
     </span>
    </p>
   </div>
   <div class='ocr_carea' id='block_1_16' title="bbox 209 1183 1829 1257">
    <p class='ocr_par' dir='ltr' id='par_1_16' title="bbox 209 1183 1738 1256">
     <span class='ocr_line' id='line_1_16' title="bbox 209 1183 1738 1256; baseline -0.005 -13"><span class='ocrx_word' id='word_1_123' title='bbox 209 1210 251 1245; x_wconf 81' lang='grc' dir='ltr'>τε</span> <span class='ocrx_word' id='word_1_124' title='bbox 276 1192 351 1244; x_wconf 67' lang='grc' dir='ltr'>καὶ</span> <span class='ocrx_word' id='word_1_125' title='bbox 385 1192 589 1244; x_wconf 75' lang='grc' dir='ltr'>ἑαυτόν.</span> <span class='ocrx_word' id='word_1_126' title='bbox 610 1188 770 1243; x_wconf 73' lang='grc' dir='ltr'>Οὕτω</span> <span class='ocrx_word' id='word_1_127' title='bbox 796 1190 851 1242; x_wconf 73' lang='grc' dir='ltr'><strong>δὲ</strong></span> <span class='ocrx_word' id='word_1_128' title='bbox 875 1188 969 1241; x_wconf 76' lang='grc' dir='ltr'>καὶ</span> <span class='ocrx_word' id='word_1_129' title='bbox 1002 1184 1400 1256; x_wconf 80' lang='grc' dir='ltr'>συγγενηθῆναι</span> <span class='ocrx_word' id='word_1_130' title='bbox 1436 1183 1583 1254; x_wconf 77' lang='grc' dir='ltr'>αὐτῷ</span> <span class='ocrx_word' id='word_1_131' title='bbox 1611 1185 1738 1236; x_wconf 76' lang='lat' dir='ltr'><strong>&quot;Av-</strong></span> 
     </span>
    </p>
   </div>
   <div class='ocr_carea' id='block_1_17' title="bbox 1806 1183 3426 1257">
    <p class='ocr_par' dir='ltr' id='par_1_17' title="bbox 1845 1188 3426 1257">
     <span class='ocr_line' id='line_1_17' title="bbox 1845 1188 3426 1257; baseline -0.002 -13"><span class='ocrx_word' id='word_1_132' title='bbox 1845 1190 1937 1245; x_wconf 80' lang='lat' dir='ltr'><strong>ﬁxi</strong></span> <span class='ocrx_word' id='word_1_133' title='bbox 1969 1197 2098 1245; x_wconf 90' lang='lat' dir='ltr'><strong>sunt</strong></span> <span class='ocrx_word' id='word_1_134' title='bbox 2129 1199 2185 1245; x_wconf 87' lang='lat' dir='ltr'><strong>et</strong></span> <span class='ocrx_word' id='word_1_135' title='bbox 2210 1205 2240 1243; x_wconf 89' lang='lat' dir='ltr'><strong>a</strong></span> <span class='ocrx_word' id='word_1_136' title='bbox 2264 1188 2501 1244; x_wconf 81' lang='lat' dir='ltr'><strong>mortuis</strong></span> <span class='ocrx_word' id='word_1_137' title='bbox 2532 1196 2989 1254; x_wconf 82' lang='lat' dir='ltr'><strong>resurrexerunt;</strong></span> <span class='ocrx_word' id='word_1_138' title='bbox 3038 1188 3269 1257; x_wconf 75' lang='lat' dir='ltr'><strong>ipseque</strong></span> <span class='ocrx_word' id='word_1_139' title='bbox 3316 1203 3426 1242; x_wconf 81' lang='lat' dir='ltr'><strong>non</strong></span> 
     </span>
    </p>
   </div>
   <div class='ocr_carea' id='block_1_18' title="bbox 209 1275 1829 1351">
    <p class='ocr_par' dir='ltr' id='par_1_18' title="bbox 209 1275 1742 1347">
     <span class='ocr_line' id='line_1_18' title="bbox 209 1275 1742 1347; baseline -0.005 -13"><span class='ocrx_word' id='word_1_140' title='bbox 209 1300 281 1344; x_wconf 77' lang='grc' dir='ltr'><strong>νας</strong></span> <span class='ocrx_word' id='word_1_141' title='bbox 308 1297 356 1333; x_wconf 82' lang='grc' dir='ltr'><strong>τε</strong></span> <span class='ocrx_word' id='word_1_142' title='bbox 384 1282 475 1333; x_wconf 68' lang='grc' dir='ltr'><strong>καὶ</strong></span> <span class='ocrx_word' id='word_1_143' title='bbox 521 1281 779 1347; x_wconf 77' lang='grc' dir='ltr'>Καϊάφας</span> <span class='ocrx_word' id='word_1_144' title='bbox 816 1280 880 1331; x_wconf 83' lang='grc' dir='ltr'>ὲκ</span> <span class='ocrx_word' id='word_1_145' title='bbox 915 1279 1012 1347; x_wconf 82' lang='grc' dir='ltr'>τῆς</span> <span class='ocrx_word' id='word_1_146' title='bbox 1060 1276 1222 1344; x_wconf 81' lang='grc' dir='ltr'>ἁγίας</span> <span class='ocrx_word' id='word_1_147' title='bbox 1259 1275 1538 1346; x_wconf 76' lang='grc' dir='ltr'><strong>Παρθένου</strong></span> <span class='ocrx_word' id='word_1_148' title='bbox 1570 1276 1742 1327; x_wconf 81' lang='grc' dir='ltr'>νοοῖτο</span> 
     </span>
    </p>
   </div>
   <div class='ocr_carea' id='block_1_19' title="bbox 1806 1275 3426 1351">
    <p class='ocr_par' dir='ltr' id='par_1_19' title="bbox 1844 1280 3426 1351">
     <span class='ocr_line' id='line_1_19' title="bbox 1844 1280 3426 1351; baseline -0.002 -14"><span class='ocrx_word' id='word_1_149' title='bbox 1844 1284 2028 1337; x_wconf 83' lang='lat' dir='ltr'><strong>minus</strong></span> <span class='ocrx_word' id='word_1_150' title='bbox 2058 1291 2114 1337; x_wconf 88' lang='lat' dir='ltr'><strong>et</strong></span> <span class='ocrx_word' id='word_1_151' title='bbox 2151 1281 2299 1351; x_wconf 88' lang='lat' dir='ltr'><strong>ipsos</strong></span> <span class='ocrx_word' id='word_1_152' title='bbox 2327 1290 2385 1337; x_wconf 89' lang='lat' dir='ltr'><strong>et</strong></span> <span class='ocrx_word' id='word_1_153' title='bbox 2417 1295 2474 1337; x_wconf 88' lang='lat' dir='ltr'><strong>se</strong></span> <span class='ocrx_word' id='word_1_154' title='bbox 2503 1280 2681 1351; x_wconf 90' lang='lat' dir='ltr'><strong>ipsum</strong></span> <span class='ocrx_word' id='word_1_155' title='bbox 2709 1290 2767 1336; x_wconf 89' lang='lat' dir='ltr'><strong>et</strong></span> <span class='ocrx_word' id='word_1_156' title='bbox 2798 1280 3025 1334; x_wconf 87' lang='lat' dir='ltr'><strong>tradidit</strong></span> <span class='ocrx_word' id='word_1_157' title='bbox 3050 1287 3107 1335; x_wconf 86' lang='lat' dir='ltr'><strong>et</strong></span> <span class='ocrx_word' id='word_1_158' title='bbox 3130 1280 3426 1335; x_wconf 78' lang='lat' dir='ltr'><strong>cruciﬁxit.</strong></span> 
     </span>
    </p>
   </div>
   <div class='ocr_carea' id='block_1_20' title="bbox 209 1367 1829 1443">
    <p class='ocr_par' dir='ltr' id='par_1_20' title="bbox 209 1367 1739 1443">
     <span class='ocr_line' id='line_1_20' title="bbox 209 1367 1739 1443; baseline -0.005 -17"><span class='ocrx_word' id='word_1_159' title='bbox 209 1374 422 1426; x_wconf 43' lang='lat' dir='ltr'><strong>suum</strong></span> <span class='ocrx_word' id='word_1_160' title='bbox 452 1373 557 1443; x_wconf 76' lang='grc' dir='ltr'><strong>μὴν</strong></span> <span class='ocrx_word' id='word_1_161' title='bbox 579 1375 673 1425; x_wconf 78' lang='grc' dir='ltr'>καὶ</span> <span class='ocrx_word' id='word_1_162' title='bbox 696 1373 728 1424; x_wconf 78' lang='grc' dir='ltr'>ὁ</span> <span class='ocrx_word' id='word_1_163' title='bbox 754 1372 1054 1443; x_wconf 79' lang='grc' dir='ltr'>προπάτωρ</span> <span class='ocrx_word' id='word_1_164' title='bbox 1080 1369 1251 1439; x_wconf 77' lang='grc' dir='ltr'>αὐτῆς</span> <span class='ocrx_word' id='word_1_165' title='bbox 1275 1368 1459 1432; x_wconf 67' lang='grc' dir='ltr'>Δαϐἱδ,</span> <span class='ocrx_word' id='word_1_166' title='bbox 1487 1368 1582 1421; x_wconf 77' lang='grc' dir='ltr'>καὶ</span> <span class='ocrx_word' id='word_1_167' title='bbox 1603 1367 1739 1435; x_wconf 75' lang='grc' dir='ltr'>αὑτὴ</span> 
     </span>
    </p>
   </div>
   <div class='ocr_carea' id='block_1_21' title="bbox 1808 1367 3428 1443">
    <p class='ocr_par' dir='ltr' id='par_1_21' title="bbox 1847 1371 3428 1443">
     <span class='ocr_line' id='line_1_21' title="bbox 1847 1371 3428 1443; baseline -0.002 -15"><span class='ocrx_word' id='word_1_168' title='bbox 1847 1372 1938 1429; x_wconf 88' lang='lat' dir='ltr'><strong>Sic</strong></span> <span class='ocrx_word' id='word_1_169' title='bbox 1965 1382 2019 1429; x_wconf 86' lang='lat' dir='ltr'><strong>et</strong></span> <span class='ocrx_word' id='word_1_170' title='bbox 2050 1389 2157 1427; x_wconf 84' lang='lat' dir='ltr'><strong>una</strong></span> <span class='ocrx_word' id='word_1_171' title='bbox 2187 1388 2311 1428; x_wconf 91' lang='lat' dir='ltr'><strong>cum</strong></span> <span class='ocrx_word' id='word_1_172' title='bbox 2344 1374 2465 1442; x_wconf 86' lang='lat' dir='ltr'><strong>ipso</strong></span> <span class='ocrx_word' id='word_1_173' title='bbox 2493 1380 2653 1428; x_wconf 87' lang='lat' dir='ltr'><strong>natos</strong></span> <span class='ocrx_word' id='word_1_174' title='bbox 2687 1382 2743 1427; x_wconf 90' lang='lat' dir='ltr'><strong>et</strong></span> <span class='ocrx_word' id='word_1_175' title='bbox 2771 1372 2959 1427; x_wconf 79' lang='lat' dir='ltr'><strong>Annas</strong></span> <span class='ocrx_word' id='word_1_176' title='bbox 2999 1381 3056 1427; x_wconf 89' lang='lat' dir='ltr'><strong>et</strong></span> <span class='ocrx_word' id='word_1_177' title='bbox 3095 1371 3333 1443; x_wconf 87' lang='lat' dir='ltr'><strong>Caiphas</strong></span> <span class='ocrx_word' id='word_1_178' title='bbox 3364 1389 3428 1425; x_wconf 76' lang='lat' dir='ltr'><strong>ex</strong></span> 
     </span>
    </p>
   </div>
   <div class='ocr_carea' id='block_1_22' title="bbox 206 1458 1826 1538">
    <p class='ocr_par' dir='ltr' id='par_1_22' title="bbox 206 1458 1741 1538">
     <span class='ocr_line' id='line_1_22' title="bbox 206 1458 1741 1538; baseline -0.007 -17"><span class='ocrx_word' id='word_1_179' title='bbox 206 1471 229 1538; x_wconf 77' lang='grc' dir='ltr'>ή</span> <span class='ocrx_word' id='word_1_180' title='bbox 272 1468 513 1538; x_wconf 82' lang='grc' dir='ltr'>ἄχραντος</span> <span class='ocrx_word' id='word_1_181' title='bbox 565 1466 661 1535; x_wconf 73' lang='grc' dir='ltr'>μία</span> <span class='ocrx_word' id='word_1_182' title='bbox 696 1482 781 1527; x_wconf 84' lang='grc' dir='ltr'><strong>τις</strong></span> <span class='ocrx_word' id='word_1_183' title='bbox 826 1459 963 1517; x_wconf 81' lang='grc' dir='ltr'>οὖσα</span> <span class='ocrx_word' id='word_1_184' title='bbox 1005 1464 1104 1532; x_wconf 79' lang='grc' dir='ltr'>τῆς</span> <span class='ocrx_word' id='word_1_185' title='bbox 1145 1462 1331 1529; x_wconf 76' lang='grc' dir='ltr'>κοινῆς</span> <span class='ocrx_word' id='word_1_186' title='bbox 1364 1458 1604 1530; x_wconf 81' lang='grc' dir='ltr'>φύσεως,</span> <span class='ocrx_word' id='word_1_187' title='bbox 1654 1460 1741 1527; x_wconf 76' lang='grc' dir='ltr'>ὑφ’</span> 
     </span>
    </p>
   </div>
   <div class='ocr_carea' id='block_1_23' title="bbox 1807 1458 3427 1538">
    <p class='ocr_par' dir='ltr' id='par_1_23' title="bbox 1845 1463 3427 1535">
     <span class='ocr_line' id='line_1_23' title="bbox 1845 1463 3427 1535; baseline -0.003 -15"><span class='ocrx_word' id='word_1_188' title='bbox 1845 1474 2034 1520; x_wconf 85' lang='lat' dir='ltr'><strong>saneta</strong></span> <span class='ocrx_word' id='word_1_189' title='bbox 2059 1464 2278 1535; x_wconf 81' lang='lat' dir='ltr'><strong>Virgine</strong></span> <span class='ocrx_word' id='word_1_190' title='bbox 2302 1464 2729 1533; x_wconf 79' lang='lat' dir='ltr'><strong>excogitaretur.</strong></span> <span class='ocrx_word' id='word_1_191' title='bbox 2754 1463 2861 1519; x_wconf 88' lang='lat' dir='ltr'><strong>Sed</strong></span> <span class='ocrx_word' id='word_1_192' title='bbox 2881 1472 2935 1517; x_wconf 88' lang='lat' dir='ltr'><strong>et</strong></span> <span class='ocrx_word' id='word_1_193' title='bbox 2957 1466 3079 1533; x_wconf 82' lang='lat' dir='ltr'><strong>ejus</strong></span> <span class='ocrx_word' id='word_1_194' title='bbox 3100 1479 3235 1518; x_wconf 89' lang='lat' dir='ltr'><strong>avus</strong></span> <span class='ocrx_word' id='word_1_195' title='bbox 3258 1464 3427 1517; x_wconf 76' lang='lat' dir='ltr'><strong>David</strong></span> 
     </span>
    </p>
   </div>
   <div class='ocr_carea' id='block_1_24' title="bbox 206 1549 1826 1628">
    <p class='ocr_par' dir='ltr' id='par_1_24' title="bbox 206 1549 1759 1628">
     <span class='ocr_line' id='line_1_24' title="bbox 206 1549 1759 1628; baseline -0.005 -18"><span class='ocrx_word' id='word_1_196' title='bbox 206 1559 361 1627; x_wconf 73' lang='grc' dir='ltr'>ἑαυτῆς</span> <span class='ocrx_word' id='word_1_197' title='bbox 386 1557 712 1628; x_wconf 71' lang='grc' dir='ltr'><strong>γεννηθῆναι</strong></span> <span class='ocrx_word' id='word_1_198' title='bbox 749 1556 848 1610; x_wconf 75' lang='grc' dir='ltr'><strong>σὺν</strong></span> <span class='ocrx_word' id='word_1_199' title='bbox 897 1554 976 1625; x_wconf 78' lang='grc' dir='ltr'>τῷ</span> <span class='ocrx_word' id='word_1_200' title='bbox 1010 1552 1129 1623; x_wconf 83' lang='grc' dir='ltr'><strong>Θεῷ</strong></span> <span class='ocrx_word' id='word_1_201' title='bbox 1181 1552 1339 1621; x_wconf 77' lang='grc' dir='ltr'>Λόγῳ</span> <span class='ocrx_word' id='word_1_202' title='bbox 1393 1550 1497 1621; x_wconf 78' lang='grc' dir='ltr'><strong>τὴν</strong></span> <span class='ocrx_word' id='word_1_203' title='bbox 1560 1549 1759 1620; x_wconf 84' lang='grc' dir='ltr'>κοινὴν.</span> 
     </span>
    </p>
   </div>
   <div class='ocr_carea' id='block_1_25' title="bbox 1812 1549 3432 1628">
    <p class='ocr_par' dir='ltr' id='par_1_25' title="bbox 1847 1549 3432 1623">
     <span class='ocr_line' id='line_1_25' title="bbox 1847 1549 3432 1623; baseline -0.004 -14"><span class='ocrx_word' id='word_1_204' title='bbox 1847 1563 1903 1609; x_wconf 84' lang='lat' dir='ltr'><strong>et</strong></span> <span class='ocrx_word' id='word_1_205' title='bbox 1930 1554 2045 1623; x_wconf 82' lang='lat' dir='ltr'><strong>ipsa</strong></span> <span class='ocrx_word' id='word_1_206' title='bbox 2076 1552 2427 1607; x_wconf 85' lang='lat' dir='ltr'><strong>immaculata</strong></span> <span class='ocrx_word' id='word_1_207' title='bbox 2463 1552 2624 1605; x_wconf 84' lang='lat' dir='ltr'><strong>unica</strong></span> <span class='ocrx_word' id='word_1_208' title='bbox 2667 1551 2916 1621; x_wconf 69' lang='lat' dir='ltr'><strong>quaedam</strong></span> <span class='ocrx_word' id='word_1_209' title='bbox 2959 1549 3236 1604; x_wconf 84' lang='lat' dir='ltr'><strong>cxsistens</strong></span> <span class='ocrx_word' id='word_1_210' title='bbox 3264 1549 3432 1618; x_wconf 81' lang='lat' dir='ltr'><strong>hujus</strong></span> 
     </span>
    </p>
   </div>
   <div class='ocr_carea' id='block_1_26' title="bbox 206 1636 1826 1718">
    <p class='ocr_par' dir='ltr' id='par_1_26' title="bbox 206 1636 1744 1718">
     <span class='ocr_line' id='line_1_26' title="bbox 206 1636 1744 1718; baseline -0.005 -17"><span class='ocrx_word' id='word_1_211' title='bbox 206 1648 330 1717; x_wconf 72' lang='grc' dir='ltr'>φύσιν</span> <span class='ocrx_word' id='word_1_212' title='bbox 362 1649 459 1718; x_wconf 82' lang='grc' dir='ltr'>τῆς</span> <span class='ocrx_word' id='word_1_213' title='bbox 489 1647 910 1718; x_wconf 81' lang='grc' dir='ltr'>ἁνθρωπότητος</span> <span class='ocrx_word' id='word_1_214' title='bbox 943 1646 1224 1716; x_wconf 76' lang='grc' dir='ltr'>γεννώσης</span> <span class='ocrx_word' id='word_1_215' title='bbox 1254 1642 1555 1713; x_wconf 79' lang='grc' dir='ltr'>λογισθείη’</span> <span class='ocrx_word' id='word_1_216' title='bbox 1588 1636 1662 1695; x_wconf 84' lang='grc' dir='ltr'>ὧν</span> <span class='ocrx_word' id='word_1_217' title='bbox 1693 1642 1744 1694; x_wconf 81' lang='grc' dir='ltr'><strong>τί</strong></span> 
     </span>
    </p>
   </div>
   <div class='ocr_carea' id='block_1_27' title="bbox 1809 1636 3429 1718">
    <p class='ocr_par' dir='ltr' id='par_1_27' title="bbox 1844 1641 3429 1715">
     <span class='ocr_line' id='line_1_27' title="bbox 1844 1641 3429 1715; baseline -0.005 -12"><span class='ocrx_word' id='word_1_218' title='bbox 1844 1647 2159 1703; x_wconf 82' lang='lat' dir='ltr'><strong>communis</strong></span> <span class='ocrx_word' id='word_1_219' title='bbox 2183 1656 2397 1701; x_wconf 79' lang='lat' dir='ltr'><strong>naturae</strong></span> <span class='ocrx_word' id='word_1_220' title='bbox 2423 1645 2491 1700; x_wconf 88' lang='lat' dir='ltr'><strong>ab</strong></span> <span class='ocrx_word' id='word_1_221' title='bbox 2518 1645 2633 1715; x_wconf 86' lang='lat' dir='ltr'><strong>ipsa</strong></span> <span class='ocrx_word' id='word_1_222' title='bbox 2656 1643 2841 1715; x_wconf 81' lang='lat' dir='ltr'><strong>genita</strong></span> <span class='ocrx_word' id='word_1_223' title='bbox 2868 1642 3169 1707; x_wconf 85' lang='lat' dir='ltr'><strong>diceretur,</strong></span> <span class='ocrx_word' id='word_1_224' title='bbox 3196 1641 3266 1696; x_wconf 87' lang='lat' dir='ltr'><strong>ab</strong></span> <span class='ocrx_word' id='word_1_225' title='bbox 3291 1641 3429 1711; x_wconf 80' lang='lat' dir='ltr'><strong>ipsa,</strong></span> 
     </span>
    </p>
   </div>
   <div class='ocr_carea' id='block_1_28' title="bbox 200 1733 1820 1811">
    <p class='ocr_par' dir='ltr' id='par_1_28' title="bbox 200 1733 1744 1811">
     <span class='ocr_line' id='line_1_28' title="bbox 200 1733 1744 1811; baseline -0.005 -18"><span class='ocrx_word' id='word_1_226' title='bbox 200 1739 506 1811; x_wconf 70' lang='grc' dir='ltr'>ἀτοπώτερον</span> <span class='ocrx_word' id='word_1_227' title='bbox 556 1737 771 1809; x_wconf 76' lang='grc' dir='ltr'><strong>ἐξεύροι</strong></span> <span class='ocrx_word' id='word_1_228' title='bbox 811 1755 915 1801; x_wconf 86' lang='grc' dir='ltr'>τις,</span> <span class='ocrx_word' id='word_1_229' title='bbox 966 1736 998 1807; x_wconf 83' lang='grc' dir='ltr'>ἢ</span> <span class='ocrx_word' id='word_1_230' title='bbox 1049 1735 1533 1805; x_wconf 76' lang='grc' dir='ltr'>β).ασφημότερον;</span> <span class='ocrx_word' id='word_1_231' title='bbox 1574 1735 1637 1787; x_wconf 83' lang='grc' dir='ltr'><strong>Εἰ</strong></span> <span class='ocrx_word' id='word_1_232' title='bbox 1690 1733 1744 1785; x_wconf 71' lang='grc' dir='ltr'>δὲ</span> 
     </span>
    </p>
   </div>
   <div class='ocr_carea' id='block_1_29' title="bbox 1812 1733 3432 1811">
    <p class='ocr_par' dir='ltr' id='par_1_29' title="bbox 1850 1734 3432 1809">
     <span class='ocr_line' id='line_1_29' title="bbox 1850 1734 3432 1809; baseline -0.004 -16"><span class='ocrx_word' id='word_1_233' title='bbox 1850 1740 2071 1809; x_wconf 85' lang='lat' dir='ltr'><strong>inquam</strong></span> <span class='ocrx_word' id='word_1_234' title='bbox 2095 1780 2107 1803; x_wconf 92' lang='lat'><strong>,</strong></span> <span class='ocrx_word' id='word_1_235' title='bbox 2142 1738 2489 1793; x_wconf 88' lang='lat' dir='ltr'><strong>humanitate</strong></span> <span class='ocrx_word' id='word_1_236' title='bbox 2538 1750 2664 1789; x_wconf 84' lang='lat' dir='ltr'><strong>cum</strong></span> <span class='ocrx_word' id='word_1_237' title='bbox 2712 1736 2825 1791; x_wconf 91' lang='lat' dir='ltr'><strong>Deo</strong></span> <span class='ocrx_word' id='word_1_238' title='bbox 2857 1734 3042 1791; x_wconf 78' lang='lat' dir='ltr'><strong>Verbo</strong></span> <span class='ocrx_word' id='word_1_239' title='bbox 3086 1750 3432 1789; x_wconf 87' lang='lat' dir='ltr'><strong>communem</strong></span> 
     </span>
    </p>
   </div>
   <div class='ocr_carea' id='block_1_30' title="bbox 204 1826 1824 1902">
    <p class='ocr_par' dir='ltr' id='par_1_30' title="bbox 204 1826 1818 1902">
     <span class='ocr_line' id='line_1_30' title="bbox 204 1826 1818 1902; baseline -0.003 -20"><span class='ocrx_word' id='word_1_240' title='bbox 204 1831 392 1895; x_wconf 75' lang='grc' dir='ltr'>λέγοιενο</span> <span class='ocrx_word' id='word_1_241' title='bbox 422 1830 610 1899; x_wconf 81' lang='grc' dir='ltr'><strong>Ὑμεῖς</strong></span> <span class='ocrx_word' id='word_1_242' title='bbox 635 1826 729 1883; x_wconf 74' lang='grc' dir='ltr'>οὖν</span> <span class='ocrx_word' id='word_1_243' title='bbox 765 1833 821 1883; x_wconf 80' lang='grc' dir='ltr'>ὲν</span> <span class='ocrx_word' id='word_1_244' title='bbox 864 1829 957 1882; x_wconf 86' lang='grc' dir='ltr'><strong>δύο</strong></span> <span class='ocrx_word' id='word_1_245' title='bbox 988 1828 1183 1897; x_wconf 80' lang='grc' dir='ltr'>φύσεσι</span> <span class='ocrx_word' id='word_1_246' title='bbox 1211 1829 1303 1882; x_wconf 77' lang='grc' dir='ltr'><strong>τὸν</strong></span> <span class='ocrx_word' id='word_1_247' title='bbox 1342 1826 1621 1897; x_wconf 79' lang='grc' dir='ltr'>Δεσπότην</span> <span class='ocrx_word' id='word_1_248' title='bbox 1655 1826 1743 1878; x_wconf 72' lang='grc' dir='ltr'><strong>ὃς·</strong></span> <span class='ocrx_word' id='word_1_249' title='bbox 1776 1892 1818 1902; x_wconf 43' lang='lat' dir='ltr'><strong>ﬂ</strong></span> 
     </span>
    </p>
   </div>
   <div class='ocr_carea' id='block_1_31' title="bbox 1813 1826 3433 1902">
    <p class='ocr_par' dir='ltr' id='par_1_31' title="bbox 1813 1827 3433 1902">
     <span class='ocr_line' id='line_1_31' title="bbox 1813 1827 3433 1902; baseline -0.005 -15"><span class='ocrx_word' id='word_1_250' title='bbox 1813 1896 1818 1902; x_wconf 31' lang='grc' dir='ltr'><strong>λ</strong></span> <span class='ocrx_word' id='word_1_251' title='bbox 1849 1842 2101 1887; x_wconf 86' lang='lat' dir='ltr'><strong>naturam</strong></span> <span class='ocrx_word' id='word_1_252' title='bbox 2126 1832 2405 1902; x_wconf 78' lang='lat' dir='ltr'><strong>gignente.</strong></span> <span class='ocrx_word' id='word_1_253' title='bbox 2422 1829 2672 1897; x_wconf 81' lang='lat' dir='ltr'><strong>Quorum</strong></span> <span class='ocrx_word' id='word_1_254' title='bbox 2692 1828 2825 1899; x_wconf 87' lang='lat' dir='ltr'><strong>quid</strong></span> <span class='ocrx_word' id='word_1_255' title='bbox 2847 1827 3144 1883; x_wconf 79' lang='lat' dir='ltr'><strong>absurdius</strong></span> <span class='ocrx_word' id='word_1_256' title='bbox 3165 1828 3433 1889; x_wconf 79' lang='lat' dir='ltr'><strong>invenies,</strong></span> 
     </span>
    </p>
   </div>
   <div class='ocr_carea' id='block_1_32' title="bbox 204 1892 1824 1995">
    <p class='ocr_par' dir='ltr' id='par_1_32' title="bbox 204 1892 1823 1991">
     <span class='ocr_line' id='line_1_32' title="bbox 204 1892 1823 1991; baseline -0.004 -16"><span class='ocrx_word' id='word_1_257' title='bbox 204 1924 436 1988; x_wconf 73' lang='grc' dir='ltr'>ξὰζοντες,</span> <span class='ocrx_word' id='word_1_258' title='bbox 460 1923 658 1975; x_wconf 77' lang='grc' dir='ltr'>ὁποίων</span> <span class='ocrx_word' id='word_1_259' title='bbox 688 1922 893 1975; x_wconf 88' lang='grc' dir='ltr'>τούτων</span> <span class='ocrx_word' id='word_1_260' title='bbox 919 1920 1090 1991; x_wconf 69' lang='grc' dir='ltr'>φατέ,</span> <span class='ocrx_word' id='word_1_261' title='bbox 1112 1919 1363 1990; x_wconf 70' lang='grc' dir='ltr'>ἀφθόνως</span> <span class='ocrx_word' id='word_1_262' title='bbox 1383 1920 1564 1981; x_wconf 82' lang='grc' dir='ltr'>αὐτοῖς</span> <span class='ocrx_word' id='word_1_263' title='bbox 1589 1918 1746 1988; x_wconf 51' lang='lat'><strong>{.005-</strong></span> <span class='ocrx_word' id='word_1_264' title='bbox 1776 1892 1823 1949; x_wconf 74' lang='grc' dir='ltr'><strong>Β</strong></span> 
     </span>
    </p>
   </div>
   <div class='ocr_carea' id='block_1_33' title="bbox 1820 1892 3440 1995">
    <p class='ocr_par' dir='ltr' id='par_1_33' title="bbox 1820 1908 3440 1995">
     <span class='ocr_line' id='line_1_33' title="bbox 1820 1908 3440 1995; baseline -0.004 -15"><span class='ocrx_word' id='word_1_265' title='bbox 1820 1926 1938 1980; x_wconf 68' lang='lat' dir='ltr'><strong>’vel</strong></span> <span class='ocrx_word' id='word_1_266' title='bbox 1990 1926 2164 1995; x_wconf 82' lang='lat' dir='ltr'><strong>magis</strong></span> <span class='ocrx_word' id='word_1_267' title='bbox 2212 1922 2633 1993; x_wconf 88' lang='lat' dir='ltr'><strong>blasphemum?</strong></span> <span class='ocrx_word' id='word_1_268' title='bbox 2678 1921 2734 1977; x_wconf 90' lang='lat' dir='ltr'><strong>Si</strong></span> <span class='ocrx_word' id='word_1_269' title='bbox 2787 1932 2971 1976; x_wconf 89' lang='lat' dir='ltr'><strong>autem</strong></span> <span class='ocrx_word' id='word_1_270' title='bbox 3017 1908 3302 1975; x_wconf 44' lang='lat' dir='ltr'><strong>dixerint&#39;:</strong></span> <span class='ocrx_word' id='word_1_271' title='bbox 3331 1920 3440 1975; x_wconf 64' lang='lat' dir='ltr'><strong>Vis</strong></span> 
     </span>
    </p>
   </div>
   <div class='ocr_carea' id='block_1_34' title="bbox 206 2011 1826 2089">
    <p class='ocr_par' dir='ltr' id='par_1_34' title="bbox 206 2011 1742 2083">
     <span class='ocr_line' id='line_1_34' title="bbox 206 2011 1742 2083; baseline -0.003 -17"><span class='ocrx_word' id='word_1_272' title='bbox 206 2031 299 2082; x_wconf 83' lang='grc' dir='ltr'>μεν,</span> <span class='ocrx_word' id='word_1_273' title='bbox 329 2014 399 2076; x_wconf 83' lang='grc' dir='ltr'>ὡς</span> <span class='ocrx_word' id='word_1_274' title='bbox 434 2015 496 2066; x_wconf 79' lang='grc' dir='ltr'>ἐκ</span> <span class='ocrx_word' id='word_1_275' title='bbox 522 2014 617 2067; x_wconf 75' lang='grc' dir='ltr'>δύο</span> <span class='ocrx_word' id='word_1_276' title='bbox 655 2014 754 2083; x_wconf 78' lang='grc' dir='ltr'><strong>μὲν</strong></span> <span class='ocrx_word' id='word_1_277' title='bbox 781 2014 882 2083; x_wconf 82' lang='grc' dir='ltr'>τῆς</span> <span class='ocrx_word' id='word_1_278' title='bbox 907 2029 969 2066; x_wconf 81' lang='grc' dir='ltr'><strong>τε</strong></span> <span class='ocrx_word' id='word_1_279' title='bbox 992 2011 1145 2075; x_wconf 78' lang='grc' dir='ltr'>θείας</span> <span class='ocrx_word' id='word_1_280' title='bbox 1172 2011 1269 2065; x_wconf 72' lang='grc' dir='ltr'>καὶ</span> <span class='ocrx_word' id='word_1_281' title='bbox 1295 2012 1397 2081; x_wconf 69' lang='grc' dir='ltr'>τῆς</span> <span class='ocrx_word' id='word_1_282' title='bbox 1425 2014 1613 2080; x_wconf 78' lang='grc' dir='ltr'>κοινῆς</span> <span class='ocrx_word' id='word_1_283' title='bbox 1646 2011 1742 2061; x_wconf 82' lang='grc' dir='ltr'><strong>ἀν-</strong></span> 
     </span>
    </p>
   </div>
   <div class='ocr_carea' id='block_1_35' title="bbox 1820 2011 3440 2089">
    <p class='ocr_par' dir='ltr' id='par_1_35' title="bbox 1848 2015 3440 2089">
     <span class='ocr_line' id='line_1_35' title="bbox 1848 2015 3440 2089; baseline -0.004 -16"><span class='ocrx_word' id='word_1_284' title='bbox 1848 2034 1984 2089; x_wconf 78' lang='lat' dir='ltr'><strong>ergo</strong></span> <span class='ocrx_word' id='word_1_285' title='bbox 2011 2034 2041 2073; x_wconf 89' lang='lat' dir='ltr'><strong>e</strong></span> <span class='ocrx_word' id='word_1_286' title='bbox 2073 2016 2292 2072; x_wconf 88' lang='lat' dir='ltr'><strong>duabus</strong></span> <span class='ocrx_word' id='word_1_287' title='bbox 2320 2016 2535 2071; x_wconf 86' lang='lat' dir='ltr'><strong>naturis</strong></span> <span class='ocrx_word' id='word_1_288' title='bbox 2571 2016 2864 2071; x_wconf 88' lang='lat' dir='ltr'><strong>Dominum</strong></span> <span class='ocrx_word' id='word_1_289' title='bbox 2898 2015 3267 2079; x_wconf 83' lang='lat' dir='ltr'><strong>celebrantes,</strong></span> <span class='ocrx_word' id='word_1_290' title='bbox 3303 2030 3408 2084; x_wconf 88' lang='lat' dir='ltr'><strong>qua</strong></span> <span class='ocrx_word' id='word_1_291' title='bbox 3428 2044 3440 2053; x_wconf 89' lang='lat'><em>-</em></span> 
     </span>
    </p>
   </div>
   <div class='ocr_carea' id='block_1_36' title="bbox 201 2101 1821 2173">
    <p class='ocr_par' dir='ltr' id='par_1_36' title="bbox 201 2101 1747 2173">
     <span class='ocr_line' id='line_1_36' title="bbox 201 2101 1747 2173; baseline -0.001 -19"><span class='ocrx_word' id='word_1_292' title='bbox 201 2103 441 2172; x_wconf 77' lang='grc' dir='ltr'>θρωπεῐας</span> <span class='ocrx_word' id='word_1_293' title='bbox 487 2103 656 2172; x_wconf 81' lang='grc' dir='ltr'>ἄμφω</span> <span class='ocrx_word' id='word_1_294' title='bbox 690 2101 1173 2173; x_wconf 76' lang='grc' dir='ltr'>προῦπαρχουσῶν</span> <span class='ocrx_word' id='word_1_295' title='bbox 1204 2102 1301 2170; x_wconf 81' lang='grc' dir='ltr'>τῆς</span> <span class='ocrx_word' id='word_1_296' title='bbox 1332 2102 1579 2163; x_wconf 76' lang='grc' dir='ltr'>ἒνώσεως</span> <span class='ocrx_word' id='word_1_297' title='bbox 1611 2101 1747 2171; x_wconf 82' lang='grc' dir='ltr'>Χρι-</span> 
     </span>
    </p>
   </div>
   <div class='ocr_carea' id='block_1_37' title="bbox 1824 2101 3444 2173">
    <p class='ocr_par' dir='ltr' id='par_1_37' title="bbox 1853 2102 3444 2173">
     <span class='ocr_line' id='line_1_37' title="bbox 1853 2102 3444 2173; baseline -0.004 -12"><span class='ocrx_word' id='word_1_298' title='bbox 1853 2109 2108 2162; x_wconf 86' lang='lat' dir='ltr'><strong>rum&#39;nam</strong></span> <span class='ocrx_word' id='word_1_299' title='bbox 2152 2106 2372 2160; x_wconf 86' lang='lat' dir='ltr'><strong>illarum</strong></span> <span class='ocrx_word' id='word_1_300' title='bbox 2406 2104 2625 2159; x_wconf 82' lang='lat' dir='ltr'><strong>dicitis?</strong></span> <span class='ocrx_word' id='word_1_301' title='bbox 2660 2103 2883 2173; x_wconf 76' lang='lat' dir='ltr'><strong>Absque</strong></span> <span class='ocrx_word' id='word_1_302' title='bbox 2935 2102 3141 2157; x_wconf 84' lang='lat' dir='ltr'><strong>invidia</strong></span> <span class='ocrx_word' id='word_1_303' title='bbox 3176 2102 3310 2172; x_wconf 78' lang='lat' dir='ltr'><strong>ipsis</strong></span> <span class='ocrx_word' id='word_1_304' title='bbox 3357 2120 3444 2155; x_wconf 56' lang='lat' dir='ltr'><strong>re-</strong></span> 
     </span>
    </p>
   </div>
   <div class='ocr_carea' id='block_1_38' title="bbox 206 2192 1826 2269">
    <p class='ocr_par' dir='ltr' id='par_1_38' title="bbox 206 2192 1747 2265">
     <span class='ocr_line' id='line_1_38' title="bbox 206 2192 1747 2265; baseline -0.001 -18"><span class='ocrx_word' id='word_1_305' title='bbox 206 2194 303 2247; x_wconf 77' lang='grc' dir='ltr'>ατοῦ</span> <span class='ocrx_word' id='word_1_306' title='bbox 333 2211 526 2265; x_wconf 58' lang='grc' dir='ltr'>φαμεν</span> <span class='ocrx_word' id='word_1_307' title='bbox 558 2198 616 2248; x_wconf 73' lang='grc' dir='ltr'>ὲν</span> <span class='ocrx_word' id='word_1_308' title='bbox 652 2195 745 2248; x_wconf 76' lang='grc' dir='ltr'>δύο</span> <span class='ocrx_word' id='word_1_309' title='bbox 797 2194 875 2259; x_wconf 74' lang='grc' dir='ltr'><strong>δὲ,</strong></span> <span class='ocrx_word' id='word_1_310' title='bbox 908 2194 1006 2263; x_wconf 74' lang='grc' dir='ltr'>τῆς</span> <span class='ocrx_word' id='word_1_311' title='bbox 1053 2210 1111 2247; x_wconf 83' lang='grc' dir='ltr'><strong>τε</strong></span> <span class='ocrx_word' id='word_1_312' title='bbox 1145 2194 1286 2264; x_wconf 77' lang='grc' dir='ltr'>ὑπὲρ</span> <span class='ocrx_word' id='word_1_313' title='bbox 1315 2194 1407 2246; x_wconf 80' lang='grc' dir='ltr'><strong>τὸν</strong></span> <span class='ocrx_word' id='word_1_314' title='bbox 1443 2192 1624 2247; x_wconf 81' lang='grc' dir='ltr'>κοινὸν</span> <span class='ocrx_word' id='word_1_315' title='bbox 1654 2194 1747 2245; x_wconf 63' lang='lat'><strong>3.6-</strong></span> 
     </span>
    </p>
   </div>
   <div class='ocr_carea' id='block_1_39' title="bbox 1824 2192 3444 2269">
    <p class='ocr_par' dir='ltr' id='par_1_39' title="bbox 1850 2193 3444 2269">
     <span class='ocr_line' id='line_1_39' title="bbox 1850 2193 3444 2269; baseline -0.006 -15"><span class='ocrx_word' id='word_1_316' title='bbox 1850 2197 2279 2269; x_wconf 79' lang='lat' dir='ltr'><strong>spondebimus,</strong></span> <span class='ocrx_word' id='word_1_317' title='bbox 2307 2196 2465 2267; x_wconf 87' lang='lat' dir='ltr'><strong>quasi</strong></span> <span class='ocrx_word' id='word_1_318' title='bbox 2494 2212 2525 2251; x_wconf 89' lang='lat' dir='ltr'><strong>e</strong></span> <span class='ocrx_word' id='word_1_319' title='bbox 2558 2194 2774 2249; x_wconf 89' lang='lat' dir='ltr'><strong>duabus</strong></span> <span class='ocrx_word' id='word_1_320' title='bbox 2803 2193 3026 2265; x_wconf 88' lang='lat' dir='ltr'><strong>quidem</strong></span> <span class='ocrx_word' id='word_1_321' title='bbox 3072 2203 3129 2248; x_wconf 93' lang='lat' dir='ltr'><strong>et</strong></span> <span class='ocrx_word' id='word_1_322' title='bbox 3167 2194 3353 2248; x_wconf 86' lang='lat' dir='ltr'><strong>divina</strong></span> <span class='ocrx_word' id='word_1_323' title='bbox 3388 2204 3444 2249; x_wconf 87' lang='lat' dir='ltr'><strong>et</strong></span> 
     </span>
    </p>
   </div>
   <div class='ocr_carea' id='block_1_40' title="bbox 202 2283 1822 2357">
    <p class='ocr_par' dir='ltr' id='par_1_40' title="bbox 202 2285 1749 2357">
     <span class='ocr_line' id='line_1_40' title="bbox 202 2285 1749 2357; baseline -0.001 -18"><span class='ocrx_word' id='word_1_324' title='bbox 202 2304 277 2354; x_wconf 80' lang='grc' dir='ltr'><strong>γον</strong></span> <span class='ocrx_word' id='word_1_325' title='bbox 298 2289 384 2340; x_wconf 73' lang='grc' dir='ltr'><strong>καὶ</strong></span> <span class='ocrx_word' id='word_1_326' title='bbox 416 2287 581 2340; x_wconf 71' lang='grc' dir='ltr'>ἰδικδν</span> <span class='ocrx_word' id='word_1_327' title='bbox 610 2285 780 2356; x_wconf 77' lang='grc' dir='ltr'>οῠσης</span> <span class='ocrx_word' id='word_1_328' title='bbox 811 2286 998 2357; x_wconf 78' lang='grc' dir='ltr'>κοινῆς</span> <span class='ocrx_word' id='word_1_329' title='bbox 1030 2286 1283 2355; x_wconf 78' lang='grc' dir='ltr'>θεότητος</span> <span class='ocrx_word' id='word_1_330' title='bbox 1318 2286 1412 2339; x_wconf 69' lang='grc' dir='ltr'><strong>καὶ</strong></span> <span class='ocrx_word' id='word_1_331' title='bbox 1442 2285 1541 2356; x_wconf 77' lang='grc' dir='ltr'>τῆς</span> <span class='ocrx_word' id='word_1_332' title='bbox 1575 2285 1749 2352; x_wconf 55' lang='lat' dir='ltr'><strong>lat-xi];</strong></span> 
     </span>
    </p>
   </div>
   <div class='ocr_carea' id='block_1_41' title="bbox 1825 2283 3445 2357">
    <p class='ocr_par' dir='ltr' id='par_1_41' title="bbox 1852 2283 3445 2356">
     <span class='ocr_line' id='line_1_41' title="bbox 1852 2283 3445 2356; baseline -0.004 -12"><span class='ocrx_word' id='word_1_333' title='bbox 1852 2288 2133 2345; x_wconf 88' lang='lat' dir='ltr'><strong>communi</strong></span> <span class='ocrx_word' id='word_1_334' title='bbox 2152 2288 2393 2342; x_wconf 87' lang='lat' dir='ltr'><strong>humana</strong></span> <span class='ocrx_word' id='word_1_335' title='bbox 2411 2285 2924 2356; x_wconf 68' lang='lat' dir='ltr'><strong>prmexsistentibus</strong></span> <span class='ocrx_word' id='word_1_336' title='bbox 2942 2284 3264 2339; x_wconf 86' lang='lat' dir='ltr'><strong>adunationi</strong></span> <span class='ocrx_word' id='word_1_337' title='bbox 3282 2283 3386 2339; x_wconf 81' lang='lat' dir='ltr'><strong>Chi</strong></span> <span class='ocrx_word' id='word_1_338' title='bbox 3403 2285 3445 2338; x_wconf 88' lang='lat' dir='ltr'><strong>i-</strong></span> 
     </span>
    </p>
   </div>
   <div class='ocr_carea' id='block_1_42' title="bbox 205 2360 1825 2449">
    <p class='ocr_par' dir='ltr' id='par_1_42' title="bbox 205 2360 1737 2449">
     <span class='ocr_line' id='line_1_42' title="bbox 205 2360 1737 2449; baseline -0.002 -18"><span class='ocrx_word' id='word_1_339' title='bbox 205 2379 337 2448; x_wconf 75' lang='grc' dir='ltr'>μόνον</span> <span class='ocrx_word' id='word_1_340' title='bbox 370 2377 530 2433; x_wconf 81' lang='grc' dir='ltr'>αὑτοῦ</span> <span class='ocrx_word' id='word_1_341' title='bbox 576 2360 1029 2449; x_wconf 69' lang='grc' dir='ltr'>ἄνθρωπότητος.</span> <span class='ocrx_word' id='word_1_342' title='bbox 1074 2378 1187 2448; x_wconf 71' lang='grc' dir='ltr'>Τὴν</span> <span class='ocrx_word' id='word_1_343' title='bbox 1220 2378 1318 2448; x_wconf 78' lang='grc' dir='ltr'>μὲν</span> <span class='ocrx_word' id='word_1_344' title='bbox 1348 2378 1458 2447; x_wconf 82' lang='grc' dir='ltr'>γὰρ</span> <span class='ocrx_word' id='word_1_345' title='bbox 1532 2378 1598 2429; x_wconf 79' lang='grc' dir='ltr'>ὲκ</span> <span class='ocrx_word' id='word_1_346' title='bbox 1645 2375 1737 2429; x_wconf 75' lang='grc' dir='ltr'><strong>δύο</strong></span> 
     </span>
    </p>
   </div>
   <div class='ocr_carea' id='block_1_43' title="bbox 1825 2360 3445 2449">
    <p class='ocr_par' dir='ltr' id='par_1_43' title="bbox 1855 2376 3445 2445">
     <span class='ocr_line' id='line_1_43' title="bbox 1855 2376 3445 2445; baseline -0.004 -7"><span class='ocrx_word' id='word_1_347' title='bbox 1855 2382 1926 2438; x_wconf 84' lang='lat' dir='ltr'><strong>sti</strong></span> <span class='ocrx_word' id='word_1_348' title='bbox 1957 2381 2147 2436; x_wconf 88' lang='lat' dir='ltr'><strong>ambas</strong></span> <span class='ocrx_word' id='word_1_349' title='bbox 2176 2380 2444 2445; x_wconf 77' lang='lat' dir='ltr'><strong>dicimus;</strong></span> <span class='ocrx_word' id='word_1_350' title='bbox 2483 2379 2538 2432; x_wconf 90' lang='lat' dir='ltr'><strong>in</strong></span> <span class='ocrx_word' id='word_1_351' title='bbox 2575 2378 2789 2433; x_wconf 85' lang='lat' dir='ltr'><strong>duabus</strong></span> <span class='ocrx_word' id='word_1_352' title='bbox 2823 2392 2977 2440; x_wconf 85' lang='lat' dir='ltr'><strong>vero,</strong></span> <span class='ocrx_word' id='word_1_353' title='bbox 3000 2376 3280 2432; x_wconf 88' lang='lat' dir='ltr'><strong>communi</strong></span> <span class='ocrx_word' id='word_1_354' title='bbox 3306 2377 3445 2431; x_wconf 83' lang='lat' dir='ltr'><strong>divi-</strong></span> 
     </span>
    </p>
   </div>
   <div class='ocr_carea' id='block_1_44' title="bbox 202 2468 1822 2542">
    <p class='ocr_par' dir='ltr' id='par_1_44' title="bbox 202 2469 1752 2542">
     <span class='ocr_line' id='line_1_44' title="bbox 202 2469 1752 2542; baseline -0.002 -19"><span class='ocrx_word' id='word_1_355' title='bbox 202 2470 389 2539; x_wconf 67' lang='grc' dir='ltr'>φύσεων</span> <span class='ocrx_word' id='word_1_356' title='bbox 416 2471 599 2541; x_wconf 81' lang='grc' dir='ltr'>φωνὴν</span> <span class='ocrx_word' id='word_1_357' title='bbox 631 2473 891 2542; x_wconf 75' lang='grc' dir='ltr'>σονιστᾷν</span> <span class='ocrx_word' id='word_1_358' title='bbox 919 2469 1165 2534; x_wconf 80' lang='grc' dir='ltr'>δυνατὸν,</span> <span class='ocrx_word' id='word_1_359' title='bbox 1199 2470 1295 2523; x_wconf 75' lang='grc' dir='ltr'>καὶ</span> <span class='ocrx_word' id='word_1_360' title='bbox 1341 2470 1405 2521; x_wconf 82' lang='grc' dir='ltr'>ὲκ</span> <span class='ocrx_word' id='word_1_361' title='bbox 1456 2469 1555 2537; x_wconf 80' lang='grc' dir='ltr'>τῆς</span> <span class='ocrx_word' id='word_1_362' title='bbox 1612 2469 1752 2521; x_wconf 72' lang='grc' dir='ltr'>κατὰ</span> 
     </span>
    </p>
   </div>
   <div class='ocr_carea' id='block_1_45' title="bbox 1822 2468 3442 2542">
    <p class='ocr_par' dir='ltr' id='par_1_45' title="bbox 1856 2468 3442 2541">
     <span class='ocr_line' id='line_1_45' title="bbox 1856 2468 3442 2541; baseline -0.004 -14"><span class='ocrx_word' id='word_1_363' title='bbox 1856 2472 2031 2527; x_wconf 83' lang='lat' dir='ltr'><strong>nitate</strong></span> <span class='ocrx_word' id='word_1_364' title='bbox 2054 2486 2176 2541; x_wconf 70' lang='lat' dir='ltr'><strong>quas</strong></span> <span class='ocrx_word' id='word_1_365' title='bbox 2198 2484 2491 2526; x_wconf 89' lang='lat' dir='ltr'><strong>commune</strong></span> <span class='ocrx_word' id='word_1_366' title='bbox 2516 2469 2746 2523; x_wconf 78' lang='lat' dir='ltr'><strong>verbum</strong></span> <span class='ocrx_word' id='word_1_367' title='bbox 2763 2475 2821 2522; x_wconf 88' lang='lat' dir='ltr'><strong>et</strong></span> <span class='ocrx_word' id='word_1_368' title='bbox 2843 2468 3175 2538; x_wconf 87' lang='lat' dir='ltr'><strong>particulare</strong></span> <span class='ocrx_word' id='word_1_369' title='bbox 3197 2478 3442 2538; x_wconf 88' lang='lat' dir='ltr'><strong>superat,</strong></span> 
     </span>
    </p>
   </div>
   <div class='ocr_carea' id='block_1_46' title="bbox 206 2558 1826 2637">
    <p class='ocr_par' dir='ltr' id='par_1_46' title="bbox 206 2558 1752 2637">
     <span class='ocr_line' id='line_1_46' title="bbox 206 2558 1752 2637; baseline -0.003 -24"><span class='ocrx_word' id='word_1_370' title='bbox 206 2560 461 2631; x_wconf 67' lang='grc' dir='ltr'>ἀφαίρεσιν</span> <span class='ocrx_word' id='word_1_371' title='bbox 491 2560 919 2631; x_wconf 74' lang='grc' dir='ltr'>λαμὸανομένης</span> <span class='ocrx_word' id='word_1_372' title='bbox 960 2558 1176 2628; x_wconf 86' lang='grc' dir='ltr'>φύσεως</span> <span class='ocrx_word' id='word_1_373' title='bbox 1204 2562 1272 2637; x_wconf 37' lang='grc' dir='ltr'>,ἐκ</span> <span class='ocrx_word' id='word_1_374' title='bbox 1304 2560 1399 2614; x_wconf 82' lang='grc' dir='ltr'><strong>τοῦ</strong></span> <span class='ocrx_word' id='word_1_375' title='bbox 1435 2558 1611 2613; x_wconf 81' lang='grc' dir='ltr'>κοινοῦ</span> <span class='ocrx_word' id='word_1_376' title='bbox 1644 2558 1752 2611; x_wconf 77' lang='grc' dir='ltr'><strong>τῶν</strong></span> 
     </span>
    </p>
   </div>
   <div class='ocr_carea' id='block_1_47' title="bbox 1825 2558 3445 2637">
    <p class='ocr_par' dir='ltr' id='par_1_47' title="bbox 1856 2559 3445 2633">
     <span class='ocr_line' id='line_1_47' title="bbox 1856 2559 3445 2633; baseline -0.004 -14"><span class='ocrx_word' id='word_1_377' title='bbox 1856 2572 1913 2619; x_wconf 88' lang='lat' dir='ltr'><strong>et</strong></span> <span class='ocrx_word' id='word_1_378' title='bbox 1954 2561 2275 2633; x_wconf 84' lang='lat' dir='ltr'><strong>particulari</strong></span> <span class='ocrx_word' id='word_1_379' title='bbox 2312 2560 2485 2633; x_wconf 84' lang='lat' dir='ltr'><strong>ipsius</strong></span> <span class='ocrx_word' id='word_1_380' title='bbox 2531 2561 2704 2615; x_wconf 89' lang='lat' dir='ltr'><strong>solius</strong></span> <span class='ocrx_word' id='word_1_381' title='bbox 2745 2559 3108 2615; x_wconf 85' lang='lat' dir='ltr'><strong>humanitate.</strong></span> <span class='ocrx_word' id='word_1_382' title='bbox 3138 2559 3385 2630; x_wconf 81' lang='lat' dir='ltr'><strong>Namque</strong></span> <span class='ocrx_word' id='word_1_383' title='bbox 3416 2576 3445 2613; x_wconf 83' lang='lat' dir='ltr'><strong>e</strong></span> 
     </span>
    </p>
   </div>
   <div class='ocr_carea' id='block_1_48' title="bbox 205 2647 1825 2722">
    <p class='ocr_par' dir='ltr' id='par_1_48' title="bbox 205 2647 1746 2722">
     <span class='ocr_line' id='line_1_48' title="bbox 205 2647 1746 2722; baseline 0 -19"><span class='ocrx_word' id='word_1_384' title='bbox 205 2650 473 2721; x_wconf 79' lang='grc' dir='ltr'>ἀνθρώπων</span> <span class='ocrx_word' id='word_1_385' title='bbox 504 2650 640 2722; x_wconf 72' lang='grc' dir='ltr'>πρὸς</span> <span class='ocrx_word' id='word_1_386' title='bbox 674 2654 741 2722; x_wconf 82' lang='grc' dir='ltr'>τῇ</span> <span class='ocrx_word' id='word_1_387' title='bbox 783 2652 1113 2722; x_wconf 82' lang='grc' dir='ltr'>ὲνυπάρκτῳ</span> <span class='ocrx_word' id='word_1_388' title='bbox 1154 2650 1371 2721; x_wconf 78' lang='grc' dir='ltr'>θεότητι</span> <span class='ocrx_word' id='word_1_389' title='bbox 1415 2650 1629 2721; x_wconf 72' lang='grc' dir='ltr'>ἐπινοίᾳ</span> <span class='ocrx_word' id='word_1_390' title='bbox 1661 2647 1746 2703; x_wconf 74' lang='grc' dir='ltr'><strong>οὗ-</strong></span> 
     </span>
    </p>
   </div>
   <div class='ocr_carea' id='block_1_49' title="bbox 1824 2647 3444 2722">
    <p class='ocr_par' dir='ltr' id='par_1_49' title="bbox 1856 2653 3444 2722">
     <span class='ocr_line' id='line_1_49' title="bbox 1856 2653 3444 2722; baseline -0.003 -11"><span class='ocrx_word' id='word_1_391' title='bbox 1856 2656 2074 2711; x_wconf 88' lang='lat' dir='ltr'><strong>duabus</strong></span> <span class='ocrx_word' id='word_1_392' title='bbox 2104 2656 2318 2710; x_wconf 89' lang='lat' dir='ltr'><strong>naturis</strong></span> <span class='ocrx_word' id='word_1_393' title='bbox 2348 2669 2541 2709; x_wconf 82' lang='lat' dir='ltr'><strong>vocem</strong></span> <span class='ocrx_word' id='word_1_394' title='bbox 2579 2653 2824 2707; x_wconf 87' lang='lat' dir='ltr'><strong>stabilire</strong></span> <span class='ocrx_word' id='word_1_395' title='bbox 2857 2653 3122 2722; x_wconf 81' lang='lat' dir='ltr'><strong>possibile</strong></span> <span class='ocrx_word' id='word_1_396' title='bbox 3149 2662 3255 2714; x_wconf 80' lang='lat' dir='ltr'><strong>est.</strong></span> <span class='ocrx_word' id='word_1_397' title='bbox 3291 2664 3347 2708; x_wconf 90' lang='lat' dir='ltr'><strong>et</strong></span> <span class='ocrx_word' id='word_1_398' title='bbox 3381 2669 3444 2707; x_wconf 78' lang='lat' dir='ltr'><strong>ex</strong></span> 
     </span>
    </p>
   </div>
   <div class='ocr_carea' id='block_1_50' title="bbox 207 2742 1827 2816">
    <p class='ocr_par' dir='ltr' id='par_1_50' title="bbox 207 2742 1751 2814">
     <span class='ocr_line' id='line_1_50' title="bbox 207 2742 1751 2814; baseline 0.001 -20"><span class='ocrx_word' id='word_1_399' title='bbox 207 2758 303 2795; x_wconf 77' lang='grc' dir='ltr'>σαν·</span> <span class='ocrx_word' id='word_1_400' title='bbox 348 2742 557 2814; x_wconf 64' lang='grc' dir='ltr'>ἐπινοίᾳ</span> <span class='ocrx_word' id='word_1_401' title='bbox 612 2742 723 2813; x_wconf 79' lang='grc' dir='ltr'><strong>γὰρ</strong></span> <span class='ocrx_word' id='word_1_402' title='bbox 780 2744 874 2796; x_wconf 77' lang='grc' dir='ltr'><strong>καὶ</strong></span> <span class='ocrx_word' id='word_1_403' title='bbox 920 2742 1239 2813; x_wconf 71' lang='grc' dir='ltr'>θεωροῦμεν</span> <span class='ocrx_word' id='word_1_404' title='bbox 1271 2744 1378 2813; x_wconf 83' lang='grc' dir='ltr'><strong>πρὸ</strong></span> <span class='ocrx_word' id='word_1_405' title='bbox 1410 2743 1651 2813; x_wconf 76' lang='grc' dir='ltr'>Χριστοῦ</span> <span class='ocrx_word' id='word_1_406' title='bbox 1684 2742 1751 2795; x_wconf 64' lang='grc' dir='ltr'><strong>τὰ</strong></span> 
     </span>
    </p>
   </div>
   <div class='ocr_carea' id='block_1_51' title="bbox 1824 2742 3444 2816">
    <p class='ocr_par' dir='ltr' id='par_1_51' title="bbox 1859 2746 3444 2816">
     <span class='ocr_line' id='line_1_51' title="bbox 1859 2746 3444 2816; baseline -0.001 -16"><span class='ocrx_word' id='word_1_407' title='bbox 1859 2755 2055 2800; x_wconf 87' lang='lat' dir='ltr'><strong>natura</strong></span> <span class='ocrx_word' id='word_1_408' title='bbox 2112 2762 2211 2816; x_wconf 81' lang='lat' dir='ltr'><strong>per</strong></span> <span class='ocrx_word' id='word_1_409' title='bbox 2252 2747 2650 2800; x_wconf 72' lang='lat' dir='ltr'><strong>extractionem</strong></span> <span class='ocrx_word' id='word_1_410' title='bbox 2703 2754 2982 2814; x_wconf 89' lang='lat' dir='ltr'><strong>assumpta</strong></span> <span class='ocrx_word' id='word_1_411' title='bbox 3051 2761 3116 2800; x_wconf 82' lang='lat' dir='ltr'><strong>ex</strong></span> <span class='ocrx_word' id='word_1_412' title='bbox 3157 2746 3444 2800; x_wconf 86' lang='lat' dir='ltr'><strong>hominum</strong></span> 
     </span>
    </p>
   </div>
   <div class='ocr_carea' id='block_1_52' title="bbox 206 2830 1826 2908">
    <p class='ocr_par' dir='ltr' id='par_1_52' title="bbox 206 2830 1749 2903">
     <span class='ocr_line' id='line_1_52' title="bbox 206 2830 1749 2903; baseline 0.001 -20"><span class='ocrx_word' id='word_1_413' title='bbox 206 2830 432 2903; x_wconf 73' lang='grc' dir='ltr'>Χριστοῦ⁸</span> <span class='ocrx_word' id='word_1_414' title='bbox 476 2832 545 2885; x_wconf 77' lang='grc' dir='ltr'>τὰ</span> <span class='ocrx_word' id='word_1_415' title='bbox 580 2832 639 2884; x_wconf 82' lang='grc' dir='ltr'>δὲ</span> <span class='ocrx_word' id='word_1_416' title='bbox 671 2834 729 2885; x_wconf 73' lang='grc' dir='ltr'>ὲν</span> <span class='ocrx_word' id='word_1_417' title='bbox 759 2832 910 2903; x_wconf 84' lang='grc' dir='ltr'><strong>αὐτῷ</strong></span> <span class='ocrx_word' id='word_1_418' title='bbox 935 2832 1265 2900; x_wconf 80' lang='grc' dir='ltr'>ὑφεστώτως</span> <span class='ocrx_word' id='word_1_419' title='bbox 1291 2834 1421 2886; x_wconf 74' lang='grc' dir='ltr'>ὄντα</span> <span class='ocrx_word' id='word_1_420' title='bbox 1443 2833 1749 2901; x_wconf 78' lang='grc' dir='ltr'>ὁμολογεῖν,</span> 
     </span>
    </p>
   </div>
   <div class='ocr_carea' id='block_1_53' title="bbox 1824 2830 3444 2908">
    <p class='ocr_par' dir='ltr' id='par_1_53' title="bbox 1859 2838 3444 2908">
     <span class='ocr_line' id='line_1_53' title="bbox 1859 2838 3444 2908; baseline -0.001 -15"><span class='ocrx_word' id='word_1_421' title='bbox 1859 2838 2140 2893; x_wconf 88' lang='lat' dir='ltr'><strong>communi</strong></span> <span class='ocrx_word' id='word_1_422' title='bbox 2170 2848 2366 2892; x_wconf 85' lang='lat' dir='ltr'><strong>natura</strong></span> <span class='ocrx_word' id='word_1_423' title='bbox 2388 2838 2453 2891; x_wconf 85' lang='lat' dir='ltr'><strong>ad</strong></span> <span class='ocrx_word' id='word_1_424' title='bbox 2479 2838 2825 2891; x_wconf 74' lang='lat' dir='ltr'><strong>divinitatem</strong></span> <span class='ocrx_word' id='word_1_425' title='bbox 2858 2838 3008 2892; x_wconf 87' lang='lat' dir='ltr'><strong>intus</strong></span> <span class='ocrx_word' id='word_1_426' title='bbox 3031 2846 3444 2908; x_wconf 84' lang='lat' dir='ltr'><strong>permanentem</strong></span> 
     </span>
    </p>
   </div>
   <div class='ocr_carea' id='block_1_54' title="bbox 205 2922 1825 3000">
    <p class='ocr_par' dir='ltr' id='par_1_54' title="bbox 205 2922 1755 2996">
     <span class='ocr_line' id='line_1_54' title="bbox 205 2922 1755 2996; baseline 0.003 -23"><span class='ocrx_word' id='word_1_427' title='bbox 205 2922 287 2976; x_wconf 63' lang='grc' dir='ltr'>οὐκ</span> <span class='ocrx_word' id='word_1_428' title='bbox 336 2922 444 2975; x_wconf 73' lang='grc' dir='ltr'>ἔστι</span> <span class='ocrx_word' id='word_1_429' title='bbox 482 2923 587 2994; x_wconf 67' lang='grc' dir='ltr'><strong>πρὸ</strong></span> <span class='ocrx_word' id='word_1_430' title='bbox 637 2923 824 2987; x_wconf 77' lang='grc' dir='ltr'>αὐτοῦ,</span> <span class='ocrx_word' id='word_1_431' title='bbox 860 2923 975 2978; x_wconf 74' lang='grc' dir='ltr'><strong>ἀλλ’</strong></span> <span class='ocrx_word' id='word_1_432' title='bbox 1013 2927 1071 2977; x_wconf 80' lang='grc' dir='ltr'>ὲν</span> <span class='ocrx_word' id='word_1_433' title='bbox 1116 2924 1283 2995; x_wconf 78' lang='grc' dir='ltr'>αὐτῷ·</span> <span class='ocrx_word' id='word_1_434' title='bbox 1331 2923 1471 2979; x_wconf 86' lang='grc' dir='ltr'>ὥστε</span> <span class='ocrx_word' id='word_1_435' title='bbox 1524 2924 1622 2996; x_wconf 78' lang='grc' dir='ltr'>τὴν</span> <span class='ocrx_word' id='word_1_436' title='bbox 1662 2927 1755 2995; x_wconf 78' lang='grc' dir='ltr'>ὑφο</span> 
     </span>
    </p>
   </div>
   <div class='ocr_carea' id='block_1_55' title="bbox 1826 2922 3446 3000">
    <p class='ocr_par' dir='ltr' id='par_1_55' title="bbox 1859 2927 3446 3000">
     <span class='ocr_line' id='line_1_55' title="bbox 1859 2927 3446 3000; baseline -0.002 -16"><span class='ocrx_word' id='word_1_437' title='bbox 1859 2930 2191 3000; x_wconf 73' lang='lat' dir='ltr'><strong>cogitatione</strong></span> <span class='ocrx_word' id='word_1_438' title='bbox 2226 2930 2608 2983; x_wconf 74' lang='lat' dir='ltr'><strong>exsistentem.</strong></span> <span class='ocrx_word' id='word_1_439' title='bbox 2643 2927 2990 2997; x_wconf 80' lang='lat' dir='ltr'><strong>Cogitatione</strong></span> <span class='ocrx_word' id='word_1_440' title='bbox 3034 2928 3186 2981; x_wconf 87' lang='lat' dir='ltr'><strong>enim</strong></span> <span class='ocrx_word' id='word_1_441' title='bbox 3231 2937 3289 2983; x_wconf 86' lang='lat' dir='ltr'><strong>et</strong></span> <span class='ocrx_word' id='word_1_442' title='bbox 3319 2938 3446 2982; x_wconf 84' lang='lat' dir='ltr'><strong>ante</strong></span> 
     </span>
    </p>
   </div>
   <div class='ocr_carea' id='block_1_56' title="bbox 208 3015 1828 3089">
    <p class='ocr_par' dir='ltr' id='par_1_56' title="bbox 208 3015 1755 3089">
     <span class='ocr_line' id='line_1_56' title="bbox 208 3015 1755 3089; baseline 0.003 -25"><span class='ocrx_word' id='word_1_443' title='bbox 208 3015 423 3069; x_wconf 74' lang='grc' dir='ltr'>εειῶσαν</span> <span class='ocrx_word' id='word_1_444' title='bbox 451 3016 616 3071; x_wconf 77' lang='grc' dir='ltr'>αὑτοῦ</span> <span class='ocrx_word' id='word_1_445' title='bbox 659 3015 1077 3089; x_wconf 79' lang='grc' dir='ltr'>ἀνθρωπότητα,</span> <span class='ocrx_word' id='word_1_446' title='bbox 1108 3017 1157 3069; x_wconf 77' lang='grc' dir='ltr'>οἱ</span> <span class='ocrx_word' id='word_1_447' title='bbox 1185 3015 1278 3071; x_wconf 79' lang='grc' dir='ltr'>δύο</span> <span class='ocrx_word' id='word_1_448' title='bbox 1326 3016 1516 3087; x_wconf 86' lang='grc' dir='ltr'>φύσεις</span> <span class='ocrx_word' id='word_1_449' title='bbox 1552 3017 1755 3080; x_wconf 78' lang='grc' dir='ltr'>εἰδότες</span> 
     </span>
    </p>
   </div>
   <div class='ocr_carea' id='block_1_57' title="bbox 1824 3015 3444 3089">
    <p class='ocr_par' dir='ltr' id='par_1_57' title="bbox 1860 3017 3444 3089">
     <span class='ocr_line' id='line_1_57' title="bbox 1860 3017 3444 3089; baseline -0.004 -14"><span class='ocrx_word' id='word_1_450' title='bbox 1860 3019 2141 3075; x_wconf 83' lang='lat' dir='ltr'><strong>Christum</strong></span> <span class='ocrx_word' id='word_1_451' title='bbox 2176 3034 2237 3074; x_wconf 82' lang='lat' dir='ltr'><strong>ea</strong></span> <span class='ocrx_word' id='word_1_452' title='bbox 2276 3033 2398 3089; x_wconf 66' lang='lat' dir='ltr'><strong>quae</strong></span> <span class='ocrx_word' id='word_1_453' title='bbox 2428 3018 2483 3071; x_wconf 83' lang='lat' dir='ltr'><strong>in</strong></span> <span class='ocrx_word' id='word_1_454' title='bbox 2531 3017 2752 3072; x_wconf 86' lang='lat' dir='ltr'><strong>Christo</strong></span> <span class='ocrx_word' id='word_1_455' title='bbox 2799 3025 2930 3072; x_wconf 87' lang='lat' dir='ltr'><strong>sunt</strong></span> <span class='ocrx_word' id='word_1_456' title='bbox 2977 3018 3444 3087; x_wconf 80' lang='lat' dir='ltr'><strong>contemplamur;</strong></span> 
     </span>
    </p>
   </div>
   <div class='ocr_carea' id='block_1_58' title="bbox 210 3106 1830 3181">
    <p class='ocr_par' dir='ltr' id='par_1_58' title="bbox 210 3106 1756 3179">
     <span class='ocr_line' id='line_1_58' title="bbox 210 3106 1756 3179; baseline 0.002 -21"><span class='ocrx_word' id='word_1_457' title='bbox 210 3106 458 3176; x_wconf 68' lang='grc' dir='ltr'>ἡνωμένας</span> <span class='ocrx_word' id='word_1_458' title='bbox 508 3108 567 3161; x_wconf 80' lang='grc' dir='ltr'>ὲν</span> <span class='ocrx_word' id='word_1_459' title='bbox 612 3106 836 3178; x_wconf 81' lang='grc' dir='ltr'>Χριστῷ</span> <span class='ocrx_word' id='word_1_460' title='bbox 879 3124 1012 3176; x_wconf 78' lang='grc' dir='ltr'>φασι</span> <span class='ocrx_word' id='word_1_461' title='bbox 1060 3108 1282 3178; x_wconf 80' lang='grc' dir='ltr'>μᾶλλον,</span> <span class='ocrx_word' id='word_1_462' title='bbox 1312 3109 1457 3179; x_wconf 62' lang='grc' dir='ltr'>ἢπερ</span> <span class='ocrx_word' id='word_1_463' title='bbox 1492 3108 1540 3160; x_wconf 74' lang='grc' dir='ltr'>οἱ</span> <span class='ocrx_word' id='word_1_464' title='bbox 1572 3110 1635 3161; x_wconf 78' lang='grc' dir='ltr'>ἐκ</span> <span class='ocrx_word' id='word_1_465' title='bbox 1662 3107 1756 3161; x_wconf 83' lang='grc' dir='ltr'>δυο</span> 
     </span>
    </p>
   </div>
   <div class='ocr_carea' id='block_1_59' title="bbox 1826 3106 3446 3181">
    <p class='ocr_par' dir='ltr' id='par_1_59' title="bbox 1864 3108 3446 3181">
     <span class='ocr_line' id='line_1_59' title="bbox 1864 3108 3446 3181; baseline -0.001 -17"><span class='ocrx_word' id='word_1_466' title='bbox 1864 3126 1985 3181; x_wconf 66' lang='lat' dir='ltr'><strong>qua:</strong></span> <span class='ocrx_word' id='word_1_467' title='bbox 2010 3125 2142 3164; x_wconf 84' lang='lat' dir='ltr'><strong>vero</strong></span> <span class='ocrx_word' id='word_1_468' title='bbox 2174 3111 2227 3163; x_wconf 88' lang='lat' dir='ltr'><strong>in</strong></span> <span class='ocrx_word' id='word_1_469' title='bbox 2260 3110 2381 3179; x_wconf 90' lang='lat' dir='ltr'><strong>ipso</strong></span> <span class='ocrx_word' id='word_1_470' title='bbox 2413 3108 2593 3178; x_wconf 85' lang='lat' dir='ltr'><strong>reipsa</strong></span> <span class='ocrx_word' id='word_1_471' title='bbox 2620 3115 2750 3163; x_wconf 87' lang='lat' dir='ltr'><strong>sunt</strong></span> <span class='ocrx_word' id='word_1_472' title='bbox 2770 3108 3047 3173; x_wconf 77' lang='lat' dir='ltr'><strong>confiteri,</strong></span> <span class='ocrx_word' id='word_1_473' title='bbox 3068 3124 3179 3163; x_wconf 89' lang='lat' dir='ltr'><strong>non</strong></span> <span class='ocrx_word' id='word_1_474' title='bbox 3200 3120 3283 3165; x_wconf 89' lang='lat' dir='ltr'><strong>est</strong></span> <span class='ocrx_word' id='word_1_475' title='bbox 3313 3109 3446 3164; x_wconf 88' lang='lat' dir='ltr'><strong>illud</strong></span> 
     </span>
    </p>
   </div>
   <div class='ocr_carea' id='block_1_60' title="bbox 210 3189 1830 3270">
    <p class='ocr_par' dir='ltr' id='par_1_60' title="bbox 210 3189 1819 3267">
     <span class='ocr_line' id='line_1_60' title="bbox 210 3189 1819 3267; baseline 0.008 -19"><span class='ocrx_word' id='word_1_476' title='bbox 210 3198 391 3263; x_wconf 66' lang='lat' dir='ltr'><strong>93mm</strong></span> <span class='ocrx_word' id='word_1_477' title='bbox 416 3198 663 3267; x_wconf 77' lang='grc' dir='ltr'>λέγοντες</span> <span class='ocrx_word' id='word_1_478' title='bbox 690 3198 876 3253; x_wconf 72' lang='grc' dir='ltr'>αὐτόν.</span> <span class='ocrx_word' id='word_1_479' title='bbox 1780 3189 1819 3247; x_wconf 75' lang='lat' dir='ltr'><strong>C</strong></span> 
     </span>
    </p>
   </div>
   <div class='ocr_carea' id='block_1_61' title="bbox 1830 3189 3450 3270">
    <p class='ocr_par' dir='ltr' id='par_1_61' title="bbox 1854 3199 3450 3270">
     <span class='ocr_line' id='line_1_61' title="bbox 1854 3199 3450 3270; baseline -0.001 -15"><span class='ocrx_word' id='word_1_480' title='bbox 1854 3210 1981 3255; x_wconf 85' lang='lat' dir='ltr'><strong>ante</strong></span> <span class='ocrx_word' id='word_1_481' title='bbox 2012 3201 2215 3270; x_wconf 90' lang='lat' dir='ltr'><strong>ipsum,</strong></span> <span class='ocrx_word' id='word_1_482' title='bbox 2240 3200 2335 3255; x_wconf 91' lang='lat' dir='ltr'><strong>sed</strong></span> <span class='ocrx_word' id='word_1_483' title='bbox 2373 3200 2428 3254; x_wconf 90' lang='lat' dir='ltr'><strong>in</strong></span> <span class='ocrx_word' id='word_1_484' title='bbox 2471 3199 2622 3270; x_wconf 86' lang='lat' dir='ltr'><strong>ipso;</strong></span> <span class='ocrx_word' id='word_1_485' title='bbox 2646 3200 2720 3253; x_wconf 87' lang='lat' dir='ltr'><strong>ita</strong></span> <span class='ocrx_word' id='word_1_486' title='bbox 2754 3208 2815 3255; x_wconf 89' lang='lat' dir='ltr'><strong>ut</strong></span> <span class='ocrx_word' id='word_1_487' title='bbox 2849 3200 3244 3256; x_wconf 88' lang='lat' dir='ltr'><strong>subsistentem</strong></span> <span class='ocrx_word' id='word_1_488' title='bbox 3274 3201 3450 3270; x_wconf 89' lang='lat' dir='ltr'><strong>ipsius</strong></span> 
     </span>
    </p>
   </div>
   <div class='ocr_carea' id='block_1_62' title="bbox 212 3288 3452 3362">
    <p class='ocr_par' dir='ltr' id='par_1_62' title="bbox 212 3288 3452 3362">
     <span class='ocr_line' id='line_1_62' title="bbox 212 3288 3452 3362; baseline 0.002 -23"><span class='ocrx_word' id='word_1_489' title='bbox 212 3288 593 3356; x_wconf 83' lang='lat' dir='ltr'><strong>humanitatem,</strong></span> <span class='ocrx_word' id='word_1_490' title='bbox 620 3290 715 3361; x_wconf 87' lang='lat' dir='ltr'><strong>qui</strong></span> <span class='ocrx_word' id='word_1_491' title='bbox 739 3291 877 3346; x_wconf 83' lang='lat' dir='ltr'><strong>duas</strong></span> <span class='ocrx_word' id='word_1_492' title='bbox 903 3300 1126 3346; x_wconf 81' lang='lat' dir='ltr'><strong>naturas</strong></span> <span class='ocrx_word' id='word_1_493' title='bbox 1178 3299 1419 3346; x_wconf 88' lang='lat' dir='ltr'><strong>noscunt</strong></span> <span class='ocrx_word' id='word_1_494' title='bbox 1442 3291 1713 3346; x_wconf 87' lang='lat' dir='ltr'><strong>adunatas</strong></span> <span class='ocrx_word' id='word_1_495' title='bbox 1767 3290 1820 3345; x_wconf 90' lang='lat' dir='ltr'><strong>in</strong></span> <span class='ocrx_word' id='word_1_496' title='bbox 1859 3291 2103 3358; x_wconf 86' lang='lat' dir='ltr'><strong>Christo,</strong></span> <span class='ocrx_word' id='word_1_497' title='bbox 2138 3291 2331 3347; x_wconf 85' lang='lat' dir='ltr'><strong>dicunt</strong></span> <span class='ocrx_word' id='word_1_498' title='bbox 2378 3292 2551 3362; x_wconf 77' lang='lat' dir='ltr'><strong>magis</strong></span> <span class='ocrx_word' id='word_1_499' title='bbox 2587 3306 2749 3362; x_wconf 89' lang='lat' dir='ltr'><strong>quam</strong></span> <span class='ocrx_word' id='word_1_500' title='bbox 2786 3293 2879 3361; x_wconf 91' lang='lat' dir='ltr'><strong>qui</strong></span> <span class='ocrx_word' id='word_1_501' title='bbox 2914 3308 2945 3347; x_wconf 89' lang='lat' dir='ltr'><strong>e</strong></span> <span class='ocrx_word' id='word_1_502' title='bbox 2979 3292 3195 3347; x_wconf 86' lang='lat' dir='ltr'><strong>duabus</strong></span> <span class='ocrx_word' id='word_1_503' title='bbox 3239 3294 3452 3347; x_wconf 83' lang='lat' dir='ltr'><strong>naturis</strong></span> 
     </span>
    </p>
   </div>
   <div class='ocr_carea' id='block_1_63' title="bbox 214 3379 597 3449">
    <p class='ocr_par' dir='ltr' id='par_1_63' title="bbox 214 3379 597 3449">
     <span class='ocr_line' id='line_1_63' title="bbox 214 3379 597 3449; baseline 0.01 -18"><span class='ocrx_word' id='word_1_504' title='bbox 214 3379 359 3449; x_wconf 75' lang='lat' dir='ltr'><strong>ipsam</strong></span> <span class='ocrx_word' id='word_1_505' title='bbox 392 3381 597 3438; x_wconf 87' lang='lat' dir='ltr'><strong>dicunt.</strong></span> 
     </span>
    </p>
   </div>
   <div class='ocr_carea' id='block_1_64' title="bbox 272 3474 1892 3547">
    <p class='ocr_par' dir='ltr' id='par_1_64' title="bbox 272 3474 1762 3547">
     <span class='ocr_line' id='line_1_64' title="bbox 272 3474 1762 3547; baseline 0.001 -21"><span class='ocrx_word' id='word_1_506' title='bbox 272 3475 358 3529; x_wconf 72' lang='lat' dir='ltr'><strong>vb’.</strong></span> <span class='ocrx_word' id='word_1_507' title='bbox 395 3474 515 3529; x_wconf 82' lang='grc' dir='ltr'>Ἔτι</span> <span class='ocrx_word' id='word_1_508' title='bbox 550 3479 582 3545; x_wconf 77' lang='grc' dir='ltr'>ἡ</span> <span class='ocrx_word' id='word_1_509' title='bbox 638 3477 737 3545; x_wconf 73' lang='grc' dir='ltr'>μία</span> <span class='ocrx_word' id='word_1_510' title='bbox 774 3475 940 3547; x_wconf 82' lang='grc' dir='ltr'>φύσις</span> <span class='ocrx_word' id='word_1_511' title='bbox 968 3475 1061 3529; x_wconf 86' lang='grc' dir='ltr'><strong>τοῦ</strong></span> <span class='ocrx_word' id='word_1_512' title='bbox 1098 3476 1233 3530; x_wconf 83' lang='grc' dir='ltr'>Θεοῦ</span> <span class='ocrx_word' id='word_1_513' title='bbox 1271 3476 1446 3544; x_wconf 86' lang='grc' dir='ltr'>Λόγου</span> <span class='ocrx_word' id='word_1_514' title='bbox 1473 3477 1510 3546; x_wconf 78' lang='grc' dir='ltr'>ἡ</span> <span class='ocrx_word' id='word_1_515' title='bbox 1535 3476 1629 3530; x_wconf 87' lang='grc' dir='ltr'><strong>νῦν</strong></span> <span class='ocrx_word' id='word_1_516' title='bbox 1672 3492 1762 3528; x_wconf 82' lang='grc' dir='ltr'>σε-</span> 
     </span>
    </p>
   </div>
   <div class='ocr_carea' id='block_1_65' title="bbox 1834 3474 3454 3547">
    <p class='ocr_par' dir='ltr' id='par_1_65' title="bbox 1938 3474 3454 3543">
     <span class='ocr_line' id='line_1_65' title="bbox 1938 3474 3454 3543; baseline -0.001 -12"><span class='ocrx_word' id='word_1_517' title='bbox 1938 3478 2026 3531; x_wconf 82' lang='grc'><strong>59.</strong></span> <span class='ocrx_word' id='word_1_518' title='bbox 2062 3474 2256 3530; x_wconf 84' lang='lat' dir='ltr'><strong>Adhuc</strong></span> <span class='ocrx_word' id='word_1_519' title='bbox 2295 3474 2453 3529; x_wconf 84' lang='lat' dir='ltr'><strong>nnica</strong></span> <span class='ocrx_word' id='word_1_520' title='bbox 2484 3475 2581 3530; x_wconf 86' lang='lat' dir='ltr'><strong>Dei</strong></span> <span class='ocrx_word' id='word_1_521' title='bbox 2614 3475 2777 3530; x_wconf 71' lang='lat' dir='ltr'><strong>Verbi</strong></span> <span class='ocrx_word' id='word_1_522' title='bbox 2807 3484 3003 3529; x_wconf 82' lang='lat' dir='ltr'><strong>natura</strong></span> <span class='ocrx_word' id='word_1_523' title='bbox 3036 3490 3156 3543; x_wconf 79' lang='lat' dir='ltr'><strong>qua:</strong></span> <span class='ocrx_word' id='word_1_524' title='bbox 3188 3491 3336 3530; x_wconf 80' lang='lat' dir='ltr'><strong>nunc</strong></span> <span class='ocrx_word' id='word_1_525' title='bbox 3368 3477 3454 3532; x_wconf 70' lang='lat' dir='ltr'><strong>iu-</strong></span> 
     </span>
    </p>
   </div>
   <div class='ocr_carea' id='block_1_66' title="bbox 216 3563 1836 3638">
    <p class='ocr_par' dir='ltr' id='par_1_66' title="bbox 216 3563 1764 3638">
     <span class='ocr_line' id='line_1_66' title="bbox 216 3563 1764 3638; baseline 0.002 -22"><span class='ocrx_word' id='word_1_526' title='bbox 216 3565 549 3636; x_wconf 76' lang='grc' dir='ltr'>σαρκωμένη,</span> <span class='ocrx_word' id='word_1_527' title='bbox 586 3563 658 3638; x_wconf 76' lang='grc' dir='ltr'>ἦν</span> <span class='ocrx_word' id='word_1_528' title='bbox 695 3583 828 3619; x_wconf 74' lang='grc' dir='ltr'>ποτε</span> <span class='ocrx_word' id='word_1_529' title='bbox 886 3565 1369 3637; x_wconf 76' lang='grc' dir='ltr'>σεσαρκοιμένη,ἢ</span> <span class='ocrx_word' id='word_1_530' title='bbox 1414 3566 1568 3637; x_wconf 71' lang='grc' dir='ltr'>οὐχι,</span> <span class='ocrx_word' id='word_1_531' title='bbox 1615 3566 1661 3618; x_wconf 69' lang='grc' dir='ltr'>εἰ</span> <span class='ocrx_word' id='word_1_532' title='bbox 1710 3567 1764 3619; x_wconf 83' lang='grc' dir='ltr'><strong>δὲ</strong></span> 
     </span>
    </p>
   </div>
   <div class='ocr_carea' id='block_1_67' title="bbox 1838 3563 3458 3638">
    <p class='ocr_par' dir='ltr' id='par_1_67' title="bbox 1864 3567 3458 3633">
     <span class='ocr_line' id='line_1_67' title="bbox 1864 3567 3458 3633; baseline -0.003 -9"><span class='ocrx_word' id='word_1_533' title='bbox 1864 3579 2089 3624; x_wconf 85' lang='lat' dir='ltr'><strong>carnata</strong></span> <span class='ocrx_word' id='word_1_534' title='bbox 2120 3578 2225 3633; x_wconf 86' lang='lat' dir='ltr'><strong>est,</strong></span> <span class='ocrx_word' id='word_1_535' title='bbox 2254 3576 2444 3623; x_wconf 81' lang='lat' dir='ltr'><strong>eratne</strong></span> <span class='ocrx_word' id='word_1_536' title='bbox 2476 3569 2606 3622; x_wconf 89' lang='lat' dir='ltr'><strong>olim</strong></span> <span class='ocrx_word' id='word_1_537' title='bbox 2634 3568 2940 3633; x_wconf 87' lang='lat' dir='ltr'><strong>incarnala,</strong></span> <span class='ocrx_word' id='word_1_538' title='bbox 2962 3583 3034 3621; x_wconf 87' lang='lat' dir='ltr'><strong>an</strong></span> <span class='ocrx_word' id='word_1_539' title='bbox 3059 3567 3207 3621; x_wconf 88' lang='lat' dir='ltr'><strong>non?</strong></span> <span class='ocrx_word' id='word_1_540' title='bbox 3235 3568 3291 3623; x_wconf 86' lang='lat' dir='ltr'><strong>Si</strong></span> <span class='ocrx_word' id='word_1_541' title='bbox 3322 3584 3458 3623; x_wconf 84' lang='lat' dir='ltr'><strong>vero</strong></span> 
     </span>
    </p>
   </div>
   <div class='ocr_carea' id='block_1_68' title="bbox 212 3656 1832 3731">
    <p class='ocr_par' dir='ltr' id='par_1_68' title="bbox 212 3656 1765 3727">
     <span class='ocr_line' id='line_1_68' title="bbox 212 3656 1765 3727; baseline 0 -19"><span class='ocrx_word' id='word_1_542' title='bbox 212 3656 348 3709; x_wconf 82' lang='grc' dir='ltr'>τοῦτο</span> <span class='ocrx_word' id='word_1_543' title='bbox 384 3656 748 3727; x_wconf 64' lang='grc' dir='ltr'>ἀναμφίωλον</span> <span class='ocrx_word' id='word_1_544' title='bbox 789 3656 886 3710; x_wconf 73' lang='grc' dir='ltr'>καὶ</span> <span class='ocrx_word' id='word_1_545' title='bbox 934 3656 1142 3722; x_wconf 70' lang='grc' dir='ltr'>αὐτοῖς,</span> <span class='ocrx_word' id='word_1_546' title='bbox 1177 3658 1475 3710; x_wconf 78' lang='grc' dir='ltr'>ἀκουστέον</span> <span class='ocrx_word' id='word_1_547' title='bbox 1506 3659 1636 3727; x_wconf 76' lang='grc' dir='ltr'>παρ’</span> <span class='ocrx_word' id='word_1_548' title='bbox 1671 3656 1765 3708; x_wconf 82' lang='grc' dir='ltr'>αύ-</span> 
     </span>
    </p>
   </div>
   <div class='ocr_carea' id='block_1_69' title="bbox 1836 3656 3456 3731">
    <p class='ocr_par' dir='ltr' id='par_1_69' title="bbox 1869 3660 3456 3731">
     <span class='ocr_line' id='line_1_69' title="bbox 1869 3660 3456 3731; baseline -0.001 -15"><span class='ocrx_word' id='word_1_549' title='bbox 1869 3663 2003 3717; x_wconf 88' lang='lat' dir='ltr'><strong>illud</strong></span> <span class='ocrx_word' id='word_1_550' title='bbox 2043 3661 2409 3717; x_wconf 85' lang='lat' dir='ltr'><strong>indubitabile</strong></span> <span class='ocrx_word' id='word_1_551' title='bbox 2454 3670 2512 3717; x_wconf 86' lang='lat' dir='ltr'><strong>et</strong></span> <span class='ocrx_word' id='word_1_552' title='bbox 2561 3660 2717 3731; x_wconf 86' lang='lat' dir='ltr'><strong>ipsis,</strong></span> <span class='ocrx_word' id='word_1_553' title='bbox 2750 3676 2817 3716; x_wconf 81' lang='lat' dir='ltr'><strong>ex</strong></span> <span class='ocrx_word' id='word_1_554' title='bbox 2853 3660 2990 3731; x_wconf 80' lang='lat' dir='ltr'><strong>ipsis</strong></span> <span class='ocrx_word' id='word_1_555' title='bbox 3019 3660 3381 3727; x_wconf 85' lang='lat' dir='ltr'><strong>audiendum,</strong></span> <span class='ocrx_word' id='word_1_556' title='bbox 3412 3664 3456 3717; x_wconf 84' lang='lat' dir='ltr'><strong>si</strong></span> 
     </span>
    </p>
   </div>
   <div class='ocr_carea' id='block_1_70' title="bbox 213 3742 1833 3823">
    <p class='ocr_par' dir='ltr' id='par_1_70' title="bbox 213 3742 1765 3818">
     <span class='ocr_line' id='line_1_70' title="bbox 213 3742 1765 3818; baseline -0.001 -18"><span class='ocrx_word' id='word_1_557' title='bbox 213 3746 325 3812; x_wconf 78' lang='grc' dir='ltr'>τῶν,</span> <span class='ocrx_word' id='word_1_558' title='bbox 361 3749 405 3801; x_wconf 79' lang='grc' dir='ltr'>εἰ</span> <span class='ocrx_word' id='word_1_559' title='bbox 440 3747 578 3801; x_wconf 84' lang='grc' dir='ltr'>Θεοῦ</span> <span class='ocrx_word' id='word_1_560' title='bbox 606 3764 665 3800; x_wconf 89' lang='grc' dir='ltr'><strong>τε</strong></span> <span class='ocrx_word' id='word_1_561' title='bbox 696 3747 871 3815; x_wconf 79' lang='grc' dir='ltr'>Λόγου</span> <span class='ocrx_word' id='word_1_562' title='bbox 902 3742 992 3818; x_wconf 78' lang='grc' dir='ltr'>ἦν,</span> <span class='ocrx_word' id='word_1_563' title='bbox 1038 3746 1133 3800; x_wconf 73' lang='grc' dir='ltr'><strong>καὶ</strong></span> <span class='ocrx_word' id='word_1_564' title='bbox 1186 3746 1349 3816; x_wconf 83' lang='grc' dir='ltr'>φύσις</span> <span class='ocrx_word' id='word_1_565' title='bbox 1395 3742 1486 3817; x_wconf 82' lang='grc' dir='ltr'>ἦν,</span> <span class='ocrx_word' id='word_1_566' title='bbox 1539 3750 1633 3799; x_wconf 74' lang='grc' dir='ltr'>καὶ</span> <span class='ocrx_word' id='word_1_567' title='bbox 1667 3747 1765 3817; x_wconf 82' lang='grc' dir='ltr'>μία</span> 
     </span>
    </p>
   </div>
   <div class='ocr_carea' id='block_1_71' title="bbox 1837 3742 3457 3823">
    <p class='ocr_par' dir='ltr' id='par_1_71' title="bbox 1867 3751 3457 3823">
     <span class='ocr_line' id='line_1_71' title="bbox 1867 3751 3457 3823; baseline -0.002 -14"><span class='ocrx_word' id='word_1_568' title='bbox 1867 3755 1967 3809; x_wconf 85' lang='lat' dir='ltr'><strong>Dei</strong></span> <span class='ocrx_word' id='word_1_569' title='bbox 1999 3754 2167 3811; x_wconf 81' lang='lat' dir='ltr'><strong>Verbi</strong></span> <span class='ocrx_word' id='word_1_570' title='bbox 2213 3761 2353 3817; x_wconf 89' lang='lat' dir='ltr'><strong>erat,</strong></span> <span class='ocrx_word' id='word_1_571' title='bbox 2387 3753 2433 3807; x_wconf 90' lang='lat' dir='ltr'><strong>si</strong></span> <span class='ocrx_word' id='word_1_572' title='bbox 2482 3762 2703 3817; x_wconf 88' lang='lat' dir='ltr'><strong>natura,</strong></span> <span class='ocrx_word' id='word_1_573' title='bbox 2736 3751 2781 3807; x_wconf 90' lang='lat' dir='ltr'><strong>si</strong></span> <span class='ocrx_word' id='word_1_574' title='bbox 2835 3752 3021 3816; x_wconf 88' lang='lat' dir='ltr'><strong>unica,</strong></span> <span class='ocrx_word' id='word_1_575' title='bbox 3067 3751 3113 3807; x_wconf 91' lang='lat' dir='ltr'><strong>si</strong></span> <span class='ocrx_word' id='word_1_576' title='bbox 3161 3760 3457 3823; x_wconf 79' lang='lat' dir='ltr'><strong>antequam</strong></span> 
     </span>
    </p>
   </div>
   <div class='ocr_carea' id='block_1_72' title="bbox 212 3832 1832 3916">
    <p class='ocr_par' dir='ltr' id='par_1_72' title="bbox 212 3832 1767 3911">
     <span class='ocr_line' id='line_1_72' title="bbox 212 3832 1767 3911; baseline 0.002 -24"><span class='ocrx_word' id='word_1_577' title='bbox 212 3832 287 3907; x_wconf 71' lang='grc' dir='ltr'>ἦν,</span> <span class='ocrx_word' id='word_1_578' title='bbox 316 3840 401 3893; x_wconf 72' lang='grc' dir='ltr'><strong>καὶ</strong></span> <span class='ocrx_word' id='word_1_579' title='bbox 443 3838 547 3911; x_wconf 78' lang='grc' dir='ltr'>πρὸ</span> <span class='ocrx_word' id='word_1_580' title='bbox 595 3838 693 3891; x_wconf 78' lang='grc' dir='ltr'><strong>τοῦ</strong></span> <span class='ocrx_word' id='word_1_581' title='bbox 744 3837 1121 3909; x_wconf 83' lang='grc' dir='ltr'>σαρκωθῆναι,</span> <span class='ocrx_word' id='word_1_582' title='bbox 1180 3838 1550 3909; x_wconf 72' lang='grc' dir='ltr'>σαρκωθεῖσα,</span> <span class='ocrx_word' id='word_1_583' title='bbox 1584 3838 1637 3891; x_wconf 80' lang='grc' dir='ltr'>τί</span> <span class='ocrx_word' id='word_1_584' title='bbox 1669 3841 1767 3890; x_wconf 80' lang='grc' dir='ltr'><strong>ἐπ-</strong></span> 
     </span>
    </p>
   </div>
   <div class='ocr_carea' id='block_1_73' title="bbox 1841 3832 3461 3916">
    <p class='ocr_par' dir='ltr' id='par_1_73' title="bbox 1871 3844 3461 3916">
     <span class='ocr_line' id='line_1_73' title="bbox 1871 3844 3461 3916; baseline -0.001 -15"><span class='ocrx_word' id='word_1_585' title='bbox 1871 3848 2256 3903; x_wconf 85' lang='lat' dir='ltr'><strong>incarnaretur</strong></span> <span class='ocrx_word' id='word_1_586' title='bbox 2306 3847 2619 3907; x_wconf 72' lang='lat' dir='ltr'><strong>incantata,</strong></span> <span class='ocrx_word' id='word_1_587' title='bbox 2678 3844 2812 3915; x_wconf 91' lang='lat' dir='ltr'><strong>quid</strong></span> <span class='ocrx_word' id='word_1_588' title='bbox 2866 3844 3194 3914; x_wconf 80' lang='lat' dir='ltr'><strong>acquisivit,</strong></span> <span class='ocrx_word' id='word_1_589' title='bbox 3255 3847 3461 3916; x_wconf 76' lang='lat' dir='ltr'><strong>quidm</strong></span> 
     </span>
    </p>
   </div>
   <div class='ocr_carea' id='block_1_74' title="bbox 215 3929 1835 4009">
    <p class='ocr_par' dir='ltr' id='par_1_74' title="bbox 215 3929 1770 4001">
     <span class='ocr_line' id='line_1_74' title="bbox 215 3929 1770 4001; baseline 0.002 -22"><span class='ocrx_word' id='word_1_590' title='bbox 215 3931 533 4001; x_wconf 75' lang='grc' dir='ltr'>εκτήσατο,ἥ</span> <span class='ocrx_word' id='word_1_591' title='bbox 587 3930 640 3981; x_wconf 81' lang='grc' dir='ltr'>τί</span> <span class='ocrx_word' id='word_1_592' title='bbox 666 3929 999 3997; x_wconf 76' lang='grc' dir='ltr'>ἁπεϐάλετος</span> <span class='ocrx_word' id='word_1_593' title='bbox 1042 3933 1090 3982; x_wconf 78' lang='grc' dir='ltr'>εἰ</span> <span class='ocrx_word' id='word_1_594' title='bbox 1128 3931 1227 4000; x_wconf 81' lang='grc' dir='ltr'>μὲν</span> <span class='ocrx_word' id='word_1_595' title='bbox 1279 3929 1431 3984; x_wconf 77' lang='grc' dir='ltr'>οὐδὲν</span> <span class='ocrx_word' id='word_1_596' title='bbox 1464 3930 1770 3983; x_wconf 75' lang='grc' dir='ltr'>ἀπεϐάλετο</span> 
     </span>
    </p>
   </div>
   <div class='ocr_carea' id='block_1_75' title="bbox 1842 3929 3462 4009">
    <p class='ocr_par' dir='ltr' id='par_1_75' title="bbox 1870 3934 3462 4009">
     <span class='ocr_line' id='line_1_75' title="bbox 1870 3934 3462 4009; baseline -0.002 -19"><span class='ocrx_word' id='word_1_597' title='bbox 1870 3937 2146 4009; x_wconf 83' lang='lat' dir='ltr'><strong>perdidit?</strong></span> <span class='ocrx_word' id='word_1_598' title='bbox 2184 3936 2240 3991; x_wconf 90' lang='lat' dir='ltr'><strong>Si</strong></span> <span class='ocrx_word' id='word_1_599' title='bbox 2274 3936 2415 3990; x_wconf 88' lang='lat' dir='ltr'><strong>nihil</strong></span> <span class='ocrx_word' id='word_1_600' title='bbox 2442 3934 2665 4005; x_wconf 89' lang='lat' dir='ltr'><strong>quidem</strong></span> <span class='ocrx_word' id='word_1_601' title='bbox 2698 3934 2974 4005; x_wconf 84' lang='lat' dir='ltr'><strong>perdidit;</strong></span> <span class='ocrx_word' id='word_1_602' title='bbox 3017 3949 3128 3989; x_wconf 90' lang='lat' dir='ltr'><strong>non</strong></span> <span class='ocrx_word' id='word_1_603' title='bbox 3170 3936 3320 3989; x_wconf 85' lang='lat' dir='ltr'><strong>enim</strong></span> <span class='ocrx_word' id='word_1_604' title='bbox 3362 3952 3462 4006; x_wconf 74' lang='lat' dir='ltr'><strong>per</strong></span> 
     </span>
    </p>
   </div>
   <div class='ocr_carea' id='block_1_76' title="bbox 216 4022 1836 4100">
    <p class='ocr_par' dir='ltr' id='par_1_76' title="bbox 216 4022 1765 4095">
     <span class='ocr_line' id='line_1_76' title="bbox 216 4022 1765 4095; baseline 0.001 -21"><span class='ocrx_word' id='word_1_605' title='bbox 216 4022 289 4089; x_wconf 75' lang='grc' dir='ltr'><strong>(οὐ</strong></span> <span class='ocrx_word' id='word_1_606' title='bbox 336 4025 436 4095; x_wconf 73' lang='grc' dir='ltr'>γὰρ</span> <span class='ocrx_word' id='word_1_607' title='bbox 486 4024 633 4078; x_wconf 84' lang='grc' dir='ltr'><strong>κατά</strong></span> <span class='ocrx_word' id='word_1_608' title='bbox 679 4024 889 4093; x_wconf 78' lang='grc' dir='ltr'>τροπὴν</span> <span class='ocrx_word' id='word_1_609' title='bbox 928 4025 1147 4094; x_wconf 74' lang='grc' dir='ltr'>εἴρηται</span> <span class='ocrx_word' id='word_1_610' title='bbox 1170 4023 1264 4077; x_wconf 70' lang='grc' dir='ltr'><strong>καὶ</strong></span> <span class='ocrx_word' id='word_1_611' title='bbox 1294 4024 1652 4093; x_wconf 79' lang='grc' dir='ltr'>μετουσίωσιν</span> <span class='ocrx_word' id='word_1_612' title='bbox 1684 4022 1765 4085; x_wconf 73' lang='grc' dir='ltr'>τὸ,</span> 
     </span>
    </p>
   </div>
   <div class='ocr_carea' id='block_1_77' title="bbox 1838 4022 3458 4100">
    <p class='ocr_par' dir='ltr' id='par_1_77' title="bbox 1869 4026 3458 4100">
     <span class='ocr_line' id='line_1_77' title="bbox 1869 4026 3458 4100; baseline -0.003 -15"><span class='ocrx_word' id='word_1_613' title='bbox 1869 4039 2091 4100; x_wconf 83' lang='lat' dir='ltr'><strong>tropum</strong></span> <span class='ocrx_word' id='word_1_614' title='bbox 2107 4039 2162 4085; x_wconf 87' lang='lat' dir='ltr'><strong>et</strong></span> <span class='ocrx_word' id='word_1_615' title='bbox 2175 4028 2735 4085; x_wconf 87' lang='lat' dir='ltr'><strong>communicationem</strong></span> <span class='ocrx_word' id='word_1_616' title='bbox 2752 4026 2962 4081; x_wconf 86' lang='lat' dir='ltr'><strong>dicitur</strong></span> <span class='ocrx_word' id='word_1_617' title='bbox 2975 4026 3132 4090; x_wconf 88' lang='lat' dir='ltr'><strong>illud,</strong></span> <span class='ocrx_word' id='word_1_618' title='bbox 3150 4026 3458 4092; x_wconf 82' lang='lat' dir='ltr'><strong>incarnata,</strong></span> 
     </span>
    </p>
   </div>
   <div class='ocr_carea' id='block_1_78' title="bbox 217 4114 1837 4192">
    <p class='ocr_par' dir='ltr' id='par_1_78' title="bbox 217 4114 1756 4186">
     <span class='ocr_line' id='line_1_78' title="bbox 217 4114 1756 4186; baseline 0.002 -21"><span class='ocrx_word' id='word_1_619' title='bbox 217 4116 579 4185; x_wconf 82' lang='grc' dir='ltr'>σεσαρκωμένη</span> <span class='ocrx_word' id='word_1_620' title='bbox 606 4154 621 4177; x_wconf 87' lang='grc'><strong>,</strong></span> <span class='ocrx_word' id='word_1_621' title='bbox 672 4114 859 4185; x_wconf 82' lang='grc' dir='ltr'>ὥσπερ</span> <span class='ocrx_word' id='word_1_622' title='bbox 896 4115 1075 4183; x_wconf 79' lang='grc' dir='ltr'>φαμὲν</span> <span class='ocrx_word' id='word_1_623' title='bbox 1133 4115 1227 4167; x_wconf 71' lang='grc' dir='ltr'>ἐπὶ</span> <span class='ocrx_word' id='word_1_624' title='bbox 1254 4114 1349 4169; x_wconf 87' lang='grc' dir='ltr'><strong>τοῦ</strong></span> <span class='ocrx_word' id='word_1_625' title='bbox 1392 4115 1756 4186; x_wconf 66' lang='grc' dir='ltr'>κρυστάλλου),</span> 
     </span>
    </p>
   </div>
   <div class='ocr_carea' id='block_1_79' title="bbox 1840 4114 3460 4192">
    <p class='ocr_par' dir='ltr' id='par_1_79' title="bbox 1868 4119 3460 4192">
     <span class='ocr_line' id='line_1_79' title="bbox 1868 4119 3460 4192; baseline -0.004 -13"><span class='ocrx_word' id='word_1_626' title='bbox 1868 4124 2015 4179; x_wconf 84' lang='lat' dir='ltr'><strong>sicut</strong></span> <span class='ocrx_word' id='word_1_627' title='bbox 2036 4122 2272 4178; x_wconf 79' lang='lat' dir='ltr'><strong>dicimus</strong></span> <span class='ocrx_word' id='word_1_628' title='bbox 2293 4121 2361 4175; x_wconf 89' lang='lat' dir='ltr'><strong>de</strong></span> <span class='ocrx_word' id='word_1_629' title='bbox 2382 4120 2575 4192; x_wconf 79' lang='lat' dir='ltr'><strong>glacie,</strong></span> <span class='ocrx_word' id='word_1_630' title='bbox 2596 4136 2702 4174; x_wconf 89' lang='lat' dir='ltr'><strong>una</strong></span> <span class='ocrx_word' id='word_1_631' title='bbox 2732 4130 2930 4175; x_wconf 80' lang='lat' dir='ltr'><strong>natura</strong></span> <span class='ocrx_word' id='word_1_632' title='bbox 2964 4133 3116 4188; x_wconf 68' lang='lat' dir='ltr'><strong>aqum</strong></span> <span class='ocrx_word' id='word_1_633' title='bbox 3148 4119 3201 4173; x_wconf 89' lang='lat' dir='ltr'><strong>in</strong></span> <span class='ocrx_word' id='word_1_634' title='bbox 3224 4120 3460 4190; x_wconf 84' lang='lat' dir='ltr'><strong>lapidem</strong></span> 
     </span>
    </p>
   </div>
   <div class='ocr_carea' id='block_1_80' title="bbox 217 4205 1837 4283">
    <p class='ocr_par' dir='ltr' id='par_1_80' title="bbox 217 4205 1769 4277">
     <span class='ocr_line' id='line_1_80' title="bbox 217 4205 1769 4277; baseline 0.001 -20"><span class='ocrx_word' id='word_1_635' title='bbox 217 4206 305 4272; x_wconf 81' lang='grc' dir='ltr'><strong>μία</strong></span> <span class='ocrx_word' id='word_1_636' title='bbox 318 4206 465 4275; x_wconf 85' lang='grc' dir='ltr'>φύσις</span> <span class='ocrx_word' id='word_1_637' title='bbox 484 4206 673 4269; x_wconf 74' lang='grc' dir='ltr'>ὓδατος</span> <span class='ocrx_word' id='word_1_638' title='bbox 702 4205 1089 4277; x_wconf 74' lang='grc' dir='ltr'>λελιθωμένη),</span> <span class='ocrx_word' id='word_1_639' title='bbox 1123 4206 1281 4277; x_wconf 75' lang='grc' dir='ltr'>δῆλον</span> <span class='ocrx_word' id='word_1_640' title='bbox 1312 4206 1388 4270; x_wconf 83' lang='grc' dir='ltr'>ὼς</span> <span class='ocrx_word' id='word_1_641' title='bbox 1418 4208 1769 4277; x_wconf 72' lang='grc' dir='ltr'>ἐπεκτήσατο</span> 
     </span>
    </p>
   </div>
   <div class='ocr_carea' id='block_1_81' title="bbox 1842 4205 3462 4283">
    <p class='ocr_par' dir='ltr' id='par_1_81' title="bbox 1873 4210 3462 4283">
     <span class='ocr_line' id='line_1_81' title="bbox 1873 4210 3462 4283; baseline -0.003 -14"><span class='ocrx_word' id='word_1_642' title='bbox 1873 4229 2167 4280; x_wconf 85' lang='lat' dir='ltr'><strong>conversa,</strong></span> <span class='ocrx_word' id='word_1_643' title='bbox 2199 4212 2553 4283; x_wconf 88' lang='lat' dir='ltr'><strong>perspicuum</strong></span> <span class='ocrx_word' id='word_1_644' title='bbox 2585 4219 2671 4266; x_wconf 89' lang='lat' dir='ltr'><strong>est</strong></span> <span class='ocrx_word' id='word_1_645' title='bbox 2691 4210 2837 4281; x_wconf 91' lang='lat' dir='ltr'><strong>quod</strong></span> <span class='ocrx_word' id='word_1_646' title='bbox 2871 4224 3117 4272; x_wconf 84' lang='lat' dir='ltr'><strong>carnem,</strong></span> <span class='ocrx_word' id='word_1_647' title='bbox 3159 4210 3214 4264; x_wconf 89' lang='lat' dir='ltr'><strong>id</strong></span> <span class='ocrx_word' id='word_1_648' title='bbox 3244 4219 3330 4265; x_wconf 89' lang='lat' dir='ltr'><strong>est</strong></span> <span class='ocrx_word' id='word_1_649' title='bbox 3356 4211 3462 4265; x_wconf 85' lang='lat' dir='ltr'><strong>hu-</strong></span> 
     </span>
    </p>
   </div>
   <div class='ocr_carea' id='block_1_82' title="bbox 216 4295 1836 4373">
    <p class='ocr_par' dir='ltr' id='par_1_82' title="bbox 216 4295 1770 4369">
     <span class='ocr_line' id='line_1_82' title="bbox 216 4295 1770 4369; baseline 0.003 -22"><span class='ocrx_word' id='word_1_650' title='bbox 216 4295 391 4367; x_wconf 80' lang='grc' dir='ltr'>σάρκα,</span> <span class='ocrx_word' id='word_1_651' title='bbox 416 4298 591 4368; x_wconf 54' lang='lat' dir='ltr'><strong>{new</strong></span> <span class='ocrx_word' id='word_1_652' title='bbox 609 4296 1023 4367; x_wconf 80' lang='grc' dir='ltr'>ἀνθρωπότητα·</span> <span class='ocrx_word' id='word_1_653' title='bbox 1057 4298 1197 4369; x_wconf 84' lang='grc' dir='ltr'>αῦτη</span> <span class='ocrx_word' id='word_1_654' title='bbox 1221 4297 1275 4351; x_wconf 71' lang='grc' dir='ltr'><strong>δὲ</strong></span> <span class='ocrx_word' id='word_1_655' title='bbox 1300 4298 1351 4351; x_wconf 82' lang='grc' dir='ltr'>τε</span> <span class='ocrx_word' id='word_1_656' title='bbox 1380 4301 1518 4363; x_wconf 85' lang='grc' dir='ltr'>ἐστι,</span> <span class='ocrx_word' id='word_1_657' title='bbox 1550 4300 1770 4369; x_wconf 78' lang='grc' dir='ltr'>ποιότης</span> 
     </span>
    </p>
   </div>
   <div class='ocr_carea' id='block_1_83' title="bbox 1842 4295 3462 4373">
    <p class='ocr_par' dir='ltr' id='par_1_83' title="bbox 1873 4300 3462 4373">
     <span class='ocr_line' id='line_1_83' title="bbox 1873 4300 3462 4373; baseline -0.002 -13"><span class='ocrx_word' id='word_1_658' title='bbox 1873 4308 2193 4361; x_wconf 74' lang='lat' dir='ltr'><strong>inanitatem</strong></span> <span class='ocrx_word' id='word_1_659' title='bbox 2255 4304 2569 4373; x_wconf 81' lang='lat' dir='ltr'><strong>acquisivit.</strong></span> <span class='ocrx_word' id='word_1_660' title='bbox 2633 4302 2751 4373; x_wconf 85' lang='lat' dir='ltr'><strong>Ipsa</strong></span> <span class='ocrx_word' id='word_1_661' title='bbox 2802 4318 2936 4358; x_wconf 86' lang='lat' dir='ltr'><strong>vero</strong></span> <span class='ocrx_word' id='word_1_662' title='bbox 2978 4300 3113 4373; x_wconf 91' lang='lat' dir='ltr'><strong>quid</strong></span> <span class='ocrx_word' id='word_1_663' title='bbox 3173 4304 3292 4358; x_wconf 78' lang='lat' dir='ltr'><strong>est?</strong></span> <span class='ocrx_word' id='word_1_664' title='bbox 3331 4320 3462 4357; x_wconf 87' lang='lat' dir='ltr'><strong>num</strong></span> 
     </span>
    </p>
   </div>
   <div class='ocr_carea' id='block_1_84' title="bbox 215 4386 1835 4468">
    <p class='ocr_par' dir='ltr' id='par_1_84' title="bbox 215 4386 1770 4462">
     <span class='ocr_line' id='line_1_84' title="bbox 215 4386 1770 4462; baseline 0.001 -21"><span class='ocrx_word' id='word_1_665' title='bbox 215 4386 414 4456; x_wconf 70' lang='grc' dir='ltr'>ἡφύσις</span> <span class='ocrx_word' id='word_1_666' title='bbox 452 4407 563 4455; x_wconf 84' lang='grc' dir='ltr'>τις;</span> <span class='ocrx_word' id='word_1_667' title='bbox 598 4390 647 4442; x_wconf 87' lang='grc' dir='ltr'>εἰ</span> <span class='ocrx_word' id='word_1_668' title='bbox 678 4390 735 4443; x_wconf 79' lang='grc' dir='ltr'><strong>δὲ</strong></span> <span class='ocrx_word' id='word_1_669' title='bbox 768 4390 988 4453; x_wconf 84' lang='grc' dir='ltr'>πάντως</span> <span class='ocrx_word' id='word_1_670' title='bbox 1039 4390 1200 4459; x_wconf 82' lang='grc' dir='ltr'>φύσις</span> <span class='ocrx_word' id='word_1_671' title='bbox 1250 4391 1388 4461; x_wconf 82' lang='grc' dir='ltr'>αῦτη</span> <span class='ocrx_word' id='word_1_672' title='bbox 1441 4395 1475 4462; x_wconf 78' lang='grc' dir='ltr'>ἡ</span> <span class='ocrx_word' id='word_1_673' title='bbox 1509 4391 1770 4459; x_wconf 62' lang='grc' dir='ltr'>κτηθείδα</span> 
     </span>
    </p>
   </div>
   <div class='ocr_carea' id='block_1_85' title="bbox 1842 4386 3462 4468">
    <p class='ocr_par' dir='ltr' id='par_1_85' title="bbox 1873 4393 3462 4468">
     <span class='ocr_line' id='line_1_85' title="bbox 1873 4393 3462 4468; baseline -0.003 -17"><span class='ocrx_word' id='word_1_674' title='bbox 1873 4398 2111 4468; x_wconf 81' lang='lat' dir='ltr'><strong>qualitas</strong></span> <span class='ocrx_word' id='word_1_675' title='bbox 2145 4405 2238 4450; x_wconf 89' lang='lat' dir='ltr'><strong>aut</strong></span> <span class='ocrx_word' id='word_1_676' title='bbox 2256 4404 2451 4449; x_wconf 86' lang='lat' dir='ltr'><strong>natura</strong></span> <span class='ocrx_word' id='word_1_677' title='bbox 2484 4394 2768 4463; x_wconf 71' lang='lat' dir='ltr'><strong>quaedam?</strong></span> <span class='ocrx_word' id='word_1_678' title='bbox 2793 4393 2849 4449; x_wconf 91' lang='lat' dir='ltr'><strong>Si</strong></span> <span class='ocrx_word' id='word_1_679' title='bbox 2868 4410 3000 4449; x_wconf 86' lang='lat' dir='ltr'><strong>vero</strong></span> <span class='ocrx_word' id='word_1_680' title='bbox 3018 4394 3243 4466; x_wconf 86' lang='lat' dir='ltr'><strong>penitus</strong></span> <span class='ocrx_word' id='word_1_681' title='bbox 3263 4403 3462 4448; x_wconf 79' lang='lat' dir='ltr'><strong>natura</strong></span> 
     </span>
    </p>
   </div>
   <div class='ocr_carea' id='block_1_86' title="bbox 218 4478 1838 4558">
    <p class='ocr_par' dir='ltr' id='par_1_86' title="bbox 218 4478 1768 4553">
     <span class='ocr_line' id='line_1_86' title="bbox 218 4478 1768 4553; baseline 0.003 -23"><span class='ocrx_word' id='word_1_682' title='bbox 218 4478 359 4545; x_wconf 71' lang='grc' dir='ltr'>φύσις</span> <span class='ocrx_word' id='word_1_683' title='bbox 375 4482 505 4552; x_wconf 73' lang='grc' dir='ltr'>πρὸς</span> <span class='ocrx_word' id='word_1_684' title='bbox 536 4484 601 4552; x_wconf 85' lang='grc' dir='ltr'>τῇ</span> <span class='ocrx_word' id='word_1_685' title='bbox 639 4480 963 4551; x_wconf 69' lang='grc' dir='ltr'>κτησαμένη</span> <span class='ocrx_word' id='word_1_686' title='bbox 990 4482 1157 4552; x_wconf 80' lang='grc' dir='ltr'>αὐτὴν</span> <span class='ocrx_word' id='word_1_687' title='bbox 1191 4484 1289 4553; x_wconf 81' lang='grc' dir='ltr'><strong>μιᾷ</strong></span> <span class='ocrx_word' id='word_1_688' title='bbox 1307 4483 1402 4537; x_wconf 88' lang='grc' dir='ltr'><strong>τοῦ</strong></span> <span class='ocrx_word' id='word_1_689' title='bbox 1425 4482 1562 4536; x_wconf 86' lang='grc' dir='ltr'>Θεοῦ</span> <span class='ocrx_word' id='word_1_690' title='bbox 1596 4485 1768 4551; x_wconf 81' lang='grc' dir='ltr'>Λόγον</span> 
     </span>
    </p>
   </div>
   <div class='ocr_carea' id='block_1_87' title="bbox 1839 4478 3459 4558">
    <p class='ocr_par' dir='ltr' id='par_1_87' title="bbox 1876 4485 3459 4558">
     <span class='ocr_line' id='line_1_87' title="bbox 1876 4485 3459 4558; baseline -0.003 -16"><span class='ocrx_word' id='word_1_691' title='bbox 1876 4490 1993 4558; x_wconf 86' lang='lat' dir='ltr'><strong>ipsa</strong></span> <span class='ocrx_word' id='word_1_692' title='bbox 2023 4488 2294 4558; x_wconf 84' lang='lat' dir='ltr'><strong>acquisita</strong></span> <span class='ocrx_word' id='word_1_693' title='bbox 2317 4496 2518 4541; x_wconf 87' lang='lat' dir='ltr'><strong>natura</strong></span> <span class='ocrx_word' id='word_1_694' title='bbox 2540 4485 2608 4540; x_wconf 89' lang='lat' dir='ltr'><strong>ab</strong></span> <span class='ocrx_word' id='word_1_695' title='bbox 2625 4487 2947 4554; x_wconf 87' lang='lat' dir='ltr'><strong>aequircnte</strong></span> <span class='ocrx_word' id='word_1_696' title='bbox 2973 4486 3148 4557; x_wconf 86' lang='lat' dir='ltr'><strong>ipsam</strong></span> <span class='ocrx_word' id='word_1_697' title='bbox 3175 4486 3340 4539; x_wconf 78' lang='lat' dir='ltr'><strong>unica</strong></span> <span class='ocrx_word' id='word_1_698' title='bbox 3366 4485 3459 4539; x_wconf 82' lang='lat' dir='ltr'><strong>Dei</strong></span> 
     </span>
    </p>
   </div>
   <div class='ocr_carea' id='block_1_88' title="bbox 220 4567 1840 4650">
    <p class='ocr_par' dir='ltr' id='par_1_88' title="bbox 220 4567 1766 4644">
     <span class='ocr_line' id='line_1_88' title="bbox 220 4567 1766 4644; baseline 0.003 -23"><span class='ocrx_word' id='word_1_699' title='bbox 220 4567 387 4635; x_wconf 74' lang='grc' dir='ltr'>φύσει,</span> <span class='ocrx_word' id='word_1_700' title='bbox 420 4572 579 4624; x_wconf 80' lang='grc' dir='ltr'>πόσαι</span> <span class='ocrx_word' id='word_1_701' title='bbox 614 4571 679 4625; x_wconf 82' lang='grc' dir='ltr'><strong>ἂν</strong></span> <span class='ocrx_word' id='word_1_702' title='bbox 719 4567 851 4637; x_wconf 72' lang='grc' dir='ltr'>εἷεν,</span> <span class='ocrx_word' id='word_1_703' title='bbox 887 4573 1197 4627; x_wconf 72' lang='grc' dir='ltr'>εἰπάτωσαν</span> <span class='ocrx_word' id='word_1_704' title='bbox 1226 4574 1355 4644; x_wconf 75' lang='grc' dir='ltr'><strong>ἡμῖν</strong></span> <span class='ocrx_word' id='word_1_705' title='bbox 1390 4574 1766 4642; x_wconf 73' lang='grc' dir='ltr'>εὐγνωμόνως.</span> 
     </span>
    </p>
   </div>
   <div class='ocr_carea' id='block_1_89' title="bbox 1838 4567 3458 4650">
    <p class='ocr_par' dir='ltr' id='par_1_89' title="bbox 1874 4578 3458 4650">
     <span class='ocr_line' id='line_1_89' title="bbox 1874 4578 3458 4650; baseline -0.004 -13"><span class='ocrx_word' id='word_1_706' title='bbox 1874 4580 2037 4638; x_wconf 86' lang='lat' dir='ltr'><strong>Verbi</strong></span> <span class='ocrx_word' id='word_1_707' title='bbox 2062 4590 2277 4644; x_wconf 87' lang='lat' dir='ltr'><strong>natura,</strong></span> <span class='ocrx_word' id='word_1_708' title='bbox 2316 4580 2512 4649; x_wconf 88' lang='lat' dir='ltr'><strong>quales</strong></span> <span class='ocrx_word' id='word_1_709' title='bbox 2540 4579 2652 4633; x_wconf 91' lang='lat' dir='ltr'><strong>sint</strong></span> <span class='ocrx_word' id='word_1_710' title='bbox 2681 4579 2843 4633; x_wconf 85' lang='lat' dir='ltr'><strong>nobis</strong></span> <span class='ocrx_word' id='word_1_711' title='bbox 2867 4578 2973 4633; x_wconf 81' lang='lat' dir='ltr'><strong>ﬁde</strong></span> <span class='ocrx_word' id='word_1_712' title='bbox 3002 4578 3217 4650; x_wconf 80' lang='lat' dir='ltr'><strong>integra</strong></span> <span class='ocrx_word' id='word_1_713' title='bbox 3244 4578 3458 4633; x_wconf 86' lang='lat' dir='ltr'><strong>dicant.</strong></span> 
     </span>
    </p>
   </div>
   <div class='ocr_carea' id='block_1_90' title="bbox 278 4663 1898 4737">
    <p class='ocr_par' dir='ltr' id='par_1_90' title="bbox 278 4663 1767 4737">
     <span class='ocr_line' id='line_1_90' title="bbox 278 4663 1767 4737; baseline -0.001 -18"><span class='ocrx_word' id='word_1_714' title='bbox 278 4663 335 4728; x_wconf 81' lang='grc' dir='ltr'><strong>ξ’.</strong></span> <span class='ocrx_word' id='word_1_715' title='bbox 371 4667 485 4719; x_wconf 83' lang='grc' dir='ltr'><strong>Ἔτι</strong></span> <span class='ocrx_word' id='word_1_716' title='bbox 531 4668 596 4721; x_wconf 78' lang='grc' dir='ltr'>ὲκ</span> <span class='ocrx_word' id='word_1_717' title='bbox 640 4667 735 4720; x_wconf 87' lang='grc' dir='ltr'>δύο</span> <span class='ocrx_word' id='word_1_718' title='bbox 776 4666 991 4737; x_wconf 80' lang='grc' dir='ltr'>φύσεων</span> <span class='ocrx_word' id='word_1_719' title='bbox 1026 4666 1122 4737; x_wconf 75' lang='grc' dir='ltr'>τὴν</span> <span class='ocrx_word' id='word_1_720' title='bbox 1159 4668 1289 4737; x_wconf 84' lang='grc' dir='ltr'>μίαν</span> <span class='ocrx_word' id='word_1_721' title='bbox 1320 4668 1481 4735; x_wconf 87' lang='grc' dir='ltr'>φύσιν</span> <span class='ocrx_word' id='word_1_722' title='bbox 1507 4667 1600 4720; x_wconf 81' lang='grc' dir='ltr'><strong>τοῦ</strong></span> <span class='ocrx_word' id='word_1_723' title='bbox 1633 4666 1767 4719; x_wconf 83' lang='grc' dir='ltr'>Θεοῦ</span> 
     </span>
    </p>
   </div>
   <div class='ocr_carea' id='block_1_91' title="bbox 1839 4663 3459 4737">
    <p class='ocr_par' dir='ltr' id='par_1_91' title="bbox 1945 4670 3459 4727">
     <span class='ocr_line' id='line_1_91' title="bbox 1945 4670 3459 4727; baseline -0.001 -1"><span class='ocrx_word' id='word_1_724' title='bbox 1945 4672 2031 4727; x_wconf 88' lang='grc'><strong>60.</strong></span> <span class='ocrx_word' id='word_1_725' title='bbox 2083 4671 2276 4726; x_wconf 79' lang='lat' dir='ltr'><strong>Adhuc</strong></span> <span class='ocrx_word' id='word_1_726' title='bbox 2322 4687 2354 4726; x_wconf 89' lang='lat' dir='ltr'><strong>e</strong></span> <span class='ocrx_word' id='word_1_727' title='bbox 2386 4670 2602 4724; x_wconf 88' lang='lat' dir='ltr'><strong>duabus</strong></span> <span class='ocrx_word' id='word_1_728' title='bbox 2635 4671 2851 4724; x_wconf 84' lang='lat' dir='ltr'><strong>naturis</strong></span> <span class='ocrx_word' id='word_1_729' title='bbox 2889 4671 3107 4726; x_wconf 87' lang='lat' dir='ltr'><strong>unicam</strong></span> <span class='ocrx_word' id='word_1_730' title='bbox 3154 4672 3249 4726; x_wconf 89' lang='lat' dir='ltr'><strong>Dei</strong></span> <span class='ocrx_word' id='word_1_731' title='bbox 3296 4672 3459 4726; x_wconf 80' lang='lat' dir='ltr'><strong>Verbi</strong></span> 
     </span>
    </p>
   </div>
   <div class='ocr_carea' id='block_1_92' title="bbox 217 4751 1837 4831">
    <p class='ocr_par' dir='ltr' id='par_1_92' title="bbox 217 4751 1837 4831">
     <span class='ocr_line' id='line_1_92' title="bbox 217 4751 1837 4831; baseline 0 -22"><span class='ocrx_word' id='word_1_732' title='bbox 217 4757 373 4825; x_wconf 73' lang='grc' dir='ltr'>Λόγου</span> <span class='ocrx_word' id='word_1_733' title='bbox 407 4760 501 4831; x_wconf 76' lang='grc' dir='ltr'><strong>τὴν</strong></span> <span class='ocrx_word' id='word_1_734' title='bbox 536 4760 965 4830; x_wconf 82' lang='grc' dir='ltr'>σεσαρκωμένην</span> <span class='ocrx_word' id='word_1_735' title='bbox 998 4760 1196 4825; x_wconf 81' lang='grc' dir='ltr'>ἴσασιν,</span> <span class='ocrx_word' id='word_1_736' title='bbox 1231 4761 1264 4831; x_wconf 79' lang='grc' dir='ltr'><strong>ἢ</strong></span> <span class='ocrx_word' id='word_1_737' title='bbox 1301 4760 1539 4831; x_wconf 77' lang='grc' dir='ltr'>Χριστοῦ</span> <span class='ocrx_word' id='word_1_738' title='bbox 1574 4761 1762 4829; x_wconf 76' lang='grc' dir='ltr'>μόνονς</span> <span class='ocrx_word' id='word_1_739' title='bbox 1792 4751 1837 4809; x_wconf 84' lang='grc' dir='ltr'><strong>Ι]</strong></span> 
     </span>
    </p>
   </div>
   <div class='ocr_carea' id='block_1_93' title="bbox 1838 4751 3458 4831">
    <p class='ocr_par' dir='ltr' id='par_1_93' title="bbox 1838 4760 3458 4822">
     <span class='ocr_line' id='line_1_93' title="bbox 1838 4760 3458 4822; baseline -0.001 -5"><span class='ocrx_word' id='word_1_740' title='bbox 1838 4761 1845 4799; x_wconf 77' lang='grc'><strong><em>⁵</em></strong></span> <span class='ocrx_word' id='word_1_741' title='bbox 1872 4771 2123 4818; x_wconf 84' lang='lat' dir='ltr'><strong>naturam</strong></span> <span class='ocrx_word' id='word_1_742' title='bbox 2150 4762 2492 4816; x_wconf 83' lang='lat' dir='ltr'><strong>incarnatam</strong></span> <span class='ocrx_word' id='word_1_743' title='bbox 2523 4762 2734 4822; x_wconf 86' lang='lat' dir='ltr'><strong>dicunt,</strong></span> <span class='ocrx_word' id='word_1_744' title='bbox 2764 4771 2858 4814; x_wconf 88' lang='lat' dir='ltr'><strong>aut</strong></span> <span class='ocrx_word' id='word_1_745' title='bbox 2879 4760 3083 4815; x_wconf 87' lang='lat' dir='ltr'><strong>Christi</strong></span> <span class='ocrx_word' id='word_1_746' title='bbox 3118 4763 3371 4815; x_wconf 85' lang='lat' dir='ltr'><strong>tantum?</strong></span> <span class='ocrx_word' id='word_1_747' title='bbox 3402 4763 3458 4815; x_wconf 79' lang='lat' dir='ltr'><strong>Si</strong></span> 
     </span>
    </p>
   </div>
   <div class='ocr_carea' id='block_1_94' title="bbox 218 4850 1838 4923">
    <p class='ocr_par' dir='ltr' id='par_1_94' title="bbox 218 4850 1769 4923">
     <span class='ocr_line' id='line_1_94' title="bbox 218 4850 1769 4923; baseline 0.003 -23"><span class='ocrx_word' id='word_1_748' title='bbox 218 4850 260 4900; x_wconf 72' lang='lat' dir='ltr'><strong>ti</strong></span> <span class='ocrx_word' id='word_1_749' title='bbox 300 4850 393 4919; x_wconf 72' lang='grc' dir='ltr'><strong>μὲν</strong></span> <span class='ocrx_word' id='word_1_750' title='bbox 440 4852 680 4923; x_wconf 68' lang='grc' dir='ltr'>Χριστοῦ</span> <span class='ocrx_word' id='word_1_751' title='bbox 716 4853 899 4922; x_wconf 82' lang='grc' dir='ltr'>μόνον,</span> <span class='ocrx_word' id='word_1_752' title='bbox 955 4850 1279 4921; x_wconf 72' lang='grc' dir='ltr'>κακούργως</span> <span class='ocrx_word' id='word_1_753' title='bbox 1336 4854 1465 4923; x_wconf 74' lang='grc' dir='ltr'>περὶ</span> <span class='ocrx_word' id='word_1_754' title='bbox 1530 4851 1769 4921; x_wconf 81' lang='grc' dir='ltr'>Χριστοῦ</span> 
     </span>
    </p>
   </div>
   <div class='ocr_carea' id='block_1_95' title="bbox 1840 4850 3460 4923">
    <p class='ocr_par' dir='ltr' id='par_1_95' title="bbox 1876 4853 3460 4923">
     <span class='ocr_line' id='line_1_95' title="bbox 1876 4853 3460 4923; baseline -0.001 -14"><span class='ocrx_word' id='word_1_755' title='bbox 1876 4854 2080 4909; x_wconf 86' lang='lat' dir='ltr'><strong>Christi</strong></span> <span class='ocrx_word' id='word_1_756' title='bbox 2132 4853 2355 4923; x_wconf 80' lang='lat' dir='ltr'><strong>quidem</strong></span> <span class='ocrx_word' id='word_1_757' title='bbox 2412 4863 2622 4907; x_wconf 89' lang='lat' dir='ltr'><strong>tantum</strong></span> <span class='ocrx_word' id='word_1_758' title='bbox 2673 4869 2931 4923; x_wconf 86' lang='lat' dir='ltr'><strong>perverse</strong></span> <span class='ocrx_word' id='word_1_759' title='bbox 2981 4853 3127 4907; x_wconf 85' lang='lat' dir='ltr'><strong>circa</strong></span> <span class='ocrx_word' id='word_1_760' title='bbox 3177 4853 3460 4908; x_wconf 86' lang='lat' dir='ltr'><strong>Christum</strong></span> 
     </span>
    </p>
   </div>
   <div class='ocr_carea' id='block_1_96' title="bbox 218 4937 1838 5016">
    <p class='ocr_par' dir='ltr' id='par_1_96' title="bbox 218 4937 1768 5010">
     <span class='ocr_line' id='line_1_96' title="bbox 218 4937 1768 5010; baseline -0.001 -18"><span class='ocrx_word' id='word_1_761' title='bbox 218 4937 607 5010; x_wconf 69' lang='grc' dir='ltr'>ἀνακρινόμενοι</span> <span class='ocrx_word' id='word_1_762' title='bbox 637 4941 768 5010; x_wconf 78' lang='grc' dir='ltr'>παρ’</span> <span class='ocrx_word' id='word_1_763' title='bbox 799 4941 978 5010; x_wconf 79' lang='grc' dir='ltr'>ἡμῶν,</span> <span class='ocrx_word' id='word_1_764' title='bbox 1012 4941 1073 4993; x_wconf 75' lang='grc' dir='ltr'><strong>οὐ</strong></span> <span class='ocrx_word' id='word_1_765' title='bbox 1112 4941 1199 4994; x_wconf 76' lang='grc' dir='ltr'>διὰ</span> <span class='ocrx_word' id='word_1_766' title='bbox 1236 4940 1327 4993; x_wconf 82' lang='grc' dir='ltr'><strong>τοῦ</strong></span> <span class='ocrx_word' id='word_1_767' title='bbox 1372 4941 1537 4995; x_wconf 81' lang='grc' dir='ltr'>αὑτοῦ</span> <span class='ocrx_word' id='word_1_768' title='bbox 1567 4940 1768 5010; x_wconf 66' lang='grc' dir='ltr'>ὀνόμαη</span> 
     </span>
    </p>
   </div>
   <div class='ocr_carea' id='block_1_97' title="bbox 1841 4937 3461 5016">
    <p class='ocr_par' dir='ltr' id='par_1_97' title="bbox 1874 4945 3461 5016">
     <span class='ocr_line' id='line_1_97' title="bbox 1874 4945 3461 5016; baseline -0.001 -16"><span class='ocrx_word' id='word_1_769' title='bbox 1874 4945 2105 5016; x_wconf 74' lang='lat' dir='ltr'><strong>iudicati</strong></span> <span class='ocrx_word' id='word_1_770' title='bbox 2137 4962 2164 4999; x_wconf 88' lang='lat' dir='ltr'><strong>a</strong></span> <span class='ocrx_word' id='word_1_771' title='bbox 2209 4946 2388 5009; x_wconf 80' lang='lat' dir='ltr'><strong>nobis,</strong></span> <span class='ocrx_word' id='word_1_772' title='bbox 2434 4961 2541 4997; x_wconf 89' lang='lat' dir='ltr'><strong>non</strong></span> <span class='ocrx_word' id='word_1_773' title='bbox 2580 4954 2802 5014; x_wconf 87' lang='lat' dir='ltr'><strong>propter</strong></span> <span class='ocrx_word' id='word_1_774' title='bbox 2830 4960 3052 5009; x_wconf 90' lang='lat' dir='ltr'><strong>nomen,</strong></span> <span class='ocrx_word' id='word_1_775' title='bbox 3100 4945 3196 4999; x_wconf 86' lang='lat' dir='ltr'><strong>sed</strong></span> <span class='ocrx_word' id='word_1_776' title='bbox 3236 4954 3461 5014; x_wconf 83' lang='lat' dir='ltr'><strong>propter</strong></span> 
     </span>
    </p>
   </div>
   <div class='ocr_carea' id='block_1_98' title="bbox 220 5031 1840 5107">
    <p class='ocr_par' dir='ltr' id='par_1_98' title="bbox 220 5031 1769 5103">
     <span class='ocr_line' id='line_1_98' title="bbox 220 5031 1769 5103; baseline 0.003 -23"><span class='ocrx_word' id='word_1_777' title='bbox 220 5045 318 5094; x_wconf 85' lang='grc' dir='ltr'>τος,</span> <span class='ocrx_word' id='word_1_778' title='bbox 347 5032 472 5086; x_wconf 70' lang='grc' dir='ltr'><strong>ἀλλὰ</strong></span> <span class='ocrx_word' id='word_1_779' title='bbox 498 5033 585 5085; x_wconf 72' lang='grc' dir='ltr'>διὰ</span> <span class='ocrx_word' id='word_1_780' title='bbox 625 5032 723 5087; x_wconf 84' lang='grc' dir='ltr'><strong>τοῦ</strong></span> <span class='ocrx_word' id='word_1_781' title='bbox 756 5031 894 5087; x_wconf 81' lang='grc' dir='ltr'>Θεοῦ</span> <span class='ocrx_word' id='word_1_782' title='bbox 931 5032 1105 5101; x_wconf 78' lang='grc' dir='ltr'>Λόγου</span> <span class='ocrx_word' id='word_1_783' title='bbox 1137 5032 1235 5103; x_wconf 77' lang='grc' dir='ltr'>τὴν</span> <span class='ocrx_word' id='word_1_784' title='bbox 1267 5033 1528 5103; x_wconf 71' lang='grc' dir='ltr'>περὶτῶν</span> <span class='ocrx_word' id='word_1_785' title='bbox 1554 5033 1769 5101; x_wconf 74' lang='grc' dir='ltr'>φύσεων</span> 
     </span>
    </p>
   </div>
   <div class='ocr_carea' id='block_1_99' title="bbox 1840 5031 3460 5107">
    <p class='ocr_par' dir='ltr' id='par_1_99' title="bbox 1880 5036 3460 5107">
     <span class='ocr_line' id='line_1_99' title="bbox 1880 5036 3460 5107; baseline -0.003 -14"><span class='ocrx_word' id='word_1_786' title='bbox 1880 5040 2051 5094; x_wconf 87' lang='lat' dir='ltr'><strong>Deum</strong></span> <span class='ocrx_word' id='word_1_787' title='bbox 2076 5038 2317 5091; x_wconf 74' lang='lat' dir='ltr'><strong>Verbum</strong></span> <span class='ocrx_word' id='word_1_788' title='bbox 2339 5038 2644 5107; x_wconf 79' lang='lat' dir='ltr'><strong>apologiam</strong></span> <span class='ocrx_word' id='word_1_789' title='bbox 2669 5038 2735 5091; x_wconf 87' lang='lat' dir='ltr'><strong>de</strong></span> <span class='ocrx_word' id='word_1_790' title='bbox 2758 5038 2971 5092; x_wconf 85' lang='lat' dir='ltr'><strong>naturis</strong></span> <span class='ocrx_word' id='word_1_791' title='bbox 2994 5036 3222 5092; x_wconf 79' lang='lat' dir='ltr'><strong>faciunt.</strong></span> <span class='ocrx_word' id='word_1_792' title='bbox 3246 5037 3304 5092; x_wconf 87' lang='lat' dir='ltr'><strong>Si</strong></span> <span class='ocrx_word' id='word_1_793' title='bbox 3330 5054 3460 5091; x_wconf 81' lang='lat' dir='ltr'><strong>vero</strong></span> 
     </span>
    </p>
   </div>
   <div class='ocr_carea' id='block_1_100' title="bbox 216 5119 1836 5196">
    <p class='ocr_par' dir='ltr' id='par_1_100' title="bbox 216 5119 1772 5196">
     <span class='ocr_line' id='line_1_100' title="bbox 216 5119 1772 5196; baseline 0.003 -24"><span class='ocrx_word' id='word_1_794' title='bbox 216 5119 490 5189; x_wconf 71' lang='grc' dir='ltr'>ἀπολογίαν</span> <span class='ocrx_word' id='word_1_795' title='bbox 519 5123 823 5179; x_wconf 67' lang='grc' dir='ltr'>ποιοῦνται.</span> <span class='ocrx_word' id='word_1_796' title='bbox 862 5126 926 5177; x_wconf 83' lang='lat' dir='ltr'><strong>El</strong></span> <span class='ocrx_word' id='word_1_797' title='bbox 966 5124 1023 5177; x_wconf 76' lang='grc' dir='ltr'><strong>δὲ</strong></span> <span class='ocrx_word' id='word_1_798' title='bbox 1058 5126 1154 5179; x_wconf 72' lang='grc' dir='ltr'><strong>καὶ</strong></span> <span class='ocrx_word' id='word_1_799' title='bbox 1188 5124 1283 5178; x_wconf 88' lang='grc' dir='ltr'><strong>τοῦ</strong></span> <span class='ocrx_word' id='word_1_800' title='bbox 1314 5125 1490 5193; x_wconf 79' lang='grc' dir='ltr'>Λόγου</span> <span class='ocrx_word' id='word_1_801' title='bbox 1521 5126 1620 5196; x_wconf 82' lang='grc' dir='ltr'>τὴν</span> <span class='ocrx_word' id='word_1_802' title='bbox 1645 5126 1772 5194; x_wconf 79' lang='grc' dir='ltr'>μίαν</span> 
     </span>
    </p>
   </div>
   <div class='ocr_carea' id='block_1_101' title="bbox 1837 5119 3457 5196">
    <p class='ocr_par' dir='ltr' id='par_1_101' title="bbox 1879 5128 3457 5187">
     <span class='ocr_line' id='line_1_101' title="bbox 1879 5128 3457 5187; baseline -0.002 -3"><span class='ocrx_word' id='word_1_803' title='bbox 1879 5139 1936 5184; x_wconf 85' lang='lat' dir='ltr'><strong>ct</strong></span> <span class='ocrx_word' id='word_1_804' title='bbox 1965 5129 2131 5185; x_wconf 72' lang='lat' dir='ltr'><strong>Verbi</strong></span> <span class='ocrx_word' id='word_1_805' title='bbox 2172 5129 2389 5183; x_wconf 87' lang='lat' dir='ltr'><strong>unicam</strong></span> <span class='ocrx_word' id='word_1_806' title='bbox 2422 5136 2676 5183; x_wconf 78' lang='lat' dir='ltr'><strong>naturam</strong></span> <span class='ocrx_word' id='word_1_807' title='bbox 2702 5143 2735 5183; x_wconf 86' lang='lat' dir='ltr'><strong>c</strong></span> <span class='ocrx_word' id='word_1_808' title='bbox 2767 5128 2982 5183; x_wconf 82' lang='lat' dir='ltr'><strong>duabus</strong></span> <span class='ocrx_word' id='word_1_809' title='bbox 3010 5128 3196 5183; x_wconf 82' lang='lat' dir='ltr'><strong>dicere</strong></span> <span class='ocrx_word' id='word_1_810' title='bbox 3232 5129 3457 5187; x_wconf 81' lang='lat' dir='ltr'><strong>audent.</strong></span> 
     </span>
    </p>
   </div>
   <div class='ocr_carea' id='block_1_102' title="bbox 216 5209 1836 5289">
    <p class='ocr_par' dir='ltr' id='par_1_102' title="bbox 216 5209 1772 5286">
     <span class='ocr_line' id='line_1_102' title="bbox 216 5209 1772 5286; baseline 0.004 -25"><span class='ocrx_word' id='word_1_811' title='bbox 216 5209 365 5275; x_wconf 80' lang='grc' dir='ltr'>φύσιν</span> <span class='ocrx_word' id='word_1_812' title='bbox 385 5215 445 5267; x_wconf 81' lang='grc' dir='ltr'>ὲκ</span> <span class='ocrx_word' id='word_1_813' title='bbox 475 5214 567 5268; x_wconf 78' lang='grc' dir='ltr'>δύο</span> <span class='ocrx_word' id='word_1_814' title='bbox 588 5215 770 5282; x_wconf 75' lang='grc' dir='ltr'>λέγειν</span> <span class='ocrx_word' id='word_1_815' title='bbox 792 5215 1086 5283; x_wconf 85' lang='grc' dir='ltr'>τολμῶσιν,</span> <span class='ocrx_word' id='word_1_816' title='bbox 1110 5214 1264 5267; x_wconf 77' lang='grc' dir='ltr'>ἔσται</span> <span class='ocrx_word' id='word_1_817' title='bbox 1282 5218 1377 5269; x_wconf 75' lang='grc' dir='ltr'><strong>καὶ</strong></span> <span class='ocrx_word' id='word_1_818' title='bbox 1402 5215 1544 5286; x_wconf 83' lang='grc' dir='ltr'>αὑτὴ</span> <span class='ocrx_word' id='word_1_819' title='bbox 1570 5215 1772 5285; x_wconf 80' lang='grc' dir='ltr'>δηλαδὴ</span> 
     </span>
    </p>
   </div>
   <div class='ocr_carea' id='block_1_103' title="bbox 1838 5209 3458 5289">
    <p class='ocr_par' dir='ltr' id='par_1_103' title="bbox 1878 5220 3458 5289">
     <span class='ocr_line' id='line_1_103' title="bbox 1878 5220 3458 5289; baseline -0.001 -16"><span class='ocrx_word' id='word_1_820' title='bbox 1878 5221 1984 5274; x_wconf 79' lang='lat' dir='ltr'><strong>erit</strong></span> <span class='ocrx_word' id='word_1_821' title='bbox 2018 5232 2073 5275; x_wconf 89' lang='lat' dir='ltr'><strong>et</strong></span> <span class='ocrx_word' id='word_1_822' title='bbox 2101 5220 2215 5289; x_wconf 86' lang='lat' dir='ltr'><strong>ipsa</strong></span> <span class='ocrx_word' id='word_1_823' title='bbox 2248 5236 2379 5274; x_wconf 87' lang='lat' dir='ltr'><strong>sane</strong></span> <span class='ocrx_word' id='word_1_824' title='bbox 2419 5236 2447 5274; x_wconf 90' lang='lat' dir='ltr'><strong>e</strong></span> <span class='ocrx_word' id='word_1_825' title='bbox 2478 5220 2765 5275; x_wconf 85' lang='lat' dir='ltr'><strong>divinitate</strong></span> <span class='ocrx_word' id='word_1_826' title='bbox 2796 5229 2853 5275; x_wconf 89' lang='lat' dir='ltr'><strong>et</strong></span> <span class='ocrx_word' id='word_1_827' title='bbox 2888 5221 3226 5274; x_wconf 84' lang='lat' dir='ltr'><strong>humanitate</strong></span> <span class='ocrx_word' id='word_1_828' title='bbox 3258 5236 3458 5275; x_wconf 82' lang='lat' dir='ltr'><strong>secun—</strong></span> 
     </span>
    </p>
   </div>
   <div class='ocr_carea' id='block_1_104' title="bbox 217 5299 1837 5382">
    <p class='ocr_par' dir='ltr' id='par_1_104' title="bbox 217 5299 1771 5376">
     <span class='ocr_line' id='line_1_104' title="bbox 217 5299 1771 5376; baseline 0.002 -21"><span class='ocrx_word' id='word_1_829' title='bbox 217 5299 273 5352; x_wconf 72' lang='grc' dir='ltr'>ἐκ</span> <span class='ocrx_word' id='word_1_830' title='bbox 301 5300 539 5370; x_wconf 76' lang='grc' dir='ltr'>θεότητός</span> <span class='ocrx_word' id='word_1_831' title='bbox 567 5322 629 5359; x_wconf 78' lang='grc' dir='ltr'><strong>τε</strong></span> <span class='ocrx_word' id='word_1_832' title='bbox 660 5306 755 5360; x_wconf 66' lang='grc' dir='ltr'><strong>καὶ</strong></span> <span class='ocrx_word' id='word_1_833' title='bbox 790 5305 1211 5375; x_wconf 78' lang='grc' dir='ltr'>ἁνθρωπότητος</span> <span class='ocrx_word' id='word_1_834' title='bbox 1260 5306 1382 5359; x_wconf 85' lang='grc' dir='ltr'>καθ’</span> <span class='ocrx_word' id='word_1_835' title='bbox 1418 5305 1588 5376; x_wconf 75' lang='grc' dir='ltr'>αὐτὴν</span> <span class='ocrx_word' id='word_1_836' title='bbox 1619 5324 1771 5358; x_wconf 81' lang='grc' dir='ltr'>νοου-</span> 
     </span>
    </p>
   </div>
   <div class='ocr_carea' id='block_1_105' title="bbox 1840 5299 3460 5382">
    <p class='ocr_par' dir='ltr' id='par_1_105' title="bbox 1879 5312 3460 5382">
     <span class='ocr_line' id='line_1_105' title="bbox 1879 5312 3460 5382; baseline 0.001 -17"><span class='ocrx_word' id='word_1_837' title='bbox 1879 5313 2009 5366; x_wconf 80' lang='lat' dir='ltr'><strong>dum</strong></span> <span class='ocrx_word' id='word_1_838' title='bbox 2059 5312 2230 5381; x_wconf 82' lang='lat' dir='ltr'><strong>ipsam</strong></span> <span class='ocrx_word' id='word_1_839' title='bbox 2280 5312 2551 5382; x_wconf 78' lang='lat' dir='ltr'><strong>cogitata;</strong></span> <span class='ocrx_word' id='word_1_840' title='bbox 2602 5322 2658 5367; x_wconf 91' lang='lat' dir='ltr'><strong>et</strong></span> <span class='ocrx_word' id='word_1_841' title='bbox 2706 5314 2991 5367; x_wconf 83' lang='lat' dir='ltr'><strong>inearuata</strong></span> <span class='ocrx_word' id='word_1_842' title='bbox 3036 5329 3251 5376; x_wconf 83' lang='lat' dir='ltr'><strong>rursus,</strong></span> <span class='ocrx_word' id='word_1_843' title='bbox 3299 5314 3460 5367; x_wconf 81' lang='lat' dir='ltr'><strong>aliam</strong></span> 
     </span>
    </p>
   </div>
   <div class='ocr_carea' id='block_1_106' title="bbox 220 5388 1840 5475">
    <p class='ocr_par' dir='ltr' id='par_1_106' title="bbox 220 5388 1771 5465">
     <span class='ocr_line' id='line_1_106' title="bbox 220 5388 1771 5465; baseline 0.001 -19"><span class='ocrx_word' id='word_1_844' title='bbox 220 5388 364 5462; x_wconf 80' lang='grc' dir='ltr'>μένη-</span> <span class='ocrx_word' id='word_1_845' title='bbox 391 5396 478 5447; x_wconf 67' lang='lat' dir='ltr'><strong>xci</strong></span> <span class='ocrx_word' id='word_1_846' title='bbox 509 5394 857 5465; x_wconf 83' lang='grc' dir='ltr'>σαρκουμένη</span> <span class='ocrx_word' id='word_1_847' title='bbox 881 5394 938 5446; x_wconf 78' lang='grc' dir='ltr'><strong>δὲ</strong></span> <span class='ocrx_word' id='word_1_848' title='bbox 962 5394 1144 5458; x_wconf 65' lang='grc' dir='ltr'>πάλιν,</span> <span class='ocrx_word' id='word_1_849' title='bbox 1178 5396 1370 5465; x_wconf 66' lang='grc' dir='ltr'>ἑτέραν</span> <span class='ocrx_word' id='word_1_850' title='bbox 1389 5395 1547 5463; x_wconf 80' lang='grc' dir='ltr'>φύσιν</span> <span class='ocrx_word' id='word_1_851' title='bbox 1570 5396 1771 5465; x_wconf 76' lang='grc' dir='ltr'>σαρκὸς</span> 
     </span>
    </p>
   </div>
   <div class='ocr_carea' id='block_1_107' title="bbox 1841 5388 3461 5475">
    <p class='ocr_par' dir='ltr' id='par_1_107' title="bbox 1879 5404 3461 5475">
     <span class='ocr_line' id='line_1_107' title="bbox 1879 5404 3461 5475; baseline 0.001 -17"><span class='ocrx_word' id='word_1_852' title='bbox 1879 5405 2062 5459; x_wconf 84' lang='lat' dir='ltr'><strong>carnis</strong></span> <span class='ocrx_word' id='word_1_853' title='bbox 2109 5413 2359 5457; x_wconf 83' lang='lat' dir='ltr'><strong>naturam</strong></span> <span class='ocrx_word' id='word_1_854' title='bbox 2392 5404 2717 5474; x_wconf 83' lang='lat' dir='ltr'><strong>acquirens,</strong></span> <span class='ocrx_word' id='word_1_855' title='bbox 2751 5406 2946 5474; x_wconf 76' lang='lat' dir='ltr'><strong>triplex</strong></span> <span class='ocrx_word' id='word_1_856' title='bbox 2994 5414 3176 5459; x_wconf 85' lang='lat' dir='ltr'><strong>autem</strong></span> <span class='ocrx_word' id='word_1_857' title='bbox 3213 5422 3314 5475; x_wconf 83' lang='lat' dir='ltr'><strong>pro</strong></span> <span class='ocrx_word' id='word_1_858' title='bbox 3356 5406 3461 5459; x_wconf 89' lang='lat' dir='ltr'><strong>du-</strong></span> 
     </span>
    </p>
   </div>
   <div class='ocr_carea' id='block_1_108' title="bbox 217 5477 1837 5567">
    <p class='ocr_par' dir='ltr' id='par_1_108' title="bbox 217 5477 1774 5557">
     <span class='ocr_line' id='line_1_108' title="bbox 217 5477 1774 5557; baseline 0.008 -29"><span class='ocrx_word' id='word_1_859' title='bbox 217 5477 630 5555; x_wconf 68' lang='grc' dir='ltr'>ἑπικτησαμένηο</span> <span class='ocrx_word' id='word_1_860' title='bbox 663 5484 865 5554; x_wconf 79' lang='grc' dir='ltr'>τριπλῆ</span> <span class='ocrx_word' id='word_1_861' title='bbox 910 5485 966 5538; x_wconf 78' lang='grc' dir='ltr'><strong>δὲ</strong></span> <span class='ocrx_word' id='word_1_862' title='bbox 1006 5486 1126 5539; x_wconf 71' lang='grc' dir='ltr'>ἀντὶ</span> <span class='ocrx_word' id='word_1_863' title='bbox 1162 5486 1356 5557; x_wconf 77' lang='grc' dir='ltr'>διπλῆς</span> <span class='ocrx_word' id='word_1_864' title='bbox 1401 5489 1466 5540; x_wconf 81' lang='grc' dir='ltr'><strong>ἐκ</strong></span> <span class='ocrx_word' id='word_1_865' title='bbox 1513 5487 1607 5540; x_wconf 88' lang='grc' dir='ltr'>δύο</span> <span class='ocrx_word' id='word_1_866' title='bbox 1639 5505 1774 5557; x_wconf 75' lang='grc' dir='ltr'>σαρ-</span> 
     </span>
    </p>
   </div>
   <div class='ocr_carea' id='block_1_109' title="bbox 1843 5477 3463 5567">
    <p class='ocr_par' dir='ltr' id='par_1_109' title="bbox 1878 5496 3463 5567">
     <span class='ocr_line' id='line_1_109' title="bbox 1878 5496 3463 5567; baseline 0 -18"><span class='ocrx_word' id='word_1_867' title='bbox 1878 5496 2027 5565; x_wconf 83' lang='lat' dir='ltr'><strong>piici,</strong></span> <span class='ocrx_word' id='word_1_868' title='bbox 2065 5512 2094 5551; x_wconf 89' lang='lat' dir='ltr'><strong>e</strong></span> <span class='ocrx_word' id='word_1_869' title='bbox 2129 5496 2344 5551; x_wconf 88' lang='lat' dir='ltr'><strong>duabus</strong></span> <span class='ocrx_word' id='word_1_870' title='bbox 2374 5497 2635 5551; x_wconf 84' lang='lat' dir='ltr'><strong>carnibus</strong></span> <span class='ocrx_word' id='word_1_871' title='bbox 2679 5506 2733 5551; x_wconf 90' lang='lat' dir='ltr'><strong>et</strong></span> <span class='ocrx_word' id='word_1_872' title='bbox 2781 5514 2887 5552; x_wconf 89' lang='lat' dir='ltr'><strong>una</strong></span> <span class='ocrx_word' id='word_1_873' title='bbox 2920 5497 3209 5551; x_wconf 86' lang='lat' dir='ltr'><strong>divinitate</strong></span> <span class='ocrx_word' id='word_1_874' title='bbox 3237 5513 3463 5567; x_wconf 75' lang='lat' dir='ltr'><strong>cmnpo-</strong></span> 
     </span>
    </p>
   </div>
   <div class='ocr_carea' id='block_1_110' title="bbox 217 5570 1997 5650">
    <p class='ocr_par' dir='ltr' id='par_1_110' title="bbox 217 5570 1997 5650">
     <span class='ocr_line' id='line_1_110' title="bbox 217 5570 1997 5650; baseline 0.011 -28"><span class='ocrx_word' id='word_1_875' title='bbox 217 5570 322 5622; x_wconf 74' lang='grc' dir='ltr'><strong>κῶν</strong></span> <span class='ocrx_word' id='word_1_876' title='bbox 362 5577 449 5627; x_wconf 77' lang='grc' dir='ltr'>καὶ</span> <span class='ocrx_word' id='word_1_877' title='bbox 481 5576 609 5645; x_wconf 85' lang='grc' dir='ltr'><strong>μιᾶς</strong></span> <span class='ocrx_word' id='word_1_878' title='bbox 645 5575 903 5646; x_wconf 84' lang='grc' dir='ltr'>θεότητος</span> <span class='ocrx_word' id='word_1_879' title='bbox 938 5577 1454 5650; x_wconf 81' lang='grc' dir='ltr'>συγκεκροτημένη.</span> <span class='ocrx_word' id='word_1_880' title='bbox 1876 5589 1997 5642; x_wconf 84' lang='lat' dir='ltr'><strong>sita.</strong></span> 
     </span>
    </p>
   </div>
   <div class='ocr_carea' id='block_1_111' title="bbox 283 5660 1903 5751">
    <p class='ocr_par' dir='ltr' id='par_1_111' title="bbox 283 5660 1774 5739">
     <span class='ocr_line' id='line_1_111' title="bbox 283 5660 1774 5739; baseline 0.003 -23"><span class='ocrx_word' id='word_1_881' title='bbox 283 5660 373 5725; x_wconf 78' lang='grc' dir='ltr'><strong>ξα’.</strong></span> <span class='ocrx_word' id='word_1_882' title='bbox 405 5667 521 5719; x_wconf 78' lang='grc' dir='ltr'>Ἔτι</span> <span class='ocrx_word' id='word_1_883' title='bbox 552 5669 674 5721; x_wconf 71' lang='grc' dir='ltr'>ἐπεὶ</span> <span class='ocrx_word' id='word_1_884' title='bbox 706 5669 770 5721; x_wconf 82' lang='grc' dir='ltr'>ὲκ</span> <span class='ocrx_word' id='word_1_885' title='bbox 791 5667 884 5720; x_wconf 83' lang='grc' dir='ltr'>δύο</span> <span class='ocrx_word' id='word_1_886' title='bbox 924 5668 1139 5737; x_wconf 79' lang='grc' dir='ltr'>φύσεων</span> <span class='ocrx_word' id='word_1_887' title='bbox 1167 5671 1224 5723; x_wconf 77' lang='grc' dir='ltr'>ἒν</span> <span class='ocrx_word' id='word_1_888' title='bbox 1249 5688 1297 5723; x_wconf 89' lang='grc' dir='ltr'><strong>τι</strong></span> <span class='ocrx_word' id='word_1_889' title='bbox 1328 5669 1583 5738; x_wconf 78' lang='grc' dir='ltr'>γενέσθαι</span> <span class='ocrx_word' id='word_1_890' title='bbox 1618 5672 1774 5739; x_wconf 63' lang='grc' dir='ltr'>φασὶ,</span> 
     </span>
    </p>
   </div>
   <div class='ocr_carea' id='block_1_112' title="bbox 1843 5660 3463 5751">
    <p class='ocr_par' dir='ltr' id='par_1_112' title="bbox 1946 5678 3463 5751">
     <span class='ocr_line' id='line_1_112' title="bbox 1946 5678 3463 5751; baseline 0.001 -18"><span class='ocrx_word' id='word_1_891' title='bbox 1946 5680 2033 5733; x_wconf 87' lang='grc'><strong>61.</strong></span> <span class='ocrx_word' id='word_1_892' title='bbox 2059 5678 2251 5733; x_wconf 88' lang='lat' dir='ltr'><strong>Adhuc</strong></span> <span class='ocrx_word' id='word_1_893' title='bbox 2285 5695 2408 5735; x_wconf 90' lang='lat' dir='ltr'><strong>cum</strong></span> <span class='ocrx_word' id='word_1_894' title='bbox 2436 5700 2464 5733; x_wconf 86' lang='lat' dir='ltr'><strong>e</strong></span> <span class='ocrx_word' id='word_1_895' title='bbox 2492 5680 2706 5735; x_wconf 88' lang='lat' dir='ltr'><strong>duabus</strong></span> <span class='ocrx_word' id='word_1_896' title='bbox 2738 5682 2952 5736; x_wconf 84' lang='lat' dir='ltr'><strong>naturis</strong></span> <span class='ocrx_word' id='word_1_897' title='bbox 2987 5696 3153 5736; x_wconf 90' lang='lat' dir='ltr'><strong>unum</strong></span> <span class='ocrx_word' id='word_1_898' title='bbox 3185 5679 3463 5751; x_wconf 86' lang='lat' dir='ltr'><strong>quoddam</strong></span> 
     </span>
    </p>
   </div>
   <div class='ocr_carea' id='block_1_113' title="bbox 221 5757 1841 5843">
    <p class='ocr_par' dir='ltr' id='par_1_113' title="bbox 221 5757 1766 5837">
     <span class='ocr_line' id='line_1_113' title="bbox 221 5757 1766 5837; baseline 0.01 -36"><span class='ocrx_word' id='word_1_899' title='bbox 221 5757 460 5809; x_wconf 74' lang='grc' dir='ltr'>πεύστέον</span> <span class='ocrx_word' id='word_1_900' title='bbox 494 5759 672 5811; x_wconf 80' lang='grc' dir='ltr'>αὐτῶν</span> <span class='ocrx_word' id='word_1_901' title='bbox 701 5759 762 5811; x_wconf 77' lang='grc' dir='ltr'>τὸ</span> <span class='ocrx_word' id='word_1_902' title='bbox 798 5760 857 5813; x_wconf 85' lang='grc' dir='ltr'>ἒν</span> <span class='ocrx_word' id='word_1_903' title='bbox 881 5761 1037 5813; x_wconf 85' lang='grc' dir='ltr'>τοῦτο</span> <span class='ocrx_word' id='word_1_904' title='bbox 1076 5762 1182 5814; x_wconf 90' lang='grc' dir='ltr'>τίνι</span> <span class='ocrx_word' id='word_1_905' title='bbox 1211 5762 1355 5834; x_wconf 78' lang='grc' dir='ltr'>λόγῳ</span> <span class='ocrx_word' id='word_1_906' title='bbox 1388 5764 1447 5816; x_wconf 75' lang='grc' dir='ltr'>ἓν</span> <span class='ocrx_word' id='word_1_907' title='bbox 1488 5781 1686 5831; x_wconf 82' lang='grc' dir='ltr'>φασιν;</span> <span class='ocrx_word' id='word_1_908' title='bbox 1735 5767 1766 5837; x_wconf 83' lang='grc' dir='ltr'><strong>ῆ</strong></span> 
     </span>
    </p>
   </div>
   <div class='ocr_carea' id='block_1_114' title="bbox 1849 5757 3469 5843">
    <p class='ocr_par' dir='ltr' id='par_1_114' title="bbox 1882 5768 3469 5843">
     <span class='ocr_line' id='line_1_114' title="bbox 1882 5768 3469 5843; baseline 0.003 -21"><span class='ocrx_word' id='word_1_909' title='bbox 1882 5768 1998 5823; x_wconf 78' lang='lat' dir='ltr'><strong>ﬁeri</strong></span> <span class='ocrx_word' id='word_1_910' title='bbox 2035 5771 2240 5837; x_wconf 89' lang='lat' dir='ltr'><strong>dicant,</strong></span> <span class='ocrx_word' id='word_1_911' title='bbox 2280 5772 2346 5825; x_wconf 85' lang='lat' dir='ltr'><strong>ab</strong></span> <span class='ocrx_word' id='word_1_912' title='bbox 2380 5773 2460 5827; x_wconf 90' lang='lat' dir='ltr'><strong>eis</strong></span> <span class='ocrx_word' id='word_1_913' title='bbox 2509 5773 2899 5843; x_wconf 70' lang='lat' dir='ltr'><strong>inquirendum</strong></span> <span class='ocrx_word' id='word_1_914' title='bbox 2954 5774 3085 5828; x_wconf 90' lang='lat' dir='ltr'><strong>illud</strong></span> <span class='ocrx_word' id='word_1_915' title='bbox 3138 5788 3307 5827; x_wconf 89' lang='lat' dir='ltr'><strong>unum</strong></span> <span class='ocrx_word' id='word_1_916' title='bbox 3358 5788 3469 5842; x_wconf 86' lang='lat' dir='ltr'><strong>qua</strong></span> 
     </span>
    </p>
   </div>
   <div class='ocr_carea' id='block_1_115' title="bbox 225 5844 1845 5939">
    <p class='ocr_par' dir='ltr' id='par_1_115' title="bbox 225 5844 1767 5929">
     <span class='ocr_line' id='line_1_115' title="bbox 225 5844 1767 5929; baseline 0.008 -31"><span class='ocrx_word' id='word_1_917' title='bbox 225 5844 322 5915; x_wconf 63' lang='lat' dir='ltr'><strong>rip</strong></span> <span class='ocrx_word' id='word_1_918' title='bbox 351 5848 419 5919; x_wconf 77' lang='grc' dir='ltr'>τῷ</span> <span class='ocrx_word' id='word_1_919' title='bbox 445 5850 686 5918; x_wconf 76' lang='grc' dir='ltr'>ὀνόματι,</span> <span class='ocrx_word' id='word_1_920' title='bbox 714 5850 748 5920; x_wconf 78' lang='grc' dir='ltr'>ἢ</span> <span class='ocrx_word' id='word_1_921' title='bbox 779 5849 855 5921; x_wconf 80' lang='grc' dir='ltr'>τῷ</span> <span class='ocrx_word' id='word_1_922' title='bbox 898 5855 1064 5919; x_wconf 77' lang='grc' dir='ltr'>γένει,</span> <span class='ocrx_word' id='word_1_923' title='bbox 1102 5854 1136 5921; x_wconf 78' lang='grc' dir='ltr'><strong>ἢ</strong></span> <span class='ocrx_word' id='word_1_924' title='bbox 1168 5854 1246 5923; x_wconf 79' lang='grc' dir='ltr'><strong>τῷ</strong></span> <span class='ocrx_word' id='word_1_925' title='bbox 1274 5856 1425 5921; x_wconf 72' lang='grc' dir='ltr'>εἴδει,</span> <span class='ocrx_word' id='word_1_926' title='bbox 1461 5856 1492 5924; x_wconf 83' lang='grc' dir='ltr'>ἢ</span> <span class='ocrx_word' id='word_1_927' title='bbox 1529 5858 1604 5927; x_wconf 76' lang='grc' dir='ltr'>τῷ</span> <span class='ocrx_word' id='word_1_928' title='bbox 1643 5858 1767 5929; x_wconf 78' lang='grc' dir='ltr'>ἀρι-</span> 
     </span>
    </p>
   </div>
   <div class='ocr_carea' id='block_1_116' title="bbox 1841 5844 3461 5939">
    <p class='ocr_par' dir='ltr' id='par_1_116' title="bbox 1877 5863 3461 5939">
     <span class='ocr_line' id='line_1_116' title="bbox 1877 5863 3461 5939; baseline 0.003 -25"><span class='ocrx_word' id='word_1_929' title='bbox 1877 5863 2088 5917; x_wconf 80' lang='lat' dir='ltr'><strong>ratione</strong></span> <span class='ocrx_word' id='word_1_930' title='bbox 2120 5879 2288 5917; x_wconf 83' lang='lat' dir='ltr'><strong>unum</strong></span> <span class='ocrx_word' id='word_1_931' title='bbox 2312 5865 2539 5919; x_wconf 86' lang='lat' dir='ltr'><strong>dicunt?</strong></span> <span class='ocrx_word' id='word_1_932' title='bbox 2559 5866 2663 5920; x_wconf 84' lang='lat' dir='ltr'><strong>Aut</strong></span> <span class='ocrx_word' id='word_1_933' title='bbox 2686 5866 2832 5920; x_wconf 83' lang='lat' dir='ltr'><strong>enim</strong></span> <span class='ocrx_word' id='word_1_934' title='bbox 2856 5867 3099 5925; x_wconf 74' lang='lat' dir='ltr'><strong>nomine,</strong></span> <span class='ocrx_word' id='word_1_935' title='bbox 3124 5876 3219 5920; x_wconf 86' lang='lat' dir='ltr'><strong>aut</strong></span> <span class='ocrx_word' id='word_1_936' title='bbox 3244 5879 3461 5939; x_wconf 69' lang='lat' dir='ltr'><strong>genere,</strong></span> 
     </span>
    </p>
   </div>
   <div class='ocr_carea' id='block_1_117' title="bbox 456 5942 2076 6021">
    <p class='ocr_par' dir='ltr' id='par_1_117' title="bbox 456 5942 1241 6010">
     <span class='ocr_line' id='line_1_117' title="bbox 456 5942 1241 6010; baseline 0.009 -9"><span class='ocrx_word' id='word_1_937' title='bbox 456 5942 723 6007; x_wconf 76' lang='grc' dir='ltr'>ΡΑτιιοι..</span> <span class='ocrx_word' id='word_1_938' title='bbox 759 5948 874 6010; x_wconf 78' lang='lat' dir='ltr'><strong>Cu.</strong></span> <span class='ocrx_word' id='word_1_939' title='bbox 915 5947 1012 6009; x_wconf 77' lang='lat' dir='ltr'><strong>LX</strong></span> <span class='ocrx_word' id='word_1_940' title='bbox 1026 5947 1122 6007; x_wconf 68' lang='lat' dir='ltr'><strong>XX</strong></span> <span class='ocrx_word' id='word_1_941' title='bbox 1136 5946 1241 6008; x_wconf 75' lang='lat' dir='ltr'><strong>Vl.</strong></span> 
     </span>
    </p>
   </div>
   <div class='ocr_carea' id='block_1_118' title="bbox 1518 5942 3138 6021">
    <p class='ocr_par' dir='ltr' id='par_1_118' title="bbox 3070 5957 3138 6021">
     <span class='ocr_line' id='line_1_118' title="bbox 3070 5957 3138 6021; baseline 0.029 -2"><span class='ocrx_word' id='word_1_942' title='bbox 3070 5957 3138 6021; x_wconf 69' lang='grc' dir='ltr'><strong>δ’]</strong></span> 
     </span>
    </p>
   </div>
  </div>
