  <div class='ocr_page' id='page_1' title='image "/cluster/home/n/w/nwhite01/storage/ocr_20150623/88 pt.2/uva.x004575615/389.png"; bbox 0 0 4108 6452; ppageno 0'>
   <div class='ocr_carea' id='block_1_1' title="bbox 522 371 757 435">
    <p class='ocr_par' dir='ltr' id='par_1_1' title="bbox 522 371 757 435">
     <span class='ocr_line' id='line_1_1' title="bbox 522 371 757 435; baseline -0.004 -1"><span class='ocrx_word' id='word_1_1' title='bbox 522 383 527 389; x_wconf 85' lang='grc'><strong><em>“</em></strong></span> <span class='ocrx_word' id='word_1_2' title='bbox 614 371 757 435; x_wconf 62' lang='grc' dir='ltr'>Ξέθῖ</span> 
     </span>
    </p>
   </div>
   <div class='ocr_carea' id='block_1_2' title="bbox 1776 360 2627 427">
    <p class='ocr_par' dir='ltr' id='par_1_2' title="bbox 1776 360 2627 427">
     <span class='ocr_line' id='line_1_2' title="bbox 1776 360 2627 427; baseline -0.005 0"><span class='ocrx_word' id='word_1_3' title='bbox 1776 362 2095 427; x_wconf 76' lang='lat' dir='ltr'><strong>EV’AGRII</strong></span> <span class='ocrx_word' id='word_1_4' title='bbox 2135 360 2627 425; x_wconf 73' lang='lat' dir='ltr'><strong>SCHOLASTICI</strong></span> 
     </span>
    </p>
   </div>
   <div class='ocr_carea' id='block_1_3' title="bbox 3713 306 3861 434">
    <p class='ocr_par' dir='ltr' id='par_1_3' title="bbox 3713 306 3861 434">
     <span class='ocr_line' id='line_1_3' title="bbox 3713 306 3861 434; baseline 0.02 -3"><span class='ocrx_word' id='word_1_5' title='bbox 3713 306 3861 434; x_wconf 58' lang='lat' dir='ltr'><strong>w2500</strong></span> 
     </span>
    </p>
   </div>
   <div class='ocr_carea' id='block_1_4' title="bbox 608 465 2192 555">
    <p class='ocr_par' dir='ltr' id='par_1_4' title="bbox 608 475 2188 555">
     <span class='ocr_line' id='line_1_4' title="bbox 608 475 2188 555; baseline -0.007 -17"><span class='ocrx_word' id='word_1_6' title='bbox 608 484 775 555; x_wconf 83' lang='lat' dir='ltr'><strong>paulo</strong></span> <span class='ocrx_word' id='word_1_7' title='bbox 814 493 941 540; x_wconf 85' lang='lat' dir='ltr'><strong>ante</strong></span> <span class='ocrx_word' id='word_1_8' title='bbox 986 484 1326 539; x_wconf 82' lang='lat' dir='ltr'><strong>celebratum</strong></span> <span class='ocrx_word' id='word_1_9' title='bbox 1371 492 1455 537; x_wconf 81' lang='lat' dir='ltr'><strong>est</strong></span> <span class='ocrx_word' id='word_1_10' title='bbox 1487 481 1542 536; x_wconf 86' lang='lat' dir='ltr'><strong>in</strong></span> <span class='ocrx_word' id='word_1_11' title='bbox 1576 478 1868 549; x_wconf 74' lang='lat' dir='ltr'><strong>metropoli</strong></span> <span class='ocrx_word' id='word_1_12' title='bbox 1916 475 2188 545; x_wconf 78' lang='lat' dir='ltr'><strong>Ephesio-</strong></span> 
     </span>
    </p>
   </div>
   <div class='ocr_carea' id='block_1_5' title="bbox 2294 465 3859 555">
    <p class='ocr_par' dir='ltr' id='par_1_5' title="bbox 2294 465 3859 553">
     <span class='ocr_line' id='line_1_5' title="bbox 2294 465 3859 553; baseline 0.007 -28"><span class='ocrx_word' id='word_1_13' title='bbox 2294 468 2587 543; x_wconf 75' lang='grc' dir='ltr'>γενομένης</span> <span class='ocrx_word' id='word_1_14' title='bbox 2618 474 2840 529; x_wconf 70' lang='grc' dir='ltr'>συνόδου</span> <span class='ocrx_word' id='word_1_15' title='bbox 2886 465 2954 531; x_wconf 62' lang='grc' dir='ltr'>’ἐν</span> <span class='ocrx_word' id='word_1_16' title='bbox 2999 479 3066 549; x_wconf 80' lang='grc' dir='ltr'>τῇ</span> <span class='ocrx_word' id='word_1_17' title='bbox 3111 474 3376 547; x_wconf 79' lang='grc' dir='ltr'><strong>Ἐφεσίων</strong></span> <span class='ocrx_word' id='word_1_18' title='bbox 3406 479 3761 549; x_wconf 69' lang='grc' dir='ltr'><strong>μητροπόλει,</strong></span> <span class='ocrx_word' id='word_1_19' title='bbox 3796 484 3859 553; x_wconf 68' lang='grc' dir='ltr'><strong>ην</strong></span> 
     </span>
    </p>
   </div>
   <div class='ocr_carea' id='block_1_6' title="bbox 608 568 2184 645">
    <p class='ocr_par' dir='ltr' id='par_1_6' title="bbox 608 568 2184 645">
     <span class='ocr_line' id='line_1_6' title="bbox 608 568 2184 645; baseline -0.006 -15"><span class='ocrx_word' id='word_1_20' title='bbox 608 580 765 642; x_wconf 74' lang='lat' dir='ltr'><strong>rum“,</strong></span> <span class='ocrx_word' id='word_1_21' title='bbox 812 574 958 645; x_wconf 87' lang='lat' dir='ltr'><strong>quod</strong></span> <span class='ocrx_word' id='word_1_22' title='bbox 1000 575 1213 631; x_wconf 87' lang='lat' dir='ltr'><strong>utinam</strong></span> <span class='ocrx_word' id='word_1_23' title='bbox 1253 574 1592 630; x_wconf 88' lang='lat' dir='ltr'><strong>celebratum</strong></span> <span class='ocrx_word' id='word_1_24' title='bbox 1636 586 1919 641; x_wconf 89' lang='lat' dir='ltr'><strong>nunquam</strong></span> <span class='ocrx_word' id='word_1_25' title='bbox 1966 568 2184 629; x_wconf 88' lang='lat' dir='ltr'><strong>fuisset,</strong></span> 
     </span>
    </p>
   </div>
   <div class='ocr_carea' id='block_1_7' title="bbox 608 651 2182 731">
    <p class='ocr_par' dir='ltr' id='par_1_7' title="bbox 608 651 2182 731">
     <span class='ocr_line' id='line_1_7' title="bbox 608 651 2182 731; baseline -0.008 -7"><span class='ocrx_word' id='word_1_26' title='bbox 608 682 678 724; x_wconf 84' lang='lat' dir='ltr'><strong>ne</strong></span> <span class='ocrx_word' id='word_1_27' title='bbox 704 668 853 721; x_wconf 90' lang='lat' dir='ltr'><strong>orbis</strong></span> <span class='ocrx_word' id='word_1_28' title='bbox 881 676 1155 721; x_wconf 86' lang='lat' dir='ltr'><strong>terrarum</strong></span> <span class='ocrx_word' id='word_1_29' title='bbox 1190 666 1348 722; x_wconf 89' lang='lat' dir='ltr'><strong>malis</strong></span> <span class='ocrx_word' id='word_1_30' title='bbox 1376 681 1439 721; x_wconf 88' lang='lat' dir='ltr'><strong>ac</strong></span> <span class='ocrx_word' id='word_1_31' title='bbox 1464 662 1794 720; x_wconf 88' lang='lat' dir='ltr'><strong>tumultibus</strong></span> <span class='ocrx_word' id='word_1_32' title='bbox 1824 651 2182 731; x_wconf 83' lang='lat' dir='ltr'><strong>impleretur:</strong></span> 
     </span>
    </p>
   </div>
   <div class='ocr_carea' id='block_1_8' title="bbox 607 746 2190 827">
    <p class='ocr_par' dir='ltr' id='par_1_8' title="bbox 607 746 2190 827">
     <span class='ocr_line' id='line_1_8' title="bbox 607 746 2190 827; baseline -0.006 -14"><span class='ocrx_word' id='word_1_33' title='bbox 607 757 788 819; x_wconf 84' lang='lat' dir='ltr'><strong>bonus</strong></span> <span class='ocrx_word' id='word_1_34' title='bbox 825 757 917 812; x_wconf 91' lang='lat' dir='ltr'><strong>ille</strong></span> <span class='ocrx_word' id='word_1_35' title='bbox 949 757 1265 822; x_wconf 84' lang='lat' dir='ltr'><strong>Dioscorus,</strong></span> <span class='ocrx_word' id='word_1_36' title='bbox 1297 757 1502 812; x_wconf 89' lang='lat' dir='ltr'><strong>nullam</strong></span> <span class='ocrx_word' id='word_1_37' title='bbox 1531 755 1759 827; x_wconf 75' lang='lat' dir='ltr'><strong>justitia:</strong></span> <span class='ocrx_word' id='word_1_38' title='bbox 1792 746 2060 808; x_wconf 81' lang='lat' dir='ltr'><strong>rationem</strong></span> <span class='ocrx_word' id='word_1_39' title='bbox 2090 750 2190 805; x_wconf 86' lang='lat' dir='ltr'><strong>ha-</strong></span> 
     </span>
    </p>
   </div>
   <div class='ocr_carea' id='block_1_9' title="bbox 607 842 2187 913">
    <p class='ocr_par' dir='ltr' id='par_1_9' title="bbox 607 842 2187 913">
     <span class='ocr_line' id='line_1_9' title="bbox 607 842 2187 913; baseline -0.004 -11"><span class='ocrx_word' id='word_1_40' title='bbox 607 847 767 912; x_wconf 84' lang='lat' dir='ltr'><strong>bens,</strong></span> <span class='ocrx_word' id='word_1_41' title='bbox 798 862 903 903; x_wconf 87' lang='lat' dir='ltr'><strong>nec</strong></span> <span class='ocrx_word' id='word_1_42' title='bbox 932 849 1030 903; x_wconf 74' lang='lat' dir='ltr'><strong>Det</strong></span> <span class='ocrx_word' id='word_1_43' title='bbox 1078 859 1330 903; x_wconf 72' lang='lat' dir='ltr'><strong>tumorem</strong></span> <span class='ocrx_word' id='word_1_44' title='bbox 1371 847 1751 910; x_wconf 83' lang='lat' dir='ltr'><strong>considerans,</strong></span> <span class='ocrx_word' id='word_1_45' title='bbox 1783 859 1907 899; x_wconf 90' lang='lat' dir='ltr'><strong>cum</strong></span> <span class='ocrx_word' id='word_1_46' title='bbox 1939 842 2187 913; x_wconf 87' lang='lat' dir='ltr'><strong>ejusdem</strong></span> 
     </span>
    </p>
   </div>
   <div class='ocr_carea' id='block_1_10' title="bbox 606 928 2191 1011">
    <p class='ocr_par' dir='ltr' id='par_1_10' title="bbox 606 928 2191 1011">
     <span class='ocr_line' id='line_1_10' title="bbox 606 928 2191 1011; baseline -0.003 -17"><span class='ocrx_word' id='word_1_47' title='bbox 606 939 884 1011; x_wconf 80' lang='lat' dir='ltr'><strong>opinionis</strong></span> <span class='ocrx_word' id='word_1_48' title='bbox 916 956 979 994; x_wconf 88' lang='lat' dir='ltr'><strong>ac</strong></span> <span class='ocrx_word' id='word_1_49' title='bbox 1010 928 1299 995; x_wconf 64' lang='lat' dir='ltr'><strong>sententiae</strong></span> <span class='ocrx_word' id='word_1_50' title='bbox 1324 949 1471 996; x_wconf 89' lang='lat' dir='ltr'><strong>esset</strong></span> <span class='ocrx_word' id='word_1_51' title='bbox 1495 955 1620 994; x_wconf 88' lang='lat' dir='ltr'><strong>cum</strong></span> <span class='ocrx_word' id='word_1_52' title='bbox 1660 937 1927 1009; x_wconf 79' lang='lat' dir='ltr'><strong>Eutyche,</strong></span> <span class='ocrx_word' id='word_1_53' title='bbox 1959 935 2191 1006; x_wconf 78' lang='lat' dir='ltr'><strong>perdita:</strong></span> 
     </span>
    </p>
   </div>
   <div class='ocr_carea' id='block_1_11' title="bbox 609 1028 2187 1101">
    <p class='ocr_par' dir='ltr' id='par_1_11' title="bbox 609 1028 2187 1101">
     <span class='ocr_line' id='line_1_11' title="bbox 609 1028 2187 1101; baseline -0.004 -15"><span class='ocrx_word' id='word_1_54' title='bbox 609 1031 810 1086; x_wconf 84' lang='lat' dir='ltr'><strong>mentis</strong></span> <span class='ocrx_word' id='word_1_55' title='bbox 864 1031 1086 1086; x_wconf 79' lang='lat' dir='ltr'><strong>homine</strong></span> <span class='ocrx_word' id='word_1_56' title='bbox 1147 1042 1310 1101; x_wconf 88' lang='lat' dir='ltr'><strong>atque</strong></span> <span class='ocrx_word' id='word_1_57' title='bbox 1362 1030 1651 1095; x_wconf 64' lang='lat' dir='ltr'><strong>haeretico;</strong></span> <span class='ocrx_word' id='word_1_58' title='bbox 1706 1028 1956 1084; x_wconf 85' lang='lat' dir='ltr'><strong>occultus</strong></span> <span class='ocrx_word' id='word_1_59' title='bbox 2003 1036 2187 1081; x_wconf 84' lang='lat' dir='ltr'><strong>autem</strong></span> 
     </span>
    </p>
   </div>
   <div class='ocr_carea' id='block_1_12' title="bbox 608 1119 2189 1193">
    <p class='ocr_par' dir='ltr' id='par_1_12' title="bbox 608 1119 2189 1193">
     <span class='ocr_line' id='line_1_12' title="bbox 608 1119 2189 1193; baseline -0.004 -16"><span class='ocrx_word' id='word_1_60' title='bbox 608 1131 777 1182; x_wconf 88' lang='lat' dir='ltr'><strong>esset,</strong></span> <span class='ocrx_word' id='word_1_61' title='bbox 802 1123 945 1186; x_wconf 79' lang='lat' dir='ltr'><strong>sicut</strong></span> <span class='ocrx_word' id='word_1_62' title='bbox 969 1134 1157 1193; x_wconf 85' lang='lat' dir='ltr'><strong>postea</strong></span> <span class='ocrx_word' id='word_1_63' title='bbox 1183 1124 1529 1193; x_wconf 79' lang='lat' dir='ltr'><strong>apertissime</strong></span> <span class='ocrx_word' id='word_1_64' title='bbox 1550 1120 1876 1186; x_wconf 80' lang='lat' dir='ltr'><strong>declaravit;</strong></span> <span class='ocrx_word' id='word_1_65' title='bbox 1898 1119 2189 1175; x_wconf 87' lang='lat' dir='ltr'><strong>occasione</strong></span> 
     </span>
    </p>
   </div>
   <div class='ocr_carea' id='block_1_13' title="bbox 609 1209 2191 1284">
    <p class='ocr_par' dir='ltr' id='par_1_13' title="bbox 609 1209 2191 1284">
     <span class='ocr_line' id='line_1_13' title="bbox 609 1209 2191 1284; baseline -0.002 -17"><span class='ocrx_word' id='word_1_66' title='bbox 609 1224 829 1284; x_wconf 84' lang='lat' dir='ltr'><strong>arrepta</strong></span> <span class='ocrx_word' id='word_1_67' title='bbox 873 1230 937 1269; x_wconf 81' lang='lat' dir='ltr'><strong>ex</strong></span> <span class='ocrx_word' id='word_1_68' title='bbox 979 1215 1329 1271; x_wconf 82' lang='lat' dir='ltr'><strong>accusatione</strong></span> <span class='ocrx_word' id='word_1_69' title='bbox 1371 1229 1536 1282; x_wconf 89' lang='lat' dir='ltr'><strong>quam</strong></span> <span class='ocrx_word' id='word_1_70' title='bbox 1566 1228 1671 1283; x_wconf 79' lang='lat' dir='ltr'><strong>ego</strong></span> <span class='ocrx_word' id='word_1_71' title='bbox 1715 1213 1982 1268; x_wconf 83' lang='lat' dir='ltr'><strong>adversus</strong></span> <span class='ocrx_word' id='word_1_72' title='bbox 2025 1209 2191 1281; x_wconf 77' lang='lat' dir='ltr'><strong>Euty-</strong></span> 
     </span>
    </p>
   </div>
   <div class='ocr_carea' id='block_1_14' title="bbox 609 1305 2191 1369">
    <p class='ocr_par' dir='ltr' id='par_1_14' title="bbox 609 1305 2191 1369">
     <span class='ocr_line' id='line_1_14' title="bbox 609 1305 2191 1369; baseline -0.002 -10"><span class='ocrx_word' id='word_1_73' title='bbox 609 1307 765 1362; x_wconf 87' lang='lat' dir='ltr'><strong>ehem</strong></span> <span class='ocrx_word' id='word_1_74' title='bbox 810 1306 1017 1361; x_wconf 86' lang='lat' dir='ltr'><strong>erroris</strong></span> <span class='ocrx_word' id='word_1_75' title='bbox 1060 1307 1233 1369; x_wconf 85' lang='lat' dir='ltr'><strong>ipsius</strong></span> <span class='ocrx_word' id='word_1_76' title='bbox 1270 1319 1580 1362; x_wconf 82' lang='lat' dir='ltr'><strong>consortem</strong></span> <span class='ocrx_word' id='word_1_77' title='bbox 1626 1305 1995 1368; x_wconf 87' lang='lat' dir='ltr'><strong>institueram,</strong></span> <span class='ocrx_word' id='word_1_78' title='bbox 2040 1312 2095 1357; x_wconf 88' lang='lat' dir='ltr'><strong>et</strong></span> <span class='ocrx_word' id='word_1_79' title='bbox 2123 1318 2191 1356; x_wconf 82' lang='lat' dir='ltr'><strong>ex</strong></span> 
     </span>
    </p>
   </div>
   <div class='ocr_carea' id='block_1_15' title="bbox 608 1398 2189 1467">
    <p class='ocr_par' dir='ltr' id='par_1_15' title="bbox 608 1398 2189 1467">
     <span class='ocr_line' id='line_1_15' title="bbox 608 1398 2189 1467; baseline -0.004 -14"><span class='ocrx_word' id='word_1_80' title='bbox 608 1400 879 1453; x_wconf 86' lang='lat' dir='ltr'><strong>sententia</strong></span> <span class='ocrx_word' id='word_1_81' title='bbox 917 1415 947 1453; x_wconf 90' lang='lat' dir='ltr'><strong>a</strong></span> <span class='ocrx_word' id='word_1_82' title='bbox 985 1400 1085 1467; x_wconf 66' lang='lat' dir='ltr'><strong>pice</strong></span> <span class='ocrx_word' id='word_1_83' title='bbox 1114 1400 1393 1453; x_wconf 74' lang='lat' dir='ltr'><strong>memoria:</strong></span> <span class='ocrx_word' id='word_1_84' title='bbox 1426 1399 1688 1454; x_wconf 79' lang='lat' dir='ltr'><strong>Flaviano</strong></span> <span class='ocrx_word' id='word_1_85' title='bbox 1714 1398 1971 1467; x_wconf 87' lang='lat' dir='ltr'><strong>episcopo</strong></span> <span class='ocrx_word' id='word_1_86' title='bbox 1998 1402 2189 1449; x_wconf 84' lang='lat' dir='ltr'><strong>contra</strong></span> 
     </span>
    </p>
   </div>
   <div class='ocr_carea' id='block_1_16' title="bbox 607 1484 2189 1561">
    <p class='ocr_par' dir='ltr' id='par_1_16' title="bbox 607 1484 2189 1561">
     <span class='ocr_line' id='line_1_16' title="bbox 607 1484 2189 1561; baseline -0.004 -15"><span class='ocrx_word' id='word_1_87' title='bbox 607 1490 864 1546; x_wconf 80' lang='lat' dir='ltr'><strong>eumdem</strong></span> <span class='ocrx_word' id='word_1_88' title='bbox 899 1490 1203 1561; x_wconf 82' lang='lat' dir='ltr'><strong>Eutychem</strong></span> <span class='ocrx_word' id='word_1_89' title='bbox 1249 1492 1480 1560; x_wconf 88' lang='lat' dir='ltr'><strong>prolata,</strong></span> <span class='ocrx_word' id='word_1_90' title='bbox 1518 1490 1735 1545; x_wconf 89' lang='lat' dir='ltr'><strong>turbam</strong></span> <span class='ocrx_word' id='word_1_91' title='bbox 1772 1484 2189 1557; x_wconf 81' lang='lat' dir='ltr'><strong>incompositam</strong></span> 
     </span>
    </p>
   </div>
   <div class='ocr_carea' id='block_1_17' title="bbox 607 1578 2194 1652">
    <p class='ocr_par' dir='ltr' id='par_1_17' title="bbox 607 1578 2194 1652">
     <span class='ocr_line' id='line_1_17' title="bbox 607 1578 2194 1652; baseline 0 -20"><span class='ocrx_word' id='word_1_92' title='bbox 607 1580 997 1634; x_wconf 72' lang='lat' dir='ltr'><strong>seditiosorum</strong></span> <span class='ocrx_word' id='word_1_93' title='bbox 1050 1582 1333 1639; x_wconf 80' lang='lat' dir='ltr'><strong>hominum</strong></span> <span class='ocrx_word' id='word_1_94' title='bbox 1388 1581 1626 1652; x_wconf 77' lang='lat' dir='ltr'><strong>collegit.</strong></span> <span class='ocrx_word' id='word_1_95' title='bbox 1666 1580 1915 1649; x_wconf 84' lang='lat' dir='ltr'><strong>Cumque</strong></span> <span class='ocrx_word' id='word_1_96' title='bbox 1949 1578 2194 1648; x_wconf 78' lang='lat' dir='ltr'><strong>tyranni-</strong></span> 
     </span>
    </p>
   </div>
   <div class='ocr_carea' id='block_1_18' title="bbox 606 1671 2190 1743">
    <p class='ocr_par' dir='ltr' id='par_1_18' title="bbox 606 1671 2190 1743">
     <span class='ocr_line' id='line_1_18' title="bbox 606 1671 2190 1743; baseline 0.001 -19"><span class='ocrx_word' id='word_1_97' title='bbox 606 1688 726 1725; x_wconf 84' lang='lat' dir='ltr'><strong>eam</strong></span> <span class='ocrx_word' id='word_1_98' title='bbox 761 1672 1194 1727; x_wconf 81' lang='lat' dir='ltr'><strong>dominationem</strong></span> <span class='ocrx_word' id='word_1_99' title='bbox 1227 1674 1457 1742; x_wconf 79' lang='lat' dir='ltr'><strong>pecunia</strong></span> <span class='ocrx_word' id='word_1_100' title='bbox 1486 1673 1589 1727; x_wconf 86' lang='lat' dir='ltr'><strong>sibi</strong></span> <span class='ocrx_word' id='word_1_101' title='bbox 1622 1684 2018 1743; x_wconf 71' lang='lat' dir='ltr'><strong>comparasset,</strong></span> <span class='ocrx_word' id='word_1_102' title='bbox 2045 1671 2190 1742; x_wconf 86' lang='lat' dir='ltr'><strong>piam</strong></span> 
     </span>
    </p>
   </div>
   <div class='ocr_carea' id='block_1_19' title="bbox 607 1762 2265 1862">
    <p class='ocr_par' dir='ltr' id='par_1_19' title="bbox 607 1762 2265 1862">
     <span class='ocr_line' id='line_1_19' title="bbox 607 1762 2265 1862; baseline 0.001 -47"><span class='ocrx_word' id='word_1_103' title='bbox 607 1762 829 1831; x_wconf 77' lang='lat' dir='ltr'><strong>quidem</strong></span> <span class='ocrx_word' id='word_1_104' title='bbox 905 1765 1227 1834; x_wconf 76' lang='lat' dir='ltr'><strong>religionem</strong></span> <span class='ocrx_word' id='word_1_105' title='bbox 1281 1766 1757 1831; x_wconf 65' lang='lat' dir='ltr'><strong>ortltodoaorum,</strong></span> <span class='ocrx_word' id='word_1_106' title='bbox 1813 1775 2081 1835; x_wconf 61' lang='lat' dir='ltr'><strong>quantum</strong></span> <span class='ocrx_word' id='word_1_107' title='bbox 2132 1764 2186 1817; x_wconf 91' lang='lat' dir='ltr'><strong>in</strong></span> <span class='ocrx_word' id='word_1_108' title='bbox 2226 1806 2265 1862; x_wconf 72' lang='grc' dir='ltr'><strong><em>Β</em></strong></span> 
     </span>
    </p>
   </div>
   <div class='ocr_carea' id='block_1_20' title="bbox 612 1856 2191 1929">
    <p class='ocr_par' dir='ltr' id='par_1_20' title="bbox 612 1856 2191 1929">
     <span class='ocr_line' id='line_1_20' title="bbox 612 1856 2191 1929; baseline -0.001 -18"><span class='ocrx_word' id='word_1_109' title='bbox 612 1860 737 1925; x_wconf 87' lang='lat' dir='ltr'><strong>ipso</strong></span> <span class='ocrx_word' id='word_1_110' title='bbox 770 1856 894 1923; x_wconf 78' lang='lat' dir='ltr'><strong>fuit,</strong></span> <span class='ocrx_word' id='word_1_111' title='bbox 941 1858 1328 1914; x_wconf 76' lang='lat' dir='ltr'><strong>labefactavit:</strong></span> <span class='ocrx_word' id='word_1_112' title='bbox 1377 1875 1599 1929; x_wconf 77' lang='lat' dir='ltr'><strong>pravam</strong></span> <span class='ocrx_word' id='word_1_113' title='bbox 1649 1867 1832 1913; x_wconf 89' lang='lat' dir='ltr'><strong>autem</strong></span> <span class='ocrx_word' id='word_1_114' title='bbox 1876 1859 2191 1929; x_wconf 89' lang='lat' dir='ltr'><strong>opinionem</strong></span> 
     </span>
    </p>
   </div>
   <div class='ocr_carea' id='block_1_21' title="bbox 609 1946 2191 2018">
    <p class='ocr_par' dir='ltr' id='par_1_21' title="bbox 609 1946 2191 2018">
     <span class='ocr_line' id='line_1_21' title="bbox 609 1946 2191 2018; baseline 0.001 -19"><span class='ocrx_word' id='word_1_115' title='bbox 609 1947 873 2018; x_wconf 78' lang='lat' dir='ltr'><strong>Eutychis</strong></span> <span class='ocrx_word' id='word_1_116' title='bbox 908 1948 1187 2015; x_wconf 75' lang='lat' dir='ltr'><strong>monachi,</strong></span> <span class='ocrx_word' id='word_1_117' title='bbox 1240 1965 1360 2017; x_wconf 73' lang='lat' dir='ltr'><strong>qua:</strong></span> <span class='ocrx_word' id='word_1_118' title='bbox 1405 1949 1737 2018; x_wconf 77' lang='lat' dir='ltr'><strong>jampridem</strong></span> <span class='ocrx_word' id='word_1_119' title='bbox 1781 1958 1838 2003; x_wconf 92' lang='lat' dir='ltr'><strong>et</strong></span> <span class='ocrx_word' id='word_1_120' title='bbox 1865 1948 1933 2002; x_wconf 89' lang='lat' dir='ltr'><strong>ab</strong></span> <span class='ocrx_word' id='word_1_121' title='bbox 1962 1946 2191 2002; x_wconf 81' lang='lat' dir='ltr'><strong>exordio</strong></span> 
     </span>
    </p>
   </div>
   <div class='ocr_carea' id='block_1_22' title="bbox 609 2038 2190 2103">
    <p class='ocr_par' dir='ltr' id='par_1_22' title="bbox 609 2038 2190 2103">
     <span class='ocr_line' id='line_1_22' title="bbox 609 2038 2190 2103; baseline 0.003 -14"><span class='ocrx_word' id='word_1_122' title='bbox 609 2052 638 2089; x_wconf 85' lang='lat' dir='ltr'><strong>a</strong></span> <span class='ocrx_word' id='word_1_123' title='bbox 665 2038 874 2097; x_wconf 77' lang='lat' dir='ltr'><strong>sanctis</strong></span> <span class='ocrx_word' id='word_1_124' title='bbox 904 2039 1161 2093; x_wconf 86' lang='lat' dir='ltr'><strong>Patribus</strong></span> <span class='ocrx_word' id='word_1_125' title='bbox 1192 2040 1555 2095; x_wconf 86' lang='lat' dir='ltr'><strong>condemnata</strong></span> <span class='ocrx_word' id='word_1_126' title='bbox 1583 2040 1783 2103; x_wconf 80' lang='lat' dir='ltr'><strong>fuerat,</strong></span> <span class='ocrx_word' id='word_1_127' title='bbox 1825 2038 2190 2093; x_wconf 72' lang='lat' dir='ltr'><strong>confirmavit.</strong></span> 
     </span>
    </p>
   </div>
   <div class='ocr_carea' id='block_1_23' title="bbox 606 2127 2189 2201">
    <p class='ocr_par' dir='ltr' id='par_1_23' title="bbox 606 2127 2189 2201">
     <span class='ocr_line' id='line_1_23' title="bbox 606 2127 2189 2201; baseline 0.002 -18"><span class='ocrx_word' id='word_1_128' title='bbox 606 2127 745 2183; x_wconf 85' lang='lat' dir='ltr'><strong>Cum</strong></span> <span class='ocrx_word' id='word_1_129' title='bbox 794 2129 959 2199; x_wconf 79' lang='lat' dir='ltr'><strong>igitur</strong></span> <span class='ocrx_word' id='word_1_130' title='bbox 1006 2146 1116 2183; x_wconf 85' lang='lat' dir='ltr'><strong>non</strong></span> <span class='ocrx_word' id='word_1_131' title='bbox 1177 2130 1315 2184; x_wconf 81' lang='lat' dir='ltr'><strong>levia</strong></span> <span class='ocrx_word' id='word_1_132' title='bbox 1362 2131 1492 2194; x_wconf 90' lang='lat' dir='ltr'><strong>sint,</strong></span> <span class='ocrx_word' id='word_1_133' title='bbox 1541 2147 1663 2201; x_wconf 77' lang='lat' dir='ltr'><strong>quae</strong></span> <span class='ocrx_word' id='word_1_134' title='bbox 1714 2132 1976 2186; x_wconf 82' lang='lat' dir='ltr'><strong>adversus</strong></span> <span class='ocrx_word' id='word_1_135' title='bbox 2027 2130 2189 2186; x_wconf 84' lang='lat' dir='ltr'><strong>fidem</strong></span> 
     </span>
    </p>
   </div>
   <div class='ocr_carea' id='block_1_24' title="bbox 607 2218 2189 2293">
    <p class='ocr_par' dir='ltr' id='par_1_24' title="bbox 607 2218 2189 2293">
     <span class='ocr_line' id='line_1_24' title="bbox 607 2218 2189 2293; baseline 0.002 -20"><span class='ocrx_word' id='word_1_136' title='bbox 607 2218 815 2273; x_wconf 88' lang='lat' dir='ltr'><strong>Christi</strong></span> <span class='ocrx_word' id='word_1_137' title='bbox 846 2227 901 2274; x_wconf 93' lang='lat' dir='ltr'><strong>et</strong></span> <span class='ocrx_word' id='word_1_138' title='bbox 934 2233 1125 2274; x_wconf 88' lang='lat' dir='ltr'><strong>contra</strong></span> <span class='ocrx_word' id='word_1_139' title='bbox 1174 2236 1275 2275; x_wconf 85' lang='lat' dir='ltr'><strong>nos</strong></span> <span class='ocrx_word' id='word_1_140' title='bbox 1300 2221 1482 2276; x_wconf 82' lang='lat' dir='ltr'><strong>facere</strong></span> <span class='ocrx_word' id='word_1_141' title='bbox 1523 2222 1774 2285; x_wconf 75' lang='lat' dir='ltr'><strong>tentavit,</strong></span> <span class='ocrx_word' id='word_1_142' title='bbox 1817 2222 2087 2293; x_wconf 71' lang='lat' dir='ltr'><strong>provoluti</strong></span> <span class='ocrx_word' id='word_1_143' title='bbox 2124 2223 2189 2276; x_wconf 89' lang='lat' dir='ltr'><strong>ad</strong></span> 
     </span>
    </p>
   </div>
   <div class='ocr_carea' id='block_1_25' title="bbox 610 2310 2193 2385">
    <p class='ocr_par' dir='ltr' id='par_1_25' title="bbox 610 2310 2193 2385">
     <span class='ocr_line' id='line_1_25' title="bbox 610 2310 2193 2385; baseline 0.003 -21"><span class='ocrx_word' id='word_1_144' title='bbox 610 2310 781 2380; x_wconf 87' lang='lat' dir='ltr'><strong>pedes</strong></span> <span class='ocrx_word' id='word_1_145' title='bbox 828 2312 1127 2382; x_wconf 80' lang='lat' dir='ltr'><strong>Majestatis</strong></span> <span class='ocrx_word' id='word_1_146' title='bbox 1160 2323 1353 2369; x_wconf 73' lang='lat' dir='ltr'><strong>vestrae</strong></span> <span class='ocrx_word' id='word_1_147' title='bbox 1385 2329 1661 2385; x_wconf 79' lang='lat' dir='ltr'><strong>rogamus,</strong></span> <span class='ocrx_word' id='word_1_148' title='bbox 1702 2323 1761 2369; x_wconf 92' lang='lat' dir='ltr'><strong>ut</strong></span> <span class='ocrx_word' id='word_1_149' title='bbox 1784 2315 2038 2369; x_wconf 85' lang='lat' dir='ltr'><strong>eumdem</strong></span> <span class='ocrx_word' id='word_1_150' title='bbox 2067 2316 2193 2369; x_wconf 87' lang='lat' dir='ltr'><strong>reli-</strong></span> 
     </span>
    </p>
   </div>
   <div class='ocr_carea' id='block_1_26' title="bbox 607 2402 2195 2477">
    <p class='ocr_par' dir='ltr' id='par_1_26' title="bbox 607 2402 2195 2477">
     <span class='ocr_line' id='line_1_26' title="bbox 607 2402 2195 2477; baseline 0.003 -23"><span class='ocrx_word' id='word_1_151' title='bbox 607 2402 981 2471; x_wconf 74' lang='lat' dir='ltr'><strong>giosissimum</strong></span> <span class='ocrx_word' id='word_1_152' title='bbox 1030 2407 1348 2474; x_wconf 71' lang='lat' dir='ltr'><strong>episcopum</strong></span> <span class='ocrx_word' id='word_1_153' title='bbox 1381 2404 1704 2460; x_wconf 84' lang='lat' dir='ltr'><strong>Dioscorum</strong></span> <span class='ocrx_word' id='word_1_154' title='bbox 1744 2405 2080 2476; x_wconf 86' lang='lat' dir='ltr'><strong>respondere</strong></span> <span class='ocrx_word' id='word_1_155' title='bbox 2105 2406 2195 2477; x_wconf 89' lang='lat' dir='ltr'><strong>ju-</strong></span> 
     </span>
    </p>
   </div>
   <div class='ocr_carea' id='block_1_27' title="bbox 609 2490 2192 2565">
    <p class='ocr_par' dir='ltr' id='par_1_27' title="bbox 609 2490 2192 2565">
     <span class='ocr_line' id='line_1_27' title="bbox 609 2490 2192 2565; baseline 0.001 -20"><span class='ocrx_word' id='word_1_156' title='bbox 609 2490 787 2545; x_wconf 82' lang='lat' dir='ltr'><strong>beatis</strong></span> <span class='ocrx_word' id='word_1_157' title='bbox 837 2493 903 2545; x_wconf 88' lang='lat' dir='ltr'><strong>iis</strong></span> <span class='ocrx_word' id='word_1_158' title='bbox 953 2510 1074 2562; x_wconf 66' lang='lat' dir='ltr'><strong>qua!</strong></span> <span class='ocrx_word' id='word_1_159' title='bbox 1142 2509 1171 2547; x_wconf 89' lang='lat' dir='ltr'><strong>a</strong></span> <span class='ocrx_word' id='word_1_160' title='bbox 1226 2494 1389 2549; x_wconf 80' lang='lat' dir='ltr'><strong>nobis</strong></span> <span class='ocrx_word' id='word_1_161' title='bbox 1452 2494 1530 2549; x_wconf 90' lang='lat' dir='ltr'><strong>illi</strong></span> <span class='ocrx_word' id='word_1_162' title='bbox 1589 2494 1977 2565; x_wconf 86' lang='lat' dir='ltr'><strong>objiciuntur:</strong></span> <span class='ocrx_word' id='word_1_163' title='bbox 2035 2492 2192 2549; x_wconf 88' lang='lat' dir='ltr'><strong>lectis</strong></span> 
     </span>
    </p>
   </div>
   <div class='ocr_carea' id='block_1_28' title="bbox 610 2582 2192 2659">
    <p class='ocr_par' dir='ltr' id='par_1_28' title="bbox 610 2582 2192 2659">
     <span class='ocr_line' id='line_1_28' title="bbox 610 2582 2192 2659; baseline 0.002 -22"><span class='ocrx_word' id='word_1_164' title='bbox 610 2582 826 2639; x_wconf 82' lang='lat' dir='ltr'><strong>scilicet</strong></span> <span class='ocrx_word' id='word_1_165' title='bbox 885 2600 1066 2638; x_wconf 87' lang='lat' dir='ltr'><strong>coram</strong></span> <span class='ocrx_word' id='word_1_166' title='bbox 1135 2587 1479 2642; x_wconf 84' lang='lat' dir='ltr'><strong>sanctissima</strong></span> <span class='ocrx_word' id='word_1_167' title='bbox 1540 2587 1748 2659; x_wconf 79' lang='lat' dir='ltr'><strong>synodo</strong></span> <span class='ocrx_word' id='word_1_168' title='bbox 1817 2586 2192 2640; x_wconf 84' lang='lat' dir='ltr'><strong>monumentis</strong></span> 
     </span>
    </p>
   </div>
   <div class='ocr_carea' id='block_1_29' title="bbox 608 2676 2193 2747">
    <p class='ocr_par' dir='ltr' id='par_1_29' title="bbox 608 2676 2193 2747">
     <span class='ocr_line' id='line_1_29' title="bbox 608 2676 2193 2747; baseline 0.003 -20"><span class='ocrx_word' id='word_1_169' title='bbox 608 2682 857 2728; x_wconf 77' lang='lat' dir='ltr'><strong>actorum</strong></span> <span class='ocrx_word' id='word_1_170' title='bbox 908 2690 1029 2743; x_wconf 78' lang='lat' dir='ltr'><strong>qua:</strong></span> <span class='ocrx_word' id='word_1_171' title='bbox 1085 2676 1173 2730; x_wconf 70' lang='lat' dir='ltr'><strong>iLIe</strong></span> <span class='ocrx_word' id='word_1_172' title='bbox 1206 2688 1397 2731; x_wconf 87' lang='lat' dir='ltr'><strong>contra</strong></span> <span class='ocrx_word' id='word_1_173' title='bbox 1434 2694 1536 2733; x_wconf 91' lang='lat' dir='ltr'><strong>nos</strong></span> <span class='ocrx_word' id='word_1_174' title='bbox 1584 2677 1839 2733; x_wconf 85' lang='lat' dir='ltr'><strong>confecit.</strong></span> <span class='ocrx_word' id='word_1_175' title='bbox 1879 2678 1956 2732; x_wconf 78' lang='lat' dir='ltr'><strong>Ex</strong></span> <span class='ocrx_word' id='word_1_176' title='bbox 1988 2677 2193 2747; x_wconf 82' lang='lat' dir='ltr'><strong>quibus</strong></span> 
     </span>
    </p>
   </div>
   <div class='ocr_carea' id='block_1_30' title="bbox 609 2765 2193 2844">
    <p class='ocr_par' dir='ltr' id='par_1_30' title="bbox 609 2765 2193 2844">
     <span class='ocr_line' id='line_1_30' title="bbox 609 2765 2193 2844; baseline 0.001 -25"><span class='ocrx_word' id='word_1_177' title='bbox 609 2765 991 2844; x_wconf 79' lang='lat' dir='ltr'><strong>demonstrare</strong></span> <span class='ocrx_word' id='word_1_178' title='bbox 1032 2783 1323 2836; x_wconf 85' lang='lat' dir='ltr'><strong>possumus</strong></span> <span class='ocrx_word' id='word_1_179' title='bbox 1367 2770 1520 2823; x_wconf 90' lang='lat' dir='ltr'><strong>illum</strong></span> <span class='ocrx_word' id='word_1_180' title='bbox 1551 2779 1608 2823; x_wconf 91' lang='lat' dir='ltr'><strong>et</strong></span> <span class='ocrx_word' id='word_1_181' title='bbox 1648 2784 1679 2823; x_wconf 90' lang='lat' dir='ltr'><strong>a</strong></span> <span class='ocrx_word' id='word_1_182' title='bbox 1716 2777 1862 2824; x_wconf 89' lang='lat' dir='ltr'><strong>recta</strong></span> <span class='ocrx_word' id='word_1_183' title='bbox 1904 2768 2011 2823; x_wconf 80' lang='lat' dir='ltr'><strong>fide</strong></span> <span class='ocrx_word' id='word_1_184' title='bbox 2059 2768 2193 2822; x_wconf 87' lang='lat' dir='ltr'><strong>alie-</strong></span> 
     </span>
    </p>
   </div>
   <div class='ocr_carea' id='block_1_31' title="bbox 609 2857 2189 2930">
    <p class='ocr_par' dir='ltr' id='par_1_31' title="bbox 609 2857 2189 2930">
     <span class='ocr_line' id='line_1_31' title="bbox 609 2857 2189 2930; baseline 0 -18"><span class='ocrx_word' id='word_1_185' title='bbox 609 2871 742 2912; x_wconf 89' lang='lat' dir='ltr'><strong>num</strong></span> <span class='ocrx_word' id='word_1_186' title='bbox 783 2871 932 2919; x_wconf 82' lang='lat' dir='ltr'><strong>esse,</strong></span> <span class='ocrx_word' id='word_1_187' title='bbox 971 2866 1027 2911; x_wconf 89' lang='lat' dir='ltr'><strong>et</strong></span> <span class='ocrx_word' id='word_1_188' title='bbox 1080 2857 1329 2913; x_wconf 66' lang='lat' dir='ltr'><strong>haeresim</strong></span> <span class='ocrx_word' id='word_1_189' title='bbox 1378 2860 1596 2928; x_wconf 87' lang='lat' dir='ltr'><strong>plenam</strong></span> <span class='ocrx_word' id='word_1_190' title='bbox 1642 2860 1941 2930; x_wconf 88' lang='lat' dir='ltr'><strong>impietatis</strong></span> <span class='ocrx_word' id='word_1_191' title='bbox 1985 2858 2189 2914; x_wconf 86' lang='lat' dir='ltr'><strong>confir-</strong></span> 
     </span>
    </p>
   </div>
   <div class='ocr_carea' id='block_1_32' title="bbox 577 2951 2192 3025">
    <p class='ocr_par' dir='ltr' id='par_1_32' title="bbox 577 2951 2192 3025">
     <span class='ocr_line' id='line_1_32' title="bbox 577 2951 2192 3025; baseline 0.003 -23"><span class='ocrx_word' id='word_1_192' title='bbox 577 2963 810 3012; x_wconf 44' lang='lat' dir='ltr'><strong>xmasse,</strong></span> <span class='ocrx_word' id='word_1_193' title='bbox 866 2959 922 3003; x_wconf 82' lang='lat' dir='ltr'><strong>et</strong></span> <span class='ocrx_word' id='word_1_194' title='bbox 968 2966 1067 3003; x_wconf 90' lang='lat' dir='ltr'><strong>nos</strong></span> <span class='ocrx_word' id='word_1_195' title='bbox 1126 2951 1326 3021; x_wconf 89' lang='lat' dir='ltr'><strong>injuste</strong></span> <span class='ocrx_word' id='word_1_196' title='bbox 1379 2952 1722 3022; x_wconf 76' lang='lat' dir='ltr'><strong>deposuisse.</strong></span> <span class='ocrx_word' id='word_1_197' title='bbox 1766 2964 1822 3009; x_wconf 90' lang='lat' dir='ltr'><strong>et</strong></span> <span class='ocrx_word' id='word_1_198' title='bbox 1846 2952 2192 3025; x_wconf 74' lang='lat' dir='ltr'><strong>gravissimis</strong></span> 
     </span>
    </p>
   </div>
   <div class='ocr_carea' id='block_1_33' title="bbox 612 3039 2193 3100">
    <p class='ocr_par' dir='ltr' id='par_1_33' title="bbox 612 3039 2193 3100">
     <span class='ocr_line' id='line_1_33' title="bbox 612 3039 2193 3100; baseline 0.004 -8"><span class='ocrx_word' id='word_1_199' title='bbox 612 3039 769 3092; x_wconf 85' lang='lat' dir='ltr'><strong>malis</strong></span> <span class='ocrx_word' id='word_1_200' title='bbox 819 3039 1105 3095; x_wconf 75' lang='lat' dir='ltr'><strong>aﬂ‘ecisse:</strong></span> <span class='ocrx_word' id='word_1_201' title='bbox 1162 3042 1347 3099; x_wconf 88' lang='lat' dir='ltr'><strong>missis</strong></span> <span class='ocrx_word' id='word_1_202' title='bbox 1399 3045 1658 3100; x_wconf 79' lang='lat' dir='ltr'><strong>videlicet</strong></span> <span class='ocrx_word' id='word_1_203' title='bbox 1713 3045 1918 3099; x_wconf 84' lang='lat' dir='ltr'><strong>divinis</strong></span> <span class='ocrx_word' id='word_1_204' title='bbox 1963 3053 2020 3099; x_wconf 90' lang='lat' dir='ltr'><strong>et</strong></span> <span class='ocrx_word' id='word_1_205' title='bbox 2060 3044 2193 3099; x_wconf 87' lang='lat' dir='ltr'><strong>ado-</strong></span> 
     </span>
    </p>
   </div>
   <div class='ocr_carea' id='block_1_34' title="bbox 2288 559 3864 645">
    <p class='ocr_par' dir='ltr' id='par_1_34' title="bbox 2288 559 3864 645">
     <span class='ocr_line' id='line_1_34' title="bbox 2288 559 3864 645; baseline 0.007 -29"><span class='ocrx_word' id='word_1_206' title='bbox 2288 565 2479 632; x_wconf 73' lang='grc' dir='ltr'>δφελόν</span> <span class='ocrx_word' id='word_1_207' title='bbox 2516 583 2579 633; x_wconf 87' lang='grc' dir='ltr'><strong>γε</strong></span> <span class='ocrx_word' id='word_1_208' title='bbox 2613 559 2681 637; x_wconf 82' lang='grc' dir='ltr'>ἦν</span> <span class='ocrx_word' id='word_1_209' title='bbox 2726 567 2801 636; x_wconf 82' lang='grc' dir='ltr'>μὴ</span> <span class='ocrx_word' id='word_1_210' title='bbox 2829 566 3104 636; x_wconf 78' lang='grc' dir='ltr'>γενέσθαι,</span> <span class='ocrx_word' id='word_1_211' title='bbox 3141 570 3227 623; x_wconf 84' lang='grc' dir='ltr'>ῐνα</span> <span class='ocrx_word' id='word_1_212' title='bbox 3259 569 3332 641; x_wconf 76' lang='grc' dir='ltr'>μὴ</span> <span class='ocrx_word' id='word_1_213' title='bbox 3358 569 3547 625; x_wconf 79' lang='grc' dir='ltr'>κακῶν</span> <span class='ocrx_word' id='word_1_214' title='bbox 3575 572 3669 627; x_wconf 81' lang='grc' dir='ltr'>καὶ</span> <span class='ocrx_word' id='word_1_215' title='bbox 3700 590 3864 645; x_wconf 78' lang='grc' dir='ltr'>ταρα-</span> 
     </span>
    </p>
   </div>
   <div class='ocr_carea' id='block_1_35' title="bbox 2289 655 3864 734">
    <p class='ocr_par' dir='ltr' id='par_1_35' title="bbox 2289 655 3864 734">
     <span class='ocr_line' id='line_1_35' title="bbox 2289 655 3864 734; baseline 0.008 -27"><span class='ocrx_word' id='word_1_216' title='bbox 2289 655 2391 726; x_wconf 73' lang='grc' dir='ltr'>χῆς</span> <span class='ocrx_word' id='word_1_217' title='bbox 2418 656 2518 725; x_wconf 78' lang='grc' dir='ltr'>τὴν</span> <span class='ocrx_word' id='word_1_218' title='bbox 2560 657 2890 728; x_wconf 78' lang='grc' dir='ltr'><strong>οἰκουμένην</strong></span> <span class='ocrx_word' id='word_1_219' title='bbox 2931 658 3211 730; x_wconf 73' lang='grc' dir='ltr'>ἐμπλήσῃ,</span> <span class='ocrx_word' id='word_1_220' title='bbox 3244 662 3273 715; x_wconf 84' lang='grc' dir='ltr'><strong>ό</strong></span> <span class='ocrx_word' id='word_1_221' title='bbox 3312 660 3551 729; x_wconf 75' lang='grc' dir='ltr'>χρηστὸς</span> <span class='ocrx_word' id='word_1_222' title='bbox 3580 661 3864 734; x_wconf 85' lang='grc' dir='ltr'>Διόσκορος</span> 
     </span>
    </p>
   </div>
   <div class='ocr_carea' id='block_1_36' title="bbox 2291 748 3862 823">
    <p class='ocr_par' dir='ltr' id='par_1_36' title="bbox 2291 748 3862 823">
     <span class='ocr_line' id='line_1_36' title="bbox 2291 748 3862 823; baseline 0.007 -21"><span class='ocrx_word' id='word_1_223' title='bbox 2291 748 2419 819; x_wconf 76' lang='grc' dir='ltr'>παρ’</span> <span class='ocrx_word' id='word_1_224' title='bbox 2464 750 2618 805; x_wconf 69' lang='grc' dir='ltr'>οὐδὲν</span> <span class='ocrx_word' id='word_1_225' title='bbox 2650 751 2875 821; x_wconf 76' lang='grc' dir='ltr'>θέμενος</span> <span class='ocrx_word' id='word_1_226' title='bbox 2909 753 3004 807; x_wconf 79' lang='grc' dir='ltr'>τὸν</span> <span class='ocrx_word' id='word_1_227' title='bbox 3055 753 3149 808; x_wconf 76' lang='grc' dir='ltr'><strong>τοῦ</strong></span> <span class='ocrx_word' id='word_1_228' title='bbox 3188 755 3400 808; x_wconf 81' lang='grc' dir='ltr'><strong>δικαίου</strong></span> <span class='ocrx_word' id='word_1_229' title='bbox 3430 754 3613 823; x_wconf 85' lang='grc' dir='ltr'>λόγον,</span> <span class='ocrx_word' id='word_1_230' title='bbox 3651 758 3746 812; x_wconf 80' lang='grc' dir='ltr'>καὶ</span> <span class='ocrx_word' id='word_1_231' title='bbox 3772 759 3862 812; x_wconf 72' lang='grc' dir='ltr'>τὸν</span> 
     </span>
    </p>
   </div>
   <div class='ocr_carea' id='block_1_37' title="bbox 2288 840 3865 918">
    <p class='ocr_par' dir='ltr' id='par_1_37' title="bbox 2288 840 3865 918">
     <span class='ocr_line' id='line_1_37' title="bbox 2288 840 3865 918; baseline 0.006 -25"><span class='ocrx_word' id='word_1_232' title='bbox 2288 840 2383 893; x_wconf 82' lang='grc' dir='ltr'>τοῦ</span> <span class='ocrx_word' id='word_1_233' title='bbox 2437 842 2574 895; x_wconf 77' lang='grc' dir='ltr'>Θεοῦ</span> <span class='ocrx_word' id='word_1_234' title='bbox 2614 843 2799 911; x_wconf 79' lang='grc' dir='ltr'>φόὸον·</span> <span class='ocrx_word' id='word_1_235' title='bbox 2847 844 3098 915; x_wconf 80' lang='grc' dir='ltr'>δμόδοξος</span> <span class='ocrx_word' id='word_1_236' title='bbox 3149 844 3226 898; x_wconf 83' lang='grc' dir='ltr'>ὢν</span> <span class='ocrx_word' id='word_1_237' title='bbox 3284 846 3378 899; x_wconf 74' lang='grc' dir='ltr'>καὶ</span> <span class='ocrx_word' id='word_1_238' title='bbox 3406 846 3671 918; x_wconf 78' lang='grc' dir='ltr'>όμόφρων</span> <span class='ocrx_word' id='word_1_239' title='bbox 3698 849 3865 902; x_wconf 64' lang='grc' dir='ltr'><strong>Εὐτυι</strong></span> 
     </span>
    </p>
   </div>
   <div class='ocr_carea' id='block_1_38' title="bbox 2291 932 3867 1006">
    <p class='ocr_par' dir='ltr' id='par_1_38' title="bbox 2291 932 3867 1006">
     <span class='ocr_line' id='line_1_38' title="bbox 2291 932 3867 1006; baseline 0.004 -20"><span class='ocrx_word' id='word_1_240' title='bbox 2291 932 2420 1004; x_wconf 80' lang='grc' dir='ltr'>χοῦς</span> <span class='ocrx_word' id='word_1_241' title='bbox 2452 933 2549 987; x_wconf 83' lang='grc' dir='ltr'>τοῦ</span> <span class='ocrx_word' id='word_1_242' title='bbox 2594 934 2993 1005; x_wconf 69' lang='grc' dir='ltr'>ματαιόφρονος</span> <span class='ocrx_word' id='word_1_243' title='bbox 3040 935 3134 989; x_wconf 81' lang='grc' dir='ltr'>καὶ</span> <span class='ocrx_word' id='word_1_244' title='bbox 3176 936 3479 1006; x_wconf 74' lang='grc' dir='ltr'>αίρετικοῦ,</span> <span class='ocrx_word' id='word_1_245' title='bbox 3511 935 3867 993; x_wconf 79' lang='grc' dir='ltr'>λανθάνωνδέ</span> 
     </span>
    </p>
   </div>
   <div class='ocr_carea' id='block_1_39' title="bbox 2290 1023 3869 1098">
    <p class='ocr_par' dir='ltr' id='par_1_39' title="bbox 2290 1023 3869 1098">
     <span class='ocr_line' id='line_1_39' title="bbox 2290 1023 3869 1098; baseline 0.003 -22"><span class='ocrx_word' id='word_1_246' title='bbox 2290 1023 2419 1087; x_wconf 74' lang='grc' dir='ltr'>τοὺς</span> <span class='ocrx_word' id='word_1_247' title='bbox 2442 1023 2695 1088; x_wconf 74' lang='grc' dir='ltr'>πολλοὺς,</span> <span class='ocrx_word' id='word_1_248' title='bbox 2725 1024 2800 1088; x_wconf 84' lang='grc' dir='ltr'><strong>ὡς</strong></span> <span class='ocrx_word' id='word_1_249' title='bbox 2824 1024 3052 1096; x_wconf 73' lang='grc' dir='ltr'>ὕστερον</span> <span class='ocrx_word' id='word_1_250' title='bbox 3079 1025 3271 1079; x_wconf 70' lang='grc' dir='ltr'>ἐαυτὸν</span> <span class='ocrx_word' id='word_1_251' title='bbox 3301 1026 3676 1097; x_wconf 74' lang='grc' dir='ltr'><strong>ἐφανέρωσεν·</strong></span> <span class='ocrx_word' id='word_1_252' title='bbox 3700 1027 3869 1098; x_wconf 82' lang='grc' dir='ltr'>εὑρὼν</span> 
     </span>
    </p>
   </div>
   <div class='ocr_carea' id='block_1_40' title="bbox 2292 1118 3868 1190">
    <p class='ocr_par' dir='ltr' id='par_1_40' title="bbox 2292 1118 3868 1190">
     <span class='ocr_line' id='line_1_40' title="bbox 2292 1118 3868 1190; baseline 0.003 -21"><span class='ocrx_word' id='word_1_253' title='bbox 2292 1118 2480 1186; x_wconf 81' lang='grc' dir='ltr'>καιρὸν</span> <span class='ocrx_word' id='word_1_254' title='bbox 2512 1118 2610 1188; x_wconf 80' lang='grc' dir='ltr'>τὴν</span> <span class='ocrx_word' id='word_1_255' title='bbox 2650 1118 3029 1189; x_wconf 69' lang='grc' dir='ltr'><strong>γεγενημένην</strong></span> <span class='ocrx_word' id='word_1_256' title='bbox 3062 1119 3193 1188; x_wconf 81' lang='grc' dir='ltr'>παρ’</span> <span class='ocrx_word' id='word_1_257' title='bbox 3222 1118 3359 1189; x_wconf 75' lang='grc' dir='ltr'>ἐμοῦ</span> <span class='ocrx_word' id='word_1_258' title='bbox 3400 1120 3546 1173; x_wconf 89' lang='grc' dir='ltr'><strong>κατά</strong></span> <span class='ocrx_word' id='word_1_259' title='bbox 3602 1119 3868 1190; x_wconf 79' lang='grc' dir='ltr'>Εὑτυχοῦς</span> 
     </span>
    </p>
   </div>
   <div class='ocr_carea' id='block_1_41' title="bbox 2290 1209 3917 1283">
    <p class='ocr_par' dir='ltr' id='par_1_41' title="bbox 2290 1209 3917 1283">
     <span class='ocr_line' id='line_1_41' title="bbox 2290 1209 3917 1283; baseline 0.001 -19"><span class='ocrx_word' id='word_1_260' title='bbox 2290 1210 2385 1264; x_wconf 77' lang='grc' dir='ltr'><strong>τοῦ</strong></span> <span class='ocrx_word' id='word_1_261' title='bbox 2427 1210 2690 1282; x_wconf 81' lang='grc' dir='ltr'>δμοδόξου</span> <span class='ocrx_word' id='word_1_262' title='bbox 2731 1209 2894 1264; x_wconf 81' lang='grc' dir='ltr'>αὐτοῦ</span> <span class='ocrx_word' id='word_1_263' title='bbox 2942 1210 3298 1282; x_wconf 83' lang='grc' dir='ltr'>κατηγορίαν,</span> <span class='ocrx_word' id='word_1_264' title='bbox 3334 1211 3431 1265; x_wconf 81' lang='grc' dir='ltr'><strong>καὶ</strong></span> <span class='ocrx_word' id='word_1_265' title='bbox 3474 1213 3576 1281; x_wconf 79' lang='grc' dir='ltr'>τὴν</span> <span class='ocrx_word' id='word_1_266' title='bbox 3604 1213 3696 1265; x_wconf 85' lang='grc' dir='ltr'><strong>ἐπ’</strong></span> <span class='ocrx_word' id='word_1_267' title='bbox 3723 1212 3868 1283; x_wconf 82' lang='grc' dir='ltr'>αὐτῷ</span> <span class='ocrx_word' id='word_1_268' title='bbox 3914 1258 3917 1259; x_wconf 39' lang='grc' dir='ltr'><strong>ν</strong></span> 
     </span>
    </p>
   </div>
   <div class='ocr_carea' id='block_1_42' title="bbox 2293 1302 3869 1375">
    <p class='ocr_par' dir='ltr' id='par_1_42' title="bbox 2293 1302 3869 1375">
     <span class='ocr_line' id='line_1_42' title="bbox 2293 1302 3869 1375; baseline 0.001 -20"><span class='ocrx_word' id='word_1_269' title='bbox 2293 1302 2666 1375; x_wconf 78' lang='grc' dir='ltr'>ἐξενεχθεῖσαν</span> <span class='ocrx_word' id='word_1_270' title='bbox 2717 1303 2900 1373; x_wconf 62' lang='grc' dir='ltr'>ψῆφον</span> <span class='ocrx_word' id='word_1_271' title='bbox 2933 1305 3085 1375; x_wconf 85' lang='grc' dir='ltr'>παρὰ</span> <span class='ocrx_word' id='word_1_272' title='bbox 3146 1302 3240 1356; x_wconf 75' lang='grc' dir='ltr'>τοῦ</span> <span class='ocrx_word' id='word_1_273' title='bbox 3294 1303 3393 1373; x_wconf 85' lang='grc' dir='ltr'>τῆς</span> <span class='ocrx_word' id='word_1_274' title='bbox 3448 1306 3606 1368; x_wconf 86' lang='grc' dir='ltr'>όσίας</span> <span class='ocrx_word' id='word_1_275' title='bbox 3670 1304 3869 1374; x_wconf 65' lang='grc' dir='ltr'>λήξεως</span> 
     </span>
    </p>
   </div>
   <div class='ocr_carea' id='block_1_43' title="bbox 2291 1383 3868 1467">
    <p class='ocr_par' dir='ltr' id='par_1_43' title="bbox 2291 1383 3868 1467">
     <span class='ocr_line' id='line_1_43' title="bbox 2291 1383 3868 1467; baseline -0.001 -18"><span class='ocrx_word' id='word_1_276' title='bbox 2291 1395 2595 1449; x_wconf 76' lang='grc' dir='ltr'>Φλαδιανοῦ</span> <span class='ocrx_word' id='word_1_277' title='bbox 2645 1395 2740 1449; x_wconf 78' lang='grc' dir='ltr'><strong>τοῦ</strong></span> <span class='ocrx_word' id='word_1_278' title='bbox 2768 1383 3096 1449; x_wconf 67' lang='grc' dir='ltr'>’ἐπισκόπου</span> <span class='ocrx_word' id='word_1_279' title='bbox 3119 1432 3134 1459; x_wconf 85' lang='grc'><strong>,</strong></span> <span class='ocrx_word' id='word_1_280' title='bbox 3171 1395 3377 1465; x_wconf 77' lang='grc' dir='ltr'>πλῆθος</span> <span class='ocrx_word' id='word_1_281' title='bbox 3412 1396 3673 1450; x_wconf 77' lang='grc' dir='ltr'><strong>ἀτάκτων</strong></span> <span class='ocrx_word' id='word_1_282' title='bbox 3699 1397 3868 1467; x_wconf 69' lang='grc' dir='ltr'>ὄχλων</span> 
     </span>
    </p>
   </div>
   <div class='ocr_carea' id='block_1_44' title="bbox 2295 1486 3870 1559">
    <p class='ocr_par' dir='ltr' id='par_1_44' title="bbox 2295 1486 3870 1559">
     <span class='ocr_line' id='line_1_44' title="bbox 2295 1486 3870 1559; baseline -0.001 -17"><span class='ocrx_word' id='word_1_283' title='bbox 2295 1487 2641 1556; x_wconf 83' lang='grc' dir='ltr'>συναγαγὼν,</span> <span class='ocrx_word' id='word_1_284' title='bbox 2694 1487 2787 1541; x_wconf 73' lang='grc' dir='ltr'>καὶ</span> <span class='ocrx_word' id='word_1_285' title='bbox 2834 1486 3153 1551; x_wconf 75' lang='grc' dir='ltr'>δυναστείαν</span> <span class='ocrx_word' id='word_1_286' title='bbox 3194 1486 3373 1557; x_wconf 81' lang='grc' dir='ltr'>ἐαυτῷ</span> <span class='ocrx_word' id='word_1_287' title='bbox 3428 1487 3519 1540; x_wconf 90' lang='grc' dir='ltr'><strong>διά</strong></span> <span class='ocrx_word' id='word_1_288' title='bbox 3571 1489 3870 1559; x_wconf 78' lang='grc' dir='ltr'>χρημάτων</span> 
     </span>
    </p>
   </div>
   <div class='ocr_carea' id='block_1_45' title="bbox 2293 1576 3869 1651">
    <p class='ocr_par' dir='ltr' id='par_1_45' title="bbox 2293 1576 3869 1651">
     <span class='ocr_line' id='line_1_45' title="bbox 2293 1576 3869 1651; baseline -0.002 -18"><span class='ocrx_word' id='word_1_289' title='bbox 2293 1579 2684 1650; x_wconf 84' lang='grc' dir='ltr'>πορισάμενος,</span> <span class='ocrx_word' id='word_1_290' title='bbox 2714 1578 2816 1648; x_wconf 72' lang='grc' dir='ltr'>τὴν</span> <span class='ocrx_word' id='word_1_291' title='bbox 2856 1576 3065 1648; x_wconf 79' lang='grc' dir='ltr'>εὐσεσῆ</span> <span class='ocrx_word' id='word_1_292' title='bbox 3098 1576 3396 1648; x_wconf 76' lang='grc' dir='ltr'>θρησκείαν</span> <span class='ocrx_word' id='word_1_293' title='bbox 3438 1577 3549 1651; x_wconf 74' lang='grc' dir='ltr'><strong>τῷν</strong></span> <span class='ocrx_word' id='word_1_294' title='bbox 3578 1576 3869 1648; x_wconf 77' lang='grc' dir='ltr'>ὀρθοδόξων</span> 
     </span>
    </p>
   </div>
   <div class='ocr_carea' id='block_1_46' title="bbox 2292 1666 3868 1743">
    <p class='ocr_par' dir='ltr' id='par_1_46' title="bbox 2292 1666 3868 1743">
     <span class='ocr_line' id='line_1_46' title="bbox 2292 1666 3868 1743; baseline 0.001 -19"><span class='ocrx_word' id='word_1_295' title='bbox 2292 1670 2419 1737; x_wconf 88' lang='grc' dir='ltr'>τόγε</span> <span class='ocrx_word' id='word_1_296' title='bbox 2445 1666 2580 1743; x_wconf 82' lang='grc' dir='ltr'>ἦκον</span> <span class='ocrx_word' id='word_1_297' title='bbox 2620 1670 2704 1733; x_wconf 86' lang='grc' dir='ltr'><strong>είς</strong></span> <span class='ocrx_word' id='word_1_298' title='bbox 2744 1669 2905 1723; x_wconf 81' lang='grc' dir='ltr'>αὐτὸν</span> <span class='ocrx_word' id='word_1_299' title='bbox 2932 1668 3263 1738; x_wconf 79' lang='grc' dir='ltr'>ἐλυμήνατο,</span> <span class='ocrx_word' id='word_1_300' title='bbox 3296 1669 3389 1721; x_wconf 84' lang='grc' dir='ltr'>καὶ</span> <span class='ocrx_word' id='word_1_301' title='bbox 3421 1670 3521 1739; x_wconf 80' lang='grc' dir='ltr'>τὴν</span> <span class='ocrx_word' id='word_1_302' title='bbox 3554 1669 3868 1734; x_wconf 76' lang='grc' dir='ltr'><strong>κακοδοξίαν</strong></span> 
     </span>
    </p>
   </div>
   <div class='ocr_carea' id='block_1_47' title="bbox 2294 1759 3868 1832">
    <p class='ocr_par' dir='ltr' id='par_1_47' title="bbox 2294 1759 3868 1832">
     <span class='ocr_line' id='line_1_47' title="bbox 2294 1759 3868 1832; baseline 0.001 -18"><span class='ocrx_word' id='word_1_303' title='bbox 2294 1760 2566 1832; x_wconf 80' lang='grc' dir='ltr'>Εὐτυχοῦς</span> <span class='ocrx_word' id='word_1_304' title='bbox 2607 1760 2704 1815; x_wconf 82' lang='grc' dir='ltr'>τοῦ</span> <span class='ocrx_word' id='word_1_305' title='bbox 2752 1760 3098 1831; x_wconf 78' lang='grc' dir='ltr'>μονάζοντος,</span> <span class='ocrx_word' id='word_1_306' title='bbox 3133 1761 3256 1829; x_wconf 75' lang='grc' dir='ltr'>ἣτις</span> <span class='ocrx_word' id='word_1_307' title='bbox 3306 1760 3515 1815; x_wconf 80' lang='grc' dir='ltr'>ἀνωθεν</span> <span class='ocrx_word' id='word_1_308' title='bbox 3564 1763 3663 1815; x_wconf 77' lang='grc' dir='ltr'>καὶ</span> <span class='ocrx_word' id='word_1_309' title='bbox 3693 1759 3754 1827; x_wconf 80' lang='grc' dir='ltr'>ἐξ</span> <span class='ocrx_word' id='word_1_310' title='bbox 3773 1763 3868 1832; x_wconf 81' lang='grc' dir='ltr'>ἀρ-</span> 
     </span>
    </p>
   </div>
   <div class='ocr_carea' id='block_1_48' title="bbox 2297 1851 3868 1924">
    <p class='ocr_par' dir='ltr' id='par_1_48' title="bbox 2297 1851 3868 1924">
     <span class='ocr_line' id='line_1_48' title="bbox 2297 1851 3868 1924; baseline -0.015 -7"><span class='ocrx_word' id='word_1_311' title='bbox 2297 1851 2596 1924; x_wconf 65' lang='grc' dir='ltr'>χῆςεπαρὰ</span> <span class='ocrx_word' id='word_1_312' title='bbox 2629 1851 2739 1903; x_wconf 83' lang='grc' dir='ltr'>τῶν</span> <span class='ocrx_word' id='word_1_313' title='bbox 2783 1851 2954 1919; x_wconf 93' lang='grc' dir='ltr'>ἀγίων</span> <span class='ocrx_word' id='word_1_314' title='bbox 3018 1851 3281 1922; x_wconf 83' lang='grc' dir='ltr'>Πατέρων</span> <span class='ocrx_word' id='word_1_315' title='bbox 3324 1851 3716 1923; x_wconf 84' lang='grc' dir='ltr'>ἀπεκηρύχθη,</span> <span class='ocrx_word' id='word_1_316' title='bbox 3752 1852 3868 1906; x_wconf 53' lang='lat' dir='ltr'><strong>tu.</strong></span> 
     </span>
    </p>
   </div>
   <div class='ocr_carea' id='block_1_49' title="bbox 2295 1941 3868 2014">
    <p class='ocr_par' dir='ltr' id='par_1_49' title="bbox 2295 1941 3868 2014">
     <span class='ocr_line' id='line_1_49' title="bbox 2295 1941 3868 2014; baseline 0.001 -20"><span class='ocrx_word' id='word_1_317' title='bbox 2295 1942 2551 1997; x_wconf 75' lang='grc' dir='ltr'>σαίωσεν.</span> <span class='ocrx_word' id='word_1_318' title='bbox 2596 1941 2751 1995; x_wconf 73' lang='grc' dir='ltr'>Ἐπεὶ</span> <span class='ocrx_word' id='word_1_319' title='bbox 2778 1941 2872 1995; x_wconf 73' lang='grc' dir='ltr'>οὖν</span> <span class='ocrx_word' id='word_1_320' title='bbox 2900 1942 2961 1995; x_wconf 85' lang='grc' dir='ltr'>οὐ</span> <span class='ocrx_word' id='word_1_321' title='bbox 2994 1941 3168 2014; x_wconf 88' lang='grc' dir='ltr'>μικρά</span> <span class='ocrx_word' id='word_1_322' title='bbox 3202 1942 3272 1995; x_wconf 84' lang='grc' dir='ltr'>τὰ</span> <span class='ocrx_word' id='word_1_323' title='bbox 3316 1942 3701 2014; x_wconf 71' lang='grc' dir='ltr'><strong>τετολμημένα</strong></span> <span class='ocrx_word' id='word_1_324' title='bbox 3727 1943 3868 2012; x_wconf 84' lang='grc' dir='ltr'>αὐτῴ</span> 
     </span>
    </p>
   </div>
   <div class='ocr_carea' id='block_1_50' title="bbox 2294 2033 3866 2105">
    <p class='ocr_par' dir='ltr' id='par_1_50' title="bbox 2294 2033 3866 2105">
     <span class='ocr_line' id='line_1_50' title="bbox 2294 2033 3866 2105; baseline -0.001 -16"><span class='ocrx_word' id='word_1_325' title='bbox 2294 2037 2437 2089; x_wconf 83' lang='grc' dir='ltr'>κατά</span> <span class='ocrx_word' id='word_1_326' title='bbox 2501 2050 2560 2087; x_wconf 79' lang='grc' dir='ltr'><strong>τε</strong></span> <span class='ocrx_word' id='word_1_327' title='bbox 2588 2036 2689 2105; x_wconf 80' lang='grc' dir='ltr'>τῆς</span> <span class='ocrx_word' id='word_1_328' title='bbox 2738 2035 2818 2096; x_wconf 81' lang='grc' dir='ltr'><strong>είς</strong></span> <span class='ocrx_word' id='word_1_329' title='bbox 2864 2034 3104 2103; x_wconf 78' lang='grc' dir='ltr'>Χριστὸν</span> <span class='ocrx_word' id='word_1_330' title='bbox 3138 2033 3373 2097; x_wconf 85' lang='grc' dir='ltr'>πίστεως</span> <span class='ocrx_word' id='word_1_331' title='bbox 3416 2036 3511 2088; x_wconf 75' lang='grc' dir='ltr'>καὶ</span> <span class='ocrx_word' id='word_1_332' title='bbox 3541 2034 3668 2088; x_wconf 84' lang='grc' dir='ltr'>καθ’</span> <span class='ocrx_word' id='word_1_333' title='bbox 3692 2034 3866 2105; x_wconf 73' lang='grc' dir='ltr'>ἡμῶν,</span> 
     </span>
    </p>
   </div>
   <div class='ocr_carea' id='block_1_51' title="bbox 2293 2125 3867 2198">
    <p class='ocr_par' dir='ltr' id='par_1_51' title="bbox 2293 2125 3867 2198">
     <span class='ocr_line' id='line_1_51' title="bbox 2293 2125 3867 2198; baseline -0.002 -17"><span class='ocrx_word' id='word_1_334' title='bbox 2293 2126 2527 2197; x_wconf 83' lang='grc' dir='ltr'>δεόμεθα</span> <span class='ocrx_word' id='word_1_335' title='bbox 2576 2126 2670 2179; x_wconf 82' lang='grc' dir='ltr'>καὶ</span> <span class='ocrx_word' id='word_1_336' title='bbox 2701 2126 3120 2196; x_wconf 82' lang='grc' dir='ltr'>προσπίπτομεν</span> <span class='ocrx_word' id='word_1_337' title='bbox 3140 2126 3219 2198; x_wconf 81' lang='grc' dir='ltr'><strong>τῷ</strong></span> <span class='ocrx_word' id='word_1_338' title='bbox 3247 2127 3498 2196; x_wconf 77' lang='grc' dir='ltr'><strong>ὑμετέρῳ</strong></span> <span class='ocrx_word' id='word_1_339' title='bbox 3530 2126 3750 2197; x_wconf 78' lang='grc' dir='ltr'>κράτει,</span> <span class='ocrx_word' id='word_1_340' title='bbox 3783 2125 3867 2179; x_wconf 78' lang='grc' dir='ltr'>θε-</span> 
     </span>
    </p>
   </div>
   <div class='ocr_carea' id='block_1_52' title="bbox 2296 2221 3866 2294">
    <p class='ocr_par' dir='ltr' id='par_1_52' title="bbox 2296 2221 3866 2294">
     <span class='ocr_line' id='line_1_52' title="bbox 2296 2221 3866 2294; baseline -0.001 -19"><span class='ocrx_word' id='word_1_341' title='bbox 2296 2223 2483 2277; x_wconf 81' lang='grc' dir='ltr'>σπίσαι</span> <span class='ocrx_word' id='word_1_342' title='bbox 2502 2223 2594 2276; x_wconf 73' lang='grc' dir='ltr'><strong>τὸν</strong></span> <span class='ocrx_word' id='word_1_343' title='bbox 2626 2223 2787 2276; x_wconf 78' lang='grc' dir='ltr'>αὑτὸν</span> <span class='ocrx_word' id='word_1_344' title='bbox 2815 2221 3209 2276; x_wconf 78' lang='grc' dir='ltr'>εὑλαϐέστατον</span> <span class='ocrx_word' id='word_1_345' title='bbox 3243 2221 3543 2275; x_wconf 79' lang='grc' dir='ltr'>ἐπίσκοπον</span> <span class='ocrx_word' id='word_1_346' title='bbox 3562 2222 3866 2294; x_wconf 86' lang='grc' dir='ltr'>Διόσκορον,</span> 
     </span>
    </p>
   </div>
   <div class='ocr_carea' id='block_1_53' title="bbox 2294 2313 3868 2387">
    <p class='ocr_par' dir='ltr' id='par_1_53' title="bbox 2294 2313 3868 2387">
     <span class='ocr_line' id='line_1_53' title="bbox 2294 2313 3868 2387; baseline -0.003 -16"><span class='ocrx_word' id='word_1_347' title='bbox 2294 2315 2737 2387; x_wconf 74' lang='grc' dir='ltr'>ἀπολογήσασθαι</span> <span class='ocrx_word' id='word_1_348' title='bbox 2752 2317 2868 2377; x_wconf 84' lang='grc' dir='ltr'>τοῖς</span> <span class='ocrx_word' id='word_1_349' title='bbox 2886 2315 3013 2384; x_wconf 78' lang='grc' dir='ltr'>παρ’</span> <span class='ocrx_word' id='word_1_350' title='bbox 3028 2314 3183 2384; x_wconf 81' lang='grc' dir='ltr'>ἡμῶν</span> <span class='ocrx_word' id='word_1_351' title='bbox 3201 2313 3349 2384; x_wconf 84' lang='grc' dir='ltr'><strong>αὑτῷ</strong></span> <span class='ocrx_word' id='word_1_352' title='bbox 3368 2314 3733 2382; x_wconf 79' lang='grc' dir='ltr'>ἐπαγομένοις</span> <span class='ocrx_word' id='word_1_353' title='bbox 3748 2330 3763 2345; x_wconf 75' lang='grc' dir='ltr'><strong>ο</strong></span> <span class='ocrx_word' id='word_1_354' title='bbox 3781 2314 3868 2384; x_wconf 71' lang='grc' dir='ltr'>δη-</span> 
     </span>
    </p>
   </div>
   <div class='ocr_carea' id='block_1_54' title="bbox 2295 2404 3868 2479">
    <p class='ocr_par' dir='ltr' id='par_1_54' title="bbox 2295 2404 3868 2479">
     <span class='ocr_line' id='line_1_54' title="bbox 2295 2404 3868 2479; baseline 0 -20"><span class='ocrx_word' id='word_1_355' title='bbox 2295 2407 2428 2479; x_wconf 79' lang='grc' dir='ltr'>λαδὴ</span> <span class='ocrx_word' id='word_1_356' title='bbox 2444 2406 2552 2459; x_wconf 84' lang='grc' dir='ltr'><strong>τῶν</strong></span> <span class='ocrx_word' id='word_1_357' title='bbox 2568 2407 2696 2475; x_wconf 80' lang='grc' dir='ltr'>παρ’</span> <span class='ocrx_word' id='word_1_358' title='bbox 2710 2406 2875 2459; x_wconf 79' lang='grc' dir='ltr'>αὑτοῦ</span> <span class='ocrx_word' id='word_1_359' title='bbox 2894 2406 3014 2460; x_wconf 76' lang='grc' dir='ltr'>καθ’</span> <span class='ocrx_word' id='word_1_360' title='bbox 3029 2406 3187 2477; x_wconf 74' lang='grc' dir='ltr'>ἡμῶν</span> <span class='ocrx_word' id='word_1_361' title='bbox 3207 2404 3612 2477; x_wconf 78' lang='grc' dir='ltr'>πεπραγμένων</span> <span class='ocrx_word' id='word_1_362' title='bbox 3629 2406 3868 2475; x_wconf 82' lang='grc' dir='ltr'>ὑπομνη-</span> 
     </span>
    </p>
   </div>
   <div class='ocr_carea' id='block_1_55' title="bbox 2296 2488 3869 2566">
    <p class='ocr_par' dir='ltr' id='par_1_55' title="bbox 2296 2488 3869 2566">
     <span class='ocr_line' id='line_1_55' title="bbox 2296 2488 3869 2566; baseline -0.002 -16"><span class='ocrx_word' id='word_1_363' title='bbox 2296 2499 2482 2566; x_wconf 82' lang='grc' dir='ltr'>μάτων</span> <span class='ocrx_word' id='word_1_364' title='bbox 2500 2495 3027 2565; x_wconf 77' lang='grc' dir='ltr'>ἀναγινωσκομένων</span> <span class='ocrx_word' id='word_1_365' title='bbox 3055 2496 3147 2547; x_wconf 60' lang='grc' dir='ltr'><strong>ἐπὶ⁵</strong></span> <span class='ocrx_word' id='word_1_366' title='bbox 3159 2496 3258 2565; x_wconf 77' lang='grc' dir='ltr'>τῆς</span> <span class='ocrx_word' id='word_1_367' title='bbox 3285 2495 3448 2563; x_wconf 86' lang='grc' dir='ltr'>ἀγίας</span> <span class='ocrx_word' id='word_1_368' title='bbox 3470 2495 3714 2548; x_wconf 72' lang='grc' dir='ltr'>συνόδουο</span> <span class='ocrx_word' id='word_1_369' title='bbox 3733 2494 3782 2547; x_wconf 88' lang='grc' dir='ltr'><strong>δι</strong></span> <span class='ocrx_word' id='word_1_370' title='bbox 3801 2488 3869 2547; x_wconf 80' lang='grc' dir='ltr'>ὧν</span> 
     </span>
    </p>
   </div>
   <div class='ocr_carea' id='block_1_56' title="bbox 2292 2584 3867 2658">
    <p class='ocr_par' dir='ltr' id='par_1_56' title="bbox 2292 2584 3867 2658">
     <span class='ocr_line' id='line_1_56' title="bbox 2292 2584 3867 2658; baseline -0.001 -17"><span class='ocrx_word' id='word_1_371' title='bbox 2292 2586 2573 2657; x_wconf 83' lang='grc' dir='ltr'>δυνάμεθα</span> <span class='ocrx_word' id='word_1_372' title='bbox 2594 2586 2895 2652; x_wconf 81' lang='grc' dir='ltr'>ἀποδεῖξαι,</span> <span class='ocrx_word' id='word_1_373' title='bbox 2916 2587 3008 2639; x_wconf 80' lang='grc' dir='ltr'>καὶ</span> <span class='ocrx_word' id='word_1_374' title='bbox 3022 2584 3300 2658; x_wconf 83' lang='grc' dir='ltr'>ἀλλότριον</span> <span class='ocrx_word' id='word_1_375' title='bbox 3328 2584 3456 2640; x_wconf 81' lang='grc' dir='ltr'>δντα</span> <span class='ocrx_word' id='word_1_376' title='bbox 3473 2585 3575 2655; x_wconf 80' lang='grc' dir='ltr'>τῆς</span> <span class='ocrx_word' id='word_1_377' title='bbox 3591 2584 3867 2656; x_wconf 79' lang='grc' dir='ltr'>δρθοδόξου</span> 
     </span>
    </p>
   </div>
   <div class='ocr_carea' id='block_1_57' title="bbox 2293 2677 3869 2749">
    <p class='ocr_par' dir='ltr' id='par_1_57' title="bbox 2293 2677 3869 2749">
     <span class='ocr_line' id='line_1_57' title="bbox 2293 2677 3869 2749; baseline -0.002 -16"><span class='ocrx_word' id='word_1_378' title='bbox 2293 2680 2558 2744; x_wconf 83' lang='grc' dir='ltr'>πίστεως,</span> <span class='ocrx_word' id='word_1_379' title='bbox 2594 2680 2690 2733; x_wconf 80' lang='grc' dir='ltr'>καὶ</span> <span class='ocrx_word' id='word_1_380' title='bbox 2720 2679 2934 2749; x_wconf 73' lang='grc' dir='ltr'>αἵρεσιν</span> <span class='ocrx_word' id='word_1_381' title='bbox 2970 2678 3227 2741; x_wconf 79' lang='grc' dir='ltr'>ἀσεϐείας</span> <span class='ocrx_word' id='word_1_382' title='bbox 3258 2677 3703 2749; x_wconf 71' lang='grc' dir='ltr'>πεπληρωμένην</span> <span class='ocrx_word' id='word_1_383' title='bbox 3738 2694 3869 2749; x_wconf 81' lang='grc' dir='ltr'>κραο</span> 
     </span>
    </p>
   </div>
   <div class='ocr_carea' id='block_1_58' title="bbox 2292 2768 3871 2841">
    <p class='ocr_par' dir='ltr' id='par_1_58' title="bbox 2292 2768 3871 2841">
     <span class='ocr_line' id='line_1_58' title="bbox 2292 2768 3871 2841; baseline -0.003 -16"><span class='ocrx_word' id='word_1_384' title='bbox 2292 2771 2552 2837; x_wconf 82' lang='grc' dir='ltr'>τύναντα,</span> <span class='ocrx_word' id='word_1_385' title='bbox 2581 2772 2678 2825; x_wconf 73' lang='grc' dir='ltr'>καὶ</span> <span class='ocrx_word' id='word_1_386' title='bbox 2704 2770 2905 2834; x_wconf 79' lang='grc' dir='ltr'>ἀδίκως</span> <span class='ocrx_word' id='word_1_387' title='bbox 2954 2771 3098 2841; x_wconf 78' lang='grc' dir='ltr'>ἡμᾶς</span> <span class='ocrx_word' id='word_1_388' title='bbox 3149 2768 3468 2835; x_wconf 76' lang='grc' dir='ltr'>καθελόντα,</span> <span class='ocrx_word' id='word_1_389' title='bbox 3499 2770 3596 2821; x_wconf 80' lang='grc' dir='ltr'>καὶ</span> <span class='ocrx_word' id='word_1_390' title='bbox 3629 2768 3699 2822; x_wconf 86' lang='grc' dir='ltr'><strong>τά</strong></span> <span class='ocrx_word' id='word_1_391' title='bbox 3729 2768 3871 2822; x_wconf 79' lang='grc' dir='ltr'>δεινά</span> 
     </span>
    </p>
   </div>
   <div class='ocr_carea' id='block_1_59' title="bbox 2294 2856 3871 2933">
    <p class='ocr_par' dir='ltr' id='par_1_59' title="bbox 2294 2856 3871 2933">
     <span class='ocr_line' id='line_1_59' title="bbox 2294 2856 3871 2933; baseline -0.001 -21"><span class='ocrx_word' id='word_1_392' title='bbox 2294 2858 2443 2928; x_wconf 76' lang='grc' dir='ltr'>ἡμᾶς</span> <span class='ocrx_word' id='word_1_393' title='bbox 2476 2856 2947 2933; x_wconf 86' lang='grc' dir='ltr'>κατειργασμένον</span> <span class='ocrx_word' id='word_1_394' title='bbox 2976 2872 2990 2888; x_wconf 91' lang='grc'><strong>·</strong></span> <span class='ocrx_word' id='word_1_395' title='bbox 3029 2856 3190 2911; x_wconf 80' lang='grc' dir='ltr'>θείων</span> <span class='ocrx_word' id='word_1_396' title='bbox 3240 2858 3334 2911; x_wconf 81' lang='grc' dir='ltr'>καὶ</span> <span class='ocrx_word' id='word_1_397' title='bbox 3383 2857 3871 2929; x_wconf 80' lang='grc' dir='ltr'>προσκυνουμένων</span> 
     </span>
    </p>
   </div>
   <div class='ocr_carea' id='block_1_60' title="bbox 2294 2949 3872 3021">
    <p class='ocr_par' dir='ltr' id='par_1_60' title="bbox 2294 2949 3872 3021">
     <span class='ocr_line' id='line_1_60' title="bbox 2294 2949 3872 3021; baseline 0.001 -19"><span class='ocrx_word' id='word_1_398' title='bbox 2294 2950 2452 3020; x_wconf 77' lang='grc' dir='ltr'>ἡμῶν</span> <span class='ocrx_word' id='word_1_399' title='bbox 2501 2949 2545 2980; x_wconf 88' lang='grc'><strong>³⁷</strong></span> <span class='ocrx_word' id='word_1_400' title='bbox 2595 2950 2881 3020; x_wconf 87' lang='grc' dir='ltr'>μανδάτων</span> <span class='ocrx_word' id='word_1_401' title='bbox 2931 2949 3447 3021; x_wconf 75' lang='grc' dir='ltr'>καταπεαπομένων</span> <span class='ocrx_word' id='word_1_402' title='bbox 3484 2952 3550 3020; x_wconf 73' lang='grc' dir='ltr'>τῇ</span> <span class='ocrx_word' id='word_1_403' title='bbox 3604 2950 3735 3021; x_wconf 78' lang='grc' dir='ltr'>ἁγία</span> <span class='ocrx_word' id='word_1_404' title='bbox 3781 2949 3872 3004; x_wconf 79' lang='grc' dir='ltr'>καὶ</span> 
     </span>
    </p>
   </div>
   <div class='ocr_carea' id='block_1_61' title="bbox 2293 3030 3867 3111">
    <p class='ocr_par' dir='ltr' id='par_1_61' title="bbox 2293 3030 3867 3111">
     <span class='ocr_line' id='line_1_61' title="bbox 2293 3030 3867 3111; baseline -0.002 -18"><span class='ocrx_word' id='word_1_405' title='bbox 2293 3043 2648 3111; x_wconf 78' lang='grc' dir='ltr'>οίκουμενικῇ</span> <span class='ocrx_word' id='word_1_406' title='bbox 2679 3040 2882 3111; x_wconf 70' lang='grc' dir='ltr'>συνόδῳ</span> <span class='ocrx_word' id='word_1_407' title='bbox 2909 3030 3019 3093; x_wconf 82' lang='grc' dir='ltr'><strong>τῶν</strong></span> <span class='ocrx_word' id='word_1_408' title='bbox 3052 3038 3486 3109; x_wconf 67' lang='grc' dir='ltr'>θεοφιλεστάτων</span> <span class='ocrx_word' id='word_1_409' title='bbox 3533 3040 3867 3103; x_wconf 84' lang='grc' dir='ltr'>ἐπισκόπων,</span> 
     </span>
    </p>
   </div>
   <div class='ocr_carea' id='block_1_62' title="bbox 614 3115 2192 3202">
    <p class='ocr_par' dir='ltr' id='par_1_62' title="bbox 614 3128 2187 3191">
     <span class='ocr_line' id='line_1_62' title="bbox 614 3128 2187 3191; baseline 0.005 -10"><span class='ocrx_word' id='word_1_410' title='bbox 614 3128 803 3182; x_wconf 86' lang='lat' dir='ltr'><strong>randis</strong></span> <span class='ocrx_word' id='word_1_411' title='bbox 845 3130 1114 3185; x_wconf 81' lang='lat' dir='ltr'><strong>mandatis</strong></span> <span class='ocrx_word' id='word_1_412' title='bbox 1156 3134 1353 3189; x_wconf 81' lang='lat' dir='ltr'><strong>vestris</strong></span> <span class='ocrx_word' id='word_1_413' title='bbox 1382 3135 1447 3189; x_wconf 90' lang='lat' dir='ltr'><strong>ad</strong></span> <span class='ocrx_word' id='word_1_414' title='bbox 1476 3145 1719 3191; x_wconf 87' lang='lat' dir='ltr'><strong>sanctam</strong></span> <span class='ocrx_word' id='word_1_415' title='bbox 1745 3146 1797 3190; x_wconf 89' lang='lat' dir='ltr'><strong>et</strong></span> <span class='ocrx_word' id='word_1_416' title='bbox 1822 3136 2187 3191; x_wconf 81' lang='lat' dir='ltr'><strong>unirersalem</strong></span> 
     </span>
    </p>
   </div>
   <div class='ocr_carea' id='block_1_63' title="bbox 2294 3115 3869 3202">
    <p class='ocr_par' dir='ltr' id='par_1_63' title="bbox 2295 3115 3869 3202">
     <span class='ocr_line' id='line_1_63' title="bbox 2295 3115 3869 3202; baseline 0 -19"><span class='ocrx_word' id='word_1_417' title='bbox 2295 3128 2380 3198; x_wconf 78' lang='grc' dir='ltr'>ἐφ’</span> <span class='ocrx_word' id='word_1_418' title='bbox 2404 3124 2449 3197; x_wconf 78' lang='grc' dir='ltr'>ᾧ</span> <span class='ocrx_word' id='word_1_419' title='bbox 2477 3146 2535 3182; x_wconf 85' lang='grc' dir='ltr'><strong>τε</strong></span> <span class='ocrx_word' id='word_1_420' title='bbox 2560 3115 2853 3201; x_wconf 66' lang='grc' dir='ltr'>τάί⁸ὴμῶν</span> <span class='ocrx_word' id='word_1_421' title='bbox 2866 3128 3133 3188; x_wconf 69' lang='grc' dir='ltr'>κα).τάτοῦ</span> <span class='ocrx_word' id='word_1_422' title='bbox 3155 3131 3556 3201; x_wconf 74' lang='grc' dir='ltr'>προειρημένου</span> <span class='ocrx_word' id='word_1_423' title='bbox 3581 3130 3869 3202; x_wconf 82' lang='grc' dir='ltr'>Διοσκόρου</span> 
     </span>
    </p>
   </div>
   <div class='ocr_carea' id='block_1_64' title="bbox 612 3208 2193 3297">
    <p class='ocr_par' dir='ltr' id='par_1_64' title="bbox 612 3208 2193 3297">
     <span class='ocr_line' id='line_1_64' title="bbox 612 3208 2193 3297; baseline 0.006 -25"><span class='ocrx_word' id='word_1_424' title='bbox 612 3208 907 3290; x_wconf 24' lang='lat' dir='ltr'><strong>synodum.</strong></span> <span class='ocrx_word' id='word_1_425' title='bbox 956 3221 1066 3274; x_wconf 86' lang='lat' dir='ltr'><strong>Deo</strong></span> <span class='ocrx_word' id='word_1_426' title='bbox 1130 3223 1585 3280; x_wconf 85' lang='lat' dir='ltr'><strong>charissimorum</strong></span> <span class='ocrx_word' id='word_1_427' title='bbox 1648 3228 2065 3297; x_wconf 86' lang='lat' dir='ltr'><strong>episcoporum,</strong></span> <span class='ocrx_word' id='word_1_428' title='bbox 2134 3235 2193 3281; x_wconf 86' lang='lat' dir='ltr'><strong>ut</strong></span> 
     </span>
    </p>
   </div>
   <div class='ocr_carea' id='block_1_65' title="bbox 611 3315 2191 3389">
    <p class='ocr_par' dir='ltr' id='par_1_65' title="bbox 611 3315 2191 3389">
     <span class='ocr_line' id='line_1_65' title="bbox 611 3315 2191 3389; baseline 0.006 -25"><span class='ocrx_word' id='word_1_429' title='bbox 611 3325 834 3365; x_wconf 87' lang='lat' dir='ltr'><strong>causam</strong></span> <span class='ocrx_word' id='word_1_430' title='bbox 879 3328 999 3381; x_wconf 73' lang='lat' dir='ltr'><strong>qua:</strong></span> <span class='ocrx_word' id='word_1_431' title='bbox 1037 3324 1121 3367; x_wconf 88' lang='lat' dir='ltr'><strong>est</strong></span> <span class='ocrx_word' id='word_1_432' title='bbox 1172 3315 1314 3370; x_wconf 90' lang='lat' dir='ltr'><strong>inter</strong></span> <span class='ocrx_word' id='word_1_433' title='bbox 1361 3334 1465 3372; x_wconf 85' lang='lat' dir='ltr'><strong>nos</strong></span> <span class='ocrx_word' id='word_1_434' title='bbox 1512 3328 1568 3372; x_wconf 90' lang='lat' dir='ltr'><strong>et</strong></span> <span class='ocrx_word' id='word_1_435' title='bbox 1608 3334 1772 3389; x_wconf 88' lang='lat' dir='ltr'><strong>supra</strong></span> <span class='ocrx_word' id='word_1_436' title='bbox 1825 3328 2191 3376; x_wconf 86' lang='lat' dir='ltr'><strong>memoratum</strong></span> 
     </span>
    </p>
   </div>
   <div class='ocr_carea' id='block_1_66' title="bbox 613 3403 2193 3480">
    <p class='ocr_par' dir='ltr' id='par_1_66' title="bbox 613 3403 2193 3480">
     <span class='ocr_line' id='line_1_66' title="bbox 613 3403 2193 3480; baseline 0.008 -25"><span class='ocrx_word' id='word_1_437' title='bbox 613 3403 961 3463; x_wconf 82' lang='lat' dir='ltr'><strong>Dioscorum,</strong></span> <span class='ocrx_word' id='word_1_438' title='bbox 1001 3406 1209 3470; x_wconf 83' lang='lat' dir='ltr'><strong>audiat,</strong></span> <span class='ocrx_word' id='word_1_439' title='bbox 1256 3417 1313 3462; x_wconf 90' lang='lat' dir='ltr'><strong>et</strong></span> <span class='ocrx_word' id='word_1_440' title='bbox 1350 3409 1417 3463; x_wconf 91' lang='lat' dir='ltr'><strong>ad</strong></span> <span class='ocrx_word' id='word_1_441' title='bbox 1449 3411 1698 3464; x_wconf 84' lang='lat' dir='ltr'><strong>notitiam</strong></span> <span class='ocrx_word' id='word_1_442' title='bbox 1746 3412 1967 3480; x_wconf 87' lang='lat' dir='ltr'><strong>pictatis</strong></span> <span class='ocrx_word' id='word_1_443' title='bbox 1997 3421 2193 3467; x_wconf 65' lang='lat' dir='ltr'><strong>vestrae</strong></span> 
     </span>
    </p>
   </div>
   <div class='ocr_carea' id='block_1_67' title="bbox 611 3497 2191 3575">
    <p class='ocr_par' dir='ltr' id='par_1_67' title="bbox 611 3497 2191 3575">
     <span class='ocr_line' id='line_1_67' title="bbox 611 3497 2191 3575; baseline 0.004 -26"><span class='ocrx_word' id='word_1_444' title='bbox 611 3504 808 3551; x_wconf 89' lang='lat' dir='ltr'><strong>cuncta</strong></span> <span class='ocrx_word' id='word_1_445' title='bbox 848 3497 1015 3567; x_wconf 74' lang='lat'><strong>288</strong></span> <span class='ocrx_word' id='word_1_446' title='bbox 1046 3499 1246 3553; x_wconf 86' lang='lat' dir='ltr'><strong>referat</strong></span> <span class='ocrx_word' id='word_1_447' title='bbox 1285 3516 1407 3569; x_wconf 70' lang='lat' dir='ltr'><strong>quze</strong></span> <span class='ocrx_word' id='word_1_448' title='bbox 1441 3512 1728 3571; x_wconf 79' lang='lat' dir='ltr'><strong>geruntur,</strong></span> <span class='ocrx_word' id='word_1_449' title='bbox 1775 3505 1926 3573; x_wconf 76' lang='lat' dir='ltr'><strong>juxta</strong></span> <span class='ocrx_word' id='word_1_450' title='bbox 1960 3503 2014 3557; x_wconf 87' lang='lat' dir='ltr'><strong>id</strong></span> <span class='ocrx_word' id='word_1_451' title='bbox 2044 3502 2191 3575; x_wconf 82' lang='lat' dir='ltr'><strong>quod</strong></span> 
     </span>
    </p>
   </div>
   <div class='ocr_carea' id='block_1_68' title="bbox 612 3586 2195 3657">
    <p class='ocr_par' dir='ltr' id='par_1_68' title="bbox 612 3586 2195 3657">
     <span class='ocr_line' id='line_1_68' title="bbox 612 3586 2195 3657; baseline 0.006 -19"><span class='ocrx_word' id='word_1_452' title='bbox 612 3586 884 3657; x_wconf 85' lang='lat' dir='ltr'><strong>placuerit</strong></span> <span class='ocrx_word' id='word_1_453' title='bbox 918 3588 1212 3643; x_wconf 71' lang='lat' dir='ltr'><strong>immortali</strong></span> <span class='ocrx_word' id='word_1_454' title='bbox 1258 3592 1486 3645; x_wconf 89' lang='lat' dir='ltr'><strong>culmini</strong></span> <span class='ocrx_word' id='word_1_455' title='bbox 1528 3598 1729 3648; x_wconf 81' lang='lat' dir='ltr'><strong>vestro.</strong></span> <span class='ocrx_word' id='word_1_456' title='bbox 1772 3595 1886 3648; x_wconf 83' lang='lat' dir='ltr'><strong>Hoc</strong></span> <span class='ocrx_word' id='word_1_457' title='bbox 1923 3594 1969 3648; x_wconf 92' lang='lat' dir='ltr'><strong>si</strong></span> <span class='ocrx_word' id='word_1_458' title='bbox 2000 3609 2195 3648; x_wconf 86' lang='lat' dir='ltr'><strong>conse-</strong></span> 
     </span>
    </p>
   </div>
   <div class='ocr_carea' id='block_1_69' title="bbox 613 3677 2191 3752">
    <p class='ocr_par' dir='ltr' id='par_1_69' title="bbox 613 3677 2191 3752">
     <span class='ocr_line' id='line_1_69' title="bbox 613 3677 2191 3752; baseline 0.004 -21"><span class='ocrx_word' id='word_1_459' title='bbox 613 3677 731 3731; x_wconf 88' lang='lat' dir='ltr'><strong>cuti</strong></span> <span class='ocrx_word' id='word_1_460' title='bbox 763 3677 1055 3740; x_wconf 83' lang='lat' dir='ltr'><strong>l&#39;uerimus,</strong></span> <span class='ocrx_word' id='word_1_461' title='bbox 1111 3681 1403 3735; x_wconf 86' lang='lat' dir='ltr'><strong>continuas</strong></span> <span class='ocrx_word' id='word_1_462' title='bbox 1446 3682 1510 3734; x_wconf 90' lang='lat' dir='ltr'><strong>ad</strong></span> <span class='ocrx_word' id='word_1_463' title='bbox 1544 3683 1715 3737; x_wconf 80' lang='lat' dir='ltr'><strong>Deum</strong></span> <span class='ocrx_word' id='word_1_464' title='bbox 1761 3699 1950 3752; x_wconf 88' lang='lat' dir='ltr'><strong>preces</strong></span> <span class='ocrx_word' id='word_1_465' title='bbox 1993 3683 2191 3738; x_wconf 83' lang='lat' dir='ltr'><strong>funde-</strong></span> 
     </span>
    </p>
   </div>
   <div class='ocr_carea' id='block_1_70' title="bbox 615 3769 2191 3840">
    <p class='ocr_par' dir='ltr' id='par_1_70' title="bbox 615 3769 2191 3840">
     <span class='ocr_line' id='line_1_70' title="bbox 615 3769 2191 3840; baseline 0.005 -21"><span class='ocrx_word' id='word_1_466' title='bbox 615 3782 740 3821; x_wconf 88' lang='lat' dir='ltr'><strong>mus</strong></span> <span class='ocrx_word' id='word_1_467' title='bbox 786 3783 886 3837; x_wconf 89' lang='lat' dir='ltr'><strong>pro</strong></span> <span class='ocrx_word' id='word_1_468' title='bbox 925 3769 1267 3837; x_wconf 86' lang='lat' dir='ltr'><strong>sempiterno</strong></span> <span class='ocrx_word' id='word_1_469' title='bbox 1319 3771 1553 3840; x_wconf 85' lang='lat' dir='ltr'><strong>imperio</strong></span> <span class='ocrx_word' id='word_1_470' title='bbox 1604 3783 1807 3837; x_wconf 76' lang='lat' dir='ltr'><strong>vestro,</strong></span> <span class='ocrx_word' id='word_1_471' title='bbox 1864 3774 2191 3831; x_wconf 77' lang='lat' dir='ltr'><strong>divinissimi</strong></span> 
     </span>
    </p>
   </div>
   <div class='ocr_carea' id='block_1_71' title="bbox 615 3857 2189 3933">
    <p class='ocr_par' dir='ltr' id='par_1_71' title="bbox 615 3857 2189 3933">
     <span class='ocr_line' id='line_1_71' title="bbox 615 3857 2189 3933; baseline 0.006 -24"><span class='ocrx_word' id='word_1_472' title='bbox 615 3857 997 3933; x_wconf 71' lang='lat' dir='ltr'><strong>imperatores.</strong></span> <span class='ocrx_word' id='word_1_473' title='bbox 1037 3860 1164 3913; x_wconf 78' lang='lat' dir='ltr'><strong>Post</strong></span> <span class='ocrx_word' id='word_1_474' title='bbox 1203 3860 1319 3914; x_wconf 66' lang='lat' dir='ltr'><strong>btet:</strong></span> <span class='ocrx_word' id='word_1_475' title='bbox 1341 3861 1495 3930; x_wconf 79' lang='lat' dir='ltr'><strong>juxta</strong></span> <span class='ocrx_word' id='word_1_476' title='bbox 1540 3862 1999 3932; x_wconf 67' lang='lat' dir='ltr'><strong>petitionenrtam</strong></span> <span class='ocrx_word' id='word_1_477' title='bbox 2034 3865 2189 3919; x_wconf 84' lang='lat' dir='ltr'><strong>Dios-</strong></span> 
     </span>
    </p>
   </div>
   <div class='ocr_carea' id='block_1_72' title="bbox 614 3949 2192 4026">
    <p class='ocr_par' dir='ltr' id='par_1_72' title="bbox 614 3949 2192 4026">
     <span class='ocr_line' id='line_1_72' title="bbox 614 3949 2192 4026; baseline 0.005 -23"><span class='ocrx_word' id='word_1_478' title='bbox 614 3949 752 4010; x_wconf 86' lang='lat' dir='ltr'><strong>cori,</strong></span> <span class='ocrx_word' id='word_1_479' title='bbox 790 3964 952 4024; x_wconf 82' lang='lat' dir='ltr'><strong>quam</strong></span> <span class='ocrx_word' id='word_1_480' title='bbox 980 3951 1237 4016; x_wconf 69' lang='lat' dir='ltr'><strong>Eusebii,</strong></span> <span class='ocrx_word' id='word_1_481' title='bbox 1260 3964 1391 4019; x_wconf 87' lang='lat' dir='ltr'><strong>aeta</strong></span> <span class='ocrx_word' id='word_1_482' title='bbox 1411 3953 1667 4009; x_wconf 68' lang='lat' dir='ltr'><strong>secundae</strong></span> <span class='ocrx_word' id='word_1_483' title='bbox 1691 3955 1879 4026; x_wconf 86' lang='lat' dir='ltr'><strong>synodi</strong></span> <span class='ocrx_word' id='word_1_484' title='bbox 1904 3955 2192 4023; x_wconf 73' lang='lat' dir='ltr'><strong>Ephesium</strong></span> 
     </span>
    </p>
   </div>
   <div class='ocr_carea' id='block_1_73' title="bbox 611 4040 2193 4115">
    <p class='ocr_par' dir='ltr' id='par_1_73' title="bbox 611 4040 2193 4115">
     <span class='ocr_line' id='line_1_73' title="bbox 611 4040 2193 4115; baseline 0.006 -24"><span class='ocrx_word' id='word_1_485' title='bbox 611 4040 833 4109; x_wconf 80' lang='lat' dir='ltr'><strong>publice</strong></span> <span class='ocrx_word' id='word_1_486' title='bbox 870 4042 1099 4094; x_wconf 86' lang='lat' dir='ltr'><strong>recitata</strong></span> <span class='ocrx_word' id='word_1_487' title='bbox 1141 4052 1291 4097; x_wconf 91' lang='lat' dir='ltr'><strong>sunt.</strong></span> <span class='ocrx_word' id='word_1_488' title='bbox 1332 4043 1575 4111; x_wconf 83' lang='lat' dir='ltr'><strong>Quorum</strong></span> <span class='ocrx_word' id='word_1_489' title='bbox 1609 4045 1994 4115; x_wconf 84' lang='lat' dir='ltr'><strong>particularem</strong></span> <span class='ocrx_word' id='word_1_490' title='bbox 2024 4062 2193 4115; x_wconf 77' lang='lat' dir='ltr'><strong>expo—</strong></span> 
     </span>
    </p>
   </div>
   <div class='ocr_carea' id='block_1_74' title="bbox 614 4131 2189 4207">
    <p class='ocr_par' dir='ltr' id='par_1_74' title="bbox 614 4131 2189 4207">
     <span class='ocr_line' id='line_1_74' title="bbox 614 4131 2189 4207; baseline 0.007 -24"><span class='ocrx_word' id='word_1_491' title='bbox 614 4131 895 4197; x_wconf 81' lang='lat' dir='ltr'><strong>sitionem,</strong></span> <span class='ocrx_word' id='word_1_492' title='bbox 937 4148 1058 4200; x_wconf 74' lang='lat' dir='ltr'><strong>qme</strong></span> <span class='ocrx_word' id='word_1_493' title='bbox 1090 4136 1277 4189; x_wconf 90' lang='lat' dir='ltr'><strong>multis</strong></span> <span class='ocrx_word' id='word_1_494' title='bbox 1319 4137 1540 4205; x_wconf 86' lang='lat' dir='ltr'><strong>quidem</strong></span> <span class='ocrx_word' id='word_1_495' title='bbox 1570 4137 1754 4191; x_wconf 77' lang='lat' dir='ltr'><strong>verbis</strong></span> <span class='ocrx_word' id='word_1_496' title='bbox 1793 4140 2189 4207; x_wconf 82' lang='lat' dir='ltr'><strong>comprehensa</strong></span> 
     </span>
    </p>
   </div>
   <div class='ocr_carea' id='block_1_75' title="bbox 612 4223 2187 4293">
    <p class='ocr_par' dir='ltr' id='par_1_75' title="bbox 612 4223 2187 4293">
     <span class='ocr_line' id='line_1_75' title="bbox 612 4223 2187 4293; baseline 0.003 -17"><span class='ocrx_word' id='word_1_497' title='bbox 612 4233 718 4284; x_wconf 86' lang='lat' dir='ltr'><strong>est,</strong></span> <span class='ocrx_word' id='word_1_498' title='bbox 744 4223 982 4276; x_wconf 90' lang='lat' dir='ltr'><strong>habetur</strong></span> <span class='ocrx_word' id='word_1_499' title='bbox 1005 4234 1189 4278; x_wconf 86' lang='lat' dir='ltr'><strong>autem</strong></span> <span class='ocrx_word' id='word_1_500' title='bbox 1214 4225 1266 4279; x_wconf 86' lang='lat' dir='ltr'><strong>in</strong></span> <span class='ocrx_word' id='word_1_501' title='bbox 1294 4225 1446 4290; x_wconf 79' lang='lat' dir='ltr'><strong>Actis</strong></span> <span class='ocrx_word' id='word_1_502' title='bbox 1462 4226 1924 4283; x_wconf 86' lang='lat' dir='ltr'><strong>Chalcedonensis</strong></span> <span class='ocrx_word' id='word_1_503' title='bbox 1947 4229 2187 4293; x_wconf 87' lang='lat' dir='ltr'><strong>concilii,</strong></span> 
     </span>
    </p>
   </div>
   <div class='ocr_carea' id='block_1_76' title="bbox 613 4314 2189 4392">
    <p class='ocr_par' dir='ltr' id='par_1_76' title="bbox 613 4314 2189 4392">
     <span class='ocr_line' id='line_1_76' title="bbox 613 4314 2189 4392; baseline 0.004 -24"><span class='ocrx_word' id='word_1_504' title='bbox 613 4327 685 4369; x_wconf 78' lang='lat' dir='ltr'><strong>ne</strong></span> <span class='ocrx_word' id='word_1_505' title='bbox 728 4314 797 4369; x_wconf 84' lang='lat' dir='ltr'><strong>iis</strong></span> <span class='ocrx_word' id='word_1_506' title='bbox 827 4316 920 4385; x_wconf 85' lang='lat' dir='ltr'><strong>qui</strong></span> <span class='ocrx_word' id='word_1_507' title='bbox 971 4316 1037 4369; x_wconf 86' lang='lat' dir='ltr'><strong>ad</strong></span> <span class='ocrx_word' id='word_1_508' title='bbox 1091 4317 1297 4371; x_wconf 76' lang='lat' dir='ltr'><strong>exitum</strong></span> <span class='ocrx_word' id='word_1_509' title='bbox 1346 4334 1528 4373; x_wconf 86' lang='lat' dir='ltr'><strong>rerum</strong></span> <span class='ocrx_word' id='word_1_510' title='bbox 1578 4330 1853 4389; x_wconf 80' lang='lat' dir='ltr'><strong>gestarum</strong></span> <span class='ocrx_word' id='word_1_511' title='bbox 1899 4322 2189 4392; x_wconf 83' lang='lat' dir='ltr'><strong>pervenire</strong></span> 
     </span>
    </p>
   </div>
   <div class='ocr_carea' id='block_1_77' title="bbox 2295 3219 3870 3292">
    <p class='ocr_par' dir='ltr' id='par_1_77' title="bbox 2295 3219 3870 3292">
     <span class='ocr_line' id='line_1_77' title="bbox 2295 3219 3870 3292; baseline 0.001 -18"><span class='ocrx_word' id='word_1_512' title='bbox 2295 3220 2599 3287; x_wconf 75' lang='grc' dir='ltr'>διακοῦσαι,</span> <span class='ocrx_word' id='word_1_513' title='bbox 2634 3220 2729 3274; x_wconf 70' lang='grc' dir='ltr'>καὶ</span> <span class='ocrx_word' id='word_1_514' title='bbox 2759 3222 3075 3289; x_wconf 79' lang='grc' dir='ltr'>ἀνενεγκεῖν</span> <span class='ocrx_word' id='word_1_515' title='bbox 3104 3222 3185 3284; x_wconf 84' lang='grc' dir='ltr'><strong>εἰς</strong></span> <span class='ocrx_word' id='word_1_516' title='bbox 3212 3219 3413 3288; x_wconf 82' lang='grc' dir='ltr'>γνῶσιν</span> <span class='ocrx_word' id='word_1_517' title='bbox 3460 3221 3562 3291; x_wconf 82' lang='grc' dir='ltr'>τῆς</span> <span class='ocrx_word' id='word_1_518' title='bbox 3601 3222 3870 3292; x_wconf 78' lang='grc' dir='ltr'>ὑμετέρας</span> 
     </span>
    </p>
   </div>
   <div class='ocr_carea' id='block_1_78' title="bbox 2295 3311 3871 3385">
    <p class='ocr_par' dir='ltr' id='par_1_78' title="bbox 2295 3311 3871 3385">
     <span class='ocr_line' id='line_1_78' title="bbox 2295 3311 3871 3385; baseline 0.002 -20"><span class='ocrx_word' id='word_1_519' title='bbox 2295 3311 2580 3376; x_wconf 70' lang='grc' dir='ltr'>εὐσεϐείας</span> <span class='ocrx_word' id='word_1_520' title='bbox 2632 3312 2809 3366; x_wconf 86' lang='grc' dir='ltr'>πάντα</span> <span class='ocrx_word' id='word_1_521' title='bbox 2848 3312 2914 3363; x_wconf 73' lang='grc' dir='ltr'><strong>τά</strong></span> <span class='ocrx_word' id='word_1_522' title='bbox 2955 3312 3307 3382; x_wconf 89' lang='grc' dir='ltr'>πραττόμενα</span> <span class='ocrx_word' id='word_1_523' title='bbox 3334 3313 3469 3382; x_wconf 70' lang='grc' dir='ltr'>πρὸς</span> <span class='ocrx_word' id='word_1_524' title='bbox 3512 3314 3575 3367; x_wconf 84' lang='grc' dir='ltr'>τὸ</span> <span class='ocrx_word' id='word_1_525' title='bbox 3609 3314 3871 3385; x_wconf 86' lang='grc' dir='ltr'>παριστά-</span> 
     </span>
    </p>
   </div>
   <div class='ocr_carea' id='block_1_79' title="bbox 2298 3400 3877 3473">
    <p class='ocr_par' dir='ltr' id='par_1_79' title="bbox 2298 3400 3877 3473">
     <span class='ocr_line' id='line_1_79' title="bbox 2298 3400 3877 3473; baseline 0.001 -19"><span class='ocrx_word' id='word_1_526' title='bbox 2298 3419 2457 3471; x_wconf 87' lang='grc' dir='ltr'>μενον</span> <span class='ocrx_word' id='word_1_527' title='bbox 2488 3404 2555 3471; x_wconf 75' lang='grc' dir='ltr'>τῇ</span> <span class='ocrx_word' id='word_1_528' title='bbox 2591 3401 2845 3471; x_wconf 76' lang='grc' dir='ltr'>ἀθανάτῳ</span> <span class='ocrx_word' id='word_1_529' title='bbox 2872 3400 3027 3470; x_wconf 83' lang='grc' dir='ltr'>ὑμῶν</span> <span class='ocrx_word' id='word_1_530' title='bbox 3056 3404 3290 3472; x_wconf 73' lang='grc' dir='ltr'>κορυφῇ,</span> <span class='ocrx_word' id='word_1_531' title='bbox 3325 3403 3417 3455; x_wconf 70' lang='grc' dir='ltr'>καὶ</span> <span class='ocrx_word' id='word_1_532' title='bbox 3457 3402 3650 3456; x_wconf 83' lang='grc' dir='ltr'>τούτου</span> <span class='ocrx_word' id='word_1_533' title='bbox 3679 3405 3877 3473; x_wconf 56' lang='grc' dir='ltr'>τυχόν,</span> 
     </span>
    </p>
   </div>
   <div class='ocr_carea' id='block_1_80' title="bbox 2293 3493 3871 3566">
    <p class='ocr_par' dir='ltr' id='par_1_80' title="bbox 2293 3493 3871 3566">
     <span class='ocr_line' id='line_1_80' title="bbox 2293 3493 3871 3566; baseline 0.003 -21"><span class='ocrx_word' id='word_1_534' title='bbox 2293 3512 2424 3559; x_wconf 89' lang='grc' dir='ltr'>τες,</span> <span class='ocrx_word' id='word_1_535' title='bbox 2479 3493 2859 3558; x_wconf 81' lang='grc' dir='ltr'>ἀδιαλείπτους</span> <span class='ocrx_word' id='word_1_536' title='bbox 2909 3494 3078 3563; x_wconf 74' lang='grc' dir='ltr'>εὐχὰς</span> <span class='ocrx_word' id='word_1_537' title='bbox 3125 3493 3527 3563; x_wconf 68' lang='grc' dir='ltr'>ἀναπέμψομεν</span> <span class='ocrx_word' id='word_1_538' title='bbox 3584 3495 3726 3566; x_wconf 80' lang='grc' dir='ltr'>ὺπέρ</span> <span class='ocrx_word' id='word_1_539' title='bbox 3775 3494 3871 3549; x_wconf 74' lang='grc' dir='ltr'><strong>τοῦ</strong></span> 
     </span>
    </p>
   </div>
   <div class='ocr_carea' id='block_1_81' title="bbox 2295 3584 3871 3657">
    <p class='ocr_par' dir='ltr' id='par_1_81' title="bbox 2295 3584 3871 3657">
     <span class='ocr_line' id='line_1_81' title="bbox 2295 3584 3871 3657; baseline 0.001 -18"><span class='ocrx_word' id='word_1_540' title='bbox 2295 3586 2517 3641; x_wconf 78' lang='grc' dir='ltr'>αἰωνίου</span> <span class='ocrx_word' id='word_1_541' title='bbox 2568 3585 2723 3657; x_wconf 83' lang='grc' dir='ltr'>ὑμῶν</span> <span class='ocrx_word' id='word_1_542' title='bbox 2772 3586 3029 3657; x_wconf 84' lang='grc' dir='ltr'>κράτους,</span> <span class='ocrx_word' id='word_1_543' title='bbox 3080 3586 3348 3639; x_wconf 85' lang='grc' dir='ltr'>θειότατοι</span> <span class='ocrx_word' id='word_1_544' title='bbox 3396 3584 3658 3656; x_wconf 82' lang='grc' dir='ltr'>βασιλεῖς.</span> <span class='ocrx_word' id='word_1_545' title='bbox 3715 3585 3871 3640; x_wconf 63' lang='grc' dir='ltr'>Μετὰ</span> 
     </span>
    </p>
   </div>
   <div class='ocr_carea' id='block_1_82' title="bbox 2293 3675 3876 3749">
    <p class='ocr_par' dir='ltr' id='par_1_82' title="bbox 2293 3675 3876 3749">
     <span class='ocr_line' id='line_1_82' title="bbox 2293 3675 3876 3749; baseline 0.002 -20"><span class='ocrx_word' id='word_1_546' title='bbox 2293 3675 2471 3731; x_wconf 76' lang='grc' dir='ltr'>ταῦτα</span> <span class='ocrx_word' id='word_1_547' title='bbox 2507 3678 2572 3731; x_wconf 81' lang='grc' dir='ltr'><strong>ἐκ</strong></span> <span class='ocrx_word' id='word_1_548' title='bbox 2609 3676 2793 3747; x_wconf 81' lang='grc' dir='ltr'>κοινῆς</span> <span class='ocrx_word' id='word_1_549' title='bbox 2825 3678 3066 3749; x_wconf 85' lang='grc' dir='ltr'>δεήσεως</span> <span class='ocrx_word' id='word_1_550' title='bbox 3112 3677 3405 3747; x_wconf 88' lang='grc' dir='ltr'>Διοσκόρου</span> <span class='ocrx_word' id='word_1_551' title='bbox 3458 3694 3519 3731; x_wconf 85' lang='grc' dir='ltr'><strong>τε</strong></span> <span class='ocrx_word' id='word_1_552' title='bbox 3568 3678 3661 3732; x_wconf 82' lang='grc' dir='ltr'>καὶ</span> <span class='ocrx_word' id='word_1_553' title='bbox 3710 3677 3876 3732; x_wconf 78' lang='grc' dir='ltr'>Εὐσε-</span> 
     </span>
    </p>
   </div>
   <div class='ocr_carea' id='block_1_83' title="bbox 2295 3769 3872 3842">
    <p class='ocr_par' dir='ltr' id='par_1_83' title="bbox 2295 3769 3872 3842">
     <span class='ocr_line' id='line_1_83' title="bbox 2295 3769 3872 3842; baseline 0.001 -19"><span class='ocrx_word' id='word_1_554' title='bbox 2295 3770 2435 3831; x_wconf 76' lang='grc' dir='ltr'>ϐίου,</span> <span class='ocrx_word' id='word_1_555' title='bbox 2481 3770 2552 3823; x_wconf 73' lang='grc' dir='ltr'><strong>τὰ</strong></span> <span class='ocrx_word' id='word_1_556' title='bbox 2597 3772 2655 3823; x_wconf 81' lang='grc' dir='ltr'><strong>ἐν</strong></span> <span class='ocrx_word' id='word_1_557' title='bbox 2682 3769 2762 3841; x_wconf 83' lang='grc' dir='ltr'><strong>τῷ</strong></span> <span class='ocrx_word' id='word_1_558' title='bbox 2793 3769 3032 3841; x_wconf 77' lang='grc' dir='ltr'>δευτέρῳ</span> <span class='ocrx_word' id='word_1_559' title='bbox 3064 3770 3325 3842; x_wconf 82' lang='grc' dir='ltr'>συνεδρίῳ</span> <span class='ocrx_word' id='word_1_560' title='bbox 3360 3771 3731 3842; x_wconf 86' lang='grc' dir='ltr'>πεπραγμένα</span> <span class='ocrx_word' id='word_1_561' title='bbox 3764 3770 3872 3825; x_wconf 83' lang='grc' dir='ltr'><strong>τῶν</strong></span> 
     </span>
    </p>
   </div>
   <div class='ocr_carea' id='block_1_84' title="bbox 2294 3856 3874 3933">
    <p class='ocr_par' dir='ltr' id='par_1_84' title="bbox 2294 3856 3874 3933">
     <span class='ocr_line' id='line_1_84' title="bbox 2294 3856 3874 3933; baseline 0.002 -19"><span class='ocrx_word' id='word_1_562' title='bbox 2294 3863 2353 3915; x_wconf 83' lang='grc' dir='ltr'><strong>ἐν</strong></span> <span class='ocrx_word' id='word_1_563' title='bbox 2395 3863 2624 3931; x_wconf 80' lang='grc' dir='ltr'>Ἐφέσω,</span> <span class='ocrx_word' id='word_1_564' title='bbox 2672 3861 2761 3916; x_wconf 88' lang='grc' dir='ltr'><strong>διά</strong></span> <span class='ocrx_word' id='word_1_565' title='bbox 2806 3862 2905 3931; x_wconf 84' lang='grc' dir='ltr'>τῆς</span> <span class='ocrx_word' id='word_1_566' title='bbox 2942 3859 3301 3929; x_wconf 84' lang='grc' dir='ltr'>ἀναγνώσεως</span> <span class='ocrx_word' id='word_1_567' title='bbox 3340 3861 3757 3933; x_wconf 82' lang='grc' dir='ltr'>ἐδημοσιεύετο·</span> <span class='ocrx_word' id='word_1_568' title='bbox 3797 3856 3874 3917; x_wconf 72' lang='grc' dir='ltr'><strong>ὧν</strong></span> 
     </span>
    </p>
   </div>
   <div class='ocr_carea' id='block_1_85' title="bbox 2292 3951 3871 4024">
    <p class='ocr_par' dir='ltr' id='par_1_85' title="bbox 2292 3951 3871 4024">
     <span class='ocr_line' id='line_1_85' title="bbox 2292 3951 3871 4024; baseline -0.001 -17"><span class='ocrx_word' id='word_1_569' title='bbox 2292 3954 2392 4024; x_wconf 77' lang='grc' dir='ltr'>τὴν</span> <span class='ocrx_word' id='word_1_570' title='bbox 2436 3953 2832 4023; x_wconf 82' lang='grc' dir='ltr'>λεπτομέρειαν</span> <span class='ocrx_word' id='word_1_571' title='bbox 2871 3952 2959 4006; x_wconf 77' lang='grc' dir='ltr'><strong>διὰ</strong></span> <span class='ocrx_word' id='word_1_572' title='bbox 3006 3951 3216 4005; x_wconf 83' lang='grc' dir='ltr'>πολλῶν</span> <span class='ocrx_word' id='word_1_573' title='bbox 3272 3952 3371 4021; x_wconf 83' lang='grc' dir='ltr'><strong>μέν</strong></span> <span class='ocrx_word' id='word_1_574' title='bbox 3427 3953 3871 4023; x_wconf 83' lang='grc' dir='ltr'>ἀνειλημμένην,</span> 
     </span>
    </p>
   </div>
   <div class='ocr_carea' id='block_1_86' title="bbox 2295 4044 3873 4118">
    <p class='ocr_par' dir='ltr' id='par_1_86' title="bbox 2295 4044 3873 4118">
     <span class='ocr_line' id='line_1_86' title="bbox 2295 4044 3873 4118; baseline -0.003 -17"><span class='ocrx_word' id='word_1_575' title='bbox 2295 4045 2769 4118; x_wconf 84' lang='grc' dir='ltr'>ἐμπεριεχομένην</span> <span class='ocrx_word' id='word_1_576' title='bbox 2795 4045 2853 4098; x_wconf 88' lang='grc' dir='ltr'><strong>δέ</strong></span> <span class='ocrx_word' id='word_1_577' title='bbox 2883 4048 2995 4107; x_wconf 76' lang='grc' dir='ltr'>τοῖς</span> <span class='ocrx_word' id='word_1_578' title='bbox 3026 4045 3084 4097; x_wconf 79' lang='grc' dir='ltr'><strong>ἐν</strong></span> <span class='ocrx_word' id='word_1_579' title='bbox 3130 4044 3434 4111; x_wconf 76' lang='grc' dir='ltr'>Χαλκηδόνι</span> <span class='ocrx_word' id='word_1_580' title='bbox 3469 4044 3873 4112; x_wconf 77' lang='grc' dir='ltr'>κεκινημένοις,</span> 
     </span>
    </p>
   </div>
   <div class='ocr_carea' id='block_1_87' title="bbox 2292 4134 3873 4208">
    <p class='ocr_par' dir='ltr' id='par_1_87' title="bbox 2292 4134 3873 4208">
     <span class='ocr_line' id='line_1_87' title="bbox 2292 4134 3873 4208; baseline -0.002 -16"><span class='ocrx_word' id='word_1_581' title='bbox 2292 4140 2368 4202; x_wconf 82' lang='grc' dir='ltr'>ὡς</span> <span class='ocrx_word' id='word_1_582' title='bbox 2398 4140 2464 4191; x_wconf 84' lang='grc' dir='ltr'>ἂν</span> <span class='ocrx_word' id='word_1_583' title='bbox 2498 4137 2575 4208; x_wconf 75' lang='grc' dir='ltr'>μὴ</span> <span class='ocrx_word' id='word_1_584' title='bbox 2606 4136 2911 4204; x_wconf 78' lang='grc' dir='ltr'>ἀδολεσχεῖν</span> <span class='ocrx_word' id='word_1_585' title='bbox 2939 4134 3072 4201; x_wconf 80' lang='grc' dir='ltr'>δόξω</span> <span class='ocrx_word' id='word_1_586' title='bbox 3093 4137 3207 4198; x_wconf 82' lang='grc' dir='ltr'>τοῖς</span> <span class='ocrx_word' id='word_1_587' title='bbox 3254 4134 3390 4205; x_wconf 72' lang='grc' dir='ltr'>πρὸς</span> <span class='ocrx_word' id='word_1_588' title='bbox 3436 4135 3498 4188; x_wconf 72' lang='grc' dir='ltr'>τὸ</span> <span class='ocrx_word' id='word_1_589' title='bbox 3545 4136 3716 4206; x_wconf 81' lang='grc' dir='ltr'>πέρας</span> <span class='ocrx_word' id='word_1_590' title='bbox 3761 4137 3873 4189; x_wconf 84' lang='grc' dir='ltr'><strong>τῶν</strong></span> 
     </span>
    </p>
   </div>
   <div class='ocr_carea' id='block_1_88' title="bbox 2294 4220 3876 4299">
    <p class='ocr_par' dir='ltr' id='par_1_88' title="bbox 2294 4220 3876 4299">
     <span class='ocr_line' id='line_1_88' title="bbox 2294 4220 3876 4299; baseline 0.001 -20"><span class='ocrx_word' id='word_1_591' title='bbox 2294 4220 2635 4299; x_wconf 78' lang='grc' dir='ltr'>πραγμάτων</span> <span class='ocrx_word' id='word_1_592' title='bbox 2669 4226 3065 4296; x_wconf 86' lang='grc' dir='ltr'>ἐπειγομένοις,</span> <span class='ocrx_word' id='word_1_593' title='bbox 3108 4224 3353 4290; x_wconf 79' lang='grc' dir='ltr'>ὑπέταξα</span> <span class='ocrx_word' id='word_1_594' title='bbox 3392 4224 3469 4295; x_wconf 84' lang='grc' dir='ltr'>τῷ</span> <span class='ocrx_word' id='word_1_595' title='bbox 3515 4225 3745 4295; x_wconf 76' lang='grc' dir='ltr'>παρόντι</span> <span class='ocrx_word' id='word_1_596' title='bbox 3772 4227 3876 4297; x_wconf 75' lang='grc' dir='ltr'>τῆς</span> 
     </span>
    </p>
   </div>
   <div class='ocr_carea' id='block_1_89' title="bbox 2298 4314 3872 4389">
    <p class='ocr_par' dir='ltr' id='par_1_89' title="bbox 2298 4314 3872 4389">
     <span class='ocr_line' id='line_1_89' title="bbox 2298 4314 3872 4389; baseline -0.001 -18"><span class='ocrx_word' id='word_1_597' title='bbox 2298 4318 2538 4389; x_wconf 74' lang='grc' dir='ltr'>ἱστορίας</span> <span class='ocrx_word' id='word_1_598' title='bbox 2574 4316 2786 4387; x_wconf 75' lang='grc' dir='ltr'>βιϐλίῳ,</span> <span class='ocrx_word' id='word_1_599' title='bbox 2814 4315 2997 4371; x_wconf 74' lang='grc' dir='ltr'>ἄδειαν</span> <span class='ocrx_word' id='word_1_600' title='bbox 3040 4314 3165 4379; x_wconf 86' lang='grc' dir='ltr'>δοὺς</span> <span class='ocrx_word' id='word_1_601' title='bbox 3200 4318 3311 4377; x_wconf 85' lang='grc' dir='ltr'>τοῖς</span> <span class='ocrx_word' id='word_1_602' title='bbox 3343 4317 3522 4371; x_wconf 87' lang='grc' dir='ltr'>πάντα</span> <span class='ocrx_word' id='word_1_603' title='bbox 3550 4316 3765 4379; x_wconf 81' lang='grc' dir='ltr'>λεπτῶς</span> <span class='ocrx_word' id='word_1_604' title='bbox 3790 4321 3872 4371; x_wconf 83' lang='grc' dir='ltr'>εί-</span> 
     </span>
    </p>
   </div>
   <div class='ocr_carea' id='block_1_90' title="bbox 616 4404 2192 4481">
    <p class='ocr_par' dir='ltr' id='par_1_90' title="bbox 616 4404 2191 4475">
     <span class='ocr_line' id='line_1_90' title="bbox 616 4404 2191 4475; baseline 0.004 -18"><span class='ocrx_word' id='word_1_605' title='bbox 616 4404 895 4470; x_wconf 81' lang='lat' dir='ltr'><strong>iestinant,</strong></span> <span class='ocrx_word' id='word_1_606' title='bbox 945 4407 1176 4461; x_wconf 88' lang='lat' dir='ltr'><strong>nimium</strong></span> <span class='ocrx_word' id='word_1_607' title='bbox 1212 4409 1478 4464; x_wconf 82' lang='lat' dir='ltr'><strong>verbosus</strong></span> <span class='ocrx_word' id='word_1_608' title='bbox 1505 4410 1719 4475; x_wconf 88' lang='lat' dir='ltr'><strong>videar,</strong></span> <span class='ocrx_word' id='word_1_609' title='bbox 1765 4411 1898 4467; x_wconf 90' lang='lat' dir='ltr'><strong>huic</strong></span> <span class='ocrx_word' id='word_1_610' title='bbox 1946 4411 2191 4467; x_wconf 89' lang='lat' dir='ltr'><strong>secundo</strong></span> 
     </span>
    </p>
   </div>
   <div class='ocr_carea' id='block_1_91' title="bbox 2294 4404 3876 4481">
    <p class='ocr_par' dir='ltr' id='par_1_91' title="bbox 2295 4404 3876 4481">
     <span class='ocr_line' id='line_1_91' title="bbox 2295 4404 3876 4481; baseline 0 -18"><span class='ocrx_word' id='word_1_611' title='bbox 2295 4410 2440 4463; x_wconf 80' lang='grc' dir='ltr'>δέναι</span> <span class='ocrx_word' id='word_1_612' title='bbox 2483 4404 2846 4478; x_wconf 84' lang='grc' dir='ltr'>βουλομένοις,</span> <span class='ocrx_word' id='word_1_613' title='bbox 2908 4407 3001 4461; x_wconf 78' lang='grc' dir='ltr'>καὶ</span> <span class='ocrx_word' id='word_1_614' title='bbox 3050 4406 3268 4470; x_wconf 80' lang='grc' dir='ltr'>τούτοις</span> <span class='ocrx_word' id='word_1_615' title='bbox 3300 4408 3569 4477; x_wconf 75' lang='grc' dir='ltr'>ἐντυχεῖν.</span> <span class='ocrx_word' id='word_1_616' title='bbox 3630 4409 3725 4463; x_wconf 77' lang='grc' dir='ltr'><strong>καὶ</strong></span> <span class='ocrx_word' id='word_1_617' title='bbox 3772 4410 3876 4481; x_wconf 71' lang='grc' dir='ltr'>τὴν</span> 
     </span>
    </p>
   </div>
   <div class='ocr_carea' id='block_1_92' title="bbox 616 4497 2191 4573">
    <p class='ocr_par' dir='ltr' id='par_1_92' title="bbox 616 4497 2191 4573">
     <span class='ocr_line' id='line_1_92' title="bbox 616 4497 2191 4573; baseline 0.005 -23"><span class='ocrx_word' id='word_1_618' title='bbox 616 4497 857 4552; x_wconf 73' lang='lat' dir='ltr'><strong>historia:</strong></span> <span class='ocrx_word' id='word_1_619' title='bbox 911 4509 1114 4553; x_wconf 81' lang='lat' dir='ltr'><strong>nostra:</strong></span> <span class='ocrx_word' id='word_1_620' title='bbox 1165 4500 1309 4556; x_wconf 88' lang='lat' dir='ltr'><strong>libro</strong></span> <span class='ocrx_word' id='word_1_621' title='bbox 1361 4502 1654 4571; x_wconf 76' lang='lat' dir='ltr'><strong>subjunxi:</strong></span> <span class='ocrx_word' id='word_1_622' title='bbox 1707 4504 1796 4558; x_wconf 90' lang='lat' dir='ltr'><strong>his</strong></span> <span class='ocrx_word' id='word_1_623' title='bbox 1843 4504 1938 4573; x_wconf 90' lang='lat' dir='ltr'><strong>qui</strong></span> <span class='ocrx_word' id='word_1_624' title='bbox 1992 4512 2191 4558; x_wconf 86' lang='lat' dir='ltr'><strong>cuncta</strong></span> 
     </span>
    </p>
   </div>
   <div class='ocr_carea' id='block_1_93' title="bbox 614 4589 2190 4663">
    <p class='ocr_par' dir='ltr' id='par_1_93' title="bbox 614 4589 2190 4663">
     <span class='ocr_line' id='line_1_93' title="bbox 614 4589 2190 4663; baseline 0.003 -21"><span class='ocrx_word' id='word_1_625' title='bbox 614 4598 807 4645; x_wconf 77' lang='lat' dir='ltr'><strong>exacte</strong></span> <span class='ocrx_word' id='word_1_626' title='bbox 835 4589 1067 4658; x_wconf 88' lang='lat' dir='ltr'><strong>cupiunt</strong></span> <span class='ocrx_word' id='word_1_627' title='bbox 1098 4606 1447 4661; x_wconf 82' lang='lat' dir='ltr'><strong>cognoscere,</strong></span> <span class='ocrx_word' id='word_1_628' title='bbox 1478 4593 1580 4648; x_wconf 82' lang='lat' dir='ltr'><strong>ista</strong></span> <span class='ocrx_word' id='word_1_629' title='bbox 1607 4593 1821 4663; x_wconf 78' lang='lat' dir='ltr'><strong>legendi</strong></span> <span class='ocrx_word' id='word_1_630' title='bbox 1863 4601 2190 4663; x_wconf 89' lang='lat' dir='ltr'><strong>potestatem</strong></span> 
     </span>
    </p>
   </div>
   <div class='ocr_carea' id='block_1_94' title="bbox 616 4678 2190 4753">
    <p class='ocr_par' dir='ltr' id='par_1_94' title="bbox 616 4678 2190 4753">
     <span class='ocr_line' id='line_1_94' title="bbox 616 4678 2190 4753; baseline 0.003 -21"><span class='ocrx_word' id='word_1_631' title='bbox 616 4678 842 4745; x_wconf 80' lang='lat' dir='ltr'><strong>laeiens,</strong></span> <span class='ocrx_word' id='word_1_632' title='bbox 874 4689 931 4734; x_wconf 87' lang='lat' dir='ltr'><strong>et</strong></span> <span class='ocrx_word' id='word_1_633' title='bbox 958 4689 1271 4734; x_wconf 88' lang='lat' dir='ltr'><strong>accuratam</strong></span> <span class='ocrx_word' id='word_1_634' title='bbox 1310 4697 1494 4734; x_wconf 90' lang='lat' dir='ltr'><strong>rerum</strong></span> <span class='ocrx_word' id='word_1_635' title='bbox 1540 4682 1791 4737; x_wconf 83' lang='lat' dir='ltr'><strong>notitiam</strong></span> <span class='ocrx_word' id='word_1_636' title='bbox 1827 4683 2190 4753; x_wconf 77' lang='lat' dir='ltr'><strong>percipiendi.</strong></span> 
     </span>
    </p>
   </div>
   <div class='ocr_carea' id='block_1_95' title="bbox 616 4770 2195 4843">
    <p class='ocr_par' dir='ltr' id='par_1_95' title="bbox 616 4770 2195 4843">
     <span class='ocr_line' id='line_1_95' title="bbox 616 4770 2195 4843; baseline 0.001 -17"><span class='ocrx_word' id='word_1_637' title='bbox 616 4770 839 4826; x_wconf 85' lang='lat' dir='ltr'><strong>Interim</strong></span> <span class='ocrx_word' id='word_1_638' title='bbox 887 4783 1020 4826; x_wconf 80' lang='lat' dir='ltr'><strong>tero</strong></span> <span class='ocrx_word' id='word_1_639' title='bbox 1064 4786 1129 4827; x_wconf 90' lang='lat' dir='ltr'><strong>ea</strong></span> <span class='ocrx_word' id='word_1_640' title='bbox 1172 4786 1294 4842; x_wconf 72' lang='lat' dir='ltr'><strong>qua:</strong></span> <span class='ocrx_word' id='word_1_641' title='bbox 1338 4773 1563 4842; x_wconf 89' lang='lat' dir='ltr'><strong>majoris</strong></span> <span class='ocrx_word' id='word_1_642' title='bbox 1593 4774 1859 4829; x_wconf 88' lang='lat' dir='ltr'><strong>momenti</strong></span> <span class='ocrx_word' id='word_1_643' title='bbox 1890 4783 2020 4828; x_wconf 89' lang='lat' dir='ltr'><strong>sunt</strong></span> <span class='ocrx_word' id='word_1_644' title='bbox 2066 4788 2195 4843; x_wconf 88' lang='lat' dir='ltr'><strong>per—</strong></span> 
     </span>
    </p>
   </div>
   <div class='ocr_carea' id='block_1_96' title="bbox 615 4863 2193 4933">
    <p class='ocr_par' dir='ltr' id='par_1_96' title="bbox 615 4863 2193 4933">
     <span class='ocr_line' id='line_1_96' title="bbox 615 4863 2193 4933; baseline 0.001 -16"><span class='ocrx_word' id='word_1_645' title='bbox 615 4878 865 4927; x_wconf 83' lang='lat' dir='ltr'><strong>currens,</strong></span> <span class='ocrx_word' id='word_1_646' title='bbox 898 4863 1135 4918; x_wconf 75' lang='lat' dir='ltr'><strong>strictim</strong></span> <span class='ocrx_word' id='word_1_647' title='bbox 1166 4866 1651 4920; x_wconf 85' lang='lat' dir='ltr'><strong>commcmorabo:</strong></span> <span class='ocrx_word' id='word_1_648' title='bbox 1690 4865 2003 4933; x_wconf 80' lang='lat' dir='ltr'><strong>convictum</strong></span> <span class='ocrx_word' id='word_1_649' title='bbox 2040 4864 2193 4921; x_wconf 86' lang='lat' dir='ltr'><strong>scili-</strong></span> 
     </span>
    </p>
   </div>
   <div class='ocr_carea' id='block_1_97' title="bbox 616 4952 2194 5028">
    <p class='ocr_par' dir='ltr' id='par_1_97' title="bbox 616 4952 2194 5028">
     <span class='ocr_line' id='line_1_97' title="bbox 616 4952 2194 5028; baseline 0.003 -22"><span class='ocrx_word' id='word_1_650' title='bbox 616 4960 705 5006; x_wconf 89' lang='lat' dir='ltr'><strong>cet</strong></span> <span class='ocrx_word' id='word_1_651' title='bbox 728 4966 851 5008; x_wconf 88' lang='lat' dir='ltr'><strong>esse</strong></span> <span class='ocrx_word' id='word_1_652' title='bbox 873 4952 1218 5017; x_wconf 85' lang='lat' dir='ltr'><strong>Dioscorum,</strong></span> <span class='ocrx_word' id='word_1_653' title='bbox 1242 4954 1387 5023; x_wconf 88' lang='lat' dir='ltr'><strong>quod</strong></span> <span class='ocrx_word' id='word_1_654' title='bbox 1410 4954 1699 5023; x_wconf 80' lang='lat' dir='ltr'><strong>epistolam</strong></span> <span class='ocrx_word' id='word_1_655' title='bbox 1724 4954 1926 5011; x_wconf 90' lang='lat' dir='ltr'><strong>Leonis</strong></span> <span class='ocrx_word' id='word_1_656' title='bbox 1946 4957 2194 5028; x_wconf 90' lang='lat' dir='ltr'><strong>episcopi</strong></span> 
     </span>
    </p>
   </div>
   <div class='ocr_carea' id='block_1_98' title="bbox 615 5043 2191 5118">
    <p class='ocr_par' dir='ltr' id='par_1_98' title="bbox 615 5043 2191 5118">
     <span class='ocr_line' id='line_1_98' title="bbox 615 5043 2191 5118; baseline 0.002 -19"><span class='ocrx_word' id='word_1_657' title='bbox 615 5043 854 5101; x_wconf 81' lang='lat' dir='ltr'><strong>senioris</strong></span> <span class='ocrx_word' id='word_1_658' title='bbox 881 5044 1063 5100; x_wconf 73' lang='lat' dir='ltr'><strong>Roma:</strong></span> <span class='ocrx_word' id='word_1_659' title='bbox 1087 5060 1195 5100; x_wconf 87' lang='lat' dir='ltr'><strong>non</strong></span> <span class='ocrx_word' id='word_1_660' title='bbox 1221 5048 1590 5116; x_wconf 86' lang='lat' dir='ltr'><strong>suscepisset;</strong></span> <span class='ocrx_word' id='word_1_661' title='bbox 1618 5058 1675 5103; x_wconf 86' lang='lat' dir='ltr'><strong>et</strong></span> <span class='ocrx_word' id='word_1_662' title='bbox 1693 5048 1838 5118; x_wconf 88' lang='lat' dir='ltr'><strong>quod</strong></span> <span class='ocrx_word' id='word_1_663' title='bbox 1871 5049 2191 5103; x_wconf 87' lang='lat' dir='ltr'><strong>Flavianum</strong></span> 
     </span>
    </p>
   </div>
   <div class='ocr_carea' id='block_1_99' title="bbox 614 5136 2193 5211">
    <p class='ocr_par' dir='ltr' id='par_1_99' title="bbox 614 5136 2193 5211">
     <span class='ocr_line' id='line_1_99' title="bbox 614 5136 2193 5211; baseline 0.002 -21"><span class='ocrx_word' id='word_1_664' title='bbox 614 5136 935 5209; x_wconf 87' lang='lat' dir='ltr'><strong>episcopum</strong></span> <span class='ocrx_word' id='word_1_665' title='bbox 960 5140 1200 5211; x_wconf 90' lang='lat' dir='ltr'><strong>junioris</strong></span> <span class='ocrx_word' id='word_1_666' title='bbox 1234 5138 1422 5195; x_wconf 66' lang='lat' dir='ltr'><strong>Romae</strong></span> <span class='ocrx_word' id='word_1_667' title='bbox 1458 5139 1603 5194; x_wconf 87' lang='lat' dir='ltr'><strong>intra</strong></span> <span class='ocrx_word' id='word_1_668' title='bbox 1635 5139 1797 5194; x_wconf 90' lang='lat' dir='ltr'><strong>unius</strong></span> <span class='ocrx_word' id='word_1_669' title='bbox 1825 5138 1934 5193; x_wconf 86' lang='lat' dir='ltr'><strong>diei</strong></span> <span class='ocrx_word' id='word_1_670' title='bbox 1960 5140 2193 5208; x_wconf 76' lang='lat' dir='ltr'><strong>Spatium</strong></span> 
     </span>
    </p>
   </div>
   <div class='ocr_carea' id='block_1_100' title="bbox 617 5223 2200 5301">
    <p class='ocr_par' dir='ltr' id='par_1_100' title="bbox 617 5223 2200 5301">
     <span class='ocr_line' id='line_1_100' title="bbox 617 5223 2200 5301; baseline 0.006 -24"><span class='ocrx_word' id='word_1_671' title='bbox 617 5223 982 5294; x_wconf 83' lang='lat' dir='ltr'><strong>deposuisset,</strong></span> <span class='ocrx_word' id='word_1_672' title='bbox 1030 5237 1084 5283; x_wconf 92' lang='lat' dir='ltr'><strong>et</strong></span> <span class='ocrx_word' id='word_1_673' title='bbox 1132 5228 1279 5298; x_wconf 88' lang='lat' dir='ltr'><strong>quod</strong></span> <span class='ocrx_word' id='word_1_674' title='bbox 1332 5229 1623 5299; x_wconf 86' lang='lat' dir='ltr'><strong>episcopos</strong></span> <span class='ocrx_word' id='word_1_675' title='bbox 1660 5228 1753 5299; x_wconf 88' lang='lat' dir='ltr'><strong>qui</strong></span> <span class='ocrx_word' id='word_1_676' title='bbox 1784 5236 1944 5283; x_wconf 85' lang='lat' dir='ltr'><strong>erant</strong></span> <span class='ocrx_word' id='word_1_677' title='bbox 1972 5245 2200 5301; x_wconf 80' lang='lat' dir='ltr'><strong>congre-</strong></span> 
     </span>
    </p>
   </div>
   <div class='ocr_carea' id='block_1_101' title="bbox 616 5317 2197 5393">
    <p class='ocr_par' dir='ltr' id='par_1_101' title="bbox 616 5317 2197 5393">
     <span class='ocr_line' id='line_1_101' title="bbox 616 5317 2197 5393; baseline 0.003 -21"><span class='ocrx_word' id='word_1_678' title='bbox 616 5317 749 5389; x_wconf 73' lang='lat' dir='ltr'><strong>gati,</strong></span> <span class='ocrx_word' id='word_1_679' title='bbox 796 5319 851 5373; x_wconf 92' lang='lat' dir='ltr'><strong>in</strong></span> <span class='ocrx_word' id='word_1_680' title='bbox 898 5319 1087 5374; x_wconf 84' lang='lat' dir='ltr'><strong>charta</strong></span> <span class='ocrx_word' id='word_1_681' title='bbox 1138 5336 1273 5391; x_wconf 89' lang='lat' dir='ltr'><strong>pura</strong></span> <span class='ocrx_word' id='word_1_682' title='bbox 1317 5321 1672 5376; x_wconf 86' lang='lat' dir='ltr'><strong>subscribere</strong></span> <span class='ocrx_word' id='word_1_683' title='bbox 1720 5331 1989 5386; x_wconf 86' lang='lat' dir='ltr'><strong>curasset,</strong></span> <span class='ocrx_word' id='word_1_684' title='bbox 2041 5323 2197 5393; x_wconf 86' lang='lat' dir='ltr'><strong>quasi</strong></span> 
     </span>
    </p>
   </div>
   <div class='ocr_carea' id='block_1_102' title="bbox 2299 4497 3877 4571">
    <p class='ocr_par' dir='ltr' id='par_1_102' title="bbox 2299 4497 3877 4571">
     <span class='ocr_line' id='line_1_102' title="bbox 2299 4497 3877 4571; baseline 0.002 -18"><span class='ocrx_word' id='word_1_685' title='bbox 2299 4500 2836 4571; x_wconf 76' lang='grc' dir='ltr'>πάντωνάκρίὸειαν</span> <span class='ocrx_word' id='word_1_686' title='bbox 2865 4497 3273 4569; x_wconf 79' lang='grc' dir='ltr'>ἀναμάξασθαι.</span> <span class='ocrx_word' id='word_1_687' title='bbox 3316 4499 3656 4571; x_wconf 82' lang='grc' dir='ltr'>Ἐπιτρέχων</span> <span class='ocrx_word' id='word_1_688' title='bbox 3698 4500 3759 4555; x_wconf 68' lang='grc' dir='ltr'><strong>δέ</strong></span> <span class='ocrx_word' id='word_1_689' title='bbox 3808 4502 3877 4556; x_wconf 69' lang='grc' dir='ltr'><strong>τὰ</strong></span> 
     </span>
    </p>
   </div>
   <div class='ocr_carea' id='block_1_103' title="bbox 2297 4592 3875 4664">
    <p class='ocr_par' dir='ltr' id='par_1_103' title="bbox 2297 4592 3875 4664">
     <span class='ocr_line' id='line_1_103' title="bbox 2297 4592 3875 4664; baseline 0.001 -18"><span class='ocrx_word' id='word_1_690' title='bbox 2297 4593 2635 4663; x_wconf 84' lang='grc' dir='ltr'>καιριώτερα</span> <span class='ocrx_word' id='word_1_691' title='bbox 2667 4592 2833 4663; x_wconf 82' lang='grc' dir='ltr'>φημὶ,</span> <span class='ocrx_word' id='word_1_692' title='bbox 2861 4592 2938 4656; x_wconf 82' lang='grc' dir='ltr'>ὼς</span> <span class='ocrx_word' id='word_1_693' title='bbox 2968 4592 3228 4663; x_wconf 75' lang='grc' dir='ltr'>ἐφωράθη</span> <span class='ocrx_word' id='word_1_694' title='bbox 3257 4592 3569 4664; x_wconf 86' lang='grc' dir='ltr'>Διόσκορος,</span> <span class='ocrx_word' id='word_1_695' title='bbox 3608 4593 3681 4664; x_wconf 80' lang='grc' dir='ltr'>μὴ</span> <span class='ocrx_word' id='word_1_696' title='bbox 3712 4592 3875 4659; x_wconf 77' lang='grc' dir='ltr'>δεξά-</span> 
     </span>
    </p>
   </div>
   <div class='ocr_carea' id='block_1_104' title="bbox 2300 4683 3876 4754">
    <p class='ocr_par' dir='ltr' id='par_1_104' title="bbox 2300 4683 3876 4754">
     <span class='ocr_line' id='line_1_104' title="bbox 2300 4683 3876 4754; baseline 0.001 -19"><span class='ocrx_word' id='word_1_697' title='bbox 2300 4701 2461 4752; x_wconf 87' lang='grc' dir='ltr'>μενος</span> <span class='ocrx_word' id='word_1_698' title='bbox 2495 4683 2595 4752; x_wconf 78' lang='grc' dir='ltr'>τὴν</span> <span class='ocrx_word' id='word_1_699' title='bbox 2646 4683 2876 4746; x_wconf 83' lang='grc' dir='ltr'>Λέοντος</span> <span class='ocrx_word' id='word_1_700' title='bbox 2923 4683 3215 4754; x_wconf 75' lang='grc' dir='ltr'>ἐπιστολήν</span> <span class='ocrx_word' id='word_1_701' title='bbox 3260 4684 3564 4737; x_wconf 78' lang='grc' dir='ltr'>ἐπισκόπου</span> <span class='ocrx_word' id='word_1_702' title='bbox 3600 4684 3701 4754; x_wconf 77' lang='grc' dir='ltr'>τῆς</span> <span class='ocrx_word' id='word_1_703' title='bbox 3740 4701 3876 4754; x_wconf 65' lang='grc' dir='ltr'>πρυ</span> 
     </span>
    </p>
   </div>
   <div class='ocr_carea' id='block_1_105' title="bbox 2301 4773 3877 4847">
    <p class='ocr_par' dir='ltr' id='par_1_105' title="bbox 2301 4773 3877 4847">
     <span class='ocr_line' id='line_1_105' title="bbox 2301 4773 3877 4847; baseline 0.002 -20"><span class='ocrx_word' id='word_1_704' title='bbox 2301 4774 2567 4847; x_wconf 80' lang='grc' dir='ltr'>σϐυτέρας</span> <span class='ocrx_word' id='word_1_705' title='bbox 2609 4773 2853 4845; x_wconf 83' lang='grc' dir='ltr'>Ῥώμης,</span> <span class='ocrx_word' id='word_1_706' title='bbox 2886 4775 2980 4829; x_wconf 74' lang='grc' dir='ltr'>καὶ</span> <span class='ocrx_word' id='word_1_707' title='bbox 2997 4777 3134 4845; x_wconf 80' lang='grc' dir='ltr'>πρός</span> <span class='ocrx_word' id='word_1_708' title='bbox 3168 4792 3231 4844; x_wconf 86' lang='grc' dir='ltr'><strong>γε</strong></span> <span class='ocrx_word' id='word_1_709' title='bbox 3259 4776 3358 4845; x_wconf 75' lang='grc' dir='ltr'><strong>τὴν</strong></span> <span class='ocrx_word' id='word_1_710' title='bbox 3391 4775 3713 4846; x_wconf 82' lang='grc' dir='ltr'>καθαίρεσιν</span> <span class='ocrx_word' id='word_1_711' title='bbox 3735 4777 3877 4831; x_wconf 70' lang='grc' dir='ltr'>Φλα-</span> 
     </span>
    </p>
   </div>
   <div class='ocr_carea' id='block_1_106' title="bbox 2297 4864 3878 4941">
    <p class='ocr_par' dir='ltr' id='par_1_106' title="bbox 2297 4864 3878 4941">
     <span class='ocr_line' id='line_1_106' title="bbox 2297 4864 3878 4941; baseline 0.002 -23"><span class='ocrx_word' id='word_1_712' title='bbox 2297 4864 2485 4920; x_wconf 82' lang='grc' dir='ltr'>σιανοῦ</span> <span class='ocrx_word' id='word_1_713' title='bbox 2509 4867 2608 4938; x_wconf 81' lang='grc' dir='ltr'>τῆς</span> <span class='ocrx_word' id='word_1_714' title='bbox 2658 4866 2785 4930; x_wconf 86' lang='grc' dir='ltr'>νέας</span> <span class='ocrx_word' id='word_1_715' title='bbox 2830 4864 3049 4938; x_wconf 82' lang='grc' dir='ltr'>Ῥώμης</span> <span class='ocrx_word' id='word_1_716' title='bbox 3079 4866 3399 4931; x_wconf 85' lang='grc' dir='ltr'>ἐπισκόπου,</span> <span class='ocrx_word' id='word_1_717' title='bbox 3448 4868 3506 4921; x_wconf 86' lang='grc' dir='ltr'><strong>ἐν</strong></span> <span class='ocrx_word' id='word_1_718' title='bbox 3552 4867 3733 4939; x_wconf 76' lang='grc' dir='ltr'>ἡμέρα</span> <span class='ocrx_word' id='word_1_719' title='bbox 3777 4870 3878 4941; x_wconf 71' lang='grc' dir='ltr'>μιᾷ</span> 
     </span>
    </p>
   </div>
   <div class='ocr_carea' id='block_1_107' title="bbox 2299 4958 3876 5030">
    <p class='ocr_par' dir='ltr' id='par_1_107' title="bbox 2299 4958 3876 5030">
     <span class='ocr_line' id='line_1_107' title="bbox 2299 4958 3876 5030; baseline 0.003 -21"><span class='ocrx_word' id='word_1_720' title='bbox 2299 4958 2699 5027; x_wconf 70' lang='grc' dir='ltr'>ποιησάμενος,</span> <span class='ocrx_word' id='word_1_721' title='bbox 2750 4959 2808 5012; x_wconf 80' lang='grc' dir='ltr'><strong>ἐν</strong></span> <span class='ocrx_word' id='word_1_722' title='bbox 2841 4958 3075 5028; x_wconf 82' lang='grc' dir='ltr'>ἀγράφῳ</span> <span class='ocrx_word' id='word_1_723' title='bbox 3106 4974 3166 5011; x_wconf 82' lang='grc' dir='ltr'><strong>τε</strong></span> <span class='ocrx_word' id='word_1_724' title='bbox 3215 4958 3393 5030; x_wconf 83' lang='grc' dir='ltr'>χάρτῃ</span> <span class='ocrx_word' id='word_1_725' title='bbox 3441 4959 3876 5030; x_wconf 79' lang='grc' dir='ltr'>παρασκευάσας</span> 
     </span>
    </p>
   </div>
   <div class='ocr_carea' id='block_1_108' title="bbox 2297 5046 3875 5122">
    <p class='ocr_par' dir='ltr' id='par_1_108' title="bbox 2297 5046 3875 5122">
     <span class='ocr_line' id='line_1_108' title="bbox 2297 5046 3875 5122; baseline 0.002 -22"><span class='ocrx_word' id='word_1_726' title='bbox 2297 5049 2424 5110; x_wconf 69' lang='grc' dir='ltr'>τοὺς</span> <span class='ocrx_word' id='word_1_727' title='bbox 2475 5046 2795 5110; x_wconf 83' lang='grc' dir='ltr'>ἀλισθέντας</span> <span class='ocrx_word' id='word_1_728' title='bbox 2876 5048 3207 5111; x_wconf 69' lang='grc' dir='ltr'>ἐπισκόπους</span> <span class='ocrx_word' id='word_1_729' title='bbox 3247 5050 3747 5122; x_wconf 80' lang='grc' dir='ltr'>ὑποσημήνασθαι,</span> <span class='ocrx_word' id='word_1_730' title='bbox 3803 5051 3875 5116; x_wconf 79' lang='grc' dir='ltr'><strong>ὡς</strong></span> 
     </span>
    </p>
   </div>
   <div class='ocr_carea' id='block_1_109' title="bbox 2297 5136 3876 5213">
    <p class='ocr_par' dir='ltr' id='par_1_109' title="bbox 2297 5136 3876 5213">
     <span class='ocr_line' id='line_1_109' title="bbox 2297 5136 3876 5213; baseline 0.003 -23"><span class='ocrx_word' id='word_1_731' title='bbox 2297 5154 2394 5207; x_wconf 84' lang='grc' dir='ltr'><strong>την</strong></span> <span class='ocrx_word' id='word_1_732' title='bbox 2421 5136 2746 5207; x_wconf 77' lang='grc' dir='ltr'>καθαίρεσιν</span> <span class='ocrx_word' id='word_1_733' title='bbox 2792 5136 3095 5193; x_wconf 78' lang='grc' dir='ltr'>Φλασιανοῦ</span> <span class='ocrx_word' id='word_1_734' title='bbox 3146 5141 3475 5211; x_wconf 84' lang='grc' dir='ltr'>περιέχοντι.</span> <span class='ocrx_word' id='word_1_735' title='bbox 3536 5141 3652 5213; x_wconf 77' lang='grc' dir='ltr'><strong>Ἐφ’</strong></span> <span class='ocrx_word' id='word_1_736' title='bbox 3704 5136 3790 5207; x_wconf 75' lang='grc' dir='ltr'><strong>οἷς</strong></span> <span class='ocrx_word' id='word_1_737' title='bbox 3830 5143 3876 5196; x_wconf 80' lang='grc' dir='ltr'><strong>οι</strong></span> 
     </span>
    </p>
   </div>
   <div class='ocr_carea' id='block_1_110' title="bbox 2299 5228 3876 5307">
    <p class='ocr_par' dir='ltr' id='par_1_110' title="bbox 2299 5228 3876 5307">
     <span class='ocr_line' id='line_1_110' title="bbox 2299 5228 3876 5307; baseline 0.003 -25"><span class='ocrx_word' id='word_1_738' title='bbox 2299 5231 2411 5283; x_wconf 80' lang='grc' dir='ltr'>ἀπὸ</span> <span class='ocrx_word' id='word_1_739' title='bbox 2437 5229 2539 5300; x_wconf 81' lang='grc' dir='ltr'>τῆς</span> <span class='ocrx_word' id='word_1_740' title='bbox 2580 5228 2883 5301; x_wconf 83' lang='grc' dir='ltr'>συγκλήτου</span> <span class='ocrx_word' id='word_1_741' title='bbox 2921 5229 3115 5300; x_wconf 80' lang='grc' dir='ltr'>βουλῆς</span> <span class='ocrx_word' id='word_1_742' title='bbox 3168 5232 3506 5303; x_wconf 75' lang='grc' dir='ltr'>ἐψηφίσαντο</span> <span class='ocrx_word' id='word_1_743' title='bbox 3534 5235 3661 5289; x_wconf 84' lang='grc' dir='ltr'>τάδε</span> <span class='ocrx_word' id='word_1_744' title='bbox 3736 5235 3876 5307; x_wconf 75' lang='grc' dir='ltr'>Περὶ</span> 
     </span>
    </p>
   </div>
   <div class='ocr_carea' id='block_1_111' title="bbox 2303 5320 3875 5396">
    <p class='ocr_par' dir='ltr' id='par_1_111' title="bbox 2303 5320 3875 5396">
     <span class='ocr_line' id='line_1_111' title="bbox 2303 5320 3875 5396; baseline 0.004 -24"><span class='ocrx_word' id='word_1_745' title='bbox 2303 5322 2405 5394; x_wconf 80' lang='grc' dir='ltr'>μὲν</span> <span class='ocrx_word' id='word_1_746' title='bbox 2434 5321 2537 5392; x_wconf 75' lang='grc' dir='ltr'>τῆς</span> <span class='ocrx_word' id='word_1_747' title='bbox 2567 5320 2848 5395; x_wconf 78' lang='grc' dir='ltr'>ὀρθοδόξου</span> <span class='ocrx_word' id='word_1_748' title='bbox 2878 5321 2993 5392; x_wconf 75' lang='lat'><strong>(26)</strong></span> <span class='ocrx_word' id='word_1_749' title='bbox 3028 5322 3123 5377; x_wconf 77' lang='lat' dir='ltr'><strong>atati.</strong></span> <span class='ocrx_word' id='word_1_750' title='bbox 3155 5323 3451 5396; x_wconf 80' lang='grc' dir='ltr'>καθολικῆς</span> <span class='ocrx_word' id='word_1_751' title='bbox 3490 5326 3747 5393; x_wconf 83' lang='grc' dir='ltr'>πίστεως,</span> <span class='ocrx_word' id='word_1_752' title='bbox 3786 5343 3875 5380; x_wconf 78' lang='grc' dir='ltr'>τε·</span> 
     </span>
    </p>
   </div>
   <div class='ocr_carea' id='block_1_112' title="bbox 1889 5437 2558 5496">
    <p class='ocr_par' dir='ltr' id='par_1_112' title="bbox 1889 5437 2558 5496">
     <span class='ocr_line' id='line_1_112' title="bbox 1889 5437 2558 5496; baseline -0.001 -2"><span class='ocrx_word' id='word_1_753' title='bbox 1889 5438 2122 5495; x_wconf 63' lang='grc' dir='ltr'>νΛΒΙΕ</span> <span class='ocrx_word' id='word_1_754' title='bbox 2160 5437 2558 5496; x_wconf 76' lang='lat' dir='ltr'><strong>LFCTlONES.</strong></span> 
     </span>
    </p>
   </div>
   <div class='ocr_carea' id='block_1_113' title="bbox 688 5500 1593 5577">
    <p class='ocr_par' dir='ltr' id='par_1_113' title="bbox 688 5500 1593 5577">
     <span class='ocr_line' id='line_1_113' title="bbox 688 5500 1593 5577; baseline 0.002 -17"><span class='ocrx_word' id='word_1_755' title='bbox 688 5502 732 5538; x_wconf 82' lang='grc'><strong>⁸⁷</strong></span> <span class='ocrx_word' id='word_1_756' title='bbox 759 5502 821 5560; x_wconf 87' lang='lat' dir='ltr'><strong>C.</strong></span> <span class='ocrx_word' id='word_1_757' title='bbox 844 5503 907 5561; x_wconf 89' lang='lat' dir='ltr'><strong>C.</strong></span> <span class='ocrx_word' id='word_1_758' title='bbox 937 5506 1093 5571; x_wconf 77' lang='grc' dir='ltr'>ὑμῶν</span> <span class='ocrx_word' id='word_1_759' title='bbox 1157 5507 1201 5540; x_wconf 83' lang='grc'><strong>³⁸</strong></span> <span class='ocrx_word' id='word_1_760' title='bbox 1226 5508 1310 5577; x_wconf 71' lang='grc' dir='ltr'><strong>ἐφ’</strong></span> <span class='ocrx_word' id='word_1_761' title='bbox 1339 5500 1383 5575; x_wconf 81' lang='grc' dir='ltr'><strong>ᾧ</strong></span> <span class='ocrx_word' id='word_1_762' title='bbox 1412 5507 1482 5561; x_wconf 80' lang='grc' dir='ltr'><strong>τά</strong></span> <span class='ocrx_word' id='word_1_763' title='bbox 1512 5525 1593 5563; x_wconf 81' lang='grc' dir='ltr'>τε.</span> 
     </span>
    </p>
   </div>
   <div class='ocr_carea' id='block_1_114' title="bbox 1788 5602 2653 5661">
    <p class='ocr_par' dir='ltr' id='par_1_114' title="bbox 1788 5602 2653 5661">
     <span class='ocr_line' id='line_1_114' title="bbox 1788 5602 2653 5661; baseline 0.002 -2"><span class='ocrx_word' id='word_1_764' title='bbox 1788 5604 2058 5661; x_wconf 73' lang='lat' dir='ltr'><strong>VALESH</strong></span> <span class='ocrx_word' id='word_1_765' title='bbox 2098 5602 2653 5661; x_wconf 59' lang='lat' dir='ltr'><strong>ANROTATIONES.</strong></span> 
     </span>
    </p>
   </div>
   <div class='ocr_carea' id='block_1_115' title="bbox 648 5688 2187 5769">
    <p class='ocr_par' dir='ltr' id='par_1_115' title="bbox 648 5688 2187 5769">
     <span class='ocr_line' id='line_1_115' title="bbox 648 5688 2187 5769; baseline 0.006 -27"><span class='ocrx_word' id='word_1_766' title='bbox 648 5758 658 5769; x_wconf 79' lang='lat'><strong>_</strong></span> <span class='ocrx_word' id='word_1_767' title='bbox 691 5688 804 5755; x_wconf 71' lang='lat'><strong>(26)</strong></span> <span class='ocrx_word' id='word_1_768' title='bbox 836 5691 973 5758; x_wconf 77' lang='grc' dir='ltr'>Περὶ</span> <span class='ocrx_word' id='word_1_769' title='bbox 1002 5691 1259 5769; x_wconf 51' lang='grc' dir='ltr'>μένίῆς</span> <span class='ocrx_word' id='word_1_770' title='bbox 1291 5694 1653 5769; x_wconf 35' lang='grc' dir='ltr'>ὀρθοδόξρυ,</span> <span class='ocrx_word' id='word_1_771' title='bbox 1683 5696 1809 5751; x_wconf 72' lang='lat' dir='ltr'><strong>llzcc</strong></span> <span class='ocrx_word' id='word_1_772' title='bbox 1849 5706 1934 5752; x_wconf 89' lang='lat' dir='ltr'><strong>est</strong></span> <span class='ocrx_word' id='word_1_773' title='bbox 1966 5708 2187 5753; x_wconf 82' lang='lat' dir='ltr'><strong>senten-</strong></span> 
     </span>
    </p>
   </div>
   <div class='ocr_carea' id='block_1_116' title="bbox 622 5762 2185 5838">
    <p class='ocr_par' dir='ltr' id='par_1_116' title="bbox 622 5762 2185 5838">
     <span class='ocr_line' id='line_1_116' title="bbox 622 5762 2185 5838; baseline 0.006 -26"><span class='ocrx_word' id='word_1_774' title='bbox 622 5762 717 5821; x_wconf 87' lang='lat' dir='ltr'><strong>tia,</strong></span> <span class='ocrx_word' id='word_1_775' title='bbox 750 5774 911 5829; x_wconf 86' lang='lat' dir='ltr'><strong>quam</strong></span> <span class='ocrx_word' id='word_1_776' title='bbox 958 5762 1490 5833; x_wconf 79' lang='lat' dir='ltr'><strong>magnificentissimi</strong></span> <span class='ocrx_word' id='word_1_777' title='bbox 1534 5766 1753 5838; x_wconf 83' lang='lat' dir='ltr'><strong>jmlices</strong></span> <span class='ocrx_word' id='word_1_778' title='bbox 1805 5769 1896 5837; x_wconf 90' lang='lat' dir='ltr'><strong>qui</strong></span> <span class='ocrx_word' id='word_1_779' title='bbox 1947 5769 2185 5823; x_wconf 75' lang='lat' dir='ltr'><strong>concilio</strong></span> 
     </span>
    </p>
   </div>
   <div class='ocr_carea' id='block_1_117' title="bbox 2292 5696 3872 5775">
    <p class='ocr_par' dir='ltr' id='par_1_117' title="bbox 2292 5696 3872 5775">
     <span class='ocr_line' id='line_1_117' title="bbox 2292 5696 3872 5775; baseline 0.005 -24"><span class='ocrx_word' id='word_1_780' title='bbox 2292 5696 3088 5775; x_wconf 25' lang='lat' dir='ltr'><strong>Chalcedonensi;intererant</strong></span> <span class='ocrx_word' id='word_1_781' title='bbox 3162 5715 3324 5775; x_wconf 73' lang='lat' dir='ltr'><strong>causa</strong></span> <span class='ocrx_word' id='word_1_782' title='bbox 3370 5708 3588 5775; x_wconf 69' lang='lat' dir='ltr'><strong>cognita</strong></span> <span class='ocrx_word' id='word_1_783' title='bbox 3634 5706 3872 5775; x_wconf 68' lang='lat' dir='ltr'><strong>protule-</strong></span> 
     </span>
    </p>
   </div>
   <div class='ocr_carea' id='block_1_118' title="bbox 2297 5757 3879 5849">
    <p class='ocr_par' dir='ltr' id='par_1_118' title="bbox 2297 5757 3879 5849">
     <span class='ocr_line' id='line_1_118' title="bbox 2297 5757 3879 5849; baseline 0.007 -30"><span class='ocrx_word' id='word_1_784' title='bbox 2297 5777 2421 5820; x_wconf 84' lang='lat' dir='ltr'><strong>runt</strong></span> <span class='ocrx_word' id='word_1_785' title='bbox 2451 5783 2466 5819; x_wconf 91' lang='lat'><strong><em>:</em></strong></span> <span class='ocrx_word' id='word_1_786' title='bbox 2504 5757 2625 5836; x_wconf 64' lang='lat' dir='ltr'><strong>qua:</strong></span> <span class='ocrx_word' id='word_1_787' title='bbox 2661 5766 2854 5822; x_wconf 81' lang='lat' dir='ltr'><strong>iisdem</strong></span> <span class='ocrx_word' id='word_1_788' title='bbox 2886 5768 3074 5824; x_wconf 75' lang='lat' dir='ltr'><strong>verbis</strong></span> <span class='ocrx_word' id='word_1_789' title='bbox 3102 5768 3345 5825; x_wconf 82' lang='lat' dir='ltr'><strong>refertur</strong></span> <span class='ocrx_word' id='word_1_790' title='bbox 3370 5757 3676 5829; x_wconf 55' lang='lat' dir='ltr'><strong>ln&#39;actiznie</strong></span> <span class='ocrx_word' id='word_1_791' title='bbox 3706 5757 3879 5849; x_wconf 58' lang='lat' dir='ltr'><strong>prima</strong></span> 
     </span>
    </p>
   </div>
  </div>
