4108 6498
207 441 332 503 ἳῇῐτῖι
1079 433 1465 493 ΗΙΞΤΟΗΙᾸΞ
1507 424 2104 492 ECCLESlASTIC/E
2143 422 2375 483 LIBER
2412 419 2495 479 Il.

3315 412 3455 475 9506

209 549 345 612 τικῆς
371 545 720 613 ὴῖτ;).ρῖ.’.);ρίις;σεν
750 539 1049 610 ἐνεργείας.
1073 540 1376 611 Τοιγαροῦν
1409 543 1439 610 ἡ
1464 539 1595 608 ἁγία
1625 537 1767 608 αὕτη

1891 535 2038 606 gitur
2068 541 2125 587 et
2172 545 2368 599 magna
2404 527 2521 579 hare
2549 520 2823 594 synodus,
2873 533 2938 572 ea
2987 537 3107 592 qua:
3150 525 3460 579 eanonibus

211 643 288 696 καὶ
321 639 517 709 μεγάλη
555 636 771 695 σύνοδος
797 632 865 684 τὰ
895 631 1122 694 δόξαντα
1146 634 1263 693 τοῖς
1297 631 1540 696 κανόσιν,
1573 630 1665 681 ἐπὶ
1690 629 1768 698 τῷ

212 730 610 802 μνημονευυέντι
668 726 940 794 Διοσκόρω
993 725 1292 793 ψηφίζεται
1351 721 1486 792 (33).
1551 721 1768 773 Τούτων

209 821 342 892 παρά
381 822 477 888 τῆς
526 817 744 870 συνόδου
801 817 1159 888 κυρωθέντων
1208 815 1301 868 καί
1354 831 1516 866 τινων
1568 813 1770 880 ἐτέρων

210 908 610 980 πεπραγμένων,
659 908 706 958 οί
752 906 850 976 μὲν
875 906 992 975 ἅμα
1027 904 1308 972 Διοσκόρω
1349 899 1771 970 καθαιρεθέντες

211 1000 524 1069 παρακλήσει
553 996 649 1064 τῆς
682 996 904 1048 συνόδου
944 995 1040 1047 καὶ
1068 994 1304 1063 νεύμασι
1345 993 1444 1062 τῆς
1470 989 1770 1062 βασιλείας,

209 1088 535 1157 ἀνακλήσεως
571 1085 785 1155 ἔτυχον.
827 1085 1063 1155 Ἐτέρων
1105 1085 1162 1138 δὲ
1199 1086 1312 1146 τοῖς
1361 1083 1772 1154 πεπραγμένοις

211 1178 748 1247 ἐπισυνενεχθέντων,
808 1177 933 1246 ὅρος
996 1175 1310 1246 ἐξεφωνήθη
1370 1173 1546 1240 λέγων
1590 1172 1774 1234 αὐτοῖς

208 1270 413 1339 ὀνόμασι
461 1267 670 1320 ταῦτα’
715 1267 774 1320 '0
829 1267 1036 1336 Κύριος
1088 1266 1246 1337 ἡμῶν
1286 1265 1380 1319 καὶ
1431 1265 1624 1332 Σωτὴρ
1663 1262 1772 1332 (54)

221 1359 408 1428 Ἰησοῦς
434 1360 694 1430 Χριστὸς,
730 1362 829 1428 τῆς
876 1357 1112 1419 πίστεως
1146 1357 1244 1428 τὴν
1289 1357 1493 1424 γνῶσιν
1520 1358 1634 1417 τοῖς
1667 1372 1774 1423 μα-

209 1451 378 1521 θηταῖς
407 1448 638 1518 βεῦαιῶν
668 1447 1066 1518 ἔφηοιείρήνην
1102 1447 1198 1517 τὴν
1225 1447 1363 1517 ἐμὴν
1400 1447 1592 1515 δίδωμι
1624 1446 1772 1514 ὑμῖν,

210 1536 412 1611 εἰρήνην
442 1541 542 1610 τὴν
573 1525 710 1610 ἐμὴν
741 1541 946 1610 ἀφίημι
971 1541 1122 1610 ὐμίνο
1162 1557 1180 1589 ι
1205 1538 1279 1601 ὼς
1299 1539 1503 1610 μηδένα
1519 1539 1656 1607 πρὸς
1683 1536 1776 1589 τὸν

208 1633 416 1702 πλησίον
454 1635 744 1700 διαφωνεῖν
790 1634 848 1684 ἐν
883 1634 994 1693 τοῖς
1041 1633 1276 1700 δόγμασι
1322 1628 1422 1699 τῆς
1467 1628 1775 1691 εὐσεϐείας,

208 1724 309 1776 ἀλλ’
330 1726 519 1794 ἐπίσης
544 1724 605 1778 τὸ
627 1726 727 1795 τῆς
761 1724 1018 1794 ἀληθείας
1049 1722 1458 1776 ἐπιδείκνυσθαι
1492 1721 1774 1791 κήρυγμα.

210 1818 310 1871 Καὶ
335 1821 467 1888 μετὰ
494 1818 670 1872 ταῦτα
696 1817 1138 1886 ἀναγνωσθέντος
1167 1817 1262 1868 τοῦ
1301 1818 1358 1868 ἐν
1386 1815 1592 1884 Νικαίᾳ
1621 1814 1777 1881 άγίου

1872 625 2068 697 placita
2096 631 2224 677 sunt
2249 633 2416 689 super
2441 624 2743 670 memorato
2768 613 3033 670 Dioscoro
3055 617 3337 671 decernat.
3363 617 3459 671 llis

1871 733 1903 773 a
1941 714 2152 786 synodo
2182 707 2520 767 confirmatis
2557 713 2612 759 et
2655 705 2985 774 quibusdam
3031 706 3154 761 aliis
3197 706 3386 777 gestis,
3423 706 3459 758 ii

1872 807 2094 877 quidem
2129 803 2222 875 qui
2253 816 2378 856 cum
2413 799 2678 854 Dioscoro
2714 793 2948 867 depositi
2994 799 3234 864 fuerant,
3266 807 3459 868 rogatu

1872 903 2089 959 concilii
2112 909 2167 956 et
2195 904 2471 954 annuente
2497 895 2852 963 imperatore.
2881 895 2934 950 in
2959 894 3254 965 pristinum
3277 894 3460 948 locum

1874 994 2116 1049 restituti
2143 1001 2292 1047 sunt.
2312 991 2451 1046 Cum
2479 991 2584 1045 alia
2611 991 2861 1060 quaedam
2892 987 3274 1058 superioribus
3294 986 3462 1055 gestis

1873 1084 2131 1154 adjuncta
2159 1092 2365 1146 essent,
2400 1080 2651 1136 deﬁnitio
2697 1080 2825 1135 ﬁdei
2874 1078 3220 1149 promulgata
3249 1085 3335 1131 est
3374 1075 3466 1129 his

1866 1176 2102 1230 omnino
2148 1175 2354 1230 verbis.
2390 1174 2658 1230 Dominus
2688 1183 2744 1228 et
2787 1173 3051 1228 Servator
3085 1183 3275 1226 noster
3305 1172 3466 1228 Iesus

1874 1270 2128 1324 Christus
2159 1261 2284 1322 cum
2312 1266 2439 1321 ﬁdei
2481 1266 2732 1319 notitiam
2766 1265 3055 1334 discipulis
3090 1265 3462 1332 conﬁrmaret,

1877 1357 2014 1412 dixit
2047 1375 2060 1410 :
2096 1376 2112 1407 ‹
2149 1357 2346 1410 Pacem
2378 1369 2555 1408 meam
2602 1352 2674 1407 do
2704 1352 2864 1407 vobis
2885 1394 2899 1418 ,
2943 1368 3134 1422 pacem
3166 1370 3345 1410 meam
3376 1371 3465 1409 re-

1877 1449 2070 1518 linquo
2099 1447 2257 1503 vobis
2285 1446 2432 1513 ⁹-¹⁶;ι
2459 1460 2526 1500 ne
2559 1444 2772 1499 scilicet
2817 1445 3110 1516 quisquam
3143 1447 3201 1500 in
3248 1448 3468 1517 pietatis

1878 1540 2118 1596 decretis
2165 1557 2196 1596 a
2242 1540 2494 1612 proximo
2545 1536 2898 1604 dissentiret;
2958 1538 3055 1593 sed
3108 1552 3168 1596 ut
3217 1540 3470 1596 veritatis

1879 1633 2196 1703 praedicatio
2255 1632 2512 1687 omnibus
2561 1648 2627 1687 ex
2671 1647 2830 1702 azquo
2882 1631 3288 1686 ostenderetur.
3341 1634 3471 1688 Post

1881 1724 1999 1778 haec
2020 1739 2144 1778 cum
2174 1723 2463 1778 recitatum
2492 1728 2642 1777 esset
2669 1729 2920 1776 sanctum
2949 1721 3268 1792 Symbolum
3291 1722 3468 1777 Nicae-

1882 1831 2050 1880 num,
2089 1826 2145 1870 et
2195 1825 2460 1886 praeterea
2511 1813 2830 1888 Symbolum
2878 1827 3199 1870 sanctorum
3248 1817 3469 1878 Patrum

212 1910 499 1979 συμϐόλου,
556 1912 653 1963 καὶ
717 1909 856 1979 πρός
914 1926 977 1977 γε
1020 1909 1130 1961 τῶν
1189 1908 1387 1960 ἑκατὸν
1435 1908 1777 1977 πεντήκοντα

1886 1917 2104 1962 centum
2154 1916 2210 1963 et
2245 1908 2663 1979 quinquaginta,
2701 1908 2803 1963 ista
2835 1908 3261 1978 subiunxerunt.
3309 1907 3471 1964 θυσίη

208 2000 366 2066 ἁγίων
403 2001 683 2070 Πατέρων,
720 2002 1003 2070 ἐπήγαγον
1033 2017 1046 2030 ·
1091 2001 1291 2070 Ἤρκει
1331 1999 1428 2069 μὲν
1453 1998 1544 2051 οὖν
1576 2000 1655 2062 είς
1688 2001 1778 2051 ἐν-

208 2091 321 2161 τελῆ
352 2095 448 2162 τῆς
493 2092 780 2156 εὐσεϐείας
828 2092 1125 2160 ἐπίγνωσίν
1164 2108 1225 2143 τε
1273 2091 1366 2144 καὶ
1401 2089 1694 2160 βεϐαίωσιν
1720 2090 1780 2142 τὸ

213 2185 360 2252 σοφὸν
389 2186 479 2238 καὶ
511 2190 784 2256 σωτήριον
817 2184 976 2238 τοῦτο
1002 2186 1100 2255 τῆς
1130 2184 1278 2247 θείας
1319 2186 1543 2255 χάριτος
1577 2183 1780 2253 σύμϐο-

207 2275 309 2328 λον.
339 2277 471 2346 Περί
509 2294 571 2329 τε
603 2277 715 2348 γάρ
756 2277 849 2330 τοῦ
891 2278 1104 2347 Πατρὸς
1131 2277 1226 2332 καὶ
1255 2277 1348 2330 τοῦ
1380 2276 1536 2342 Υἱοῦ,
1566 2276 1659 2329 καὶ
1686 2274 1781 2332 τοῦ

209 2368 353 2434 ἁγίου
414 2370 733 2439 Πνεύματος
784 2370 1086 2424 ἐκδιδάσκει
1149 2369 1212 2422 τὸ
1263 2369 1488 2433 τέλειον,
1541 2371 1632 2421 καὶ
1688 2367 1782 2421 τοῦ

209 2459 400 2529 Κυρίου
454 2463 555 2530 τὴν
597 2462 1014 2534 ὲνανθρώπησιν
1056 2465 1172 2525 τοῖς
1219 2461 1425 2524 πιστῶς
1473 2460 1784 2531 δεχομένοις

210 2553 542 2624 παρίστησιν.
629 2555 769 2607 Ἀλλ’
847 2556 1150 2626 ἐπειδήπερ
1219 2555 1270 2607 οἱ
1349 2554 1446 2625 τῆς
1527 2553 1785 2621 ἀληθείας

209 2645 379 2716 ἐχθροὶ
420 2647 530 2718 (55)
564 2647 778 2701 ἀθετεῖν
807 2648 1144 2718 ἐπιχειροῦσι
1175 2647 1234 2698 τὸ
1262 2647 1526 2716 κήρυγμα
1561 2646 1649 2698 διὰ
1677 2644 1786 2699 τῶν

211 2739 411 2791 οἰκείων
451 2740 745 2810 αἱρέσεων,
802 2740 900 2793 καὶ
942 2739 1280 2809 κενοφωνίας
1309 2741 1374 2774 ³⁸’
1397 2739 1688 2805 ἀπέτεκον,
1736 2739 1788 2791 oi

219 2827 328 2896 μὲν,
364 2830 422 2882 τὸ
443 2831 545 2900 τῆς
575 2831 642 2884 δι’
678 2833 826 2901 ἡμᾶς
855 2832 949 2884 τοῦ
1000 2831 1208 2901 Κυρίου
1235 2830 1548 2900 οἰκονομίας
1579 2832 1788 2900 μυστή-

224 2936 328 2987 ριον
363 2923 762 2995 παραφθείρειν
804 2923 1198 2994 τολμήσαντες,
1240 2923 1338 2976 καὶ
1373 2923 1471 2991 τὴν
1504 2924 1788 2990 Θεοτόκος

211 3012 296 3064 ἐπὶ
324 3014 416 3080 τῆς
455 3014 735 3086 Παρθένου
764 3017 947 3087 φωνὴν
995 3016 1422 3087 ἀπαρνούμενοι·
1464 3019 1514 3069 οί
1544 3017 1623 3081 δὲ,
1654 3018 1789 3086 σύγ-

211 3118 356 3169 χύσιν
399 3106 493 3158 καὶ
544 3107 744 3177 κρᾶσιν
792 3108 1125 3176 εἰσάγοντες,
1171 3109 1266 3160 καὶ
1323 3110 1452 3179 μίαν
1511 3107 1650 3163 εἶναι
1693 3110 1789 3182 τὴν

212 3190 362 3257 φύσιν
407 3194 506 3265 τῆς
563 3196 768 3265 σαρκὸς
818 3197 913 3249 καὶ
960 3196 1062 3264 τῆς
1102 3197 1354 3268 θεότητος
1386 3199 1628 3270 ἀνοήτως
1659 3202 1789 3254 ἀνα-

213 3283 551 3352 πλάττοντες,
597 3288 694 3340 καὶ
725 3288 977 3360 παθητὴν
1015 3287 1108 3342 τοῦ
1139 3291 1481 3359 Μονογενοῦς
1510 3293 1607 3363 τὴν
1638 3293 1790 3348 θείαν

216 3376 367 3442 φύσιν
408 3383 474 3450 τῇ
516 3381 781 3449 συγχύσει
809 3383 1254 3452 τερατευόμενοι·
1282 3383 1370 3437 διὰ
1423 3385 1582 3439 τοῦτο
1611 3389 1791 3441 πᾶσαν

221 3469 393 3534 αὐτοῖς
429 3474 754 3527 ἀποκλεῖσαι
785 3475 926 3527 κατά
965 3474 1066 3543 τῆς
1095 3474 1353 3546 ἀληθείας
1385 3478 1636 3548 μηχανὴν
1663 3479 1792 3549 βου-

212 3560 404 3634 λομένη
452 3566 487 3636 ὴ
539 3566 794 3637 παροῦσα
827 3567 924 3620 νῦν
970 3567 1109 3638 αὕτη
1139 3567 1273 3637 ἁγία
1320 3570 1532 3640 μεγάλη
1575 3572 1667 3624 καὶ
1711 3575 1791 3625 oi-

213 3655 502 3724 κουμενικὴ
539 3655 777 3722 σύνοδος,
815 3658 876 3708 τὸ
898 3654 992 3709 τοῦ
1020 3656 1385 3726 κηρύγματος
1416 3658 1625 3712 ἀνωθεν
1659 3660 1794 3713 ἀσά-

212 3735 387 3792 λευτον
420 3740 740 3806 ἐκδικοῦσα,
792 3743 959 3814 ὥρισε
1013 3745 1446 3816 προηγουμένως
1475 3748 1587 3801 τῶν
1630 3766 1790 3819 τρια-

212 3830 399 3884 κοσίων
427 3834 564 3888 δέκα
606 3836 702 3889 καὶ
748 3834 894 3890 ὀκτὼ
945 3836 1119 3904 ἁγίων
1163 3838 1429 3909 Πατέρων
1459 3839 1558 3911 τὴν
1609 3842 1793 3896 πίστιν

217 3921 389 3986 μένειν
432 3925 929 3997 ἀπαρεγχείρητον
963 3929 1061 3980 καὶ
1101 3927 1189 3980 διὰ
1226 3929 1324 3998 μὲν
1355 3931 1483 3991 τοὺς
1514 3931 1590 4001 τῷ
1623 3933 1790 3987 Πνεύ-

215 4031 336 4080 ματι
360 4017 436 4087 τῷ
460 4019 604 4088 άγίῳ
638 4019 1002 4092 μαχομένους,
1029 4019 1126 4090 τὴν
1146 4020 1360 4090 χρόνοις
1384 4021 1611 4094 ὕστερον
1644 4027 1796 4096 παρὰ

210 4107 311 4160 τῶν
349 4110 442 4163 ἐπὶ
495 4111 600 4180 τῆς
662 4111 1058 4182 βασιλευούσης
1096 4113 1305 4176 πόλεως
1342 4115 1539 4168 ἑκατὸν
1594 4121 1794 4191 πεντή-

211 4216 366 4254 κοντα
398 4204 767 4260 συνελθόντων
804 4193 1067 4276 Πατέρων
1113 4206 1242 4275 περὶ
1269 4205 1371 4274 τῆς
1411 4208 1506 4260 τοῦ
1544 4211 1796 4281 Πνεύμα-

212 4303 294 4353 τος
346 4292 561 4355 οὐσίας,
603 4294 1004 4363 παραδοθεῖσαν
1049 4293 1408 4357 διδασκαλίας
1436 4296 1673 4368 ³⁸κυροϊ,
1729 4301 1795 4372 ἢν

209 4380 397 4436 ἐκεῖνοι
432 4387 602 4438 πᾶσιν
627 4385 950 4455 ἐγνώρισαν,
989 4384 1088 4455 οὑχ
1123 4383 1196 4446 ὥς
1229 4401 1281 4436 τι
1311 4384 1498 4440 λεῖπον
1531 4393 1640 4453 τοῖς
1663 4409 1797 4463 προ-

1884 2002 2065 2056 ciebat
2108 2003 2332 2072 quidem
2380 2003 2449 2058 ad
2496 2003 2796 2073 perfectam
2845 2001 3066 2072 pietatis
3115 2001 3368 2056 notitiam
3419 2012 3474 2057 et

1884 2097 2385 2164 conﬁrmationem,
2431 2099 2651 2168 sapiens
2696 2094 2845 2150 istud
2893 2109 2956 2148 ac
3006 2093 3248 2148 salutare
3276 2092 3475 2149 divina:

1887 2190 2075 2260 gratiae
2119 2189 2460 2261 Symbolum.
2512 2191 2588 2246 De
2624 2191 2784 2245 Patre
2829 2188 2980 2244 enim
3030 2193 3086 2239 et
3116 2185 3185 2240 de
3233 2185 3372 2240 Filio
3413 2202 3476 2242 ac

1894 2283 2103 2353 Spiritu
2133 2295 2323 2339 saneto
2347 2285 2646 2356 perfectam
2679 2283 2848 2339 tradit
2873 2284 3474 2349 doctrinam,etincar-

1887 2374 2166 2429 nationem
2218 2376 2438 2430 Domini
2503 2377 2701 2431 astruit
2745 2376 2815 2431 iis
2857 2375 2952 2444 qui
2993 2390 3118 2430 eum
3177 2375 3285 2430 ﬁde
3329 2376 3476 2430 illam

1889 2467 2217 2535 suscipiunt.
2266 2467 2373 2521 Sed
2418 2467 2679 2538 quoniam
2710 2468 2961 2524 veritatis
2997 2467 3227 2530 inimici,
3275 2466 3477 2536 pradi-

1892 2557 2166 2612 cationem
2241 2557 2390 2612 illius
2432 2575 2530 2628 per
2571 2561 2827 2630 proprias
2876 2559 3118 2612 hareses
3155 2557 3478 2613 subvertere

1892 2649 2200 2713 molientes,
2223 2649 2490 2720 quasdam
2506 2666 2702 2706 vocum
2720 2654 2997 2708 novitates
3017 2647 3477 2721 pepererunt(alii

1891 2742 2115 2811 quidem
2167 2743 2489 2813 mysterium
2534 2744 2829 2802 dominicae
2877 2741 3311 2814 dispensationis
3358 2755 3501 2810 quae-

1893 2841 2118 2900 propter
2151 2849 2248 2887 nos
2292 2833 2434 2887 facta
2478 2842 2586 2898 est,
2626 2847 2982 2903 corrumpere
3014 2831 3155 2896 ausi,
3189 2839 3246 2884 et
3285 2843 3479 2884 vocem

1892 2916 2140 2995 Deiparae
2190 2926 2244 2979 in
2296 2927 2463 2981 Maria
2515 2928 2740 2998 Virgine
2791 2927 3129 2996 denegantes
3166 2922 3478 2983 :aliivcro.

1892 3018 2272 3071 confusionem
2301 3028 2359 3073 et
2406 3019 2720 3074 mistionem
2756 3019 3193 3077 introducentes,
3229 3023 3285 3066 et
3316 3026 3481 3065 unam

1893 3125 2014 3165 esse
2047 3122 2297 3165 naturam
2336 3111 2520 3166 carnis
2549 3128 2613 3166 ac
2644 3109 2875 3166 Deitatis
2905 3106 3071 3160 stulte
3108 3104 3397 3174 ﬁngentes,
3427 3112 3484 3156 et

1894 3199 2134 3254 divinam
2167 3202 2446 3273 Unigeniti
2480 3212 2731 3256 naturam
2763 3197 3005 3271 passioni
3041 3194 3333 3248 obnoxiam
3362 3207 3484 3247 esse

1894 3307 1993 3360 per
2027 3291 2407 3347 confusionem
2456 3292 2816 3361 somniantes)
2872 3287 3080 3342 idcirco
3130 3293 3317 3339 sancta
3367 3284 3484 3338 haec

1897 3399 2092 3452 magna
2129 3393 2182 3437 et
2232 3385 2561 3439 universalis
2601 3384 2876 3456 synodus,
2921 3392 3140 3432 omnem
3189 3377 3296 3430 illis
3338 3378 3482 3430 viam

1894 3476 2105 3533 fraudis
2135 3487 2190 3533 et
2222 3469 2648 3533 ma‘chinaiionis
2674 3476 2942 3530 adversus
2966 3479 3250 3527 veritatem
3295 3472 3485 3525 volens

1895 3569 2255 3640 praecludere,
2283 3580 2339 3625 et
2379 3571 2790 3640 prmdicationis
2815 3571 2925 3640 jam
2957 3567 3084 3622 inde
3115 3565 3184 3618 ab
3213 3565 3371 3618 initio
3398 3563 3484 3618 in—

1896 3675 2226 3715 concussum
2262 3660 2434 3714 robur
2464 3660 2774 3722 vindicans,
2811 3654 3061 3714 definivit
3090 3671 3102 3706 :
3140 3661 3268 3707 ante
3299 3652 3487 3705 omnia

1897 3761 1955 3804 ut
1985 3751 2121 3805 ﬁdes
2161 3758 2531 3806 trecentorum
2567 3760 2624 3806 et
2667 3747 2972 3805 octodecim
3023 3756 3341 3804 sanctorum
3385 3744 3485 3798 Pa-

1897 3850 2040 3896 trum
2078 3844 2401 3898 intemerata
2431 3850 2773 3913 permaneat,
2807 3858 2871 3897 ac
2917 3849 3146 3913 propter
3194 3839 3318 3892 illos
3363 3836 3487 3906 qui-

1897 3935 2020 3988 dem
2059 3937 2152 4005 qui
2186 3937 2453 4007 Spiritum
2481 3949 2732 3994 sanctum
2762 3941 3108 4010 impugnant,
3134 3935 3202 3990 de
3229 3935 3484 3989 substan-

1899 4027 1969 4080 tia
2027 4027 2266 4096 Spiritus
2317 4031 2494 4085 saneti
2547 4031 2891 4097 doctrinam,
2956 4046 3079 4103 qua:
3137 4027 3484 4098 postmodum

1897 4119 2095 4173 tradita
2128 4131 2211 4175 est
2235 4137 2265 4176 a
2301 4132 2524 4176 centum
2572 4123 2970 4195 quinquaginta
3005 4123 3263 4178 Patribus
3292 4122 3384 4191 qui
3431 4121 3485 4173 in

1895 4211 2043 4280 regia
2077 4213 2214 4267 urbe
2258 4215 2572 4285 congregati
2616 4225 2763 4282 sunt,
2814 4215 3151 4270 conﬁrmat:
3195 4229 3360 4284 quam
3409 4213 3485 4267 illi

1894 4304 2151 4359 omnibus
2177 4307 2621 4376 promulgarunt,
2656 4323 2765 4361 non
2801 4315 3060 4378 tanquam
3097 4305 3304 4376 aliquid
3343 4305 3484 4374 adji-

1894 4395 2104 4450 cientes
2154 4396 2301 4464 quod
2346 4398 2631 4467 prioribus
2670 4399 2922 4467 deesset,
2964 4401 3058 4456 sed
3111 4407 3172 4453 ut
3219 4412 3375 4452 suam
3417 4396 3486 4450 de

209 4474 458 4532 λαϐοῦσιν
491 4477 918 4546 ἐπεισάγοντες,
970 4478 1112 4531 ἀλλὰ
1156 4476 1256 4546 τὴν
1308 4480 1438 4547 περὶ
1485 4480 1578 4535 τοῦ
1630 4484 1783 4552 άγίου

1897 4487 2106 4558 Spiritu
2153 4499 2343 4546 sancto
2377 4493 2706 4548 sententiam
2737 4494 3000 4550 adversus
3043 4509 3139 4549 eos
3173 4495 3267 4563 qui
3304 4490 3484 4545 domi-

235 4632 321 4666 "‘°
352 4637 510 4694 Joan.
581 4657 691 4710 xw,
717 4646 805 4699 2'7.

1496 4764 1726 4820 VARUE
1766 4763 2172 4823 LECTIONES.

440 4876 501 4924 et
543 4867 1162 4953 SRtenphanus..Valesius
1193 4884 1375 4953 tamen
1407 4879 1572 4953 vertit
1599 4879 1752 4953 quasi
1794 4879 2015 4953 legisset
2033 4881 2418 4953 καινοφωνίας.
2503 4872 2545 4904 ³⁸
2578 4877 2667 4932 Sic
2693 4877 2826 4932 edit.
2879 4877 3090 4944 Paris.;
3166 4878 3480 4949 Stephanus

211 4938 368 4989 habet
405 4938 810 5011 παραδοθείσης
832 4939 1206 5009 διδασκαλίας,
1230 4945 1350 5016 lege
1382 4938 1784 5017 παραδοθεῖσαν
1821 4938 2194 5003 δῖδασκαλίαν.

1417 5083 1690 5140 VALESII
1722 5085 2282 5142 ANNOTATIONES.

230 5191 389 5272 “(lilii
422 5195 767 5272 Vngit’srm.
799 5196 857 5250 1n
888 5199 1055 5267 gestis
1098 5192 1566 5260 Chalcedonensis
1605 5207 1794 5261 conci-

290 5261 1074 5344 legitur"¢r,cptgevat,recte,
1122 5287 1247 5344 meo
1287 5275 1512 5343 quidem
1557 5277 1789 5344 judicio;

210 5331 476 5415 gutum...
508 5331 656 5415 enim
695 5338 972 5415 hoc__loco
1022 5331 1247 5415 ponitur
1288 5331 1391 5411 pro
1440 5331 1791 5415 impérativo.

207 5401 332 5457 Nam
357 5422 485 5459 cum
518 5407 706 5483 Legati
735 5409 883 5483 sedis
908 5401 1222 5483 apostolicae
1244 5401 1625 5483 synodum'hic
1655 5401 1792 5471 allo?

207 5486 480 5555 quantur._
520 5479 848 5555 imperativo
894 5479 972 5555 uti
1014 5479 1354 5555 noluerunt;
1404 5487 1608 5555 quippe
1645 5487 1792 5555 quod

206 5547 556 5624 arrogantius
604 5549 844 5624 videtur.
897 5551 1172 5624 Futurum
1234 5547 1790 5624 igitUr-posuernnt,

208 5622 262 5666 ut
292 5617 518 5697 inmitius
568 5632 633 5697 ac
676 5620 1000 5697 modestius.
1055 5625 1223 5697 Vetus
1255 5617 1475 5680 vtamen'
1510 5617 1786 5697 interpres

206 5685 417 5739 concilii
456 5687 1075 5764 Chal_cedouensis,non
1102 5694 1260 5748 aliter
1287 5712 1449 5764 quam
1484 5713 1584 5750 nos
1611 5685 1784 5752 in'ter-

206 5764 451 5839 prota‘tus
479 5768 566 5811 est
592 5759 695 5839 hoc
712 5761 880 5814 modo
911 5779 924 5814 ι
957 5762 1129 5839 Igitur
1156 5759 1343 5818 sancta
1368 5767 1476 5821 haec
1513 5777 1559 5820 et
1590 5785 1786 5839 magna

201 5827 450 5903 synodus,
495 5845 612 5896 qtae
641 5829 850 5903 placent
886 5827 1079 5900 regulis
1110 5852 1270 5903 super
1301 5849 1593 5891 memorato
1625 5827 1748 5891 Divos
1771 5869 1784 5878 ι

200 5909 317 5948 curo
341 5897 615 5952 decernat.
641 5897 808 5969 ‘Apud
846 5897 1214 5971 Nicephorum
1253 5907 1304 5958 in
1336 5907 1478 5962 libro
1527 5924 1633 5976 XIV,
1665 5925 1785 5978 cap.

530 5997 801 6059 ΡΑτιιοι..
853 6002 967 6060 (in.
1022 6001 1330 6064 LXXXVI.

1897 5209 1986 5268 30.
2019 5209 2219 5278 legitur
2246 5206 2574 5277 ψηφίσηται.

1971 5277 2092 5348 (54)
2133 5279 2195 5330 ’0
2226 5280 2443 5345 Κύριος
2477 5277 2638 5344 ἡμῶν
2685 5278 2780 5330 καί
2815 5283 3039 5345 Σωτήρ.
3074 5278 3199 5332 Haec
3230 5279 3514 5334 delinitio’

1899 5349 2297 5422 ﬁdeihabetur
2339 5350 2393 5402 in
2426 5350 2640 5422 actione
2687 5349 2880 5422 quinta
2928 5351 3482 5422 synodiChalcedo-

1897 5419 2106 5542 nensiz.
2142 5420 2334 5474 Exstat
2367 5420 2530 5474 etiam
2559 5418 2702 5488 apud
2733 5418 3106 5493 Nicephorum
3141 5421 3196 5474 in
3243 5421 3342 5475 lib.
3367 5437 3481 5488 xw,

1897 5506 2018 5542 can.
2095 5531 2106 5542 .

1896 5506 2018 5558 cap.
2055 5506 2106 5542 υ.

1969 5561 2082 5628 (55)
2117 5563 2182 5613 Οἱ
2234 5559 2346 5627 τῆς
2400 5561 2686 5625 ἀληθείας
2739 5561 2962 5631 ἐχθροί.
3045 5563 3326 5616 Postrema
3379 5579 3480 5618 vox

1893 5631 2048 5704 deest
2085 5631 2139 5704 in
2172 5631 2323 5704 Actis
2353 5632 2545 5704 synodi
2569 5631 3056 5704 Chalcedonensis.
3115 5635 3182 5687 Et
3215 5644 3362 5689 totus
3391 5633 3479 5688 hic

1893 5701 2052 5774 locus
2087 5701 2418 5774 ilalegitur,
2453 5704 2500 5754 οἱ
2572 5705 2672 5770 τῆς
2701 5703 2959 5774 ἀληθείας
2994 5706 3208 5757 ἀθετεῖν
3266 5707 3480 5772 ἐπιχει-

1897 5771 2115 5845 ροῦντες
2143 5772 2516 5845 τδλκήρυγμα,
2541 5780 2631 5824 (fr.
2675 5771 2802 5838 Quae
2830 5776 3052 5845 quidem
3107 5775 3269 5830 lectio
3320 5771 3481 5845 longe

1898 5843 2092 5897 melior
2127 5843 2260 5896 mihi
2297 5843 2534 5897 videtur.

3003 6007 3074 6070 79
