4108 6462
244 405 384 470 Ξῖοθ

1170 406 1559 471 ΗΙΞΤΟΙὶΙᾹΞ
1596 405 2193 468 ECCLESIASTICJE
2232 407 2465 468 LIBER
2508 408 2589 468 II.

3376 409 3518 476 2510

249 517 340 569 καὶ
376 514 469 567 τὸν
516 514 683 569 αὐτὸν
735 513 863 567 Υἱὸν
916 512 1177 583 μονογενῆ
1208 512 1342 565 Θεὸν
1387 511 1599 581 Λόγον,
1633 510 1832 583 Κύριον

1942 527 2226 583 personas,
2267 512 2363 568 sed
2397 528 2568 567 unum
2609 511 2978 583 eunidemque
3025 493 3222 571 Filium
3271 519 3519 591 unigcni-

259 606 466 678 Ἰησοῦν
484 606 742 676 Χριστὸν,
774 603 1031 673 καθάπερ
1061 603 1275 657 ’ἄνωθεν
1300 603 1351 655 οί
1387 602 1667 673 προφῆται
1706 605 1836 672 περὶ

245 698 413 752 αὑτοῦ
446 700 537 753 καὶ
569 696 730 761 αὐτὸς
761 696 912 767 ἡμᾶς
964 697 993 749 ό
1040 694 1277 765 Χριστὸς
1324 693 1695 774 ἐξεπαίδευσε,
1743 694 1838 747 καὶ

244 788 305 841 τὸ
342 787 454 841 τῶν
494 786 761 858 Πατέρων
794 788 927 857 ἡμῖν
973 785 1327 855 παραδέδωκε
1374 783 1663 855 σύμϐολον.
1696 783 1837 837 Τού-

242 897 354 933 των
386 881 573 933 τοίνυν
620 876 763 950 μετά
810 878 992 948 πάσης
1019 876 1311 949 ἀκριϐείας
1339 877 1435 930 καὶ
1466 876 1763 947 ἐμμελείας
1790 868 1862 910 ⁸³⁸

244 974 379 1043 παρ’
408 971 567 1042 ἡμῶν
616 969 1095 1034 διατυπωθέντων,
1149 968 1352 1039 ὥρισεν
1384 970 1425 1041 ἡ
1469 969 1600 1038 ἀγία
1632 971 1729 1022 καὶ
1758 970 1838 1022 ol-

241 1064 545 1135 κουμενικὴ
604 1062 845 1127 σύνοδος,
898 1062 1095 1132 ἑτέραν
1151 1059 1336 1115 πίστιν
1388 1061 1580 1131 μηδενὶ
1636 1060 1836 1126 ἐξεῖναι

243 1154 546 1226 προφέρειν
571 1194 585 1217 ,
628 1154 729 1207 εἴτ’
770 1152 863 1206 οὖν
924 1152 1303 1224 συγγράφειν,
1338 1152 1372 1224 ἣ
1412 1151 1763 1218 συντιθέναι,
1798 1153 1833 1225 ἢ

240 1249 486 1317 φρονεῖν,
520 1246 554 1318 ἢ
588 1245 1135 1316 διδάσκεινέτέρους.
1176 1245 1318 1309 Τοὺς
1354 1244 1410 1298 δὲ
1459 1244 1775 1315 τολμῶντας
1798 1246 1832 1316 ἢ

241 1337 555 1393 συντιθέναι
600 1338 787 1390 πίστιν
822 1338 1019 1407 ἑτέραν
1065 1338 1235 1407 ἧγουν
1288 1337 1647 1410 προκομίζειν
1689 1336 1834 1408 ἥδι-

239 1429 559 1503 δάσκειν,ή
608 1430 964 1501 παραδιδόναι
1016 1430 1205 1502 ἕτερον
1248 1429 1520 1501 σύμϐολον
1568 1432 1682 1491 τοῖς
1719 1428 1838 1482 ἐθέ-

235 1521 425 1574 λουσιν
446 1520 797 1593 ἐπιστρέφειν
827 1523 907 1584 εἰς
935 1520 1231 1589 ἐπίγνωσιν
1265 1520 1525 1592 ἀληθείας
1556 1519 1616 1586 ἐξ
1646 1521 1835 1591 Ἐλλη-

235 1612 439 1684 νισμοῢ
486 1613 580 1667 καὶ
626 1612 962 1683 Ἰουδαϊσμοῦ
1005 1612 1038 1683 ἢ
1081 1612 1141 1678 ἐξ
1183 1613 1378 1684 ἐτέρας
1425 1613 1689 1684 αἱρέσεως
1715 1611 1835 1676 οἵας

233 1704 302 1775 δή
341 1722 497 1770 ποτε,
529 1704 751 1768 τούτους
785 1706 834 1759 εί
871 1706 970 1775 μὲν
1002 1701 1113 1759 ε’ίεν
1147 1705 1521 1776 ἐπίσκοποι,ἢ
1553 1704 1832 1776 κληρικοὶ,

233 1796 583 1867 ἀλλοτρίους,
637 1791 801 1862 εἶναι,
836 1798 965 1860 τοὺς
995 1794 1331 1859 ἐπισκόπους
1373 1796 1472 1866 τῆς
1499 1795 1829 1864 ἐπισκοπῆς,

1940 613 2065 657 ιυῐιιο
2105 604 2279 659 Deum
2332 604 2571 659 Verbum
2620 604 2915 659 Dominum
2965 605 3154 661 Jesum
3198 608 3519 683 Christum,

1937 696 2081 753 sicut
2123 696 2255 751 olim
2298 696 2601 766 prophetae.
2636 705 2693 751 et
2738 697 2856 767 ipse
2904 712 3005 753 nos
3056 698 3126 754 de
3175 715 3232 755 se
3267 702 3522 764 Christus

1938 787 2183 851 edocuit,
2219 798 2276 840 et
2308 786 2535 841 Patrum
2571 786 2883 860 symbolum
2929 786 3091 843 nobis
3142 791 3391 851 tradidit.
3423 794 3522 851 His

1937 876 2105 949 igitur
2136 892 2261 932 cum
2295 877 2447 931 omni
2479 892 2611 932 cura
2641 892 2708 931 ac
2741 876 3027 948 diligentia
3059 894 3090 933 a
3122 880 3284 938 nobis
3314 886 3523 941 consti-

1938 970 2107 1036 tutis,
2138 978 2325 1025 sancta
2370 978 2427 1025 et
2471 968 2803 1025 universalis
2848 970 3090 1042 synodus
3139 972 3423 1042 decrevit,
3460 986 3523 1033 ut

1935 1066 2141 1121 nemini
2178 1065 2343 1120 liceat
2388 1065 2552 1120 aliam
2603 1063 2766 1120 iidem
2811 1065 3098 1135 proferre,
3146 1078 3241 1123 aut
3278 1074 3522 1128 conscri-

1935 1158 2093 1224 bere,
2118 1166 2212 1212 aut
2241 1170 2595 1227 componere,
2633 1166 2728 1212 aut
2756 1157 2984 1223 sentire,
3019 1161 3104 1215 vel
3133 1161 3273 1217 alios
3299 1162 3518 1221 docere.

1936 1250 2099 1321 292
2120 1250 2450 1319 Quicunque
2476 1264 2611 1304 vero
2629 1250 2747 1305 ausi
2774 1250 2981 1306 fuerint
3000 1252 3163 1306 aliam
3192 1252 3355 1309 ﬁdem
3376 1271 3523 1312 como

1936 1355 2162 1410 ponere,
2190 1349 2285 1395 aut
2315 1339 2582 1409 proferre,
2611 1350 2704 1396 aut
2736 1341 2957 1409 docere,
2991 1343 3077 1399 vel
3112 1345 3263 1399 aliud
3295 1349 3520 1419 symbo-

1938 1433 2051 1486 lum
2096 1431 2317 1487 tradere
2363 1432 2432 1488 iis
2466 1433 2561 1503 qui
2608 1448 2636 1487 a
2675 1433 2963 1504 gentilium
2998 1436 3392 1506 superstitione
3434 1440 3519 1495 vel

1935 1522 2239 1581 Judaismo,
2288 1522 2374 1577 vel
2425 1522 2493 1577 ab
2529 1522 2633 1577 alia
2664 1523 2914 1593 qualibet
2967 1534 3114 1579 secta
3159 1526 3227 1580 ad
3272 1529 3523 1584 veritatis

1936 1615 2310 1685 cognitionem
2363 1624 2688 1670 convertere
2739 1630 2799 1671 se
2850 1617 3174 1673 voluerint:
3206 1618 3251 1673 si
3298 1620 3521 1689 quidem

1936 1704 2183 1776 episcopi
2224 1705 2357 1771 sint,
2394 1705 2464 1760 ab
2503 1706 2802 1776 episcopali
2841 1706 3106 1778 dignitate
3133 1725 3146 1762 :
3171 1709 3216 1764 si
3242 1726 3374 1765 vero
3411 1712 3525 1768 cle-

1937 1794 2075 1861 rici,
2122 1812 2152 1851 a
2198 1796 2349 1851 clero
2382 1805 2714 1852 censeantur
2746 1798 2933 1852 alieni.
2973 1798 3130 1864 Quod
3174 1799 3219 1854 si
3265 1804 3521 1857 monachi

233 1890 336 1942 καὶ
373 1890 503 1953 τοὺς
531 1889 831 1961 κληρικοὺς
877 1888 972 1941 τοῦ
1005 1888 1233 1961 κλήρου’
1270 1889 1318 1941 εί
1346 1888 1404 1941 δέ
1442 1886 1831 1958 μονάζοντεςῆ

1936 1884 2147 1939 fuerint
2199 1892 2296 1939 aut
2348 1884 2508 1949 laici,
2560 1884 2899 1939 anathemati
2954 1886 3337 1956 subjiciantur.
3383 1888 3522 1944 Cum

232 1980 424 2034 λαῖκοὶ⁵
452 1977 579 2046 εἷεν,
607 1979 1126 2049 ἀναθεματίςεσθαι.
1164 1978 1321 2034 Μετὰ
1370 1979 1557 2033 τοίνυν
1600 1978 1692 2032 τὸν
1738 1978 1833 2032 άν-

236 2062 589 2141 ιγνὼσμένον
617 2069 765 2142 ὅρον,
811 2071 905 2124 καὶ
954 2070 1209 2141 βασιλεὺς
1238 2069 1555 2141 Μαρκιανὸς
1601 2069 1702 2123 ἀνὰ
1732 2069 1832 2137 τὴν

231 2161 631 2233 Καλχηδονέων
657 2164 723 2233 τῇ
772 2161 974 2233 συνόδῳ
1004 2162 1476 2233 παραγενόμενος,
1508 2160 1832 2232 δημηγορή-

232 2268 338 2314 σας
362 2269 421 2305 τε
452 2246 519 2306 αὖ
555 2250 903 2317 ἐπανέζευξε.
957 2250 1065 2306 Καί
1095 2268 1207 2305 τισι
1252 2251 1589 2322 συμϐάσεσίν
1629 2251 1831 2306 ἰουσε-

231 2341 421 2406 νάλιός
452 2359 513 2395 τε
553 2344 650 2396 καὶ
703 2341 959 2413 Μάξιμος
1013 2342 1084 2396 τὰ
1135 2342 1268 2414 περὶ
1310 2342 1421 2396 τῶν
1456 2341 1579 2396 κατ’
1631 2342 1832 2406 αὐτοὺς

232 2433 523 2504 ἐπαρχιῶν
561 2420 859 2504 διῴκησαν,
895 2435 990 2487 καὶ
1037 2432 1372 2503 Θεοδώριτος
1414 2433 1509 2487 καὶ
1542 2432 1695 2495 Ἴδας
1738 2434 1830 2487 ἀν-

231 2524 574 2596 εκλήθησαν,
612 2525 706 2578 καὶ
735 2525 901 2598 ἐτερα
930 2525 1205 2595 κεκίνητο,
1232 2525 1399 2596 άπερ,
1431 2525 1506 2589 ὡς
1548 2523 1721 2595 ἔφθην
1752 2524 1829 2577 εί-

233 2617 380 2680 πὼν,
424 2617 540 2686 μετ’
582 2617 753 2688 αὐτὴν
803 2616 900 2687 τὴν
944 2616 1189 2688 ἱστορίαν
1231 2616 1641 2688 ἐγγέγραπται.
1685 2614 1831 2669 Ἐδό-

233 2727 324 2763 κει
354 2709 411 2761 δὲ
454 2709 549 2762 καὶ
577 2709 670 2762 τὸν
694 2708 887 2779 θρόνον
913 2708 1013 2779 τῆς
1050 2710 1176 2773 νέας
1218 2708 1441 2779 Ῥώμης
1468 2712 1534 2763 ἐκ
1569 2710 1681 2762 τῶν
1704 2709 1830 2762 δευ-

232 2804 471 2873 τερείων
512 2787 637 2872 ’τῆς
691 2802 1073 2876 πρεσϐυτέρας
1124 2802 1367 2874 Ῥώμης,
1393 2802 1504 2857 τῶν
1542 2803 1723 2858 ἄλλων
1762 2804 1831 2858 τά

233 2896 508 2968 πρεσσεῐα
535 2896 747 2967 φέρειν.
1192 2916 1193 2919 ‘

846 3094 1100 3149 ΚΕΦΔΛ.
1143 3095 1219 3148 E'.

234 3189 379 3258 Περὶ
420 3188 531 3257 τῆς
563 3189 894 3259 γενομένης
941 3188 1216 3253 στάσεως
1275 3187 1346 3241 ἐν
1405 3185 1831 3259 Ἀλεξανδρείᾳ

305 3257 485 3329 χάριν
527 3257 639 3327 τῆς
687 3257 1058 3329 χειροτονίας
1088 3259 1433 3327 Προτερίὸυ,
1465 3257 1683 3327 ὁμοίως
1726 3258 1827 3312 καὶ

306 3328 381 3383 ἓν
424 3328 884 3399 Ἰεροσολύμοις.

321 3422 448 3475 Ἐπὶ
477 3422 689 3486 τούτοις
714 3422 789 3493 (Ιι)
812 3421 1101 3492 Διόσκορος
1122 3420 1219 3491 μὲν
1246 3419 1346 3491 τὴν
1360 3420 1696 3491 Γαγγρηνῶν
1723 3418 1833 3473 τῶν

234 3514 609 3583 Παφλαγόνων
634 3516 811 3569 οίκεῖν
853 3514 1264 3585 κατακρίνεται·
1300 3514 1593 3587 Προτέριος
1640 3512 1697 3566 δὲ
1729 3510 1832 3583 τὴν

234 3606 566 3677 ἐπισκοπὴν,
609 3607 777 3681 ψήφῳ
823 3608 976 3678 κοινῇ
1008 3606 1108 3676 τῆς
1145 3606 1387 3669 συνόδου,
1420 3608 1520 3676 τῆς
1580 3603 1832 3672 ’Δλεξαν-

231 3696 410 3767 δρέων
445 3696 746 3766 κληροῦται
767 3713 780 3728 ·
829 3696 890 3761 ὃς
929 3696 1119 3767 ἐπειδὴ
1168 3695 1260 3749 τὸν
1286 3696 1485 3749 οίκεῖον
1514 3694 1830 3765 κατειλήφει

231 3788 429 3857 θρόνον
480 3788 737 3859 μέγιστος
765 3789 863 3842 καὶ
909 3787 1239 3851 ἀνύποιστος
1280 3790 1524 3858 τάραχος
1563 3786 1640 3856 τῷ
1670 3786 1830 3859 δήμῳ

229 3880 493 3952 διανέστη
536 3883 673 3952 πρὸς
720 3881 1013 3954 διαφόρους
1058 3880 1449 3951 κυμαινομένῳ
1481 3880 1729 3951 γνώμας.
1765 3880 1830 3934 Ol

235 3973 344 4043 μὲν
371 3974 481 4044 γὰρ
510 3973 800 4043 Διόσκορον
827 3974 1150 4044 ἐπεζήτουν,
1190 3968 1390 4045 οἷάπερ
1442 3972 1590 4036 είκὸς
1627 3974 1684 4025 ἐν
1716 3974 1830 4037 τοῖς

231 4063 504 4129 τοιούτοις
553 4065 825 4134 γίνεσθαιυ
862 4068 911 4120 οἱ
950 4068 1027 4132 δὲ,
1065 4067 1367 4138 Προτερίου
1414 4065 1555 4137 μάλα
1597 4063 1829 4133 γενικῶς

229 4153 571 4224 ἀντείχοντο,
600 4155 677 4219 ὡς
707 4157 800 4209 καὶ
840 4156 1012 4209 πολλά
1060 4156 1158 4209 καὶ
1196 4156 1476 4227 ἀνήκεστα
1522 4155 1829 4225 προελθεῖν.

242 4245 481 4317 Ἱστορεῖ
508 4246 552 4301 δ’
574 4248 666 4302 οὖν
698 4249 935 4319 Πρίσκος
962 4250 991 4301 ὁ
1018 4248 1253 4319 Ῥήτωρ,
1289 4248 1487 4321 φθῆναι
1527 4248 1831 4318 τηνικαῦτα

227 4339 339 4410 τὴν
386 4338 737 4411 Ἀλεξάνδρου
785 4340 887 4410 τῆς
924 4340 1179 4410 Θησαίων
1225 4340 1497 4411 ἐπαρχίας
1527 4339 1666 4411 (59),
1701 4340 1830 4393 ίδεϊν

226 4448 294 4485 τε
328 4429 419 4484 τὸν
469 4430 638 4502 δῆμον
678 4431 844 4501 ὁμόσε
889 4432 1031 4485 κατά
1062 4431 1169 4485 τῶν
1213 4432 1492 4502 ἀρχόντων
1523 4431 1825 4502 χωροῦντα·

224 4522 336 4591 τῆς
386 4539 443 4575 τε
500 4510 899 4593 στρατιωτικῆς
940 4523 1224 4592 δυνάμεως
1254 4522 1353 4593 τὴν
1386 4523 1578 4577 στάσιν
1625 4520 1827 4576 διακω-

225 4612 387 4666 λύειν
426 4610 780 4683 βουλομένης,
812 4611 978 4665 liva
1017 4611 1197 4682 βολαῖς
1248 4611 1447 4676 αὐτοὺς
1492 4611 1823 4683 χρήσασθαι·

314 4747 352 4778 ¹¹
386 4745 578 4802 Canon
603 4747 674 4801 28
710 4748 876 4819 hujus
902 4748 1149 4804 concilii.

1936 1973 2055 2030 haec
2076 1974 2327 2030 deﬁnitio
2348 1974 2492 2039 lecta
2513 1983 2680 2041 esset,
2695 1974 2994 2045 imperator
3013 1976 3341 2045 Marcianus,
3360 1979 3523 2035 Chal-

1935 2066 2201 2121 cedonem
2228 2066 2529 2137 ingressus.
2558 2065 2769 2138 synodo
2796 2067 3067 2133 interfuit,
3095 2076 3151 2123 et
3175 2072 3427 2126 oratione
3451 2071 3521 2126 ad

1934 2157 2224 2229 episcopos
2258 2157 2449 2213 habita
2470 2198 2485 2222 ,
2518 2172 2645 2213 mox
2692 2159 2942 2214 recessit.
2973 2159 3257 2216 iuvenalis
3302 2161 3431 2217 item
3464 2174 3523 2219 et

1933 2246 2199 2301 Maximus
2246 2248 2657 2302 controversias
2703 2262 2825 2317 quae
2875 2248 3020 2303 inter
3070 2248 3217 2319 ipsos
3261 2265 3418 2307 erant
3448 2251 3520 2308 de

1932 2338 2264 2409 quibusdam
2313 2337 2640 2407 provinciis,
2669 2339 2837 2394 certis
2877 2341 3340 2396 couventionibus
3373 2342 3522 2398 dire.

1936 2440 2179 2485 merunt.
2207 2430 2478 2485 Prteterea
2501 2430 2871 2485 Theodoritus
2893 2440 2948 2485 et
2973 2431 3095 2487 lbas
3124 2434 3369 2488 restituti
3391 2445 3521 2491 sunt

1935 2520 1992 2575 in
2036 2522 2333 2593 integrum.
2375 2522 2494 2577 Alia
2523 2537 2742 2594 quoque
2788 2531 3017 2578 tractata
3060 2533 3218 2591 sunt,
3270 2541 3425 2595 qua},
3458 2538 3521 2583 ut

1935 2629 2096 2683 supra
2129 2614 2264 2679 dixi,
2300 2613 2367 2668 ad
2396 2615 2601 2669 calcem
2630 2615 2798 2685 hujus
2826 2614 2952 2669 libri
2994 2615 3200 2686 scripta
3236 2618 3411 2672 lector
3438 2618 3521 2674 in-

1937 2705 2143 2761 veniet.
2180 2707 2427 2775 Denique
2471 2707 2754 2762 decretum
2802 2718 2905 2773 est,
2954 2714 3015 2761 ut
3046 2708 3206 2764 sedes
3246 2710 3524 2781 archiepi-

1938 2798 2123 2866 scopis
2164 2798 2404 2869 junioris
2447 2798 2663 2862 Roma},
2696 2814 2765 2853 eo
2811 2800 2958 2868 quod
3008 2800 3248 2855 secunda
3292 2801 3366 2856 sit
3400 2813 3524 2872 post

1936 2887 2215 2943 seniorem
2265 2888 2527 2955 Romam,
2590 2890 3011 2960 prmrogativam
3068 2904 3233 2962 supra
3281 2892 3521 2963 reliquas

1933 2978 2095 3035 sedes
2126 2978 2377 3034 obtineat
2411 2979 2473 3033 ”.

2594 3093 2747 3150 CAP.
2791 3093 2856 3148 Ἴ.

1936 3183 2017 3238 De
2051 3184 2306 3255 seditione
2337 3200 2454 3255 qua:
2479 3183 2821 3239 Alexandria:
2856 3184 3001 3253 facta
3029 3194 3105 3239 est
3138 3186 3198 3239 ob
3231 3186 3525 3255 ordinatio—

2007 3270 2127 3326 nem
2182 3254 2412 3309 Proterii
2447 3271 2464 3308 :
2497 3264 2547 3308 et
2596 3257 2661 3307 de
2709 3271 2771 3309 ea
2835 3271 2952 3325 qua:
3011 3256 3226 3326 contigit
3277 3254 3525 3311 Hieroso-

1856 3302 1901 3364 C
2007 3302 2182 3395 195.}...

2000 3416 2253 3474 Postbaee
2274 3416 2567 3472 Dioscorus
2595 3416 2817 3488 quidem
2840 3418 2895 3472 in
2914 3416 3111 3473 urbem
3138 3418 3523 3491 Paphlagonia:

1934 3504 2204 3578 Gangram
2248 3516 2333 3561 est
2383 3508 2701 3579 relegatus:
2735 3508 3018 3565 Proterius
3064 3524 3197 3564 vero
3242 3511 3523 3565 communi

1936 3598 2102 3654 totius
2137 3599 2331 3671 synodi
2373 3600 2635 3672 suffragio
2663 3601 3097 3656 Alexandrinum
3139 3602 3522 3673 episcopatum

1933 3689 2181 3744 sortitur.
2210 3689 2313 3758 Qui
2342 3706 2466 3746 cum
2491 3692 2677 3748 sedem
2709 3708 2864 3749 suam
2895 3693 3298 3764 capessivisset,
3331 3694 3523 3766 ingens

1933 3793 2099 3851 atque
2134 3782 2499 3839 intolerabilis
2530 3794 2758 3839 exortus
2787 3794 2873 3841 est
2906 3786 3177 3842 tumultus
3198 3786 3253 3840 in
3276 3786 3519 3851 civitate,

1933 3874 2136 3944 popqu
2174 3875 2228 3929 in
2265 3876 2514 3930 diversas
2552 3878 2857 3934 sententias
2890 3877 3175 3935 distracto.
3220 3880 3327 3934 Alii
3371 3879 3523 3935 enim

1933 3966 2255 4020 Dioscorum
2301 3967 2678 4035 requirebant,
2716 3978 2776 4022 ut
2822 3970 2879 4024 in
2923 3969 3240 4042 hujusmodi
3278 3972 3524 4027 occasio-

1932 4057 2097 4113 nibus
2132 4058 2252 4113 ﬁeri
2296 4060 2455 4115 solet.
2504 4059 2613 4113 Alii
2662 4062 2974 4116 Proterium
3024 4064 3386 4132 pertinaciter
3427 4063 3525 4120 de-

1931 4148 2232 4205 fendebant
2270 4167 2284 4203 :
2325 4150 2464 4205 adeo
2517 4159 2578 4205 ut
2628 4152 2802 4206 multa
2846 4153 3141 4209 admodum
3194 4156 3408 4225 gravia,
3459 4171 3525 4213 ac

1932 4256 2103 4312 prope
2136 4240 2462 4296 insanabilia
2506 4242 2632 4298 inde
2678 4242 3064 4313 proﬂuxerint.
3097 4252 3258 4301 myrte
3303 4247 3524 4303 Priscus

1932 4333 2124 4391 rhetor
2163 4336 2221 4390 in
2262 4335 2505 4390 Historia
2542 4352 2638 4391 sua
2682 4339 2877 4394 scribit
2917 4340 3005 4396 his
3044 4343 3389 4403 tm'nooribus
3432 4359 3525 4399 ve-

1931 4427 2080 4482 nisse
2124 4442 2181 4481 se
2225 4427 2614 4483 Alexandriam
2662 4446 2729 4484 ex
2769 4433 3053 4501 provincia
3103 4435 3422 4500 'l'L-lebaide,
3469 4448 3524 4491 et

1934 4518 2121 4591 populi
2146 4518 2557 4573 multitudinem
2583 4520 2848 4591 impetum
2874 4523 2929 4576 in
2954 4525 3303 4595 magimatus
3322 4526 3526 4582 facien-

1940 4620 2049 4666 tem
2094 4610 2321 4667 vidisse.
2353 4610 2601 4681 Cumque
2650 4615 2852 4672 milites
2897 4600 3226 4674 seditionem
3271 4618 3527 4676 inhibere

1586 4844 1824 4901 VARI/ﬁ
1870 4844 2257 4903 LECTIONES
2272 4869 2287 4889 υ

299 4906 467 4965 ³⁹’ἐπι
478 4912 713 4983 μελείας.

1457 5010 1731 5069 VALESH
1774 5010 2341 5069 ANNOTATIONES.

310 5097 427 5172 {39)
466 5102 589 5172 Τῶν
618 5101 889 5164 Θηϐαίων
921 5102 1233 5172 ἐπαρχίαν.
1268 5102 1424 5159 llunc
1449 5104 1631 5160 locum
1667 5106 1829 5160 resti-

1938 5121 2065 5161 scus
2095 5107 2303 5160 rhetor.
2334 5105 2496 5161 Certe
2543 5103 2766 5159 Priscus
2809 5103 2865 5157 in
2914 5103 3196 5172 provincia
3237 5104 3522 5161 Thebaide

232 5170 324 5225 tui
357 5186 420 5223 es
462 5170 653 5225 codice
680 5170 1045 5235 Florentino,‘
1078 5170 1165 5228 eui
1205 5176 1485 5231 consentit
1536 5176 1703 5230 etiam
1736 5176 1832 5229 Ni-

228 5242 515 5310 cephorus
562 5242 617 5295 in
669 5258 792 5312 cap.
853 5260 949 5297 vm
998 5244 1124 5297 libri
1158 5244 1245 5297 15.
1292 5246 1537 5300 Pessime
1578 5244 1833 5301 Christo-

274 5312 968 5385 horsonusemgnduverat
1006 5315 1095 5385 τὸν
1129 5316 1241 5367 τῶν
1274 5315 1528 5384 Θηϐαίων
1570 5317 1831 5385 ἔπαρχον.

228 5328 555 5437 gnorsonus
578 5328 968 5368 emenauverat
1006 5328 1095 5366 τον
1129 5332 1241 5367 των
1274 5328 1528 5384 ωηοαιων
1570 5328 1831 5385 επαρχον.

283 5396 427 5449 eque
475 5383 625 5455 enim
663 5382 903 5455 Thebais
937 5384 1221 5455 Provincia
1252 5401 1280 5438 a
1321 5386 1578 5454 praefecto
1610 5387 1834 5455 regeba-

229 5462 330 5505 tur
356 5470 385 5525 ;_
413 5452 509 5508 sed
560 5454 879 5525 a‘prmside,
928 5462 991 5508 ut
1044 5454 1207 5509 docet
1246 5452 1447 5509 Νυιὶιὶα
1483 5452 1691 5525 imperii
1724 5456 1831 5510 Ro-

229 5523 402 5595 mani.
437 5522 800 5595 Deindernon
851 5532 1124 5595 rectorem
1173 5526 1473 5595 provinciae
1499 5522 1828 5593 Thebaidis,

226 5594 331 5651 sed
366 5595 618 5665 seipsum
648 5594 1039 5649 Alexandriam
1068 5594 1199 5651 tunc
1235 5597 1451 5652 venisse
1478 5597 1676 5653 scribit
1705 5598 1830 5653 Pri—

1942 5176 2036 5230 diu
2070 5186 2323 5231 versatus
2354 5176 2531 5231 fuerat
2557 5188 2681 5229 cum
2708 5173 3002 5228 Maximino
3030 5176 3189 5236 duce,
3218 5177 3375 5244 cujus
3404 5185 3527 5231 erat

1942 5247 2294 5301 consiliarius
2336 5258 2391 5302 et
2436 5261 2702 5307 asscssor,
2763 5251 2897 5297 tunc
2951 5260 3075 5299 cum
3129 5245 3219 5298 ille
3261 5245 3526 5300 adversus

1942 5317 2132 5372 Nubas
2193 5327 2251 5369 et
2288 5316 2597 5386 Blemmyas
2648 5314 2853 5368 bellum
2904 5324 3130 5384 gereret.
3184 5328 3241 5369 ut
3296 5316 3531 5384 ipsemet

1942 5387 2104 5442 docet
2128 5387 2183 5439 in
2218 5386 2506 5454 Excerptis
2530 5386 2887 5455 legationum.
2922 5386 2980 5438 In
3004 5386 3313 5440 Tclleriano
3336 5388 3529 5441 codice

1940 5456 2285 5511 hunclocum
2321 5457 2393 5510 ita
2412 5458 2678 5525 scriptum
2708 5455 2914 5511 inveni.
2948 5456 3144 5526 φθῆναι
3179 5456 3246 5509 δι’
3286 5458 3531 5522 ’Λλεξὲινο

1938 5527 2067 5597 δρου
2106 5530 2201 5592 τῆς
2249 5527 2503 5595 Θηϐαιων
2534 5527 2825 5595 ἐπαρχίας.
2856 5526 3036 5580 Malim
3072 5536 3250 5583 tamen
3284 5528 3530 5583 srribcre

1942 5599 2143 5669 φθῆναι
2173 5598 2230 5661 ἐς
2262 5600 2361 5667 τὴν
2405 5597 2757 5666 Ἀλεξάνδρου
2793 5600 2854 5648 ὲκ
2876 5597 2996 5666 τῆς,
3034 5605 3131 5652 etc.

1702 5712 2100 5770 VARIORUM.

304 5807 383 5877 (Ιι)
420 5782 764 5877 Διόσκρρος
793 5802 1050 5877 μὲνντὴν
1081 5803 1469 5877 Γᾳγτρηνῶγ.
1500 5803 1726 5861 Certum
1750 5815 1832 5861 est

1946 5813 2450 5877 tatumesseﬂanno
2483 5805 2609 5877 451,
2652 5805 2838 5873 ibique
2894 5804 3169 5877 interiisse
3219 5824 3358 5865 anno
3398 5809 3525 5866 454.

220 5874 559 5937 DiOscorum
590 5874 871 5946 Gangram
897 5876 1038 5931 Asia:
1079 5874 1307 5932 Minoris
1331 5875 1610 5932 civitatem
1639 5877 1841 5949 depor-

1948 5876 2086 5933 Vide
2124 5876 2251 5933 Aut.
2283 5876 2412 5949 Pag.
2448 5876 2515 5932 ad
2545 5891 2668 5932 ann.
2711 5878 2840 5937 451,
2870 5892 2927 5930 n.
2955 5875 3047 5932 66.
