4108 6468
638 381 782 448 2515

1835 378 2149 442 EVAGRII
2190 379 2679 442 SCHOLASTICI

3767 378 3911 443 2516

639 509 705 551 ac
742 505 864 547 sese
914 488 1151 545 invicem
1187 486 1484 560 perimere,
1526 500 1557 539 a
1587 484 1865 559 plerisque
1895 486 2209 543 existimen-

2314 487 2606 560 διαμέτρου
2634 486 2919 559 φέρεσθαι,
2943 488 3038 544 καὶ
3067 487 3316 559 ἀλλήλων
3369 488 3727 560 ἅναιρετικὰς
3770 493 3909 543 καθ-

641 591 752 641 tur.
776 582 913 640 Nam
930 581 1027 653 qui
1046 579 1331 637 Christum
1348 579 1403 635 in
1425 577 1646 635 duabus
1666 579 1881 635 naturis
1901 578 2217 643 confitetur,

640 677 796 733 illum
824 690 892 731 ex
916 672 1134 730 duabus
1162 672 1379 729 naturis
1402 656 1524 727 esse
1552 679 1741 741 aperte
1783 669 1945 725 dicit.
1990 668 2047 725 Si
2095 685 2221 741 qui-

640 769 766 825 dem
793 767 926 823 dum
952 765 1236 824 Christum
1262 765 1319 820 in
1349 763 1555 820 deitate
1585 772 1643 818 et
1690 764 2036 819 humanitate
2077 778 2215 819 con-

639 858 848 923 litetur,
910 875 977 914 ex
1033 857 1237 914 deitate
1278 864 1338 913 et
1391 855 1735 911 humanitate
1784 871 1913 912 eum
1965 863 2218 911 constare

638 949 914 1006 concedit.
947 949 1162 1011 Rursus
1183 948 1277 1019 qui
1299 962 1369 1003 ex
1396 932 1613 1001 duabus
1641 942 1861 1001 naturis
1886 945 2041 1011 dicit,
2070 944 2216 1001 idem

638 1049 1048 1113 consequenter
1090 1039 1149 1097 in
1189 1039 1404 1098 duabus
1443 1039 1607 1095 etiam
1646 1038 1964 1105 conﬁtetur.
2003 1037 2219 1108 Quippe

637 1132 769 1187 dum
805 1147 873 1187 ex
906 1131 1116 1188 deitate
1147 1140 1204 1188 et
1230 1130 1577 1187 humanitate
1601 1130 1881 1186 Christum
1915 1144 2038 1184 esse
2060 1129 2213 1193 dicit,

639 1222 695 1278 in
725 1222 929 1278 deitate
953 1230 1011 1279 et
1034 1222 1382 1278 humanitate
1406 1236 1533 1277 eum
1564 1220 1869 1276 consistere
1900 1219 2214 1291 proﬁtetur,

636 1328 741 1370 nec
769 1328 933 1369 carne
970 1312 1027 1368 in
1070 1312 1331 1368 deitatem
1367 1327 1658 1377 conversa,
1695 1327 1798 1367 nec
1830 1311 2037 1367 deitate
2083 1310 2216 1367 item

637 1404 691 1460 in
728 1420 952 1461 carnem
976 1413 1185 1460 mutata
1214 1424 1226 1461 :
1259 1420 1495 1475 quarum
1516 1396 1813 1459 ineﬂ'abilis
1851 1402 2068 1459 exsistit
2089 1402 2215 1458 uni-

640 1494 734 1551 tlo.
765 1494 919 1551 Adeo
951 1503 1012 1551 ut
1050 1510 1153 1566 per
1192 1509 1387 1551 vocem
1439 1494 1604 1559 hanc,
1642 1509 1710 1550 ex
1760 1493 1998 1560 duabus,
2051 1493 2215 1549 simul

635 1586 802 1641 etiam
831 1586 1121 1643 commode
1148 1583 1487 1659 intelligatur
1513 1587 1568 1641 in
1600 1585 1851 1654 duabus;
1888 1594 1947 1641 et
1990 1602 2090 1659 per
2116 1603 2216 1642 vo-

635 1691 757 1733 cem
787 1670 954 1742 hanc,
994 1678 1050 1733 in
1079 1677 1314 1745 duabus,
1348 1678 1689 1751 intelligatur
1716 1693 1937 1749 quoque
1978 1693 2043 1733 ex
2081 1676 2218 1733 dua-

638 1768 760 1835 bus,
786 1785 891 1825 nec
924 1770 1159 1830 alterum
1192 1770 1360 1827 distet
1404 1770 1473 1825 ab
1512 1772 1704 1825 altero.
1757 1768 2215 1840 Quandoquidem

2323 576 2567 633 εστάναι.
2599 578 2668 631 ’⁷0
2702 596 2763 631 τε
2798 578 2910 651 γὰρ
2948 578 3007 633 ιν
3044 578 3140 633 δύο
3175 577 3371 648 φύσεσι
3392 579 3484 633 τὸν
3514 580 3749 649 Χριστὸν
3776 582 3910 652 όμοο

2321 667 2520 736 λογῶν,
2550 669 2616 723 ἐκ
2646 668 2739 723 δύο
2769 670 3032 741 ἀντικρὺς
3054 669 3220 739 λέγει.
3265 671 3423 741 εἴπερ
3454 673 3512 725 ὲν
3554 672 3772 741 θεότητι
3817 673 3913 726 καὶ

2321 760 2703 831 ἀνθρωπότητι
2724 761 3103 832 συνομολογιῖΝ
3124 760 3216 815 τὸν
3250 762 3507 834 Χριστὸν,
3536 763 3820 833 ὁμολογῶν
3847 766 3913 819 ἐκ

2321 850 2576 922 θεότητος
2601 852 2852 924 (52),καὶ
2876 853 3301 925 άνθρωπότητος
3330 854 3708 910 συντεθεῖσθαι
3737 856 3910 925 λέγει.

2324 943 2392 997 '0
2425 960 2484 997 τε
2519 943 2585 997 ἐκ
2630 944 2725 998 δύο
2757 944 2953 1014 λέγων,
2984 944 3085 1016 τὴν
3124 948 3182 999 ὲν
3214 944 3310 1000 δύο
3361 946 3584 1011 πάντως
3614 947 3912 1018 ὁμολογίαν

2319 1034 2554 1104 ἐπάγει,
2601 1036 2760 1108 εἴπερ
2811 1036 2878 1090 ἐκ
2918 1036 3170 1107 θεότητος
3220 1039 3315 1091 καὶ
3351 1037 3775 1109 άνθρωπότητος
3819 1038 3915 1106 {in

2319 1128 2560 1199 Χριστὸν
2603 1126 2801 1196 λέγων,
2834 1129 2894 1182 ὲν
2938 1128 3153 1201 θεότητι
3193 1130 3289 1183 καὶ
3317 1128 3916 1201 ἁνθρωτεότητιόμολο-

2318 1222 2408 1288 γεῐ
2430 1218 2597 1272 αὑτὸν
2623 1217 2957 1274 καθεστάναι
2980 1237 2994 1249 ο
3029 1220 3154 1275 οὕτε
3184 1220 3283 1291 τῆς
3332 1222 3535 1292 σαρκὸς
3574 1223 3634 1284 ἐς
3683 1221 3915 1291 θεότητα

2322 1306 2784 1378 μεταϐληθείσης,
2816 1308 2943 1363 οὔτε
2978 1304 3045 1364 αὖ
3076 1310 3175 1381 τῆς
3207 1309 3465 1382 θεότητος
3493 1312 3551 1375 ες
3587 1312 3772 1381 σάρκα
3809 1329 3914 1381 χω-

2320 1399 2589 1472 ρησάσης,
2619 1398 2679 1465 ἐξ
2711 1392 2788 1454 ὧν
2831 1402 2866 1471 ἡ
2915 1400 3157 1473 άρῤητος
3188 1401 3404 1466 ἓνωσις.
3449 1403 3540 1467 Ὠς
3580 1402 3670 1456 διὰ
3709 1402 3813 1473 τῆς
3848 1405 3917 1457 ἐκ

2317 1490 2414 1546 δύο
2441 1492 2628 1563 φωνῆς
2659 1490 2898 1546 ἐνταῦθα
2935 1492 3174 1555 νοεῖσθαι
3204 1494 3531 1565 προσφόρως
3568 1494 3673 1566 τὴν
3705 1495 3766 1547 ἓν
3796 1492 3914 1561 δύο,

2318 1581 2412 1637 καὶ
2439 1580 2527 1637 διὰ
2553 1584 2651 1653 τῆς
2680 1583 2740 1636 ιν
2759 1582 2854 1639 δύο
2872 1582 2974 1656 τὴν
3003 1585 3068 1639 ἐκ
3095 1584 3209 1653 δύο,
3232 1584 3329 1638 καὶ
3347 1583 3576 1656 θάτερον
3603 1584 3700 1639 τοῦ
3724 1585 3915 1655 ἑτέρου

2320 1672 2396 1746 μὴ
2448 1674 2944 1745 ἀπολιμπάνεσθαι.
2976 1676 3151 1730 Ὅπου
3194 1693 3260 1745 γε
3307 1675 3451 1731 κατὰ
3482 1675 3543 1730 τὸ
3571 1676 3916 1748 περιούσιον,

2316 1767 2378 1820 ού
2411 1766 2573 1838 μόνον
2623 1768 2685 1822 τὸ
2734 1768 2855 1823 ὅλον
2882 1770 2949 1823 ἐκ
2979 1769 3184 1841 μερῶν,
3211 1770 3347 1824 ἀλλὰ
3386 1770 3484 1824 καὶ
3523 1772 3584 1823 ιν
3634 1769 3830 1841 μέρεσι
3856 1769 3919 1823 τὸ

632 1862 787 1933 juxta
817 1860 1191 1918 abundantem
1243 1862 1509 1933 loquendi
1548 1877 1735 1929 usum,
1767 1878 1877 1917 non
1927 1861 2104 1917 solum
2148 1878 2209 1917 ex

2318 1859 2437 1913 ὅλον
2452 1859 2799 1931 γνωρίζεται·
2834 1862 2927 1917 καὶ
2950 1863 3097 1934 ὅμως
3130 1862 3304 1927 οὕτως
3326 1860 3575 1935 ἀλλήλων
3599 1862 3919 1931 ἀπεσχοινι-

638 1952 909 2024 partibus,
953 1967 1149 2009 verum
1178 1955 1345 2009 etiam
1394 1954 1451 2008 in
1486 1953 1738 2023 partibus
1786 1963 1961 2009 totum
2010 1968 2213 2025 cogno-

2313 1950 2437 2003 σθαι
2470 1949 2646 2005 ταῦτα
2670 1951 2981 2021 νομίζουσιν
3028 1953 3326 2025 ἄνθρωποι,
3352 1954 3613 2026 συνηθείᾳ
3649 1955 3758 2009 τινὶ
3786 1952 3920 2023 περὶ

637 2045 830 2100 scitur.
863 2044 1236 2101 Nihilominus
1270 2054 1451 2101 tamen
1480 2044 1599 2100 haec
1640 2045 1786 2100 inter
1822 2060 1881 2100 se
1924 2044 2063 2101 adeo
2090 2060 2209 2103 esse

2314 2043 2409 2115 τῆς
2434 2043 2569 2097 Θεοῦ
2594 2043 2776 2115 δόξης,
2806 2044 2839 2116 ἢ
2874 2045 2969 2099 καὶ
3002 2045 3064 2099 τὸ
3101 2045 3243 2100 οὕτω
3282 2045 3569 2117 βούλεσθαι
3611 2044 3920 2117 προειλημ-

636 2136 911 2209 disjuncta
931 2136 1093 2208 295
1106 2152 1169 2192 ac
1182 2146 1432 2207 separata
1446 2137 1697 2193 homines
1716 2136 2214 2202 arbitrantur,con-

637 2226 932 2283 suetudine
964 2227 1200 2297 quadam
1218 2227 1285 2283 de
1314 2226 1424 2282 Deo
1447 2226 1741 2293 sentiendi,
1762 2228 1848 2282 vel
1880 2234 2026 2282 certe
2047 2226 2212 2284 indu-

2313 2134 2487 2206 μένοι,
2521 2136 2597 2199 ώς
2631 2136 2813 2206 πάσης
2845 2135 2988 2200 ίδέας
3015 2136 3244 2192 θανάτου
3278 2138 3649 2208 περιφρονεῖν,
3687 2135 3719 2205 ἢ
3778 2134 3921 2205 πρὸς

2308 2226 2409 2298 τὴν
2436 2226 2531 2280 τοῦ
2578 2226 2728 2291 ὄντος
2753 2227 2891 2282 ίέναι
2922 2228 3339 2297 συγκατάθεσιν
3369 2229 3495 2283 ὅθεν
3517 2228 3589 2282 τὰ
3612 2227 3919 2295 λελεγμένα

636 2319 819 2375 ctione
842 2319 1010 2375 animi
1035 2319 1403 2395 pmoccupati
1426 2336 1441 2386 ;
1479 2330 1540 2374 ut
1568 2318 1804 2390 quodvis
1825 2320 2017 2374 mortis
2038 2332 2209 2390 genus

2314 2334 2403 2389 μοι
2426 2318 2816 2387 γεγόνασι.Καὶ
2842 2318 3014 2373 ταῦτα
3054 2318 3155 2392 μὲν
3184 2314 3555 2391 ἐσχενώτως.

635 2413 823 2472 subire
855 2414 1070 2480 malint,
1099 2430 1265 2485 quam
1292 2414 1513 2470 veritati
1531 2430 1864 2471 consensum
1884 2413 2323 2470 accommodare.
2356 2412 2536 2485 Atque
2568 2413 2699 2470 hinc
2754 2423 2878 2470 orta
2894 2422 3025 2471 sunt
3054 2415 3198 2472 mala
3241 2431 3365 2488 quae
3432 2430 3602 2489 supra
3665 2427 3919 2472 commc-

636 2506 868 2561 moravi.
895 2505 1094 2562 Verum
1119 2506 1233 2563 haec
1262 2506 1489 2578 quidem
1523 2506 1599 2562 ita
1625 2522 1684 2563 se
1710 2505 1977 2562 habuere.

1282 2618 1435 2676 CAP.
1478 2619 1571 2676 Vl.

2920 2617 3178 2673 ΚΕΦΔΛ.
3212 2620 3307 2687 σο.

634 2711 722 2791 υε⁸
742 2714 999 2791 siccitate,
1030 2720 1080 2791 et
1118 2714 1347 2791 dejame
1364 2728 1427 2768 ac
1453 2723 1613 2785 peste.
1640 2712 1712 2791 Et
1735 2715 1996 2791 quomodo
2008 2716 2076 2791 _in
2087 2711 2209 2791 gui-

2319 2708 2462 2778 Περὶ
2476 2708 2606 2791 ξῆς
2625 2709 2953 2779 γενομένης
2978 2710 3325 2791 (ir-optimas,
3351 2708 3531 2779 λιμοῦ
3558 2726 3625 2791 τε
3652 2710 3752 2765 καί
3790 2714 3921 2791 ,ιαμ

703 2782 925 2839 busdam
961 2782 1085 2838 locis
1119 2782 1273 2839 tellus
1305 2800 1405 2839 sua
1434 2782 1621 2855 sponte
1660 2784 1859 2854 fructus
1897 2782 2141 2839 ediderit.

700 2933 901 2991 Iisdem
932 2914 1277 3006 temporibus
1320 2939 1520 3009 ingens
1549 2936 1769 2993 siccitas
1817 2936 1924 2992 fuit
1968 2937 2024 2992 in
2059 2945 2216 2993 utra-

2386 2779 2505 2849 μυῦ
2528 2795 2548 2850 7°
2572 2779 2732 2845 ὅπως
2761 2796 2826 2850 ts
2882 2779 3237 2847 παραδόξως
3260 2781 3332 2834 ἐν
3384 2795 3506 2834 τισι
3540 2781 3759 2850 χώραις
3803 2785 3918 2838 αὐ-

2389 2848 2655 2919 τομάτως
2676 2851 2714 2919 ἡ
2740 2848 2818 2920 τῆ
2844 2850 2987 2916 τοὺς
3016 2851 3288 2919 καρποὺς
3320 2848 3730 2919 ἐϐλάστὴσδγ.

2407 2939 2546 2996 Ὑπὸ
2571 2939 2786 3005 τούτοις
2813 2939 2872 2994 δὲ
2896 2943 3008 3005 τοῖς
3035 2942 3268 3013 χρόνοις,
3298 2943 3393 2998 καὶ
3420 2943 3667 3016 ὀμϐρίων
3702 2938 3919 2999 ύδάτων

631 3042 741 3098 que
770 3025 1005 3099 Phrygia
1060 3036 1117 3081 et
1149 3027 1205 3082 in
1232 3035 1468 3098 utraque
1496 3025 1730 3094 Galatia,
1770 3026 2125 3098 Cappadocia
2150 3042 2209 3083 ac

2324 3032 2523 3095 σπάνις
2556 3031 2787 3101 γέγονεν
2817 3030 2875 3083 ἐν
2899 3048 2955 3083 τε
2985 3030 3273 3101 Φρυγίοις,
3300 3031 3596 3096 Γαλατίαις
3616 3050 3676 3086 τε
3710 3030 3779 3087 αὖ
3820 3039 3919 3088 καὶ

629 3119 841 3176 Cilicia.
862 3119 1015 3175 Adeo
1045 3130 1103 3174 ut
1134 3131 1322 3177 secuta
1340 3120 1541 3177 exinde
1568 3136 1755 3176 rerum
1769 3122 2209 3187 necessariarum

2321 3122 2772 3189 Καππαδοκίαις,
2814 3121 2909 3176 καὶ
2938 3120 3258 3188 Κιλικίαις,
3287 3123 3362 3187 ὡς
3390 3123 3565 3197 ἐνδείᾳ
3596 3124 3705 3178 τῶν
3734 3126 3918 3195 ἀναγ-

630 3213 883 3283 penuria,
916 3212 1170 3269 homines
1202 3214 1384 3270 noxiis
1405 3213 1493 3268 usi
1520 3213 1631 3269 sint
1655 3214 1817 3269 cibis.
1845 3214 2005 3271 Unde
2032 3213 2209 3285 pestis

2316 3217 2489 3268 καίων
2517 3213 2616 3269 καὶ
2646 3212 3047 3288 όλεθριωτέρας
3079 3215 3289 3286 τροφῆς
3319 3213 3761 3286 μεταλαμϐάνειν
3784 3218 3920 3282 τοὺς

628 3302 795 3358 etiam
814 3312 1005 3359 exorta
1028 3312 1133 3359 est.
1154 3304 1233 3360 Ex
1257 3306 1439 3361 victus
1464 3304 1613 3360 enim
1639 3305 1947 3361 mutatione
1982 3306 2039 3360 in
2066 3321 2214 3363 mor-

629 3388 759 3443 bum
796 3388 1031 3461 delapsi,
1073 3392 1404 3462 corporibus
1447 3392 1521 3447 ob
1553 3393 1778 3448 nimiam
1828 3394 2206 3453 inﬂammatio-

628 3494 752 3535 nem
800 3482 1258 3546 tumescentibus,
1297 3482 1489 3539 oculos
1529 3484 1900 3541 amittebant:
1934 3487 2210 3558 simulque

630 3568 765 3623 tussi
792 3568 996 3633 vexati,
1026 3570 1189 3624 tertio
1216 3570 1307 3626 die
1334 3572 1734 3629 moriebantur.
1764 3573 1843 3629 Ac
1877 3576 2052 3646 pestis
2086 3576 2210 3646 qui-

626 3657 754 3712 dem
786 3658 999 3713 nullum
1034 3668 1165 3716 tunc
1193 3662 1499 3718 remedium
1541 3666 1723 3734 potuit
1766 3665 2024 3722 inveniri.
2065 3666 2210 3723 Con-

627 3758 710 3805 tra
746 3749 944 3805 famem
970 3767 1121 3819 vero,
1166 3753 1235 3808 iis
1262 3754 1357 3824 qui
1399 3754 1605 3810 residui
1663 3764 1841 3823 erant,
1900 3759 2206 3815 remedium

626 3841 889 3911 praestitit
945 3842 1041 3898 Dei
1102 3843 1449 3914 providentia
1503 3845 1748 3900 omnium
1807 3850 2203 3905 conservatrix.

624 3931 840 4003 Quippe
871 3948 1017 3988 anno
1050 3934 1143 3990 illo
1178 3936 1270 4010 qui
1326 3936 1533 3991 sterilis
1561 3935 1763 4003 fuerat,
1808 3939 1967 3995 cibus
2004 3956 2035 3995 e
2064 3943 2206 3996 C(BIO

625 4022 860 4093 depluit,
893 4025 1040 4094 quod
1080 4041 1276 4081 manna
1299 4036 1521 4091 vocant,
1546 4043 1653 4081 non
1686 4043 1847 4084 secus
1878 4036 2043 4100 atque
2075 4031 2206 4086 olim

624 4114 915 4172 lsraelitis.
948 4118 1277 4189 InSequente
1306 4128 1490 4175 autem
1519 4136 1666 4175 anno
1687 4121 1849 4176 tellus
1878 4136 1974 4176 sua
2008 4133 2204 4193 sponte

625 4216 873 4263 maturos
898 4207 1111 4265 fructus
1147 4211 1399 4281 protulit.
1429 4212 1603 4267 Porro
1639 4211 1755 4268 haec
1786 4214 2074 4280 calamitas
2104 4216 2205 4270 Pa—

623 4300 890 4356 laeStinam
918 4316 1144 4373 quoque
1177 4312 1237 4358 et
1277 4303 1414 4359 alias
1446 4303 1701 4375 regiones
1735 4320 1905 4376 prope
1946 4306 2203 4362 innume-

626 4391 829 4447 rabiles
866 4392 1096 4464 depasta
1130 4402 1236 4462 est,
1272 4395 1496 4451 duobus
1530 4395 1619 4451 his
1648 4397 1807 4452 malis
1834 4413 1934 4467 per
1976 4399 2202 4454 univer-

625 4500 747 4539 sum
786 4494 1063 4541 terrarum
1088 4487 1278 4544 orbem
1302 4490 1755 4562 pervagantibus.

1264 4604 1417 4660 CAP.
1454 4606 1567 4660 VH.

621 4692 699 4746 De
727 4694 866 4768 ca’de
895 4698 1233 4768 imperatoris
1274 4695 1657 4768 Valentiniani.
1711 4708 1758 4752 et
1800 4701 2059 4768 quomodo
2107 4718 2198 4756 ca-

688 4772 785 4840 pta
803 4767 869 4817 sit
898 4765 1069 4819 Roma
1102 4782 1121 4821 .'
1148 4776 1198 4820 et
1221 4767 1283 4820 de
1313 4767 1721 4837 imperatoribus
1744 4765 1835 4840 qui
1864 4780 1980 4839 post
2008 4770 2198 4825 Valen-

688 4836 953 4889 tinianum
985 4845 1295 4906 regnarunt.

688 4925 830 4980 Dum
864 4926 981 4983 hac
1010 4928 1065 4982 in
1095 4926 1341 4984 Orientis
1375 4929 1627 4998 partibus
1674 4940 1965 5002 geruntur,
2010 4934 2200 4990 Romae

616 5017 812 5073 Aetius
864 5018 1170 5075 crudeliter
1225 5020 1555 5077 interfectus
1610 5029 1717 5077 est.
1774 5022 2199 5081 Valentinianus

2314 3304 2645 3378 ἀνθρώπους
2664 3320 2679 3335 ⁸
2703 3306 2831 3361 ὅθεν
2854 3308 2949 3360 καὶ
2974 3306 3160 3379 λοιμὸς
3183 3306 3429 3375 γέγονεν.
3474 3299 3729 3363 Ἔνόσουν
3758 3326 3823 3361 τε
3847 3312 3917 3382 τῇ

2318 3398 2591 3472 μεταϐολῇ
2630 3399 2732 3471 τῆς
2756 3398 2992 3470 διαίτης,
3023 3401 3120 3455 καὶ
3152 3398 3476 3464 οίδαίνοντος
3504 3402 3657 3469 σφίσι
3675 3402 3772 3454 τοῦ
3801 3401 3915 3456 σώ-

2319 3486 2499 3562 ματος
2525 3491 2595 3546 δι’
2627 3491 2939 3564 ὑπερϐολὴν
2979 3494 3081 3564 τῆς
3110 3491 3445 3561 φλεγμονῆς,
3478 3492 3577 3557 τὰς
3609 3491 3764 3562 ὄψεις
3804 3494 3919 3546 ἁπ-

2315 3583 2541 3638 έϐαλλον
2566 3599 2581 3613 ·
2616 3583 2782 3656 βηχός
2810 3601 2870 3638 τε
2907 3586 3337 3657 συγγενομένης,
3386 3588 3619 3656 τριταῖοι
3658 3584 3751 3638 τὸν
3796 3584 3917 3656 βίον

2309 3675 2715 3746 ἀπελίμπανον.
2763 3676 2876 3730 Καὶ
2917 3676 3014 3730 τοῦ
3068 3676 3168 3748 μὲν
3199 3675 3392 3749 λοιμοῦ
3455 3676 3593 3741 τέως
3647 3676 3915 3748 βοήθειαν

2310 3767 2558 3837 ἐξευρεῖν
2595 3767 2697 3823 οὐκ
2741 3768 2891 3839 ὲνῆν,
2943 3769 3113 3831 Ἀκος
3162 3769 3221 3824 δὲ
3265 3769 3359 3824 τοῦ
3395 3768 3555 3840 λιμοῦ
3604 3770 3723 3833 τοῖς
3772 3771 3916 3825 ὑπο-

2309 3859 2604 3929 λειφθεῖσιν
2632 3862 2667 3931 ἡ
2700 3861 2919 3915 πάντων
2940 3863 3190 3933 σώτειρα
3216 3862 3417 3916 δέδωκε
3456 3844 3732 3936 Πρόνοια·
3763 3864 3916 3916 κατὰ

2311 3951 2414 4023 μὲν
2436 3952 2498 4006 τὺ
2520 3954 2713 4021 ἄγονον
2738 3952 2857 4017 ἔτος
2885 3954 3094 4025 τροφὴν
3125 3956 3190 4007 εκ
3215 3953 3313 4008 τοῦ
3341 3956 3503 4025 ἀέρος
3534 3954 3912 4026 έπιϐρέξασα.

2313 4044 2406 4099 ῐσα
2464 4043 2579 4109 τοῖς
2620 4044 2987 4116 Ἰσραηλίταις
3062 4046 3239 4118 μάννα
3270 4046 3713 4118 προσηγόρευται
3741 4063 3757 4077 ο
3805 4048 3917 4102 ἀνὰ

2307 4135 2364 4189 δὲ
2391 4135 2453 4189 τὸ
2474 4120 2602 4207 ἑξῆς
2629 4136 2747 4201 ἔτος
2772 4136 3097 4207 αὐτομάτως
3118 4138 3464 4210 εύδοκήσασα
3496 4137 3624 4201 τοὺς
3652 4138 3915 4210 καρποὺς

2306 4226 2840 4299 τελεσιουργηθῆναι.
2875 4229 3062 4306 Ταῦτα
3114 4231 3208 4284 καὶ
3241 4231 3339 4301 τὴν
3371 4229 3746 4284 Παλαιστινῶν
3793 4230 3913 4301 χώο

2311 4338 2414 4395 ραν
2446 4321 2712 4393 ἑνεμήθη,
2756 4322 2925 4386 ἄλλας
2969 4339 3030 4376 τε
3069 4322 3273 4387 πολλὰς
3315 4323 3412 4377 καὶ
3441 4322 3863 4395 ἀναριθμήτους
3890 4363 3907 4389 ,

2306 4413 2405 4485 τὴν
2435 4414 2537 4485 γῆν
2561 4413 2671 4468 τῶν
2696 4412 2887 4469 παθῶν
2914 4416 3399 4483 περινοστούντων.

2835 4633 2845 4641 ’
2919 4615 3173 4671 ΚΕΦΑΛ.
3216 4615 3292 4671 Ζ’.

2306 4704 2449 4773 Περὶ
2478 4700 2586 4774 τῆς
2613 4706 2982 4775 ἀναιρέσεως
3031 4708 3540 4762 Οὐαλεντινιανοῦ
3590 4707 3691 4761 καὶ
3740 4708 3911 4761 ἀλώ-

2378 4791 2533 4863 σεως
2569 4776 2792 4848 Ῥώμης
2811 4792 2828 4809 ·
2861 4784 2959 4831 καὶ
2982 4776 3116 4845 περὶ
3139 4776 3359 4846 ἐτέρων
3379 4776 3908 4840 βασιλευσάντων

2377 4862 2588 4914 αυτης.

2378 4937 2597 4992 Τούτων
2631 4938 2816 5002 ἐντοῖς
2831 4932 2987 5009 ἑῴοις
3012 4939 3333 5010 προϊόντων,
3357 4938 3462 4992 ἀνὰ
3489 4938 3592 5010 τὴν
3620 4939 3908 5011 προτέραν

2320 5024 2537 5099 Ῥώμην
2570 5028 2777 5093 Ἀέτιος
2805 5030 2871 5102 (j)
2902 5029 3152 5095 δειλαίως
3191 5029 3253 5097 ἐξ
3286 5028 3594 5102 ἀνθρώπων
3635 5030 3907 5102 μεθίσταο

1832 5161 2109 5218 VALESII
2141 5161 2699 5221 ANNOTATIONES.

684 5252 796 5323 (ὅῖ)
840 5250 1183 5323 ξομολοτῶν
1228 5252 1298 5307 ἐκ
1336 5255 1641 5323 θεότητος.
1665 5255 1906 5311 Delenda
1958 5266 2043 5313 est
2094 5273 2201 5313 vox

613 5322 892 5393 ὁμολογῶν
953 5331 1144 5393 utpote
1176 5324 1475 5397 superﬂua.
1522 5324 1685 5381 Certe
1728 5328 1875 5398 apud
1916 5326 2192 5399 Nicepho-

2308 5273 2432 5329 rum
2465 5273 2576 5313 non
2605 5258 2824 5329 legitur,
2854 5267 2909 5315 et
2952 5257 3193 5315 Savilius
3249 5259 3305 5314 in
3359 5274 3461 5315 suo
3514 5258 3711 5315 codice
3766 5275 3893 5316 eam

2299 5327 2503 5385 lineola
2532 5327 2882 5384 subnotarat.

2076 5447 2465 5508 VARIORUM.

681 5534 751 5616 (jl
792 5534 1045 5616 :Astcoc.
1088 5536 1311 5616 Mortem
1345 5538 1485 5592 Aetii
1518 5537 1689 5610 [anno
1715 5539 1847 5616 Chr.
1880 5542 2007 5614 454]
2056 5560 2195 5616 mors
2296 5543 2693 5616 dissimulanter
2715 5552 3050 5614 occupantes,
3074 5561 3339 5614 egressum
3357 5554 3509 5601 extra
3541 5547 3726 5602 urbem
3753 5550 3902 5616 prin-

618 5603 1115 5688 l’alentiniani‘non
1138 5608 1290 5688 longo
1327 5616 1443 5688 post
1468 5603 1697 5679 tempore
1890 5603 2041 5688 anno
2068 5612 2193 5685 455]
2296 5614 2484 5688 cipegn,
2526 5623 2576 5667 et
2604 5615 2735 5688 ludo
2750 5603 3061 5688 geslatiortis
3085 5603 3351 5688 intentum
3386 5620 3678 5688 inopinantis
3712 5603 3901 5673 ictibus

617 5683 894 5748 consecuta
926 5685 1025 5741 est,
1068 5687 1176 5731 tant
1218 5681 1583 5748 imprudenter
1627 5681 1744 5735 non'
1786 5683 2049 5737 declinata
2079 5725 2091 5746 ,
2142 5681 2198 5736 ut

615 5747 924 5825 interfector
959 5748 1109 5825 Aetii
1141 5751 1336 5803 amicos
1380 5751 1773 5825 armigerosque
1821 5756 1936 5825 ejus
1993 5755 2197 5808 sibimet

620 5817 967 5885 consociaret,
1023 5820 1109 5883 qui
1161 5821 1394 5889 concepti
1441 5817 1696 5889 facinoris
1751 5817 2199 5896 opportunitatem

2300 5685 2665 5753 confoderunt.
2713 5685 2964 5757 Heraclio
2995 5686 3175 5749 simul,
3217 5698 3275 5740 ut
3316 5696 3434 5742 erat
3473 5685 3772 5757 proximus,
3819 5691 3899 5742 in-

2302 5762 2577 5827 terempto,
2613 5766 2661 5809 ct
2691 5755 2840 5810 nullo
2876 5772 2940 5809 ex
2971 5757 3309 5827 multitudine
3356 5755 3502 5827 regia
3534 5759 3607 5811 ad
3634 5760 3895 5814 ultionem

2301 5826 2436 5878 tanti
2465 5827 2673 5882 sceleris
2707 5843 2944 5883 accenso.
2976 5826 3039 5884 Ut
3065 5838 3240 5883 autem
3270 5830 3365 5884 hoc
3390 5828 3745 5899 parricidium
3778 5847 3897 5902 per.
