4108 6458
654 372 796 440 2519

1865 373 2177 435 EVAGRII
2217 373 2700 434 SCHOLASTICI

3755 377 3878 441 2590

651 501 776 539 cum
808 491 958 553 peste
1007 482 1173 535 vitam
1203 479 1456 546 finiisset,
1491 481 1822 551 Majorianus
1856 483 2082 536 biennio
2115 482 2218 535 im-

2337 498 2417 534 του
2451 482 2508 535 δὲ
2534 483 2626 534 τὸν
2657 483 2770 552 βίον
2798 482 2942 553 λιμῷ
2975 481 3402 552 μεταλλάξαντος
3439 483 3552 552 (54)
3573 485 3881 556 Μαῑουρῖνος

655 577 868 647 perium
919 573 1181 629 obtinuit.
1224 571 1323 628 Hic
1377 589 1502 628 cum
1547 589 1576 627 a
1630 573 1914 627 Recimerc
1957 573 2216 642 magistro

656 665 893 718 militum
919 677 1017 731 per
1041 661 1288 716 fraudem
1320 661 1643 715 interfectus
1665 670 1835 724 esset,
1861 660 2097 715 Severus
2114 661 2217 714 im-

657 755 870 826 perium
894 754 1182 824 occupavit
1217 753 1376 807 annis
1414 752 1609 806 tribus.

1179 955 1339 1024 297
1376 953 1525 1008 CAP.
1569 953 1701 1007 Vlll.

657 1049 731 1101 De
762 1049 903 1101 obitu
935 1047 1218 1110 Marciani,
1252 1054 1298 1098 et
1323 1046 1386 1098 de
1410 1047 1630 1109 imperio
1665 1042 1885 1105 Leonis;
1919 1050 1967 1094 et
1999 1058 2219 1111 quomo-

724 1118 789 1170 do
812 1118 1040 1171 heretici
1072 1115 1413 1169 Alexandria:
1453 1114 1752 1167 Proterium
1780 1113 1991 1181 quidem
2023 1113 2222 1164 occide—

727 1194 885 1308 r;mt;
917 1186 1240 1239 Timotheum
1273 1194 1450 1238 autem
1488 1181 1738 1236 {Elurum
1772 1183 2222 1251 archiepiscopum

724 1272 752 1309 e
776 1265 1013 1326 egerunt.

727 1348 900 1401 Porro
929 1346 1059 1399 dum
1090 1345 1328 1398 Severus
1349 1343 1532 1396 Romae
1557 1341 1850 1411 imperium
1874 1341 2224 1396 administra-

657 1445 765 1501 ret,
816 1437 1128 1489 Marcianus
1171 1450 1239 1488 ex
1291 1435 1536 1488 terrestri
1588 1449 1757 1502 regno
1809 1433 1877 1486 ad
1936 1432 2222 1486 meliorem

657 1536 858 1580 sortem
888 1526 1186 1579 translatus
1213 1530 1319 1587 est,
1355 1538 1476 1577 cum
1514 1534 1723 1592 septem
1767 1523 2034 1576 duntaxat
2063 1522 2225 1576 annis

657 1618 1004 1686 imperasset,
1044 1625 1461 1670 monumentum
1508 1604 1690 1669 aute'm
1736 1628 1965 1682 prorsus
2015 1614 2225 1683 regium

657 1708 874 1762 cunctis
904 1707 1230 1761 mortalibus
1259 1707 1594 1775 reliquisset.
1633 1706 1807 1760 Morte
1852 1706 1972 1775 ejus
2011 1705 2222 1770 audita,

2319 572 2566 643 δεύτερον
2599 572 2718 636 ἔτος
2749 571 2862 642 (55)
2915 575 3012 644 τὴν
3053 573 3330 641 βασιλείαν
3357 577 3623 647 κατέσχεν
3646 593 3662 608 °
3694 580 3882 631 Μαῖου-

2322 661 2470 729 ρίνου
2524 661 2661 731 πρὸς
2717 661 3034 732 Ῥεκιμέρου
3092 663 3204 716 τῶν
3252 665 3538 735 Ῥωμαίων
3591 668 3883 737 στρατηγοῦ

2319 751 2801 822 δολοφονηθέντος,
2833 752 3065 823 κατέσχε
3107 752 3208 824 τὴν
3247 754 3425 826 ἀρχὴν
3474 756 3713 828 Σέσηρος
3754 759 3889 810 heat

2321 842 2520 912 τρισίν.

2921 958 3170 1012 ΚΕΦΔΛ.
3212 958 3292 1013 Η’.

2324 1045 2471 1120 Περὶ¹
2492 1046 2596 1098 τοῦ
2629 1045 2886 1120 θανάτοιν
2914 1049 3280 1120 Μαρκίαν-οῦ,
3319 1050 3414 1102 καὶ
3444 1049 3554 1118 τῆς
3580 1053 3894 1120 βασιλείας

2393 1113 2652 1191 Λέοντος
2670 1116 2814 1191 '_xal
2835 1117 2920 1191 ᾡς
2943 1121 2996 1170 οι
3009 1113 3138 1191 τῶν
3171 1113 3613 1191 Ἀλεξανδρὲὼᾶ*
3637 1113 3897 1191 clipeata;

2393 1200 2486 1260 τίει
2523 1183 2630 1260 ror-
2661 1187 2981 1260 ῌροτέριον
3000 1183 3470 1260 ᾀποσςράττουσὶ
3492 1230 3506 1253 ,
3545 1183 3797 1259 Τιμοθέῳ
3835 1195 3897 1247 δᾶ

2393 1255 2473 1316 τῷ
2503 1256 2772 1321 Αιλούρῳ
2820 1255 2937 1323 τὴν
2978 1255 3432 1326 ἁρχιεῤωύνην
3485 1255 3894 1328 παρᾶὃιδόασι.

2401 1344 2518 1395 Ἔτι
2567 1344 2624 1396 δὲ
2680 1345 3056 1415 βασιλεύοντος
3121 1349 3409 1419 Ῥωμαίων
3466 1352 3707 1424 Σεὸήρου
3752 1355 3895 1426 (56),

2324 1435 2641 1504 Μαρκιανὸς
2673 1436 2772 1506 τὴν
2819 1436 3100 1506 βασιλείαν
3149 1441 3464 1495 ἐναλλάττει
3495 1444 3597 1514 (η),
3628 1447 3766 1516 πρὸς
3807 1450 3899 1516 τὴν

2328 1525 2609 1596 κρείττονα
2647 1530 3043 1600 μεταχωρήσας
3067 1531 3241 1600 λῆξιν,
3276 1535 3415 1589 ἑπτὰ
3443 1537 3541 1605 μὲν
3568 1527 3753 1605 ᾖόνοις
3793 1539 3899 1592 ἑτε-

2329 1631 2382 1667 σι
2414 1614 2526 1688 (5⁸1)
2572 1616 2671 1688 τὴν
2719 1616 3000 1687 βασιλείαν
3041 1621 3501 1695 διακυϐερνῆσας,
3539 1631 3806 1696 μνημεῖον
3851 1630 3899 1682 δὲ

2327 1707 2494 1772 ὅντως
2523 1709 2804 1778 βασιλικὸν
2833 1711 2944 1781 (58)
2980 1714 3387 1786 καταλελοιπὼς
3422 1718 3577 1786 παρὰ
3602 1720 3772 1770 πᾶσιν
3812 1723 3900 1772 ἀν-

656 1800 805 1852 cives
836 1797 1196 1851 Alexandrini
1245 1797 1379 1851 iram
1425 1797 1694 1852 adversus
1740 1797 2051 1850 Proterium
2092 1811 2227 1851 con-

2337 1798 2591 1871 θρὼποις.
2623 1802 2803 1871 Ὅπερ
2837 1804 2885 1854 οἱ
2911 1806 3010 1874 τῆς
3050 1795 3447 1877 Ἀλεξανδρέων
3473 1809 3788 1880 πυθόμενοι,
3813 1813 3900 1881 τὴν

657 1898 872 1960 eeptam
894 1891 1078 1943 acrius
1103 1905 1167 1943 ac
1196 1890 1492 1943 violentius
1523 1898 1880 1942 renovarunt.
1919 1887 2080 1942 Plebs
2107 1887 2231 1956 qui-

658 1983 782 2038 dem
815 1984 996 2038 omnis
1048 1990 1243 2051 suopte
1281 1982 1500 2051 ingenio
1531 1996 1705 2050 prona
1755 1992 1839 2036 est
1880 1980 1947 2034 ad
1997 1981 2224 2040 iracun-

658 2075 829 2143 diam,
872 2087 928 2132 et
975 2092 1040 2132 ex
1072 2076 1370 2130 levissimis
1410 2075 1595 2130 causis
1625 2088 1816 2128 ansam
1854 2072 2227 2127 tumultuandi

2333 1893 2474 1944 κατὰ
2500 1893 2797 1964 Προτερίου
2831 1897 2973 1967 μετὰ
3014 1897 3262 1966 μείζονος
3293 1898 3468 1967 Θυμοῦ
3516 1901 3613 1953 καὶ
3650 1901 3902 1970 πλείστης

2333 1985 2668 2056 Θερμότητος
2722 1987 3039 2043 ἀνενεοῦντο
3096 1990 3278 2060 μῆνιν.
3333 1992 3644 2056 Εὐέξαπτον
3695 1993 3803 2062 γάρ
3852 2009 3902 2044 τι

2334 2079 2524 2147 Χρῆμα
2556 2077 2690 2147 πρὸς
2722 2079 2892 2150 ὀργὴν
2920 2081 2949 2133 ὁ
2975 2081 3171 2151 δῆμος,
3207 2084 3300 2136 καὶ
3328 2083 3426 2146 τὰς
3447 2083 3716 2153 τυχούσας
3739 2086 3902 2153 ἁφορ⁶

1858 2219 2127 2275 VALESII
2161 2218 2718 2278 ANNOTATIONES.

660 2337 761 2389 tius
785 2335 896 2404 ejus
925 2335 1126 2389 decima
1143 2342 1292 2389 sexta
1314 2335 1586 2390 Kalendas
1603 2335 1814 2390 lunias.
1838 2336 1916 2390 Ex
1941 2336 2044 2388 hoc
2063 2335 2228 2404 igitur

660 2416 778 2468 loco
810 2406 1126 2476 conjectura
1166 2407 1435 2461 adductus
1463 2406 1742 2476 Sigdnius,
1781 2404 2227 2476 unoieodemque

659 2477 749 2538 die
795 2475 1016 2528 Avitum
1073 2491 1370 2545 purpuram
1416 2475 1736 2543 depbsuisse
1787 2483 1844 2529 et
1891 2475 2225 2545 iMessianum

661 2555 915 2607 necatum
963 2559 1082 2598 esse
1132 2544 1484 2608 existimavit,
1517 2547 1646 2600 licet
1682 2554 1840 2600 vetus
1873 2544 2225 2613 Chronogra-

679 2624 803 2676 ,hus
838 2615 889 2668 id
923 2629 1033 2667 non
1062 2615 1228 2669 dicat.
1265 2617 1389 2669 Dies
1432 2615 1577 2670 enim
1616 2616 1707 2668 ille
1757 2615 2006 2669 decimus
2039 2623 2226 2667 sextus

707 2684 931 2746 alendas
975 2683 1164 2738 Junias
1201 2685 1268 2739 ad
1303 2685 1506 2739 caedem
1535 2685 1786 2739 Messiani
1833 2684 2086 2748 refertur,
2117 2699 2227 2736 non

661 2762 732 2815 ad
773 2755 916 2809 Aviti
967 2754 1387 2820 depositionem.
1435 2755 1596 2809 Certe
1631 2755 1674 2806 si
1723 2770 1911 2807 verum
1963 2762 2046 2806 est
2075 2753 2223 2820 quod

662 2832 752 2886 hic
799 2824 991 2882 scribit
1045 2823 1330 2893 Evagrius,
1365 2833 1490 2878 octo
1507 2824 1777 2877 mensium
1809 2823 1984 2893 spatio
2004 2825 2226 2893 Avitum

664 2915 938 2971 regnasse,
984 2897 1103 2971 ejus
1137 2892 1515 2948 exauctoratio
1565 2893 1911 2971 ir_i_mensem
1973 2892 2225 2971 {tertium

2333 2351 2498 2408 anno,
2539 2336 2797 2392 Kalendis
2823 2337 3125 2408 Aprilibus,
3165 2337 3218 2392 id
3243 2345 3349 2408 est;
3371 2335 3590 2408 duobus
3611 2335 3725 2391 fere
3749 2353 3904 2391 men-

2331 2407 2484 2460 sibus
2518 2415 2642 2475 post
2681 2405 2891 2462 obitum
2938 2407 3217 2461 Marciani.
3251 2405 3352 2460 Cui
3401 2406 3602 2462 deinde
3644 2409 3908 2461 successit

2331 2476 2570 2530 Severus
2600 2491 2746 2530 anno
2794 2476 3002 2531 Christi
3050 2477 3175 2542 461,
3224 2476 3492 2531 Severino
3533 2483 3596 2528 et
3634 2476 3908 2544 Dagalaifo

2330 2561 2474 2600 coss.
2524 2546 2768 2615 quinque
2802 2547 2919 2601 fere
2964 2548 3120 2601 annis
3150 2556 3275 2617 post
3313 2547 3524 2600 obitum
3562 2545 3910 2614 imperatoris

2332 2615 2617 2669 Marciani.
2669 2617 2840 2670 Porro
2879 2616 2970 2670 hic
3008 2616 3242 2671 Severus
3270 2616 3378 2670 alio
3411 2616 3636 2670 nomine
3669 2615 3908 2671 Serpen-

2333 2631 2617 2669 marcnani.
2670 2631 2840 2670 rorro
2879 2631 2970 2670 mc
3008 2631 3242 2671 Severus
3270 2631 3378 2670 ano
3411 2631 3636 2670 nomine
3669 2631 3908 2685 Serpen-

2333 2686 2443 2738 tius
2475 2684 2660 2740 dictus
2691 2693 2798 2746 est,
2850 2696 2908 2741 ut
2943 2686 3105 2742 docet
3147 2685 3512 2754 Theophanes
3539 2684 3594 2738 in
3632 2683 3910 2749 Chronico,

2333 2769 2454 2824 pag.
2473 2755 2563 2818 97,
2585 2755 2670 2807 his
2695 2756 2910 2809 verbis:
2940 2756 3050 2807 Καὶ
3077 2755 3290 2825 ἐπήρθη
3319 2754 3580 2824 Σευῆρος,
3603 2755 3632 2805 ὁ
3660 2757 3752 2805 καὶ
3785 2755 3913 2823 Σιρ-

2334 2825 2567 2895 πένττος.
2598 2825 2706 2895 δίο
2747 2826 2893 2879 enim
2921 2824 3213 2895 legendUm
3241 2824 3462 2895 eSt,iut_
3477 2833 3628 2895 recte
3669 2825 3914 2895 conjecit

2332 2893 2415 2945 vir
2462 2893 2817 2949 doctissimus
2847 2892 3174 2949 Fran'ciscus
3225 2893 3612 2948 Combeﬁsius.
3655 2892 3825 2947 Certe
3861 2893 3912 2946 in

662 2950 938 3025 simi—7136'
963 2950 1119 3020 cadat
1158 2977 1380 3018 necesse
1427 2971 1530 3015 est.
1596 2961 1803 3015 ldatius
1854 2962 1908 3014 in
1969 2959 2226 3014 Chronico
2253 2950 2298 3011 Ο
2327 2959 2583 3016 Chronico
2621 2964 2982 3017 Alexandrino
3030 2965 3104 3018 ita
3154 2963 3382 3017 dicitur.
3415 2963 3722 3017 lndictione
3765 2963 3913 3016 enim

663 3051 781 3096 tres
803 3052 977 3092 armos
1004 3034 1218 3103 imperii
1239 3032 1400 3087 Avito
1426 3033 1670 3086 tribuere
1691 3031 1929 3084 videtur.
1958 3030 2048 3103 Si_c
2083 3032 2232 3103 enim

666 3109 861 3164 scribit
892 3126 905 3161 :
940 3100 1121 3161 Avitus
1161 3105 1312 3157 tertio
1360 3119 1500 3156 anno
1541 3110 1882 3171 posteaquam
1917 3118 1949 3152 a
1990 3100 2158 3155 Gallis
2183 3110 2232 3154 et

666 3199 698 3232 a
742 3179 918 3234 Gothis
950 3177 1119 3246 factus
1148 3175 1317 3246 fuerat
1345 3173 1840 3246 imperator,_‘caret
1868 3171 2108 3239 imperio,
2132 3171 2234 3246 Go-

665 3251 873 3302 thorum
925 3240 1180 3316 promisso
1226 3240 1506 3316 destitutus
1549 3240 1772 3303 auxilio,
1812 3251 1986 3316 cgret_
2015 3249 2064 3292 et
2101 3244 2232 3316 vita.

665 3319 865 3374 Verum
900 3308 955 3371 in
1002 3330 1103 3368 ms.
1139 3313 1330 3368 codice
1367 3327 1478 3374 quo
1521 3327 1654 3365 usus
1707 3319 1792 3365 est
1839 3308 2076 3363 Iacobus
2120 3310 2238 3364 Sir-

668 3327 865 3374 Verum
900 3327 955 3371 in
1002 3330 1103 3368 ms.
1139 3327 1330 3368 conice
1407 3327 1478 3365 uo
1521 3327 1654 3365 usus
1707 3327 1792 3365 εει
1839 3327 2076 3363 Jaconus
2120 3327 2233 3364 Sir-

667 3388 924 3452 mundus,
956 3386 1048 3439 hic
1084 3386 1238 3438 locus
1267 3383 1343 3436 ita
1367 3327 1622 3453 (legitur;
1655 3380 1826 3453 Tertio
1860 3395 2000 3453 ann_o
2031 3379 2233 3453 Auitus,

664 3460 883 3527 septimo
912 3450 1097 3510 mense
1123 3450 1468 3524 posteaquam
1498 3471 1537 3527 _a
1573 3450 1742 3527 Gallis
1759 3457 1829 3527 “et
1867 3468 1899 3502 a
1943 3450 2119 3527 Gothis
2150 3452 2234 3518 fa-

669 3519 780 3583 ctus
807 3529 980 3598 fuerat
1014 3519 1328 3598 imperator,
1355 3531 1460 3576 etc.
1490 3521 1727 3576 Jacobus
1749 3519 2086 3598 .Sirmundus
2110 3535 2232 3598 cum

670 3589 949 3655 hmc'duo
992 3589 1158 3649 simul
1213 3602 1357 3647 stare
1403 3607 1513 3645 non
1552 3606 1713 3660 posse
1740 3589 2120 3660 intelligeret,»
2137 3591 2235 3644 has

667 3671 803 3723 duas
849 3682 1011 3722 voces
1033 3667 1251 3734 septimo
1286 3659 1568 3734 mense,rin’
1617 3659 1859 3734 editione
1889 3675 1987 3711 sua
2028 3660 2232 3723 omisit,

668 3741 865 3794 melius
909 3731 1154 3792 facturus
1203 3735 1249 3787 si
1289 3732 1426 3785 duas
1465 3733 1586 3785 illas
1627 3731 1781 3782 tertio
1829 3745 1992 3789 anno,
2025 3745 2234 3796 expun-

667 3811 857 3862 xisset.
893 3807 1086 3875 Neque
1119 3805 1269 3858 enim
1315 3802 1507 3855 Avitus
1554 3809 1665 3853 tres
1702 3813 1877 3875 annos
1925 3799 2234 3875 imperavit,

666 3878 761 3934 sed
803 3867 1013 3946 septeni
1061 3874 1324 3946 duntaxat
1354 3880 1448 3924 aut
1489 3878 1616 3924 octo
1654 3867 1957 3946 mensibus,
1994 3868 2238 3946 qui_sub

666 3937 883 4001 duobus
923 3945 1302 4000 consulatibus
1324 3947 1712 3995 cucurrerunt.
1743 3937 1897 3992 Unde
1938 3953 1965 3990 a
2005 3937 2236 4006 quibus-

666 4019 791 4071 dam
814 4015 1179 4085 scriptoribus
1204 4011 1488 4085 biennium
1517 4022 1774 4085 regnasse
1827 4007 2050 4061 dicitur.
2078 4006 2237 4061 Certe

665 4078 948 4142 Cedrenus
992 4085 1049 4138 in
1095 4082 1350 4138 Chronico
1380 4081 1453 4133 ita
1488 4078 1700 4132 scribit.

739 4157 850 4226 (54)
926 4151 1625 4226 Atptbﬂswtdla'fartocl
1672 4145 1947 4226 Musculus
1991 4154 2047 4199 et
2075 4145 2238 4200 Chri-

669 4217 1068 4294 sto‘ph'orson'us
1101 4217 1271 4294 ᾏοιμῷ
1295 4221 1562 4294 legerunt.
1588 4218 1765 4294 Quam
1785 4217 2112 4294 scripturam
2149 4231 2241 4270 ve-

672 4297 874 4350 riorem
907 4302 1061 4362 puto.

670 4365 763 4435 qui
790 4356 922 4434 post
951 4356 1274 4435 depositum
1293 4356 1918 4435 i_mperiu’m_episcopu.s
1947 4356 2241 4435 Placentiae

672 4425 847 4488 iactus
886 4442 991 4495 est,
1025 4425 1108 4486 'ut
1151 4430 1342 4485 scribit
1371 4425 1554 4482 Victor
1581 4425 1932 4480 Tunonensis
1959 4432 2014 4477 et
2043 4425 2243 4479 Marius

675 4508 728 4556 in
769 4503 1044 4566 Chronico,
1093 4501 1234 4554 fame
1281 4498 1577 4552 interiisse.
1631 4496 1915 4564 Vulgatam
1951 4503 2133 4547 tamen
2161 4496 2243 4549 le-

675 4575 911 4628 ctionem
945 4572 1176 4626 retinuit
1223 4569 1590 4638 Nicephorus.

769 4644 859 4712 55)
898 4640 1255 4712 Μαϊουρῖνος
1273 4633 1553 4703 δεύτερον
1573 4637 1731 4712 ἔτος.
1758 4633 2088 4712 Majorianus
2116 4649 2249 4702 qua-

674 4724 802 4768 tuor
837 4705 1011 4766 annos
1032 4705 1096 4764 ac
1119 4710 1345 4763 totidem
1379 4721 1595 4761 menses
1619 4705 1912 4774 imperium
1941 4705 2246 4774 Romanum

675 4782 1101 4845 administravit,
1131 4788 1191 4832 ut
1213 4780 1374 4833 docet
1399 4786 1554 4830 vetns
1576 4775 2040 4896 Chronographus
2067 4773 2250 4853 editus

676 4868 704 4896 ο
740 4851 1095 4896 Πιιςηίηἰςδηο-
1135 4850 1222 4896 cui
1271 4848 1534 4896 snscribit
1563 4846 1770 4896 ldatius
1805 4854 1860 4896 et
1925 4844 2248 4896 lareelltnus

675 4868 706 4906 a
740 4844 1096 4920 Cnspiniano,
1135 4850 1223 4920 cui
1271 4848 1534 4920 suscribit
1563 4846 1770 4920 ldatjus
1805 4854 1860 4899 et
1899 4844 2248 4920 Marcellinus

677 4923 732 4976 in
783 4913 1060 4976 Chronico.
1108 4919 1247 4973 Huic
1303 4917 1606 4972 succedens
1665 4916 1922 4976 Severus,
1969 4914 2084 4982 pari
2131 4913 2247 4967 fere

676 5007 945 5046 annorum
976 4990 1155 5058 spatio
1179 4989 1487 5056 imperavit.
1526 4996 1586 5040 ut
1612 4986 1778 5058 iidem
1807 4985 2246 5058 scriptor-estra-

677 5063 834 5116 dunt.
875 5053 1075 5115 Verum
1130 5053 1395 5127 haec—post
1448 5055 2079 5127 mortem_ir_npe_rat_oris
2106 5053 2249 5127 hlar-

672 5132 820 5186 ciani
868 5133 1236 5199 contigerunt,
1274 5123 1468 5183 'Leone
1507 5127 1644 5197 Aug.
1680 5124 1920 5180 Orientis
1956 5123 2248 5193 imperium

677 5201 1117 5254 administrante.

753 5271 862 5340 (56)
888 5271 1325 5340 Βασιλεύοντος
1342 5269 1620 5333 Seu/(pou.
1636 5267 1798 5340 Errat
1811 5264 2094 5340 Evagrius.
2108 5265 2250 5340 hier-

677 5334 812 5394 tuus
857 5350 941 5394 est
975 5339 1282 5394 Marcianus
1319 5339 1596 5409 Augustus
1625 5334 2250 5409 Constantinoetliufo

681 5425 824 5464 coss.
861 5426 1006 5464 anno
1038 5409 1239 5467 Christi
1270 5405 1621 5474 457,'mense
1655 5407 1969 5459 Februario.
1999 5405 2250 5473 Majoria-

682 5495 787 5533 nus
832 5496 960 5535 vero
1007 5483 1280 5537 Ravennae
1333 5481 1634 5548 imperator
1683 5478 1895 5530 levatus
1943 5485 2026 5530 est
2055 5477 2249 5529 eodem

1107 4284 1298 4358 Neque
1344 4284 1490 4343 enim
1521 4287 1804 4358 probabile
1845 4284 2235 4358 estAAvitum,
2269 4291 2316 4349 D
2344 4284 2700 4358 interpolavit
2745 4284 3087 4358 Nicephorus
3112 4287 3236 4358 hoc
3284 4287 3612 4358 ωοόομκαὶ

2333 3031 2546 3085 decima
2589 3033 2806 3101 quinta,
2854 3033 2964 3087 Leo
3017 3034 3295 3101 Augustus
3345 3033 3535 3086 consul
3581 3033 3782 3086 iterum
3817 3047 3913 3101 po-

2333 3101 2484 3154 nitur
2533 3117 2681 3172 cum,
2729 3101 3043 3172 Serpentio.
3095 3101 3325 3157 Constat
3368 3111 3554 3156 autem
3617 3102 3729 3172 hoc
3773 3117 3915 3156 anno

2334 3173 2615 3242 consulem
2664 3168 2850 3226 fuisse'
2873 3173 3140 3242 severum
3182 3173 3488 3242 Augustn_m
3537 3187 3664 3225 cum
3709 3168 3913 3226 Leone.

2336 3239 2426 3294 Sic
2474 3243 2622 3295 enim
2668 3242 2861 3295 scribit
2903 3239 3356 3297 Cassiodorus'in
3411 3240 3604 3306 Fastis,
3652 3251 3710 3296 et
3758 3251 3916 3296 vetus

2336 3319 2529 3363 auctor
2571 3327 2601 3364 a
2649 3311 2984 3379 Cuspiniano
3023 3312 3225 3367 editus.

2406 3381 2522 3448 (57)
2615 3381 2792 3451 Ἑπτὰ
2811 3381 2929 3449 μὲν
2947 3382 3157 3449 μόνοις
3179 3384 3360 3437 ἔτεσι.
3395 3381 3710 3436 Marcianus
3749 3382 3918 3451 impe-

2337 3451 2482 3502 ravit
2523 3450 2685 3504 annis
2735 3466 2830 3504 sex
2871 3466 2936 3505 ac
2986 3451 3214 3505 totidem
3251 3453 3554 3511 mensibus.
3603 3461 3664 3504 ut
3724 3450 3918 3506 scribit

2335 3518 2684 3573 Marcellinus
2714 3528 2769 3574 et
2798 3520 2985 3575 Victor
3023 3518 3372 3576 Tunonensis
3410 3522 3464 3575 in
3501 3520 3784 3575 Chronico.
3819 3523 3916 3576 lm—

2336 3589 2548 3656 periuni
2595 3589 2718 3644 iniit
2748 3605 2892 3641 anno
2917 3591 3122 3644 Christi
3150 3591 3274 3653 450,
3307 3592 3395 3644 die
3423 3601 3619 3644 octavo
3648 3591 3918 3645 Kalendas

2337 3657 2702 3725 Septembris,
2730 3658 2867 3712 feria
2889 3659 2942 3722 5,
2968 3660 3306 3714 utscribitur
3326 3661 3380 3714 in
3413 3659 3670 3715 Chronico
3688 3662 3920 3713 Alexan-

2337 3729 2512 3780 drino.
2545 3726 2698 3781 Obiit
2742 3737 2925 3782 autem
2969 3745 3114 3783 anno
3154 3729 3359 3784 Christi
3391 3731 3514 3794 457,
3565 3731 3669 3783 sub
3707 3732 3916 3784 exitum

2337 3797 2544 3851 mensis
2591 3798 2860 3861 Januarii,
2892 3808 2952 3851 ut
2987 3799 3180 3852 scribit
3218 3800 3544 3853 Theodorus
3578 3798 3804 3862 Lector,
3834 3801 3918 3853 cui

2339 3867 2614 3921 consentit
2668 3876 2863 3921 auctor
2912 3867 3158 3921 Chronici
3200 3869 3574 3922 Alexandrini.
3626 3867 3732 3923 Hic
3779 3871 3920 3923 enim

2339 3938 2577 3990 Leonem
2609 3937 2703 4004 qui
2733 3939 3001 3991 successit
3028 3938 3322 4004 Marciano,
3357 3940 3595 3992 levatum
3627 3954 3756 3993 esse
3787 3940 3919 3993 scri-

2340 4007 2652 4076 bitimense
2691 4007 2922 4070 Peritio,
2971 4007 3060 4060 die
3109 4008 3344 4076 septimo
3386 4008 3518 4062 ldus
3564 4008 3918 4062 Februarias.

2339 4075 2744 4199 ltaédarcizinus
2764 4076 3055 4145 imperavit
3072 4075 3366 4132 sexannos
3411 4093 3632 4132 menses
3671 4079 3921 4148 quindue

2339 4157 2396 4199 et
2469 4161 2546 4199 res
2586 4162 2614 4199 a
2642 4155 2814 4199 iauot.

2339 4157 2396 4200 et
2428 4155 2546 4200 dies
2586 4155 2814 4214 aliquot.

2413 4215 2523 4285 (58)
2564 4217 2868 4285 Μνημεξον
2886 4215 2954 4268 δὲ
2976 4216 3162 4281 ὄντως
3179 4218 3532 4279 βασιλικόν.
3558 4216 3723 4271 Hunc
3741 4218 3919 4270 locum

3703 4305 3770 4350 νη
3781 4303 3922 4350 μειον

2344 4305 2698 4354 mterporavu
2745 4305 3087 4354 mcepnorus
3132 4305 3236 4340 nec
3284 4305 3468 4348 mouo,
3518 4305 3612 4338 και
3657 4305 3731 4355 μγ
3781 4305 3922 4350 μειον

2343 4359 2509 4409 πᾶσιν
2530 4353 2841 4423 ἀνθρώποις
2859 4357 2959 4423 τὴν
2982 4354 3260 4423 βασιλείαν
3282 4356 3717 4416 καταλελοιπώς.
3736 4305 3922 4409 ἸΞιιω-

2343 4427 2469 4480 dem
2513 4438 2734 4495 sensum
2773 4432 3002 4478 secutus
3035 4433 3120 4477 est
3158 4425 3719 4495 Christophorsonus,
3769 4435 3828 4478 ut
3861 4440 3925 4479 ex

2343 4494 2805 4563 interpretatione
2830 4495 2950 4562 ejus
2982 4504 3230 4562 apparet.
3263 4495 3352 4549 Sic
3387 4494 3540 4550 enim
3570 4495 3743 4549 vertit
3783 4495 3925 4547 hunc

2343 4566 2548 4619 locum.
2575 4563 2886 4632 Exemplari
2919 4579 3034 4616 vere
3057 4566 3200 4632 regio
3231 4565 3466 4618 omnibus
3499 4565 3568 4616 ad
3610 4564 3923 4616 intuendum

2347 4632 2836 4688 reticto.Musculus
2863 4647 2996 4687 vero
3023 4633 3104 4686 sic
3134 4635 3532 4704 interpretatus
3568 4643 3672 4687 est.
3715 4635 3786 4687 Et
3827 4649 3929 4704 me-

2351 4705 2576 4757 moriam
2625 4705 2709 4756 sui
2739 4719 2857 4756 uere
2899 4703 3229 4771 imperialem
3265 4702 3407 4772 apud
3434 4711 3644 4756 cunctos
3676 4702 3925 4756 mortales

2351 4774 2667 4843 reliquisset.
2709 4773 2912 4827 Verum
2947 4773 3001 4826 id
3036 4787 3148 4825 non
3195 4774 3328 4827 dicit
3357 4773 3646 4842 Evagrius,
3675 4773 3775 4826 sed
3809 4786 3923 4824 mo-

2351 4852 2679 4898 numentum
2713 4844 2871 4912 plane
2906 4843 3117 4910 regium
3162 4858 3191 4894 a
3217 4843 3489 4896 Marciano
3523 4843 3781 4896 relictum
3812 4855 3926 4894 esse

2351 4914 2497 4967 aoud
2563 4923 2791 4967 CUIIClOS
2835 4913 3115 4965 mortales.
3163 4913 3231 4966 id
3273 4921 3456 4967 autem
3507 4920 3925 4966 monumentum

2350 4979 2502 5037 aliud
2541 5000 2662 5037 esse
2696 4998 2805 5036 non
2853 4989 3053 5050 potest,
3101 4997 3264 5050 quam
3305 4992 3398 5035 aut
3446 4983 3552 5035 vita
3587 4982 3772 5049 ipsius,
3807 4979 3926 5033 reli-

2353 5054 2501 5122 giose
2531 5063 2673 5114 acta,
2696 5063 2790 5106 aut
2815 5060 2965 5106 certe
2989 5053 3230 5122 synodus
3253 5050 3744 5114 Chalcedonensis,
3769 5062 3925 5122 quam

2354 5117 2446 5177 ille
2495 5125 2560 5176 ad
2609 5117 3169 5188 tollendas_Ecclesi:e
3201 5122 3574 5176 dissensiones
3606 5117 3926 5188 congregari

2348 5193 2534 5262 jussit,
2580 5202 2634 5247 et
2667 5194 2755 5246 cui
2805 5186 2941 5260 ipse,
3001 5193 3253 5262 exemplo
3309 5189 3656 5262 Constantini
3691 5186 3926 5245 Maximi,

2355 5260 2623 5318 interesse
2654 5263 2847 5316 voluit.
2879 5262 3017 5316 Cum
3045 5261 3210 5330 igitur
3240 5263 3359 5330 ejns
3389 5260 3741 5330 potissimum
3770 5271 3928 5326 opera

2354 5350 2418 5388 ac
2455 5335 2638 5388 studio
2667 5335 2894 5388 collecta
2925 5328 3092 5400 atque
3133 5328 3371 5402 perfecta
3389 5328 3567 5384 fuerit
3617 5328 3738 5402 haec
3778 5340 3930 5402 sine:

2355 5406 2479 5485 dus,
2519 5406 2644 5474 jure
2688 5404 2886 5485 merito
2933 5398 3073 5471 opus
3115 5398 3179 5458 ac
3219 5409 3636 5457 monumentum
3672 5398 3927 5452 Marciani

2355 5477 2485 5542 imp.
2528 5477 2708 5530 vocari
2752 5483 2952 5544 potest.

2132 5612 2518 5668 VARIORUM.

756 5712 835 5783 (rt)
875 5711 1216 5783 Μαρκιανὸς
1259 5708 2142 5783 τὴν,ϐασιλείαν-ἓξναλλᾴττετ.
2184 5710 2233 5762 [ὶι

2337 5723 2541 5776 :mporc
2585 5707 2768 5761 obitus
2808 5705 3065 5761 Marciani
3108 5704 3233 5759 vide
3297 5703 3453 5771 plura
3497 5699 3552 5754 in
3626 5689 3930 5751 adnotatim

694 5778 852 5844 nibus
884 5778 1342 5837 ad‘Thcudorum
1389 5782 1694 5846 Lectorem,
1729 5779 1823 5833 lib.
1859 5796 1894 5844 ι,
1929 5778 2104 5832 initio.
