4108 6470
185 384 322 450 ’2521

1126 397 1514 460 HISTORIA?
1552 398 2148 464 ECCLESIASTIC/E
2183 404 2413 464 LIBER
2455 405 2513 463 II

3319 412 3460 476 2522

203 517 300 586 μὰς
326 512 660 584 ὑπέκκαυμα
691 512 802 565 τῶν
853 511 1100 583 θορύϐων
1135 512 1276 583 ἔχων
1305 529 1320 544 ·
1349 513 1447 585 οὐχ
1480 514 1684 584 ἥκιστα
1712 514 1768 567 δὲ

1875 517 2088 586 arripit.
2125 517 2233 572 Sed
2265 534 2376 587 pra:
2417 519 2648 588 reliquis
2681 520 2963 585 omnibus,
3008 521 3325 593 bujusmodi
3373 537 3460 582 est

196 607 402 662 πάντων
433 609 462 660 6
497 607 593 677 τῆς
640 604 992 676 Ἀλεξάνδρου
1026 603 1123 676 (0),
1155 605 1352 677 πλήθει
1381 623 1441 659 τε
1465 605 1646 676 πολλῷ
1674 623 1766 659 κο-

196 701 303 771 μῶν
331 699 397 764 ⁸⁸,
435 699 530 752 καὶ
563 698 802 768 μάλιστα
833 699 1033 766 ἀφανεῖ
1066 715 1124 750 τε
1152 698 1246 752 καὶ
1282 687 1566 769 συγκλύδῳ
1604 698 1716 769 (59)
1749 741 1763 764 ,

195 793 280 847 καὶ
313 792 609 863 παραλόγῳ
640 789 832 861 θράσει
867 790 967 854 τάς
1006 791 1185 859 όρμάς
1208 789 1590 861 γαυρούμενος
1625 791 1763 861 (60).

194 886 344 940 Ὅθεν
371 883 785 956 ἀμέλει,φασὶν,
804 881 922 947 ὲξὸν
947 882 1023 953 τῷ
1041 882 1351 953 βουλομένῳ
1377 883 1439 934 τὸ
1462 881 1766 951 προστυχὸν

194 976 592 1048 καταρῤήξαντι
618 974 754 1045 (61),
791 974 928 1045 πρὸς
949 972 1250 1044 δημοτικὴν
1272 962 1464 1026 στάσιν
1487 972 1588 1040 τὴν
1610 971 1767 1023 πόλιν

194 1067 568 1137 ὲκϐακχεύειν,
597 1067 754 1134 ἄγειν
786 1082 846 1117 τε
893 1065 988 1117 καὶ
1015 1063 1204 1133 φέρειν
1252 1064 1362 1132 ὅπη
1394 1065 1490 1117 ml.
1540 1063 1662 1116 καθ’
1704 1054 1765 1115 οὗ

195 1161 451 1233 βούλεται.
487 1159 568 1212 Τά
602 1157 773 1211 πολλὰ
795 1156 853 1210 δὲ
887 1157 984 1210 καὶ
1009 1157 1384 1226 παιγνιήμονα
1413 1155 1764 1221 καθεστάναι,

193 1253 365 1315 καθὼς
402 1251 689 1322 Ἡρόδοτος
731 1249 861 1320 περὶ
890 1249 1186 1319 Ἀμάσιδος
1227 1247 1340 1318 (62)
1392 1250 1615 1319 ἱστορεῖ.
1656 1248 1769 1301 Καὶ

191 1345 400 1398 τοιαῦτα
422 1345 522 1413 μὲν
544 1345 573 1397 ό
599 1342 770 1412 δῆμος
790 1344 1019 1405 ἐκεῖνος·
1043 1343 1104 1395 οὐ
1130 1343 1238 1411 μὴν
1255 1339 1391 1453 τάχε
1409 1340 1545 1395 ἄλλα
1560 1341 1677 1392 οἴου
1702 1339 1769 1393 ἀν

349 1435 362 1453 .
579 1433 627 1453 J
710 1449 791 1453 ---
836 1432 1022 1453 .η-,-,
1045 1432 1305 1453 -λ--,.-,,
1327 1431 1349 1453 ε
1381 1428 1468 1453 ,τη
1494 1447 1580 1453 ,,,,
1601 1430 1682 1453 ,ιη
1710 1431 1753 1453 ,ε

189 1453 266 1500 τις
283 1435 369 1488 καὶ
386 1433 813 1505 κατεφρόνησεν.
836 1432 1102 1503 Ἐπιτηρή
1112 1448 1305 1493 σαντες
1323 1428 1469 1484 δὀὖν
1493 1430 1683 1500 καιρὸν
1706 1431 1755 1483 οί

191 1527 280 1594 τῆς
324 1525 697 1596 Ἀλεξάνδρου,
730 1523 856 1577 καθ’
881 1523 941 1576 ὃν
980 1524 1260 1584 Διονύσιος
1285 1523 1395 1575 τῶν
1438 1539 1762 1591 στρατιωτι-

191 1618 294 1671 κῶν
322 1619 622 1688 ταγμάτων
660 1615 971 1686 ἡγούμενος
995 1656 1008 1681 ,
1043 1615 1186 1684 ἀμφὶ
1215 1614 1314 1684 τὴν
1360 1613 1472 1667 ἀνω
1499 1611 1768 1681 διέτριϐεν

193 1710 478 1776 Αίγυπτον,
512 1707 843 1777 ψηφίζονται
880 1707 1146 1776 Τιμόθεον
1187 1706 1277 1759 τὸν
1308 1703 1539 1776 ἐπίκλην
1579 1703 1771 1756 Αίλου-

197 1818 280 1870 ρον
323 1801 379 1863 ὲς
424 1799 517 1852 τὸν
573 1802 672 1870 τῆς
721 1797 1138 1870 ἀρχιερωσύνης
1184 1796 1454 1865 ἀναϐῆναι
1513 1795 1722 1865 βαθμὸν
1749 1835 1765 1861 ,

1874 609 2114 679 populus
2146 609 2575 675 Alexandrinus,
2605 611 2812 682 quippe
2851 613 2946 682 qui
2996 615 3232 668 maxima
3269 617 3458 671 multi-

1874 699 2067 753 tudine
2099 699 2372 772 abundat,
2409 715 2585 770 eaque
2634 701 2873 756 obscura
2909 709 2966 758 et
3001 705 3317 772 promiscua
3352 706 3454 761 ho-

1874 791 2510 856 minum‘convenarum,
2547 801 2605 846 et
2635 793 2908 863 praecipiti
2941 795 3180 864 quadam
3227 797 3457 854 audacia

1873 889 2036 950 atque
2065 881 2275 950 impetu
2304 880 2556 936 eﬂ‘ertur.
2589 883 2778 953 Itaque
2811 884 2966 938 aiunt
2998 886 3168 941 licere
3199 887 3311 942 illic
3338 889 3460 942 cui-

1871 971 1977 1036 vis,
2011 972 2056 1025 si
2088 973 2348 1038 voluerit,
2377 973 2656 1027 levissima
2687 975 2978 1029 occasione
3013 987 3260 1046 arrepta,
3289 994 3464 1048 popu-

1872 1060 1987 1114 lum
2015 1061 2082 1115 ad
2118 1062 2394 1132 publicam
2424 1063 2757 1118 seditionem
2788 1065 3094 1133 concitare,
3128 1076 3186 1121 et
3218 1083 3330 1136 quo
3358 1085 3457 1123 vo-

1873 1153 2039 1208 luerit
2059 1162 2116 1209 et
2149 1162 2344 1210 contra
2385 1171 2553 1225 quem
2586 1157 2828 1213 voluerit
2854 1158 3081 1213 ducere.
3134 1159 3242 1214 Sed
3289 1170 3345 1214 et
3376 1163 3463 1231 jo-

1874 1244 1954 1298 cis
1987 1259 2052 1299 ac
2079 1244 2311 1300 ludicris
2342 1254 2402 1298 ut
2429 1245 2734 1315 plurimum
2777 1246 3157 1312 delectantur,
3195 1249 3462 1317 quemad-

1875 1336 2103 1391 modum
2137 1337 2207 1392 de
2233 1337 2416 1392 Amasi
2462 1338 2660 1393 scribit
2710 1339 3048 1395 Herodotus.
3095 1342 3163 1395 Et
3224 1341 3464 1410 populus

1874 1430 2098 1499 quidem
2119 1431 2532 1488 Alexandrinus
2572 1432 2739 1502 298
2768 1433 3084 1488 istiusmodi
3123 1445 3227 1488 est.
3257 1436 3314 1488 In
3341 1435 3465 1489 aliis

1875 1530 2059 1576 autem
2136 1524 2302 1578 rebus
2378 1524 2806 1595 haudquaquam
2872 1526 3241 1595 spernendus.
3295 1527 3462 1597 Igitur

1873 1614 2256 1680 Alexandrini,
2302 1625 2518 1685 captato
2557 1630 2802 1687 tempore
2835 1634 2944 1688 quo
2978 1619 3297 1690 Dionysius,
3350 1618 3460 1673 dux

1875 1705 1957 1759 rei
1988 1706 2266 1772 militaris,
2305 1707 2360 1761 in
2397 1709 2688 1778 superiore
2729 1709 2964 1782 Egypto
2991 1702 3334 1774 morabatur,
3371 1709 3463 1764 Ti-

1875 1798 2170 1851 motheum
2189 1799 2485 1868 quemdam
2519 1811 2888 1872 cognomento
2921 1801 3195 1865 .Elurum,
3226 1802 3459 1856 Alexan-

203 1889 386 1960 πρώην
417 1890 516 1961 μὲν
542 1889 636 1944 τὸν
668 1889 958 1965 μοναδικὸν
993 1886 1424 1958 ἐπιτηδεύσαντα
1457 1884 1590 1955 βίον,
1618 1883 1768 1935 ὓστε·

1877 1886 2050 1942 drina:
2086 1888 2243 1943 urbis
2299 1890 2624 1960 episcopum
2681 1892 2914 1961 eligunt,
2970 1893 3067 1962 qui
3117 1893 3273 1963 prius
3329 1893 3459 1962 qui-

196 1997 279 2049 ρον
297 1981 352 2033 δὲ
377 1982 488 2045 τοῖς
522 1981 920 2052 πρεσϐυτέροις
959 1978 1393 2049 ὲναριθμηθέντα
1430 1976 1532 2046 τῆς
1580 1974 1768 2042 Ἀλεξ-

1875 1978 1997 2032 dem
2030 1981 2398 2035 monasticam
2437 1983 2607 2036 vitam
2649 1984 2995 2048 excoluerat,
3036 1994 3224 2054 postea
3247 1999 3379 2038 vero
3411 1983 3466 2038 in

193 2071 425 2142 ανδρὲων
447 2092 461 2105 ·
524 2077 620 2128 καὶ
649 2074 786 2144 πρὸς
809 2072 911 2142 τὴν
944 2071 1190 2142 μεγάλην
1213 2070 1513 2138 ἀγαγόντες
1541 2068 1769 2138 Ἐκκλη-

1874 2085 2168 2125 numerum
2219 2073 2675 2144 presbyterorum
2737 2074 3133 2130 Alexandrinae
3207 2075 3467 2130 EcClcsiae

195 2163 327 2228 σίαν,
362 2164 396 2236 ἢ
435 2163 718 2233 Καίσαρος
754 2163 866 2235 (6'5)
902 2159 1374 2234 προσαγορεύεται
1405 2199 1420 2224 ,
1469 2157 1768 2211 ἐπίσκοπον

1875 2157 2054 2212 fuerat
2080 2161 2375 2230 ascriptus.
2409 2162 2568 2217 Hunc
2595 2179 2726 2234 ergo
2758 2164 2825 2218 ad
2856 2167 3118 2236 majorem
3141 2167 3464 2232 Ecclesiam,

195 2255 365 2324 σφίσιν
393 2254 837 2328 προχειρίζονται
861 2296 876 2320 ,
911 2255 993 2308 ἔτι
1036 2252 1332 2325 Προτερίου
1387 2249 1670 2320 περιόντος
1711 2266 1770 2303 τε

195 2347 280 2399 καὶ
309 2347 376 2400 τά
402 2349 504 2418 τῆς
533 2347 810 2417 ῑερατείας
837 2345 1294 2416 αὖτουργοῦντος.
1321 2343 1590 2414 Παρῆσαν
1613 2342 1671 2394 δὲ
1698 2344 1765 2412 τῇ

197 2440 488 2510 χειροτονίᾳ
519 2439 803 2503 Εὐσέϐιος.
822 2442 850 2493 6
886 2438 983 2491 τοῦ
1010 2437 1311 2508 Πηλουσίου
1344 2436 1639 2507 πρόεδρος,
1670 2435 1774 2488 Πέ-

197 2545 315 2599 τρος
348 2547 439 2595 τε,
474 2532 502 2583 6
534 2531 595 2595 ἐξ
641 2531 884 2602 Ἰϐηρίας
912 2531 1177 2599 Μαῖουμᾶ
1204 2527 1299 2581 τοῦ
1345 2527 1616 2598 πολιχνίου
1641 2569 1656 2593 ,
1699 2527 1777 2591 ὡς

199 2624 261 2675 τά
298 2622 425 2693 περὶ
451 2622 663 2677 τούτων
694 2622 974 2690 ἱστόρηται
1005 2619 1082 2689 τῷ
1106 2620 1198 2672 τὸν
1246 2618 1360 2688 βίον
1397 2617 1778 2688 συγγράψαντι

201 2714 394 2785 Πέτρου
426 2729 442 2744 ⁸
475 2716 536 2778 ὃς
596 2729 729 2783 φησι
781 2712 878 2765 τὸν
947 2712 1238 2781 Προτέριον
1305 2711 1382 2780 μὴ
1429 2711 1518 2763 τὸν
1567 2709 1777 2779 δῆμον,

200 2806 325 2860 ἀλλά
355 2823 476 2860 τινα
505 2805 616 2860 τῶν
648 2803 1000 2876 στρατιωτῶν
1026 2801 1485 2873 διαχειρίσασθαι.
1512 2800 1782 2870 Κατειληο

1875 2266 1997 2320 quae
2045 2250 2277 2307 Caesaris
2317 2253 2543 2319 dicitur,
2590 2271 2714 2310 cum
2773 2255 3085 2322 duxissent,
3145 2259 3466 2328 episcopum

1879 2342 1985 2396 sibi
2013 2343 2384 2411 constituunt,
2433 2346 2689 2401 Proterio
2718 2347 2899 2402 adhuc
2951 2350 3254 2417 superstite
3275 2358 3330 2403 et
3355 2351 3472 2419 epi-

1877 2437 2099 2506 scopale
2121 2424 2328 2492 munus
2356 2438 2620 2492 obeunte.
2667 2439 3050 2494 lnterfuerunt
3083 2448 3268 2493 autem
3315 2440 3466 2494 ordi-

1878 2528 2094 2582 nationi
2149 2529 2427 2584 Eusebius
2449 2530 2746 2599 episcopus
2777 2531 3006 2601 Pelusii,
3051 2541 3108 2585 et
3159 2531 3357 2585 Petrus
3406 2547 3512 2588 ex.

1877 2615 2105 2671 Hiberia
2137 2618 2430 2682 oriundus,
2463 2620 2766 2689 episcopus
2797 2621 3064 2689 Majumae,
3115 2622 3475 2690 quemadmo-

1880 2707 2012 2762 dum
2038 2719 2441 2764 commemorat
2467 2710 2512 2765 is
2548 2711 2642 2779 qui
2673 2713 2839 2765 vitam
2888 2713 3038 2767 Petri
3092 2712 3298 2768 litteris
3329 2728 3476 2766 mau-

1882 2800 2055 2856 davit.
2089 2801 2193 2868 Qui
2217 2802 2443 2873 quidem
2480 2805 2680 2860 scribit
2738 2806 3052 2862 Proterium
3102 2823 3216 2862 non
3254 2822 3284 2861 a
3315 2806 3476 2877 plebe

1490 2939 1726 2995 vimina
1760 2920 2167 2996 LECTIONES.

265 3037 308 3071 “
326 3038 385 3095 C.
422 3038 485 3095 C.
518 3036 745 3108 κωμῶν.

1397 3144 1665 3201 VALESII
1701 3144 2264 3202 ANNOTATIONES.

266 3250 375 3323 (59)
416 3247 666 3323 ῘΑφᾳνεῖ
688 3263 752 3300 τε
780 3245 880 3323 κᾳί
909 3243 1291 3323 συρρύσεις.
1343 3242 1404 3323 In
1455 3257 1558 3296 ms.
1587 3242 1777 3296 codice

205 3313 510 3377 Florentino
529 3318 731 3388 legitur
750 3317 845 3369 καὶ
862 3315 1167 3388 συγκλύδῳ.
1192 3313 1367 3388 Leges
1389 3321 1570 3388 tamen
1599 3328 1780 3388 gram-

205 3392 406 3446 matica:
437 3382 723 3460 postulant
755 3394 814 3460 ut
839 3382 1147 3460 scribamus
1191 3383 1470 3460 adﬁnium,
1509 3382 1778 3460 quemad-

1886 3241 2091 3307 rentini
2128 3251 2183 3294 et
2219 3240 2540 3303 Telleriani,
2587 3240 2648 3293 τὸ
2694 3240 3000 3310 προστυχὸν
3047 3240 3476 3309 καταρῤήξαὺτι.

1884 3311 1942 3364 Id
1970 3320 2055 3364 est
2097 3329 2110 3363 :
2153 3311 2314 3365 Aiunt
2339 3312 2494 3365 licere
2520 3311 2630 3364 illic
2663 3313 2896 3374 cuilibet,
2920 3313 3021 3365 vile
3045 3313 3248 3381 aliquid
3281 3312 3482 3379 factum

1886 3384 2254 3452 conquerenti,
2286 3391 2417 3452 puta
2466 3399 2558 3435 vas
2602 3383 2824 3435 vitreum
2861 3390 2953 3452 aut
3008 3381 3174 3434 ollam
3218 3391 3312 3434 aut
3357 3383 3484 3450 quid

205 3461 419 3515 modum
439 3450 704 3515 'Savilius
747 3457 816 3510 ad
863 3450 1013 3510 oram
1061 3454 1146 3509 sui
1194 3452 1405 3507 codicis
1466 3453 1779 3507 adnotarat.
1807 3455 1852 3517 C
1884 3451 2077 3516 simile,
2131 3450 2430 3522 quod'ipse
2471 3452 2698 3521 bajulet,
2751 3450 3005 3521 populum
3053 3453 3122 3522 ad
3174 3453 3484 3505 seditionem

206 3530 393 3587 Suidas
459 3531 518 3584 in
568 3529 772 3582 Lexico
835 3524 1149 3592 συγκλύδων
1195 3521 1521 3592 ἀνθρώπων,
1580 3521 1779 3592 inquit,

207 3601 542 3670 συμμίκτων,
566 3597 870 3670 ἐπηλύδων,
895 3591 1309 3670 παρεισάκτωνς
1328 3591 1564 3661 Subjicit
1584 3591 1784 3670 deinde

206 3662 376 3725 locum
429 3662 992 3738 antiqui'scriptoris:
1018 3665 1111 3738 qui
1144 3679 1207 3738 ea
1240 3678 1374 3738 yoce
1407 3679 1542 3738 usus
1581 3662 1782 3738 fuerat.

207 3741 304 3794 Τοῦ
333 3740 389 3794 δὲ
441 3731 660 3808 ἀσήμου
697 3731 1135 3808 καῖσύγκλυδος
1183 3733 1342 3808 ὄχλου
1387 3732 1600 3808 ταχέως
1649 3731 1788 3808 πρὸς

207 3812 358 3864 αὐτὸν
408 3802 833 3875 συνισταμένου,
890 3804 1192 3872 δισμυρίων
1238 3804 1299 3854 οὑ
1348 3802 1483 3875 πολὺ
1537 3802 1790 3855 ἀποδέον-

207 3898 298 3943 τας
341 3880 486 3949 ἒσχε.
541 3873 892 3949 Nicephorus
936 3875 1084 3949 lianc
1118 3873 1642 3949 }'_ocem‘el_eganter
1695 3888 1791 3926 ex-

243 3942 380 4005 OSuit
403 3942 517 4005 'boc
558 3942 723 4002 modo
753 3964 764 3998 :
798 3945 995 4016 Μυρίῳ
1030 3943 1225 4014 πλήθει
1260 3944 1354 3995 καὶ
1401 3945 1520 3994 ὅθεν
1551 3942 1612 4011 δή
1657 3958 1789 3994 ποτε

244 4039 406 4074 κοντι.

273 4091 380 4159 (60)
460 4091 574 4162 Τὰς
602 4091 789 4162 ὁρμᾷς
818 4091 1254 4162 γαυρούμενοφ
1311 4091 1512 4162 ῼοοεςο
1568 4091 1716 4162 videt

211 4154 296 4216 bic
333 4154 564 4229 aliquid,
608 4154 754 4229 quod
814 4156 1044 4229 fortasse
1096 4154 1344 4229 suppleri
1395 4161 1576 4221 potest
1623 4154 1788 4229 unica

209 4223 592 4300 praepositione
628 4223 858 4297 'adjccta
895 4226 950 4279 in
998 4225 1146 4278 hunc
1203 4223 1454 4287 modum,
1504 4223 1646 4275 κατά
1689 4224 1790 4286 τὰς

208 4302 394 4361 ὁρμάς.

239 4318 471 4439 ρῗὲἱςῨΓὸ
486 4365 1278 4439 προστυχὸν-κατορύξαντι.
1300 4362 1357 4439 In
1376 4362 1585 4439 optimo
1601 4362 1792 4417 codice

214 4433 663 4494 Florentinoetin
687 4433 822 4490 Tell.
844 4435 933 4489 hic
958 4436 1118 4489 locus‘
1138 4435 1212 4488 ita
1229 4434 1515 4492 scribitur,
1538 4434 1600 4484 τὸ
1624 4449 1793 4496 προσ-

460 4089 574 4155 Τὰς
602 4087 789 4155 ὁρμὰς
827 4084 1254 4154 γαυρούμενος.
1311 4083 1512 4155 Deesse
1568 4081 1791 4155 videtur

210 4511 364 4588 τυχὸν
422 4508 855 4588 καταρρήξαντμ
877 4505 1228 4588 Nicepliorus
1249 4519 1386 4557 vero
1414 4504 1620 4588 optime
1647 4503 1795 4587 h'unc

211 4570 382 4633 locum
414 4570 677 4648 exposuit
714 4577 820 4648 hoc
859 4570 1062 4629 modo:
1086 4575 1196 4648 Kal
1251 4591 1414 4648 φασιν
1449 4570 1593 4636 έξὸν
1643 4570 1785 4648 εἶναι

214 4644 516 4718 βουλομένῴ
563 4650 727 4700 παντὶ
757 4647 820 4698 τὸ
860 4644 1168 4718 προστυχὸν
1214 4644 1397 4718 αἰτίαν
1438 4645 1794 4718 ποιησαμένῳ

213 4713 399 4772 θᾶττον
427 4713 509 4780 είς
540 4719 730 4771 στάσιν
759 4713 1156 4784 ἀναϐακχεύειν
1187 4713 1277 4766 τὸν
1309 4713 1496 4784 δῆμον.
1555 4713 1613 4766 Id
1660 4723 1744 4767 est
1779 4733 1790 4767 :

1887 3521 2176 3575 concitare.
2221 3522 2368 3575 Idem
2405 3522 2696 3577 conﬁrmat
2731 3523 2906 3576 Pollio
2939 3525 2992 3576 in
3036 3521 3352 3577 ZEmiliano.
3391 3523 3485 3576 ubi

1887 3591 1955 3645 de
1994 3591 2268 3662 Egyptiis
2302 3593 2638 3662 generaliter
2669 3595 2743 3646 ita
2787 3592 3053 3662 loquitur.
3085 3592 3152 3645 Et
3195 3596 3288 3645 hoc
3325 3593 3485 3661 {ami-

1890 3662 2023 3714 liare
2058 3674 2131 3714 est
2163 3662 2359 3733 populo
2395 3663 2784 3733 [Egyptiorunn
2813 3673 2870 3715 ut
2903 3663 3044 3716 velut
3081 3663 3267 3729 furiosi
3305 3680 3366 3714 ac
3399 3665 3488 3715 tte-

1892 3739 2091 3785 mentes
2141 3733 2205 3784 de
2249 3732 2440 3785 levibus
2476 3732 2766 3802 quibusque
2816 3734 2885 3785 ad
2923 3749 3142 3786 summa?
3183 3733 3488 3802 reipublicae

1890 3803 2126 3871 pericula
2168 3803 2548 3870 perducantur.
2603 3803 2754 3871 Smpe
2791 3803 2874 3856 illi
2929 3805 2988 3856 ob
3035 3803 3301 3872 neglectus
3341 3803 3488 3856 salu—

1893 3874 2139 3934 tationes,
2190 3873 2363 3925 locum
2409 3876 2463 3926 in
2515 3873 2719 3926 balneis
2759 3890 2862 3926 non
2903 3891 3227 3933 concessum,
3273 3890 3489 3926 carnem

1891 3943 2123 4014 etrolera
2167 3953 2523 4014 sequestrata,
2551 3944 2908 3996 calceamenta
2939 3945 3176 4004 servilia.
3213 3953 3262 3994 et
3298 3955 3488 3996 uetera

1893 4013 2048 4072 talia,
2075 4030 2240 4082 usque
2261 4015 2331 4066 ad
2361 4031 2626 4068 summum
2655 4015 2785 4084 reip.
2811 4015 3102 4084 periculum
3123 4015 3393 4068 seditionis
3423 4015 3482 4082 (’)

1892 4094 2266 4152 pervenerunt.

1965 4153 2075 4220 (62)
2119 4155 2325 4218 Καθὼς
2388 4154 2698 4220 Ἡρόδοτος
2744 4157 2876 4223 περὶ
2915 4155 3258 4222 Ἀμάσιδος.
3308 4154 3491 4206 Locus

1891 4223 2158 4296 Herodoti
2211 4240 2376 4296 quem
2417 4224 2508 4278 hic
2552 4225 2807 4295 designat
2847 4227 3116 4296 Evagrius
3150 4225 3388 4296 habetur
3434 4224 3486 4275 in

1892 4294 1990 4347 lib.
2039 4311 2075 4347 it
2113 4296 2234 4364 ejus
2271 4295 2534 4357 Historiw,
2579 4292 2701 4366 pag:
2739 4297 2839 4366 157
2871 4314 2882 4349 :
2920 4292 3029 4348 Kal
3057 4292 3126 4364 ἦν
3171 4295 3398 4362 μάταιός
3431 4311 3489 4345 τε

1895 4366 1988 4417 καὶ
2036 4366 2409 4434 παιγνιήμων,
2463 4366 2516 4418 id
2563 4365 2668 4429 est,
2721 4365 2958 4420 Ludicris
3001 4385 3062 4418 ac
3101 4367 3236 4436 joeis
3282 4366 3487 4417 deditus

1894 4443 2032 4486 erat.

1969 4503 2080 4573 (65)
2124 4508 2164 4556 Τ
2166 4503 2244 4569 ἡν
2271 4504 2560 4571 Μεγάλην
2584 4505 2944 4570 ἐκκλησίαν,
2971 4507 3004 4573 ἢ
3036 4506 3358 4571 Καίσαρος.
3384 4505 3492 4558 Ma—

1895 4591 1998 4645 gna
2036 4575 2268 4630 ecclesia
2301 4575 2456 4628 urbis
2491 4575 2873 4630 Alexandrinae
2910 4577 3148 4630 Caesaria
3181 4576 3489 4638 dicebatur,

1899 4654 1958 4698 ut
1996 4645 2161 4699 docet
2192 4645 2531 4714 Epiphanius
2567 4646 2622 4699 in
2663 4645 2866 4698 [heresi
2909 4648 3256 4706 Arianorum,
3293 4655 3348 4698 et
3390 4645 3481 4697 Li-

1897 4715 2122 4769 beratus
2155 4716 2210 4769 in
2246 4715 2542 4780 Breviario,
2571 4731 2693 4784 cap.
2732 4716 2825 4778 l8;
2856 4716 3113 4770 Socrates
3148 4730 3280 4769 vero
3312 4715 3365 4767 in
3394 4715 3490 4768 lib.

212 4789 365 4843 Aiunt
398 4791 615 4860 quippe,
645 4788 807 4840 cuivis
845 4786 1065 4839 liberum
1094 4785 1165 4860 ibi
1197 4800 1327 4847 esse,
1364 4794 1798 4860 quwcunque‘te-
1825 4799 1876 4857 D
1907 4803 1976 4860 vu
2001 4786 2138 4839 Hist.
2169 4785 2554 4860 ecclesiasticus,
2603 4801 2725 4854 cap.
2761 4787 2864 4860 15,
2896 4786 3335 4860 eam_ecclesiam
3361 4786 3495 4837 Και-

213 4875 346 4912 mere
386 4853 608 4926 arrepta
654 4874 817 4910 causa
854 4866 899 4909 et
933 4857 1228 4926 occasione,
1272 4854 1524 4926 populum
1557 4853 1796 4907 celeriter
1825 4853 1861 4857 ”
1905 4857 2094 4924 σάριον
2153 4858 2596 4926 cognominatam
2646 4853 2770 4911 esse
2815 4857 2969 4909 dicit.
3011 4857 3244 4911 Causam
3305 4866 3493 4926 autem

214 4929 279 4981 ad
307 4923 620 4983 seditionem
646 4928 1004 4998 inflammare.
1035 4923 1794 4998 Christopbo‘rsonusautem

1906 4926 2070 4993 hujus
2115 4925 2502 4996 appellationis
2544 4927 2706 4981 docet
2739 4927 3095 4986 Athanasius,
3131 4928 3183 4980 in
3220 4927 3392 4994 Epist.
3427 4925 3494 4976 ad

214 4998 339 5068 legit
384 4995 744 5066 κατάρξαντι.
789 4996 881 5051 Sic
911 4998 1061 5068 enim
1088 4995 1254 5068 vertit
1289 5012 1300 5068 ς
1345 4995 1799 5068 Aiuntplebeium
1907 4995 2208 5068 solitarios,
2257 5013 2324 5051 eo
2353 4997 2502 5066 quod
2545 4998 2760 5068 scilicet
2792 4998 3025 5051 ecclesia
3053 4998 3145 5068 illa
3175 5006 3496 5068 constructa

214 5065 480 5136 quemque,
527 5065 681 5122 πιοάο
724 5069 834 5135 ipse
863 5066 1086 5120 voluerit
1128 5065 1448 5136 principium
1492 5065 1644 5126 dare,
1677 5067 1804 5118 civi-

1910 5066 2109 5120 luisset
2144 5068 2198 5120 in
2249 5063 2386 5121 loco'
2416 5068 2511 5136 qui
2561 5066 2858 5121 Caesarium
2908 5077 3067 5121 antea
3109 5063 3416 5127 dicebatur,
3447 5065 3497 5117 id

216 5133 382 5192 tatem
411 5139 568 5193 illam
627 5139 696 5191 ad
749 5133 1066 5208 papularem
1125 5133 1187 5188 ac
1243 5133 1802 5208 civilcm__seditionem
1910 5144 1992 5208 est
2026 5136 2326 5191 Caesarium
2363 5133 2650 5206 templum.
2701 5137 2906 5191 Ibidem
2950 5140 3116 5208 etiam
3156 5137 3500 5207 gymnasium

217 5225 357 5276 posse
376 5209 680 5263 incendere.
705 5204 906 5262 verum
933 5207 1046 5260 brec
1069 5204 1545 5276 emendatiogmilii
1579 5205 1802 5274 quidem
1911 5206 2090 5276 fuerat
2131 5223 2195 5261 ac
2241 5204 2503 5276 palatium
2539 5208 2887 5274 imperatoris
2925 5204 3273 5270 Adrianifac
3314 5215 3502 5276 postea

218 5293 318 5332 non

363 5280 654 5348 probatur.
696 5277 840 5342 Quid
875 5278 1021 5330 cnim
1054 5276 1153 5348 lict
1182 5275 1268 5327 his
1298 5274 1603 5348 verbis,_f.6_
1634 5292 1805 5348 7:an-

1912 5274 2114 5347 Licinii
2168 5274 2393 5332 nomine
2449 5279 2809 5347 appellatum,
2855 5287 2916 5331 ut
2975 5287 3208 5333 testatur
3259 5274 3501 5345 Epipha-

218 5344 393 5418 τυχόν.
439 5349 762 5418 Amplector
807 5347 991 5416 itaque
1048 5346 1382 5415 scripturam
1428 5344 1639 5399 codicis
1681 5345 1805 5399 Flo—
1913 5346 2058 5400 nius.

1687 5462 1988 5519 YARIORU
2001 5463 2070 5516 Μ.

289 5557 363 5629 (ο)
401 5560 459 5614 '0
476 5559 589 5624 τῆς
616 5560 1033 5627 Ἀλεξάνδρου.
1053 5560 1226 5614 Vocat
1242 5559 1568 5613 Ammianus
1583 5559 1816 5613 Alexan-

1925 5560 2002 5613 lib
2037 5576 2171 5619 xxn.
2212 5577 2332 5630 cap.
2387 5563 2472 5622 Η,
2515 5562 2718 5615 citantc
2760 5560 3010 5614 Mattlnen
3054 5555 3502 5630 Sliortiug._Viilc

223 5626 417 5693 driatn,
447 5632 718 5684 civitatem
751 5646 869 5699 quae
901 5626 1086 5701 suopte
1124 5638 1290 5693 motu,
1319 5641 1365 5683 et
1398 5631 1484 5683 ubi
1511 5646 1685 5683 causa:
1712 5647 1815 5681 non
1927 5632 2093 5683 etiam
2146 5626 2347 5686 Euseb.
2384 5633 2517 5685 Hist.
2553 5632 2648 5685 lib.
2681 5650 2773 5694 vn,
2819 5649 2937 5699 cap.
2971 5632 3030 5686 ‘2!
3062 5647 3075 5696 ;
3115 5630 3268 5685 Socr.
3309 5627 3402 5680 lib-
3435 5642 3506 5692 IV.

223 5708 525 5769 suppetunt,
555 5702 897 5755 seditionibus
920 5702 1112 5754 crebris
1144 5703 1411 5770 agitatur.
1435 5702 1612 5754 Amm.
1648 5701 1814 5754 Marc.

1929 5716 2048 5769 cap.
2096 5703 2183 5767 lii;
2233 5712 2287 5756 ct
2332 5703 2425 5756 lib.
2469 5719 2557 5767 ιιι,
2612 5719 2732 5771 cap.
2780 5704 2861 5755 l3.

286 5836 344 5898 (')
382 5838 464 5887 Sic
504 5839 708 5900 quidem
746 5837 865 5888 edit.
914 5838 1066 5886 Paris.
1095 5837 1311 5900 Conjicio
1347 5835 1660 5886 scribendum
1692 5847 1804 5885 €550
1849 5834 2096 5887 Scditicsi.
