4108 6466
640 385 779 450 252Ἷ

1809 381 2124 446 EVAGRII
2164 379 2646 444 SCHOLASTICI

3740 369 3882 427 2328

638 499 825 554 theus.
852 493 1025 550 Porro
1041 495 1334 551 Zacharias
1365 496 1479 553 haec
1506 499 1556 552 in
1581 496 1812 551 historia
1833 511 1931 551 sua
1953 508 2202 556 narrans,

2307 492 2472 556 δοκεῖ,
2497 488 2811 558 πεπρᾶχθαι
2848 487 2946 556 μὲν
2969 484 3037 539 τὰ
3062 483 3268 538 τούτων
3293 480 3460 534 πλείω
3483 521 3496 542 ,
3529 480 3588 544 εξ
3619 481 3796 542 αἰτίας
3822 481 3878 533 δὶ

640 589 838 644 horum
871 587 1240 656 pleraque-ita
1272 599 1334 642 ut
1365 587 1476 642 dixi
1508 595 1657 659 gesta
1683 601 1803 641 esse
1834 585 2068 650 fatetur;
2105 584 2201 638 sed

637 680 873 734 Proterii
898 680 1080 748 culpa,
1108 678 1202 748 qui
1237 679 1591 748 gravissimos
1630 675 1899 733 tumultus
1947 676 2004 730 in
2062 674 2204 730 urbe

637 772 963 827 Alexandria
1019 772 1373 826 excitaverat.
1411 772 1524 826 Nec
1573 787 1604 825 a
1640 771 1866 841 populo,
1917 781 2111 822 verum
2171 781 2202 819 a

637 864 965 928 quibusdam
991 862 1325 917 militaribus
1342 879 1406 917 ea
1422 872 1737 932 perpetrata
1758 876 1878 916 esse
1894 857 2201 923 contendit,

637 957 793 1012 nisus
851 960 1180 1014 auctoritate
1228 959 1477 1028 epistola:
1535 973 1698 1028 quam
1755 955 2080 1010 Timotheus
2137 951 2206 1006 ad

637 1048 876 1106 Leonem
929 1051 1316 1120 imperatorem
1372 1049 1612 1120 scripsit.
1651 1048 1922 1103 Caeterum
1967 1045 2036 1101 ad
2089 1044 2206 1099 htec

636 1141 970 1196 vindicanda
1006 1140 1118 1196 Leo
1147 1141 1450 1210 imperator
1479 1141 1671 1198 Stilam
1696 1139 1867 1194 misit.

1278 1291 1430 1348 CAP.
1471 1292 1564 1347 IX.

845 1383 920 1437 De
945 1381 1288 1436 circularibus
1322 1382 1508 1436 litteris
1535 1382 1722 1436 Leonis
1747 1381 1990 1452 Augusti.

702 1470 935 1540 Scripsit
963 1470 1131 1526 etiam
1157 1471 1458 1527 circulares
1485 1471 1701 1525 litteras
1728 1471 1796 1526 ad
1822 1484 2016 1525 omnes
2053 1466 2204 1523 orbis

632 1561 864 1614 Romani
891 1560 1202 1630 episcopos,
1231 1568 1289 1616 et
1317 1561 1386 1615 ad
1409 1575 1505 1615 eos
1538 1562 1635 1631 qui
1663 1561 1719 1616 in
1752 1561 1863 1616 vita
1901 1559 2205 1616 monastica

2323 579 2660 650 Προτερίου,
2705 576 2967 647 μεγίστας
3008 575 3252 646 ταραχὰς
3283 577 3346 643 τῇ
3389 571 3736 640 Ἀλεξάνδρου
3779 573 3882 641 ὲμ-

2311 669 2636 738 ποιήσαντος
2659 681 2674 696 ο
2711 665 2813 719 οὐκ
2842 665 2906 718 ὲκ
2939 663 3031 717 τοῦ
3060 664 3233 733 δήμου
3262 663 3438 716 ταῦτα
3467 660 3837 730 τετολμῆσθαι
3862 700 3877 724 ,

2311 758 2430 815 ἀλλ’
2455 758 2519 811 ἐκ
2545 774 2708 810 τινων
2744 753 3177 825 στρατιωτικῶν,
3214 754 3274 817 ἐξ
3306 753 3596 821 ἐπιστολῆς
3611 750 3879 820 Τιμοθέου

2311 848 2670 919 πιστούμενος
2698 846 2836 917 πρὸς
2864 846 3072 899 Λέοντα
3098 844 3497 915 γεγενημένης.
3530 841 3757 905 Τούτοις
3783 843 3878 911 μὲν

2313 938 2406 994 οὐν
2435 936 2711 1008 ἐπιθήσων
2734 933 2894 1005 δίκην
2928 931 3122 998 Στίλας
3145 933 3282 1005 πρὸς
3309 930 3404 986 τοῦ
3430 931 3694 1004 βασιλέως
3720 932 3882 985 Λέον-

2310 1049 2402 1096 τος
2428 1030 2795 1100 ἐκπέμπεται.

2895 1267 3148 1322 ΚΕΦᾹΔ.
3197 1265 3274 1324 Θθ.

2443 1363 2584 1434 Περί
2616 1362 2738 1417 τῶν
2768 1360 3109 1429 ἐγκυκλίων
3131 1360 3391 1424 Λέοντος
3409 1360 3740 1429 βασιλέως.

2389 1454 2730 1524 Ἐγκυκλίοις
2769 1451 2825 1505 δὲ
2866 1450 3065 1522 χρῆται
3102 1451 3428 1523 γράμμασιν
3460 1456 3488 1508 6
3519 1455 3679 1508 Λέων
3703 1494 3720 1521 ,
3774 1455 3893 1508 τῶν·

2304 1544 2413 1601 ἀνὰ
2449 1544 2549 1616 τὴν
2599 1539 2912 1613 Ῥωμαϊκὴν
2936 1537 3212 1592 πολιτείαν
3254 1543 3575 1599 ἐπισκόπων
3615 1543 3886 1597 πυνθανόο

627 1650 992 1715 excellebant,
1024 1651 1371 1720 interrogans
1402 1667 1500 1707 eos
1527 1661 1643 1707 tum
1669 1652 1738 1708 de
1761 1651 2199 1708 Chalcedonensi

2311 1654 2490 1708 imm"
2532 1636 2626 1689 καὶ
2657 1634 2767 1689 τῶν
2801 1637 2858 1687 ὲν
2895 1633 2976 1704 τῷ
3011 1636 3285 1708 μοναδικῷ
3308 1636 3722 1709 διαπρεπὸντων
3762 1633 3884 1705 βίῳ,

626 1740 859 1812 synodo,
894 1749 1009 1794 tum
1040 1741 1108 1796 de
1137 1740 1492 1811 ordinatione
1515 1742 1794 1798 Timothei
1835 1754 2201 1814 cognomento

2308 1730 2437 1800 περὶ
2468 1730 2566 1794 τῆς
2599 1731 2658 1781 ἐν
2685 1725 2991 1797 Καλχηδόνι
3036 1729 3258 1783 συνόδου
3283 1770 3299 1795 ,
3337 1730 3433 1784 καὶ
3466 1728 3570 1799 τῆς
3615 1726 3884 1800 Τιμοθέου

625 1832 825 1887 Eluri.
851 1832 1029 1887 Simul
1055 1832 1221 1887 etiam
1245 1833 1395 1888 misit
1418 1833 1485 1888 ad
1517 1849 1613 1889 eos
1650 1835 1987 1905 exemplaria
2036 1834 2200 1890 libel-

2306 1820 2366 1874 τὸ
2381 1819 2610 1889 ὲπίκλην
2631 1817 2899 1889 Δείλούρου
2919 1818 3772 1890 χειροτονίας,’διαπεμψάμενος,
3789 1818 3886 1872 καὶ

624 1906 801 1976 lorum
828 1937 1077 1992 precum,
1106 1922 1203 1991 qui
1228 1921 1330 1991 ipsi
1363 1922 1533 1977 oblati
1557 1922 1779 1978 fuerant
1806 1932 1916 1978 tam
1945 1940 2014 1980 ex
2044 1932 2199 1995 parte

2306 1911 2373 1966 τὰ
2411 1911 2502 1965 ῐσα
2535 1909 2646 1964 τῶν
2689 1910 3082 1980 ὲπιδεδομένων
3122 1912 3272 1984 αὐτῷ
3311 1911 3552 1984 δεήσεων
3595 1911 3659 1966 ἐκ
3692 1928 3752 1964 τε
3783 1914 3885 1981 τῆς

625 2011 883 2077 i’roterii,
939 2027 1104 2081 quam
1157 2026 1225 2065 ex
1257 2020 1416 2079 parte
1447 2010 1726 2066 Timothei
1775 2011 1974 2067 )Eluri.
2023 2015 2197 2079 Porro

2306 2005 2498 2075 μοίρας
2526 2003 2846 2075 Προτερίου,
2874 2005 2938 2060 ἐκ
2968 2024 3029 2059 τε
3057 2008 3157 2077 τῆς
3173 2005 3439 2077 Τιμοθέου
3465 2005 3560 2058 τοῦ
3591 2003 3881 2072 Δίλούρου.

621 2101 924 2155 circulares
969 2100 1169 2154 Leonis
1210 2101 1408 2155 littera:
1460 2101 1543 2156 sic
1603 2101 1810 2155 habent
1851 2120 1863 2155 :
1905 2102 2198 2174 Exemplar

619 2191 868 2260 epistolae
894 2206 1064 2246 sacra:
1098 2190 1332 2260 piissimi
1362 2191 1715 2260 imperatoris
1749 2192 1976 2258 Leonis,
2005 2193 2194 2249 missa:

620 2282 686 2336 ad
719 2283 1034 2337 Anatolium
1074 2281 1587 2352 Constantinopolis
1637 2283 1980 2354 episcopum,
2027 2294 2084 2341 et
2128 2287 2197 2342 ad

620 2372 1103 2444 metropolitanos,
1133 2379 1190 2428 et
1212 2373 1459 2442 reliquos
1497 2373 1672 2429 totius
1698 2374 1853 2428 orbis
1880 2375 2194 2447 episcopos.

690 2553 997 2623 Imperator
1026 2549 1207 2605 Caesar
1247 2547 1382 2614 Leo,
1427 2549 1578 2616 Pius,
1614 2552 1823 2618 ViCtor,
1856 2541 2195 2626 Triumpha-

622 2655 729 2711 tor,
789 2643 1079 2703 Maximus,
1145 2656 1364 2710 semper
1408 2642 1710 2713 Augustus,
1769 2645 2022 2701 Anatolio
2074 2648 2195 2717 epi-

620 2749 811 2804 scopo.
859 2732 992 2787 Erat
1016 2731 1124 2785 hoc
1153 2729 1379 2799 quidem
1417 2731 1474 2786 in
1505 2734 1650 2788 votis
1696 2735 1885 2805 pietati
1931 2753 2087 2805 meae,
2137 2747 2198 2793 ut

620 2841 814 2883 omnes
838 2816 1161 2881 orthodoxae
1186 2833 1251 2882 et
1282 2826 1643 2882 sanctissimae
1672 2828 1953 2894 Ecclesiae,
1983 2840 2198 2886 cuncta:

620 2920 781 2992 301
809 2919 939 2972 item
973 2917 1410 2989 urbes-imperii
1453 2921 1710 2986 Romani,
1747 2923 1980 2976 maxima
2010 2924 2197 2992 quiete

621 3013 957 3074 fruerentur,
983 3023 1086 3063 nec
1141 3010 1442 3081 quidquam
1487 3011 1784 3075 accideret,
1825 3012 1975 3080 quod
2009 3027 2196 3067 earum

622 3113 826 3160 statum
862 3101 1432 3175 tranquillitatemque
1469 3105 1743 3159 turbaret.
1772 3104 1905 3171 Quae
1927 3120 2061 3158 vero
2088 3121 2195 3158 nu-

622 3210 721 3265 per
749 3195 1092 3251 Alexandriaa
1115 3195 1468 3266 contigerint,
1514 3211 1578 3250 ea
1617 3196 1893 3250 sanctitati
1929 3204 2036 3251 tua:
2067 3204 2195 3251 nota

2299 2095 2588 2165 Σύγκειται
2614 2093 2668 2146 δὲ
2703 2094 3059 2162 τὰ-ιγκύκλια
3085 2097 3300 2161 τούτοις
3329 2099 3442 2161 τοῖς
3467 2096 3886 2167 ῥήμασιν”ῐσον

2299 2189 2443 2242 θείου
2463 2188 2792 2259 γράμματος
2812 2189 2906 2242 τοῦ
2931 2188 3324 2244 εὐσεϐεστάτου
3346 2189 3614 2259 βασιλέως
3630 2188 3886 2254 Λέοντος,

2299 2272 2642 2352 πεμφθέντος
2708 2281 2997 2352 ’Δνατολίῳ
3047 2281 3118 2352 (r)
3175 2281 3465 2351 ὲπισκόπῳ
3538 2282 3890 2335 Κωνσταντι-

2299 2371 2606 2435 νουπὸλεως
2631 2411 2647 2436 ,
2701 2372 2798 2426 καὶ
2828 2374 2941 2436 τοῖς
2969 2373 3113 2425 κατὰ
3156 2372 3255 2443 τὴν
3284 2373 3618 2442 οἰκουμένην
3663 2370 3888 2426 ἃπασαν

2302 2460 2747 2530 μητροπολίταις,
2781 2461 2876 2514 καὶ
2908 2461 3114 2524 λοιποῖς
3147 2461 3488 2525 ἐπισκόποις.

2366 2551 2734 2624 Αὐτοκράτωρ
2764 2554 2984 2623 Καῖσαρ
3025 2552 3205 2618 Λέων,
3257 2551 3526 2623 Εὐσεϐὴς,
3583 2552 3836 2624 Νικητὴς
3867 2596 3884 2619 ,

2299 2638 2698 2710 Τρυπαιοῦχος,
2726 2639 3004 2708 Μέγιστος
3022 2678 3037 2702 ,
3082 2638 3459 2705 Ἀεισέϐαστος
3480 2684 3494 2707 ,
3531 2639 3847 2711 Αὔγουστος
3867 2682 3884 2705 ,

2311 2726 2601 2797 Ἀνατολίῳ
2627 2728 2931 2798 ὲπισκόπῳ.
2969 2729 3049 2782 Δι’
3080 2729 3248 2799 εὐχῆς
3281 2729 3382 2801 μὲν
3408 2726 3478 2802 ἦν
3519 2737 3586 2802 τῇ
3635 2733 3744 2802 ἐμῇ
3797 2732 3890 2786 εὐ-

2302 2818 2507 2891 σεϐείᾳ,
2543 2820 2762 2886 ἁπάσας
2804 2820 2904 2884 τὰς
2952 2820 3267 2888 ὀρθοδόξους
3303 2823 3614 2890 ἁγιωτάτας
3648 2823 3889 2892 Ἐκκλη-

2302 2912 2445 2976 σίας,
2473 2911 2554 2966 ἔτι
2579 2929 2644 2981 γε
2662 2913 2771 2984 μὴν
2796 2913 2890 2967 καὶ
2918 2912 3018 2976 τὰς
3046 2912 3151 2966 ὑπὸ
3169 2913 3267 2985 τὴν
3301 2915 3588 2986 Ῥωμαίων
3606 2916 3890 2970 πολιτείαν

2300 3002 2505 3067 πόλεις,
2533 3004 2799 3074 μεγίστης
2821 3004 3055 3075 ἡσυχίας
3084 3006 3405 3071 ἀπολαύειν,
3444 3005 3614 3076 μηδὲν
3642 3006 3701 3060 δὲ
3741 3023 3887 3076 συμ-

2301 3093 2508 3148 ϐαίνειν
2535 3094 2639 3164 τὴν
2675 3095 2854 3148 αὐτῶν
2893 3097 3232 3150 κατάστασιν
3267 3098 3362 3152 καὶ
3395 3097 3643 3169 γαλήνην
3693 3097 3888 3151 διατα-

2303 3187 2516 3255 ράττον.
2546 3182 2648 3241 Οἷα
2680 3187 2736 3241 δὲ
2762 3193 2903 3243 κατὰ
2925 3191 3022 3259 τὴν
3056 3188 3452 3260 Ἀλεξανδρέων
3482 3189 3711 3260 ἔναγχος
3745 3206 3885 3242 συν-

622 3289 730 3358 jam
753 3301 875 3342 esse
902 3287 1158 3356 equidem
1191 3302 1302 3341 non
1343 3286 1560 3341 dubito.
1606 3286 1714 3341 Sed
1751 3295 1934 3341 tamen
1977 3296 2036 3341 ut
2082 3303 2200 3343 rem

2306 3275 2424 3344 έϐη,
2458 3278 2659 3331 ειδέναι
2701 3281 2799 3348 μὲν
2835 3281 2937 3352 ήδη
2974 3281 3322 3352 πεπείσμεθα
3347 3281 3445 3352 τὴν
3478 3279 3577 3349 σὴν
3604 3280 3889 3349 ὁσιότητα.

623 3393 844 3432 omnem
887 3379 1199 3433 accuratius
1253 3378 1430 3447 possis
1469 3392 1824 3448 cognoscere,
1870 3393 1991 3447 quze
2037 3393 2205 3432 causa

627 3469 1075 3534 tantitumultus,
1103 3476 1377 3537 tantaque
1418 3468 1857 3538 perturbationis
1904 3467 2203 3534 exstiterit,

624 3558 954 3628 exemplaria
989 3557 1309 3612 libellorum
1342 3573 1570 3627 precum
1615 3573 1755 3626 quos
1791 3556 2198 3627 religiosissimi

623 3649 868 3719 episcopi
910 3657 967 3703 et
1005 3650 1193 3707 clerici
1219 3671 1285 3710 ex
1312 3670 1482 3725 supra
1520 3654 1665 3708 dicta
1702 3653 1837 3706 urbe
1866 3649 2200 3705 Alexandria

625 3757 683 3795 ο.
713 3756 784 3794 ex
819 3738 1138 3809 Egyptiaca
1176 3741 1403 3799 dimcesi
1451 3744 1520 3800 ad
1562 3743 1756 3797 urbem
1803 3742 2009 3811 regiam
2053 3738 2202 3794 Con-

630 3829 1040 3894 stantinopolim
1114 3833 1423 3898 venientes,
1503 3833 1776 3888 adversus
1845 3830 2202 3886 Timotheum

626 3919 817 3991 pietati
838 3936 973 3977 meae
989 3923 1310 3978 obtulerunt
1342 3942 1354 3976 :
1377 3924 1713 3994 exemplaria
1734 3924 1866 3977 item
1882 3923 2201 3978 libellorum

627 4028 876 4082 precum,
911 4029 1049 4083 quos
1076 4015 1300 4086 quidam
1322 4033 1388 4070 ex
1408 4027 1561 4086 parte
1588 4016 1865 4070 Timothei
1889 4015 1958 4068 ad
1981 4010 2201 4070 sacrum

628 4113 876 4159 nostrum
928 4109 1247 4162 comitatum
1302 4109 1369 4162 ab
1417 4107 1608 4163 eadem
1675 4107 1812 4161 urbe
1866 4105 2201 4163 Alexandria

626 4197 932 4261 venientes,
986 4197 1369 4266 tranquillitati
1430 4208 1636 4253 nostra:
1681 4205 2071 4267 porrexerunt,
2133 4196 2201 4251 ad

628 4290 972 4345 sanctitatem
1005 4298 1152 4343 tuam
1189 4291 1455 4345 misimus.
1493 4291 1572 4345 ita
1599 4299 1660 4344 ut
1711 4290 1844 4360 quid
1875 4289 2082 4344 factum
2129 4289 2202 4343 sit

628 4399 657 4435 a
701 4380 1010 4449 Timotheo,
1043 4397 1205 4453 quem
1238 4381 1475 4450 populus
1529 4389 1584 4434 et
1635 4380 1891 4434 honorati
1936 4394 2001 4434 ac
2031 4379 2200 4433 decu-

2305 3366 2421 3419 Ἵνα
2443 3365 2500 3420 δὲ
2521 3366 2844 3439 τελεώτερον
2870 3373 3000 3443 περὶ
3021 3374 3240 3426 πάντων
3278 3371 3554 3442 διδαχθῇς,
3583 3376 3711 3428 ποῖα
3731 3371 3892 3428 αἴτια

2301 3456 2395 3510 τοῦ
2432 3459 2685 3513 τοσούτου
2731 3460 2964 3534 θορύϐου
3011 3466 3108 3518 καὶ
3156 3464 3254 3534 τῆς
3289 3464 3607 3535 συγχύσεως
3639 3463 3840 3532 γέγονε
3872 3507 3889 3530 ο

2301 3548 2369 3602 τὰ
2404 3550 2494 3602 lca.
2522 3550 2632 3605 τῶν
2669 3552 2907 3624 δεήσεων
2943 3555 3007 3618 ἃς
3041 3558 3090 3610 οἰ
3139 3556 3536 3611 εὐλαϐέστατοι
3589 3554 3888 3611 ἐπίσκοποι

2302 3641 2395 3695 καὶ
2428 3644 2681 3713 κληρικοί⁸
2715 3647 2825 3698 ἀπὸ
2845 3646 2945 3716 τῆς
2977 3648 3372 3721 προλεχθείσης
3399 3652 3609 3716 πόλεως
3643 3654 3738 3708 καὶ
3777 3655 3884 3722 τῆς

2299 3733 2679 3804 Αἰγυπτιακῆς
2709 3736 3027 3807 διοικήσεως
3060 3741 3140 3804 εἰς
3169 3741 3268 3812 τὴν
3297 3741 3542 3811 βασιλίδα
3591 3745 3893 3816 Κωνσταν-

2300 3825 2450 3877 τίνου
2482 3825 2638 3878 πόλιν
2669 3830 3108 3899 παραγενόμενοι
3156 3832 3301 3886 κατὰ
3345 3834 3619 3903 Τιμοθέου
3657 3838 3725 3906 τῇ
3776 3837 3892 3905 ὲμῇ

2302 3916 2555 3989 εὐσεϐείᾳ
2597 3919 2862 3989 ἐκόμισαν
2901 3937 2914 3952 ·
2948 3923 3010 3974 οὐ
3046 3921 3153 3994 μὴν
3175 3966 3189 3989 ,
3222 3923 3359 3978 ἀλλὰ
3389 3926 3484 3979 καὶ
3515 3926 3586 3979 τά
3635 3926 3724 3980 ῐσα
3776 3929 3893 3979 τῶν

2300 4007 2569 4080 δεήσεων,
2601 4009 2666 4074 ἃς
2690 4013 2771 4075 εἰς
2807 4013 2869 4066 τὸ
2896 4013 3040 4067 θεῖον
3063 4015 3219 4084 ἡμῶν
3254 4017 3619 4087 στρατόπεδον
3651 4018 3757 4071 ὑπὸ
3791 4020 3888 4071 Tt-

2310 4098 2509 4169 μοθέου
2555 4102 2664 4155 ἀπὸ
2695 4103 2792 4171 τῆς
2847 4101 3242 4173 Ἀλεξανδρέων
3276 4106 3718 4177 παραγενόμενοι
3750 4147 3766 4171 ,
3823 4113 3891 4177 τῇ

2309 4193 2558 4264 ἡμετέρᾳ
2595 4193 2956 4248 ἐπιδεδώκασι
2979 4193 3328 4264 γαληνότητι,
3353 4198 3490 4266 πρὸς
3512 4199 3613 4268 τὴν
3639 4199 3737 4267 σὴν
3769 4199 3897 4252 θεο-

2311 4284 2525 4338 σέϐειαν
2556 4284 2978 4353 ἀπεστείλαμεν.
3005 4284 3169 4336 Ὠστε
3192 4285 3246 4337 τί
3272 4287 3592 4354 πέπρακται
3619 4287 3771 4356 παρὰ
3794 4289 3890 4341 τοῦ

2309 4378 2601 4446 εἰρημένου
2633 4373 2899 4444 Τιμοθέου
2919 4415 2932 4434 .
2981 4378 3040 4431 ὃν
3078 4376 3105 4426 ὃ
3132 4393 3190 4428 τε
3221 4375 3320 4444 τῆς
3367 4375 3761 4449 Ἀλεξανδρέων
3791 4378 3896 4446 δῆ-

630 4473 814 4529 riunes
857 4484 913 4530 et
967 4472 1290 4532 navicularii
1336 4471 1493 4526 urbis
1519 4471 1900 4526 Alexandrinae
1941 4469 2044 4523 sibi
2087 4469 2202 4540 epi-

2317 4486 2436 4539 μος,
2470 4468 2564 4523 καὶ
2593 4467 2975 4541 άξιωματικοὶ,
3020 4473 3113 4527 καὶ
3144 4470 3554 4541 πολιτευόμενοι
3585 4470 3734 4541 (67),
3789 4472 3892 4524 καὶ

1825 4589 2099 4645 VALESII
2133 4589 2690 4648 ANNOTATIONES.

701 4685 812 4756 (67)
855 4685 965 4756 Kal
993 4683 1370 4756 ἀξιωματικοί
1407 4683 1501 4756 καὶ
1547 4681 2020 4756 πολιτευόμενοι..
2069 4682 2203 4756 Qui-

633 4751 756 4811 nam
781 4751 890 4810 sint
914 4751 1296 4820 ἀξιωματικοὶ,
1323 4753 1616 4822 etquinam
1644 4751 1897 4822 dicantur
1926 4751 2204 4822 πολιτευότ

635 4843 805 4894 μενοι,
843 4827 952 4894 jam
998 4824 1211 4894 pridem
1241 4820 1529 4877 observavi
1560 4820 2204 4894 inAdnotationibusAad

635 4890 1460 4968 Ammianum'hljarcellinumL
1505 4907 1559 4959 p.
1627 4891 1709 4968 μ,
1757 4897 1824 4968 et
1869 4905 2014 4968 .pag.
2077 4890 2205 4968 22$.

636 4967 907 5033 Utrosque
934 4965 1189 5019 similiter
1216 4963 1404 5033 jungit
1423 4958 1719 5033 Gregorius
1753 4958 2130 5033 Nazianzenus
2154 4959 2207 5012 in

636 4981 797 5022 Utros
839 4981 907 5019 ue
934 4981 1189 5019 Stmtltter
1243 4981 1398 5033 ungit
1423 4981 1719 5031 uregorlus
1753 4981 2130 5013 nullanzcuus
2155 4981 2207 5012 Ill

633 4982 868 5111 cpistoia
919 5035 1008 5097 49,
1041 4981 1528 5111 ,δᾶ-διγῐηρὶυιῖι,
1575 5031 1646 5111 ita
1705 5027 1968 5111 scribens,
2003 5028 2211 5111 πάντας

635 5098 858 5166 πολίτας
883 5121 943 5156 τε
970 5104 1062 5156 καὶ
1090 5098 1410 5164 πολιτεύτᾶς
1442 5102 1540 5154 καὶ
1568 5098 1992 5166 ἀξιωματικούς,
2018 5098 2070 5151 id
2103 5107 2208 5162 est,

634 5176 901 5228 universos
932 5176 1065 5227 cives
1089 5183 1137 5227 et
1157 5175 1461 5226 decuriones
1489 5180 1535 5224 et
1559 5173 1860 5224 honoratos.
1896 5167 2043 5221 ldem
2073 5167 2208 5222 Gre-

635 5245 822 5313 gorius
853 5245 909 5296 in
958 5244 1120 5312 epist.
1165 5243 1235 5296 22
1277 5245 1343 5296 ad
1375 5242 1761 5313 Ctesarienses,
1795 5236 2204 5313 eosdcm‘siAmul

2309 4681 2562 4735 λευτικοῦ
2591 4681 2891 4748 τάγματος,
2931 4681 2981 4734 id
3028 4691 3129 4740 est.
3169 4681 3259 4738 his
3302 4681 3396 4750 qui
3444 4692 3572 4734 sunt
3603 4696 3670 4734 ex
3705 4679 3896 4734 Hono-

2313 4762 2555 4807 ratorum
2608 4759 2702 4804 aut
2734 4766 2797 4805 ex
2840 4751 3210 4805 Decurionum
3260 4752 3477 4805 ordine.
3529 4751 3697 4804 Recte
3755 4764 3897 4818 ergo

2311 4830 2469 4876 vetus
2498 4826 2772 4888 interpres
2809 4821 2975 4888 hujus
2999 4821 3244 4888 epistolae
3294 4821 3482 4879 vertit,
3527 4820 3799 4881 honorati,
3845 4827 3895 4872 ct

2306 4892 2530 4944 curiales
2554 4900 2603 4944 et
2624 4888 2877 4943 naucleri.
2899 4890 3149 4942 Naucleri
3172 4899 3299 4944 sunt
3321 4889 3645 4942 navicularii
3670 4888 3892 4949 Niliaci,

2307 4961 2400 5028 qui
2433 4975 2708 5014 annonam
2749 4976 2814 5013 ex
2851 4958 3084 5027 Egypto
3113 4958 3652 5028 Constantinopolim
3688 4973 3897 5028 convc-

2308 5026 2534 5084 hebant.
2593 5029 2798 5082 Eorum
2842 5026 3044 5097 corpus
3097 5028 3399 5082 instituisse
3464 5026 3684 5081 videtur
3720 5026 3899 5079 Aure-

2307 5099 2508 5164 lianus,
2543 5107 2603 5151 ut
2646 5098 2875 5166 ipsemet
2902 5096 3108 5150 indicat
3133 5098 3188 5150 in
3204 5097 3434 5166 epistola
3461 5097 3526 5166 ad
3555 5096 3896 5150 Arabianum

2309 5183 2472 5236 quam
2511 5165 2975 5235 citat’Vopiscus.
3034 5168 3094 5220 In
3144 5165 3427 5221 veteribus
3469 5165 3678 5236 Glossis
3727 5166 3889 5236 ναύσ-

2306 5235 2505 5308 κληρος
2544 5235 3756 5308 ριβοηίιυτᾼΝενίουίατίειμ,Ηοεγγείιὶμιιεὲνοτμ
3789 5235 3894 5288 do-

2305 5305 2515 5362 minum
2545 5308 2701 5361 navis
2722 5307 2794 5360 ita
2817 5306 2926 5360 dici
2961 5307 3176 5361 scribit.
3202 5306 3269 5360 Hi
3296 5305 3622 5360 navicularii
3650 5305 3892 5358 Alexan-

2084 5420 2470 5479 VARIORUM.

631 5305 811 5384 jungit
840 5314 926 5367 his
956 5305 1160 5378 verbis,
1189 5315 1301 5376 τοῖς
1333 5314 1397 5365 ὲκ
1423 5310 1520 5364 τοῦ
1551 5305 1925 5377 άξιωματικοῦ
1960 5309 2053 5360 καὶ
2078 5307 2206 5377 βου..

709 5515 780 5641 (νᾶ
831 5517 1173 5578 Ἀνατολίφ.
1202 5517 1510 5578 Anatolius,
1549 5515 1797 5570 Dioscuri
1850 5512 2208 5570 Alexandrini

709 5605 740 5640 u
824 5586 1355 5641 Constantinopolim
1404 5586 1815 5641 apocrisiarius.
1848 5587 1916 5639 ab
1951 5600 2016 5637 co
2049 5584 2103 5636 in
2133 5583 2208 5636 la-

639 5583 779 5655 apud
824 5586 1355 5658 Constantinopolim
1396 5586 1820 5658 apocrisiarius,
1848 5587 1916 5639 ab
1947 5600 2016 5658 eo
2049 5584 2103 5636 in
2128 5583 2211 5658 la-

643 5653 876 5711 trocinio
911 5653 1208 5725 Ephcsino',
1258 5653 1516 5711 Flaviano
1568 5657 1890 5725 patriarcha:
1935 5654 2040 5708 GP.
2113 5653 2212 5708 (le-

640 5727 840 5796 posito,
895 5727 1137 5780 nomium
1187 5737 1366 5780 autem
1425 5726 1707 5787 defuncto,
1758 5727 2021 5796 suffectus
2071 5739 2215 5777 anno

647 5796 766 5862 H9,
804 5796 1095 5865 rpismpus
1121 5797 1222 5851 (ΖΡ.
1250 5799 1425 5851 lactus
1463 5813 1477 5850 '.
1507 5812 1613 5866 quo
1639 5796 1808 5850 Iulius
1848 5795 2030 5849 sedem
2064 5809 2216 5849 suam

2316 5513 2602 5575 retineret,
2644 5527 2707 5566 ac
2739 5510 3033 5565 Theodosii
3065 5510 3196 5579 imp.
3234 5516 3289 5562 et
3326 5507 3526 5579 Leonis
3557 5523 3708 5579 papae
3740 5507 3894 5579 faxo:

2318 5598 2432 5636 rem
2473 5590 2740 5651 captaret,
2776 5597 2920 5635 anno
2960 5580 3082 5651 450,
3134 5577 3360 5651 collecta
3412 5577 3898 5651 ConstantinOpoli

2321 5646 2559 5722 synodo,
2610 5652 2874 5722 Eutychis
2927 5657 2984 5705 et
3031 5648 3268 5722 Eegorii
3317 5646 3893 5722 errorcs_damnavit,

2323 5716 2377 5776 et
2417 5723 2614 5775 Leonis
2661 5716 2946 5791 epistolam
2990 5717 3062 5791 ad
3120 5716 3895 5791 Flavianpm“subscriptione

2325 5810 2420 5846 sua
2474 5787 2870 5856 connprolnwit.
2901 5790 3049 5844 Obiit
3090 5803 3232 5842 anno
3273 5787 3394 5842 458.
3435 5787 3578 5840 Cui].
3614 5787 3779 5840 (lava.
