4108 6480
247 400 389 463 2529

1181 399 1573 459 HISTORUE
1613 394 2208 458 ECCLESIAS’I‘ICIE
2248 391 2481 454 LIBER
2520 391 2604 450 II.

3386 382 3527 444 2530

254 507 584 582 ναύκληροι,
611 511 909 565 ἐπίσκοπον
937 510 1152 573 ἑαυτοῖς
1183 510 1418 575 αίτοῦσι,
1451 511 1550 563 καὶ
1583 511 1714 580 περὶ
1740 508 1848 560 τῶν

1969 521 2178 575 scopum
2228 506 2509 574 postulant
2541 521 2552 555 :
2580 500 2649 555 de
2677 499 2801 554 aliis
2825 499 2957 554 item
2982 497 3152 553 rebus
3175 512 3296 568 quae
3323 496 3379 550 in
3404 512 3528 565 pre-

257 605 433 658 ἄλλων
467 604 816 674 πραγμάτων
846 602 954 655 τῶν
979 600 1056 671 τῷ
1089 601 1217 669 ὕφει
1267 602 1374 653 τῶν
1431 601 1674 670 δεήσεων
1714 616 1855 669 παρ-

263 693 545 764 εχομένων
571 693 707 765 (68),
732 692 829 746 καὶ
860 692 996 760 πρὸς
1029 692 1260 758 τούτοις,
1289 693 1415 764 περὶ
1443 694 1540 761 τῆς
1561 693 1619 744 ὲν
1635 691 1854 761 Καλχη-

262 783 379 835 δὸνι
429 782 694 844 συνόδου,
745 775 889 854 ᾗτινι
941 779 1190 850 οὐδαμῶς
1223 780 1572 846 συναινοῦσι,
1617 780 1763 834 καθὰ
1799 783 1855 832 αἱ

258 874 705 943 ὑποτεταγμέναι
739 872 952 941 δεήσεις
983 873 1162 925 αὐτῶν
1197 873 1552 944 σημαίνουσι,
1601 872 1853 942 φανερῶς

259 963 558 1032 δυνηθῆναι
585 961 777 1032 μαθεῖν
805 961 903 1031 τὴν
934 959 1032 1029 σὴν
1062 963 1339 1032 ὁσιότητα.
1379 961 1443 1014 Ἦ
1465 961 1534 1032 σὴ
1559 961 1857 1030 τοιγαροῦν

261 1057 522 1109 εὐλάόεια
552 1054 802 1115 ἅπαντας
820 1054 1280 1124 τοὺςιόρθοδόξους
1308 1054 1489 1117 ὁσίους
1519 1053 1859 1116 ἐπισκόπους

260 1149 392 1211 τοὺς
413 1148 506 1198 ἐπὶ
523 1145 618 1198 τοῦ
645 1144 916 1214 παρόντος
940 1144 1083 1196 κατὰ
1107 1144 1268 1214 τήνδε
1297 1145 1396 1214 τὴν
1427 1144 1677 1214 βασιλίδα
1703 1146 1858 1199 πόλιν

262 1238 579 1303 διάγοντας,
610 1234 692 1287 ἔτι
724 1250 788 1301 γε
830 1232 938 1301 μὴν
970 1233 1064 1284 καὶ
1096 1232 1228 1295 τοὺς
1259 1232 1696 1296 εὑλαϐεστάτους
1724 1236 1860 1304 κλη-

266 1327 460 1397 ρικοῦς
491 1325 625 1396 πρὸς
657 1325 851 1376 ἑαυτὸν
887 1324 1228 1393 παραχρῆμα
1257 1323 1537 1392 ποιησάτω
1559 1325 1858 1377 συνελθεῖν.

269 1419 384 1471 Καὶ
416 1417 636 1471 πάντων
687 1416 967 1486 ἐπιμελῶς
998 1416 1450 1485 τρακτευθέντων
1499 1418 1595 1470 καὶ
1631 1417 1863 1486 δοκιμα-

270 1506 533 1569 σθέντων,
554 1506 744 1575 ἐπειδὴ
766 1505 861 1558 νῦν
885 1507 919 1573 ἡ
963 1505 1315 1573 Ἀλεξάνδρου
1333 1509 1489 1571 πόλις
1504 1509 1864 1577 τετάρακται,

248 1593 490 1670 ’ἧστινος
525 1597 624 1668 τῆς
657 1601 1046 1658 καταστάσεως
1097 1600 1192 1650 καὶ
1227 1604 1326 1670 τῆς
1366 1601 1598 1671 ἡσυχίας
1634 1600 1868 1670 μεγίστη

273 1686 431 1740 ἐστὶν
467 1689 603 1757 ήμῖν
638 1689 884 1757 φροντὶς,
919 1689 1108 1740 εἴπατε
1139 1687 1202 1738 τὸ
1229 1689 1422 1742 δοκοῦν
1444 1689 1574 1759 περὶ
1603 1688 1697 1741 τοῦ
1730 1706 1868 1758 προ-

277 1796 402 1848 ειρη
413 1779 575 1847 μένου
616 1779 885 1847 Τιμοθέου
930 1782 1026 1834 καὶ
1053 1780 1153 1849 τῆς
1182 1781 1237 1831 ὲν
1270 1780 1580 1849 Καλχηδόνι
1615 1779 1862 1839 συνόδου,

1956 612 2082 650 cum
2107 603 2260 649 textu
2285 594 2650 648 continentur
2679 607 2690 642 :
2720 597 2985 659 praeterea
3005 588 3072 642 de
3091 584 3531 642 Chalcedonensi

1956 687 2191 759 synodo,
2242 686 2331 740 cui
2384 699 2550 753 supra
2602 679 2892 735 memorati
2923 679 3243 748 neutiquam
3297 690 3531 731 consen-

1959 779 2132 843 tiunt,
2181 778 2326 832 sicut
2379 788 2576 844 preces
2623 771 2947 825 earumdem
2992 769 3253 839 subjecta:
3307 767 3546 821 demon-‘

1957 879 2140 926 strant
2185 888 2198 922 :
2243 866 2512 923 sanctitas
2553 874 2646 918 tua
2697 869 2885 932 aperte
2934 861 3125 931 pessit.
3178 873 3534 930 cognoscere.

1958 963 2076 1017 Tua
2132 962 2299 1030 igitur
2348 957 2662 1012 reverentia
2715 969 2908 1010 omnes
2969 963 3194 1008 sanctos
3246 952 3540 1019 episcopos

1959 1051 2327 1116 orthodoxos,
2349 1050 2445 1120 qui
2477 1064 2626 1104 nunc
2647 1048 2701 1101 in
2735 1048 2838 1101 hac
2859 1055 2996 1101 urbe
3021 1046 3172 1116 regia
3190 1057 3543 1100 commoran-

1962 1155 2074 1208 tur,
2111 1143 2208 1197 sed
2237 1151 2293 1196 et
2332 1140 2829 1195 reverendissimos
2874 1138 3107 1194 clericos
3136 1136 3543 1205 quamprimum

1961 1237 2031 1291 ad
2065 1251 2124 1291 se
2151 1235 2318 1289 faciat
2345 1231 2672 1286 convenire.
2698 1233 2768 1286 Et
2799 1231 3016 1286 cunctis
3049 1237 3302 1283 accurate
3343 1235 3544 1282 tracta-

1966 1328 2037 1382 tis
2077 1335 2244 1395 atque
2273 1323 2629 1387 examinatis,
2665 1321 2889 1392 quando
2915 1319 3141 1388 quidem
3175 1315 3548 1370 Alexandrina

1965 1419 2164 1475 civitas
2189 1420 2301 1489 jam
2343 1416 2667 1488 perturbata
2703 1423 2807 1474 est,
2844 1413 2913 1468 de
2943 1411 3102 1482 cujus
3119 1419 3265 1465 statu
3312 1423 3377 1463 ac
3401 1419 3548 1463 tran-

1967 1512 2243 1574 quillitate
2274 1511 2576 1580 plurimum
2619 1506 2844 1561 solliciti
2880 1519 3096 1569 sumus,
3141 1502 3405 1558 certiores
3448 1514 3552 1554 nos

1969 1601 2134 1656 facite
2167 1601 2430 1671 quidnam
2457 1601 2526 1654 de
2571 1615 2738 1670 supra
2797 1605 3102 1652 memorato
3159 1591 3453 1647 Timotheo
3496 1597 3554 1642 et

1971 1693 2039 1748 de
2089 1692 2530 1747 Chalcedonensi
2584 1688 2795 1761 synodo
2835 1686 3090 1742 sentiatis
3133 1702 3146 1737 :
3187 1682 3355 1751 idque
3402 1679 3552 1734 omni

1973 1782 2219 1836 humano
2253 1780 2451 1832 timore
2472 1779 2668 1848 procul
2694 1777 3011 1839 amandato,
3040 1774 3159 1828 sine
3203 1770 3333 1824 odio
3365 1769 3552 1838 cujus-

275 1839 584 1932 ἄνεῦτινδς
603 1839 950 1939 ἀνθρωπίνου
995 1839 1191 1939 φόϐου,
1242 1872 1336 1922 καὶ
1521 1871 1745 1940 χάριτος
1774 1869 1867 1922 καὶ

1971 1886 2137 1942 quam
2188 1881 2286 1923 aut
2327 1839 2504 1937 gratia
2539 1887 2551 1922 ε
2590 1872 2770 1945 solum
2806 1861 3208 1934 omnipotentis
3250 1859 3344 1913 Dei
3393 1858 3560 1912 ιίεῑιοο

277 1961 604 2029 ἀπεχθείας,
643 1962 804 2030 μόνον
839 1963 928 2015 τὸν
957 1964 1050 2016 τοῦ
1079 1964 1518 2032 παντοκράτορος
1549 1961 1684 2013 Θεοῦ
1710 1961 1872 2029 φόϐον

280 2053 391 2122 πρὸ
413 2050 709 2122 ὀφθαλμῶν
734 2052 1046 2120 τιθέμενοι,
1081 2052 1272 2122 ἐπειδὴ
1318 2053 1431 2104 ἴστε
1481 2051 1558 2115 ὡς
1606 2053 1736 2119 περὶ
1774 2050 1869 2105 τοῦ

283 2143 613 2216 πράγματος
631 2147 826 2200 τούτου
846 2147 913 2214 τῇ
935 2145 1188 2213 ἀχράντῳ
1219 2142 1436 2211 θεότητι
1456 2142 1618 2211 λόγον
1647 2145 1869 2198 δώσετε.

281 2235 406 2288 Ἵνα
438 2239 567 2306 περὶ
591 2236 814 2290 πάντων
844 2233 912 2287 δι’
942 2234 1223 2304 ὑμετέρων
1259 2234 1612 2304 γραμμάτων
1649 2233 1874 2296 τελείως

279 2327 648 2395 διδαχθέντες,
682 2326 772 2377 τὸν
795 2323 1105 2393 ἁρμόζοντα
1131 2324 1301 2376 τύπον
1330 2325 1512 2379 δοῦναι
1533 2324 1873 2396 δυνηθῶμεν.

287 2418 405 2470 Καὶ
438 2418 579 2485 αὑτὴ
637 2416 735 2485 μὲν
766 2409 830 2447 ⁸³⁹
846 2415 982 2486 πρὸς
1029 2415 1365 2469 ’Λνατόλιον.
1403 2418 1483 2472 Τὰ
1516 2419 1880 2488 παραπλήσια

283 2508 345 2561 δὲ
395 2508 488 2560 καὶ
534 2507 672 2578 πρὸς
726 2508 852 2568 τοὺς
882 2506 1076 2571 ἄλλους
1112 2508 1448 2571 ἐπισκόπους
1471 2509 1750 2581 γέγραφε,
1784 2509 1879 2561 καὶ

285 2598 431 2669 πρὸς
464 2599 594 2661 τοὺς
625 2598 954 2667 ἐπισήμους,
995 2598 1071 2659 ὡς
1112 2599 1366 2652 λέλεκταὶ
1421 2617 1555 2671 μοι,
1601 2601 1711 2653 τῶν
1753 2600 1877 2654 κατ’

285 2690 468 2743 ἐκεῖνο
495 2686 688 2759 καιροῦ
730 2689 822 2741 τὸν
861 2690 1098 2746 ἄσκευον
1146 2698 1242 2744 καὶ
1278 2691 1440 2744 ἆθλον
1484 2691 1878 2744 διαθλευόντων

285 2780 429 2850 βίον.
446 2776 547 2832 Ὃν
569 2775 636 2850 ἦν
663 2780 758 2832 καὶ
784 2780 1101 2855 Συμεώνης,
1136 2784 1229 2835 ἐπὶ
1261 2782 1307 2813 ⁸³
1334 2783 1512 2845 κίονος
1538 2783 1756 2851 πρῶτος
1781 2782 1880 2852 τὴν

288 2871 486 2927 στάσιν
516 2869 856 2942 ἐξευρηκὼς,
875 2867 935 2928 οὗ
968 2876 1060 2927 καὶ
1086 2875 1227 2928 κατὰ
1250 2876 1349 2947 τὴν
1373 2874 1711 2946 προτεραίαν
1735 2876 1880 2926 ἱστο-

282 2964 420 3032 ρίαν
447 2965 822 3034 ἐμνήσθημεν,
856 2969 911 3028 ὲς
941 2968 1031 3028 οὒς
1063 2967 1524 3037 καθειστήκεισαν
1561 2966 1879 3036 Βαράδατος

290 3055 390 3107 καὶ
434 3055 690 3120 Ἰάκωϐος
723 3057 835 3127 (69)
868 3057 918 3108 οἱ
946 3056 1129 3128 Σύροι.

367 3217 413 3250 η
437 3215 548 3270 Lib.
585 3232 625 3282 ι,
663 3232 780 3285 cap.
816 3216 905 3271 ιδ.

1973 1977 2088 2017 rem
2118 1976 2231 2029 pra:
2260 1958 2439 2015 oculis
2465 1963 2735 2016 habentes
2762 1979 2775 2015 :
2799 1960 3007 2030 quippe
3031 1957 3124 2026 qui
3147 1950 3321 2027 probe
3369 1951 3559 2006 sciatis

1972 2068 2071 2109 vos
2097 2051 2364 2108 rationem
2402 2054 2569 2124 hujus
2610 2054 2691 2107 rei
2718 2053 3064 2107 intemerata:
3119 2047 3409 2103 Divinitati
3435 2060 3560 2100 esse

1973 2145 2314 2200 reddituros.
2367 2144 2489 2211 Quo
2513 2161 2616 2200 nos
2665 2161 2766 2215 per
2804 2145 3018 2200 litteras
3065 2135 3280 2197 vestrds
3315 2137 3561 2210 perfecte

1974 2237 2044 2291 de
2089 2237 2352 2291 omnibus
2398 2237 2606 2301 edOCti,
2658 2244 3068 2305 competentem
3115 2233 3350 2287 formam
3394 2229 3562 2284 edere

1975 2328 2279 2382 valeamus.
2308 2327 2374 2380 Et
2399 2325 2516 2380 haec
2537 2327 2766 2396 quidem
2811 2325 3042 2396 epistola
3097 2323 3265 2377 missa
3325 2330 3413 2375 est
3491 2317 3562 2372 ad

1983 2416 2324 2472 Anatolium.
2356 2415 2570 2471 Similia
2585 2433 2716 2473 vero
2739 2418 3042 2486 Imperator
3081 2413 3321 2483 scripsit,
3346 2421 3461 2466 tum
3493 2409 3563 2463 ad

1976 2510 2224 2579 reliquos
2249 2510 2563 2584 episcopos,
2617 2520 2734 2566 tum
2785 2509 2855 2563 ad
2897 2509 3325 2565 celeberrimum
3363 2519 3563 2575 quem-

1955 2617 2085 2674 que
2113 2617 2312 2656 eorum
2353 2604 2446 2673 qui
2487 2614 2622 2659 tunc
2647 2601 2936 2671 temporis,
2969 2610 3029 2654 ut
3062 2601 3174 2669 jam
3205 2597 3341 2662 dixi,
3392 2597 3563 2650 vitam

1985 2707 2016 2746 a
2043 2694 2272 2747 materia
2312 2707 2604 2758 remetam,
2635 2693 2896 2761 omnique
2931 2700 3199 2760 apparatu
3241 2688 3565 2743 destitutam

1984 2781 2145 2850 302
2181 2783 2440 2852 agebant.
2487 2784 2567 2838 Ex
2604 2798 2843 2853 quorum
2863 2797 3097 2836 numero
3119 2779 3565 2850 fuitSymeones,

1985 2875 2078 2941 qui
2111 2873 2322 2941 primus
2373 2877 2668 2929 stationem
2709 2875 2764 2928 in
2813 2873 3069 2927 columna
3103 2871 3458 2940 excogitavit,
3498 2868 3569 2922 de

1986 2979 2097 3032 quo
2141 2964 2196 3016 in
2229 2966 2517 3035 superiore
2543 2965 2689 3019 libro
2725 2964 3068 3018 mentionem
3119 2961 3370 3016 fecimus.
3420 2959 3570 3014 Inter

1987 3055 2116 3110 illos
2160 3055 2390 3112 luerunt
2435 3057 2602 3113 etiam
2647 3056 2950 3111 Baradatus
2987 3061 3044 3109 et
3080 3053 3320 3109 Iacobus
3352 3051 3477 3122 Syri
3503 3050 3570 3101 ¹’.

1562 3313 1793 3368 νΑΒΙᾹΞ
1830 3310 2232 3372 LECTIONES.

366 3376 507 3439 ⁸⁸⁸0.
537 3382 601 3439 C.
634 3381 730 3436 καὶ
754 3383 897 3436 αὐτὰ
930 3382 1053 3452 μέν.
1129 3381 1176 3414 ⁸⁸
1215 3384 1242 3437 ὁ
1267 3382 1381 3436 ἐπί.

1496 3512 1767 3570 VALESII
1803 3513 2360 3570 ANNOTATIONES.

290 3650 465 3711 drini,
499 3647 709 3703 ﬁscales
735 3645 969 3718 species,
1005 3661 1070 3701 ac
1107 3645 1384 3716 praecipue
1415 3645 1890 3718 onusgfrumenta-
1917 3651 1959 3708 C
1993 3647 2207 3718 sentior
2230 3645 2723 3718 HenricoSavilio,
2764 3646 2860 3718 qui
2894 3646 2950 3718 in
2982 3647 3232 3718 margine
3265 3649 3350 3704 sui
3371 3650 3581 3707 codicis

291 3721 366 3775 rii
403 3728 738 3772 commeatus
768 3715 849 3770 ex
889 3715 1120 3788 Egypto
1164 3725 1222 3788 et
1254 3731 1323 3770 ex
1373 3716 1508 3770 urbe
1542 3715 1879 3788 Alexandria

291 3788 829 3855 Constantinopolim
879 3787 981 3840 suo
1017 3787 1266 3856 periculo
1311 3787 1782 3856 transportabant,
1824 3795 1887 3839 ut

294 3862 463 3914 docet
514 3858 599 3911 lex
647 3857 717 3910 52
761 3857 888 3911 cod.
931 3856 1144 3910 Theod.
1181 3855 1249 3909 de
1281 3855 1654 3922 naviculariis,
1709 3863 1765 3909 et
1797 3856 1886 3909 lex

293 3938 455 3985 sexta
489 3927 624 3981 Cod.
650 3927 971 3986 Iustiniani.
1014 3927 1082 3980 de
1113 3925 1469 3979 naviculariis
1499 3933 1556 3980 et
1585 3927 1885 3979 naucleris.

296 4001 472 4054 Porro
527 4011 720 4051 eorum
774 3996 980 4065 praedia
1029 3995 1269 4049 obnoxia
1319 4004 1479 4049 erant
1534 3995 1890 4065 navicularius

297 4067 597 4129 functioni,
631 4066 706 4119 ita
748 4064 809 4118 ut
852 4065 1107 4135 quisquis
1154 4079 1219 4118 ea
1259 4065 1508 4134 quolibet
1539 4064 1703 4118 modo
1733 4080 1889 4119 com-

298 4144 569 4210 parasset,
594 4135 774 4190 eidem
802 4136 1075 4189 functioni
1105 4150 1201 4188 seu
1231 4135 1573 4210 translationi
1608 4143 1892 4210 teneretur

299 4203 600 4268 obnoxius,
634 4221 737 4274 pro
776 4221 842 4258 ea
872 4214 1027 4274 parte
1053 4219 1218 4273 quam
1251 4204 1593 4273 possidebat,
1635 4214 1697 4258 ut
1730 4203 1894 4258 docet

300 4279 499 4333 titulus
544 4273 886 4344 De’prwdiis’
903 4273 1378 4344 naviculariorum.
1429 4274 1507 4327 Ex
1553 4289 1664 4343 quo
1686 4274 1894 4344 intelli—

297 4346 516 4419 gendus
563 4343 667 4419 est
692 4345 987 4414 Augustini
1026 4345 1188 4419 locus
1215 4343 1570 4419 ‘in__sermo_ne
1597 4343 1894 4419 primode

299 4412 413 4471 vita
461 4412 800 4470 clericorum
837 4429 1084 4479 suorum,
1136 4413 1229 4466 ubi
1261 4413 1437 4466 dicit:
1474 4412 1738 4481 Bonifacii
1787 4415 1894 4468 ha?-

302 4489 581 4542 reditatem
631 4486 895 4553 suscipere
939 4484 1107 4537 noluit
1151 4498 1304 4536 :non
1368 4483 1754 4553 misericordia,
1802 4482 1896 4536 sed

301 4560 516 4610 timore.
551 4552 954 4608 Navicularium
995 4554 1164 4606 noluit
1195 4567 1312 4606 esse
1336 4552 1635 4606 Ecclesium
1673 4552 1892 4607 Christi.

308 4626 468 4680 Multi
508 4633 629 4678 sunt
663 4624 874 4693 quidem
903 4625 992 4694 qui
1022 4625 1086 4676 de
1110 4623 1330 4676 navibus
1363 4626 1664 4694 acquirunt.
1699 4622 1898 4694 Tamen

301 4715 414 4750 una
453 4692 680 4747 tentatio
707 4702 800 4747 est.
853 4692 921 4747 si
949 4696 1049 4746 iret
1094 4695 1243 4746 navis
1285 4702 1332 4744 et
1369 4692 1743 4762 naufragaret.
1783 4693 1896 4746 Ho-

303 4770 473 4821 mines
497 4765 565 4817 ad
593 4772 856 4817 tormenta
891 4764 1072 4817 daturi
1108 4780 1342 4825 eramus,
1372 4772 1429 4814 ut
1453 4765 1518 4814 de
1540 4763 1900 4815 submersione

303 4840 455 4890 navis
477 4836 760 4888 secundum
782 4835 1584 4902 consuetudinem"quereretur,
1614 4841 1662 4884 et
1685 4841 1899 4902 torque-

306 4915 495 4959 rentur
525 4922 554 4956 a
579 4905 760 4974 judice
792 4905 881 4972 qui
916 4913 1085 4956 essent
1125 4904 1188 4974 de
1227 4901 1468 4974 ﬂuctibus
1511 4901 1740 4974 liberati.
1777 4901 1900 4974 V'Sed

305 4994 411 5030 non
446 4992 532 5028 eos
575 4972 845 5026 daremus.
882 4973 1043 5027 Nullo
1074 4972 1214 5026 enim
1247 4982 1400 5041 pacto
1426 4973 1521 5041 hoc
1550 4973 1724 5041 facere
1751 4973 1900 5025 dece-

306 5057 386 5098 ret
420 5044 731 5098 Ecclesium.
774 5044 918 5098 Onus
954 5060 1076 5112 ergo
1111 5040 1293 5110 ﬁscale
1326 5040 1661 5112 persolveret.
1686 5043 1756 5112 id
1789 5050 1896 5104 est,

306 5116 524 5170 fiscales
557 5115 772 5182 species
802 5129 939 5181 quas
963 5111 1118 5166 navis
1141 5111 1506 5165 transferebat
1538 5128 1604 5166 ex
1630 5111 1812 5165 Africa
1843 5112 1896 5164 in

1991 3717 2280 3790 adnotavit
2297 3716 2587 3790 legendum
2615 3716 2913 3790 sibivideri
2940 3716 3369 3790 περιεχομένων,
3390 3737 3580 3790 quem-

1989 3784 2456 3861 adrpodumdégit
2500 3784 3249 3861 etiamChrisuipliorsognus.
3296 3784 3474 3861 Atque
3505 3792 3579 3846 ita

1993 3857 2264 3924 scriptum
2299 3856 2467 3909 habet
2499 3855 2729 3923 Niceph.
2779 3856 2834 3909 in
2887 3855 2937 3911 c.
2977 3857 3064 3920 18,
3121 3857 3159 3910 1.
3204 3874 3292 3912 xv.

2063 3926 2173 3996 (69)
2215 3924 2559 3992 Βαράδατος
2586 3924 2688 3996 ml
2702 3994 2708 3996 Α
2739 3924 3037 3996 Ἰάκωϐος.
3080 3926 3429 3996 Nicephorus
3454 3929 3580 3984 Cal-

1990 3994 2440 4069 listuslacobum
2472 3999 2620 4069 hunc
2648 3994 3267 4069 Nisibenumnominat.
3291 3999 3582 4069 additque,

1968 4076 2102 4121 tam
2136 4067 2276 4136 ejus,
2331 4080 2494 4134 quam
2529 4065 2785 4136 ναι-ςιᾴοιὶ
2815 4065 3152 4119 mentionem
3192 4066 3312 4121 fieri
3340 4085 3371 4123 a
3403 4065 3583 4123 Tlieo—

1992 4133 2178 4190 dorito
2210 4136 2267 4188 in
2322 4133 2550 4188 historia
2581 4133 2873 4188 Philotimo.
2906 4136 3279 4191 'l‘heodoritus
3308 4148 3490 4194 tamen
3528 4140 3584 4192 in

1998 4205 2178 4275 capite
2218 4205 2281 4258 21
2317 4204 2602 4265 Philothei,
2627 4205 2891 4275 .lacobum
2921 4206 3244 4260 Nisibenam
3283 4208 3451 4263 fuisse
3473 4225 3583 4262 non

1995 4273 2152 4340 dicit,
2201 4289 2551 4344 nequaquam
2598 4273 2651 4326 id
2703 4275 3032 4339 emissurus,
3067 4279 3112 4331 si
3154 4293 3344 4332 revera
3378 4279 3585 4332 Nisibe-

1995 4362 2101 4401 nus
2139 4345 2354 4400 fuisset.
2389 4345 2524 4399 Nam
2556 4359 2681 4397 cum
2731 4346 3093 4413 posteriorem
3134 4347 3281 4401 hunc
3318 4348 3586 4403 Jacolium

1995 4415 2170 4487 priori
2225 4416 2303 4487 illi
2350 4415 2558 4487 Jacobo
2602 4414 2866 4469 Nisibeno
2919 4416 3153 4470 similem
3188 4416 3356 4472 fuisse
3408 4429 3586 4482 notet,

1997 4486 2108 4541 non
2163 4486 2342 4539 solum
2375 4486 2621 4548 nomine,
2663 4501 2858 4539 verum
2902 4487 3068 4540 etiam
3118 4488 3362 4542 mOribus
3391 4504 3456 4542 ac
3493 4489 3582 4542 di—

1998 4557 2242 4626 gnitate;
2272 4564 2505 4623 uterque
2526 4557 2675 4608 enim
2728 4556 2990 4626 sacerdos
3022 4557 3161 4618 fuit;
3204 4559 3248 4612 si
3291 4559 3592 4613 Nisibenus

1998 4625 2164 4680 etiam
2230 4626 2448 4684 fuisset,
2503 4640 2850 4694 nequaquam
2913 4625 2966 4680 id
3009 4628 3292 4682 omisisset
3354 4644 3423 4682 eo
3466 4630 3593 4683 loco

1999 4695 2390 4750 Theodoritus.
2426 4695 2534 4750 Sed
2583 4712 2763 4764 neque
2796 4695 3121 4751 Theodorus
3172 4698 3370 4752 Lector
3398 4699 3452 4752 in
3489 4699 3586 4753 lib.

1999 4767 2182 4837 primo
2212 4765 2692 4829 Collecraneorum,
2723 4766 2990 4837 Iacobum
3043 4767 3191 4821 hunc
3221 4773 3589 4837 posteriorem

2000 4835 2544 4909 qt_ti__Leonis_Ang.
2599 4836 2966 4909 circularibus
3026 4835 3236 4909 litteris
3285 4841 3590 4909 rescripsit,

2001 4906 2326 4979 Eisibenum
2352 4906 2506 4979 facit,
2542 4921 2643 4979 nec
2673 4907 3040 4979 Theophanes
3075 4909 3130 4960 in
3153 4907 3432 4979 Chronico,
3464 4906 3593 4979 pag.

2004 4976 2094 5031 96.
2132 4977 2325 5030 Exstat
2365 4977 2530 5030 etiam
2560 4977 2804 5046 epistola
2840 4976 3167 5031 Theodoriti
3216 4979 3282 5033 ad
3316 4976 3481 5036 hunc
3511 4976 3605 5038 1;.-

2007 5047 2206 5118 cobum
2243 5046 2468 5118 scripta.
2504 5049 2558 5099 in
2598 5063 2704 5118 qua
2751 5047 2908 5118 illum
2957 5049 3342 5118 presbyterum
3387 5067 3452 5103 ac
3477 5064 3598 5102 mo-

2004 5117 2243 5188 nachum
2263 5117 2522 5186 appellat.
2547 5119 2654 5171 Pro
2679 5117 2950 5188 Baradrato
2968 5117 3337 5188 Theophanes
3364 5119 3596 5172 Bardam

303 5198 524 5260 portum
557 5183 710 5260 urbis
754 5183 957 5260 ligulae.
994 5184 1051 5236 Id
1085 5182 1234 5260 enim
1282 5182 1486 5260 diserte
1525 5182 1898 5260 jubetimpe-
1923 5184 1979 5243 D
2003 5186 2163 5260 dicit,
2192 5182 2477 5260 corrupte,
2509 5194 2568 5260 ut
2586 5188 2812 5260 opinor.
2847 5187 2904 5240 In
2946 5205 2998 5241 Ill
3024 5182 3175 5257 parie
3208 5190 3402 5260 synodi
3431 5189 3598 5244 Chal-

307 5252 458 5307 rator
507 5255 559 5306 in
598 5253 715 5322 lege
755 5253 822 5305 5?.
879 5254 1065 5313 citata,
1105 5252 1192 5306 his
1237 5252 1425 5305 verbis
1469 5268 1482 5303 :
1521 5252 1602 5305 Ita
1650 5259 1706 5303 ut
1740 5268 1897 5320 super

303 5321 717 5392 naufragiorum
765 5339 883 5391 qua:
920 5324 1236 5391 contigerint
1262 5321 1490 5383 casibus,
1520 5323 1718 5375 usitato
1756 5338 1901 5374 more

306 5391 486 5446 habita
514 5391 826 5460 quaestione,
856 5394 900 5445 si
929 5395 1018 5461 qui
1044 5392 1281 5446 calculus
1315 5391 1652 5444 modiationis
1687 5393 1902 5445 dicatur

306 5471 618 5532 tempestate
665 5464 829 5515 maris
870 5463 1154 5531 deperisse,
1194 5463 1289 5515 sub
1329 5469 1433 5514 tua:
1461 5461 1598 5514 sedis
1631 5462 1904 5514 auditione

306 5549 647 5603 nequaquam
692 5533 898 5600 feratur
949 5541 1234 5603 acceptus:
1267 5533 1357 5584 sed
1389 5534 1496 5603 haec
1522 5533 1782 5601 dispendii
1824 5532 1906 5584 la-

305 5601 447 5656 cuna
492 5604 548 5656 in
577 5619 735 5655 omne
779 5601 1230 5656 naviculariorum
1287 5602 1589 5662 concilium,
1637 5619 1730 5671 pro
1783 5612 1905 5654 rata

300 5673 504 5726 scilicet
541 5674 891 5742 contingentis
936 5675 1168 5725 muneris
1212 5672 1504 5742 deferatur.
1541 5671 1674 5742 Vide
1723 5672 1898 5742 legem

302 5742 364 5807 2,
415 5743 467 5797 in
522 5743 717 5799 codice
765 5741 1172 5807 Tlieodosiano,
1214 5743 1282 5796 de
1319 5741 1641 5810 naufragiis.

381 5815 492 5884 (68)
534 5812 625 5881 Τῷ
656 5813 792 5882 ὕφει
825 5811 943 5865 τῶν
985 5811 1255 5879 δεήσεων
1301 5811 1749 5881 παρεχομένων.
1797 5812 1896 5866 Δι-

2001 5257 2511 5330 cedonensis,_pag.
2549 5258 2674 5319 575,
2710 5260 2853 5330 inter
2888 5261 3191 5314 monachos
3231 5257 3438 5330 quibus
3487 5259 3598 5312 Leo

2001 5327 2138 5396 imp.
2183 5327 2408 5396 scripsit
2461 5329 2694 5391 litteras,
2743 5328 2955 5396 primus
3002 5327 3322 5384 nominatur
3358 5329 3602 5384 Jacobus

1999 5399 2309 5452 monachus
2347 5397 2666 5461 Nisibenus,
2697 5397 2900 5451 deinde
2949 5399 3249 5468 Symcones
3276 5412 3332 5454 et
3363 5399 3604 5453 Barada-

2002 5479 2092 5538 tus
2151 5469 2359 5538 Eorum
2384 5467 2636 5521 meminit
2664 5469 2830 5521 etiam
2857 5467 3192 5538 Ephremius
3221 5470 3600 5525 Antiochenus

2002 5537 2402 5612 cpiscﬁopus‘in
2453 5539 2627 5612 epist._
2667 5539 2736 5592 ad
2790 5540 3102 5612 monachos,
3138 5542 3497 5612 άποοχιστάς,
3544 5540 3597 5592 id

2004 5615 2089 5681 est
2111 5607 2583 5681 _Severianos,_et
2616 5609 2671 5661 in
2699 5610 2948 5663 oratione
2980 5611 3145 5666 tertia
3181 5607 3345 5681 quam
3377 5612 3602 5681 scripsit

2007 5679 2378 5802 ῗξέὶὲἶρᾶιιᾚιυηι
2410 5687 2466 5733 et
2494 5679 2761 5735 Joannem
2794 5681 3117 5760 monachos,
3141 5679 3427 5754 utlegitur
3458 5679 3603 5752 apud
