4108 6460
622 380 768 449 2523

1840 384 2155 448 EVAGRII
2207 382 2697 447 SCHOLASTICI

3760 381 3900 445 2524

625 501 1024 567 Alexandrina,
1073 499 1169 556 sed
1226 517 1255 555 a
1306 500 1481 555 milite
1540 498 1805 570 quapiam
1854 496 2209 554 interfectum

2318 494 2478 566 φότος
2510 494 2568 549 δέ
2597 492 2881 547 Διονυσίου
2905 491 3006 562 τὴν
3028 491 3185 548 πόλιν
3214 493 3353 565 μετὰ
3382 492 3645 548 πλείστου
3683 493 3896 566 τάχους,

626 596 816 654 fuisse.
848 595 1022 653 Porro
1055 607 1180 648 cum
1227 593 1524 662 Dionysius
1552 592 1845 647 celerrime
1892 590 2209 647 advenisset

626 683 1039 746 Alexandriam,
1071 690 1301 754 urgente
1323 680 1541 737 scilicet
1560 682 1849 736 atrocitate
1878 695 2064 734 rerum
2086 694 2209 748 quas

622 778 741 834 illic
769 776 1255 847 perpetrabantur,
1299 774 1526 845 quidam
1557 790 1625 829 ex
1659 772 2048 829 Alexandrinis
2071 770 2213 826 inci-.

622 869 728 925 atati
756 884 787 924 a
819 868 1137 929 Timotheo,
1177 865 1324 921 sicut
1373 865 1643 937 scriptum
1674 872 1760 921 est
1803 865 1858 918 in
1897 863 2101 919 litteris
2139 861 2210 917 ad

622 942 868 1017 Leonem
899 959 1234 1029 Augustum,
1266 957 1579 1012 Proterium
1618 954 1985 1015 interﬁciunt.
2026 952 2210 1025 gladio

626 1053 686 1107 in
712 1051 832 1121 ejus
857 1048 1067 1104 viscera
1100 1048 1316 1112 adacto,
1348 1063 1474 1102 cum
1508 1047 1556 1102 is
1585 1046 1657 1102 ad
1678 1061 1898 1102 sacrum
1939 1046 2209 1117 baptiste-

630 1141 772 1197 rium
794 1138 1155 1211 confugisset.
1188 1139 1437 1209 Eumque
1468 1137 1600 1193 fune
1653 1136 2102 1208 circumligatum
2145 1151 2211 1193 ac

630 1248 982 1303 suspensum,
1025 1231 1080 1286 in
1111 1233 1232 1286 loco
1255 1231 1349 1301 qui
1384 1230 1740 1302 Tetrapylum
1768 1230 1974 1286 dicitur
1995 1230 2212 1286 cunctis

628 1330 929 1386 ostentant,
958 1320 1257 1376 irridentes
1285 1336 1349 1376 ac
1367 1320 1741 1376 vociferantes
1758 1320 2070 1377 Proterium
2087 1334 2210 1376 esse

630 1428 756 1469 eum
787 1412 882 1483 qui
914 1411 1133 1470 occisus
1155 1410 1376 1467 fuisset.
1402 1412 1535 1468 Post
1562 1413 1680 1467 hazc
1709 1411 1946 1467 cadaver
1967 1402 2088 1483 ejus
2110 1427 2211 1481 per

632 1506 948 1561 universam
1000 1506 1194 1561 urbem
1244 1513 1518 1575 raptatum
1567 1504 1957 1569 incenderunt,
1994 1503 2211 1559 viscera

626 1612 849 1668 quoque
868 1599 989 1669 ejus
1019 1597 1266 1653 ferarum
1298 1612 1453 1653 more
1481 1596 1779 1668 degustare
1827 1611 1939 1651 non
1987 1595 2149 1651 veriti
2193 1612 2208 1650 :

623 1690 775 1744 sicut
824 1689 1087 1745 continet
1130 1679 1354 1747 libellus
1417 1704 1669 1759 precum,
1728 1704 1893 1759 quem
1962 1688 2209 1759 episcopi

628 1779 868 1852 θεωρῇ,
895 1789 954 1835 et
973 1782 1270 1836 universus
1298 1780 1483 1835 clerus
1508 1780 1661 1835 urbis
1691 1779 2081 1836 Alexandrina
2110 1781 2214 1836 mi-

628 1880 823 1927 serunt
851 1872 920 1927 ad
963 1872 1230 1941 Leonem,
1248 1873 1367 1944 qui,
1400 1880 1620 1928 mortuo
1659 1871 1960 1940 Marciano,
1988 1882 2052 1929 ut
2096 1875 2209 1946 jam

630 1964 765 2029 dixi,
800 1965 1106 2021 Romanum
1145 1964 1438 2035 imperium
1480 1962 1936 2020 administrabat.
1964 1963 2212 2021 Libellus

627 2064 814 2112 autem
849 2057 928 2111 sic
971 2056 1138 2112 habet
1174 2073 1189 2110 ι
1239 2056 1338 2111 Pio
1361 2063 1419 2111 et
1443 2053 1649 2111 Christi
1693 2054 2102 2119 amantissimo,
2157 2061 2216 2110 et

626 2162 658 2201 a
688 2147 803 2203 Deo
846 2146 1157 2218 designato.
1190 2147 1401 2204 Victori
1442 2161 1507 2202 ac
1549 2145 1971 2215 Triumphatori
2006 2154 2063 2201 et
2103 2144 2215 2200 Au-

624 2246 789 2308 gusto
815 2237 1009 2300 Leoni,
1047 2252 1240 2307 preces
1273 2238 1471 2293 oblatae
1502 2236 1573 2292 ab
1614 2236 1897 2292 universis
1930 2235 2215 2307 episcOpis

622 2325 962 2400 Egyptiaca:
992 2327 1250 2384 direcesis
1280 2337 1502 2392 vestrae,
1528 2336 1586 2384 et
1629 2343 1661 2383 a
1704 2327 1927 2383 clericis
1958 2326 2214 2383 maximae

626 2430 686 2476 et
699 2422 951 2478 sanctissi
959 2438 1061 2478 mae
1075 2422 1337 2481 Ecclesia
1350 2423 1847 2495 Alexandrinorum
1870 2433 2209 2479 vestrorum.

620 2513 764 2569 Cum
808 2514 1020 2570 caelesti
1072 2516 1249 2585 gratia
1303 2524 1565 2586 tanquam
1620 2515 1887 2571 eximium
1932 2514 2209 2585 quoddam

629 2620 833 2659 munus
864 2606 987 2661 orbi
1022 2613 1293 2662 terrarum
1316 2623 1618 2664 concessus
1646 2608 1847 2674 fueris,
1866 2608 1992 2679 jure
2008 2607 2211 2663 merito

626 2693 881 2763 quotidie
916 2704 1042 2764 post
1072 2696 1243 2750 Deum
1278 2697 1599 2767 reipublicae
1630 2697 1927 2768 providere
1957 2710 2069 2751 non
2092 2710 2212 2751 ces-

628 2801 740 2850 sas,
793 2786 1042 2841 omnium
1090 2787 1489 2857 imperatorum
1542 2788 1893 2846 sanctissime
1942 2786 2210 2858 Auguste.

629 2876 701 2932 Et
724 2889 842 2947 post
890 2876 1002 2931 alia
1036 2895 1055 2931 :
1092 2879 1342 2948 Dumque
1383 2880 1683 2950 tranquilla
1733 2896 1840 2950 pax
1890 2874 2214 2935 orthodoxae

630 2967 831 3038 plebis,
845 2978 972 3023 tum
990 2969 1135 3039 apud
1158 2985 1280 3035 nos,
1302 2979 1418 3025 tum
1452 2970 1508 3025 in
1526 2971 1667 3025 urbe
1686 2969 2018 3025 Alexandria
2041 2976 2209 3036 esset,

632 3074 827 3114 rursus
858 3059 1033 3114 turbae
1051 3060 1301 3115 excitatae
1325 3070 1475 3126 sunt,
1502 3077 1627 3117 cum
1653 3061 1982 3117 Timotheus
2020 3062 2207 3117 statim

2308 584 2419 639 τῶν
2473 583 2785 655 γενομένων
2834 583 3208 652 ἀτοπημάτων
3267 582 3659 639 συνωθούντων
3691 585 3855 641 αὐτὸν
3880 627 3896 649 .

2311 674 2639 738 σπεύδοντός
2663 688 2724 727 τε
2770 673 2873 744 τὴν
2916 674 3286 729 διαναστᾶσαν
3310 675 3411 745 τῆς
3436 674 3683 738 στάσεως
3720 676 3901 747 πυρὰν

2311 766 2505 820 σόέσαι
2526 808 2541 831 ,
2569 765 2702 819 ἔνιοι
2737 765 2846 819 τῶν
2900 764 3301 838 Ἀλεξανδρέων
3346 768 3779 839 παροτρύνοντος
3803 769 3899 821 Τι-

2313 859 2529 931 μοθέου,
2562 858 2637 922 ὡς
2666 858 2886 931 ἐγράφη
2927 858 3006 930 τῷ
3038 859 3231 914 Λέοντι
3256 901 3270 927 ,
3301 860 3602 915 ἐπελθόντα
3624 860 3722 914 τὸν
3758 861 3900 931 Προ-

2310 950 2920 1022 τέριονδιαχειρίζονται
2940 949 3042 1021 (ρ),
3072 949 3258 1021 ξίφους
3280 952 3423 1005 κατὰ
3443 950 3555 1004 τῶν
3578 950 3901 1020 σπλάγχνων

2310 1042 2593 1108 ὠσθέντος,
2631 1044 2774 1098 κατὰ
2801 1043 2863 1103 τὺ
2905 1044 3175 1112 πανάγιον
3235 1042 3629 1114 βαπτιστήριον
3658 1058 3902 1097 καταπε-

2311 1134 2549 1204 φευγότα
2571 1150 2586 1165 ’
2636 1133 2697 1188 δν
2729 1137 2823 1189 καὶ
2866 1134 3111 1205 καλωδίῳ
3165 1135 3669 1207 περιαρτήσαντες,
3701 1134 3804 1188 ἀνὰ
3832 1134 3896 1187 τὸ

2310 1226 2649 1295 καλούμενον
2702 1227 3056 1300 Τετράπυλον
3122 1230 3233 1291 τοῖς
3286 1230 3453 1282 πᾶσιν
3514 1228 3901 1312 ἐπεδείκνυον,

2313 1319 2751 1385 ἐπιτωθάζοντές
2774 1337 2833 1374 τε
2858 1320 2953 1374 καὶ
2983 1320 3409 1391 κραυγάζοντες,
3440 1318 3737 1389 Προτέριον
3764 1312 3905 1371 εἶναι

2309 1411 2402 1465 τὸν
2433 1412 2609 1482 ἁνηρη
2620 1400 2797 1483 μένον.
2821 1412 2932 1465 Καὶ
2952 1411 3096 1465 κατὰ
3114 1410 3291 1465 ταῦτα
3315 1410 3379 1464 τὸ
3411 1408 3571 1479 σῶμα
3604 1408 3695 1463 διὰ
3721 1409 3901 1478 πάσης

2311 1502 2411 1570 τῆς
2443 1501 2649 1565 πόλεως
2679 1500 3159 1573 περιελκύσαντες,
3196 1501 3334 1573 πυρὶ
3370 1499 3679 1573 παρέδοσαν
3719 1517 3735 1533 ο
3782 1498 3903 1554 οὐδὲ

2312 1592 2423 1646 τῶν
2448 1593 2778 1662 σπλάγχνων
2802 1593 2982 1647 αὐτῶν
3000 1594 3090 1647 ῐσα
3110 1593 3320 1665 θηρίοις
3343 1592 3760 1661 ἀπογεύσασθαι
3774 1608 3906 1663 ναρ-

2314 1685 2607 1753 κήσαντες,
2660 1682 2736 1746 ὥς
2788 1700 2890 1737 που
2927 1684 3101 1738 ταῦτα
3141 1684 3321 1738 πάντα
3354 1685 3389 1754 ή
3418 1684 3605 1755 δέησις
3647 1681 3904 1753 περιέχει

2314 1778 2421 1832 τῶν
2441 1772 2757 1834 ἐπισκόπων
2778 1779 2886 1833 τῶν
2916 1779 3018 1832 ἀνὰ
3042 1779 3142 1847 τὴν
3172 1777 3469 1847 Αἴγυπτον.
3502 1776 3598 1830 καὶ
3629 1775 3726 1830 τοῦ
3754 1775 3898 1845 σύμ-

2316 1885 2517 1930 παντος
2551 1868 2755 1939 κλήρου
2797 1870 2896 1938 τῆς
2942 1867 3329 1938 Ἀλεξάνδρου,
3366 1868 3507 1938 πρὸς
3554 1866 3765 1921 Λέοντα
3812 1866 3903 1919 τὸν

2318 1962 2457 2032 μετά
2487 1961 2804 2030 Μαρκιανδν
2825 2003 2853 2027 ,ν
2892 1961 2967 2025 ὠς
2995 1957 3211 2033 εἴρηται
3232 2002 3246 2026 ,
3281 1962 3383 2030 τὴν
3416 1957 3746 2030 ἐπικρατίαν
3793 1955 3904 2010 τῶν

2330 2052 2615 2122 Ῥωμαίων
2639 2051 3000 2123 περιθέμενον
3025 2053 3387 2123 γεγενημένη,
3414 2052 3560 2123 ήπερ
3585 2049 3904 2120 γέγραπται

2312 2144 2539 2215 ὀνόμασι
2584 2144 2795 2207 τούτοις
2822 2160 2835 2173 ·
2868 2143 2959 2214 Τῷ
3010 2144 3238 2197 Εὐσεϐεῖ
3286 2146 3383 2198 καὶ⁸
3420 2142 3760 2213 Φιλοχρίστῳ
3809 2139 3904 2194 καὶ

2315 2234 2467 2304 παρὰ
2494 2233 2629 2288 Θεοῦ
2673 2234 3040 2305 ἁναδειχθέντι
3064 2275 3078 2298 ,
3111 2234 3367 2306 Νικητῇ,
3401 2231 3770 2305 Τροπαιούχῳ
3812 2233 3903 2283 καὶ

2311 2324 2608 2395 Αὐγούστῳ
2636 2327 2849 2391 Λέοντι,
2882 2325 3068 2395 δέησις
3101 2327 3256 2397 παρὰ
3276 2326 3386 2380 τῶν
3423 2324 3741 2378 ἐπισκόπων
3772 2322 3905 2375 παν-

2311 2434 2420 2471 των
2446 2417 2544 2485 τῆς
2563 2417 2838 2489 ὑμετέρας
2865 2418 3246 2489 Αἰγυπτιακῆς
3262 2418 3607 2489 διοικήσεως,
3639 2416 3737 2469 καὶ
3764 2414 3902 2484 κλη-

2315 2508 2485 2580 ρικῶν
2518 2506 2631 2561 τῶν
2662 2508 2813 2561 κατὰ
2854 2508 2954 2580 τὴν
2999 2509 3265 2580 μεγίστην
3308 2509 3611 2580 ὐμετὲραν-
3644 2508 3902 2574 ’Δλεξαν-

2310 2599 2481 2670 δρίων
2514 2600 2830 2670 ἁγιωτάτην
2864 2601 3182 2670 ἐκκλησίαν.
3238 2601 3333 2655 Ἐκ
3374 2604 3473 2670 τῆς
3502 2598 3714 2654 ἄνωθεν
3741 2600 3904 2669 χάρι-

2312 2706 2402 2752 τος
2430 2689 2602 2760 δῶρον
2633 2688 2711 2761 τῷ
2749 2690 2850 2762 βίῳ
2896 2690 3294 2762 παρασχεθεὶς,
3331 2690 3555 2754 εἰκότως
3601 2690 3662 2743 οὐ
3721 2689 3903 2756 λέγεις

2312 2779 2583 2851 ὁσημέραι
2612 2781 2708 2834 τοῦ
2737 2781 2918 2835 κοινοῦ
2962 2782 3102 2854 μετὰ
3144 2783 3234 2836 τὸν
3270 2781 3405 2835 Θεὸν
3422 2779 3707 2853 προμηθού
3717 2795 3898 2851 μενος,

2315 2871 2647 2940 εὐαγέστατε
2686 2873 2906 2928 πάντων
2961 2873 3382 2945 αὐτοκρατόρων
3427 2871 3734 2941 Αὐγουστε.
3791 2869 3900 2927 Καὶ

2310 2964 2441 3035 μεθ’
2466 2963 2660 3033 ἕτερω
2686 2964 3085 3018 Ἀστασιάστου
3115 2981 3177 3017 τε
3204 2964 3430 3035 εἰρήνης
3463 2964 3571 3016 τῶν
3600 2962 3903 3035 όρθοδόξων

2314 3055 2460 3112 λαῶν
2490 3056 2623 3124 παρ’
2654 3056 2787 3125 ἡμῖν
2811 3072 2871 3108 τε
2907 3056 3000 3108 καὶ
3032 3056 3176 3109 κατὰ
3223 3055 3320 3126 τὴν
3354 3055 3467 3108 τῶν
3505 3054 3905 3125 Ἀλεξανδρέων

633 3159 759 3220 post
790 3160 1041 3205 sanctum
1066 3150 1232 3222 299
1261 3150 1717 3209 Chalcedonense
1750 3153 2070 3218 concilium,
2098 3165 2211 3224 quo

2318 3147 2427 3200 ὐπα
2438 3149 2690 3216 ρχούσης,
2718 3144 2881 3199 πάλιν
2912 3143 3176 3214 Τιμοθέου
3199 3143 3680 3215 ἀποσχοινίσαντος
3710 3142 3903 3197 ἐαυτὸν

636 3248 880 3309 tempore
907 3239 1177 3295 duntaxat
1199 3240 1488 3323 presbyter
1530 3249 1671 3309 erat,
1695 3242 1767 3299 ab
1816 3243 2078 3300 Ecclesia:
2123 3260 2215 3300 ca-

634 3330 855 3386 tholicas
888 3332 1279 3388 communione
1303 3340 1360 3389 et
1382 3349 1519 3404 pace
1549 3342 1864 3405 separasset
1891 3351 1951 3392 se
1979 3352 2044 3392 ac
2075 3352 2215 3408 prae-

631 3420 881 3485 cidisset,
920 3436 1029 3476 una
1054 3437 1181 3477 cum
1207 3429 1448 3493 quatuor
1487 3430 1586 3478 aut
1634 3424 1883 3494 quinque
1934 3425 2216 3495 quondam

632 3511 913 3583 episcopis
943 3521 1000 3567 et
1026 3514 1217 3583 paucis
1245 3515 1557 3581 monachis,
1579 3516 1673 3586 qui
1703 3516 1975 3587 pestifero
2000 3517 2214 3589 Apolli-

631 3599 784 3656 naris
808 3611 865 3657 et
891 3601 1159 3681 Eutycbis
1204 3618 1399 3661 errore
1442 3604 1673 3676 perinde
1696 3621 1762 3662 ac
1792 3605 1909 3676 ipse
1960 3600 2211 3677 impliciti

632 3692 986 3749 tenebantur.
1023 3693 1199 3761 Quam
1222 3695 1295 3751 ob
1329 3712 1552 3753 causam
1588 3704 1726 3754 tunc
1753 3699 2020 3755 canonice
2045 3699 2218 3769 depo—

634 3784 725 3838 siti
758 3800 788 3839 a
811 3785 986 3843 beatae
1008 3789 1289 3844 memoriae
1310 3790 1587 3854 Proterio,
1619 3800 1675 3845 et
1697 3792 1765 3847 ab
1795 3792 2059 3847 universo
2090 3808 2218 3847 con-

624 3874 763 3931 cilio
790 3877 1178 3950 episcoporum
1204 3880 1446 3953 IEgypti,
1474 3882 1818 3954 imperialem
1848 3900 2068 3956 quoque
2100 3900 2220 3941 me-

633 3965 740 4020 rito
766 3967 1066 4025 vindictam
1100 3971 1299 4028 exsilio
1328 3974 1539 4043 experti
1576 3984 1727 4032 sunt.
1759 3975 1827 4030 Et
1850 3975 2012 4047 paulo
2057 3987 2214 4047 post:

625 4055 882 4129 Cumque
911 4070 1129 4133 tempus
1158 4074 1437 4135 captasset
1469 4067 1659 4122 obitus
1683 4068 1825 4123 divae
1864 4068 2213 4124 recordatio-

634 4150 722 4204 nis
750 4150 1009 4209 Marciani
1050 4156 1307 4228 Augusti,
1334 4158 1519 4228 impiis
1549 4161 1781 4215 vocibus
1816 4176 1879 4216 ac
1905 4161 2218 4217 maledictis

633 4255 835 4297 nomen
866 4244 1018 4299 illius
1049 4246 1405 4316 impudenter
1452 4248 1760 4313 incessens,
1799 4234 2061 4320 tanquam
2097 4251 2219 4305 nul-

632 4330 703 4385 lis
734 4328 952 4401 legibus
972 4334 1254 4404 subjectus
1285 4353 1297 4388 :
1330 4346 1584 4391 sanctum
1613 4346 1881 4419 praeterea
1912 4347 1970 4393 et
1995 4339 2221 4393 univer-

633 4423 747 4478 sale
769 4423 1220 4482 Chalcedonense
1257 4428 1553 4483 concilium
1588 4428 1853 4499 perfricta
1880 4430 2062 4484 fronte
2087 4446 2219 4485 ana-

2313 3238 2414 3309 τῆς
2439 3236 2735 3308 καθολικῆς
2772 3236 3100 3307 Ἑκκλησίας
3134 3236 3229 3289 καί
3256 3234 3517 3301 πίστεως,
3559 3234 3657 3288 καὶ⁸
3693 3235 3906 3288 ἀποτε-

2318 3330 2511 3403 μόντος
2539 3329 2701 3394 εὐθὺς
2738 3329 2881 3400 μετὰ
2910 3327 3011 3401 τὴν
3043 3330 3102 3381 ἐν
3136 3327 3445 3401 Καλχηδόνι
3468 3328 3630 3396 ἁγίαν
3659 3326 3899 3393 σύνοδον,

2314 3422 2375 3475 τὸ
2411 3420 2716 3493 τηνικαῦτα
2738 3420 2900 3491 δῆθεν
2933 3419 3311 3492 πρεσϐυτέρου
3347 3416 3712 3490 τυγχάνοντος
3740 3458 3754 3483 ,
3788 3420 3903 3488 ἅμα

2314 3512 2570 3584 τέταρσιν
2622 3512 2657 3585 ή
2690 3512 2852 3567 πέντε
2893 3513 3074 3583 μόνοις
3099 3514 3232 3567 ποτέ
3271 3511 3593 3573 ἐπισκόποις
3614 3551 3627 3571 ,
3657 3514 3755 3564 καὶ
3794 3509 3903 3563 ὀλί-

2315 3621 2434 3674 γοις
2463 3603 2756 3673 μονάζουσι
2782 3644 2798 3669 ,
2832 3605 2929 3658 σὺν
2959 3604 3109 3675 αὐτῷ
3153 3605 3255 3674 τὴν
3287 3603 3573 3675 αἰρετικὴν
3611 3603 3901 3656 ’Λπολινα-

2317 3697 2437 3767 ρίου
2460 3697 2556 3750 καὶ
2583 3696 2682 3768 τὴν
2705 3698 2827 3756 κατ’
2859 3698 3067 3751 ἐκεῖνον
3086 3696 3389 3751 νοσούντων
3419 3692 3746 3760 κακοδοξίαν
3782 3712 3795 3725 ·
3836 3692 3904 3746 δι’

2317 3791 2384 3862 ἢν
2416 3789 2840 3861 καθαιρεθέντες
2862 3791 2984 3844 τότε
3016 3789 3319 3853 κανονικῶς
3352 3787 3458 3842 ὐπὸ
3491 3786 3584 3841 τοῦ
3614 3787 3715 3856 τῆς
3752 3785 3904 3849 θείας

2322 3882 2543 3954 μνήμης
2575 3882 2874 3955 Προτερίου
2910 3884 3004 3936 καὶ
3031 3880 3212 3951 πάσης
3244 3880 3623 3949 Αἰγυπτιακῆς
3656 3877 3902 3942 συνόδου,

2321 3972 2605 4043 βασιλικῆς
2633 3975 2860 4038 εἰκότως
2891 3975 2988 4029 σύν
3013 3973 3199 4045 ἐξορίᾳ
3214 3972 3484 4044 κινήσεως
3502 3969 3902 4041 ἐπειράθησαν.

2318 4065 2428 4119 Kal
2450 4066 2579 4135 μεθ’
2606 4066 2781 4133 ἔτερα
2804 4081 2814 4094 ·
2862 4066 3238 4136 Ἐπιτηρήσας
3269 4082 3329 4118 τε
3357 4064 3456 4134 τὴν
3482 4062 3737 4116 ἐντεῦθεν
3770 4061 3905 4133 πρὸς

2318 4156 2453 4211 Θεὸν
2480 4158 2749 4229 ἐκδημίαν
2779 4155 2872 4210 τοῦ
2899 4157 2998 4228 τῆς
3034 4156 3265 4225 εὐαγοῦς
3316 4156 3526 4226 λήξεως
3574 4150 3904 4225 Μαρκιανοῦ

2317 4248 2411 4303 τοῦ
2442 4250 2741 4319 γενομένου
2769 4248 3052 4318 βασιλέως,
3089 4248 3430 4318 βλασφήμοις
3456 4262 3515 4299 τε
3563 4247 3805 4312 φωναῖς,
3830 4242 3905 4307 ὡς

2319 4340 2642 4409 αὐτόνομος,
2685 4341 2921 4404 ἀναιδῶς
2949 4341 3069 4399 κατ’
3116 4338 3285 4394 αὐτοῦ
3336 4338 3765 4409 θρασυνόμενος,
3813 4334 3904 4389 καὶ

2318 4432 2417 4502 τὴν
2452 4430 2613 4500 ἁγίαν
2648 4431 2744 4485 καὶ
2772 4418 3156 4502 οἰκουμενικὴν
3190 4432 3288 4503 τήν
3319 4433 3377 4484 ἐν
3410 4428 3722 4499 Καλχηδόνι
3780 4426 3905 4481 σύν-

636 4514 1020 4580 thematizans,
1049 4518 1464 4573 multitudinem
1494 4520 1784 4594 hominum
1824 4522 2103 4576 venalium
2151 4538 2213 4577 ac

2319 4520 2435 4574 οδον
2476 4520 2893 4591 ἀναθεματίζων
2916 4520 3461 4591 ἀπερυθριασμένως,
3500 4518 3701 4587 πλῆθος
3728 4516 3903 4587 δήμου

633 4604 1029 4661 seditiosorum
1064 4618 1188 4679 post
1222 4625 1280 4665 se
1312 4611 1556 4676 trahens,
1594 4626 1739 4681 quos
1768 4622 1964 4667 contra
1997 4613 2213 4668 divinas

2316 4612 2540 4681 ὼνητῶν
2566 4629 2626 4665 τε
2657 4612 2754 4665 καὶ
2778 4611 3031 4665 ἀτάκτων
3054 4611 3473 4683 ἐπισυρόμενος,
3506 4609 3601 4663 καὶ
3630 4606 3902 4679 στρατεύ-

636 4700 855 4769 regulas
882 4701 1395 4758 etecclesiasticam
1425 4702 1797 4772 disciplinam,
1837 4713 2035 4758 contra
2065 4705 2213 4775 leges

2317 4721 2417 4767 σας
2439 4704 2582 4759 κατά
2610 4721 2669 4758 τε
2708 4704 3010 4777 τῶνίθείων
3042 4704 3286 4759 κανόνων
3341 4704 3435 4757 καὶ
3468 4704 3567 4773 τῆς
3600 4702 3900 4771 ἐκκλησια-

634 4798 687 4844 et
713 4790 1113 4859 rempublicam
1146 4800 1478 4857 armaverat,
1516 4796 1571 4846 in
1601 4802 1849 4847 sanctam
1884 4792 1981 4848 Dei
2024 4784 2213 4849 Eccle-

2317 4798 2510 4867 στικῆς
2539 4799 2931 4862 καταστάσεως
2980 4800 3076 4853 καὶ
3119 4798 3217 4868 τῆς
3250 4801 3442 4868 κοινῆς
3470 4796 3757 4857 πολιτείας
3811 4793 3904 4845 καὶ

634 4880 771 4935 siam
793 4881 1017 4953 irrupit,
1050 4898 1172 4953 quae
1198 4891 1478 4953 pastorem
1506 4894 1563 4939 et
1591 4885 1878 4940 doctorem
1916 4895 2048 4940 tunc
2080 4893 2213 4940 tem-

2314 4890 2424 4943 τῶν
2466 4891 2647 4962 νόμων
2668 4933 2682 4959 ,
2712 4892 3091 4961 ὲπεσέφρησεν
3131 4892 3327 4945 ἑαυτὸν
3357 4894 3423 4961 τῇ
3474 4889 3607 4959 ἁγίᾳ
3640 4887 3737 4942 τοῦ
3768 4883 3899 4941 Θεοῦ

634 4973 786 5041 poris
833 4974 1074 5032 habebat
1131 4977 1543 5052 sanctissimum
1584 4986 1837 5032 nostrum
1884 4978 2104 5032 Patrem
2160 4988 2216 5033 et

625 5052 1117 5137 archiepiscopum
1145 5069 1479 5135 Proterium,
1516 5070 1611 5139 qui
1642 5078 1758 5123 tum
1791 5071 2069 5125 solemnes
2100 5073 2215 5126 col-

626 5156 803 5212 lectas
830 5159 1169 5225 celebrabat,
1219 5169 1276 5216 et
1326 5161 1611 5217 Servatori
1671 5162 1915 5217 omnium
1959 5172 2212 5219 nostrum

2334 4983 2648 5055 Ἐκκλησία,
2691 4984 2894 5057 ἐχούσῃ
2922 4983 3157 5054 ποιμένα
3194 5001 3251 5035 τε
3291 4984 3383 5036 καί
3416 4981 3757 5043 διδάσκαλον,
3813 4979 3900 5032 τὸν

2321 5074 2624 5144 ἁγιώτατον
2658 5075 2813 5147 ήμῶν
2864 5075 2955 5128 τὸν
2982 5074 3285 5144 τηνικαῦτα
3338 5075 3555 5145 Πατέρα
3606 5073 3699 5126 xa‘.
3745 5073 3899 5140 ἀρχι-

2320 5164 2620 5219 επίσκοπον
2646 5165 2959 5237 Προτέρων,
2981 5166 3076 5228 τάς
3103 5182 3161 5217 τε
3196 5165 3444 5235 συνήθεις
3478 5162 3729 5226 συνάξεις
3780 5163 3896 5214 ἐπι-

629 5248 855 5305 Christo
880 5269 1073 5321 preces
1099 5270 1163 5308 ac
1197 5264 1321 5309 vota
1355 5253 1592 5309 faciebat
1624 5270 1724 5324 pro
1751 5255 2012 5326 religioso
2039 5260 2213 5327 impe-

2318 5257 2581 5312 τελοῦντα
2601 5299 2615 5321 ,
2658 5258 2751 5312 καὶ
2775 5259 2929 5321 λιτὰς
2961 5257 3359 5329 ἀνα-πέμποντα
3394 5257 3471 5325 τῷ
3496 5257 3714 5310 πάντων
3745 5252 3897 5323 ἡμῶν

630 5339 718 5393 rio
750 5352 932 5396 vestro
956 5352 1013 5397 et
1050 5359 1153 5413 pro
1175 5343 1383 5400 Christi
1431 5346 1810 5401 amantissimo
1865 5349 2092 5417 palatio.
2145 5348 2212 5403 Et

2320 5350 2535 5422 Σωτῆρι
2590 5352 2814 5423 Χριστῷ
2868 5353 3007 5421 ὑπὲρ
3064 5352 3163 5422 τῆς
3224 5351 3483 5413 εὐσεϐοῦς
3543 5348 3895 5417 ὐμῶννβασιν

630 5442 746 5494 post
763 5450 966 5503 pauca:
994 5436 1223 5500 Deinde,
1243 5437 1410 5491 unico
1426 5437 1517 5491 die
1540 5438 1748 5507 elapso,
1770 5455 1895 5494 cum
1928 5442 2212 5496 Proterius

2315 5438 2487 5503 λείας,
2545 5442 2641 5495 καὶ¹
2684 5441 2780 5495 τοῦ
2833 5441 3184 5512 φιλοχρίστου
3244 5442 3398 5511 ὑμῶν
3461 5440 3749 5493 παλατίου.
3791 5433 3892 5487 Kal

632 5521 744 5575 Deo
771 5523 1134 5580 charissimus
1160 5527 1315 5596 juxta
1352 5542 1562 5580 morem
1598 5527 1653 5581 in
1690 5529 1998 5600 episcopali
2043 5531 2209 5586 domo

2314 5533 2441 5601 μετ’
2475 5535 2648 5603 ὀλίγα
2673 5552 2685 5565 '
2720 5536 2830 5589 Kal.
2874 5537 3041 5607 μόνης
3066 5535 3460 5605 διαγενομὲνης
3483 5535 3717 5605 ἡμέρας.
3745 5532 3801 5582 ἐν
3824 5525 3895 5595 τῷ

2097 5648 2477 5704 VAIilORUM.

705 5736 780 5817 (If)
829 5737 941 5789 Τὸν
964 5737 1281 5819 Προξέςιον
1309 5739 1783 5819 ὃιοχειρίίόντᾳι.
1834 5744 2098 5819 Sanctum
2136 5745 2213 5819 Pr}

2314 5748 2446 5803 rium
2508 5750 2873 5819 patriarcham
2932 5748 3384 5812 Alexandrinum,
3422 5748 3487 5800 ab
3542 5745 3893 5817 Ettlytlaianis

628 5810 874 5862 occisum
914 5825 1057 5861 annu
1096 5810 1215 5875 157,
1277 5825 1671 5877 commemorat
1712 5816 1836 5871 Ant.
1892 5814 2039 5885 Pagi,
2091 5832 2142 5870 n.
2182 5818 2234 5871 -l.
