4108 6470
210 388 356 453 2525

1145 390 1538 454 HISTORIE
1562 391 2160 455 ECCI.ESIASTIC.‘E
2197 394 2430 456 LIBER
2478 393 2559 455 II.

3346 396 3490 459 2526

212 497 531 569 ἑπισκοπίῳ
558 497 703 553 κατά
724 498 789 553 τδ
807 496 928 563 ἔθος
954 497 1239 569 διάγοντος
1263 502 1358 555 τοῦ
1381 500 1800 571 θεοφιλεστάτου

1905 513 2241 569 moraretur,
2290 503 2640 569 Timotheus,
2680 503 2983 575 assumptis
3024 519 3213 561 secum
3270 507 3490 562 duobus

215 593 540 662 Προτερίου,
575 592 759 646 λαϐὼν
793 592 913 663 μεθ’
942 591 1137 646 ἑαυτοῦ
1160 592 1190 645 ό
1220 591 1485 664 Τιμόθεος
1507 594 1634 658 τοὺς
1666 593 1802 647 καθ-

213 680 538 752 αιρεθέντας
586 680 813 744 ἐνδίκως
859 678 955 733 δύο
977 680 1316 743 ἐπισκόπους
1337 722 1354 747 ,
1380 682 1475 733 καὶ
1506 679 1804 750 κληρικοὺς

212 774 413 845 ὁμοίως
442 774 547 845 τὴν
579 770 795 843 ὲξορίαν
814 812 830 838 ,
857 772 933 837 ὡς
964 771 1176 844 ἔφημεν
1194 812 1209 837 ,
1245 772 1417 825 οἰκεῖν
1443 770 1804 841 κατακριθέν-

212 882 331 931 τας,
354 866 434 930 ὡς
460 864 528 937 δὴ
551 865 887 937 χειροτονίαν
920 865 1071 937 παρὰ
1100 865 1209 919 τῶν
1235 865 1329 919 δύο
1350 864 1647 935 δεξάμενος
1667 863 1803 935 (64),

218 954 451 1025 μηδενὸς
483 954 547 1006 τὸ
579 954 801 1008 σύνολον
827 954 937 1007 τῶν
968 953 1113 1008 κατά
1144 955 1245 1024 τὴν
1266 952 1649 1025 Αἰγυπτιακὴν
1676 951 1808 1006 διοί-

216 1062 377 1115 κησιν
401 1044 704 1117 όρθοδόξων
730 1046 1049 1100 ἐπισκόπων
1079 1045 1350 1116 παρόντος
1367 1045 1510 1100 κατά
1530 1043 1592 1098 τδ
1616 1043 1808 1107 εἰωθὸς

214 1136 306 1190 ἐπὶ
338 1138 465 1199 ταῖς
496 1135 777 1200 τοιαύταις
806 1137 906 1207 τῆς
947 1137 1351 1210 Ἀλεξανδρέων
1375 1137 1471 1191 τοῦ
1503 1136 1806 1191 ἐπισκόπου

212 1226 596 1297 χειροτονίαις,
626 1226 1088 1297 ἐπιλαμϐάνεται,
1121 1226 1199 1290 ὡς
1227 1226 1471 1297 ἐνόμισε,
1495 1228 1594 1297 τῆς
1612 1225 1808 1295 ἀρχιε-

215 1316 453 1388 ρατικῆς
518 1315 823 1387 καθέδρας,
876 1316 1127 1389 μοιχείαν
1177 1315 1460 1386 προδήλως
1523 1315 1808 1385 τολμήσας

214 1408 355 1462 κατά
384 1408 496 1479 τῆς
525 1407 761 1478 ἐχούσης
798 1407 1133 1478 Ἐκκλησίας
1174 1409 1267 1462 τὸν
1295 1407 1496 1477 ἑαυτῆς
1527 1407 1761 1477 νυμφίον
1787 1446 1803 1470 ,

212 1505 306 1559 καὶ
336 1502 701 1575 ἐνεργοῦντος
733 1502 778 1535 δ’
812 1503 871 1557 ὲν
897 1501 1133 1575 αὐτῇ,τά
1163 1502 1284 1556 θεῖα
1303 1541 1319 1566 ,
1354 1501 1457 1555 καὶ
1502 1499 1807 1563 καπνικῶς

212 1593 303 1647 τὸν
330 1596 535 1648 οἰκεῖον
566 1592 850 1657 διέποντος
921 1590 998 1662 (q)
1025 1591 1235 1661 θρόνον.
1263 1591 1379 1646 Καί
1399 1578 1546 1662 μεθ’
1570 1590 1747 1659 ἔτερα
1787 1607 1802 1622 ο

214 1684 385 1739 Οὒδὶν
406 1684 599 1757 ἕτερον
630 1678 699 1755 ἦν
732 1686 908 1738 ποιεῖν
933 1686 1027 1738 τὸν
1079 1684 1352 1755 μακάριον
1380 1685 1591 1736 ἐκεῖνον
1611 1722 1626 1748 ,
1653 1681 1684 1750 ἢ
1716 1680 1807 1734 τό-

213 1792 314 1830 πον
352 1774 544 1829 δοῦναι
590 1777 828 1848 τῇόργῇ
878 1775 1022 1829 κατὰ
1052 1775 1116 1828 τὸ
1147 1774 1561 1845 γεγραμμένον,
1606 1773 1700 1827 καὶ
1744 1772 1807 1826 τὸ

1904 596 2180 666 episcopis
2224 597 2318 666 qui
2366 592 2612 667 legitime
2639 595 2857 651 fuerant
2882 596 3159 657 destituti.
3189 604 3246 653 et
3269 596 3491 654 clericis

1905 685 2002 756 qui
2030 686 2311 752 similiter,
2349 694 2411 742 ut
2438 688 2550 759 jam
2580 686 2846 752 diximus,
2878 686 3075 742 exsilio
3100 686 3341 743 damnati
3368 687 3490 744 fue-

1906 788 2069 845 rant;
2096 779 2329 850 perinde
2354 794 2419 835 ac
2450 780 2497 835 si
2533 780 2781 835 ordinari
2820 789 3009 849 posset
3045 796 3075 834 a
3108 779 3328 836 duobus
3373 781 3494 850 epi-

1906 871 2092 941 scopis
2127 887 2142 925 ;
2187 871 2410 928 nemine
2464 872 2694 927 omnino
2735 887 2803 926 ex
2836 871 3168 927 orthodoxis
3212 873 3492 944 episcopis

1909 961 2246 1034 Egyptiaca:
2275 963 2537 1020 dimcesis
2577 972 2875 1033 praesente,
2913 963 3380 1033 quemadmodum
3434 967 3491 1021 in

1907 1054 2226 1124 huiusmodi
2246 1054 2694 1110 ordinationibus
2709 1055 2958 1125 episcopi
2981 1055 3341 1112 Alexandrini
3370 1057 3491 1113 fieri

1906 1146 2070 1211 solet,
2099 1146 2629 1217 archiepiscopalem
2671 1145 2881 1212 sedem,
2923 1147 3069 1201 sicut
3116 1147 3232 1218 ipse
3264 1149 3488 1219 quidem

1907 1238 2145 1310 putavit,
2175 1246 2412 1308 occupat
2445 1255 2457 1291 :
2485 1237 2821 1292 adulterium
2851 1238 3029 1307 palam
3074 1238 3279 1293 inferre
3320 1255 3491 1295 ausus

1908 1330 2187 1393 Ecclesiae,
2219 1344 2381 1384 suum
2413 1327 2591 1397 ipsius
2614 1342 2877 1397 sponsum
2915 1328 3166 1407 habenti.
3195 1329 3288 1398 qui
3333 1344 3490 1385 saera

1908 1422 1964 1476 in
1991 1422 2107 1491 ipsa
2133 1421 2391 1483 faciebat,
2417 1428 2473 1475 et
2494 1419 2589 1488 qni
2614 1419 2802 1474 sedem
2833 1434 2986 1473 suam
3018 1420 3174 1489 juxta
3212 1436 3489 1475 canonum

1907 1522 2182 1584 praecepta
2228 1511 2681 1566 administrabat.
2722 1509 2793 1564 Et
2834 1509 3114 1580 aliquanto
3147 1519 3262 1579 post
3294 1526 3313 1565 :
3339 1510 3490 1565 Nihil

1907 1604 2055 1661 aliud
2105 1604 2287 1660 facere
2327 1603 2509 1674 potuit
2537 1603 2731 1658 beatus
2765 1602 3072 1665 Proterius,
3107 1617 3296 1673 quam,
3347 1602 3493 1657 sicut

1906 1698 2175 1767 scriptum
2206 1704 2311 1760 est,
2354 1695 2489 1751 dare
2545 1696 2729 1750 locum
2766 1696 2883 1760 irae,
2910 1702 2966 1750 et
2994 1694 3062 1749 ad
3107 1694 3490 1750 venerandum

1906 1786 2294 1860 baptisterium
2331 1786 2656 1857 confugere,
2700 1794 2761 1840 ut
2794 1800 2989 1840 eorum
3033 1786 3126 1855 qui
3184 1784 3251 1839 ad
3283 1786 3489 1841 eaedem

214 1866 409 1920 σεπτὸν
436 1865 767 1921 καταλαϐεῖν
808 1867 1201 1938 βαπτιστήριον
1223 1906 1238 1929 ,
1274 1865 1543 1934 φεύγοντα
1570 1863 1676 1918 τῶν
1715 1863 1801 1916 ἐπ’

1908 1880 2216 1936 faciendam
2273 1878 2583 1945 irruebant,
2637 1878 2901 1948 impetum
2953 1876 3263 1932 declinaret
3318 1894 3331 1930 :
3380 1892 3491 1947 quo

212 1956 360 2028 αὑτῷ
387 1958 435 1989 ⁸³
466 1959 775 2029 τρεχόντων
804 1957 942 2029 πρὸς
967 1958 1130 2028 φόνον
1155 1957 1254 2029 τὴν
1283 1956 1469 2028 ἔφοδον
1492 1974 1508 1989 ·
1542 1956 1601 2009 ὲν
1626 1948 1671 2024 ᾧ
1700 1956 1805 2025 μά-

210 2051 367 2105 λιστα
396 2051 549 2122 τόπῳ
576 2052 675 2106 καὶ
702 2049 1003 2122 βαρϐάροις
1031 2050 1129 2104 καὶ
1158 2052 1324 2103 πᾶσιν
1353 2049 1568 2119 ἀγρίοις
1597 2047 1807 2118 ἀνθρώ-

214 2158 336 2206 ποις
372 2142 656 2211 ἐγγίνεται
682 2141 822 2205 δέος,
862 2143 978 2204 τοῖς
1009 2141 1107 2195 καὶ⁴
1139 2142 1213 2212 μὴ
1237 2140 1406 2195 εἰδόσι
1435 2140 1498 2194 τὺ
1519 2140 1683 2205 σέϐας
1712 2138 1803 2195 τοῦ

212 2234 402 2299 τόπου,
424 2234 520 2287 καὶ
541 2233 641 2302 τὴν
667 2232 884 2310 ἐκεῖθεν
914 2232 1186 2304 βρύουσαν
1217 2234 1399 2304 χάριν.
1424 2233 1616 2304 Ὅμως
1636 2234 1686 2286 οἰ
1715 2233 1806 2286 τὸν

214 2325 273 2390 ἐξ
300 2325 483 2394 ἀρχῆς
531 2324 801 2394 Τιμοθέου
860 2324 1063 2378 σκοπὸν
1114 2324 1195 2387 εἰς
1247 2324 1409 2395 ἔργον
1466 2325 1805 2395 προαγαγεῖν

217 2414 615 2479 σπουδάζοντες
639 2456 655 2482 ,
694 2416 744 2469 oi
778 2415 912 2487 μηδὲ
956 2416 1015 2469 ἐν
1053 2416 1170 2480 τοῖς
1225 2415 1519 2486 ἀχράντοις
1578 2413 1806 2478 ἐκείνοις

215 2510 401 2577 σηκοῖς
454 2509 619 2564 αὐτὸν
666 2508 983 2580 ἀνεχόμενοι
1044 2508 1350 2576 σώζεσθαι,
1401 2506 1526 2562 οὕτε
1558 2507 1619 2560 τὸ
1641 2508 1806 2584 σέϐας

214 2599 555 2663 αἰδεσθέντες
590 2599 686 2654 τοῦ
714 2601 903 2663 τόπου,
937 2593 1059 2654 οὕτε
1080 2600 1175 2653 τὸν
1204 2599 1399 2671 καιρόν
1434 2616 1447 2631 ·
1478 2596 1545 2672 ἧν
1574 2598 1685 2669 γάρ
1709 2599 1804 2652 τοῦ

221 2688 491 2762 σωτηρίου
522 2690 719 2762 Πάσχα
744 2692 1055 2763 πανήγυρις
1070 2690 1182 2762 (65)
1231 2689 1356 2745 οὔτε
1375 2690 1472 2761 τὴν
1505 2690 1805 2761 ἱερωσύνην

224 2780 394 2853 αὐτὴν
424 2779 719 2852 φρίξαντες
747 2780 1141 2851 μεσιτεύουσαν
1169 2780 1289 2852 Θεῷ
1329 2783 1423 2835 καί
1452 2780 1762 2853 ἀνθρώποις
1788 2821 1803 2845 ,

225 2871 611 2926 ἀποκτείνουσι
640 2872 735 2925 τὸν
766 2871 1080 2938 ἀνεύθυνον,
1112 2872 1439 2941 σφάττουσιν
1472 2871 1636 2925 αὐτὸν
1668 2872 1805 2941 am-

222 2960 326 3024 νῶς
355 2962 495 3032 μετὰ
520 2962 615 3028 καὶ
640 2960 818 3015 ἀλλων
847 2962 927 3028 ἒξ.
946 2962 1058 3015 Καὶ
1087 2962 1507 3033 παραγαγόντες
1530 2959 1721 3015 τούτου
1739 2961 1802 3014 τὸ

219 3052 468 3124 λείψανον
532 3054 815 3124 πανταχοῦ
879 3055 1404 3126 κατατετρωμένον,
1454 3053 1604 3125 ὁμῶς
1648 3054 1694 3087 ⁸⁸
1745 3070 1803 3107 τε

219 3147 619 3217 περισύραντες
647 3145 791 3200 κατά
819 3146 999 3200 πάντα
1028 3146 1216 3217 σχεδον
1242 3145 1408 3199 τόπον
1437 3149 1537 3217 τῆς
1570 3144 1799 3207 πόλεως,

1907 1970 2145 2024 maxime
2170 1970 2226 2023 in
2259 1969 2401 2036 loco,
2439 1968 2573 2038 ipsis
2596 1968 2762 2023 etiam
2800 1966 3081 2031 Barbaris,
3125 1975 3182 2021 et
3214 1967 3492 2022 universis

1906 2062 2039 2117 feris
2072 2060 2413 2125 hominibus,
2463 2059 2557 2130 qui
2581 2059 2931 2114 sanctitatem
2970 2058 3093 2128 ejus
3117 2058 3223 2113 loci
3266 2065 3323 2113 et
3363 2074 3493 2128 pro-

1884 2150 2224 2209 'manantem
2268 2152 2396 2207 inde
2446 2152 2680 2221 gratiam
2724 2151 3000 2221 ignorant,
3038 2160 3220 2205 terror
3260 2150 3490 2220 quidam

1907 2245 2115 2301 oboriri
2144 2245 2301 2300 solet.
2330 2242 2705 2318 Nihilominus
2744 2252 2926 2297 tamen
2961 2242 3019 2295 hi
3050 2241 3144 2312 qui
3183 2242 3487 2297 consilium

1906 2337 2054 2409 quod
2095 2336 2424 2392 Timotheus
2468 2336 2536 2390 ab
2572 2335 2732 2390 initio
2786 2335 3077 2399 habuerat,
3106 2334 3172 2388 ad
3230 2334 3489 2390 eil'eetum

1907 2430 2211 2502 perducere
2232 2428 2551 2489 studebant,
2578 2427 2672 2498 qui
2702 2443 2770 2482 ne
2788 2428 2843 2481 in
2872 2424 3241 2481 immaculatis
3265 2427 3487 2496 quidem

1907 2524 2020 2579 illis
2085 2522 2259 2591 septis
2303 2520 2617 2576 Proterium
2686 2519 2895 2574 servari
2957 2518 3338 2585 sustinebant;
3387 2534 3492 2574 nec

1906 2614 2015 2670 loci
2042 2614 2387 2668 sanctitatem
2413 2610 2662 2674 reveriti,
2687 2625 2791 2664 nec
2817 2619 3033 2679 tempus
3055 2610 3234 2679 ipsum
3276 2628 3288 2664 :
3327 2610 3492 2679 300
3523 2627 3547 2642 η

1906 2714 2025 2761 erat
2060 2706 2207 2760 enim
2250 2713 2365 2759 tum
2400 2702 2520 2757 dies
2552 2701 2725 2757 festus
2768 2700 2994 2756 Pascha:
3037 2700 3296 2756 salutaris
3336 2719 3348 2753 :
3386 2715 3491 2755 nec

1906 2795 2200 2852 sacerdotii
2265 2794 2590 2866 dignitatem
2661 2791 3113 2857 reformidantes,
3165 2807 3288 2863 quae
3347 2792 3492 2846 inter

1905 2888 2076 2943 Deum
2098 2895 2262 2956 atque
2292 2885 2547 2939 homines
2568 2892 2851 2953 sequestra
2881 2892 2998 2951 est;
3025 2884 3305 2938 insontem
3338 2881 3490 2938 occi—

1904 2978 2064 3043 dunt,
2102 2993 2340 3049 cumque
2374 2992 2441 3032 eo
2474 2992 2569 3032 scx
2604 2976 2744 3030 alios
2776 2975 3083 3030 crudeliter
3115 2981 3381 3029 mactant.
3429 2969 3499 3023 Et

1905 3071 2138 3127 cadaver
2182 3071 2331 3125 illius
2362 3069 2735 3138 undequaque
2767 3067 3121 3122 vulneratum
3164 3062 3488 3119 circumdu-

1904 3171 2113 3228 centes,
2142 3177 2242 3233 per
2266 3170 2465 3217 eunet‘a
2492 3160 2608 3215 fere
2649 3158 2891 3215 civitatis
2924 3158 3047 3214 loca
3076 3164 3300 3226 raptant
3338 3162 3492 3209 atro-

219 3237 310 3290 καὶ
342 3237 911 3309 καταπομπεύσαντες
940 3238 1201 3309 σχετλίως
1226 3279 1241 3305 ,
1277 3238 1532 3311 ᾐκίζοντο
1560 3236 1803 3307 ἀνηλεῶς

1905 3254 2066 3319 citer,
2091 3254 2462 3310 miserandum
2488 3253 2542 3308 in
2568 3250 2794 3307 modum
2825 3252 2877 3306 ei
2910 3248 3265 3312 insultantes,
3286 3257 3343 3302 et
3369 3262 3493 3304 cor-

218 3329 277 3383 τὸ
306 3330 413 3384 τῶν
442 3331 671 3403 πληγῶν
703 3332 803 3385 οὐκ
832 3332 1224 3404 αἰσθανόμενον
1261 3333 1446 3404 σῶμα,
1468 3331 1720 3401 διατομόν
1743 3347 1803 3383 τε

218 3422 529 3491 καταμέλος
568 3421 727 3495 (66)·
762 3426 857 3478 καὶ
903 3424 1029 3478 οὐδὲ
1073 3425 1182 3478 τῶν
1228 3424 1381 3489 ἐντὸς
1435 3422 1804 3493 ἀπογεύεσθαι

219 3516 358 3569 κατὰ
380 3517 511 3579 τοὺς
529 3515 705 3588 θῆρας
723 3516 1034 3587 φειδόμενοι
1061 3516 1298 3581 ἐκείνου,
1325 3517 1385 3571 δν
1410 3516 1556 3587 ἔχειν
1575 3516 1804 3587 μεσίτην

219 3606 352 3661 Θεοῦ
385 3607 484 3662 καὶ
530 3609 839 3682 ἀνθρώπων
876 3609 1107 3681 ἔναγχος
1137 3610 1527 3682 ἐνομίσθησαν.
1570 3610 1712 3681 Πυρί
1742 3626 1801 3661 τε

219 3699 552 3769 παραδόντες
578 3700 639 3754 τδ
672 3701 1002 3772 ὑπολειφθὲν
1023 3702 1190 3757 αὐτοῦ
1224 3702 1419 3774 σῶμα,
1455 3702 1556 3773 τὴν
1588 3703 1652 3755 ἐκ
1685 3700 1803 3755 τού-

219 3804 310 3841 του
339 3790 491 3844 κόνιν
533 3792 649 3856 τοῖς
685 3792 912 3864 ἀνέμοις
937 3795 1311 3867 παρέπεμπον
1334 3834 1350 3860 ,
1382 3793 1589 3865 Θηρίων
1617 3794 1799 3847 πᾶσαν

221 3880 741 3953 ὐπερακοντίσαντες
765 3886 1084 3960 ἀγριότητα.
1101 3884 1203 3942 Ὧν
1225 3886 1483 3942 ἀπάντων
1505 3886 1679 3951 αἴτιος
1705 3888 1799 3941 καὶ

217 3971 325 4025 τῶν
351 3974 539 4029 κακῶν
569 3977 734 4046 σοφὸς
779 3980 1062 4048 οἰκοδόμος
1105 3980 1465 4053 καθειστήκει
1511 3979 1797 4050 Τιμόθεος.

220 4062 307 4135 Τῷ
332 4066 604 4137 μέντοιγε
638 4069 887 4141 Ζαχαρία
915 4070 985 4123 τά
1033 4072 1163 4141 περί
1203 4070 1408 4125 τούτων
1458 4071 1800 4143 διηγουμένῳ

1904 3361 2010 3417 pus
2036 3361 2233 3402 sensus
2261 3347 2443 3401 omnis
2470 3361 2672 3415 expers
2700 3345 2909 3413 absque
2944 3342 3055 3396 ulla
3106 3339 3491 3395 misericordia

1902 3438 2282 3503 verberantes,
2306 3453 2369 3493 ac
2391 3437 2746 3493 membratim
2779 3442 3053 3490 secantes.
3079 3432 3156 3487 Ac
3179 3448 3248 3487 ne
3266 3432 3490 3501 quidem

1904 3530 2065 3601 veriti
2090 3538 2219 3586 sunt
2249 3529 2495 3586 ferarum
2540 3543 2695 3585 more
2740 3526 2956 3581 viscera
2988 3524 3137 3579 illius
3171 3522 3490 3594 degustare,

1902 3638 2067 3693 quem
2099 3622 2265 3692 paulo
2296 3632 2423 3678 ante
2470 3623 2617 3676 inter
2639 3621 2812 3675 Deum
2844 3625 3011 3687 atque
3042 3615 3491 3670 hominesinter-

1909 3722 2123 3785 pretem
2152 3728 2215 3768 ac
2235 3722 2587 3783 sequestrum
2605 3713 2813 3767 habere
2832 3708 3181 3763 videbantur.
3203 3706 3493 3761 Postremo

1908 3806 2056 3877 quod
2090 3806 2365 3876 reliquum
2395 3816 2515 3861 erat
2542 3804 2796 3876 corporis
2825 3817 2951 3859 cum
2985 3802 3041 3855 in
3078 3815 3270 3871 rogum
3305 3799 3494 3870 conje-

1907 3897 2135 3959 cissent,
2182 3897 2429 3953 cinerem
2487 3898 2543 3951 in
2606 3906 2805 3953 ventos
2864 3900 3209 3965 sparserunt,
3268 3890 3493 3961 quasvis

1906 3989 2115 4044 bestias
2157 3989 2485 4044 crudelitate
2517 3988 2679 4060 longe
2710 3994 3057 4057 superantes.
3093 3972 3341 4050 Quorum
3367 3996 3490 4035 om-

1908 4079 2067 4134 nium
2099 4079 2371 4134 malorum
2404 4088 2600 4134 auctor
2622 4087 2787 4147 atque
2818 4070 3276 4131 arcbitectusfuit
3298 4069 3489 4125 Timo-

1520 4209 1760 4265 VARUE
1802 4208 2214 4265 LECTIONES.

286 4317 329 4352 "
361 4317 423 4375 C.
460 4318 525 4376 (ἶ.
571 4319 923 4391 ἐνεργοῦντα.
1002 4321 1047 4353 ⁸⁸
1078 4320 1139 4377 C.
1176 4320 1238 4377 C.
1282 4322 1464 4380 αὐτόν.
1546 4324 1591 4356 ⁸³
1618 4323 1679 4381 C.
1710 4324 1773 4381 C.
1802 4324 1993 4395 ὠμῶς.

1420 4460 1693 4517 VALESII
1729 4461 2288 4521 ANNOTATIONES.

288 4548 397 4637 (δέ)
433 4550 549 4637 ἔξφὲ
578 4548 1069 4637 insectarer
1115 4551 1275 4633 ιταρά
1310 4550 1431 4637 τῷν
1470 4552 1581 4637 (ξιξο
1620 4553 1798 4637 δεξά-

213 4618 408 4699 μενος.
433 4618 596 4673 Hunc
629 4621 810 4674 locum
842 4621 1134 4675 emendavi
1163 4618 1230 4675 ex
1254 4623 1443 4677 codice
1480 4622 1799 4678 Florentino

220 4703 271 4742 In
286 4689 430 4743 hunc
447 4689 672 4743 modum
693 4690 792 4750 τὼς
805 4690 869 4757 δὴ
882 4691 1234 4759 χειροτονίαν,
1250 4701 1358 4747 etc.
1372 4692 1429 4745 1d
1446 4701 1551 4745 est:
1569 4692 1797 4747 Perinde

1904 4557 2221 4612 contulerat.
2261 4557 2443 4625 Ibique
2473 4556 2655 4608 eadem
2682 4554 2847 4625 Αἰαίη
2878 4550 3186 4625 baptisteria
3212 4549 3484 4611 occiditur,

1904 4627 2164 4691 laniatur,
2209 4622 2440 4696 ejicitar,
2480 4634 2527 4678 et
2552 4624 2709 4693 {unus
2732 4624 2850 4696 ejus
2873 4622 3493 4696 incenditur,_s_pargnn-

1904 4706 1993 4750 tur
2029 4708 2079 4751 et
2130 4689 2329 4750 cineres
2370 4696 2485 4762 ejus
2510 4689 2564 4748 in
2588 4689 2784 4747 ventos.
2819 4693 2950 4760 Quae
2982 4690 3167 4762 omnia
3198 4689 3492 4743 Liberatus

219 4775 279 4836 ac
318 4760 361 4811 si
398 4758 643 4813 ordinari
698 4758 1035 4836 potuisset__'_a
1058 4761 1274 4836 duobus
1308 4763 1588 4836 episcopis.
1632 4763 1795 4836 Certe
1832 4766 1871 4817 D
1902 4782 2058 4836 paene
2078 4768 2142 4821 ad
2175 4758 2405 4821 verbum
2430 4764 2724 4836 descripsit
2748 4758 3087 4836 exaestisde
3105 4762 3330 4814 nomine
3349 4763 3490 4815 Aea-

221 4826 274 4881 in
304 4840 517 4884 canone
566 4826 769 4897 quarto
799 4829 1022 4884 concilii
1056 4829 1262 4884 Nieaeni
1290 4826 1498 4884 diserte
1523 4834 1795 4887 sancitum

221 4906 318 4961 est,
362 4897 753 4969 utrepiseopus
793 4916 820 4953 a
861 4899 1037 4953 tribus
1079 4908 1142 4952 ut
1175 4902 1463 4953 minimum
1500 4903 1798 4969 provinciae

220 4980 326 5021 sita:
357 4968 638 5037 episcopis
670 4968 978 5023 ordinetur.
1020 4969 1197 5037 Atque
1246 4971 1318 5023 ita
1358 4968 1681 5035 legit’vetus
1709 4974 1796 5025 in-

221 5043 425 5109 terpres
455 5038 1107 5109 ﬂhujuspepistolaa,qui
1162 5048 1339 5094 exstat
1395 5043 1451 5095 in
1522 5052 1678 5109 parte
1738 5058 1794 5096 ιιι

220 5108 401 5175 synodi
442 5106 935 5181 Chalcedonensis.
979 5106 1071 5163 Sic
1100 5109 1248 5163 enim
1278 5112 1446 5165 vertit
1474 5128 1484 5164 :
1518 5106 1795 5181 Tanquam

222 5192 399 5249 manus
431 5179 829 5249 impositionem
863 5188 1203 5249 suscepturus
1234 5198 1265 5233 ιι
1306 5181 1524 5244 duobus,
1556 5179 1664 5236 etc.

265 5246 392 5327 "(65)
431 5243 555 5327 Ἦν⁸
578 5248 684 5327 γὰρ
712 5250 820 5327 τοᾷ
845 5243 1154 5327 σωτηρίου,
1175 5249 1405 5327 *Πάσχα
1427 5253 1794 5327 frag-rinam.

220 5313 508 5388 Liberatus
544 5318 597 5371 in
641 5317 936 5378 Breviario.
969 5313 1090 5388 cap.
1140 5322 1222 5381 15,
1262 5313 1370 5375 non
1408 5323 1497 5377 die
1529 5313 1799 5377 feSto'Pa-

220 5386 376 5448 schee,
411 5387 507 5443 sed
542 5398 670 5442 ante
712 5390 977 5450 triduum.
1014 5386 1260 5445 occisum
1315 5407 1436 5447 esse
1484 5392 1794 5447 Proterium

219 5457 422 5530 scribit.
458 5457 551 5512 Sic
574 5457 721 5530 enim
754 5460 831 5513 ait
862 5478 874 5512 :
911 5459 977 5514 Et
1005 5473 1129 5513 ante
1163 5461 1398 5514 triduum
1428 5461 1667 5526 Paschm,
1693 5480 1795 5530 quo

218 5539 357 5601 omna
389 5528 608 5601 Domini
642 5527 959 5601 celebratur.
992 5531 1055 5584 ab
1098 5533 1221 5601 ipsis
1270 5533 1433 5585 turbis
1466 5527 1799 5586 concluditur

218 5595 271 5647 in
294 5599 506 5653 ecclesia
539 5596 598 5653 S.
632 5598 901 5655 Memoria:
932 5595 1232 5667 Proterius,
1264 5620 1364 5672 quo
1395 5620 1450 5656 se
1472 5619 1582 5673 prce
1607 5605 1796 5657 timore

1903 4833 1994 4901 cii,
2051 4853 2174 4906 quae
2217 4836 2422 4890 Jacobo
2461 4833 2756 4889 Sirmondo
2796 4833 3084 4906 debemus.

1977 4900 2085 4975 (66)
2160 4906 2449 4972 Διατομόν
2484 4921 2549 4957 τε
2594 4905 2935 4975 καταμέλει.
2976 4900 3369 4975 βοιδίὶιοιιᾶυιη
3407 4907 3492 4955 est

1903 4972 2095 5046 procul
2144 4976 2316 5029 dubio
2340 4974 2725 5046 διατεμόντες
2748 4974 2889 5026 κατὰ
2917 4972 3081 5046 μέλη,
3120 4981 3178 5025 ιιι
3211 4972 3323 5046 ipsa
3361 4986 3491 5046 gra-

1902 5041 2071 5101 tionis
2103 5048 2276 5100 series
2321 5041 2683 5099 demonstrat.
2719 5045 2827 5099 Pro
2864 5044 2998 5112 μέλη
3040 5044 3093 5095 in
3135 5044 3337 5112 codice
3371 5041 3492 5095 Flo-

1903 5118 2122 5171 rentino
2166 5116 2367 5186 legitur
2412 5116 2573 5183 μέλος
2607 5116 2710 5171 levi
2738 5111 3078 5170 discrimine.
3131 5111 3490 5186 Ementlatio-

1901 5203 2029 5242 nem
2070 5183 2311 5241 nostram
2356 5186 2645 5239 conﬁrmat
2688 5186 3035 5254 Nieephorus
3077 5186 3131 5238 in
3167 5183 3353 5254 capite;
3404 5184 3487 5246 l7,

1902 5258 1998 5311 lib.
2032 5258 2116 5320 15,
2151 5258 2244 5326 qui
2282 5257 2355 5310 ita
2391 5258 2595 5311 diserte
2630 5252 2894 5325 scriptum
2925 5255 3111 5311 habet.
3148 5262 3205 5308 ut
3234 5252 3488 5326 coniece-

1903 5344 2041 5381 ram.
2066 5323 2237 5381 Porro
2261 5328 2351 5382 hie
2389 5326 2612 5381 libellus
2641 5323 2868 5397 precum
2899 5326 3287 5395 episeOpurutn
3324 5323 3491 5397 mgy-

1901 5398 2095 5467 ptiaeze
2130 5398 2385 5454 diweesis
2422 5398 2486 5451 ad
2525 5394 2765 5452 Leonem
2799 5394 2956 5466 itnp.,
2998 5396 3047 5467 si
3079 5397 3205 5464 quis
3245 5409 3371 5447 eum
3406 5394 3491 5445 in-

1900 5477 2117 5539 tegrum
2172 5470 2351 5537 legere
2394 5468 2694 5539 desiderat,
2743 5468 2978 5539 habetur
3028 5466 3219 5521 Latine
3247 5468 3299 5519 in
3333 5474 3493 5535 parte

1900 5537 1980 5595 mi
2007 5540 2200 5613 synodi
2238 5537 2729 5602 Chalcedonensis,
2770 5553 2892 5607 cap.
2942 5538 3029 5592 ll.

1673 5718 2060 5777 VARIORUM.

289 5807 365 5881 (q)
417 5813 1284 5884 Ἐνεργοῦντος-ειέπιςγγι-ς.
1322 5815 1633 5887 Legendum
1682 5815 2384 5887 ἐνεργοῦντα»-διὲτωτα.
2410 5818 2495 5871 ιν.
2552 5818 2770 5871 Lovnu.
