4108 6474
611 389 749 454 252Ἷ

1780 384 2095 448 EVAGRII
2135 381 2616 446 SCHOLASTICI

3713 370 3855 427 2028

610 503 796 558 theus.
823 497 996 554 Porro
1011 499 1306 554 Zacharias
1335 500 1450 556 haec
1477 503 1528 555 in
1551 499 1783 554 historia
1804 514 1903 554 sua
1924 511 2174 558 narrans,

2279 495 2442 558 δοκεῖ,
2467 490 2781 560 πεπρᾶχθαι
2819 489 2916 557 μὲν
2940 486 3008 541 τά
3033 484 3239 540 τούτων
3262 481 3430 535 πλείω
3452 522 3465 544 ,
3498 482 3558 544 εξ
3589 482 3768 543 αἰτίας
3795 482 3856 535 δὲ

611 593 810 648 horum
843 591 1212 660 pleraque'ita
1244 601 1306 646 ut
1335 591 1446 645 dixi
1479 597 1628 662 gesta
1653 604 1774 644 esse
1805 588 2039 652 fatetur;
2077 587 2172 640 sed

610 684 845 738 Proterii
869 684 1051 752 culpa,
1079 682 1173 751 qui
1209 683 1562 752 gravissimos
1601 680 1870 736 tumultus
1919 679 1976 733 in
2033 677 2174 732 urbe

608 776 935 831 Alexandria
990 776 1344 830 excitaverat.
1383 775 1496 829 Nec
1544 790 1576 828 a
1611 774 1837 844 populo,
1888 784 2082 826 verum
2142 783 2175 822 a

608 868 937 932 quibusdam
962 866 1296 923 militaribus
1313 882 1378 921 ea
1394 876 1708 935 perpetrata
1729 878 1849 919 esse
1865 859 2172 926 contendit,

607 962 765 1017 nisus
823 963 1151 1018 auctoritate
1201 963 1448 1032 epistola:
1505 976 1670 1031 quam
1727 958 2051 1014 Timotheus
2109 954 2176 1009 ad

608 1053 848 1110 Leonem
900 1055 1288 1124 imperatorem
1343 1053 1584 1122 scripsit.
1623 1051 1894 1106 Carterum
1938 1048 2007 1104 ad
2061 1047 2178 1102 haec

607 1144 942 1200 vindicanda
978 1143 1090 1200 Leo
1118 1145 1421 1214 imperator
1450 1144 1642 1201 Stilam
1668 1142 1839 1197 misit.

1249 1294 1401 1352 CAP.
1442 1295 1536 1350 IX.

817 1387 892 1441 De
917 1385 1260 1440 circularibus
1294 1385 1479 1439 litteris
1507 1385 1694 1439 Leonis
1719 1383 1961 1455 Augusti.

675 1474 907 1544 Scripsit
935 1474 1102 1529 etiam
1129 1474 1430 1530 circulares
1457 1474 1672 1529 litteras
1700 1474 1767 1528 ad
1794 1486 1987 1528 omnes
2025 1468 2176 1526 orbis

605 1564 836 1617 Romani
863 1564 1174 1633 episcopos,
1204 1572 1261 1619 et
1290 1564 1358 1618 ad
1381 1579 1477 1619 eos
1510 1565 1606 1634 qui
1636 1564 1691 1619 in
1724 1564 1835 1619 vita
1873 1563 2176 1618 monastica

599 1654 964 1718 excellebant,
996 1654 1342 1723 interrogans
1374 1670 1472 1710 eos
1501 1664 1615 1710 tum
1641 1655 1709 1711 de
1734 1653 2171 1710 Chalcedonensi

598 1745 831 1815 synodo,
868 1753 982 1798 tum
1013 1744 1081 1799 de
1111 1744 1465 1814 ordinatione
1487 1745 1766 1800 Timothei
1806 1756 2173 1817 cognomento

597 1836 797 1917 Aituri.
824 1835 1002 1891 Simul
1028 1836 1193 1890 etiam
1218 1836 1368 1890 misit
1391 1836 1458 1890 ad
1489 1852 1586 1892 eos
1623 1837 1959 1907 exemplaria
2008 1837 2172 1892 libel-

2293 581 2590 652 Προτερίου
2615 620 2631 644 ,
2675 579 2938 650 μεγίστας
2979 576 3223 648 ταραχὰς
3252 579 3316 644 τῇ
3359 572 3707 641 Ἀλεξάνδρου
3750 575 3858 642 ἑμ-

2282 672 2606 741 ποιήσαντος
2630 684 2645 698 ο
2682 667 2784 722 οὐκ
2812 667 2877 720 ὲκ
2909 665 3002 719 τοῦ
3030 665 3204 734 δήμου
3232 664 3407 718 ταῦτα
3436 661 3809 731 τετολμῆσθαι
3836 701 3853 724 ,

2282 760 2400 817 ἀλλ’
2425 760 2490 813 ἐκ
2516 776 2678 812 τινων
2715 754 3146 827 στρατιωτικῶν,
3185 756 3244 819 ἐξ
3275 754 3566 822 ἐπιστολῆς
3581 751 3854 822 Τιμοθέου

2282 850 2642 922 πιστούμενος
2669 848 2806 919 πρὸς
2835 847 3043 901 Λέοντα
3068 846 3467 916 γεγενημένης.
3499 842 3728 906 Τούτοις
3755 844 3855 912 μὲν

2285 940 2377 996 οὖν
2405 939 2682 1010 ἐπιθήσων
2705 936 2865 1007 δίκην
2898 933 3092 1000 Στίλας
3116 934 3253 1007 πρὸς
3279 931 3374 987 τοῦ
3400 933 3665 1004 βασιλέως
3691 932 3859 986 Δέον,

2281 1052 2373 1098 τος
2399 1032 2766 1101 ἐκπέμπεται.

2867 1268 3120 1323 ΚΕΦΑΛ.
3168 1266 3246 1325 Θ’.

2415 1365 2555 1436 Περί
2587 1364 2709 1419 τῶν
2739 1362 3080 1430 ἐγκυκλίων
3103 1361 3362 1426 Λέοντος
3380 1361 3710 1430 βασιλέως.

2360 1457 2701 1526 Ἐγκυκλίοις
2740 1453 2797 1507 δὲ
2837 1452 3037 1524 χρῆται
3073 1453 3400 1525 γράμμασιν
3431 1456 3459 1509 ό
3490 1455 3650 1510 Λέων
3674 1494 3691 1521 ,
3745 1456 3870 1509 τῶν

2276 1547 2384 1603 ἀνὰ
2420 1547 2521 1617 τὴν
2571 1541 2882 1615 Ῥωμαϊκὴν
2907 1539 3183 1594 πολιτείαν
3226 1544 3546 1600 ἐπισκόπων
3586 1543 3860 1598 πυνθανόο

2283 1656 2462 1711 μενος,
2503 1637 2598 1691 καὶ
2629 1637 2738 1690 τῶν
2772 1639 2829 1689 ὲν
2867 1635 2947 1705 τῷ
2982 1637 3256 1710 μοναδικῷ
3279 1637 3694 1710 διαπρεπόντων
3733 1635 3857 1706 βίῳ,

2280 1732 2409 1803 περὶ
2440 1732 2538 1796 τῆς
2571 1733 2629 1783 ὲν
2658 1727 2963 1799 Καλχηδόνι
3008 1731 3230 1784 συνόδου
3256 1771 3271 1797 ,
3308 1731 3405 1785 καὶ
3438 1729 3540 1800 τῆς
3585 1727 3857 1800 Τιμοθέου

2277 1823 2339 1875 τὸ
2353 1822 2584 1891 ἐπίκλην
2603 1819 2871 1891 Δίλούρου
2891 1820 3743 1892 χειροτονίας,’διαπεμψάμενος,
3760 1819 3858 1873 καὶ

597 1911 774 1980 lorum
803 1941 1050 1995 precum,
1079 1925 1175 1994 qui
1200 1925 1304 1994 ipsi
1336 1925 1506 1980 oblati
1530 1925 1751 1980 fuerant
1777 1934 1889 1980 tam
1917 1943 1986 1982 ex
2016 1933 2171 1998 parte

2279 1912 2345 1968 τὰ
2383 1913 2473 1967 ῐσα
2507 1911 2618 1966 τῶν
2661 1912 3054 1982 ὲπιδεδομένων
3094 1913 3244 1986 αὐτῷ
3283 1913 3523 1985 δεήσεων
3567 1912 3632 1967 ἐκ
3664 1929 3724 1964 τε
3755 1915 3856 1982 τῆς

598 2015 856 2081 i'roterii,
912 2030 1077 2084 quam
1131 2029 1198 2068 ex
1230 2023 1388 2082 parte
1420 2013 1698 2069 Timothei
1747 2014 1946 2070 Eluri.
1995 2017 2170 2082 Porro

594 2105 897 2158 circulares
942 2103 1142 2158 Leonis
1182 2103 1380 2158 litterae
1433 2103 1516 2159 sic
1576 2104 1783 2158 habent
1823 2123 1835 2158 :
1877 2105 2171 2176 Exemplar

593 2195 842 2264 epistolae
866 2209 1037 2248 sacra:
1071 2193 1304 2263 piissimi
1335 2194 1688 2263 imperatoris
1722 2195 1948 2261 Leonis,
1977 2195 2166 2251 missa:

593 2285 659 2340 ad
693 2286 1007 2340 Anatolium
1047 2284 1560 2355 Constantinopolis
1609 2285 1952 2357 episcopum,
1999 2296 2057 2343 et
2101 2289 2169 2345 ad

594 2376 1076 2447 metropolitanos,
1107 2384 1163 2431 et
1186 2376 1432 2445 reliquos
1471 2377 1645 2431 totius
1671 2377 1826 2432 orbis
1853 2378 2166 2449 episcopos.

663 2556 969 2626 Imperator
999 2553 1180 2608 Caesar
1219 2550 1356 2616 Leo,
1400 2552 1552 2619 Pius,
1587 2555 1796 2621 ViCtor,
1829 2539 2167 2628 Triumpha-

594 2659 702 2714 tor,
762 2646 1052 2707 Maximus,
1118 2659 1336 2713 semper
1382 2645 1684 2716 Augustus,
1741 2647 1995 2704 Anatolio
2047 2650 2168 2719 epi-

593 2753 784 2808 scopo.
833 2736 965 2790 Erat
989 2734 1097 2789 hoc
1127 2733 1352 2801 quidem
1391 2735 1446 2789 in
1478 2737 1622 2791 votis
1669 2737 1859 2807 pietati
1904 2755 2060 2806 meae,
2110 2749 2171 2795 ut

593 2833 788 2886 Omnes
811 2820 1134 2884 orthOdoxae
1160 2837 1224 2886 et
1255 2829 1616 2885 sanctissima:
1644 2830 1926 2896 Ecclesiae,
1957 2842 2171 2888 cuncta:

594 2924 755 2996 301
783 2922 914 2976 item
946 2920 1117 2976 urbes
1137 2963 1144 2977 λ
1165 2923 1383 2992 imperii
1426 2924 1684 2988 Romani,
1720 2926 1953 2978 maxima
1984 2926 2170 2994 quiete

594 3017 931 3077 fruerentur,
956 3027 1060 3066 nec
1115 3013 1416 3084 quidquam
1460 3014 1758 3077 accideret,
1798 3014 1948 3083 quod
1982 3029 2169 3069 earum

596 3116 800 3164 statum
836 3103 1405 3177 tranquillitatemque
1443 3108 1716 3162 turbaret.
1745 3106 1878 3173 Quae
1901 3123 2034 3161 vero
2060 3123 2168 3161 nu-

597 3214 695 3268 per
723 3198 1066 3254 Alexandriae
1089 3197 1442 3269 contigerint,
1487 3214 1552 3252 ea
1590 3198 1867 3253 sanctitati
1902 3206 2010 3253 tua:
2040 3207 2168 3253 nota

2277 2007 2470 2078 μοίρας
2497 2005 2818 2077 Προτερίου,
2846 2006 2910 2061 ἐκ
2940 2025 3001 2062 τε
3029 2009 3129 2079 τῆς
3145 2006 3411 2078 Τιμοθέου
3437 2006 3532 2059 τοῦ
3563 2004 3852 2073 Δίλούρου.

2271 2097 2560 2166 Σύγκειται
2586 2095 2641 2148 δὲ
2676 2096 3031 2165 τάηὲγκύκλια
3057 2098 3271 2163 τούτοις
3301 2100 3414 2162 τοῖς
3439 2096 3857 2168 ῥήμασιν’Ἷσον

2272 2191 2416 2244 θείου
2435 2190 2763 2261 γράμματος
2784 2191 2878 2244 τοῦ
2904 2190 3296 2245 εὐσεϐεστάτου
3318 2190 3586 2260 βασιλέως
3601 2188 3856 2255 Λέοντος,

2271 2271 2615 2354 πμῷθέντος
2680 2282 2969 2354 ’Δνατολίῳ
3020 2282 3090 2353 (r)
3146 2282 3437 2352 ὲπισκόπῳ
3510 2284 3859 2336 Κωνσταντι-

2271 2373 2579 2437 νουπόλεως
2604 2413 2620 2438 ,
2673 2374 2770 2427 καὶ
2800 2375 2913 2437 τοῖς
2942 2375 3085 2426 κατὰ
3129 2373 3228 2444 τὴν
3257 2374 3589 2443 οἰκουμένην
3634 2372 3858 2426 ἃπασαν

2274 2462 2720 2532 μητροπολίταις,
2753 2463 2848 2516 καὶ
2880 2462 3086 2525 λοιποῖς
3119 2462 3461 2526 ἐπισκόποις.

2339 2553 2707 2626 Αὐτοκράτωρ
2737 2556 2956 2625 Καῖσαρ
2998 2553 3176 2619 Λέων,
3228 2553 3498 2624 Εὐσεὸὴς,
3554 2552 3804 2624 Νικητὴς
3835 2597 3853 2618 ,

2271 2640 2671 2712 Τροπαιοῦχος,
2699 2640 2976 2710 Μέγιστος
2995 2679 3010 2702 ,
3053 2639 3431 2706 Ἀεισέὸαστος
3453 2685 3466 2708 ,
3503 2640 3814 2712 Αὔγουστος
3835 2683 3854 2706 ,

2284 2727 2574 2799 Ἀνατολίῳ
2599 2730 2904 2800 ὲπισκόπῳ.
2941 2731 3021 2783 Δι’
3052 2730 3221 2800 εὐχῆς
3253 2731 3354 2801 μὲν
3381 2726 3450 2803 ἦν
3492 2738 3558 2802 τῇ
3607 2733 3716 2803 ἐμῇ
3767 2733 3859 2786 εὐ-

2275 2819 2480 2892 σεϐείᾳ,
2515 2822 2735 2887 ἁπάσας
2777 2821 2877 2885 τὰς
2924 2821 3240 2890 ὁρθοδόξους
3276 2824 3586 2891 ἁγιωτάτας
3619 2823 3858 2893 Ἐκκλη-

2275 2913 2418 2978 σίας,
2446 2913 2527 2967 έτι
2552 2931 2617 2983 γε
2635 2915 2743 2986 μὴν
2769 2915 2862 2969 καὶ
2890 2914 2990 2978 τὰς
3019 2914 3124 2967 ὑπὸ
3142 2915 3240 2986 τὴν
3273 2917 3560 2987 Ῥωμαίων
3578 2917 3860 2970 πολιτείαν

2272 3005 2478 3069 πόλεις,
2505 3006 2772 3076 μεγίστης
2794 3005 3028 3076 ἡσυχίας
3056 3007 3378 3071 ἀπολαύειν,
3417 3005 3586 3077 μηδὲν
3614 3006 3673 3060 δὲ
3714 3023 3858 3077 συμ-

2274 3095 2481 3150 ϐαίνειν
2508 3095 2612 3166 τὴν
2648 3096 2827 3149 αὐτῶν
2866 3098 3205 3152 κατάστασιν
3239 3099 3335 3153 καὶ
3368 3098 3616 3169 γαλήνην
3666 3097 3857 3151 διατα-

2276 3189 2488 3257 ράττον.
2519 3184 2621 3243 Οἷα
2653 3189 2709 3243 δὲ
2735 3194 2876 3245 κατὰ
2897 3191 2995 3260 τήν
3029 3189 3424 3261 Ἀλεξανδρέων
3454 3189 3684 3261 ἔναγχος
3718 3207 3852 3242 συν-

596 3291 704 3362 iam
727 3304 849 3344 esse
876 3290 1132 3359 equidem
1165 3305 1276 3344 non
1317 3288 1534 3343 dubito.
1580 3289 1687 3344 Sed
1725 3297 1908 3344 tamen
1949 3298 2009 3343 ut
2055 3305 2174 3344 rem

2279 3277 2397 3346 έϐη,
2431 3279 2633 3332 εἰδέναι
2674 3283 2772 3350 μὲν
2808 3282 2910 3353 ήδη
2947 3282 3295 3352 πεπείσμεθα
3320 3282 3418 3352 τὴν
3451 3280 3550 3350 σὴν
3577 3281 3858 3349 ὁσιότητα.

597 3395 818 3435 omnem
862 3381 1174 3436 accuratius
1227 3381 1405 3450 possis
1443 3394 1797 3451 cognoscere,
1844 3395 1964 3450 quis
2011 3394 2177 3434 causa

602 3471 1050 3537 tantitumultns,
1077 3479 1351 3540 tantaeque
1392 3469 1831 3541 perturbationis
1879 3469 2176 3536 exstiterit,

598 3560 929 3631 exemplaria
963 3560 1283 3614 libellorum
1316 3575 1545 3630 precum
1589 3575 1729 3629 quos
1766 3559 2172 3628 religiosissimi

598 3652 842 3722 episcopi
885 3660 942 3706 et
980 3653 1166 3710 clerici
1193 3673 1259 3712 ex
1286 3673 1455 3727 supra
1494 3657 1639 3710 dicta
1676 3654 1811 3708 urbe
1840 3651 2174 3707 Alexandria

600 3760 657 3798 ο.
688 3759 759 3798 ex
795 3740 1112 3812 Egyptiaca
1151 3744 1377 3802 dioecesi
1425 3747 1493 3802 ad
1535 3745 1730 3800 urbem
1777 3745 1982 3814 regiam
2027 3740 2176 3796 Con-

605 3833 1015 3896 stantinopolim
1087 3836 1397 3900 Venientes,
1478 3836 1750 3890 adversus
1819 3832 2176 3887 Timotheum

601 3923 791 3994 pietati
814 3939 948 3979 mea:
963 3926 1284 3981 obtulerunt
1316 3945 1328 3980 :
1351 3927 1686 3996 exemplaria
1710 3926 1840 3979 item
1856 3925 2175 3980 libellorum

601 4031 851 4085 precum,
886 4032 1024 4086 quos
1050 4018 1274 4088 quidam
1296 4035 1362 4073 ex
1382 4029 1535 4088 parte
1561 4018 1840 4073 Timothei
1864 4017 1932 4071 ad
1955 4032 2175 4072 sacrum

603 4117 850 4163 nostrum
903 4111 1222 4164 comitatum
1277 4111 1343 4164 ab
1391 4110 1583 4165 eadem
1648 4109 1786 4164 urbe
1841 4107 2174 4164 Alexandria

602 4201 907 4264 venientes,
961 4201 1344 4270 tranquillitati
1405 4210 1611 4255 nostra
1655 4206 2045 4270 porrexerunt,
2107 4198 2174 4253 ad

603 4294 947 4349 sanctitatem
980 4301 1126 4346 tuam
1164 4294 1430 4347 misimus.
1468 4294 1546 4347 ita
1575 4302 1635 4346 ut
1685 4292 1817 4362 quid
1851 4291 2056 4345 factum
2103 4290 2177 4346 sit

603 4401 632 4438 a
676 4384 985 4453 Timotheo,
1017 4400 1179 4458 quem
1214 4383 1450 4452 populus
1503 4390 1558 4437 et
1609 4382 1864 4436 honorati
1911 4396 1975 4436 ac
2005 4381 2174 4436 decu-

2277 3368 2394 3420 Ἵνα
2416 3367 2473 3421 δὲ
2494 3368 2817 3440 τελεώτερον
2843 3375 2973 3443 περὶ
2993 3375 3212 3427 πάντων
3251 3372 3528 3443 διδαχθῇς,
3556 3376 3683 3428 ποῖα
3704 3371 3860 3429 αἴτια

2275 3457 2368 3512 τοῦ
2406 3460 2659 3515 τοσούτου
2704 3462 2937 3536 θορύϐου
2983 3467 3080 3520 καὶ
3129 3465 3227 3534 τῆς
3262 3464 3580 3535 συγχύσεως
3612 3464 3808 3532 γέγονε
3840 3506 3857 3528 ,

2275 3550 2342 3604 τὰ
2377 3552 2468 3604 ῐσα
2496 3552 2606 3607 τῶν
2643 3554 2880 3625 δεήσεων
2915 3556 2980 3620 ἃς
3014 3559 3062 3611 οἰ
3112 3557 3509 3612 εὐλαϐέστατοι
3562 3554 3856 3611 ἐπίσκοποι

2276 3643 2369 3697 καλ⁹
2401 3645 2655 3714 κληρικοὶ
2689 3648 2797 3699 ἀπὸ
2818 3647 2918 3717 τῆς
2950 3649 3345 3721 προλεχθείσης
3372 3652 3583 3717 πόλεως
3616 3654 3710 3709 καὶ
3748 3654 3852 3722 τῆς

2273 3735 2652 3806 Δίγυπτιακῆς
2683 3737 3000 3808 διοικήσεως
3033 3743 3113 3805 εἰς
3142 3741 3242 3813 τὴν
3270 3742 3515 3812 βασιλίδα
3564 3746 3862 3816 Κωνσταν-

2273 3826 2424 3879 τίνου
2455 3825 2612 3880 πόλιν
2643 3832 3080 3901 παραγενόμενοι
3129 3833 3274 3887 κατὰ
3319 3835 3593 3904 Τιμοθέου
3631 3839 3698 3906 τῇ
3747 3839 3858 3906 ὲμῇ

2276 3918 2529 3991 εὐσεϐείᾳ
2570 3921 2839 3991 ἐκόμισαν
2874 3940 2888 3953 ’
2921 3925 2984 3976 οὐ
3019 3923 3125 3995 μὴν
3148 3967 3162 3990 ,
3195 3924 3332 3979 ἀλλὰ
3361 3927 3458 3980 καὶ
3489 3927 3559 3980 τὰ
3608 3927 3697 3980 ῖσα
3747 3928 3863 3979 τῶν

2273 4009 2542 4081 δεήσεων,
2575 4011 2640 4076 ἃς
2664 4015 2744 4076 εἰς
2781 4014 2843 4067 τὸ
2870 4015 3014 4069 θεῖον
3037 4016 3192 4085 ήμῶν
3227 4018 3592 4088 στρατόπεδον
3625 4019 3730 4072 ὑπὸ
3762 4020 3856 4071 Τι·

2284 4099 2483 4171 μοθέου
2530 4103 2638 4156 ἀπὸ
2669 4105 2766 4173 τῆς
2821 4103 3215 4174 Ἀλεξανδρέων
3249 4107 3738 4178 παραγενόμενοι,
3792 4112 3859 4177 τῇ

2283 4195 2533 4266 ἡμετέρᾳ
2569 4195 2930 4249 ἐπιδεδώκασι
2953 4195 3302 4266 γαληνότητι,
3327 4199 3463 4267 πρὸς
3486 4199 3585 4268 τὴν
3612 4199 3710 4268 σὴν
3741 4199 3833 4252 θεο
3850 4231 3866 4239 ο

2285 4287 2499 4340 σέὁειαν
2531 4285 2951 4354 ἀπεστείλαμεν.
2978 4285 3142 4337 Ὥστε
3165 4286 3219 4338 τί
3245 4287 3565 4356 πέπρακται
3593 4288 3744 4357 παρὰ
3765 4289 3858 4340 τοῦ

2284 4379 2575 4448 εἰρημένου
2607 4374 2874 4446 Τιμοθέου
2894 4415 2906 4435 .
2955 4379 3013 4431 δν
3051 4377 3078 4427 ὅ
3105 4394 3164 4428 τε
3194 4377 3294 4445 τῆς
3340 4376 3734 4450 Ἀλεξανδρέων
3762 4379 3863 4446 δῆ-

606 4476 789 4532 riones
832 4488 889 4533 et
942 4475 1265 4535 navicularii
1311 4474 1468 4529 urbis
1493 4473 1874 4529 Alexandrinae
1916 4471 2018 4525 sibi
2062 4471 2174 4542 epi-

2291 4488 2410 4540 μος,
2445 4470 2538 4524 καὶ
2567 4469 2950 4542 ἀξιωματικοὶ,
2994 4473 3087 4527 καὶ
3117 4471 3527 4543 πολιτευόμενοι
3559 4471 3708 4540 (67),
3760 4471 3860 4524 καὶ

1800 4591 2074 4647 VALESll
2107 4590 2664 4649 ANNOTATIONES.

677 4687 787 4758 (6'7)
830 4688 940 4758 Καί
969 4686 1345 4756 ἀξιωματικοί
1383 4685 1476 4758 καὶ
1522 4682 1994 4758 πολ-τ’τευόμενοιε
2043 4682 2177 4758 Qui-

609 4752 732 4813 nam
757 4752 866 4812 sint
890 4752 1271 4822 ἀξιωματικοί,
1298 4766 1354 4809 et
1371 4754 1590 4822 quinam
1619 4753 1871 4822 dicantur
1901 4752 2179 4822 πολιτευότ-

611 4845 780 4896 μενοι,
819 4829 928 4895 jam
974 4821 1187 4896 pridem
1216 4821 1503 4879 obseri'avi
1534 4821 2180 4896 inAdnotationibusAad

610 4891 1413 4956 Ammianum'Marcellinum,
1480 4908 1534 4960 p.
1601 4893 1684 4954 14,
1743 4899 1799 4960 et
1845 4905 1989 4960 pag.
2051 4891 2180 4960 9.25.

611 4969 773 5024 Utros
815 4981 883 5020 ue
910 4966 1165 5020 similiter
1197 4965 1373 5034 'ungit
1398 4959 1694 5033 Gregorius
1727 4959 2104 5014 Nazianzenus
2128 4959 2182 5014 in

611 4983 842 5090 coisto‘ia
895 5035 984 5090 49.
1050 5036 1117 5089 ad
1171 4983 1482 5090 (ilvmnium
1549 5032 1622 5084 ita
1679 5028 1943 5089 scribens,
1978 5029 2182 5090 πάντας

609 5029 1514 5168 31.253252.ﬁiaiaﬂagi’u'l’iéﬂt
1543 5029 2186 5167 ὲέωῗοῖἒῗὲἓιῗξὲιῗῖᾷῖ

611 5167 877 5230 universos
907 5177 1040 5229 cives
1065 5185 1112 5228 et
1133 5176 1436 5228 decuriones
1465 5181 1510 5225 et
1534 5175 1835 5225 honoratos.
1871 5167 2017 5222 Idem
2048 5167 2183 5224 Gre-

610 5248 797 5315 gorius
829 5248 885 5298 in
934 5245 1096 5314 epist.
1141 5245 1212 5298 22
1253 5246 1319 5298 ad
1351 5243 1736 5316 Caesarienses,
1770 5237 2180 5316 eosdemsimul

607 5308 787 5386 jungit
816 5316 901 5369 his
931 5308 1137 5380 verbis,
1166 5317 1276 5378 τοῖς
1309 5315 1372 5366 ὲκ
1399 5311 1496 5365 τοῦ
1527 5308 1901 5378 ἀξιωματικοῦ
1935 5310 2028 5362 καὶ
2054 5308 2181 5379 βου-

2283 4683 2537 4736 λευτικοῦ
2566 4683 2866 4749 τάγματος,
2905 4682 2956 4735 id
3003 4691 3103 4740 est,
3143 4682 3233 4738 his
3277 4681 3369 4750 qui
3418 4691 3644 4734 suntex
3679 4679 3865 4733 Hnno.

2289 4763 2530 4808 ratorum
2582 4760 2677 4805 aut
2708 4767 2772 4806 ex
2814 4752 3182 4805 Decurionum
3234 4752 3451 4805 ordine.
3503 4751 3670 4804 Recte
3729 4763 3865 4818 ergo

2286 4832 2443 4877 vetus
2473 4827 2748 4889 interpres
2784 4821 2949 4889 huius
2973 4821 3218 4888 epistolm
3269 4821 3456 4878 vertit,
3502 4819 3771 4889 honorati,
3813 4828 3864 4870 ct

2281 4893 2504 4945 curiales
2529 4901 2578 4945 et
2599 4888 2851 4944 παιδίω-ί.
2866 4888 3124 4942 Ναιιοίθτὶ
3146 4899 3273 4944 sunt
3295 4889 3619 4943 navicularii
3643 4888 3862 4947 Niliaci,

2282 4962 2374 5029 qui
2408 4976 2682 5015 annonam
2723 4976 2789 5014 ex
2827 4959 3057 5028 lEgypto
3087 4958 3626 5029 Constantinopolim
3662 4973 3868 5029 conve-

2283 5025 2510 5085 hebant.
2567 5030 2773 5083 Eorum
2817 5025 3019 5097 corpus
3071 5029 3374 5083 instituisse
3437 5025 3658 5081 ridetur
3693 5025 3870 5079 Aure-

2282 5100 2484 5165 lianus,
2518 5108 2578 5152 ut
2621 5099 2849 5167 ipsemet
2877 5098 3082 5151 indicat
3107 5099 3162 5151 in
3179 5098 3408 5167 epistola
3435 5098 3500 5167 ad
3529 5097 3867 5167 Arabianum

2285 5185 2447 5237 quam
2486 5165 2950 5236 citat'Vopiscns.
3009 5169 3068 5220 In
3118 5165 3401 5222 veteribus
3443 5165 3652 5237 Glossis
3700 5166 3861 5237 ναύσ-

2282 5235 2480 5319 ιιληρος
2519 5235 3729 5319 exponiturl‘lavicul‘aris'.‘.Hesychius.yero,
3762 5235 3867 5288 do-

2279 5305 2490 5363 minum
2521 5305 2676 5362 navis
2697 5308 2770 5360 ita
2793 5307 2901 5361 dici
2936 5307 3151 5362 scribit.
3177 5307 3243 5361 Hi
3271 5305 3597 5360 uaricularii
3624 5305 3867 5359 Alexan-

2060 5421 2367 5480 VARIORU
2378 5425 2446 5478 Μ.

685 5518 755 5590 (r)
807 5519 1148 5590 Ἀνατολίφ.
1178 5518 1487 5580 Anatolius,
1524 5517 1773 5590 Dioscuri
1827 5513 2183 5590 Alexandrini

615 5584 754 5658 apud
800 5588 1331 5659 Constantinopolim
1372 5588 1795 5659 apocrisiarius,
1824 5588 1892 5641 ab
1923 5601 1992 5659 eo
2025 5585 2078 5637 in
2103 5584 2186 5659 la-

619 5655 853 5714 trocinio
888 5655 1185 5727 Ephesino',
1234 5655 1491 5712 Flaviano
1544 5657 1867 5726 patriarcha:
1912 5655 2016 5709 CP.
2089 5655 2187 5708 de-

2291 5514 2577 5576 retineret,
2618 5528 2682 5566 ac
2714 5510 3008 5565 Theodosii
3041 5510 3171 5579 imp.
3210 5517 3265 5563 et
3301 5508 3501 5563 Leonis
3532 5524 3683 5577 papae
3714 5509 3871 5563 favo-

2294 5599 2407 5637 rem
2449 5591 2715 5652 captaret,
2751 5597 2896 5636 anno
2936 5581 3058 5652 459A,
3109 5580 3336 5652 collecta
3387 5579 3877 5652 Constantinopoli

2296 5647 2534 5722 synodo;
2586 5652 2849 5722 Eutycliis
2903 5658 2959 5705 et
3007 5649 3244 5722 Nestorii
3294 5647 3874 5722 errorcs_damnavit,

616 5730 816 5798 posito.
871 5717 1113 5781 nolidmn
1164 5717 1343 5782 autem
1401 5717 1683 5787 defuncto,
1735 5728 1996 5798 suiiectus
2046 5740 2190 5778 anno
2298 5717 2353 5776 εἰ
2392 5723 2589 5776 Leonis
2636 5717 3038 5798 epistolamad
3095 5717 3878 5798 Flavianum"subscriptione

623 5788 742 5863 “9,
780 5788 1072 5868 episcopus
1098 5798 1199 5853 (ΖΡ.
1227 5800 1401 5852 tactus
1440 5815 1453 5851 '.
1484 5814 1590 5867 quo
1615 5798 1784 5851 tutius
1825 5796 2005 5851 sedem
2040 5810 2190 5850 suam
2301 5810 2395 5847 sua
2449 5788 2846 5856 rmnpro'hm'it.
2876 5789 3026 5845 Obiit
3067 5805 3208 5843 anno
3249 5788 3371 5844 458.
3411 5788 3553 5842 Cnil.
3590 5789 3759 5842 Cum.
