4108 6462
610 322 763 388 ’2539

1833 319 2154 384 EVAGRII
2197 320 2684 382 SCHOLASTICI

3757 319 3908 384 2Μο

605 438 816 492 civitati
847 436 1075 492 re‘missa
1099 449 1219 490 esse
1251 449 1314 489 ex
1339 433 1623 488 functione
1647 431 1966 495 tributaria;
1991 429 2182 484 civibu:

2307 427 2374 482 τὰ
2405 427 2530 498 τέλη
2544 427 2590 459 ⁸⁸
2613 444 2627 458 ο
2657 424 3094 498 ἑπιμιλήσασοαι
3133 424 3190 480 δὲ
3218 426 3423 481 τούτων
3442 428 3614 496 “(89)
3651 433 3744 484 καὶ
3779 435 3894 484 τῶν

609 543 744 584 vero
789 527 1049 581 remissas
1091 541 1215 580 esse
1264 525 1560 594 pensiones
1604 537 1797 577 earum
1851 521 2052 576 aedium
2078 536 2201 590 quae

2309 519 2584 589 δημοσίων
2613 519 2954 589 οΞκοδομιῶν.

605 631 655 677 te
667 629 923 676 rrmmotu
955 626 1249 690 prostratae
1277 617 1518 671 fuerant.
1548 617 1939 686 imperatorem
1965 625 2232 684 praeterea
2261 612 2612 683 publicorum
2637 626 2866 682 operum
2897 611 3324 667 reﬁciendorum
3346 629 3535 668 curam
3562 616 3899 684 suscepisse.

1129 733 1293 802 305
1337 731 1487 787 CAP.
1529 731 1668 785 xm.

768 828 844 880 De
872 826 1114 881 incendio
1143 828 1281 893 quod
1317 825 1506 878 accidit
1536 823 2015 894 Constantinopoli.

672 943 810 997 Huic
839 958 949 996 non
982 940 1290 1004 dissimilis,
1321 941 1432 994 imo
1459 939 1617 1008 longe
1646 939 1866 1008 gravior
1904 938 2188 992 calamitas

601 1035 834 1106 contigit
862 1033 1362 1103 Constantinopoli,
1415 1031 1573 1086 initio
1607 1031 1734 1085 mali
1767 1039 1889 1084 orto
1928 1031 1984 1084 in
2015 1019 2184 1082 mari-

601 1128 734 1180 tima
764 1124 1005 1180 civitatis
1037 1133 1214 1192 parte,
1245 1138 1406 1192 quam
1439 1123 1741 1192 Bosporum
1771 1128 1992 1175 vocant.
2019 1119 2188 1173 Aiunt

599 1225 782 1268 autem
846 1213 1151 1266 daemonem
1210 1210 1502 1278 quemdam
1556 1209 1882 1273 exitiosum,
1940 1206 2189 1261 mulieris

601 1305 842 1374 speciem
870 1302 1229 1366 ementitum,
1265 1309 1361 1354 aut
1392 1308 1539 1354 certe
1576 1299 1964 1369 pauperculam
1998 1313 2185 1368 quam-

596 1398 721 1451 dam
745 1395 1030 1447 mulierem
1054 1407 1084 1446 a
1107 1391 1353 1445 daemone
1375 1390 1662 1458 impulsam
1686 1406 1700 1455 ;
1721 1396 2014 1456 utrumque
2035 1387 2187 1441 enim

595 1487 831 1550 dicitur;
859 1485 1010 1540 circa
1035 1484 1088 1537 id
1116 1490 1334 1552 tempus
1354 1497 1462 1550 quo
1481 1481 1718 1535 lucernae
1741 1479 1965 1534 accendi
1985 1478 2184 1544 solent,

593 1581 875 1634 lucernam
907 1577 975 1632 ad
1006 1577 1186 1630 forum
1222 1582 1406 1630 rerum
1438 1574 1715 1629 venalium
1747 1571 2030 1636 detulisse,
2063 1580 2185 1625 tan-

593 1684 759 1738 quam
794 1669 1126 1722 salsamenta
1166 1664 1272 1720 sibi
1309 1672 1561 1733 emptura
1595 1671 1758 1723 esset,
1819 1660 2180 1731 depositaque

593 1761 667 1814 ibi
702 1761 946 1824 lucerna,
981 1758 1238 1827 protinus
1270 1755 1624 1810 abscessisse.
1657 1754 1842 1822 Ignem
1870 1766 2022 1815 vero,
2054 1766 2180 1805 cum

592 1862 848 1920 stuppam
891 1850 1290 1919 corripuisset,
1335 1847 1634 1901 maximum
1683 1843 2001 1898 incendium
2032 1843 2180 1898 exci-

596 1952 762 2002 tassc,
792 1948 848 1993 et
878 1948 1158 1991 momento
1188 1937 1452 2006 temporis
1474 1946 1642 1989 totam
1667 1934 1889 1988 domum
1923 1932 2183 1988 combus-

594 2033 732 2085 sisse
762 2047 773 2081 :
808 2037 931 2096 post
981 2027 1097 2079 haec
1145 2025 1454 2094 adiacentia
1505 2038 1734 2091 quaeque
1778 2024 1996 2078 facilius
2043 2039 2178 2077 con-

593 2131 811 2190 sumpta
845 2133 988 2181 esse,
1017 2133 1143 2171 cum
1193 2114 1334 2185 ignis
1382 2129 1492 2168 non
1537 2127 1602 2168 ea
1638 2113 1980 2180 solum‘qua}
2020 2110 2179 2164 facile

594 2208 989 2269 incenduntur,
1020 2203 1117 2258 sed
1150 2202 1383 2257 aedilicia
1413 2216 1631 2270 quoque
1659 2216 1728 2255 ex
1755 2198 2032 2269 lapidibus
2053 2213 2182 2252 con-

594 2305 803 2350 structa
839 2297 1250 2363 depasceretur,
1301 2301 1357 2345 et
1407 2305 1579 2359 usque
1629 2289 1684 2343 in
1731 2299 1987 2358 quartum
2033 2287 2179 2340 diem

592 2394 1029 2457 perseverasset,
1057 2399 1160 2438 nec
1187 2383 1293 2436 ulla
1331 2381 1543 2435 ratione
1582 2378 1853 2448 exstingui
1886 2378 2178 2448 potuisset.

594 2477 794 2530 Totum
829 2475 993 2545 igitur
1027 2471 1270 2527 civitatis
1315 2470 1717 2534 meditullium,
1768 2485 1798 2522 a
1847 2469 2182 2538 septentrio-

594 2565 705 2618 nali
737 2564 911 2618 latere
942 2562 1010 2617 ad
1037 2559 1396 2615 meridianam
1424 2569 1658 2628 partem,
1687 2558 2027 2628 longitudine
2052 2557 2178 2627 qui-

593 2656 718 2709 dem
746 2654 1051 2708 stadiorum
1082 2652 1350 2720 quinque,
1381 2649 1799 2718 quatuordecim
1828 2664 1958 2702 vero
1993 2648 2182 2701 latitu-

591 2744 744 2808 dine,
771 2743 848 2796 ita
869 2750 1256 2808 consumptum
1283 2748 1386 2803 est,
1416 2749 1473 2792 ut
1504 2747 1610 2791 tam
1641 2754 1706 2792 ex
1737 2738 1996 2806 publicis,
2015 2753 2178 2806 quam

591 2852 658 2889 ex
693 2834 924 2904 privatis
967 2832 1180 2886 aedibus
1231 2830 1368 2884 nihil
1405 2830 1631 2884 omnino
1684 2829 2036 2901 remanserit;
2071 2844 2180 2881 non

591 2925 883 2988 columnae,
910 2936 1020 2974 non
1051 2918 1256 2989 lapidei
1287 2918 1525 2972 fornices
1558 2936 1570 2971 :
1601 2918 1694 2972 sed
1722 2917 1975 2986 prazdura
2000 2917 2180 2971 omnis

592 3015 843 3080 materia,
875 3013 1104 3084 perinde
1143 3027 1207 3066 ac
1231 3011 1454 3081 stipula,
1490 3021 1838 3065 concremata
1882 3013 1974 3066 sit.
2007 3012 2180 3067 Porro

593 3111 709 3162 lucc
753 3107 938 3162 clades
967 3106 1022 3161 in
1056 3104 1471 3175 septentrionali
1507 3105 1729 3173 quidem
1762 3115 1936 3174 parte,
1972 3106 2029 3159 in
2071 3121 2178 3175 qua

592 3210 720 3255 sunt
751 3200 905 3255 urbis
945 3199 1182 3263 navalia,
1218 3205 1458 3268 grassata
1505 3205 1610 3259 est,
1641 3213 1673 3250 a
1717 3195 1961 3266 Bosporo
2004 3211 2179 3265 usque

593 3292 659 3347 ad
696 3302 853 3347 vetus
887 3289 1157 3361 Apollinis
1196 3287 1406 3342 fanum.
1441 3286 1500 3340 ln
1532 3285 1837 3340 meridiana
1872 3293 2056 3340 autem
2088 3301 2178 3339 re-

2209 2982 2314 3044 Co

2899 729 3156 783 ΚΕΦΑΛ.
3190 728 3270 783 ll"

2301 815 2439 883 Περὶ
2471 817 2580 871 τοῦ
2608 817 2967 887 ἐμπρησμοῦ
2998 818 3106 873 τοῦ
3134 819 3204 873 ἐν
3232 823 3896 875 Κωνσταντινουπὸλει.

2365 929 2677 1000 Συνηνέχθη
2694 931 2770 999 (α)
2793 929 2849 983 δὲ
2867 930 2980 1001 (85)
3005 930 3218 994 τούτοις
3245 932 3406 1000 ὃμοια
3431 933 3463 1003 ἢ
3494 934 3587 985 καὶ
3611 932 3896 1005 δεινότερα

2293 1023 2398 1074 ἀνὰ
2432 1021 2531 1092 τὴν
2561 1022 3138 1076 Κωνσταντινούπολιν
3167 1064 3181 1088 ,
3232 1024 3411 1094 ἀρχῆς
3454 1025 3551 1078 τοῦ
3587 1025 3760 1079 κακοῦ
3791 1044 3894 1092 τε·

2299 1111 2530 1182 νομένης
2583 1114 2642 1165 ὲν
2693 1112 2772 1184 τῷ
2817 1111 3256 1185 παραθαλασσίῳ
3310 1117 3408 1185 τῆς
3454 1116 3663 1180 πόλεως
3708 1118 3892 1187 μέρει,

2297 1205 2436 1272 ὅπερ
2469 1203 2598 1266 Βοδς
2624 1204 2848 1257 καλοῦσι
2877 1205 3044 1276 πόρον
3066 1206 3199 1275 (8ί).
3237 1207 3541 1277 Ἰστόρηται
3566 1207 3623 1260 δὲ
3651 1207 3726 1272 ὡς
3749 1210 3896 1262 κατὰ

2296 1294 2398 1357 τὰς
2448 1294 2792 1365 ἑπιλυχνίους
2841 1295 2989 1366 ὧρας
3031 1296 3248 1374 δαίμρδν
3296 1316 3376 1359 τις
3422 1297 3734 1364 κακοῦργος
3777 1315 3893 1350 πα-

2290 1384 2554 1455 λαμναῖος
2585 1387 2804 1454 γυναικὶ
2831 1386 3106 1450 εἰκασθεὶς
3129 1427 3143 1450 ,
3193 1387 3300 1438 εἴτε
3333 1388 3426 1440 ῖιια)⁸
3454 1390 3574 1450 ταῖς
3601 1387 3892 1456 ἁληθείαιξ

2288 1476 2427 1545 γυνὴ
2456 1476 2708 1546 χερνῆτις
2733 1475 2837 1528 ὑπὸ
2857 1475 3113 1546 δαίμονος
3136 1480 3498 1547 οἰστρουμένη
3519 1478 3759 1546 (λέγεται
3777 1481 3890 1547 γὰρ

2287 1565 2705 1636 ὲπαμφότερα),
2763 1566 2952 1636 λύχνον
2995 1567 3131 1637 πρὸς
3185 1568 3562 1621 παντοπώλιον
3612 1570 3885 1636 ἐνεγκεῖν,

2215 1639 2255 1694 Β
2286 1657 2607 1728 ὼνησομένη
2656 1675 2709 1710 τι
2750 1657 2860 1710 τῶν
2897 1660 3372 1728 τεταριχευμένων
3393 1674 3406 1688 ⁸
3458 1660 3710 1721 τεθέντος
3740 1659 3784 1712 δ’
3813 1655 3886 1712 αὖ

2287 1750 2381 1803 τοῦ
2435 1748 2631 1818 λύχνου
2683 1749 2744 1802 τὸ
2791 1749 3014 1816 γύναιον
3061 1749 3518 1818 ὑπαναχωρῆσαι.
3555 1750 3628 1802 Τὸ
3658 1750 3714 1802 δὲ
3745 1751 3883 1818 πῦρ,

2289 1839 2518 1892 στυπίου
2537 1839 2582 1871 ⁸⁸
2607 1839 2928 1909 λασόμενον,
2967 1837 3142 1907 φλόγα
3175 1839 3438 1908 μεγίστην
3469 1839 3686 1908 ἐξᾶραι,
3720 1839 3885 1907 λόγου

2285 1946 2346 1981 τε
2381 1929 2576 1983 θᾶττον
2605 1931 2890 1999 ἐμπρῆσαι
2923 1928 2981 1981 τὸ
3005 1929 3235 1997 οἴκημα·
3272 1933 3337 1982 ἐκ
3369 1929 3562 1982 τούτου
3592 1930 3650 1983 δὲ
3679 1931 3748 1983 τὰ
3777 1950 3885 1984 πα-

2291 2021 2589 2090 ρακείμενα
2640 2021 2821 2091 ῥᾴδιον
2865 2021 3262 2090 ἀφανιοθῂναι,
3306 2021 3400 2072 τοῦ
3437 2021 3608 2091 πυρὸς
3643 2022 3882 2097 ἀμφινει

2294 2115 2568 2176 μομένου,
2625 2114 2686 2165 οὐ
2738 2112 2899 2180 μόνον
2950 2112 3018 2164 τὰ
3063 2112 3362 2176 εὐέξαπτα,
3401 2111 3538 2165 ἀλλὰ
3567 2112 3666 2166 καὶ
3691 2111 3788 2176 τὰς
3814 2115 3883 2166 ἑκ

2288 2197 2452 2251 λίθων
2480 2197 2790 2267 οἰκοδομὰς,
2828 2199 2925 2251 καὶ
2958 2202 3088 2268 ἄχρι
3117 2205 3383 2269 τιτὰρτης
3416 2207 3635 2275 ἡμέρας
3663 2206 3881 2276 διαμει-

2288 2304 2503 2350 ναντος,
2538 2289 2633 2340 καὶ
2657 2289 2837 2341 πᾶσαν
2865 2287 3080 2356 ἄμυναν
3111 2290 3572 2358 ὑπερδεδηκότος,
3591 2296 3653 2344 τὸ
3684 2298 3885 2361 μεσαί-

2286 2396 2448 2434 τατον
2479 2379 2630 2432 ἅπαν
2659 2380 2758 2448 τῆς
2788 2380 2998 2441 πόλεως
3031 2380 3142 2433 ἀπὸ
3175 2380 3555 2451 τοῦὰρκτῲου
3589 2383 3754 2453 μέχρι
3783 2383 3880 2435 τοῦ

2287 2471 2464 2525 νοτίου
2479 2471 2734 2540 κλίματος
2748 2471 3145 2540 δαπανηθῆναι,
3158 2472 3250 2524 ἐπὶ
3266 2472 3422 2524 πέντε
3441 2472 3539 2541 μὲν
3553 2475 3799 2537 σταδίους
3816 2475 3884 2528 τὸ

2291 2564 2484 2633 μῆκος,
2516 2563 2920 2633 δεκατέσσαρας
2949 2563 3004 2616 δὲ
3031 2564 3092 2616 τὸ
3120 2563 3341 2626 πλάτος
3365 2564 3440 2626 ὡς
3473 2565 3640 2633 μηδὲν
3673 2567 3878 2634 μεταξὺ

2289 2650 2749 2721 καταλειφθῆναι,
2778 2654 2851 2721 μὴ
2891 2651 3189 2721 δημοσίων,
3227 2651 3302 2721 μὴ
3337 2652 3625 2705 ίδιωτικὼν
3672 2655 3881 2706 οἰκοδο-

2292 2744 2449 2814 μιῶν,
2478 2742 2550 2812 μὴ
2573 2743 2778 2807 κίονας,
2798 2743 2872 2812 μὴ
2887 2744 2984 2806 τὰς
3003 2746 3065 2796 ὲκ
3091 2742 3254 2794 λίθων
3279 2743 3523 2811 ψαλίδας·
3542 2745 3682 2796 ἀλλὰ
3699 2749 3883 2798 πᾶσαν

2289 2835 2700 2904 ἀπεσκληκυῖαν
2733 2833 2885 2902 ὓλην,
2921 2834 3114 2903 ὥσπερ
3148 2853 3202 2889 τι
3232 2835 3339 2887 τῶν
3365 2836 3686 2901 εὑεξὰτιτων
3713 2855 3881 2889 κατα-

2289 2926 2617 2993 κλυσθῆναι.
2671 2923 2843 2977 Τοῦτο
2889 2923 2945 2977 δὲ
2991 2924 3051 2977 τὸ
3093 2926 3262 2979 κακὸν
3291 2926 3549 2993 γενέσθαι
3583 2927 3644 2980 ἐν
3673 2928 3771 2997 μὲν
3800 2927 3880 2996 τῷ

2290 3014 2484 3084 βορείῳ
2531 3015 2779 3085 κλίματι,
2809 3017 2865 3068 ὲν
2897 3009 2940 3083 ᾦ
2987 3018 3082 3070 καὶ
3127 3017 3329 3087 νεώρια
3364 3019 3464 3087 τῆς
3499 3019 3712 3083 πόλεως
3745 3021 3879 3072 καθ-

2287 3108 2530 3172 εστᾶσιν,
2565 3107 2672 3158 ἀπὸ
2701 3106 2791 3157 τοῦ
2823 3106 3156 3176 καλουμένου
3185 3109 3315 3171 Bob;
3339 3111 3510 3179 πόρου
3531 3150 3545 3175 ,
3585 3112 3751 3182 μέχρι
3783 3113 3877 3165 τοῦ

2289 3195 2517 3248 παλαιοῦ
2553 3196 2884 3258 Ἀπόλλωνος
2915 3195 3085 3266 ἱεροῦ.
3126 3198 3214 3250 Ἐν
3241 3198 3296 3251 δὲ
3327 3199 3404 3266 τῷ
3432 3200 3614 3270 νοτίῳ,
3646 3202 3756 3255 ἀπ’)
3781 3203 3876 3254 τοῦ

2289 3285 2580 3340 Ἰουλιανοῦ
2609 3287 2825 3356 λιμένος
2851 3288 2926 3356 (1))
2955 3289 3118 3359 μέχρι
3142 3290 3332 3344 οἰκιῶν
3355 3291 3418 3344 οὐ
3448 3292 3582 3346 πολὺ
3604 3295 3877 3364 κειμένων

1904 3423 2144 3476 VARI/['1
2190 3421 2594 3478 LECTIONES.

664 3519 710 3548 ”
740 3517 897 3587 μέλη.
976 3517 1020 3546 ⁵⁵
1055 3515 1116 3569 C.
1150 3514 1214 3569 C.
1256 3515 1464 3567 τοῦτον.
1547 3517 1589 3545 ⁸⁵
1636 3515 1696 3569 C.
1723 3514 1784 3568 C.
1825 3519 2122 3569 στυππίου.

1792 3654 2061 3716 VALESII
2101 3655 2658 3712 ANNOTATIONES.

664 3777 772 3846 (8‘2)
797 3773 1320 3846 Ἐπιμενῑήσασθᾳι
1353 3771 1435 3846 *δὲ
1467 3776 1713 3846 τούτων.
1772 3775 1970 3829 Procul
1997 3775 2170 3830 dubio

589 3842 948 3916 scribendum
982 3845 1199 3916 Δτοῦτον
1220 3843 1310 3896 τὸν
1346 3842 1597 3916 βασιλέα.
1648 3846 1827 3914 Atque
1851 3847 1934 3916 ita
1979 3846 2178 3916 legisse

587 3917 811 3971 videtur
863 3913 1429 3982 Christophorsonus.
1490 3913 1663 3982 Porro
1729 3917 1798 3968 de
1846 3915 1952 3967 hoc
1983 3913 2175 3968 terrae-

587 3996 744 4042 motu
770 3983 1001 4060 elegiam
1037 3979 1340 4060 scripserat
1367 3981 1533 4060 _lsaac
1581 3979 1783 4060 _Syrus;
1828 3991 1894 4060 ut_
1932 3990 2180 4060 testatur

590 4047 946 4110 Marcellinus
976 4051 1029 4103 in
1052 4047 1336 4112 Chronico,
1367 4047 1454 4104 his
1482 4047 1666 4103 verbis
1691 4067 1703 4102 :
1738 4049 1976 4104 Patricio
2012 4062 2060 4103 et
2087 4051 2182 4104 Ri-

587 4129 780 4180 cimere
820 4137 952 4174 coss.
998 4119 1157 4174 Isaac
1216 4120 1552 4190 Antiocheam
1609 4119 1857 4174 Ecclesia:
1903 4121 2173 4190 presbyter

586 4195 794 4264 scripsit
827 4191 963 4261 Syro
987 4204 1232 4264 sermone
1251 4187 1485 4264 Amulta._
1509 4190 1872 4264 prmeipueque
1903 4187 2169 4264 adversus

587 4258 929 4320 Nestorianos
957 4268 1006 4313 et
1037 4259 1418 4329 Eutychianos.
1446 4258 1676 4312 Ruinam
1698 4258 1859 4313 etiam
1883 4261 2172 4318 Antiochia!

588 4335 732 4405 elcgo
757 4333 998 4405 carmine
1025 4328 1264 4405 planxit,
1291 4329 1736 4398 quemadmodum
1774 4330 2012 4384 threm
2035 4331 2170 4384 Dia-

588 4398 749 4458 corius
782 4398 1102 4456 Nicomedia:
1139 4398 1371 4468 lapsum.

661 4474 772 4545 (35)
830 4467 1206 4545 ,ξυνηνέχθη
1255 4468 1342 4545 δέ.
1387 4468 1642 4545 Destino
1691 4484 1801 4538 quo
1853 4467 2168 4545 incendium

591 4538 734 4598 istud
758 4538 996 4612 contigit
1036 4538 1536 4612 Constantinopoli,
1572 4554 1680 4612 non
1723 4541 1987 4612 convenit
2025 4542 2173 4595 inter

588 4626 864 4674 auctores,
916 4607 1053 4666 Nam
1098 4607 1466 4676 TheOphanes
1508 4609 1732 4677 quidem
1779 4617 1835 4661 et
1880 4608 2171 4666 Ccdrenus

587 4699 732 4738 anno
764 4685 960 4752 quinto
997 4679 1219 4752 Leonis,
1249 4677 1554 4752 indictione
1582 4678 1667 4741 l5,
1713 4677 1848 4732 illud
1896 4681 2168 4752 referunt,

588 4747 1053 4821 Leone'Augusto
1080 4750 1370 4821 iterumct
1399 4747 1605 4802 Severo
1636 4763 1779 4821 coss.
1816 4749 1909 4817 qui
1938 4749 2040 4803 fuit
2072 4766 2172 4804 an-

587 4840 692 4878 nus
719 4817 926 4877 Christi
953 4821 1075 4875 462.
1105 4818 1457 4872 Marcellinus
1486 4827 1670 4872 autem
1699 4817 1918 4880 Comes,
1972 4829 2174 4878 et,au-

585 4904 708 4949 ctur
740 4890 1096 4947 Alexandrini
1157 4888 1423 4951 Clarouici,
1470 4887 1790 4943 incendiqu
1846 4889 1982 4943 illud
2028 4890 2174 4945 Con-

586 4962 1151 5033 stantinopolitanum
1205 4960 1503 5013 conferunt
1532 4957 1800 5012 Basilisco
1848 4968 1903 5012 et
1949 4960 2173 5015 Henne-

2280 3776 2477 3831 nerico
2495 3776 2839 3839 consulibus,
2891 3777 2997 3831 hoc
3018 3784 3104 3832 est
3136 3791 3281 3829 anno
3307 3774 3514 3830 Christi
3553 3776 3681 3830 465.
3715 3776 3875 3831 Prio-

2280 3863 2394 3901 rem
2422 3848 2757 3901 sententiam
2793 3855 3017 3901 secutus
3058 3846 3280 3900 videtur
3337 3845 3607 3914 Evagrius
3657 3855 3869 3900 noster.

2279 3916 2520 3986 Yerbum
2550 3916 2697 3986 enim
2736 3917 3061 3986 συνηνέχθη,
3095 3931 3206 3985 quo
3234 3915 3418 3986 utitur
3472 3917 3576 3986 hoc
3603 3915 3747 3986 loco.
3792 3917 3873 3969 in-

2279 3983 2436 4055 dicat
2468 3985 2521 4055 i_d
2553 3985 2699 4052 quod
2736 3983 2871 4055 dixi,
2911 3983 3412 4055 reon'llagrationem
3457 3985 3675 4038 scilicet
3719 3985 3873 4038 illam

2281 4053 2442 4107 urbis
2466 4052 3092 4122 Constantinopolitana:
3115 4052 3226 4106 non
3250 4055 3414 4122 longo
3455 4063 3704 4123 tempore
3747 4065 3873 4123 post

2291 4130 2715 4194 terraamotumw
2731 4123 3138 4194 Antiochenam
3197 4125 3517 4194 contigisse.
3539 4193 3544 4194 γ
3591 4122 3868 4194 Caeterum

2203 4179 2250 4236 Ι)
2279 4191 2348 4245 de
2382 4193 2638 4247 incendio
2667 4193 2760 4246 illo
2788 4208 2898 4261 quo
2931 4194 3062 4247 urbs
3087 4179 3604 4262 ConsulitiiIOpttlis
3664 4192 3871 4248 Leonis

2275 4262 2414 4334 Aug.
2454 4262 3205 4334 temporibusconﬂagravit,
3251 4263 3448 4334 scribit
3507 4262 3692 4334 etiam
3725 4262 3873 4317 Can-

2275 4332 2441 4411 didus
2463 4332 2687 4413 Isaurus
2724 4333 2780 4386 in
2815 4333 2957 4388 libro
3007 4332 3190 4413 primo
3217 4332 3552 4413 Jllistoriw.“
3584 4333 3869 4413 multaque

2277 4401 2364 4525 inf
2389 4418 2456 4457 eo
2502 4402 2571 4456 ab
2619 4402 2827 4472 Aspare
2876 4401 3110 4473 patricio
3171 4403 3381 4457 utiliter
3435 4402 3690 4456 ordinata
3745 4418 3868 4458 esse

2277 4487 2335 4525 re
2362 4482 2468 4525 ert.

2276 4482 2390 4527 ret’e
2399 4482 2468 4526 1³1..

2349 4543 2459 4612 (84)
2485 4543 2675 4613 Ὅπερ
2711 4541 2861 4608 Βοός
2896 4542 3153 4613 καλοῦσι
3185 4542 3395 4608 πόρον.
3421 4543 3648 4613 Portum
3692 4541 3869 4596 Phos-

2277 4611 2608 4680 phorianum
2636 4611 2648 4613 ⁷
2683 4614 2962 4683 intelligit,
2997 4612 3112 4683 qui,
3156 4621 3272 4683 erat
3304 4613 3388 4683 in,
3411 4611 3635 4683 regione
3675 4612 3867 4680 quinta

2271 4683 2446 4745 urbis,
2477 4693 2536 4736 ut
2568 4690 2728 4737 «locet
2754 4681 2914 4737 vetus
2937 4681 3246 4750 descriptio
3312 4682 3465 4735 urbis
3489 4681 3863 4736 Contantino-

2271 4753 2547 4820 politante.
2582 4751 2756 4808 Graaci
2785 4753 3101 4820 Φωσφόριον
3141 4761 3197 4805 et
3237 4751 3539 4822 Βοσπόριον
3583 4751 3862 4813 dicebam,

2276 4832 2336 4875 ut
2361 4822 2523 4876 docet
2545 4822 2944 4877 Constantinus
2981 4821 3568 4892 Porphyrogcnnetus,
3593 4822 3653 4892 in
3677 4822 3778 4875 lib.
3804 4837 3862 4892 ιι,

2279 4892 2349 4962 De
2374 4893 2714 4962 thematibus,
2735 4893 2854 4962 Zsub
2887 4893 3056 4946 [inem'
3074 4889 3181 4952 {et
3212 4889 3485 4962 Georgius
3519 4889 3767 4962 Codiuus
3807 4891 3861 4945 in

2279 4961 2372 5021 .ib.
2404 4962 2480 5017 De
2500 4961 2790 5032 originibus
2815 4960 3417 5031 Constantinoplitanii,
3453 4977 3508 5031 p.
3527 4960 3616 5016 57.

2040 5071 2425 5128 VARIOIlUM.

661 5169 737 5237 (α)
766 5164 1142 5233 Συνηνέχθη.
1171 5164 1422 5237 Valesius
1449 5175 1607 5237 putat
1649 5164 1756 5237 hoc
1798 5163 2024 5218 verbum
2088 5183 2168 5220 Ill-

584 5234 1300 5306 diearc,conﬂagrationem
1322 5234 1583 5306 hancCP.
1610 5249 1720 5306 non
1745 5235 1908 5306 longo
1925 5244 2169 5305 tempore

585 5321 714 5367 post
749 5304 1125 5362 terraemotum
1149 5305 1555 5359 Antiochenam
1584 5304 1712 5357 anni
1755 5304 1856 5358 4.37
1878 5304 2165 5361 accidisse.

584 5370 791 5436 'Veruin
819 5379 873 5431 in
925 5377 1012 5431 his
1043 5376 1314 5446 loquendi
1338 5375 1516 5428 modis
1561 5383 1779 5446 tempus
1807 5377 2170 5445 exprimenti-

585 5453 713 5509 bus.
737 5447 1086 5516 explicandis
1117 5444 1228 5500 tam
1264 5444 1356 5499 hic
1385 5460 1549 5516 quam
1583 5445 1740 5508 alibi,
1775 5444 1886 5499 non
1922 5463 2044 5500 raro
2089 5448 2172 5500 vir

585 5521 942 5576 doctissimus
969 5517 1172 5586 aliique
1191 5517 1390 5586 passim
1417 5515 1849 5586 hallucinantur,
1869 5533 1975 5569 non
1995 5518 2169 5570 anim-

586 5593 946 5647 advertentes
1017 5585 1226 5641 similes
1280 5586 1542 5654 loquendi
1607 5585 1874 5640 formulas
1917 5603 2167 5656 magnam

2277 5184 2467 5240 gnare,
2501 5168 2683 5240 inquit
2738 5168 2866 5240 Ant.
2893 5169 3022 5240 Pagi
3073 5168 3139 5222 ad
3175 5185 3324 5240 ann.
3371 5169 3499 5229 465,
3538 5183 3604 5240 _n.
3665 5166 3864 5240 2,7_qni

2279 5239 2479 5306 probat
2507 5238 2716 5293 ibidem
2730 5256 2799 5294 ex
2826 5238 3085 5295 Chronico
3113 5239 3507 5304 Alexandrino,
3536 5238 3864 5292 incendium

2275 5309 2380 5363 (ΣΡ.
2404 5308 2508 5362 hoc
2535 5324 2682 5364 anno
2711 5309 3003 5364 accidisse.

2345 5379 2416 5447 (b)
2491 5380 2632 5433 Ἀπὸ
2700 5381 2809 5433 τοῦ
2879 5379 3223 5434 Ἰουλιανοῦ
3278 5379 3545 5448 λιμένος.
3607 5377 3865 5433 Julianus

2271 5449 2404 5518 imp.
2463 5459 2686 5520 portum
2739 5451 3040 5504 maximum
3083 5448 3567 5518 Constantinopoli
3606 5448 3866 5520 Aedifica-

2275 5517 2376 5591 vit.
2411 5517 2506 5591 qui
2533 5521 2599 5575 Ι).
2627 5520 2832 5576 Juliani
2861 5530 3053 5591 portus
3075 5520 3281 5574 dicitur
3307 5521 3390 5591 Vin
3426 5517 3534 5588 leg.
3565 5517 3668 5572 ult.
3730 5519 3857 5591 eod.

2267 5589 2374 5642 Ἧι.
2402 5590 2471 5645 de
2501 5591 2637 5647 calc.
2680 5601 2824 5647 coct.
2856 5589 2916 5645 ut
2939 5591 3260 5647 observavit
3299 5590 3544 5644 Valesius
3568 5597 3761 5644 noster
3804 5589 3861 5644 in

587 5659 939 5731 latitudinem
969 5659 1196 5731 habere,
1229 5657 1640 5731 ct_qua_ndoqu_e
1682 5671 1793 5712 non
1832 5666 2050 5731 tantum
2073 5659 2169 5731 de-
2266 5660 2415 5716 notis
2440 5661 2507 5718 ad
2530 5663 2713 5718 Amm.
2765 5661 3011 5718 Marcejl.
3045 5661 3142 5717 lib.
3175 5676 3306 5726 xxn,
3341 5676 3462 5731 cap.
3494 5660 3549 5717 9.
3575 5659 3647 5714 Μ.
3686 5661 3863 5716 Siton-

588 5746 712 5789 ccm
746 5728 1180 5794 autduodecim,
1217 5727 1513 5784 sed'etiam
1559 5728 1746 5797 plures
1799 5743 1974 5782 minos
2021 5727 2166 5784 desi-

2265 5747 2409 5785 TING.
