  <div class='ocr_page' id='page_1' title='image "/cluster/home/n/w/nwhite01/storage/ocr_20150623/88 pt.2/uva.x004575615/422.png"; bbox 0 0 4108 6500; ppageno 0'>
   <div class='ocr_carea' id='block_1_1' title="bbox 283 456 423 521">
    <p class='ocr_par' dir='ltr' id='par_1_1' title="bbox 283 456 423 521">
     <span class='ocr_line' id='line_1_1' title="bbox 283 456 423 521; baseline 0.007 -1"><span class='ocrx_word' id='word_1_1' title='bbox 283 456 423 521; x_wconf 66' lang='grc' dir='ltr'><strong>2ἓ49</strong></span> 
     </span>
    </p>
   </div>
   <div class='ocr_carea' id='block_1_2' title="bbox 1207 463 2628 538">
    <p class='ocr_par' dir='ltr' id='par_1_2' title="bbox 1207 463 2628 538">
     <span class='ocr_line' id='line_1_2' title="bbox 1207 463 2628 538; baseline 0.006 -14"><span class='ocrx_word' id='word_1_2' title='bbox 1207 463 1596 530; x_wconf 57' lang='lat' dir='ltr'><strong>HISTORIA?</strong></span> <span class='ocrx_word' id='word_1_3' title='bbox 1633 467 2234 534; x_wconf 66' lang='lat' dir='ltr'><strong>ECCLESIASTICE</strong></span> <span class='ocrx_word' id='word_1_4' title='bbox 2274 472 2507 538; x_wconf 85' lang='lat' dir='ltr'><strong>LIBER</strong></span> <span class='ocrx_word' id='word_1_5' title='bbox 2544 471 2628 532; x_wconf 93' lang='lat' dir='ltr'><strong>II.</strong></span> 
     </span>
    </p>
   </div>
   <div class='ocr_carea' id='block_1_3' title="bbox 3427 468 3592 533">
    <p class='ocr_par' dir='ltr' id='par_1_3' title="bbox 3427 468 3592 533">
     <span class='ocr_line' id='line_1_3' title="bbox 3427 468 3592 533; baseline 0 -1"><span class='ocrx_word' id='word_1_6' title='bbox 3427 468 3592 533; x_wconf 54' lang='lat'><strong>2550&#39;</strong></span> 
     </span>
    </p>
   </div>
   <div class='ocr_carea' id='block_1_4' title="bbox 275 569 1868 658">
    <p class='ocr_par' dir='ltr' id='par_1_4' title="bbox 275 569 1868 652">
     <span class='ocr_line' id='line_1_4' title="bbox 275 569 1868 652; baseline 0.011 -32"><span class='ocrx_word' id='word_1_7' title='bbox 275 569 449 640; x_wconf 79' lang='grc' dir='ltr'>ῃρέθη</span> <span class='ocrx_word' id='word_1_8' title='bbox 480 573 614 643; x_wconf 79' lang='grc' dir='ltr'>παρ’</span> <span class='ocrx_word' id='word_1_9' title='bbox 645 573 811 627; x_wconf 82' lang='grc' dir='ltr'>αὐτοῦ</span> <span class='ocrx_word' id='word_1_10' title='bbox 834 591 846 606; x_wconf 86' lang='lat'><strong><em>°</em></strong></span> <span class='ocrx_word' id='word_1_11' title='bbox 897 577 1192 631; x_wconf 78' lang='grc' dir='ltr'>κελεύσατε</span> <span class='ocrx_word' id='word_1_12' title='bbox 1221 579 1322 643; x_wconf 83' lang='grc' dir='ltr'>τὰς</span> <span class='ocrx_word' id='word_1_13' title='bbox 1353 580 1569 652; x_wconf 77' lang='grc' dir='ltr'><strong>δεήσεις</strong></span> <span class='ocrx_word' id='word_1_14' title='bbox 1601 599 1703 652; x_wconf 88' lang='grc' dir='ltr'><strong>μου</strong></span> <span class='ocrx_word' id='word_1_15' title='bbox 1739 583 1868 637; x_wconf 77' lang='grc' dir='ltr'>ἀναο</span> 
     </span>
    </p>
   </div>
   <div class='ocr_carea' id='block_1_5' title="bbox 1974 569 3573 658">
    <p class='ocr_par' dir='ltr' id='par_1_5' title="bbox 1977 584 3573 658">
     <span class='ocr_line' id='line_1_5' title="bbox 1977 584 3573 658; baseline -0.001 -18"><span class='ocrx_word' id='word_1_16' title='bbox 1977 584 2228 656; x_wconf 87' lang='lat' dir='ltr'><strong>Cumque</strong></span> <span class='ocrx_word' id='word_1_17' title='bbox 2270 586 2492 658; x_wconf 90' lang='lat' dir='ltr'><strong>judices</strong></span> <span class='ocrx_word' id='word_1_18' title='bbox 2543 585 2861 642; x_wconf 88' lang='lat' dir='ltr'><strong>interlocuti</strong></span> <span class='ocrx_word' id='word_1_19' title='bbox 2912 594 3122 650; x_wconf 86' lang='lat' dir='ltr'><strong>essent,</strong></span> <span class='ocrx_word' id='word_1_20' title='bbox 3174 585 3440 641; x_wconf 88' lang='lat' dir='ltr'><strong>rccitatus</strong></span> <span class='ocrx_word' id='word_1_21' title='bbox 3485 595 3573 640; x_wconf 82' lang='lat' dir='ltr'><strong>est</strong></span> 
     </span>
    </p>
   </div>
   <div class='ocr_carea' id='block_1_6' title="bbox 276 659 1876 744">
    <p class='ocr_par' dir='ltr' id='par_1_6' title="bbox 276 659 1876 744">
     <span class='ocr_line' id='line_1_6' title="bbox 276 659 1876 744; baseline 0.011 -34"><span class='ocrx_word' id='word_1_22' title='bbox 276 661 616 732; x_wconf 78' lang='grc' dir='ltr'>γνωσθῆναι.</span> <span class='ocrx_word' id='word_1_23' title='bbox 649 659 727 718; x_wconf 67' lang='lat' dir='ltr'><strong>Ub</strong></span> <span class='ocrx_word' id='word_1_24' title='bbox 759 665 822 734; x_wconf 83' lang='grc' dir='ltr'>δὴ</span> <span class='ocrx_word' id='word_1_25' title='bbox 855 667 1275 739; x_wconf 77' lang='grc' dir='ltr'><strong>διαλαληθέντος</strong></span> <span class='ocrx_word' id='word_1_26' title='bbox 1320 671 1593 739; x_wconf 88' lang='grc' dir='ltr'>γενέσθαι,</span> <span class='ocrx_word' id='word_1_27' title='bbox 1626 675 1658 742; x_wconf 82' lang='grc' dir='ltr'>ἡ</span> <span class='ocrx_word' id='word_1_28' title='bbox 1692 675 1876 744; x_wconf 88' lang='grc' dir='ltr'>δέησις</span> 
     </span>
    </p>
   </div>
   <div class='ocr_carea' id='block_1_7' title="bbox 275 752 1865 834">
    <p class='ocr_par' dir='ltr' id='par_1_7' title="bbox 275 752 1865 834">
     <span class='ocr_line' id='line_1_7' title="bbox 275 752 1865 834; baseline 0.01 -31"><span class='ocrx_word' id='word_1_29' title='bbox 275 752 640 820; x_wconf 74' lang='grc' dir='ltr'>ἀναγνώσεως</span> <span class='ocrx_word' id='word_1_30' title='bbox 679 756 859 826; x_wconf 72' lang='grc' dir='ltr'>ἔτυχε,</span> <span class='ocrx_word' id='word_1_31' title='bbox 910 761 1069 811; x_wconf 80' lang='grc' dir='ltr'>ταυτὶ</span> <span class='ocrx_word' id='word_1_32' title='bbox 1108 760 1459 832; x_wconf 72' lang='grc' dir='ltr'><strong>φθεγγομένη</strong></span> <span class='ocrx_word' id='word_1_33' title='bbox 1504 765 1572 817; x_wconf 77' lang='grc' dir='ltr'>τὰ</span> <span class='ocrx_word' id='word_1_34' title='bbox 1619 765 1865 834; x_wconf 77' lang='grc' dir='ltr'>ῥήματα·</span> 
     </span>
    </p>
   </div>
   <div class='ocr_carea' id='block_1_8' title="bbox 277 845 1871 925">
    <p class='ocr_par' dir='ltr' id='par_1_8' title="bbox 277 845 1871 925">
     <span class='ocr_line' id='line_1_8' title="bbox 277 845 1871 925; baseline 0.009 -30"><span class='ocrx_word' id='word_1_35' title='bbox 277 845 440 914; x_wconf 73' lang='grc' dir='ltr'>Παρὰ</span> <span class='ocrx_word' id='word_1_36' title='bbox 475 847 738 901; x_wconf 77' lang='grc' dir='ltr'>Εὐσεϐίου</span> <span class='ocrx_word' id='word_1_37' title='bbox 762 849 856 902; x_wconf 79' lang='grc' dir='ltr'><strong>τοῦ</strong></span> <span class='ocrx_word' id='word_1_38' title='bbox 887 850 1173 920; x_wconf 74' lang='grc' dir='ltr'>ἐλαχίστου</span> <span class='ocrx_word' id='word_1_39' title='bbox 1214 855 1518 908; x_wconf 77' lang='grc' dir='ltr'><strong>ἐπισκόπου</strong></span> <span class='ocrx_word' id='word_1_40' title='bbox 1551 857 1871 925; x_wconf 84' lang='grc' dir='ltr'>Δορυλαίου,</span> 
     </span>
    </p>
   </div>
   <div class='ocr_carea' id='block_1_9' title="bbox 278 939 1873 1017">
    <p class='ocr_par' dir='ltr' id='par_1_9' title="bbox 278 939 1873 1017">
     <span class='ocr_line' id='line_1_9' title="bbox 278 939 1873 1017; baseline 0.008 -31"><span class='ocrx_word' id='word_1_41' title='bbox 278 939 616 1005; x_wconf 75' lang='grc' dir='ltr'>ποιουμένου</span> <span class='ocrx_word' id='word_1_42' title='bbox 655 941 744 992; x_wconf 83' lang='grc' dir='ltr'><strong>τὸν</strong></span> <span class='ocrx_word' id='word_1_43' title='bbox 779 941 941 1009; x_wconf 87' lang='grc' dir='ltr'>λόγον</span> <span class='ocrx_word' id='word_1_44' title='bbox 983 945 1124 1014; x_wconf 84' lang='grc' dir='ltr'>ὐπέρ</span> <span class='ocrx_word' id='word_1_45' title='bbox 1151 962 1208 997; x_wconf 87' lang='grc' dir='ltr'><strong>τε</strong></span> <span class='ocrx_word' id='word_1_46' title='bbox 1241 945 1437 998; x_wconf 78' lang='grc' dir='ltr'>ἑαυτοῦ</span> <span class='ocrx_word' id='word_1_47' title='bbox 1468 946 1562 999; x_wconf 69' lang='grc' dir='ltr'>καὶ</span> <span class='ocrx_word' id='word_1_48' title='bbox 1588 946 1690 1015; x_wconf 81' lang='grc' dir='ltr'><strong>τῆς</strong></span> <span class='ocrx_word' id='word_1_49' title='bbox 1719 947 1873 1017; x_wconf 78' lang='grc' dir='ltr'>ὀρθο-</span> 
     </span>
    </p>
   </div>
   <div class='ocr_carea' id='block_1_10' title="bbox 274 1025 1872 1103">
    <p class='ocr_par' dir='ltr' id='par_1_10' title="bbox 274 1025 1872 1103">
     <span class='ocr_line' id='line_1_10' title="bbox 274 1025 1872 1103; baseline 0.009 -27"><span class='ocrx_word' id='word_1_50' title='bbox 274 1025 432 1089; x_wconf 80' lang='grc' dir='ltr'>δόξου</span> <span class='ocrx_word' id='word_1_51' title='bbox 457 1030 715 1093; x_wconf 87' lang='grc' dir='ltr'>πίστεως,</span> <span class='ocrx_word' id='word_1_52' title='bbox 744 1035 840 1084; x_wconf 72' lang='grc' dir='ltr'>καὶ</span> <span class='ocrx_word' id='word_1_53' title='bbox 872 1032 1011 1102; x_wconf 75' lang='grc' dir='ltr'>ὑπὲρ</span> <span class='ocrx_word' id='word_1_54' title='bbox 1037 1034 1131 1087; x_wconf 82' lang='grc' dir='ltr'>τοῦ</span> <span class='ocrx_word' id='word_1_55' title='bbox 1157 1037 1215 1087; x_wconf 83' lang='grc' dir='ltr'>ἐν</span> <span class='ocrx_word' id='word_1_56' title='bbox 1240 1035 1420 1103; x_wconf 78' lang='grc' dir='ltr'>ἁγίοις</span> <span class='ocrx_word' id='word_1_57' title='bbox 1442 1036 1746 1090; x_wconf 81' lang='grc' dir='ltr'>Φλαϐιανοῦ</span> <span class='ocrx_word' id='word_1_58' title='bbox 1776 1037 1872 1090; x_wconf 80' lang='grc' dir='ltr'>τοῦ</span> 
     </span>
    </p>
   </div>
   <div class='ocr_carea' id='block_1_11' title="bbox 277 1119 1874 1192">
    <p class='ocr_par' dir='ltr' id='par_1_11' title="bbox 277 1119 1874 1192">
     <span class='ocr_line' id='line_1_11' title="bbox 277 1119 1874 1192; baseline 0.008 -23"><span class='ocrx_word' id='word_1_59' title='bbox 277 1119 580 1190; x_wconf 77' lang='grc' dir='ltr'>γενομένου</span> <span class='ocrx_word' id='word_1_60' title='bbox 629 1123 935 1176; x_wconf 73' lang='grc' dir='ltr'>ἐπισκόπου</span> <span class='ocrx_word' id='word_1_61' title='bbox 985 1127 1874 1192; x_wconf 73' lang='grc' dir='ltr'>Κωνσταντινουπόλεως.Σκοπὸς</span> 
     </span>
    </p>
   </div>
   <div class='ocr_carea' id='block_1_12' title="bbox 278 1209 1872 1292">
    <p class='ocr_par' dir='ltr' id='par_1_12' title="bbox 278 1209 1872 1292">
     <span class='ocr_line' id='line_1_12' title="bbox 278 1209 1872 1292; baseline 0.009 -31"><span class='ocrx_word' id='word_1_62' title='bbox 278 1209 354 1279; x_wconf 78' lang='grc' dir='ltr'>τῷ</span> <span class='ocrx_word' id='word_1_63' title='bbox 387 1210 642 1281; x_wconf 74' lang='grc' dir='ltr'>ὑμετέρῳ</span> <span class='ocrx_word' id='word_1_64' title='bbox 671 1216 884 1283; x_wconf 82' lang='grc' dir='ltr'>κράτει,</span> <span class='ocrx_word' id='word_1_65' title='bbox 920 1218 1174 1270; x_wconf 81' lang='grc' dir='ltr'>ἁπάντων</span> <span class='ocrx_word' id='word_1_66' title='bbox 1201 1219 1302 1289; x_wconf 83' lang='grc' dir='ltr'>μὲν</span> <span class='ocrx_word' id='word_1_67' title='bbox 1317 1220 1424 1273; x_wconf 86' lang='grc' dir='ltr'><strong>τῶν</strong></span> <span class='ocrx_word' id='word_1_68' title='bbox 1452 1221 1709 1290; x_wconf 81' lang='grc' dir='ltr'><strong>ὑπηκόων</strong></span> <span class='ocrx_word' id='word_1_69' title='bbox 1740 1239 1872 1292; x_wconf 90' lang='grc' dir='ltr'>προ-</span> 
     </span>
    </p>
   </div>
   <div class='ocr_carea' id='block_1_13' title="bbox 275 1304 1874 1381">
    <p class='ocr_par' dir='ltr' id='par_1_13' title="bbox 275 1304 1874 1381">
     <span class='ocr_line' id='line_1_13' title="bbox 275 1304 1874 1381; baseline 0.008 -29"><span class='ocrx_word' id='word_1_70' title='bbox 275 1305 442 1366; x_wconf 81' lang='grc' dir='ltr'>νοεῖν,</span> <span class='ocrx_word' id='word_1_71' title='bbox 487 1304 584 1355; x_wconf 78' lang='grc' dir='ltr'>καὶ</span> <span class='ocrx_word' id='word_1_72' title='bbox 628 1309 787 1375; x_wconf 83' lang='grc' dir='ltr'>χεῖρα</span> <span class='ocrx_word' id='word_1_73' title='bbox 837 1308 1051 1378; x_wconf 77' lang='grc' dir='ltr'>ὀρέγειν</span> <span class='ocrx_word' id='word_1_74' title='bbox 1092 1309 1264 1362; x_wconf 82' lang='grc' dir='ltr'>ἆπασι</span> <span class='ocrx_word' id='word_1_75' title='bbox 1306 1313 1422 1374; x_wconf 79' lang='grc' dir='ltr'>τοῖς</span> <span class='ocrx_word' id='word_1_76' title='bbox 1468 1312 1874 1381; x_wconf 74' lang='grc' dir='ltr'><strong>ἀδικουμένοις,</strong></span> 
     </span>
    </p>
   </div>
   <div class='ocr_carea' id='block_1_14' title="bbox 275 1394 1874 1475">
    <p class='ocr_par' dir='ltr' id='par_1_14' title="bbox 275 1394 1874 1475">
     <span class='ocr_line' id='line_1_14' title="bbox 275 1394 1874 1475; baseline 0.008 -31"><span class='ocrx_word' id='word_1_77' title='bbox 275 1394 520 1462; x_wconf 75' lang='grc' dir='ltr'>μάλιστα</span> <span class='ocrx_word' id='word_1_78' title='bbox 551 1395 606 1448; x_wconf 82' lang='grc' dir='ltr'>δὲ</span> <span class='ocrx_word' id='word_1_79' title='bbox 639 1400 752 1459; x_wconf 84' lang='grc' dir='ltr'>τοῖς</span> <span class='ocrx_word' id='word_1_80' title='bbox 776 1399 832 1462; x_wconf 80' lang='grc' dir='ltr'>ἐς</span> <span class='ocrx_word' id='word_1_81' title='bbox 869 1401 1170 1470; x_wconf 69' lang='grc' dir='ltr'>ἱερωσύνην</span> <span class='ocrx_word' id='word_1_82' title='bbox 1203 1401 1438 1454; x_wconf 76' lang='grc' dir='ltr'>τελοῦσι.</span> <span class='ocrx_word' id='word_1_83' title='bbox 1478 1405 1586 1456; x_wconf 69' lang='grc' dir='ltr'><strong>Καὶ</strong></span> <span class='ocrx_word' id='word_1_84' title='bbox 1619 1406 1674 1456; x_wconf 82' lang='grc' dir='ltr'>ἐν</span> <span class='ocrx_word' id='word_1_85' title='bbox 1701 1405 1874 1475; x_wconf 80' lang='grc' dir='ltr'>τούτῳ</span> 
     </span>
    </p>
   </div>
   <div class='ocr_carea' id='block_1_15' title="bbox 271 1485 1864 1566">
    <p class='ocr_par' dir='ltr' id='par_1_15' title="bbox 271 1485 1864 1566">
     <span class='ocr_line' id='line_1_15' title="bbox 271 1485 1864 1566; baseline 0.008 -30"><span class='ocrx_word' id='word_1_86' title='bbox 271 1486 334 1536; x_wconf 79' lang='grc' dir='ltr'><strong>τὸ</strong></span> <span class='ocrx_word' id='word_1_87' title='bbox 371 1485 526 1539; x_wconf 87' lang='grc' dir='ltr'><strong>Θείον</strong></span> <span class='ocrx_word' id='word_1_88' title='bbox 563 1487 959 1558; x_wconf 78' lang='grc' dir='ltr'>θεραπεύοντες</span> <span class='ocrx_word' id='word_1_89' title='bbox 993 1534 1005 1551; x_wconf 91' lang='lat'><strong>,</strong></span> <span class='ocrx_word' id='word_1_90' title='bbox 1039 1497 1170 1563; x_wconf 83' lang='grc' dir='ltr'>παρ’</span> <span class='ocrx_word' id='word_1_91' title='bbox 1215 1489 1275 1546; x_wconf 76' lang='grc' dir='ltr'><strong>οὐ</strong></span> <span class='ocrx_word' id='word_1_92' title='bbox 1306 1495 1364 1547; x_wconf 79' lang='grc' dir='ltr'>τὸ</span> <span class='ocrx_word' id='word_1_93' title='bbox 1399 1495 1707 1564; x_wconf 71' lang='grc' dir='ltr'><strong>βασιλεύειν</strong></span> <span class='ocrx_word' id='word_1_94' title='bbox 1738 1499 1864 1566; x_wconf 82' lang='grc' dir='ltr'>ὑμῖν</span> 
     </span>
    </p>
   </div>
   <div class='ocr_carea' id='block_1_16' title="bbox 271 1577 1874 1654">
    <p class='ocr_par' dir='ltr' id='par_1_16' title="bbox 271 1577 1874 1654">
     <span class='ocr_line' id='line_1_16' title="bbox 271 1577 1874 1654; baseline 0.009 -29"><span class='ocrx_word' id='word_1_95' title='bbox 271 1577 370 1626; x_wconf 74' lang='grc' dir='ltr'>καὶ</span> <span class='ocrx_word' id='word_1_96' title='bbox 417 1581 642 1645; x_wconf 78' lang='grc' dir='ltr'>κρατεῖν</span> <span class='ocrx_word' id='word_1_97' title='bbox 693 1579 802 1632; x_wconf 83' lang='grc' dir='ltr'><strong>τῶν</strong></span> <span class='ocrx_word' id='word_1_98' title='bbox 847 1582 936 1648; x_wconf 78' lang='grc' dir='ltr'>ὐφ’</span> <span class='ocrx_word' id='word_1_99' title='bbox 968 1583 1121 1651; x_wconf 77' lang='grc' dir='ltr'>ἥλιον</span> <span class='ocrx_word' id='word_1_100' title='bbox 1175 1584 1497 1654; x_wconf 79' lang='grc' dir='ltr'>δεδώρηται.</span> <span class='ocrx_word' id='word_1_101' title='bbox 1567 1587 1720 1638; x_wconf 79' lang='grc' dir='ltr'>Ἐπεὶ</span> <span class='ocrx_word' id='word_1_102' title='bbox 1781 1587 1874 1639; x_wconf 83' lang='grc' dir='ltr'><strong>οὖν</strong></span> 
     </span>
    </p>
   </div>
   <div class='ocr_carea' id='block_1_17' title="bbox 272 1665 1875 1746">
    <p class='ocr_par' dir='ltr' id='par_1_17' title="bbox 272 1665 1875 1746">
     <span class='ocr_line' id='line_1_17' title="bbox 272 1665 1875 1746; baseline 0.007 -31"><span class='ocrx_word' id='word_1_103' title='bbox 272 1665 450 1717; x_wconf 80' lang='grc' dir='ltr'>πολλὰ</span> <span class='ocrx_word' id='word_1_104' title='bbox 486 1668 580 1746; x_wconf 11' lang='grc' dir='ltr'>καὶ,</span> <span class='ocrx_word' id='word_1_105' title='bbox 604 1668 754 1720; x_wconf 78' lang='grc' dir='ltr'>δεινὰ</span> <span class='ocrx_word' id='word_1_106' title='bbox 786 1670 940 1740; x_wconf 82' lang='grc' dir='ltr'>παρὰ</span> <span class='ocrx_word' id='word_1_107' title='bbox 981 1673 1161 1724; x_wconf 73' lang='grc' dir='ltr'>πᾶσαν</span> <span class='ocrx_word' id='word_1_108' title='bbox 1193 1673 1518 1725; x_wconf 74' lang='grc' dir='ltr'>ἀκολουθίαν</span> <span class='ocrx_word' id='word_1_109' title='bbox 1559 1677 1590 1744; x_wconf 86' lang='grc' dir='ltr'><strong>ἡ</strong></span> <span class='ocrx_word' id='word_1_110' title='bbox 1639 1678 1694 1736; x_wconf 76' lang='grc' dir='ltr'>ἐς</span> <span class='ocrx_word' id='word_1_111' title='bbox 1739 1677 1875 1745; x_wconf 81' lang='grc' dir='ltr'>Χρι-</span> 
     </span>
    </p>
   </div>
   <div class='ocr_carea' id='block_1_18' title="bbox 274 1757 1872 1837">
    <p class='ocr_par' dir='ltr' id='par_1_18' title="bbox 274 1757 1872 1837">
     <span class='ocr_line' id='line_1_18' title="bbox 274 1757 1872 1837; baseline 0.009 -30"><span class='ocrx_word' id='word_1_112' title='bbox 274 1757 404 1808; x_wconf 84' lang='grc' dir='ltr'>στὸν</span> <span class='ocrx_word' id='word_1_113' title='bbox 437 1758 624 1822; x_wconf 78' lang='grc' dir='ltr'>πίστις</span> <span class='ocrx_word' id='word_1_114' title='bbox 660 1763 752 1812; x_wconf 73' lang='grc' dir='ltr'><strong>καὶ</strong></span> <span class='ocrx_word' id='word_1_115' title='bbox 783 1765 948 1832; x_wconf 77' lang='grc' dir='ltr'>ἡμεῖς</span> <span class='ocrx_word' id='word_1_116' title='bbox 984 1763 1336 1832; x_wconf 61' lang='grc' dir='ltr'>πεπόνθαμεν</span> <span class='ocrx_word' id='word_1_117' title='bbox 1392 1766 1545 1836; x_wconf 77' lang='grc' dir='ltr'>παρὰ</span> <span class='ocrx_word' id='word_1_118' title='bbox 1575 1768 1872 1837; x_wconf 82' lang='grc' dir='ltr'>Διοσκόρου</span> 
     </span>
    </p>
   </div>
   <div class='ocr_carea' id='block_1_19' title="bbox 267 1849 1871 1929">
    <p class='ocr_par' dir='ltr' id='par_1_19' title="bbox 267 1849 1871 1929">
     <span class='ocr_line' id='line_1_19' title="bbox 267 1849 1871 1929; baseline 0.006 -29"><span class='ocrx_word' id='word_1_119' title='bbox 267 1849 366 1901; x_wconf 74' lang='grc' dir='ltr'>τοῦ</span> <span class='ocrx_word' id='word_1_120' title='bbox 408 1851 813 1916; x_wconf 49' lang='grc' dir='ltr'>εὐλαϐεστάτου,</span> <span class='ocrx_word' id='word_1_121' title='bbox 856 1855 1159 1908; x_wconf 70' lang='grc' dir='ltr'>ἐπισκόπου</span> <span class='ocrx_word' id='word_1_122' title='bbox 1206 1859 1304 1925; x_wconf 74' lang='grc' dir='ltr'>τῆς</span> <span class='ocrx_word' id='word_1_123' title='bbox 1343 1858 1736 1929; x_wconf 74' lang='grc' dir='ltr'>Ἀλεξανδρέων</span> <span class='ocrx_word' id='word_1_124' title='bbox 1777 1875 1871 1926; x_wconf 84' lang='grc' dir='ltr'>με·</span> 
     </span>
    </p>
   </div>
   <div class='ocr_carea' id='block_1_20' title="bbox 1977 677 3573 749">
    <p class='ocr_par' dir='ltr' id='par_1_20' title="bbox 1977 677 3573 749">
     <span class='ocr_line' id='line_1_20' title="bbox 1977 677 3573 749; baseline 0 -19"><span class='ocrx_word' id='word_1_125' title='bbox 1977 677 2198 732; x_wconf 89' lang='lat' dir='ltr'><strong>libellus</strong></span> <span class='ocrx_word' id='word_1_126' title='bbox 2234 694 2460 749; x_wconf 88' lang='lat' dir='ltr'><strong>precum</strong></span> <span class='ocrx_word' id='word_1_127' title='bbox 2491 679 2585 749; x_wconf 89' lang='lat' dir='ltr'><strong>qui</strong></span> <span class='ocrx_word' id='word_1_128' title='bbox 2613 679 2694 735; x_wconf 89' lang='lat' dir='ltr'><strong>sic</strong></span> <span class='ocrx_word' id='word_1_129' title='bbox 2723 679 2891 734; x_wconf 88' lang='lat' dir='ltr'><strong>habet</strong></span> <span class='ocrx_word' id='word_1_130' title='bbox 2920 696 2932 733; x_wconf 93' lang='lat'><strong>:</strong></span> <span class='ocrx_word' id='word_1_131' title='bbox 2957 678 3206 732; x_wconf 87' lang='lat' dir='ltr'><strong>Libellus</strong></span> <span class='ocrx_word' id='word_1_132' title='bbox 3241 677 3460 732; x_wconf 86' lang='lat' dir='ltr'><strong>oblatus</strong></span> <span class='ocrx_word' id='word_1_133' title='bbox 3503 678 3573 731; x_wconf 88' lang='lat' dir='ltr'><strong>ab</strong></span> 
     </span>
    </p>
   </div>
   <div class='ocr_carea' id='block_1_21' title="bbox 1977 768 3575 842">
    <p class='ocr_par' dir='ltr' id='par_1_21' title="bbox 1977 768 3575 842">
     <span class='ocr_line' id='line_1_21' title="bbox 1977 768 3575 842; baseline -0.001 -19"><span class='ocrx_word' id='word_1_134' title='bbox 1977 769 2220 824; x_wconf 85' lang='lat' dir='ltr'><strong>Eusebio</strong></span> <span class='ocrx_word' id='word_1_135' title='bbox 2265 771 2594 825; x_wconf 90' lang='lat' dir='ltr'><strong>humillimo-</strong></span> <span class='ocrx_word' id='word_1_136' title='bbox 2628 771 2887 841; x_wconf 90' lang='lat' dir='ltr'><strong>episcopo</strong></span> <span class='ocrx_word' id='word_1_137' title='bbox 2935 771 3201 842; x_wconf 68' lang='lat' dir='ltr'><strong>Dorylazi,</strong></span> <span class='ocrx_word' id='word_1_138' title='bbox 3265 771 3432 825; x_wconf 83' lang='lat' dir='ltr'><strong>verba</strong></span> <span class='ocrx_word' id='word_1_139' title='bbox 3496 768 3575 822; x_wconf 83' lang='lat' dir='ltr'><strong>fa-</strong></span> 
     </span>
    </p>
   </div>
   <div class='ocr_carea' id='block_1_22' title="bbox 1977 859 3574 930">
    <p class='ocr_par' dir='ltr' id='par_1_22' title="bbox 1977 859 3574 930">
     <span class='ocr_line' id='line_1_22' title="bbox 1977 859 3574 930; baseline 0 -18"><span class='ocrx_word' id='word_1_140' title='bbox 1977 859 2157 913; x_wconf 87' lang='lat' dir='ltr'><strong>ciente</strong></span> <span class='ocrx_word' id='word_1_141' title='bbox 2185 874 2284 929; x_wconf 88' lang='lat' dir='ltr'><strong>pro</strong></span> <span class='ocrx_word' id='word_1_142' title='bbox 2324 861 2528 929; x_wconf 86' lang='lat' dir='ltr'><strong>seipse,</strong></span> <span class='ocrx_word' id='word_1_143' title='bbox 2577 868 2632 914; x_wconf 91' lang='lat' dir='ltr'><strong>et</strong></span> <span class='ocrx_word' id='word_1_144' title='bbox 2676 875 2777 930; x_wconf 90' lang='lat' dir='ltr'><strong>pro</strong></span> <span class='ocrx_word' id='word_1_145' title='bbox 2827 859 3136 913; x_wconf 76' lang='lat' dir='ltr'><strong>orthodoxa</strong></span> <span class='ocrx_word' id='word_1_146' title='bbox 3191 859 3318 924; x_wconf 83' lang='lat' dir='ltr'><strong>ﬁde,</strong></span> <span class='ocrx_word' id='word_1_147' title='bbox 3366 869 3422 915; x_wconf 90' lang='lat' dir='ltr'><strong>et</strong></span> <span class='ocrx_word' id='word_1_148' title='bbox 3469 873 3574 928; x_wconf 92' lang='lat' dir='ltr'><strong>pro</strong></span> 
     </span>
    </p>
   </div>
   <div class='ocr_carea' id='block_1_23' title="bbox 1976 950 3573 1022">
    <p class='ocr_par' dir='ltr' id='par_1_23' title="bbox 1976 950 3573 1022">
     <span class='ocr_line' id='line_1_23' title="bbox 1976 950 3573 1022; baseline -0.001 -18"><span class='ocrx_word' id='word_1_149' title='bbox 1976 960 2181 1005; x_wconf 70' lang='lat' dir='ltr'><strong>sancta:</strong></span> <span class='ocrx_word' id='word_1_150' title='bbox 2224 952 2508 1006; x_wconf 72' lang='lat' dir='ltr'><strong>memoriae</strong></span> <span class='ocrx_word' id='word_1_151' title='bbox 2541 951 2801 1006; x_wconf 85' lang='lat' dir='ltr'><strong>Flaviano</strong></span> <span class='ocrx_word' id='word_1_152' title='bbox 2831 952 2926 1022; x_wconf 88' lang='lat' dir='ltr'><strong>qui</strong></span> <span class='ocrx_word' id='word_1_153' title='bbox 2958 951 3063 1005; x_wconf 84' lang='lat' dir='ltr'><strong>fuit</strong></span> <span class='ocrx_word' id='word_1_154' title='bbox 3088 952 3392 1022; x_wconf 80' lang='lat' dir='ltr'><strong>episcopus</strong></span> <span class='ocrx_word' id='word_1_155' title='bbox 3425 950 3573 1005; x_wconf 87' lang='lat' dir='ltr'><strong>Con-</strong></span> 
     </span>
    </p>
   </div>
   <div class='ocr_carea' id='block_1_24' title="bbox 1977 1041 3571 1112">
    <p class='ocr_par' dir='ltr' id='par_1_24' title="bbox 1977 1041 3571 1112">
     <span class='ocr_line' id='line_1_24' title="bbox 1977 1041 3571 1112; baseline 0.001 -18"><span class='ocrx_word' id='word_1_156' title='bbox 1977 1041 2434 1112; x_wconf 88' lang='lat' dir='ltr'><strong>stantinopoleos.</strong></span> <span class='ocrx_word' id='word_1_157' title='bbox 2481 1043 2832 1112; x_wconf 88' lang='lat' dir='ltr'><strong>Propositum</strong></span> <span class='ocrx_word' id='word_1_158' title='bbox 2889 1050 2972 1097; x_wconf 91' lang='lat' dir='ltr'><strong>est</strong></span> <span class='ocrx_word' id='word_1_159' title='bbox 3023 1043 3300 1112; x_wconf 89' lang='lat' dir='ltr'><strong>majestati</strong></span> <span class='ocrx_word' id='word_1_160' title='bbox 3351 1049 3571 1104; x_wconf 74' lang='lat' dir='ltr'><strong>vestrm,</strong></span> 
     </span>
    </p>
   </div>
   <div class='ocr_carea' id='block_1_25' title="bbox 1975 1131 3569 1203">
    <p class='ocr_par' dir='ltr' id='par_1_25' title="bbox 1975 1131 3569 1203">
     <span class='ocr_line' id='line_1_25' title="bbox 1975 1131 3569 1203; baseline -0.001 -18"><span class='ocrx_word' id='word_1_161' title='bbox 1975 1132 2235 1186; x_wconf 88' lang='lat' dir='ltr'><strong>omnibus</strong></span> <span class='ocrx_word' id='word_1_162' title='bbox 2300 1132 2523 1203; x_wconf 91' lang='lat' dir='ltr'><strong>quidem</strong></span> <span class='ocrx_word' id='word_1_163' title='bbox 2587 1133 2826 1188; x_wconf 89' lang='lat' dir='ltr'><strong>subditis</strong></span> <span class='ocrx_word' id='word_1_164' title='bbox 2872 1132 3190 1202; x_wconf 88' lang='lat' dir='ltr'><strong>providere,</strong></span> <span class='ocrx_word' id='word_1_165' title='bbox 3241 1142 3298 1186; x_wconf 89' lang='lat' dir='ltr'><strong>et</strong></span> <span class='ocrx_word' id='word_1_166' title='bbox 3348 1131 3569 1186; x_wconf 88' lang='lat' dir='ltr'><strong>cunctis</strong></span> 
     </span>
    </p>
   </div>
   <div class='ocr_carea' id='block_1_26' title="bbox 1976 1222 3572 1294">
    <p class='ocr_par' dir='ltr' id='par_1_26' title="bbox 1976 1222 3572 1294">
     <span class='ocr_line' id='line_1_26' title="bbox 1976 1222 3572 1294; baseline -0.001 -19"><span class='ocrx_word' id='word_1_167' title='bbox 1976 1222 2072 1291; x_wconf 89' lang='lat' dir='ltr'><strong>qui</strong></span> <span class='ocrx_word' id='word_1_168' title='bbox 2111 1222 2314 1293; x_wconf 85' lang='lat' dir='ltr'><strong>injuria</strong></span> <span class='ocrx_word' id='word_1_169' title='bbox 2345 1223 2535 1278; x_wconf 73' lang='lat' dir='ltr'><strong>aﬂ‘ecti-</strong></span> <span class='ocrx_word' id='word_1_170' title='bbox 2574 1233 2723 1287; x_wconf 87' lang='lat' dir='ltr'><strong>sunt,</strong></span> <span class='ocrx_word' id='word_1_171' title='bbox 2768 1239 2991 1278; x_wconf 87' lang='lat' dir='ltr'><strong>manum</strong></span> <span class='ocrx_word' id='word_1_172' title='bbox 3027 1225 3344 1294; x_wconf 82' lang='lat' dir='ltr'><strong>porrigere:</strong></span> <span class='ocrx_word' id='word_1_173' title='bbox 3378 1223 3572 1293; x_wconf 68' lang='lat' dir='ltr'><strong>prteci-</strong></span> 
     </span>
    </p>
   </div>
   <div class='ocr_carea' id='block_1_27' title="bbox 1980 1315 3570 1386">
    <p class='ocr_par' dir='ltr' id='par_1_27' title="bbox 1980 1315 3570 1386">
     <span class='ocr_line' id='line_1_27' title="bbox 1980 1315 3570 1386; baseline -0.001 -19"><span class='ocrx_word' id='word_1_174' title='bbox 1980 1329 2084 1383; x_wconf 90' lang='lat' dir='ltr'><strong>pue</strong></span> <span class='ocrx_word' id='word_1_175' title='bbox 2107 1330 2238 1369; x_wconf 87' lang='lat' dir='ltr'><strong>vero</strong></span> <span class='ocrx_word' id='word_1_176' title='bbox 2262 1316 2328 1369; x_wconf 93' lang='lat' dir='ltr'><strong>iis</strong></span> <span class='ocrx_word' id='word_1_177' title='bbox 2355 1315 2451 1384; x_wconf 91' lang='lat' dir='ltr'><strong>qui</strong></span> <span class='ocrx_word' id='word_1_178' title='bbox 2487 1316 2802 1370; x_wconf 88' lang='lat' dir='ltr'><strong>sacerdotio</strong></span> <span class='ocrx_word' id='word_1_179' title='bbox 2830 1315 3156 1386; x_wconf 81' lang='lat' dir='ltr'><strong>funguntur.</strong></span> <span class='ocrx_word' id='word_1_180' title='bbox 3191 1318 3252 1369; x_wconf 83' lang='lat' dir='ltr'><strong>in</strong></span> <span class='ocrx_word' id='word_1_181' title='bbox 3283 1315 3390 1368; x_wconf 91' lang='lat' dir='ltr'><strong>hoc</strong></span> <span class='ocrx_word' id='word_1_182' title='bbox 3421 1315 3570 1367; x_wconf 90' lang='lat' dir='ltr'><strong>enim</strong></span> 
     </span>
    </p>
   </div>
   <div class='ocr_carea' id='block_1_28' title="bbox 1979 1403 3572 1475">
    <p class='ocr_par' dir='ltr' id='par_1_28' title="bbox 1979 1403 3572 1475">
     <span class='ocr_line' id='line_1_28' title="bbox 1979 1403 3572 1475; baseline -0.004 -16"><span class='ocrx_word' id='word_1_183' title='bbox 1979 1406 2151 1460; x_wconf 91' lang='lat' dir='ltr'><strong>Deum</strong></span> <span class='ocrx_word' id='word_1_184' title='bbox 2192 1406 2394 1470; x_wconf 87' lang='lat' dir='ltr'><strong>colitis,</strong></span> <span class='ocrx_word' id='word_1_185' title='bbox 2435 1421 2464 1459; x_wconf 88' lang='lat' dir='ltr'><strong>a</strong></span> <span class='ocrx_word' id='word_1_186' title='bbox 2495 1420 2606 1475; x_wconf 91' lang='lat' dir='ltr'><strong>quo</strong></span> <span class='ocrx_word' id='word_1_187' title='bbox 2649 1406 2942 1474; x_wconf 90' lang='lat' dir='ltr'><strong>imperium</strong></span> <span class='ocrx_word' id='word_1_188' title='bbox 2984 1420 3048 1459; x_wconf 88' lang='lat' dir='ltr'><strong>ac</strong></span> <span class='ocrx_word' id='word_1_189' title='bbox 3081 1404 3392 1459; x_wconf 90' lang='lat' dir='ltr'><strong>dominium</strong></span> <span class='ocrx_word' id='word_1_190' title='bbox 3418 1403 3572 1456; x_wconf 55' lang='lat' dir='ltr'><strong>orbi:</strong></span> 
     </span>
    </p>
   </div>
   <div class='ocr_carea' id='block_1_29' title="bbox 1981 1496 3572 1566">
    <p class='ocr_par' dir='ltr' id='par_1_29' title="bbox 1981 1496 3572 1566">
     <span class='ocr_line' id='line_1_29' title="bbox 1981 1496 3572 1566; baseline -0.003 -15"><span class='ocrx_word' id='word_1_191' title='bbox 1981 1507 2255 1551; x_wconf 89' lang='lat' dir='ltr'><strong>terrarum</strong></span> <span class='ocrx_word' id='word_1_192' title='bbox 2289 1496 2448 1550; x_wconf 83' lang='lat' dir='ltr'><strong>vobis</strong></span> <span class='ocrx_word' id='word_1_193' title='bbox 2483 1511 2809 1550; x_wconf 88' lang='lat' dir='ltr'><strong>concessum</strong></span> <span class='ocrx_word' id='word_1_194' title='bbox 2842 1505 2944 1551; x_wconf 92' lang='lat' dir='ltr'><strong>est.</strong></span> <span class='ocrx_word' id='word_1_195' title='bbox 2985 1496 3156 1566; x_wconf 85' lang='lat' dir='ltr'><strong>Igitur</strong></span> <span class='ocrx_word' id='word_1_196' title='bbox 3193 1496 3457 1565; x_wconf 88' lang='lat' dir='ltr'><strong>quoniam</strong></span> <span class='ocrx_word' id='word_1_197' title='bbox 3511 1496 3572 1546; x_wconf 83' lang='lat' dir='ltr'><strong>li—</strong></span> 
     </span>
    </p>
   </div>
   <div class='ocr_carea' id='block_1_30' title="bbox 1977 1585 3571 1659">
    <p class='ocr_par' dir='ltr' id='par_1_30' title="bbox 1977 1585 3571 1659">
     <span class='ocr_line' id='line_1_30' title="bbox 1977 1585 3571 1659; baseline -0.001 -18"><span class='ocrx_word' id='word_1_198' title='bbox 1977 1587 2076 1641; x_wconf 89' lang='lat' dir='ltr'><strong>des</strong></span> <span class='ocrx_word' id='word_1_199' title='bbox 2109 1586 2338 1648; x_wconf 88' lang='lat' dir='ltr'><strong>Christi,</strong></span> <span class='ocrx_word' id='word_1_200' title='bbox 2375 1597 2431 1640; x_wconf 90' lang='lat' dir='ltr'><strong>et</strong></span> <span class='ocrx_word' id='word_1_201' title='bbox 2465 1587 2790 1656; x_wconf 86' lang='lat' dir='ltr'><strong>nosmetipsi</strong></span> <span class='ocrx_word' id='word_1_202' title='bbox 2825 1587 2994 1640; x_wconf 87' lang='lat' dir='ltr'><strong>multa</strong></span> <span class='ocrx_word' id='word_1_203' title='bbox 3033 1586 3219 1659; x_wconf 80' lang='lat' dir='ltr'><strong>gravia</strong></span> <span class='ocrx_word' id='word_1_204' title='bbox 3251 1594 3444 1640; x_wconf 89' lang='lat' dir='ltr'><strong>contra</strong></span> <span class='ocrx_word' id='word_1_205' title='bbox 3478 1585 3571 1655; x_wconf 90' lang='lat' dir='ltr'><strong>jns</strong></span> 
     </span>
    </p>
   </div>
   <div class='ocr_carea' id='block_1_31' title="bbox 1978 1674 3570 1748">
    <p class='ocr_par' dir='ltr' id='par_1_31' title="bbox 1978 1674 3570 1748">
     <span class='ocr_line' id='line_1_31' title="bbox 1978 1674 3570 1748; baseline -0.004 -17"><span class='ocrx_word' id='word_1_206' title='bbox 1978 1678 2168 1747; x_wconf 81' lang='lat' dir='ltr'><strong>fasque</strong></span> <span class='ocrx_word' id='word_1_207' title='bbox 2218 1677 2465 1748; x_wconf 85' lang='lat' dir='ltr'><strong>perpessi</strong></span> <span class='ocrx_word' id='word_1_208' title='bbox 2516 1693 2710 1732; x_wconf 85' lang='lat' dir='ltr'><strong>sumus</strong></span> <span class='ocrx_word' id='word_1_209' title='bbox 2741 1693 2769 1731; x_wconf 92' lang='lat' dir='ltr'><strong>a</strong></span> <span class='ocrx_word' id='word_1_210' title='bbox 2807 1677 3071 1730; x_wconf 87' lang='lat' dir='ltr'><strong>Dioscoro</strong></span> <span class='ocrx_word' id='word_1_211' title='bbox 3104 1674 3570 1729; x_wconf 87' lang='lat' dir='ltr'><strong>reverendissimo</strong></span> 
     </span>
    </p>
   </div>
   <div class='ocr_carea' id='block_1_32' title="bbox 1975 1765 3573 1839">
    <p class='ocr_par' dir='ltr' id='par_1_32' title="bbox 1975 1765 3573 1839">
     <span class='ocr_line' id='line_1_32' title="bbox 1975 1765 3573 1839; baseline -0.003 -16"><span class='ocrx_word' id='word_1_212' title='bbox 1975 1770 2237 1839; x_wconf 90' lang='lat' dir='ltr'><strong>episcopo</strong></span> <span class='ocrx_word' id='word_1_213' title='bbox 2278 1784 2487 1839; x_wconf 65' lang='lat' dir='ltr'><strong>magnae</strong></span> <span class='ocrx_word' id='word_1_214' title='bbox 2521 1769 2760 1823; x_wconf 82' lang='lat' dir='ltr'><strong>civitatis</strong></span> <span class='ocrx_word' id='word_1_215' title='bbox 2809 1767 3178 1830; x_wconf 69' lang='lat' dir='ltr'><strong>Alexandriae,</strong></span> <span class='ocrx_word' id='word_1_216' title='bbox 3215 1766 3432 1821; x_wconf 89' lang='lat' dir='ltr'><strong>adimus</strong></span> <span class='ocrx_word' id='word_1_217' title='bbox 3457 1765 3573 1834; x_wconf 90' lang='lat' dir='ltr'><strong>pie-</strong></span> 
     </span>
    </p>
   </div>
   <div class='ocr_carea' id='block_1_33' title="bbox 1977 1851 3566 1944">
    <p class='ocr_par' dir='ltr' id='par_1_33' title="bbox 1977 1851 3566 1944">
     <span class='ocr_line' id='line_1_33' title="bbox 1977 1851 3566 1944; baseline -0.002 -31"><span class='ocrx_word' id='word_1_218' title='bbox 1977 1869 2142 1913; x_wconf 89' lang='lat' dir='ltr'><strong>tatem</strong></span> <span class='ocrx_word' id='word_1_219' title='bbox 2171 1869 2436 1924; x_wconf 86' lang='lat' dir='ltr'><strong>vestram,</strong></span> <span class='ocrx_word' id='word_1_220' title='bbox 2474 1851 2822 1929; x_wconf 89' lang='lat' dir='ltr'><strong>postulantes</strong></span> <span class='ocrx_word' id='word_1_221' title='bbox 2853 1868 2911 1913; x_wconf 91' lang='lat' dir='ltr'><strong>ut</strong></span> <span class='ocrx_word' id='word_1_222' title='bbox 2940 1860 3030 1944; x_wconf 78' lang='lat' dir='ltr'><strong>jus</strong></span> <span class='ocrx_word' id='word_1_223' title='bbox 3073 1858 3233 1912; x_wconf 88' lang='lat' dir='ltr'><strong>nobis</strong></span> <span class='ocrx_word' id='word_1_224' title='bbox 3279 1856 3566 1911; x_wconf 86' lang='lat' dir='ltr'><strong>reddatur.</strong></span> 
     </span>
    </p>
   </div>
   <div class='ocr_carea' id='block_1_34' title="bbox 273 1941 1868 2021">
    <p class='ocr_par' dir='ltr' id='par_1_34' title="bbox 273 1941 1868 2020">
     <span class='ocr_line' id='line_1_34' title="bbox 273 1941 1868 2020; baseline 0.006 -27"><span class='ocrx_word' id='word_1_225' title='bbox 273 1941 644 2007; x_wconf 76' lang='grc' dir='ltr'>γαλοπόλεως,</span> <span class='ocrx_word' id='word_1_226' title='bbox 697 1945 969 2014; x_wconf 75' lang='grc' dir='ltr'>πρόσιμεν</span> <span class='ocrx_word' id='word_1_227' title='bbox 1029 1950 1094 2017; x_wconf 80' lang='grc' dir='ltr'>τῇ</span> <span class='ocrx_word' id='word_1_228' title='bbox 1150 1949 1395 2020; x_wconf 75' lang='grc' dir='ltr'>ὑμετέρα</span> <span class='ocrx_word' id='word_1_229' title='bbox 1449 1950 1705 2020; x_wconf 73' lang='grc' dir='ltr'>εὐσεϐείᾳ</span> <span class='ocrx_word' id='word_1_230' title='bbox 1758 1949 1868 2002; x_wconf 82' lang='grc' dir='ltr'><strong>τῶν</strong></span> 
     </span>
    </p>
   </div>
   <div class='ocr_carea' id='block_1_35' title="bbox 1974 1941 3567 2021">
    <p class='ocr_par' dir='ltr' id='par_1_35' title="bbox 1974 1941 3567 2021">
     <span class='ocr_line' id='line_1_35' title="bbox 1974 1941 3567 2021; baseline -0.003 -17"><span class='ocrx_word' id='word_1_231' title='bbox 1974 1949 2146 2005; x_wconf 84' lang='lat' dir='ltr'><strong>Causa</strong></span> <span class='ocrx_word' id='word_1_232' title='bbox 2205 1960 2389 2004; x_wconf 90' lang='lat' dir='ltr'><strong>autem</strong></span> <span class='ocrx_word' id='word_1_233' title='bbox 2451 1960 2537 2005; x_wconf 89' lang='lat' dir='ltr'><strong>est</strong></span> <span class='ocrx_word' id='word_1_234' title='bbox 2592 1941 2959 2021; x_wconf 38' lang='lat' dir='ltr'><strong>hujusmodiﬁ</strong></span> <span class='ocrx_word' id='word_1_235' title='bbox 3002 1950 3063 2002; x_wconf 86' lang='lat' dir='ltr'><strong>In</strong></span> <span class='ocrx_word' id='word_1_236' title='bbox 3125 1949 3363 2002; x_wconf 90' lang='lat' dir='ltr'><strong>concilio</strong></span> <span class='ocrx_word' id='word_1_237' title='bbox 3418 1947 3567 2016; x_wconf 89' lang='lat' dir='ltr'><strong>quod</strong></span> 
     </span>
    </p>
   </div>
   <div class='ocr_carea' id='block_1_36' title="bbox 267 2033 1868 2111">
    <p class='ocr_par' dir='ltr' id='par_1_36' title="bbox 267 2033 1868 2111">
     <span class='ocr_line' id='line_1_36' title="bbox 267 2033 1868 2111; baseline 0.006 -29"><span class='ocrx_word' id='word_1_238' title='bbox 267 2033 501 2084; x_wconf 81' lang='grc' dir='ltr'>δικαίων</span> <span class='ocrx_word' id='word_1_239' title='bbox 536 2035 816 2099; x_wconf 76' lang='grc' dir='ltr'>ἀξιοῦντες</span> <span class='ocrx_word' id='word_1_240' title='bbox 864 2042 1071 2107; x_wconf 78' lang='grc' dir='ltr'>τυχεῖν.</span> <span class='ocrx_word' id='word_1_241' title='bbox 1106 2041 1187 2092; x_wconf 77' lang='grc' dir='ltr'><strong>Τὰ</strong></span> <span class='ocrx_word' id='word_1_242' title='bbox 1219 2041 1276 2092; x_wconf 78' lang='grc' dir='ltr'>δὲ</span> <span class='ocrx_word' id='word_1_243' title='bbox 1312 2040 1408 2094; x_wconf 80' lang='grc' dir='ltr'>τοῦ</span> <span class='ocrx_word' id='word_1_244' title='bbox 1444 2041 1773 2111; x_wconf 83' lang='grc' dir='ltr'>πράγματος</span> <span class='ocrx_word' id='word_1_245' title='bbox 1809 2044 1868 2093; x_wconf 88' lang='grc' dir='ltr'>ὲν</span> 
     </span>
    </p>
   </div>
   <div class='ocr_carea' id='block_1_37' title="bbox 272 2127 1868 2206">
    <p class='ocr_par' dir='ltr' id='par_1_37' title="bbox 272 2127 1868 2206">
     <span class='ocr_line' id='line_1_37' title="bbox 272 2127 1868 2206; baseline 0.006 -29"><span class='ocrx_word' id='word_1_246' title='bbox 272 2127 511 2188; x_wconf 78' lang='grc' dir='ltr'>τούτοις.</span> <span class='ocrx_word' id='word_1_247' title='bbox 565 2129 687 2180; x_wconf 78' lang='grc' dir='ltr'><strong>Ἐπὶ</strong></span> <span class='ocrx_word' id='word_1_248' title='bbox 720 2131 816 2198; x_wconf 80' lang='grc' dir='ltr'>τῆς</span> <span class='ocrx_word' id='word_1_249' title='bbox 848 2131 1073 2201; x_wconf 76' lang='grc' dir='ltr'>ἔναγχος</span> <span class='ocrx_word' id='word_1_250' title='bbox 1110 2134 1414 2203; x_wconf 83' lang='grc' dir='ltr'>γενομένης</span> <span class='ocrx_word' id='word_1_251' title='bbox 1463 2135 1683 2186; x_wconf 83' lang='grc' dir='ltr'>συνόδου</span> <span class='ocrx_word' id='word_1_252' title='bbox 1716 2136 1774 2187; x_wconf 79' lang='grc' dir='ltr'>ὲν</span> <span class='ocrx_word' id='word_1_253' title='bbox 1801 2137 1868 2206; x_wconf 79' lang='grc' dir='ltr'>τῇ</span> 
     </span>
    </p>
   </div>
   <div class='ocr_carea' id='block_1_38' title="bbox 281 2217 1866 2294">
    <p class='ocr_par' dir='ltr' id='par_1_38' title="bbox 281 2217 1866 2294">
     <span class='ocr_line' id='line_1_38' title="bbox 281 2217 1866 2294; baseline 0.004 -27"><span class='ocrx_word' id='word_1_254' title='bbox 281 2217 556 2286; x_wconf 77' lang='grc' dir='ltr'>Ἐφεσίων</span> <span class='ocrx_word' id='word_1_255' title='bbox 592 2221 944 2290; x_wconf 71' lang='grc' dir='ltr'>μητροπόλει,</span> <span class='ocrx_word' id='word_1_256' title='bbox 978 2225 1045 2292; x_wconf 81' lang='grc' dir='ltr'>ἣν</span> <span class='ocrx_word' id='word_1_257' title='bbox 1074 2224 1266 2290; x_wconf 79' lang='grc' dir='ltr'>ὄφελόν</span> <span class='ocrx_word' id='word_1_258' title='bbox 1290 2243 1351 2289; x_wconf 85' lang='grc' dir='ltr'><strong>γε</strong></span> <span class='ocrx_word' id='word_1_259' title='bbox 1383 2222 1451 2293; x_wconf 73' lang='grc' dir='ltr'>ἦν</span> <span class='ocrx_word' id='word_1_260' title='bbox 1485 2226 1559 2294; x_wconf 79' lang='grc' dir='ltr'>μὴ</span> <span class='ocrx_word' id='word_1_261' title='bbox 1590 2226 1866 2290; x_wconf 86' lang='grc' dir='ltr'>γενέσθαι,</span> 
     </span>
    </p>
   </div>
   <div class='ocr_carea' id='block_1_39' title="bbox 263 2308 1866 2386">
    <p class='ocr_par' dir='ltr' id='par_1_39' title="bbox 263 2308 1866 2386">
     <span class='ocr_line' id='line_1_39' title="bbox 263 2308 1866 2386; baseline 0.006 -28"><span class='ocrx_word' id='word_1_262' title='bbox 263 2308 356 2360; x_wconf 80' lang='grc' dir='ltr'>ἵνα</span> <span class='ocrx_word' id='word_1_263' title='bbox 395 2308 470 2377; x_wconf 82' lang='grc' dir='ltr'>μὴ</span> <span class='ocrx_word' id='word_1_264' title='bbox 502 2311 688 2362; x_wconf 78' lang='grc' dir='ltr'>κακῶν</span> <span class='ocrx_word' id='word_1_265' title='bbox 722 2314 814 2362; x_wconf 69' lang='grc' dir='ltr'><strong>καὶ</strong></span> <span class='ocrx_word' id='word_1_266' title='bbox 843 2312 1091 2380; x_wconf 79' lang='grc' dir='ltr'>ταραχῆς</span> <span class='ocrx_word' id='word_1_267' title='bbox 1109 2313 1207 2382; x_wconf 80' lang='grc' dir='ltr'><strong>τὴν</strong></span> <span class='ocrx_word' id='word_1_268' title='bbox 1230 2315 1558 2384; x_wconf 82' lang='grc' dir='ltr'>οἰκουμένην</span> <span class='ocrx_word' id='word_1_269' title='bbox 1585 2316 1866 2386; x_wconf 76' lang='grc' dir='ltr'>ἐμπλήσῃ,</span> 
     </span>
    </p>
   </div>
   <div class='ocr_carea' id='block_1_40' title="bbox 262 2391 1868 2475">
    <p class='ocr_par' dir='ltr' id='par_1_40' title="bbox 262 2391 1868 2475">
     <span class='ocr_line' id='line_1_40' title="bbox 262 2391 1868 2475; baseline 0.002 -24"><span class='ocrx_word' id='word_1_270' title='bbox 262 2397 294 2448; x_wconf 81' lang='grc' dir='ltr'>ὀ</span> <span class='ocrx_word' id='word_1_271' title='bbox 343 2400 582 2465; x_wconf 72' lang='grc' dir='ltr'>χρηστὸς</span> <span class='ocrx_word' id='word_1_272' title='bbox 637 2393 950 2468; x_wconf 68' lang='grc' dir='ltr'>Διόσκοροςς</span> <span class='ocrx_word' id='word_1_273' title='bbox 988 2405 1118 2472; x_wconf 83' lang='grc' dir='ltr'>παρ’</span> <span class='ocrx_word' id='word_1_274' title='bbox 1165 2391 1318 2465; x_wconf 70' lang='grc' dir='ltr'>οὐδὲν</span> <span class='ocrx_word' id='word_1_275' title='bbox 1367 2405 1595 2475; x_wconf 88' lang='grc' dir='ltr'>θέμενος</span> <span class='ocrx_word' id='word_1_276' title='bbox 1643 2407 1734 2459; x_wconf 75' lang='grc' dir='ltr'><strong>τὸν</strong></span> <span class='ocrx_word' id='word_1_277' title='bbox 1772 2409 1868 2460; x_wconf 77' lang='grc' dir='ltr'>τοῦ</span> 
     </span>
    </p>
   </div>
   <div class='ocr_carea' id='block_1_41' title="bbox 259 2487 1870 2568">
    <p class='ocr_par' dir='ltr' id='par_1_41' title="bbox 259 2487 1870 2568">
     <span class='ocr_line' id='line_1_41' title="bbox 259 2487 1870 2568; baseline 0.01 -31"><span class='ocrx_word' id='word_1_278' title='bbox 259 2487 480 2539; x_wconf 77' lang='grc' dir='ltr'>δικαίου</span> <span class='ocrx_word' id='word_1_279' title='bbox 528 2490 684 2557; x_wconf 83' lang='grc' dir='ltr'>λόγον</span> <span class='ocrx_word' id='word_1_280' title='bbox 724 2493 817 2544; x_wconf 63' lang='grc' dir='ltr'><strong>καὶ</strong></span> <span class='ocrx_word' id='word_1_281' title='bbox 847 2494 936 2544; x_wconf 71' lang='grc' dir='ltr'><strong>τὸν</strong></span> <span class='ocrx_word' id='word_1_282' title='bbox 968 2493 1061 2562; x_wconf 71' lang='grc' dir='ltr'>τοῦ</span> <span class='ocrx_word' id='word_1_283' title='bbox 1115 2494 1251 2548; x_wconf 78' lang='grc' dir='ltr'><strong>Θεοῦ</strong></span> <span class='ocrx_word' id='word_1_284' title='bbox 1293 2498 1481 2565; x_wconf 78' lang='grc' dir='ltr'>φόϐον,</span> <span class='ocrx_word' id='word_1_285' title='bbox 1511 2499 1768 2568; x_wconf 77' lang='grc' dir='ltr'>ὁμόδοξος</span> <span class='ocrx_word' id='word_1_286' title='bbox 1795 2499 1870 2554; x_wconf 80' lang='grc' dir='ltr'>ὢν</span> 
     </span>
    </p>
   </div>
   <div class='ocr_carea' id='block_1_42' title="bbox 263 2575 1869 2659">
    <p class='ocr_par' dir='ltr' id='par_1_42' title="bbox 263 2575 1869 2659">
     <span class='ocr_line' id='line_1_42' title="bbox 263 2575 1869 2659; baseline 0.012 -35"><span class='ocrx_word' id='word_1_287' title='bbox 263 2575 361 2625; x_wconf 74' lang='grc' dir='ltr'><strong>καὶ</strong></span> <span class='ocrx_word' id='word_1_288' title='bbox 391 2575 656 2646; x_wconf 79' lang='grc' dir='ltr'>’ὁμόφρων</span> <span class='ocrx_word' id='word_1_289' title='bbox 690 2580 961 2649; x_wconf 61' lang='grc' dir='ltr'>Εὐτυχυῦς</span> <span class='ocrx_word' id='word_1_290' title='bbox 993 2582 1086 2635; x_wconf 81' lang='grc' dir='ltr'>τοῦ</span> <span class='ocrx_word' id='word_1_291' title='bbox 1125 2586 1524 2655; x_wconf 79' lang='grc' dir='ltr'>ματαιόφρονος</span> <span class='ocrx_word' id='word_1_292' title='bbox 1579 2590 1674 2640; x_wconf 79' lang='grc' dir='ltr'>καὶ</span> <span class='ocrx_word' id='word_1_293' title='bbox 1716 2592 1869 2659; x_wconf 86' lang='grc' dir='ltr'>αίρε-</span> 
     </span>
    </p>
   </div>
   <div class='ocr_carea' id='block_1_43' title="bbox 257 2668 1869 2751">
    <p class='ocr_par' dir='ltr' id='par_1_43' title="bbox 257 2668 1869 2751">
     <span class='ocr_line' id='line_1_43' title="bbox 257 2668 1869 2751; baseline 0.011 -35"><span class='ocrx_word' id='word_1_294' title='bbox 257 2668 445 2728; x_wconf 74' lang='grc' dir='ltr'>τικοῦ,</span> <span class='ocrx_word' id='word_1_295' title='bbox 477 2669 756 2723; x_wconf 78' lang='grc' dir='ltr'>λανθάνων</span> <span class='ocrx_word' id='word_1_296' title='bbox 778 2673 834 2725; x_wconf 82' lang='grc' dir='ltr'>δὲ</span> <span class='ocrx_word' id='word_1_297' title='bbox 864 2675 990 2736; x_wconf 82' lang='grc' dir='ltr'><strong>τούς</strong></span> <span class='ocrx_word' id='word_1_298' title='bbox 1025 2675 1275 2739; x_wconf 74' lang='grc' dir='ltr'>πολλοὺς,</span> <span class='ocrx_word' id='word_1_299' title='bbox 1304 2677 1379 2742; x_wconf 84' lang='grc' dir='ltr'>ὡς</span> <span class='ocrx_word' id='word_1_300' title='bbox 1404 2681 1459 2741; x_wconf 76' lang='grc' dir='ltr'>ἐς</span> <span class='ocrx_word' id='word_1_301' title='bbox 1493 2679 1718 2751; x_wconf 74' lang='grc' dir='ltr'>ὕστερον</span> <span class='ocrx_word' id='word_1_302' title='bbox 1741 2684 1869 2734; x_wconf 82' lang='grc' dir='ltr'>ἐαυ-</span> 
     </span>
    </p>
   </div>
   <div class='ocr_carea' id='block_1_44' title="bbox 263 2759 1868 2844">
    <p class='ocr_par' dir='ltr' id='par_1_44' title="bbox 263 2759 1868 2844">
     <span class='ocr_line' id='line_1_44' title="bbox 263 2759 1868 2844; baseline 0.011 -36"><span class='ocrx_word' id='word_1_303' title='bbox 263 2759 360 2809; x_wconf 72' lang='grc' dir='ltr'><strong>τόν</strong></span> <span class='ocrx_word' id='word_1_304' title='bbox 393 2760 768 2830; x_wconf 76' lang='grc' dir='ltr'>ἐφανέρωσεν,</span> <span class='ocrx_word' id='word_1_305' title='bbox 808 2765 984 2833; x_wconf 71' lang='grc' dir='ltr'>εὑρὼν</span> <span class='ocrx_word' id='word_1_306' title='bbox 1020 2769 1233 2836; x_wconf 67' lang='grc' dir='ltr'>καιρόν,</span> <span class='ocrx_word' id='word_1_307' title='bbox 1280 2770 1379 2837; x_wconf 78' lang='grc' dir='ltr'>τὴν</span> <span class='ocrx_word' id='word_1_308' title='bbox 1403 2771 1449 2800; x_wconf 81' lang='grc' dir='ltr'><strong><em>⁵ο</em></strong></span> <span class='ocrx_word' id='word_1_309' title='bbox 1479 2773 1868 2844; x_wconf 82' lang='grc' dir='ltr'>γεγενημένην</span> 
     </span>
    </p>
   </div>
   <div class='ocr_carea' id='block_1_45' title="bbox 263 2849 1867 2934">
    <p class='ocr_par' dir='ltr' id='par_1_45' title="bbox 263 2849 1867 2934">
     <span class='ocr_line' id='line_1_45' title="bbox 263 2849 1867 2934; baseline 0.011 -35"><span class='ocrx_word' id='word_1_310' title='bbox 263 2849 404 2920; x_wconf 78' lang='grc' dir='ltr'>παρ’</span> <span class='ocrx_word' id='word_1_311' title='bbox 440 2851 575 2919; x_wconf 75' lang='grc' dir='ltr'>ἐμοῦ</span> <span class='ocrx_word' id='word_1_312' title='bbox 610 2855 749 2906; x_wconf 82' lang='grc' dir='ltr'>κατά</span> <span class='ocrx_word' id='word_1_313' title='bbox 787 2856 1063 2925; x_wconf 64' lang='grc' dir='ltr'>Εὐτοχοῦς</span> <span class='ocrx_word' id='word_1_314' title='bbox 1111 2859 1372 2926; x_wconf 76' lang='grc' dir='ltr'>ὁμοδόξου</span> <span class='ocrx_word' id='word_1_315' title='bbox 1408 2861 1578 2915; x_wconf 74' lang='grc' dir='ltr'>αὐτοῦ</span> <span class='ocrx_word' id='word_1_316' title='bbox 1622 2881 1867 2934; x_wconf 87' lang='grc' dir='ltr'>κατηγο-</span> 
     </span>
    </p>
   </div>
   <div class='ocr_carea' id='block_1_46' title="bbox 266 2943 1867 3025">
    <p class='ocr_par' dir='ltr' id='par_1_46' title="bbox 266 2943 1867 3025">
     <span class='ocr_line' id='line_1_46' title="bbox 266 2943 1867 3025; baseline 0.011 -34"><span class='ocrx_word' id='word_1_317' title='bbox 266 2943 418 3011; x_wconf 83' lang='grc' dir='ltr'>ρίαν,</span> <span class='ocrx_word' id='word_1_318' title='bbox 455 2946 547 2996; x_wconf 73' lang='grc' dir='ltr'><strong>καὶ</strong></span> <span class='ocrx_word' id='word_1_319' title='bbox 586 2946 685 3016; x_wconf 77' lang='grc' dir='ltr'>τὴν</span> <span class='ocrx_word' id='word_1_320' title='bbox 732 2949 818 2999; x_wconf 76' lang='grc' dir='ltr'><strong>ἐπ’</strong></span> <span class='ocrx_word' id='word_1_321' title='bbox 868 2949 1020 3019; x_wconf 81' lang='grc' dir='ltr'>αὐτῷ</span> <span class='ocrx_word' id='word_1_322' title='bbox 1067 2951 1443 3020; x_wconf 80' lang='grc' dir='ltr'>ὲξενεχθεῖσαν</span> <span class='ocrx_word' id='word_1_323' title='bbox 1485 2954 1667 3023; x_wconf 72' lang='grc' dir='ltr'>ψῆφον</span> <span class='ocrx_word' id='word_1_324' title='bbox 1715 2957 1867 3025; x_wconf 71' lang='grc' dir='ltr'>παρὰ</span> 
     </span>
    </p>
   </div>
   <div class='ocr_carea' id='block_1_47' title="bbox 265 3034 1868 3117">
    <p class='ocr_par' dir='ltr' id='par_1_47' title="bbox 265 3034 1868 3117">
     <span class='ocr_line' id='line_1_47' title="bbox 265 3034 1868 3117; baseline 0.009 -31"><span class='ocrx_word' id='word_1_325' title='bbox 265 3034 367 3086; x_wconf 79' lang='grc' dir='ltr'>τοῦ</span> <span class='ocrx_word' id='word_1_326' title='bbox 403 3037 500 3106; x_wconf 71' lang='grc' dir='ltr'>τῆς</span> <span class='ocrx_word' id='word_1_327' title='bbox 538 3038 691 3102; x_wconf 81' lang='grc' dir='ltr'>ὁσίας</span> <span class='ocrx_word' id='word_1_328' title='bbox 728 3041 933 3109; x_wconf 68' lang='grc' dir='ltr'>λήξεως</span> <span class='ocrx_word' id='word_1_329' title='bbox 962 3042 1265 3095; x_wconf 80' lang='grc' dir='ltr'>Φλαϐιανοῦ</span> <span class='ocrx_word' id='word_1_330' title='bbox 1297 3044 1624 3109; x_wconf 73' lang='grc' dir='ltr'>ἐπισκόπου,</span> <span class='ocrx_word' id='word_1_331' title='bbox 1663 3047 1868 3117; x_wconf 79' lang='grc' dir='ltr'>πλῆθος</span> 
     </span>
    </p>
   </div>
   <div class='ocr_carea' id='block_1_48' title="bbox 265 3126 1868 3207">
    <p class='ocr_par' dir='ltr' id='par_1_48' title="bbox 265 3126 1868 3207">
     <span class='ocr_line' id='line_1_48' title="bbox 265 3126 1868 3207; baseline 0.006 -30"><span class='ocrx_word' id='word_1_332' title='bbox 265 3126 526 3179; x_wconf 78' lang='grc' dir='ltr'>ἀτάκτων</span> <span class='ocrx_word' id='word_1_333' title='bbox 570 3129 744 3199; x_wconf 79' lang='grc' dir='ltr'>ὄχλων</span> <span class='ocrx_word' id='word_1_334' title='bbox 794 3131 1141 3199; x_wconf 86' lang='grc' dir='ltr'>συναγαγὼν,</span> <span class='ocrx_word' id='word_1_335' title='bbox 1177 3135 1275 3186; x_wconf 81' lang='grc' dir='ltr'><strong>καὶ</strong></span> <span class='ocrx_word' id='word_1_336' title='bbox 1327 3131 1650 3188; x_wconf 80' lang='grc' dir='ltr'>δυναστείαν</span> <span class='ocrx_word' id='word_1_337' title='bbox 1689 3137 1868 3207; x_wconf 78' lang='grc' dir='ltr'>ἑαυτῴ</span> 
     </span>
    </p>
   </div>
   <div class='ocr_carea' id='block_1_49' title="bbox 264 3219 1864 3300">
    <p class='ocr_par' dir='ltr' id='par_1_49' title="bbox 264 3219 1864 3300">
     <span class='ocr_line' id='line_1_49' title="bbox 264 3219 1864 3300; baseline 0.007 -29"><span class='ocrx_word' id='word_1_338' title='bbox 264 3219 357 3271; x_wconf 80' lang='grc' dir='ltr'>διὰ</span> <span class='ocrx_word' id='word_1_339' title='bbox 391 3223 690 3290; x_wconf 74' lang='grc' dir='ltr'>χρημάτων</span> <span class='ocrx_word' id='word_1_340' title='bbox 738 3226 1126 3294; x_wconf 77' lang='grc' dir='ltr'>πορισάμενος,</span> <span class='ocrx_word' id='word_1_341' title='bbox 1171 3227 1266 3298; x_wconf 76' lang='grc' dir='ltr'>τὴν</span> <span class='ocrx_word' id='word_1_342' title='bbox 1302 3227 1513 3297; x_wconf 79' lang='grc' dir='ltr'>εὐσεϐῆ</span> <span class='ocrx_word' id='word_1_343' title='bbox 1564 3230 1864 3300; x_wconf 78' lang='grc' dir='ltr'>θρησκείαν</span> 
     </span>
    </p>
   </div>
   <div class='ocr_carea' id='block_1_50' title="bbox 266 3312 1866 3389">
    <p class='ocr_par' dir='ltr' id='par_1_50' title="bbox 266 3312 1866 3389">
     <span class='ocr_line' id='line_1_50' title="bbox 266 3312 1866 3389; baseline 0.007 -27"><span class='ocrx_word' id='word_1_344' title='bbox 266 3312 384 3363; x_wconf 80' lang='grc' dir='ltr'><strong>τῶν</strong></span> <span class='ocrx_word' id='word_1_345' title='bbox 413 3313 733 3382; x_wconf 80' lang='grc' dir='ltr'>όρθοδόξων,</span> <span class='ocrx_word' id='word_1_346' title='bbox 770 3321 829 3368; x_wconf 82' lang='grc' dir='ltr'><strong>τό</strong></span> <span class='ocrx_word' id='word_1_347' title='bbox 857 3334 918 3385; x_wconf 87' lang='grc' dir='ltr'><strong>γε</strong></span> <span class='ocrx_word' id='word_1_348' title='bbox 950 3312 1085 3387; x_wconf 77' lang='grc' dir='ltr'>ἧκον</span> <span class='ocrx_word' id='word_1_349' title='bbox 1120 3319 1177 3380; x_wconf 78' lang='grc' dir='ltr'>ἐς</span> <span class='ocrx_word' id='word_1_350' title='bbox 1211 3318 1376 3370; x_wconf 82' lang='grc' dir='ltr'>αὐτὸν</span> <span class='ocrx_word' id='word_1_351' title='bbox 1395 3318 1732 3389; x_wconf 64' lang='grc' dir='ltr'>ἐλυμήνατο,</span> <span class='ocrx_word' id='word_1_352' title='bbox 1770 3321 1866 3373; x_wconf 77' lang='grc' dir='ltr'>καὶ</span> 
     </span>
    </p>
   </div>
   <div class='ocr_carea' id='block_1_51' title="bbox 265 3405 1863 3482">
    <p class='ocr_par' dir='ltr' id='par_1_51' title="bbox 265 3405 1863 3482">
     <span class='ocr_line' id='line_1_51' title="bbox 265 3405 1863 3482; baseline 0.006 -25"><span class='ocrx_word' id='word_1_353' title='bbox 265 3405 372 3473; x_wconf 72' lang='grc' dir='ltr'>τὴν</span> <span class='ocrx_word' id='word_1_354' title='bbox 405 3406 722 3473; x_wconf 78' lang='grc' dir='ltr'>κακοδοξίαν</span> <span class='ocrx_word' id='word_1_355' title='bbox 753 3410 1026 3479; x_wconf 78' lang='grc' dir='ltr'>Εὐτυχοῦς</span> <span class='ocrx_word' id='word_1_356' title='bbox 1060 3411 1151 3462; x_wconf 80' lang='grc' dir='ltr'><strong>τοῦ</strong></span> <span class='ocrx_word' id='word_1_357' title='bbox 1192 3409 1542 3479; x_wconf 74' lang='grc' dir='ltr'>μονάζοντος,</span> <span class='ocrx_word' id='word_1_358' title='bbox 1575 3413 1694 3482; x_wconf 73' lang='grc' dir='ltr'>ἥτις</span> <span class='ocrx_word' id='word_1_359' title='bbox 1720 3413 1863 3466; x_wconf 82' lang='grc' dir='ltr'>ἄνω-</span> 
     </span>
    </p>
   </div>
   <div class='ocr_carea' id='block_1_52' title="bbox 269 3498 1866 3575">
    <p class='ocr_par' dir='ltr' id='par_1_52' title="bbox 269 3498 1866 3575">
     <span class='ocr_line' id='line_1_52' title="bbox 269 3498 1866 3575; baseline 0.006 -28"><span class='ocrx_word' id='word_1_360' title='bbox 269 3498 366 3548; x_wconf 82' lang='grc' dir='ltr'><strong>θεν</strong></span> <span class='ocrx_word' id='word_1_361' title='bbox 400 3499 492 3550; x_wconf 73' lang='grc' dir='ltr'><strong>καὶ</strong></span> <span class='ocrx_word' id='word_1_362' title='bbox 527 3499 761 3570; x_wconf 74' lang='grc' dir='ltr'>ὲξαρχῆς</span> <span class='ocrx_word' id='word_1_363' title='bbox 796 3502 946 3572; x_wconf 68' lang='grc' dir='ltr'>παρὰ</span> <span class='ocrx_word' id='word_1_364' title='bbox 975 3503 1084 3557; x_wconf 83' lang='grc' dir='ltr'><strong>τῶν</strong></span> <span class='ocrx_word' id='word_1_365' title='bbox 1133 3503 1305 3571; x_wconf 82' lang='grc' dir='ltr'>ἁγίων</span> <span class='ocrx_word' id='word_1_366' title='bbox 1350 3503 1615 3573; x_wconf 84' lang='grc' dir='ltr'>Πατέρων</span> <span class='ocrx_word' id='word_1_367' title='bbox 1650 3505 1866 3575; x_wconf 81' lang='grc' dir='ltr'>ἀπεκη-</span> 
     </span>
    </p>
   </div>
   <div class='ocr_carea' id='block_1_53' title="bbox 271 3587 867 3660">
    <p class='ocr_par' dir='ltr' id='par_1_53' title="bbox 271 3587 867 3660">
     <span class='ocr_line' id='line_1_53' title="bbox 271 3587 867 3660; baseline 0.012 -21"><span class='ocrx_word' id='word_1_368' title='bbox 271 3587 474 3660; x_wconf 75' lang='grc' dir='ltr'>ρύχθη,</span> <span class='ocrx_word' id='word_1_369' title='bbox 513 3591 867 3647; x_wconf 70' lang='grc' dir='ltr'>ἐϐεϐαίωσεν.</span> 
     </span>
    </p>
   </div>
   <div class='ocr_carea' id='block_1_54' title="bbox 360 3768 1870 3844">
    <p class='ocr_par' dir='ltr' id='par_1_54' title="bbox 360 3768 1870 3844">
     <span class='ocr_line' id='line_1_54' title="bbox 360 3768 1870 3844; baseline 0.005 -22"><span class='ocrx_word' id='word_1_370' title='bbox 360 3772 515 3823; x_wconf 70' lang='grc' dir='ltr'>Ἐπεὶ</span> <span class='ocrx_word' id='word_1_371' title='bbox 545 3768 638 3825; x_wconf 73' lang='grc' dir='ltr'>οὖν</span> <span class='ocrx_word' id='word_1_372' title='bbox 685 3774 746 3826; x_wconf 89' lang='grc' dir='ltr'><strong>οὐ</strong></span> <span class='ocrx_word' id='word_1_373' title='bbox 803 3773 975 3844; x_wconf 82' lang='grc' dir='ltr'>μικρὰ</span> <span class='ocrx_word' id='word_1_374' title='bbox 1008 3775 1074 3828; x_wconf 72' lang='grc' dir='ltr'>τὰ</span> <span class='ocrx_word' id='word_1_375' title='bbox 1118 3774 1509 3844; x_wconf 80' lang='grc' dir='ltr'>τετολμημένα</span> <span class='ocrx_word' id='word_1_376' title='bbox 1544 3775 1693 3829; x_wconf 74' lang='grc' dir='ltr'>αὐτῶ</span> <span class='ocrx_word' id='word_1_377' title='bbox 1728 3776 1870 3829; x_wconf 78' lang='grc' dir='ltr'>κατά</span> 
     </span>
    </p>
   </div>
   <div class='ocr_carea' id='block_1_55' title="bbox 271 3865 1869 3938">
    <p class='ocr_par' dir='ltr' id='par_1_55' title="bbox 271 3865 1869 3938">
     <span class='ocr_line' id='line_1_55' title="bbox 271 3865 1869 3938; baseline 0.004 -24"><span class='ocrx_word' id='word_1_378' title='bbox 271 3879 334 3914; x_wconf 87' lang='grc' dir='ltr'><strong>τε</strong></span> <span class='ocrx_word' id='word_1_379' title='bbox 369 3865 466 3933; x_wconf 78' lang='grc' dir='ltr'><strong>τῆς</strong></span> <span class='ocrx_word' id='word_1_380' title='bbox 499 3865 556 3926; x_wconf 76' lang='grc' dir='ltr'>ἐς</span> <span class='ocrx_word' id='word_1_381' title='bbox 581 3865 812 3934; x_wconf 79' lang='grc' dir='ltr'>Χριστὸν</span> <span class='ocrx_word' id='word_1_382' title='bbox 844 3868 1104 3928; x_wconf 81' lang='grc' dir='ltr'>πίστεως,</span> <span class='ocrx_word' id='word_1_383' title='bbox 1131 3866 1228 3918; x_wconf 75' lang='grc' dir='ltr'>καὶ</span> <span class='ocrx_word' id='word_1_384' title='bbox 1258 3866 1378 3918; x_wconf 78' lang='grc' dir='ltr'>καθ’</span> <span class='ocrx_word' id='word_1_385' title='bbox 1417 3867 1596 3937; x_wconf 78' lang='grc' dir='ltr'>ἡμῶν,</span> <span class='ocrx_word' id='word_1_386' title='bbox 1626 3868 1869 3938; x_wconf 74' lang='grc' dir='ltr'>δεόμεθα</span> 
     </span>
    </p>
   </div>
   <div class='ocr_carea' id='block_1_56' title="bbox 276 3954 1868 4031">
    <p class='ocr_par' dir='ltr' id='par_1_56' title="bbox 276 3954 1868 4031">
     <span class='ocr_line' id='line_1_56' title="bbox 276 3954 1868 4031; baseline 0.004 -23"><span class='ocrx_word' id='word_1_387' title='bbox 276 3954 376 4017; x_wconf 71' lang='grc' dir='ltr'>καὶ</span> <span class='ocrx_word' id='word_1_388' title='bbox 408 3957 828 4025; x_wconf 60' lang='grc' dir='ltr'>προσπίτπτομεν</span> <span class='ocrx_word' id='word_1_389' title='bbox 859 3957 936 4027; x_wconf 79' lang='grc' dir='ltr'>τῷ</span> <span class='ocrx_word' id='word_1_390' title='bbox 965 3959 1215 4030; x_wconf 73' lang='grc' dir='ltr'>ὑμετέρῳ</span> <span class='ocrx_word' id='word_1_391' title='bbox 1240 3963 1455 4031; x_wconf 73' lang='grc' dir='ltr'>κράτει,</span> <span class='ocrx_word' id='word_1_392' title='bbox 1491 3961 1750 4015; x_wconf 86' lang='grc' dir='ltr'>θεσπίσαι</span> <span class='ocrx_word' id='word_1_393' title='bbox 1778 3962 1868 4015; x_wconf 74' lang='grc' dir='ltr'>τὸν</span> 
     </span>
    </p>
   </div>
   <div class='ocr_carea' id='block_1_57' title="bbox 272 4047 1866 4124">
    <p class='ocr_par' dir='ltr' id='par_1_57' title="bbox 272 4047 1866 4124">
     <span class='ocr_line' id='line_1_57' title="bbox 272 4047 1866 4124; baseline 0.004 -24"><span class='ocrx_word' id='word_1_394' title='bbox 272 4047 443 4100; x_wconf 62' lang='grc' dir='ltr'>αὐτὴν</span> <span class='ocrx_word' id='word_1_395' title='bbox 477 4049 874 4103; x_wconf 70' lang='grc' dir='ltr'>εὐλαϐέστατον</span> <span class='ocrx_word' id='word_1_396' title='bbox 915 4051 1212 4104; x_wconf 76' lang='grc' dir='ltr'>ἐπίσκοπον</span> <span class='ocrx_word' id='word_1_397' title='bbox 1250 4053 1543 4122; x_wconf 84' lang='grc' dir='ltr'>Διόσκορον</span> <span class='ocrx_word' id='word_1_398' title='bbox 1587 4055 1866 4124; x_wconf 83' lang='grc' dir='ltr'>ἀπολογή-</span> 
     </span>
    </p>
   </div>
   <div class='ocr_carea' id='block_1_58' title="bbox 273 4135 1868 4212">
    <p class='ocr_par' dir='ltr' id='par_1_58' title="bbox 273 4135 1868 4212">
     <span class='ocr_line' id='line_1_58' title="bbox 273 4135 1868 4212; baseline 0.004 -23"><span class='ocrx_word' id='word_1_399' title='bbox 273 4135 477 4189; x_wconf 78' lang='grc' dir='ltr'>σασθαι</span> <span class='ocrx_word' id='word_1_400' title='bbox 515 4141 626 4202; x_wconf 76' lang='grc' dir='ltr'>τοῖς</span> <span class='ocrx_word' id='word_1_401' title='bbox 669 4139 800 4208; x_wconf 82' lang='grc' dir='ltr'>παρ’</span> <span class='ocrx_word' id='word_1_402' title='bbox 829 4140 986 4208; x_wconf 73' lang='grc' dir='ltr'>ἡμῶν</span> <span class='ocrx_word' id='word_1_403' title='bbox 1035 4139 1186 4209; x_wconf 86' lang='grc' dir='ltr'>αὐτῷ</span> <span class='ocrx_word' id='word_1_404' title='bbox 1239 4141 1628 4209; x_wconf 79' lang='grc' dir='ltr'>ἐπαγομένοις,</span> <span class='ocrx_word' id='word_1_405' title='bbox 1665 4142 1868 4212; x_wconf 71' lang='grc' dir='ltr'>δηλαδὴ</span> 
     </span>
    </p>
   </div>
   <div class='ocr_carea' id='block_1_59' title="bbox 270 4228 1869 4304">
    <p class='ocr_par' dir='ltr' id='par_1_59' title="bbox 270 4228 1869 4304">
     <span class='ocr_line' id='line_1_59' title="bbox 270 4228 1869 4304; baseline 0.004 -25"><span class='ocrx_word' id='word_1_406' title='bbox 270 4229 387 4280; x_wconf 81' lang='grc' dir='ltr'><strong>τῶν</strong></span> <span class='ocrx_word' id='word_1_407' title='bbox 417 4228 550 4297; x_wconf 82' lang='grc' dir='ltr'>παρ’</span> <span class='ocrx_word' id='word_1_408' title='bbox 584 4229 751 4282; x_wconf 81' lang='grc' dir='ltr'>αὐτοῦ</span> <span class='ocrx_word' id='word_1_409' title='bbox 802 4232 921 4283; x_wconf 79' lang='grc' dir='ltr'>καθ’</span> <span class='ocrx_word' id='word_1_410' title='bbox 958 4231 1116 4301; x_wconf 75' lang='grc' dir='ltr'>ἡμῶν</span> <span class='ocrx_word' id='word_1_411' title='bbox 1164 4233 1576 4303; x_wconf 83' lang='grc' dir='ltr'>πεπραγμένων</span> <span class='ocrx_word' id='word_1_412' title='bbox 1620 4234 1869 4304; x_wconf 85' lang='grc' dir='ltr'>ὐπομνη-</span> 
     </span>
    </p>
   </div>
   <div class='ocr_carea' id='block_1_60' title="bbox 275 4320 1866 4393">
    <p class='ocr_par' dir='ltr' id='par_1_60' title="bbox 275 4320 1866 4393">
     <span class='ocr_line' id='line_1_60' title="bbox 275 4320 1866 4393; baseline 0.005 -23"><span class='ocrx_word' id='word_1_413' title='bbox 275 4320 467 4386; x_wconf 75' lang='grc' dir='ltr'>μάτων</span> <span class='ocrx_word' id='word_1_414' title='bbox 497 4320 1023 4390; x_wconf 77' lang='grc' dir='ltr'>ἀναγινωσκομένων</span> <span class='ocrx_word' id='word_1_415' title='bbox 1056 4323 1160 4374; x_wconf 73' lang='grc' dir='ltr'><strong>ὑπὸ</strong></span> <span class='ocrx_word' id='word_1_416' title='bbox 1188 4325 1284 4392; x_wconf 75' lang='grc' dir='ltr'>τῆς</span> <span class='ocrx_word' id='word_1_417' title='bbox 1317 4325 1480 4393; x_wconf 84' lang='grc' dir='ltr'>ἁγίας</span> <span class='ocrx_word' id='word_1_418' title='bbox 1511 4326 1756 4379; x_wconf 88' lang='grc' dir='ltr'>συνόδου.</span> <span class='ocrx_word' id='word_1_419' title='bbox 1791 4326 1866 4378; x_wconf 77' lang='grc' dir='ltr'><strong>Δι’</strong></span> 
     </span>
    </p>
   </div>
   <div class='ocr_carea' id='block_1_61' title="bbox 272 4407 1866 4489">
    <p class='ocr_par' dir='ltr' id='par_1_61' title="bbox 272 4407 1866 4489">
     <span class='ocr_line' id='line_1_61' title="bbox 272 4407 1866 4489; baseline 0.005 -27"><span class='ocrx_word' id='word_1_420' title='bbox 272 4407 350 4465; x_wconf 75' lang='grc' dir='ltr'>ὢν</span> <span class='ocrx_word' id='word_1_421' title='bbox 381 4413 658 4483; x_wconf 78' lang='grc' dir='ltr'>δυνάμεθα</span> <span class='ocrx_word' id='word_1_422' title='bbox 696 4417 972 4480; x_wconf 75' lang='grc' dir='ltr'>ἀποδεῖξαι</span> <span class='ocrx_word' id='word_1_423' title='bbox 1006 4419 1168 4468; x_wconf 83' lang='grc' dir='ltr'>αὐτὸν</span> <span class='ocrx_word' id='word_1_424' title='bbox 1205 4420 1298 4470; x_wconf 74' lang='grc' dir='ltr'><strong>καὶ</strong></span> <span class='ocrx_word' id='word_1_425' title='bbox 1334 4418 1615 4489; x_wconf 87' lang='grc' dir='ltr'>ἀλλότριον</span> <span class='ocrx_word' id='word_1_426' title='bbox 1646 4420 1745 4488; x_wconf 76' lang='grc' dir='ltr'>τῆς</span> <span class='ocrx_word' id='word_1_427' title='bbox 1774 4420 1866 4488; x_wconf 89' lang='grc' dir='ltr'>ὀρ-</span> 
     </span>
    </p>
   </div>
   <div class='ocr_carea' id='block_1_62' title="bbox 273 4503 1868 4581">
    <p class='ocr_par' dir='ltr' id='par_1_62' title="bbox 273 4503 1868 4581">
     <span class='ocr_line' id='line_1_62' title="bbox 273 4503 1868 4581; baseline 0.005 -26"><span class='ocrx_word' id='word_1_428' title='bbox 273 4503 495 4569; x_wconf 76' lang='grc' dir='ltr'>θοδόξου</span> <span class='ocrx_word' id='word_1_429' title='bbox 531 4506 790 4570; x_wconf 81' lang='grc' dir='ltr'>πίστεως,</span> <span class='ocrx_word' id='word_1_430' title='bbox 823 4509 916 4560; x_wconf 68' lang='grc' dir='ltr'><strong>καὶ</strong></span> <span class='ocrx_word' id='word_1_431' title='bbox 947 4510 1156 4576; x_wconf 78' lang='grc' dir='ltr'>αἵρεσιν</span> <span class='ocrx_word' id='word_1_432' title='bbox 1197 4509 1455 4572; x_wconf 76' lang='grc' dir='ltr'>ἀσεϐείας</span> <span class='ocrx_word' id='word_1_433' title='bbox 1490 4512 1868 4581; x_wconf 64' lang='grc' dir='ltr'>πεπληρωμέη</span> 
     </span>
    </p>
   </div>
   <div class='ocr_carea' id='block_1_63' title="bbox 1973 2037 3568 2113">
    <p class='ocr_par' dir='ltr' id='par_1_63' title="bbox 1973 2037 3568 2113">
     <span class='ocr_line' id='line_1_63' title="bbox 1973 2037 3568 2113; baseline -0.004 -16"><span class='ocrx_word' id='word_1_434' title='bbox 1973 2043 2139 2113; x_wconf 90' lang='lat' dir='ltr'><strong>paulo</strong></span> <span class='ocrx_word' id='word_1_435' title='bbox 2179 2052 2307 2096; x_wconf 87' lang='lat' dir='ltr'><strong>ante</strong></span> <span class='ocrx_word' id='word_1_436' title='bbox 2349 2041 2688 2096; x_wconf 88' lang='lat' dir='ltr'><strong>celebratum</strong></span> <span class='ocrx_word' id='word_1_437' title='bbox 2725 2051 2810 2095; x_wconf 86' lang='lat' dir='ltr'><strong>est</strong></span> <span class='ocrx_word' id='word_1_438' title='bbox 2855 2041 2910 2094; x_wconf 90' lang='lat' dir='ltr'><strong>in</strong></span> <span class='ocrx_word' id='word_1_439' title='bbox 2960 2039 3255 2107; x_wconf 89' lang='lat' dir='ltr'><strong>metropoli</strong></span> <span class='ocrx_word' id='word_1_440' title='bbox 3300 2037 3568 2105; x_wconf 85' lang='lat' dir='ltr'><strong>Ephesio-</strong></span> 
     </span>
    </p>
   </div>
   <div class='ocr_carea' id='block_1_64' title="bbox 1975 2125 3567 2196">
    <p class='ocr_par' dir='ltr' id='par_1_64' title="bbox 1975 2125 3567 2196">
     <span class='ocr_line' id='line_1_64' title="bbox 1975 2125 3567 2196; baseline 0 -15"><span class='ocrx_word' id='word_1_441' title='bbox 1975 2145 2120 2193; x_wconf 88' lang='lat' dir='ltr'><strong>rum,</strong></span> <span class='ocrx_word' id='word_1_442' title='bbox 2168 2129 2318 2196; x_wconf 90' lang='lat' dir='ltr'><strong>quod</strong></span> <span class='ocrx_word' id='word_1_443' title='bbox 2370 2129 2578 2180; x_wconf 88' lang='lat' dir='ltr'><strong>utinam</strong></span> <span class='ocrx_word' id='word_1_444' title='bbox 2631 2128 2972 2180; x_wconf 90' lang='lat' dir='ltr'><strong>celebratum</strong></span> <span class='ocrx_word' id='word_1_445' title='bbox 3020 2141 3306 2195; x_wconf 90' lang='lat' dir='ltr'><strong>nunquam</strong></span> <span class='ocrx_word' id='word_1_446' title='bbox 3351 2125 3567 2186; x_wconf 81' lang='lat' dir='ltr'><strong>fuisset,</strong></span> 
     </span>
    </p>
   </div>
   <div class='ocr_carea' id='block_1_65' title="bbox 1974 2217 3565 2286">
    <p class='ocr_par' dir='ltr' id='par_1_65' title="bbox 1974 2217 3565 2286">
     <span class='ocr_line' id='line_1_65' title="bbox 1974 2217 3565 2286; baseline -0.001 -16"><span class='ocrx_word' id='word_1_447' title='bbox 1974 2234 2042 2271; x_wconf 91' lang='lat' dir='ltr'><strong>ne</strong></span> <span class='ocrx_word' id='word_1_448' title='bbox 2071 2217 2220 2271; x_wconf 89' lang='lat' dir='ltr'><strong>orbis</strong></span> <span class='ocrx_word' id='word_1_449' title='bbox 2247 2227 2520 2270; x_wconf 85' lang='lat' dir='ltr'><strong>terrarum</strong></span> <span class='ocrx_word' id='word_1_450' title='bbox 2550 2217 2711 2272; x_wconf 88' lang='lat' dir='ltr'><strong>malis</strong></span> <span class='ocrx_word' id='word_1_451' title='bbox 2740 2232 2803 2271; x_wconf 91' lang='lat' dir='ltr'><strong>ac</strong></span> <span class='ocrx_word' id='word_1_452' title='bbox 2840 2217 3170 2271; x_wconf 90' lang='lat' dir='ltr'><strong>tumultibus</strong></span> <span class='ocrx_word' id='word_1_453' title='bbox 3203 2217 3565 2286; x_wconf 82' lang='lat' dir='ltr'><strong>impleretur;</strong></span> 
     </span>
    </p>
   </div>
   <div class='ocr_carea' id='block_1_66' title="bbox 1974 2309 3566 2376">
    <p class='ocr_par' dir='ltr' id='par_1_66' title="bbox 1974 2309 3566 2376">
     <span class='ocr_line' id='line_1_66' title="bbox 1974 2309 3566 2376; baseline -0.002 -13"><span class='ocrx_word' id='word_1_454' title='bbox 1974 2309 2155 2364; x_wconf 86' lang='lat' dir='ltr'><strong>bonus</strong></span> <span class='ocrx_word' id='word_1_455' title='bbox 2213 2309 2304 2364; x_wconf 91' lang='lat' dir='ltr'><strong>ille</strong></span> <span class='ocrx_word' id='word_1_456' title='bbox 2356 2309 2687 2371; x_wconf 89' lang='lat' dir='ltr'><strong>Dioscorus,</strong></span> <span class='ocrx_word' id='word_1_457' title='bbox 2755 2309 2960 2363; x_wconf 90' lang='lat' dir='ltr'><strong>nullam</strong></span> <span class='ocrx_word' id='word_1_458' title='bbox 3018 2309 3245 2376; x_wconf 69' lang='lat' dir='ltr'><strong>justitia:</strong></span> <span class='ocrx_word' id='word_1_459' title='bbox 3295 2309 3566 2363; x_wconf 89' lang='lat' dir='ltr'><strong>rationem</strong></span> 
     </span>
    </p>
   </div>
   <div class='ocr_carea' id='block_1_67' title="bbox 1975 2402 3566 2466">
    <p class='ocr_par' dir='ltr' id='par_1_67' title="bbox 1975 2402 3566 2466">
     <span class='ocr_line' id='line_1_67' title="bbox 1975 2402 3566 2466; baseline -0.001 -10"><span class='ocrx_word' id='word_1_460' title='bbox 1975 2403 2222 2466; x_wconf 85' lang='lat' dir='ltr'><strong>habens,</strong></span> <span class='ocrx_word' id='word_1_461' title='bbox 2267 2417 2370 2456; x_wconf 91' lang='lat' dir='ltr'><strong>nec</strong></span> <span class='ocrx_word' id='word_1_462' title='bbox 2415 2402 2512 2456; x_wconf 90' lang='lat' dir='ltr'><strong>Dei</strong></span> <span class='ocrx_word' id='word_1_463' title='bbox 2555 2402 2810 2456; x_wconf 90' lang='lat' dir='ltr'><strong>timorem</strong></span> <span class='ocrx_word' id='word_1_464' title='bbox 2864 2411 2990 2455; x_wconf 86' lang='lat' dir='ltr'><strong>ante</strong></span> <span class='ocrx_word' id='word_1_465' title='bbox 3042 2402 3240 2455; x_wconf 90' lang='lat' dir='ltr'><strong>oculos</strong></span> <span class='ocrx_word' id='word_1_466' title='bbox 3279 2410 3566 2464; x_wconf 87' lang='lat' dir='ltr'><strong>statuens,</strong></span> 
     </span>
    </p>
   </div>
   <div class='ocr_carea' id='block_1_68' title="bbox 1973 2492 3567 2563">
    <p class='ocr_par' dir='ltr' id='par_1_68' title="bbox 1973 2492 3567 2563">
     <span class='ocr_line' id='line_1_68' title="bbox 1973 2492 3567 2563; baseline -0.003 -15"><span class='ocrx_word' id='word_1_467' title='bbox 1973 2510 2100 2548; x_wconf 91' lang='lat' dir='ltr'><strong>cum</strong></span> <span class='ocrx_word' id='word_1_468' title='bbox 2157 2493 2406 2563; x_wconf 87' lang='lat' dir='ltr'><strong>ejusdem</strong></span> <span class='ocrx_word' id='word_1_469' title='bbox 2455 2493 2737 2562; x_wconf 89' lang='lat' dir='ltr'><strong>opinionis</strong></span> <span class='ocrx_word' id='word_1_470' title='bbox 2789 2509 2852 2548; x_wconf 89' lang='lat' dir='ltr'><strong>ac</strong></span> <span class='ocrx_word' id='word_1_471' title='bbox 2907 2492 3198 2548; x_wconf 74' lang='lat' dir='ltr'><strong>sententia:</strong></span> <span class='ocrx_word' id='word_1_472' title='bbox 3249 2500 3396 2546; x_wconf 85' lang='lat' dir='ltr'><strong>esset</strong></span> <span class='ocrx_word' id='word_1_473' title='bbox 3441 2505 3567 2545; x_wconf 90' lang='lat' dir='ltr'><strong>cum</strong></span> 
     </span>
    </p>
   </div>
   <div class='ocr_carea' id='block_1_69' title="bbox 1972 2584 3568 2656">
    <p class='ocr_par' dir='ltr' id='par_1_69' title="bbox 1972 2584 3568 2656">
     <span class='ocr_line' id='line_1_69' title="bbox 1972 2584 3568 2656; baseline -0.003 -17"><span class='ocrx_word' id='word_1_474' title='bbox 1972 2585 2220 2656; x_wconf 85' lang='lat' dir='ltr'><strong>Eutyche</strong></span> <span class='ocrx_word' id='word_1_475' title='bbox 2273 2585 2469 2639; x_wconf 88' lang='lat' dir='ltr'><strong>insano</strong></span> <span class='ocrx_word' id='word_1_476' title='bbox 2521 2597 2686 2654; x_wconf 87' lang='lat' dir='ltr'><strong>atque</strong></span> <span class='ocrx_word' id='word_1_477' title='bbox 2734 2584 3026 2647; x_wconf 57' lang='lat' dir='ltr'><strong>hatretico,</strong></span> <span class='ocrx_word' id='word_1_478' title='bbox 3076 2585 3327 2638; x_wconf 81' lang='lat' dir='ltr'><strong>occultus</strong></span> <span class='ocrx_word' id='word_1_479' title='bbox 3381 2589 3568 2637; x_wconf 81' lang='lat' dir='ltr'><strong>autem</strong></span> 
     </span>
    </p>
   </div>
   <div class='ocr_carea' id='block_1_70' title="bbox 1972 2673 3565 2745">
    <p class='ocr_par' dir='ltr' id='par_1_70' title="bbox 1972 2673 3565 2745">
     <span class='ocr_line' id='line_1_70' title="bbox 1972 2673 3565 2745; baseline -0.001 -17"><span class='ocrx_word' id='word_1_480' title='bbox 1972 2675 2155 2729; x_wconf 88' lang='lat' dir='ltr'><strong>adhuc</strong></span> <span class='ocrx_word' id='word_1_481' title='bbox 2204 2686 2370 2740; x_wconf 90' lang='lat' dir='ltr'><strong>esset,</strong></span> <span class='ocrx_word' id='word_1_482' title='bbox 2422 2677 2564 2730; x_wconf 89' lang='lat' dir='ltr'><strong>sicut</strong></span> <span class='ocrx_word' id='word_1_483' title='bbox 2613 2683 2801 2745; x_wconf 90' lang='lat' dir='ltr'><strong>postea</strong></span> <span class='ocrx_word' id='word_1_484' title='bbox 2846 2675 3193 2745; x_wconf 88' lang='lat' dir='ltr'><strong>apertissime</strong></span> <span class='ocrx_word' id='word_1_485' title='bbox 3226 2673 3565 2728; x_wconf 77' lang='lat' dir='ltr'><strong>declaravit:</strong></span> 
     </span>
    </p>
   </div>
   <div class='ocr_carea' id='block_1_71' title="bbox 1972 2763 3570 2837">
    <p class='ocr_par' dir='ltr' id='par_1_71' title="bbox 1972 2763 3570 2837">
     <span class='ocr_line' id='line_1_71' title="bbox 1972 2763 3570 2837; baseline -0.004 -17"><span class='ocrx_word' id='word_1_486' title='bbox 1972 2767 2264 2822; x_wconf 89' lang='lat' dir='ltr'><strong>occasione</strong></span> <span class='ocrx_word' id='word_1_487' title='bbox 2293 2777 2511 2837; x_wconf 89' lang='lat' dir='ltr'><strong>arrepta</strong></span> <span class='ocrx_word' id='word_1_488' title='bbox 2543 2783 2610 2821; x_wconf 86' lang='lat' dir='ltr'><strong>ex</strong></span> <span class='ocrx_word' id='word_1_489' title='bbox 2641 2767 2995 2821; x_wconf 88' lang='lat' dir='ltr'><strong>accusatione</strong></span> <span class='ocrx_word' id='word_1_490' title='bbox 3035 2781 3201 2835; x_wconf 90' lang='lat' dir='ltr'><strong>quam</strong></span> <span class='ocrx_word' id='word_1_491' title='bbox 3233 2779 3338 2834; x_wconf 82' lang='lat' dir='ltr'><strong>ego</strong></span> <span class='ocrx_word' id='word_1_492' title='bbox 3370 2763 3570 2817; x_wconf 83' lang='lat' dir='ltr'><strong>adver-</strong></span> 
     </span>
    </p>
   </div>
   <div class='ocr_carea' id='block_1_72' title="bbox 1972 2855 3566 2927">
    <p class='ocr_par' dir='ltr' id='par_1_72' title="bbox 1972 2855 3566 2927">
     <span class='ocr_line' id='line_1_72' title="bbox 1972 2855 3566 2927; baseline -0.003 -13"><span class='ocrx_word' id='word_1_493' title='bbox 1972 2875 2066 2914; x_wconf 80' lang='lat' dir='ltr'><strong>sus</strong></span> <span class='ocrx_word' id='word_1_494' title='bbox 2107 2857 2409 2927; x_wconf 81' lang='lat' dir='ltr'><strong>Eutychem</strong></span> <span class='ocrx_word' id='word_1_495' title='bbox 2457 2857 2668 2911; x_wconf 90' lang='lat' dir='ltr'><strong>erroris</strong></span> <span class='ocrx_word' id='word_1_496' title='bbox 2714 2857 2888 2926; x_wconf 89' lang='lat' dir='ltr'><strong>ipsius</strong></span> <span class='ocrx_word' id='word_1_497' title='bbox 2940 2865 3255 2910; x_wconf 88' lang='lat' dir='ltr'><strong>consortem</strong></span> <span class='ocrx_word' id='word_1_498' title='bbox 3309 2855 3566 2909; x_wconf 89' lang='lat' dir='ltr'><strong>institue-</strong></span> 
     </span>
    </p>
   </div>
   <div class='ocr_carea' id='block_1_73' title="bbox 1973 2944 3570 3016">
    <p class='ocr_par' dir='ltr' id='par_1_73' title="bbox 1973 2944 3570 3016">
     <span class='ocr_line' id='line_1_73' title="bbox 1973 2944 3570 3016; baseline -0.004 -14"><span class='ocrx_word' id='word_1_499' title='bbox 1973 2965 2111 3012; x_wconf 88' lang='lat' dir='ltr'><strong>ram,</strong></span> <span class='ocrx_word' id='word_1_500' title='bbox 2139 2957 2193 3001; x_wconf 92' lang='lat' dir='ltr'><strong>et</strong></span> <span class='ocrx_word' id='word_1_501' title='bbox 2225 2963 2293 3001; x_wconf 80' lang='lat' dir='ltr'><strong>ex</strong></span> <span class='ocrx_word' id='word_1_502' title='bbox 2321 2946 2592 3002; x_wconf 89' lang='lat' dir='ltr'><strong>sententia</strong></span> <span class='ocrx_word' id='word_1_503' title='bbox 2624 2962 2654 3000; x_wconf 88' lang='lat' dir='ltr'><strong>a</strong></span> <span class='ocrx_word' id='word_1_504' title='bbox 2685 2946 2788 3016; x_wconf 75' lang='lat' dir='ltr'><strong>pia:</strong></span> <span class='ocrx_word' id='word_1_505' title='bbox 2817 2945 3096 3000; x_wconf 83' lang='lat' dir='ltr'><strong>memoriae</strong></span> <span class='ocrx_word' id='word_1_506' title='bbox 3140 2946 3401 3000; x_wconf 86' lang='lat' dir='ltr'><strong>Flaviano</strong></span> <span class='ocrx_word' id='word_1_507' title='bbox 3451 2944 3570 3014; x_wconf 86' lang='lat' dir='ltr'><strong>epi-</strong></span> 
     </span>
    </p>
   </div>
   <div class='ocr_carea' id='block_1_74' title="bbox 1973 3037 3566 3110">
    <p class='ocr_par' dir='ltr' id='par_1_74' title="bbox 1973 3037 3566 3110">
     <span class='ocr_line' id='line_1_74' title="bbox 1973 3037 3566 3110; baseline -0.003 -16"><span class='ocrx_word' id='word_1_508' title='bbox 1973 3055 2140 3109; x_wconf 88' lang='lat' dir='ltr'><strong>scopo</strong></span> <span class='ocrx_word' id='word_1_509' title='bbox 2169 3051 2361 3094; x_wconf 88' lang='lat' dir='ltr'><strong>contra</strong></span> <span class='ocrx_word' id='word_1_510' title='bbox 2406 3039 2664 3093; x_wconf 90' lang='lat' dir='ltr'><strong>eumdem</strong></span> <span class='ocrx_word' id='word_1_511' title='bbox 2708 3038 3010 3110; x_wconf 81' lang='lat' dir='ltr'><strong>Eutychem</strong></span> <span class='ocrx_word' id='word_1_512' title='bbox 3057 3039 3293 3107; x_wconf 87' lang='lat' dir='ltr'><strong>prolata,</strong></span> <span class='ocrx_word' id='word_1_513' title='bbox 3347 3037 3566 3092; x_wconf 80' lang='lat' dir='ltr'><strong>turbam</strong></span> 
     </span>
    </p>
   </div>
   <div class='ocr_carea' id='block_1_75' title="bbox 1971 3129 3566 3202">
    <p class='ocr_par' dir='ltr' id='par_1_75' title="bbox 1971 3129 3566 3202">
     <span class='ocr_line' id='line_1_75' title="bbox 1971 3129 3566 3202; baseline -0.002 -17"><span class='ocrx_word' id='word_1_514' title='bbox 1971 3131 2130 3202; x_wconf 75' lang='lat'><strong>311</strong></span> <span class='ocrx_word' id='word_1_515' title='bbox 2169 3132 2591 3201; x_wconf 86' lang='lat' dir='ltr'><strong>incompositam</strong></span> <span class='ocrx_word' id='word_1_516' title='bbox 2628 3131 3020 3185; x_wconf 87' lang='lat' dir='ltr'><strong>seditiosorum</strong></span> <span class='ocrx_word' id='word_1_517' title='bbox 3069 3131 3361 3184; x_wconf 79' lang='lat' dir='ltr'><strong>hominum</strong></span> <span class='ocrx_word' id='word_1_518' title='bbox 3393 3129 3566 3186; x_wconf 85' lang='lat' dir='ltr'><strong>colle-</strong></span> 
     </span>
    </p>
   </div>
   <div class='ocr_carea' id='block_1_76' title="bbox 1973 3217 3569 3296">
    <p class='ocr_par' dir='ltr' id='par_1_76' title="bbox 1973 3217 3569 3296">
     <span class='ocr_line' id='line_1_76' title="bbox 1973 3217 3569 3296; baseline -0.003 -17"><span class='ocrx_word' id='word_1_519' title='bbox 1973 3227 2068 3296; x_wconf 80' lang='lat' dir='ltr'><strong>git.</strong></span> <span class='ocrx_word' id='word_1_520' title='bbox 2095 3224 2346 3294; x_wconf 85' lang='lat' dir='ltr'><strong>Cumque</strong></span> <span class='ocrx_word' id='word_1_521' title='bbox 2372 3222 2715 3294; x_wconf 87' lang='lat' dir='ltr'><strong>tyrannicam</strong></span> <span class='ocrx_word' id='word_1_522' title='bbox 2734 3221 3169 3276; x_wconf 89' lang='lat' dir='ltr'><strong>dominationem</strong></span> <span class='ocrx_word' id='word_1_523' title='bbox 3197 3218 3432 3290; x_wconf 89' lang='lat' dir='ltr'><strong>pecunia</strong></span> <span class='ocrx_word' id='word_1_524' title='bbox 3461 3217 3569 3274; x_wconf 83' lang='lat' dir='ltr'><strong>sibi</strong></span> 
     </span>
    </p>
   </div>
   <div class='ocr_carea' id='block_1_77' title="bbox 1969 3311 3566 3391">
    <p class='ocr_par' dir='ltr' id='par_1_77' title="bbox 1969 3311 3566 3391">
     <span class='ocr_line' id='line_1_77' title="bbox 1969 3311 3566 3391; baseline -0.009 -16"><span class='ocrx_word' id='word_1_525' title='bbox 1969 3327 2360 3391; x_wconf 83' lang='lat' dir='ltr'><strong>comparasset,</strong></span> <span class='ocrx_word' id='word_1_526' title='bbox 2377 3319 2521 3388; x_wconf 88' lang='lat' dir='ltr'><strong>piam</strong></span> <span class='ocrx_word' id='word_1_527' title='bbox 2534 3315 2755 3385; x_wconf 89' lang='lat' dir='ltr'><strong>quidem</strong></span> <span class='ocrx_word' id='word_1_528' title='bbox 2770 3315 3090 3386; x_wconf 85' lang='lat' dir='ltr'><strong>religionem</strong></span> <span class='ocrx_word' id='word_1_529' title='bbox 3102 3311 3566 3370; x_wconf 82' lang='lat' dir='ltr'><strong>orthodoxorum,</strong></span> 
     </span>
    </p>
   </div>
   <div class='ocr_carea' id='block_1_78' title="bbox 1969 3406 3567 3485">
    <p class='ocr_par' dir='ltr' id='par_1_78' title="bbox 1969 3406 3567 3485">
     <span class='ocr_line' id='line_1_78' title="bbox 1969 3406 3567 3485; baseline -0.006 -21"><span class='ocrx_word' id='word_1_530' title='bbox 1969 3420 2236 3485; x_wconf 87' lang='lat' dir='ltr'><strong>quantum</strong></span> <span class='ocrx_word' id='word_1_531' title='bbox 2286 3411 2340 3463; x_wconf 92' lang='lat' dir='ltr'><strong>in</strong></span> <span class='ocrx_word' id='word_1_532' title='bbox 2380 3410 2500 3478; x_wconf 89' lang='lat' dir='ltr'><strong>ipso</strong></span> <span class='ocrx_word' id='word_1_533' title='bbox 2526 3408 2651 3474; x_wconf 83' lang='lat' dir='ltr'><strong>fuit,</strong></span> <span class='ocrx_word' id='word_1_534' title='bbox 2675 3406 3068 3463; x_wconf 80' lang='lat' dir='ltr'><strong>labefactavit:</strong></span> <span class='ocrx_word' id='word_1_535' title='bbox 3104 3419 3332 3476; x_wconf 90' lang='lat' dir='ltr'><strong>pravam</strong></span> <span class='ocrx_word' id='word_1_536' title='bbox 3382 3413 3567 3456; x_wconf 91' lang='lat' dir='ltr'><strong>autem</strong></span> 
     </span>
    </p>
   </div>
   <div class='ocr_carea' id='block_1_79' title="bbox 1969 3495 3569 3574">
    <p class='ocr_par' dir='ltr' id='par_1_79' title="bbox 1969 3495 3569 3574">
     <span class='ocr_line' id='line_1_79' title="bbox 1969 3495 3569 3574; baseline -0.007 -16"><span class='ocrx_word' id='word_1_537' title='bbox 1969 3505 2290 3574; x_wconf 91' lang='lat' dir='ltr'><strong>opinionem</strong></span> <span class='ocrx_word' id='word_1_538' title='bbox 2333 3503 2597 3574; x_wconf 80' lang='lat' dir='ltr'><strong>Eutychis</strong></span> <span class='ocrx_word' id='word_1_539' title='bbox 2646 3499 2924 3565; x_wconf 89' lang='lat' dir='ltr'><strong>monachi,</strong></span> <span class='ocrx_word' id='word_1_540' title='bbox 2982 3515 3104 3568; x_wconf 71' lang='lat' dir='ltr'><strong>qua:</strong></span> <span class='ocrx_word' id='word_1_541' title='bbox 3127 3499 3238 3568; x_wconf 90' lang='lat' dir='ltr'><strong>jam</strong></span> <span class='ocrx_word' id='word_1_542' title='bbox 3269 3495 3481 3567; x_wconf 86' lang='lat' dir='ltr'><strong>pridem</strong></span> <span class='ocrx_word' id='word_1_543' title='bbox 3513 3504 3569 3547; x_wconf 87' lang='lat' dir='ltr'><strong>et</strong></span> 
     </span>
    </p>
   </div>
   <div class='ocr_carea' id='block_1_80' title="bbox 1973 3587 3564 3653">
    <p class='ocr_par' dir='ltr' id='par_1_80' title="bbox 1973 3587 3564 3653">
     <span class='ocr_line' id='line_1_80' title="bbox 1973 3587 3564 3653; baseline -0.006 -4"><span class='ocrx_word' id='word_1_544' title='bbox 1973 3595 2037 3649; x_wconf 88' lang='lat' dir='ltr'><strong>ab</strong></span> <span class='ocrx_word' id='word_1_545' title='bbox 2072 3596 2303 3653; x_wconf 79' lang='lat' dir='ltr'><strong>exordio</strong></span> <span class='ocrx_word' id='word_1_546' title='bbox 2345 3610 2374 3648; x_wconf 92' lang='lat' dir='ltr'><strong>a</strong></span> <span class='ocrx_word' id='word_1_547' title='bbox 2427 3593 2634 3648; x_wconf 88' lang='lat' dir='ltr'><strong>sanctis</strong></span> <span class='ocrx_word' id='word_1_548' title='bbox 2673 3591 2930 3647; x_wconf 81' lang='lat' dir='ltr'><strong>Patribus</strong></span> <span class='ocrx_word' id='word_1_549' title='bbox 2972 3590 3338 3646; x_wconf 90' lang='lat' dir='ltr'><strong>condemnata</strong></span> <span class='ocrx_word' id='word_1_550' title='bbox 3361 3587 3564 3650; x_wconf 78' lang='lat' dir='ltr'><strong>fuerat,</strong></span> 
     </span>
    </p>
   </div>
   <div class='ocr_carea' id='block_1_81' title="bbox 1971 3686 2340 3741">
    <p class='ocr_par' dir='ltr' id='par_1_81' title="bbox 1971 3686 2340 3741">
     <span class='ocr_line' id='line_1_81' title="bbox 1971 3686 2340 3741; baseline -0.008 0"><span class='ocrx_word' id='word_1_551' title='bbox 1971 3686 2340 3741; x_wconf 84' lang='lat' dir='ltr'><strong>conﬁrmavit.</strong></span> 
     </span>
    </p>
   </div>
   <div class='ocr_carea' id='block_1_82' title="bbox 2041 3770 3567 3849">
    <p class='ocr_par' dir='ltr' id='par_1_82' title="bbox 2041 3770 3567 3849">
     <span class='ocr_line' id='line_1_82' title="bbox 2041 3770 3567 3849; baseline -0.007 -15"><span class='ocrx_word' id='word_1_552' title='bbox 2041 3777 2180 3834; x_wconf 86' lang='lat' dir='ltr'><strong>Cum</strong></span> <span class='ocrx_word' id='word_1_553' title='bbox 2230 3779 2400 3849; x_wconf 81' lang='lat' dir='ltr'><strong>igitur</strong></span> <span class='ocrx_word' id='word_1_554' title='bbox 2428 3794 2540 3834; x_wconf 92' lang='lat' dir='ltr'><strong>non</strong></span> <span class='ocrx_word' id='word_1_555' title='bbox 2592 3778 2733 3833; x_wconf 87' lang='lat' dir='ltr'><strong>levia</strong></span> <span class='ocrx_word' id='word_1_556' title='bbox 2778 3776 2911 3839; x_wconf 89' lang='lat' dir='ltr'><strong>sint,</strong></span> <span class='ocrx_word' id='word_1_557' title='bbox 2943 3790 3064 3844; x_wconf 70' lang='lat' dir='ltr'><strong>qua:</strong></span> <span class='ocrx_word' id='word_1_558' title='bbox 3104 3772 3372 3826; x_wconf 88' lang='lat' dir='ltr'><strong>adversus</strong></span> <span class='ocrx_word' id='word_1_559' title='bbox 3405 3770 3567 3825; x_wconf 82' lang='lat' dir='ltr'><strong>fidem</strong></span> 
     </span>
    </p>
   </div>
   <div class='ocr_carea' id='block_1_83' title="bbox 1971 3863 3568 3936">
    <p class='ocr_par' dir='ltr' id='par_1_83' title="bbox 1971 3863 3568 3936">
     <span class='ocr_line' id='line_1_83' title="bbox 1971 3863 3568 3936; baseline -0.007 -9"><span class='ocrx_word' id='word_1_560' title='bbox 1971 3870 2199 3936; x_wconf 89' lang='lat' dir='ltr'><strong>Christi,</strong></span> <span class='ocrx_word' id='word_1_561' title='bbox 2259 3879 2315 3924; x_wconf 92' lang='lat' dir='ltr'><strong>et</strong></span> <span class='ocrx_word' id='word_1_562' title='bbox 2356 3878 2550 3924; x_wconf 89' lang='lat' dir='ltr'><strong>contra</strong></span> <span class='ocrx_word' id='word_1_563' title='bbox 2598 3885 2700 3924; x_wconf 90' lang='lat' dir='ltr'><strong>nos</strong></span> <span class='ocrx_word' id='word_1_564' title='bbox 2744 3869 2926 3923; x_wconf 79' lang='lat' dir='ltr'><strong>facere</strong></span> <span class='ocrx_word' id='word_1_565' title='bbox 2985 3867 3238 3929; x_wconf 88' lang='lat' dir='ltr'><strong>tentavit,</strong></span> <span class='ocrx_word' id='word_1_566' title='bbox 3291 3863 3568 3936; x_wconf 80' lang='lat' dir='ltr'><strong>provoluti</strong></span> 
     </span>
    </p>
   </div>
   <div class='ocr_carea' id='block_1_84' title="bbox 1971 3954 3567 4032">
    <p class='ocr_par' dir='ltr' id='par_1_84' title="bbox 1971 3954 3567 4032">
     <span class='ocr_line' id='line_1_84' title="bbox 1971 3954 3567 4032; baseline -0.006 -16"><span class='ocrx_word' id='word_1_567' title='bbox 1971 3961 2038 4016; x_wconf 85' lang='lat' dir='ltr'><strong>ad</strong></span> <span class='ocrx_word' id='word_1_568' title='bbox 2073 3961 2242 4030; x_wconf 88' lang='lat' dir='ltr'><strong>pedes</strong></span> <span class='ocrx_word' id='word_1_569' title='bbox 2286 3959 2590 4032; x_wconf 83' lang='lat' dir='ltr'><strong>majestatis</strong></span> <span class='ocrx_word' id='word_1_570' title='bbox 2616 3968 2817 4014; x_wconf 69' lang='lat' dir='ltr'><strong>vestra:</strong></span> <span class='ocrx_word' id='word_1_571' title='bbox 2868 3972 3165 4028; x_wconf 83' lang='lat' dir='ltr'><strong>rogamus,</strong></span> <span class='ocrx_word' id='word_1_572' title='bbox 3203 3966 3261 4010; x_wconf 90' lang='lat' dir='ltr'><strong>ut</strong></span> <span class='ocrx_word' id='word_1_573' title='bbox 3308 3954 3567 4010; x_wconf 86' lang='lat' dir='ltr'><strong>eumdem</strong></span> 
     </span>
    </p>
   </div>
   <div class='ocr_carea' id='block_1_85' title="bbox 1973 4045 3568 4122">
    <p class='ocr_par' dir='ltr' id='par_1_85' title="bbox 1973 4045 3568 4122">
     <span class='ocr_line' id='line_1_85' title="bbox 1973 4045 3568 4122; baseline -0.005 -16"><span class='ocrx_word' id='word_1_574' title='bbox 1973 4052 2451 4122; x_wconf 77' lang='lat' dir='ltr'><strong>religiosissimum</strong></span> <span class='ocrx_word' id='word_1_575' title='bbox 2497 4052 2819 4121; x_wconf 89' lang='lat' dir='ltr'><strong>episcopum</strong></span> <span class='ocrx_word' id='word_1_576' title='bbox 2861 4050 3187 4104; x_wconf 88' lang='lat' dir='ltr'><strong>Dioscorum</strong></span> <span class='ocrx_word' id='word_1_577' title='bbox 3231 4045 3568 4116; x_wconf 89' lang='lat' dir='ltr'><strong>respondere</strong></span> 
     </span>
    </p>
   </div>
   <div class='ocr_carea' id='block_1_86' title="bbox 1967 4133 3569 4214">
    <p class='ocr_par' dir='ltr' id='par_1_86' title="bbox 1967 4133 3569 4214">
     <span class='ocr_line' id='line_1_86' title="bbox 1967 4133 3569 4214; baseline -0.008 -17"><span class='ocrx_word' id='word_1_578' title='bbox 1967 4143 2212 4214; x_wconf 89' lang='lat' dir='ltr'><strong>jubeatis</strong></span> <span class='ocrx_word' id='word_1_579' title='bbox 2239 4141 2307 4195; x_wconf 89' lang='lat' dir='ltr'><strong>iis</strong></span> <span class='ocrx_word' id='word_1_580' title='bbox 2336 4157 2458 4211; x_wconf 68' lang='lat' dir='ltr'><strong>qua:</strong></span> <span class='ocrx_word' id='word_1_581' title='bbox 2483 4156 2514 4195; x_wconf 89' lang='lat' dir='ltr'><strong>a</strong></span> <span class='ocrx_word' id='word_1_582' title='bbox 2549 4139 2710 4193; x_wconf 87' lang='lat' dir='ltr'><strong>nobis</strong></span> <span class='ocrx_word' id='word_1_583' title='bbox 2741 4139 2817 4191; x_wconf 90' lang='lat' dir='ltr'><strong>illi</strong></span> <span class='ocrx_word' id='word_1_584' title='bbox 2860 4137 3200 4206; x_wconf 88' lang='lat' dir='ltr'><strong>objiciuntur</strong></span> <span class='ocrx_word' id='word_1_585' title='bbox 3231 4153 3243 4187; x_wconf 92' lang='lat'><strong>:</strong></span> <span class='ocrx_word' id='word_1_586' title='bbox 3281 4134 3440 4188; x_wconf 84' lang='lat' dir='ltr'><strong>lectis</strong></span> <span class='ocrx_word' id='word_1_587' title='bbox 3465 4133 3569 4186; x_wconf 89' lang='lat' dir='ltr'><strong>sci-</strong></span> 
     </span>
    </p>
   </div>
   <div class='ocr_carea' id='block_1_87' title="bbox 1972 4226 3568 4301">
    <p class='ocr_par' dir='ltr' id='par_1_87' title="bbox 1972 4226 3568 4301">
     <span class='ocr_line' id='line_1_87' title="bbox 1972 4226 3568 4301; baseline -0.008 -13"><span class='ocrx_word' id='word_1_588' title='bbox 1972 4233 2104 4289; x_wconf 88' lang='lat' dir='ltr'><strong>licet</strong></span> <span class='ocrx_word' id='word_1_589' title='bbox 2144 4248 2331 4288; x_wconf 86' lang='lat' dir='ltr'><strong>coram</strong></span> <span class='ocrx_word' id='word_1_590' title='bbox 2364 4232 2712 4286; x_wconf 80' lang='lat' dir='ltr'><strong>sanctissima</strong></span> <span class='ocrx_word' id='word_1_591' title='bbox 2746 4229 2958 4301; x_wconf 82' lang='lat' dir='ltr'><strong>synodo</strong></span> <span class='ocrx_word' id='word_1_592' title='bbox 2989 4226 3369 4281; x_wconf 89' lang='lat' dir='ltr'><strong>monumentis</strong></span> <span class='ocrx_word' id='word_1_593' title='bbox 3414 4234 3568 4279; x_wconf 87' lang='lat' dir='ltr'><strong>acto-</strong></span> 
     </span>
    </p>
   </div>
   <div class='ocr_carea' id='block_1_88' title="bbox 1973 4314 3570 4394">
    <p class='ocr_par' dir='ltr' id='par_1_88' title="bbox 1973 4314 3570 4394">
     <span class='ocr_line' id='line_1_88' title="bbox 1973 4314 3570 4394; baseline -0.007 -16"><span class='ocrx_word' id='word_1_594' title='bbox 1973 4342 2094 4379; x_wconf 86' lang='lat' dir='ltr'><strong>rum</strong></span> <span class='ocrx_word' id='word_1_595' title='bbox 2123 4341 2245 4394; x_wconf 75' lang='lat' dir='ltr'><strong>qua:</strong></span> <span class='ocrx_word' id='word_1_596' title='bbox 2279 4324 2367 4378; x_wconf 91' lang='lat' dir='ltr'><strong>ille</strong></span> <span class='ocrx_word' id='word_1_597' title='bbox 2394 4333 2588 4377; x_wconf 87' lang='lat' dir='ltr'><strong>contra</strong></span> <span class='ocrx_word' id='word_1_598' title='bbox 2630 4337 2730 4376; x_wconf 87' lang='lat' dir='ltr'><strong>nos</strong></span> <span class='ocrx_word' id='word_1_599' title='bbox 2777 4320 3036 4375; x_wconf 78' lang='lat' dir='ltr'><strong>confecit.</strong></span> <span class='ocrx_word' id='word_1_600' title='bbox 3098 4319 3178 4372; x_wconf 81' lang='lat' dir='ltr'><strong>Ex</strong></span> <span class='ocrx_word' id='word_1_601' title='bbox 3224 4317 3429 4386; x_wconf 87' lang='lat' dir='ltr'><strong>quibus</strong></span> <span class='ocrx_word' id='word_1_602' title='bbox 3474 4314 3570 4368; x_wconf 88' lang='lat' dir='ltr'><strong>de-</strong></span> 
     </span>
    </p>
   </div>
   <div class='ocr_carea' id='block_1_89' title="bbox 1972 4409 3576 4487">
    <p class='ocr_par' dir='ltr' id='par_1_89' title="bbox 1972 4409 3576 4487">
     <span class='ocr_line' id='line_1_89' title="bbox 1972 4409 3576 4487; baseline -0.007 -15"><span class='ocrx_word' id='word_1_603' title='bbox 1972 4426 2287 4472; x_wconf 88' lang='lat' dir='ltr'><strong>monstrare</strong></span> <span class='ocrx_word' id='word_1_604' title='bbox 2317 4432 2632 4487; x_wconf 80' lang='lat' dir='ltr'><strong>possumus,</strong></span> <span class='ocrx_word' id='word_1_605' title='bbox 2669 4415 2822 4468; x_wconf 91' lang='lat' dir='ltr'><strong>illum</strong></span> <span class='ocrx_word' id='word_1_606' title='bbox 2863 4422 2917 4467; x_wconf 90' lang='lat' dir='ltr'><strong>et</strong></span> <span class='ocrx_word' id='word_1_607' title='bbox 2943 4428 2971 4465; x_wconf 91' lang='lat' dir='ltr'><strong>a</strong></span> <span class='ocrx_word' id='word_1_608' title='bbox 3005 4421 3151 4466; x_wconf 89' lang='lat' dir='ltr'><strong>recta</strong></span> <span class='ocrx_word' id='word_1_609' title='bbox 3189 4411 3293 4463; x_wconf 81' lang='lat' dir='ltr'><strong>ﬁde</strong></span> <span class='ocrx_word' id='word_1_610' title='bbox 3327 4409 3576 4468; x_wconf 31' lang='lat' dir='ltr'><strong>alienum,</strong></span> 
     </span>
    </p>
   </div>
   <div class='ocr_carea' id='block_1_90' title="bbox 1974 4501 3572 4576">
    <p class='ocr_par' dir='ltr' id='par_1_90' title="bbox 1974 4501 3572 4576">
     <span class='ocr_line' id='line_1_90' title="bbox 1974 4501 3572 4576; baseline -0.006 -15"><span class='ocrx_word' id='word_1_611' title='bbox 1974 4524 2114 4573; x_wconf 87' lang='lat' dir='ltr'><strong>esse,</strong></span> <span class='ocrx_word' id='word_1_612' title='bbox 2140 4517 2196 4562; x_wconf 90' lang='lat' dir='ltr'><strong>et</strong></span> <span class='ocrx_word' id='word_1_613' title='bbox 2236 4507 2487 4562; x_wconf 69' lang='lat' dir='ltr'><strong>hzercsim</strong></span> <span class='ocrx_word' id='word_1_614' title='bbox 2515 4507 2733 4576; x_wconf 90' lang='lat' dir='ltr'><strong>plenam</strong></span> <span class='ocrx_word' id='word_1_615' title='bbox 2779 4503 3080 4572; x_wconf 87' lang='lat' dir='ltr'><strong>impietatis</strong></span> <span class='ocrx_word' id='word_1_616' title='bbox 3107 4501 3484 4560; x_wconf 81' lang='lat' dir='ltr'><strong>conﬁrmasse,</strong></span> <span class='ocrx_word' id='word_1_617' title='bbox 3517 4509 3572 4552; x_wconf 87' lang='lat' dir='ltr'><strong>et</strong></span> 
     </span>
    </p>
   </div>
   <div class='ocr_carea' id='block_1_91' title="bbox 270 4591 1868 4670">
    <p class='ocr_par' dir='ltr' id='par_1_91' title="bbox 270 4597 1866 4670">
     <span class='ocr_line' id='line_1_91' title="bbox 270 4597 1866 4670; baseline 0.004 -23"><span class='ocrx_word' id='word_1_618' title='bbox 270 4614 375 4667; x_wconf 82' lang='grc' dir='ltr'><strong>νην</strong></span> <span class='ocrx_word' id='word_1_619' title='bbox 410 4597 780 4666; x_wconf 74' lang='grc' dir='ltr'>κρατύναντα,</span> <span class='ocrx_word' id='word_1_620' title='bbox 815 4600 911 4652; x_wconf 74' lang='grc' dir='ltr'><strong>καὶ</strong></span> <span class='ocrx_word' id='word_1_621' title='bbox 956 4600 1159 4662; x_wconf 77' lang='grc' dir='ltr'>ἀδίκως</span> <span class='ocrx_word' id='word_1_622' title='bbox 1204 4603 1347 4670; x_wconf 73' lang='grc' dir='ltr'>ἡμᾶς</span> <span class='ocrx_word' id='word_1_623' title='bbox 1398 4601 1721 4665; x_wconf 78' lang='grc' dir='ltr'>καθελόντα,</span> <span class='ocrx_word' id='word_1_624' title='bbox 1771 4605 1866 4655; x_wconf 76' lang='grc' dir='ltr'><strong>καὶ</strong></span> 
     </span>
    </p>
   </div>
   <div class='ocr_carea' id='block_1_92' title="bbox 1974 4591 3566 4670">
    <p class='ocr_par' dir='ltr' id='par_1_92' title="bbox 1975 4591 3566 4667">
     <span class='ocr_line' id='line_1_92' title="bbox 1975 4591 3566 4667; baseline -0.006 -15"><span class='ocrx_word' id='word_1_625' title='bbox 1975 4614 2076 4652; x_wconf 85' lang='lat' dir='ltr'><strong>nos</strong></span> <span class='ocrx_word' id='word_1_626' title='bbox 2105 4598 2304 4667; x_wconf 87' lang='lat' dir='ltr'><strong>injuste</strong></span> <span class='ocrx_word' id='word_1_627' title='bbox 2338 4597 2660 4666; x_wconf 69' lang='lat' dir='ltr'><strong>d‘Cposuisse</strong></span> <span class='ocrx_word' id='word_1_628' title='bbox 2678 4605 2732 4649; x_wconf 86' lang='lat' dir='ltr'><strong>et</strong></span> <span class='ocrx_word' id='word_1_629' title='bbox 2754 4595 3093 4665; x_wconf 78' lang='lat' dir='ltr'><strong>gravissimis</strong></span> <span class='ocrx_word' id='word_1_630' title='bbox 3116 4593 3271 4646; x_wconf 87' lang='lat' dir='ltr'><strong>malis</strong></span> <span class='ocrx_word' id='word_1_631' title='bbox 3288 4591 3566 4646; x_wconf 73' lang='lat' dir='ltr'><strong>aﬂ‘ecisse:</strong></span> 
     </span>
    </p>
   </div>
   <div class='ocr_carea' id='block_1_93' title="bbox 271 4687 1868 4762">
    <p class='ocr_par' dir='ltr' id='par_1_93' title="bbox 271 4687 1868 4762">
     <span class='ocr_line' id='line_1_93' title="bbox 271 4687 1868 4762; baseline 0.005 -24"><span class='ocrx_word' id='word_1_632' title='bbox 271 4689 342 4738; x_wconf 82' lang='grc' dir='ltr'>τὰ</span> <span class='ocrx_word' id='word_1_633' title='bbox 377 4687 523 4739; x_wconf 76' lang='grc' dir='ltr'>δεινὰ</span> <span class='ocrx_word' id='word_1_634' title='bbox 572 4689 717 4760; x_wconf 69' lang='grc' dir='ltr'>ἡμᾶς</span> <span class='ocrx_word' id='word_1_635' title='bbox 748 4691 1221 4759; x_wconf 78' lang='grc' dir='ltr'>κατειργασμένον</span> <span class='ocrx_word' id='word_1_636' title='bbox 1245 4710 1257 4720; x_wconf 89' lang='grc'><strong>·</strong></span> <span class='ocrx_word' id='word_1_637' title='bbox 1298 4693 1458 4745; x_wconf 79' lang='grc' dir='ltr'>θείων</span> <span class='ocrx_word' id='word_1_638' title='bbox 1495 4695 1590 4746; x_wconf 80' lang='grc' dir='ltr'>καὶ</span> <span class='ocrx_word' id='word_1_639' title='bbox 1623 4711 1868 4762; x_wconf 78' lang='grc' dir='ltr'>προσκν-</span> 
     </span>
    </p>
   </div>
   <div class='ocr_carea' id='block_1_94' title="bbox 273 4779 1868 4856">
    <p class='ocr_par' dir='ltr' id='par_1_94' title="bbox 273 4779 1868 4856">
     <span class='ocr_line' id='line_1_94' title="bbox 273 4779 1868 4856; baseline 0.005 -27"><span class='ocrx_word' id='word_1_640' title='bbox 273 4779 554 4847; x_wconf 83' lang='grc' dir='ltr'>νουμένων</span> <span class='ocrx_word' id='word_1_641' title='bbox 585 4779 738 4848; x_wconf 84' lang='grc' dir='ltr'>ὐμῶν</span> <span class='ocrx_word' id='word_1_642' title='bbox 772 4780 1055 4848; x_wconf 78' lang='grc' dir='ltr'>μανδατων</span> <span class='ocrx_word' id='word_1_643' title='bbox 1085 4785 1608 4852; x_wconf 78' lang='grc' dir='ltr'>καταπεμπομένων</span> <span class='ocrx_word' id='word_1_644' title='bbox 1641 4787 1706 4854; x_wconf 81' lang='grc' dir='ltr'>τῇ</span> <span class='ocrx_word' id='word_1_645' title='bbox 1733 4787 1868 4856; x_wconf 79' lang='grc' dir='ltr'>ἁγίᾳ</span> 
     </span>
    </p>
   </div>
   <div class='ocr_carea' id='block_1_95' title="bbox 275 4871 1866 4943">
    <p class='ocr_par' dir='ltr' id='par_1_95' title="bbox 275 4871 1866 4943">
     <span class='ocr_line' id='line_1_95' title="bbox 275 4871 1866 4943; baseline 0.004 -21"><span class='ocrx_word' id='word_1_646' title='bbox 275 4871 373 4922; x_wconf 74' lang='grc' dir='ltr'><strong>καὶ</strong></span> <span class='ocrx_word' id='word_1_647' title='bbox 411 4871 764 4941; x_wconf 76' lang='grc' dir='ltr'>οἰκουμενικῇ</span> <span class='ocrx_word' id='word_1_648' title='bbox 792 4873 995 4942; x_wconf 79' lang='grc' dir='ltr'>συνόδῳ</span> <span class='ocrx_word' id='word_1_649' title='bbox 1033 4873 1143 4926; x_wconf 80' lang='grc' dir='ltr'><strong>τῶν</strong></span> <span class='ocrx_word' id='word_1_650' title='bbox 1181 4873 1618 4943; x_wconf 81' lang='grc' dir='ltr'>θεοφιλεστάτων</span> <span class='ocrx_word' id='word_1_651' title='bbox 1643 4876 1866 4930; x_wconf 80' lang='grc' dir='ltr'>ἐπισκό-</span> 
     </span>
    </p>
   </div>
   <div class='ocr_carea' id='block_1_96' title="bbox 273 4958 1867 5037">
    <p class='ocr_par' dir='ltr' id='par_1_96' title="bbox 273 4958 1867 5037">
     <span class='ocr_line' id='line_1_96' title="bbox 273 4958 1867 5037; baseline 0.005 -25"><span class='ocrx_word' id='word_1_652' title='bbox 273 4979 418 5024; x_wconf 79' lang='grc' dir='ltr'>πων,</span> <span class='ocrx_word' id='word_1_653' title='bbox 450 4963 533 5030; x_wconf 74' lang='grc' dir='ltr'><strong>ἐφ’</strong></span> <span class='ocrx_word' id='word_1_654' title='bbox 566 4958 609 5029; x_wconf 77' lang='grc' dir='ltr'>ᾦ</span> <span class='ocrx_word' id='word_1_655' title='bbox 671 4981 731 5015; x_wconf 84' lang='grc' dir='ltr'><strong>τε</strong></span> <span class='ocrx_word' id='word_1_656' title='bbox 797 4966 953 5033; x_wconf 76' lang='grc' dir='ltr'>ἡμῶν</span> <span class='ocrx_word' id='word_1_657' title='bbox 991 4965 1103 5032; x_wconf 82' lang='lat'><strong>(98)</strong></span> <span class='ocrx_word' id='word_1_658' title='bbox 1137 4969 1230 5017; x_wconf 70' lang='grc' dir='ltr'><strong>καὶ</strong></span> <span class='ocrx_word' id='word_1_659' title='bbox 1296 4966 1391 5019; x_wconf 77' lang='grc' dir='ltr'>τοῦ</span> <span class='ocrx_word' id='word_1_660' title='bbox 1463 4970 1867 5037; x_wconf 82' lang='grc' dir='ltr'>προειρημένου</span> 
     </span>
    </p>
   </div>
   <div class='ocr_carea' id='block_1_97' title="bbox 269 5054 1860 5138">
    <p class='ocr_par' dir='ltr' id='par_1_97' title="bbox 269 5054 1860 5138">
     <span class='ocr_line' id='line_1_97' title="bbox 269 5054 1860 5138; baseline 0.004 -34"><span class='ocrx_word' id='word_1_661' title='bbox 269 5054 572 5122; x_wconf 76' lang='grc' dir='ltr'>Διοσκόρου</span> <span class='ocrx_word' id='word_1_662' title='bbox 621 5055 927 5118; x_wconf 79' lang='grc' dir='ltr'>διακοῦσαι,</span> <span class='ocrx_word' id='word_1_663' title='bbox 974 5057 1069 5109; x_wconf 76' lang='grc' dir='ltr'><strong>καὶ</strong></span> <span class='ocrx_word' id='word_1_664' title='bbox 1103 5058 1417 5122; x_wconf 80' lang='grc' dir='ltr'>ἀνενεγκεῖν</span> <span class='ocrx_word' id='word_1_665' title='bbox 1451 5059 1509 5119; x_wconf 85' lang='grc' dir='ltr'>ὲς</span> <span class='ocrx_word' id='word_1_666' title='bbox 1534 5058 1860 5138; x_wconf 52' lang='grc' dir='ltr'>γνῶσινοτῆς</span> 
     </span>
    </p>
   </div>
   <div class='ocr_carea' id='block_1_98' title="bbox 269 5145 1866 5220">
    <p class='ocr_par' dir='ltr' id='par_1_98' title="bbox 269 5145 1866 5220">
     <span class='ocr_line' id='line_1_98' title="bbox 269 5145 1866 5220; baseline 0.002 -23"><span class='ocrx_word' id='word_1_667' title='bbox 269 5145 554 5213; x_wconf 64' lang='grc' dir='ltr'>ὑμετέρας</span> <span class='ocrx_word' id='word_1_668' title='bbox 592 5146 877 5208; x_wconf 76' lang='grc' dir='ltr'>εὐσεϐείας</span> <span class='ocrx_word' id='word_1_669' title='bbox 922 5148 1102 5199; x_wconf 77' lang='grc' dir='ltr'>πάντα</span> <span class='ocrx_word' id='word_1_670' title='bbox 1131 5148 1200 5199; x_wconf 76' lang='grc' dir='ltr'>τὰ</span> <span class='ocrx_word' id='word_1_671' title='bbox 1239 5150 1592 5219; x_wconf 87' lang='grc' dir='ltr'>πραττόμενα</span> <span class='ocrx_word' id='word_1_672' title='bbox 1626 5150 1764 5220; x_wconf 73' lang='grc' dir='ltr'>πρὸς</span> <span class='ocrx_word' id='word_1_673' title='bbox 1805 5150 1866 5200; x_wconf 76' lang='grc' dir='ltr'>τὸ</span> 
     </span>
    </p>
   </div>
   <div class='ocr_carea' id='block_1_99' title="bbox 273 5238 1868 5314">
    <p class='ocr_par' dir='ltr' id='par_1_99' title="bbox 273 5238 1868 5314">
     <span class='ocr_line' id='line_1_99' title="bbox 273 5238 1868 5314; baseline 0.003 -25"><span class='ocrx_word' id='word_1_674' title='bbox 273 5238 688 5307; x_wconf 77' lang='grc' dir='ltr'>παριστάμενον</span> <span class='ocrx_word' id='word_1_675' title='bbox 713 5242 780 5308; x_wconf 72' lang='grc' dir='ltr'>τῇ</span> <span class='ocrx_word' id='word_1_676' title='bbox 817 5239 1068 5310; x_wconf 78' lang='grc' dir='ltr'>ἀθανάτῳ</span> <span class='ocrx_word' id='word_1_677' title='bbox 1093 5242 1246 5311; x_wconf 82' lang='grc' dir='ltr'>ὐμῶν</span> <span class='ocrx_word' id='word_1_678' title='bbox 1277 5245 1511 5314; x_wconf 75' lang='grc' dir='ltr'>κορυφῇ.</span> <span class='ocrx_word' id='word_1_679' title='bbox 1539 5243 1648 5295; x_wconf 73' lang='grc' dir='ltr'><strong>Καὶ</strong></span> <span class='ocrx_word' id='word_1_680' title='bbox 1675 5242 1868 5296; x_wconf 76' lang='grc' dir='ltr'>τούτου</span> 
     </span>
    </p>
   </div>
   <div class='ocr_carea' id='block_1_100' title="bbox 1975 4684 3571 4745">
    <p class='ocr_par' dir='ltr' id='par_1_100' title="bbox 1975 4684 3571 4745">
     <span class='ocr_line' id='line_1_100' title="bbox 1975 4684 3571 4745; baseline -0.006 -1"><span class='ocrx_word' id='word_1_681' title='bbox 1975 4691 2157 4745; x_wconf 86' lang='lat' dir='ltr'><strong>missis</strong></span> <span class='ocrx_word' id='word_1_682' title='bbox 2195 4689 2452 4744; x_wconf 89' lang='lat' dir='ltr'><strong>videlicet</strong></span> <span class='ocrx_word' id='word_1_683' title='bbox 2498 4688 2670 4743; x_wconf 87' lang='lat' dir='ltr'><strong>sacris</strong></span> <span class='ocrx_word' id='word_1_684' title='bbox 2699 4696 2755 4742; x_wconf 92' lang='lat' dir='ltr'><strong>et</strong></span> <span class='ocrx_word' id='word_1_685' title='bbox 2812 4687 3110 4740; x_wconf 66' lang='lat' dir='ltr'><strong>adorandis</strong></span> <span class='ocrx_word' id='word_1_686' title='bbox 3157 4684 3433 4738; x_wconf 84' lang='lat' dir='ltr'><strong>mandatis</strong></span> <span class='ocrx_word' id='word_1_687' title='bbox 3477 4699 3571 4736; x_wconf 79' lang='lat' dir='ltr'><strong>ve-</strong></span> 
     </span>
    </p>
   </div>
   <div class='ocr_carea' id='block_1_101' title="bbox 1973 4776 3569 4837">
    <p class='ocr_par' dir='ltr' id='par_1_101' title="bbox 1973 4776 3569 4837">
     <span class='ocr_line' id='line_1_101' title="bbox 1973 4776 3569 4837; baseline -0.006 0"><span class='ocrx_word' id='word_1_688' title='bbox 1973 4782 2100 4837; x_wconf 86' lang='lat' dir='ltr'><strong>stris</strong></span> <span class='ocrx_word' id='word_1_689' title='bbox 2129 4781 2197 4836; x_wconf 87' lang='lat' dir='ltr'><strong>ad</strong></span> <span class='ocrx_word' id='word_1_690' title='bbox 2233 4790 2479 4836; x_wconf 82' lang='lat' dir='ltr'><strong>sanctam</strong></span> <span class='ocrx_word' id='word_1_691' title='bbox 2511 4789 2566 4834; x_wconf 70' lang='lat' dir='ltr'><strong>et</strong></span> <span class='ocrx_word' id='word_1_692' title='bbox 2606 4780 2971 4834; x_wconf 87' lang='lat' dir='ltr'><strong>universalem</strong></span> <span class='ocrx_word' id='word_1_693' title='bbox 2999 4778 3269 4832; x_wconf 82' lang='lat' dir='ltr'><strong>svnodum</strong></span> <span class='ocrx_word' id='word_1_694' title='bbox 3303 4776 3413 4830; x_wconf 91' lang='lat' dir='ltr'><strong>Deo</strong></span> <span class='ocrx_word' id='word_1_695' title='bbox 3431 4776 3569 4828; x_wconf 52' lang='lat' dir='ltr'><strong>chav</strong></span> 
     </span>
    </p>
   </div>
   <div class='ocr_carea' id='block_1_102' title="bbox 1974 4867 3573 4944">
    <p class='ocr_par' dir='ltr' id='par_1_102' title="bbox 1974 4867 3573 4944">
     <span class='ocr_line' id='line_1_102' title="bbox 1974 4867 3573 4944; baseline -0.005 -17"><span class='ocrx_word' id='word_1_696' title='bbox 1974 4874 2318 4929; x_wconf 89' lang='lat' dir='ltr'><strong>rissimornm</strong></span> <span class='ocrx_word' id='word_1_697' title='bbox 2349 4875 2735 4944; x_wconf 87' lang='lat' dir='ltr'><strong>episcoporum</strong></span> <span class='ocrx_word' id='word_1_698' title='bbox 2758 4911 2773 4936; x_wconf 97' lang='lat'><strong>,</strong></span> <span class='ocrx_word' id='word_1_699' title='bbox 2803 4881 2866 4926; x_wconf 91' lang='lat' dir='ltr'><strong>ut</strong></span> <span class='ocrx_word' id='word_1_700' title='bbox 2904 4885 3127 4925; x_wconf 88' lang='lat' dir='ltr'><strong>causam</strong></span> <span class='ocrx_word' id='word_1_701' title='bbox 3158 4885 3282 4938; x_wconf 68' lang='lat' dir='ltr'><strong>qua:</strong></span> <span class='ocrx_word' id='word_1_702' title='bbox 3311 4877 3395 4922; x_wconf 92' lang='lat' dir='ltr'><strong>est</strong></span> <span class='ocrx_word' id='word_1_703' title='bbox 3427 4867 3573 4920; x_wconf 84' lang='lat' dir='ltr'><strong>inter</strong></span> 
     </span>
    </p>
   </div>
   <div class='ocr_carea' id='block_1_103' title="bbox 1976 4958 3572 5035">
    <p class='ocr_par' dir='ltr' id='par_1_103' title="bbox 1976 4958 3572 5035">
     <span class='ocr_line' id='line_1_103' title="bbox 1976 4958 3572 5035; baseline -0.006 -15"><span class='ocrx_word' id='word_1_704' title='bbox 1976 4983 2078 5022; x_wconf 88' lang='lat' dir='ltr'><strong>nos</strong></span> <span class='ocrx_word' id='word_1_705' title='bbox 2109 4958 2167 5020; x_wconf 86' lang='lat' dir='ltr'><strong>et</strong></span> <span class='ocrx_word' id='word_1_706' title='bbox 2189 4982 2354 5035; x_wconf 90' lang='lat' dir='ltr'><strong>supra</strong></span> <span class='ocrx_word' id='word_1_707' title='bbox 2395 4979 2763 5020; x_wconf 73' lang='lat' dir='ltr'><strong>memormum</strong></span> <span class='ocrx_word' id='word_1_708' title='bbox 2788 4965 3137 5026; x_wconf 89' lang='lat' dir='ltr'><strong>Dioscorum,</strong></span> <span class='ocrx_word' id='word_1_709' title='bbox 3171 4968 3485 5029; x_wconf 84' lang='lat' dir='ltr'><strong>cognoscat,</strong></span> <span class='ocrx_word' id='word_1_710' title='bbox 3515 4966 3572 5012; x_wconf 90' lang='lat' dir='ltr'><strong>et</strong></span> 
     </span>
    </p>
   </div>
   <div class='ocr_carea' id='block_1_104' title="bbox 1973 5055 3571 5127">
    <p class='ocr_par' dir='ltr' id='par_1_104' title="bbox 1973 5055 3571 5127">
     <span class='ocr_line' id='line_1_104' title="bbox 1973 5055 3571 5127; baseline -0.005 -15"><span class='ocrx_word' id='word_1_711' title='bbox 1973 5059 2040 5111; x_wconf 88' lang='lat' dir='ltr'><strong>ad</strong></span> <span class='ocrx_word' id='word_1_712' title='bbox 2075 5059 2333 5112; x_wconf 86' lang='lat' dir='ltr'><strong>notitiam</strong></span> <span class='ocrx_word' id='word_1_713' title='bbox 2363 5058 2583 5127; x_wconf 89' lang='lat' dir='ltr'><strong>pietatis</strong></span> <span class='ocrx_word' id='word_1_714' title='bbox 2611 5065 2812 5111; x_wconf 70' lang='lat' dir='ltr'><strong>vestra:</strong></span> <span class='ocrx_word' id='word_1_715' title='bbox 2842 5064 3042 5110; x_wconf 87' lang='lat' dir='ltr'><strong>cuncta</strong></span> <span class='ocrx_word' id='word_1_716' title='bbox 3075 5055 3279 5109; x_wconf 85' lang='lat' dir='ltr'><strong>referat</strong></span> <span class='ocrx_word' id='word_1_717' title='bbox 3317 5069 3440 5123; x_wconf 73' lang='lat' dir='ltr'><strong>qua:</strong></span> <span class='ocrx_word' id='word_1_718' title='bbox 3471 5060 3571 5122; x_wconf 65' lang='lat' dir='ltr'><strong>ge-</strong></span> 
     </span>
    </p>
   </div>
   <div class='ocr_carea' id='block_1_105' title="bbox 1976 5144 3569 5220">
    <p class='ocr_par' dir='ltr' id='par_1_105' title="bbox 1976 5144 3569 5220">
     <span class='ocr_line' id='line_1_105' title="bbox 1976 5144 3569 5220; baseline -0.002 -18"><span class='ocrx_word' id='word_1_719' title='bbox 1976 5159 2200 5214; x_wconf 89' lang='lat' dir='ltr'><strong>runtur,</strong></span> <span class='ocrx_word' id='word_1_720' title='bbox 2228 5150 2384 5220; x_wconf 80' lang='lat' dir='ltr'><strong>juxta</strong></span> <span class='ocrx_word' id='word_1_721' title='bbox 2415 5149 2469 5202; x_wconf 92' lang='lat' dir='ltr'><strong>id</strong></span> <span class='ocrx_word' id='word_1_722' title='bbox 2493 5149 2640 5219; x_wconf 90' lang='lat' dir='ltr'><strong>quod</strong></span> <span class='ocrx_word' id='word_1_723' title='bbox 2694 5148 2958 5218; x_wconf 76' lang='lat' dir='ltr'><strong>placuerit</strong></span> <span class='ocrx_word' id='word_1_724' title='bbox 3006 5147 3304 5207; x_wconf 88' lang='lat' dir='ltr'><strong>immortali</strong></span> <span class='ocrx_word' id='word_1_725' title='bbox 3337 5144 3569 5200; x_wconf 87' lang='lat' dir='ltr'><strong>culmini</strong></span> 
     </span>
    </p>
   </div>
   <div class='ocr_carea' id='block_1_106' title="bbox 1980 5238 3568 5306">
    <p class='ocr_par' dir='ltr' id='par_1_106' title="bbox 1980 5238 3568 5306">
     <span class='ocr_line' id='line_1_106' title="bbox 1980 5238 3568 5306; baseline 0 -12"><span class='ocrx_word' id='word_1_726' title='bbox 1980 5249 2185 5296; x_wconf 87' lang='lat' dir='ltr'><strong>vestro.</strong></span> <span class='ocrx_word' id='word_1_727' title='bbox 2231 5240 2346 5295; x_wconf 87' lang='lat' dir='ltr'><strong>lloc</strong></span> <span class='ocrx_word' id='word_1_728' title='bbox 2404 5241 2449 5294; x_wconf 92' lang='lat' dir='ltr'><strong>si</strong></span> <span class='ocrx_word' id='word_1_729' title='bbox 2507 5241 2792 5296; x_wconf 86' lang='lat' dir='ltr'><strong>consecuti</strong></span> <span class='ocrx_word' id='word_1_730' title='bbox 2829 5240 3120 5306; x_wconf 77' lang='lat' dir='ltr'><strong>fuerunus,</strong></span> <span class='ocrx_word' id='word_1_731' title='bbox 3170 5239 3463 5294; x_wconf 87' lang='lat' dir='ltr'><strong>continuas</strong></span> <span class='ocrx_word' id='word_1_732' title='bbox 3499 5238 3568 5294; x_wconf 80' lang='lat' dir='ltr'><strong>ad</strong></span> 
     </span>
    </p>
   </div>
   <div class='ocr_carea' id='block_1_107' title="bbox 1591 5373 2279 5432">
    <p class='ocr_par' dir='ltr' id='par_1_107' title="bbox 1591 5373 2279 5432">
     <span class='ocr_line' id='line_1_107' title="bbox 1591 5373 2279 5432; baseline 0.004 -5"><span class='ocrx_word' id='word_1_733' title='bbox 1591 5375 1828 5431; x_wconf 74' lang='lat' dir='ltr'><strong>VARME</strong></span> <span class='ocrx_word' id='word_1_734' title='bbox 1865 5373 2279 5432; x_wconf 72' lang='lat' dir='ltr'><strong>LECTIONES.</strong></span> 
     </span>
    </p>
   </div>
   <div class='ocr_carea' id='block_1_108' title="bbox 356 5465 638 5536">
    <p class='ocr_par' dir='ltr' id='par_1_108' title="bbox 356 5465 638 5536">
     <span class='ocr_line' id='line_1_108' title="bbox 356 5465 638 5536; baseline 0.004 -17"><span class='ocrx_word' id='word_1_735' title='bbox 356 5468 400 5499; x_wconf 78' lang='lat'><strong>&quot;</strong></span> <span class='ocrx_word' id='word_1_736' title='bbox 431 5465 533 5536; x_wconf 76' lang='grc' dir='ltr'>τήν</span> <span class='ocrx_word' id='word_1_737' title='bbox 553 5481 638 5520; x_wconf 87' lang='grc' dir='ltr'><strong>τε.</strong></span> 
     </span>
    </p>
   </div>
   <div class='ocr_carea' id='block_1_109' title="bbox 1492 5586 2361 5650">
    <p class='ocr_par' dir='ltr' id='par_1_109' title="bbox 1492 5586 2361 5650">
     <span class='ocr_line' id='line_1_109' title="bbox 1492 5586 2361 5650; baseline 0.009 -8"><span class='ocrx_word' id='word_1_738' title='bbox 1492 5586 1766 5643; x_wconf 78' lang='lat' dir='ltr'><strong>VALESII</strong></span> <span class='ocrx_word' id='word_1_739' title='bbox 1799 5589 2361 5650; x_wconf 75' lang='lat' dir='ltr'><strong>ANNOTATIONES.</strong></span> 
     </span>
    </p>
   </div>
   <div class='ocr_carea' id='block_1_110' title="bbox 355 5670 1865 5748">
    <p class='ocr_par' dir='ltr' id='par_1_110' title="bbox 355 5670 1865 5748">
     <span class='ocr_line' id='line_1_110' title="bbox 355 5670 1865 5748; baseline 0.003 -20"><span class='ocrx_word' id='word_1_740' title='bbox 355 5678 466 5743; x_wconf 68' lang='lat'><strong>(98)</strong></span> <span class='ocrx_word' id='word_1_741' title='bbox 493 5670 705 5748; x_wconf 67' lang='grc' dir='ltr'>’.αντε</span> <span class='ocrx_word' id='word_1_742' title='bbox 742 5673 932 5748; x_wconf 73' lang='grc' dir='ltr'>ἡμῶν.</span> <span class='ocrx_word' id='word_1_743' title='bbox 969 5678 1026 5731; x_wconf 83' lang='grc' dir='ltr'>1η</span> <span class='ocrx_word' id='word_1_744' title='bbox 1060 5679 1271 5748; x_wconf 74' lang='lat' dir='ltr'><strong>optimo</strong></span> <span class='ocrx_word' id='word_1_745' title='bbox 1299 5679 1492 5734; x_wconf 85' lang='lat' dir='ltr'><strong>codice</strong></span> <span class='ocrx_word' id='word_1_746' title='bbox 1541 5679 1865 5733; x_wconf 86' lang='lat' dir='ltr'><strong>Florentino</strong></span> 
     </span>
    </p>
   </div>
   <div class='ocr_carea' id='block_1_111' title="bbox 267 5744 1866 5820">
    <p class='ocr_par' dir='ltr' id='par_1_111' title="bbox 267 5744 1866 5820">
     <span class='ocr_line' id='line_1_111' title="bbox 267 5744 1866 5820; baseline -0.001 -18"><span class='ocrx_word' id='word_1_747' title='bbox 267 5752 368 5810; x_wconf 78' lang='lat' dir='ltr'><strong>hic</strong></span> <span class='ocrx_word' id='word_1_748' title='bbox 407 5749 588 5820; x_wconf 69' lang='lat' dir='ltr'><strong>locus</strong></span> <span class='ocrx_word' id='word_1_749' title='bbox 621 5745 696 5800; x_wconf 89' lang='lat' dir='ltr'><strong>ita</strong></span> <span class='ocrx_word' id='word_1_750' title='bbox 764 5746 1000 5817; x_wconf 88' lang='lat' dir='ltr'><strong>legitur:</strong></span> <span class='ocrx_word' id='word_1_751' title='bbox 1063 5744 1159 5816; x_wconf 71' lang='grc' dir='ltr'><strong>ἐφ’</strong></span> <span class='ocrx_word' id='word_1_752' title='bbox 1197 5744 1241 5815; x_wconf 78' lang='grc' dir='ltr'>ᾧ</span> <span class='ocrx_word' id='word_1_753' title='bbox 1277 5765 1336 5802; x_wconf 81' lang='grc' dir='ltr'><strong>τε</strong></span> <span class='ocrx_word' id='word_1_754' title='bbox 1402 5749 1563 5820; x_wconf 72' lang='grc' dir='ltr'>ἡμῶν</span> <span class='ocrx_word' id='word_1_755' title='bbox 1620 5751 1716 5820; x_wconf 73' lang='grc' dir='ltr'><strong>καὶ</strong></span> <span class='ocrx_word' id='word_1_756' title='bbox 1771 5753 1866 5802; x_wconf 78' lang='grc' dir='ltr'>τοῦ</span> 
     </span>
    </p>
   </div>
   <div class='ocr_carea' id='block_1_112' title="bbox 269 5816 1863 5888">
    <p class='ocr_par' dir='ltr' id='par_1_112' title="bbox 269 5816 1863 5888">
     <span class='ocr_line' id='line_1_112' title="bbox 269 5816 1863 5888; baseline 0 -15"><span class='ocrx_word' id='word_1_757' title='bbox 269 5816 687 5888; x_wconf 66' lang='grc' dir='ltr'>προειρημένου</span> <span class='ocrx_word' id='word_1_758' title='bbox 708 5816 1000 5886; x_wconf 77' lang='grc' dir='ltr'>Διοσκόρου</span> <span class='ocrx_word' id='word_1_759' title='bbox 1040 5819 1342 5874; x_wconf 72' lang='grc' dir='ltr'>διακοῦσαι.</span> <span class='ocrx_word' id='word_1_760' title='bbox 1386 5816 1863 5886; x_wconf 78' lang='lat' dir='ltr'><strong>Quemadmodum</strong></span> 
     </span>
    </p>
   </div>
   <div class='ocr_carea' id='block_1_113' title="bbox 269 5888 1867 5964">
    <p class='ocr_par' dir='ltr' id='par_1_113' title="bbox 269 5888 1867 5964">
     <span class='ocr_line' id='line_1_113' title="bbox 269 5888 1867 5964; baseline -0.001 -16"><span class='ocrx_word' id='word_1_761' title='bbox 269 5892 446 5948; x_wconf 82' lang='lat' dir='ltr'><strong>etiam</strong></span> <span class='ocrx_word' id='word_1_762' title='bbox 512 5888 716 5964; x_wconf 77' lang='lat' dir='ltr'><strong>legitur</strong></span> <span class='ocrx_word' id='word_1_763' title='bbox 773 5889 827 5946; x_wconf 92' lang='lat' dir='ltr'><strong>in</strong></span> <span class='ocrx_word' id='word_1_764' title='bbox 883 5890 1036 5945; x_wconf 79' lang='lat' dir='ltr'><strong>Actis</strong></span> <span class='ocrx_word' id='word_1_765' title='bbox 1096 5890 1563 5948; x_wconf 84' lang='lat' dir='ltr'><strong>Chalcedonensis</strong></span> <span class='ocrx_word' id='word_1_766' title='bbox 1623 5893 1867 5947; x_wconf 86' lang='lat' dir='ltr'><strong>concilii.</strong></span> 
     </span>
    </p>
   </div>
   <div class='ocr_carea' id='block_1_114' title="bbox 1972 5683 3569 5756">
    <p class='ocr_par' dir='ltr' id='par_1_114' title="bbox 1972 5683 3569 5756">
     <span class='ocr_line' id='line_1_114' title="bbox 1972 5683 3569 5756; baseline 0.008 -18"><span class='ocrx_word' id='word_1_767' title='bbox 1972 5683 2516 5756; x_wconf 89' lang='lat' dir='ltr'><strong>Christophorsonus</strong></span> <span class='ocrx_word' id='word_1_768' title='bbox 2549 5686 2774 5756; x_wconf 72' lang='lat' dir='ltr'><strong>quidem</strong></span> <span class='ocrx_word' id='word_1_769' title='bbox 2812 5702 2875 5741; x_wconf 91' lang='lat' dir='ltr'><strong>ac</strong></span> <span class='ocrx_word' id='word_1_770' title='bbox 2918 5689 3160 5744; x_wconf 84' lang='lat' dir='ltr'><strong>Savilins</strong></span> <span class='ocrx_word' id='word_1_771' title='bbox 3183 5690 3252 5746; x_wconf 86' lang='lat' dir='ltr'><strong>ad</strong></span> <span class='ocrx_word' id='word_1_772' title='bbox 3286 5706 3441 5746; x_wconf 91' lang='lat' dir='ltr'><strong>oram</strong></span> <span class='ocrx_word' id='word_1_773' title='bbox 3478 5695 3569 5750; x_wconf 87' lang='lat' dir='ltr'><strong>sui</strong></span> 
     </span>
    </p>
   </div>
   <div class='ocr_carea' id='block_1_115' title="bbox 1974 5752 3565 5828">
    <p class='ocr_par' dir='ltr' id='par_1_115' title="bbox 1974 5752 3565 5828">
     <span class='ocr_line' id='line_1_115' title="bbox 1974 5752 3565 5828; baseline 0.008 -22"><span class='ocrx_word' id='word_1_774' title='bbox 1974 5752 2741 5828; x_wconf 40' lang='lat' dir='ltr'><strong>cmlicis&#39;emendavit,egoh}:</strong></span> <span class='ocrx_word' id='word_1_775' title='bbox 2769 5759 2929 5828; x_wconf 75' lang='grc' dir='ltr'>ἡμῶν</span> <span class='ocrx_word' id='word_1_776' title='bbox 2959 5763 3052 5812; x_wconf 74' lang='grc' dir='ltr'><strong>καὶ</strong></span> <span class='ocrx_word' id='word_1_777' title='bbox 3081 5762 3172 5826; x_wconf 76' lang='grc' dir='ltr'><strong>τά,</strong></span> <span class='ocrx_word' id='word_1_778' title='bbox 3217 5772 3326 5818; x_wconf 84' lang='lat' dir='ltr'><strong>etc.</strong></span> <span class='ocrx_word' id='word_1_779' title='bbox 3381 5764 3565 5819; x_wconf 76' lang='lat' dir='ltr'><strong>Malim</strong></span> 
     </span>
    </p>
   </div>
   <div class='ocr_carea' id='block_1_116' title="bbox 1975 5821 3136 5905">
    <p class='ocr_par' dir='ltr' id='par_1_116' title="bbox 1975 5821 3136 5905">
     <span class='ocr_line' id='line_1_116' title="bbox 1975 5821 3136 5905; baseline 0.005 -26"><span class='ocrx_word' id='word_1_780' title='bbox 1975 5835 2158 5882; x_wconf 82' lang='lat' dir='ltr'><strong>tamen</strong></span> <span class='ocrx_word' id='word_1_781' title='bbox 2197 5829 2445 5885; x_wconf 81' lang='lat' dir='ltr'><strong>scribere</strong></span> <span class='ocrx_word' id='word_1_782' title='bbox 2472 5829 2540 5900; x_wconf 74' lang='grc' dir='ltr'>ἐφ</span> <span class='ocrx_word' id='word_1_783' title='bbox 2575 5821 2888 5903; x_wconf 42' lang='lat' dir='ltr'><strong>«iliaci-cs.</strong></span> <span class='ocrx_word' id='word_1_784' title='bbox 2913 5830 3006 5884; x_wconf 86' lang='grc' dir='ltr'>τοῦ</span> <span class='ocrx_word' id='word_1_785' title='bbox 3039 5849 3136 5905; x_wconf 82' lang='grc' dir='ltr'><strong>πρ.</strong></span> 
     </span>
    </p>
   </div>
  </div>
