4108 6470
206 404 350 471 2553

1148 403 1536 463 HlSTORI/E
1569 401 2164 463 ECCLESIASTICE
2206 403 2439 462 LIBER
2479 403 2564 464 Il.

3351 401 3494 467 2554

206 515 398 584 σάρκα
423 513 519 568 τοῦ
545 514 680 569 Θεοῦ
728 516 820 568 καὶ
845 514 1052 586 κυρίου
1083 516 1175 568 καὶ
1209 513 1459 585 Σωτῆρος
1495 514 1658 584 ἡμῶν
1696 513 1801 584 Ἰη-

1908 526 1935 565 e
1968 510 2110 565 caelo
2150 509 2530 576 descendisse;
2605 507 2923 567 indicabant
2971 522 3090 567 aeta
3194 512 3496 568 Eusebium

208 607 310 659 σού
346 603 584 678 Χριστοῦ
637 607 695 673 ἐξ
742 605 987 675 οὐρανῶν
1045 604 1498 674 κατεληλυθέναι,
1533 603 1799 656 Εὑσέϐιον

207 699 371 767 ἔλεγε
404 701 472 753 τὰ
501 701 806 770 γράμματα
861 699 999 770 πρὸς
1028 697 1203 752 ταῦτα
1235 697 1554 762 διεξελθεῖν,
1591 697 1665 760 ὡς
1721 698 1800 749 ει-

211 789 382 857 ρήκει
410 789 507 858 μὲν
542 789 602 842 τὸ
647 789 704 853 ἐξ
733 790 999 860 οὐρανῶν,
1025 790 1084 842 οὐ
1113 788 1494 858 προστεθεικει
1524 789 1579 841 δὲ
1611 788 1789 840 πόθεν.

227 879 477 944 Ἑπεῐξαι
508 881 585 948 (2)
627 881 683 933 δὲ
715 881 972 948 Διογένην
997 874 1294 933 ἐπίσκοπον
1330 879 1593 948 Κυζίκου.
1617 873 1796 932 Πόθεν

211 968 311 1021 οὖν
353 966 471 1022 εἷπε
503 971 579 1039 (ὅ)
613 989 627 1036 ;
660 971 754 1022 καὶ
813 969 888 1039 μὴ
919 969 1344 1039 συγχωρηθῆναι
1373 969 1573 1029 αὐτους
1606 985 1802 1039 περαι-

207 1073 362 1128 τέρω
388 1062 594 1113 τούτων
626 1061 978 1130 ἐπιζητῆσαι.
1018 1056 1149 1112 Εἶτα
1189 1059 1410 1129 δηλοῦσι
1443 1057 1511 1111 τὰ
1537 1059 1676 1111 αὐτὰ
1703 1076 1800 1111 πε-

209 1155 533 1222 πραγμένα,
561 1152 844 1206 Βασίλειον
864 1153 930 1222 lj)
950 1151 1248 1203 ἐπίσκοπον
1272 1150 1593 1213 Σελευκείας
1630 1149 1800 1205 Ἰσαυ-

213 1243 360 1313 ρεας,
385 1245 592 1295 εἰπεῖν·
633 1243 930 1314 Προσκυνῶ
979 1243 1072 1294 τὸν
1119 1243 1214 1294 ἕνα
1241 1235 1444 1310 Κύριον
1497 1243 1653 1311 ἡμῶν
1691 1244 1800 1312 Ἰη-

209 1335 346 1386 σούν
399 1335 636 1400 Χριστὸν
684 1334 774 1387 τὸν
833 1335 960 1388 Υἱον
1010 1334 1104 1386 τοῦ
1163 1333 1439 1399 Θεοῦ,τδν
1474 1334 1634 1404 μόνον
1666 1334 1799 1386 Θεὸν

209 1424 396 1492 Λόγον
430 1426 573 1488 μετὰ
610 1426 706 1494 τὴν
745 1427 1024 1495 σάρκωσιν
1065 1425 1162 1478 καὶ
1199 1425 1298 1493 τὴν
1355 1425 1572 1487 ἕνωσιν,
1615 1424 1671 1476 ὲν
1705 1423 1799 1477 δύο

210 1515 413 1581 φύσεσι
448 1517 871 1585 γνωριζόμενον.
906 1516 1016 1569 Καὶ
1065 1515 1201 1584 πρὸς
1251 1514 1427 1570 ταῦτα
1471 1517 1599 1578 τοὺς
1629 1515 1799 1582 Αιγυ-

210 1606 410 1668 πτίους
438 1607 742 1674 ὰναὸοῆσαι
762 1623 776 1637 ⁸
807 1608 912 1658 Τὸν
943 1605 1241 1680 ἀμέριστον
1275 1607 1466 1676 μηδεὶς
1488 1607 1795 1677 χωριζέτω,

208 1699 305 1750 τὸν
340 1697 437 1751 ἕνα
464 1698 511 1756 1'
517 1698 593 1750 ἱὸν
617 1699 677 1751 οὐ
711 1699 793 1750 δεῖ
817 1698 996 1766 λέγειν
1026 1698 1139 1751 δύο.
1170 1683 1309 1758 Τοὺς
1327 1687 1391 1749 δὲ
1417 1697 1800 1762 Ἀνατολικοὺς

209 1789 550 1854 κραυγάσιι,
597 1788 869 1858 ’Ᾱνάθεμα
921 1789 998 1858 τῷ
1051 1789 1350 1860 μερίζοντι,
1409 1789 1657 1859 ἀνάθεμα
1720 1789 1798 1860 τῷ

1909 602 2176 656 adversus
2227 602 2345 657 haec
2375 601 2580 656 dixisse
2605 643 2619 658 .
2674 602 2964 656 damnatos
3015 602 3238 672 quidem
3275 620 3394 660 esse
3427 607 3496 659 ah

1909 693 2153 764 Eutyche
2194 709 2292 748 eos
2325 693 2426 763 qui
2467 694 2716 755 dicerent
2762 710 2983 748 carnem
3008 694 3212 749 Christi
3271 711 3301 749 e
3354 698 3498 750 emto

1907 785 2282 849 descendisse,
2332 785 2427 840 sed
2463 802 2572 839 non
2614 769 2862 838 additum
2913 801 3035 840 esse
3069 786 3135 839 ab
3169 787 3284 849 illo,
3317 787 3498 841 unde-

1909 890 2036 929 nam
2065 883 2218 929 esset
2241 891 2392 930 caro.
2422 875 2714 929 Addebam.
2757 876 2920 929 etiam
2969 875 3160 928 eadem
3197 884 3340 939 acta,
3374 877 3499 930 Dio-

1907 981 2100 1036 genem
2135 966 2455 1035 cpisc0pum
2496 966 2679 1037 (ἐγῑίρὶ
2732 967 2848 1020 hazc
2893 966 3059 1020 verba
3104 968 3497 1036 subjunxisse:

1908 1057 2005 1112 Dic
2047 1056 2216 1126 igitur
2251 1057 2437 1110 unde?
2467 1073 2569 1111 nec
2603 1067 2781 1111 tamen
2813 1058 3139 1127 permissum
3181 1059 3290 1112 illis
3327 1059 3498 1114 fuisse

1909 1162 1967 1204 ut
1999 1137 2236 1218 amplius
2265 1151 2630 1220 inquirerent.
2656 1151 2863 1204 Deinde
2897 1151 3092 1204 eadem
3139 1160 3258 1204 acta
3285 1150 3465 1204 indica

1908 1242 2041 1296 bant
2101 1241 2361 1295 Basilium
2388 1242 2650 1296 Seleucia:
2703 1244 2756 1295 in
2788 1243 2999 1296 Isauria
3032 1242 3351 1311 episcopum
3383 1243 3500 1296 hzec

1910 1340 2366 1394 dixissezAdoro
2428 1356 2598 1393 unum
2648 1339 2943 1392 Dominum
2998 1345 3248 1390 nostrum
3312 1335 3495 1389 Jesum

1906 1430 2213 1493 Christum,
2246 1430 2443 1484 Filium
2475 1430 2568 1483 Dei
2606 1429 2972 1498 unigenitum,
3025 1427 3196 1480 Deum
3231 1424 3474 1479 Verbum

1906 1522 2000 1591 qui
2027 1527 2150 1590 post
2181 1520 2611 1574 incarnationem
2635 1528 2690 1572 et
2721 1519 3049 1579 unitionem,
3079 1517 3133 1569 in
3164 1516 3380 1569 duabus
3402 1530 3493 1568 na-

1909 1614 2048 1668 turis
2087 1611 2457 1681 cognoscitur.
2490 1611 2557 1664 Et
2582 1610 2846 1664 adversus
2874 1605 2976 1663 ista
3011 1605 3291 1679 .‘Egyptios
3321 1605 3502 1661 excla-

1908 1720 2087 1758 masse
2138 1722 2151 1757 :
2195 1705 2329 1757 Eum
2364 1704 2456 1772 qui
2509 1703 2865 1772 impartibilis
2916 1716 3020 1765 εει,
3060 1717 3222 1754 nemo
3265 1698 3497 1753 dividat.

1907 1795 2088 1851 Unum
2139 1794 2336 1848 Filium
2369 1807 2477 1846 non
2514 1800 2737 1861 oportet
2778 1791 2966 1844 dicere
3007 1789 3142 1840 duo.
3191 1786 3501 1842 Orientales

205 1879 534 1949 διαιροῦντι.
590 1881 968 1952 Ἐρωτηθῆναι
1021 1881 1079 1934 δὲ
1133 1882 1226 1934 τὸν
1287 1880 1506 1951 Εὐτυχῆ
1561 1883 1628 1934 τὰ
1660 1881 1798 1936 αὐτὰ

1908 1900 2036 1939 vero
2058 1885 2349 1938 clamasse:
2377 1884 2684 1937 Anathema
2706 1883 2754 1936 ei
2783 1882 2876 1951 qui
2902 1879 3178 1950 partitur;
3207 1879 3500 1931 anathema

213 1972 585 2040 πεπραγμένα
635 1973 806 2041 λέγει,
861 1973 912 2027 ετ
939 1989 1075 2042 φησι
1111 1972 1204 2025 δύο
1247 1971 1440 2041 φύσεις
1475 1973 1532 2025 ὲν
1558 1972 1637 2043 τῷ
1667 1973 1804 2043 Χρι-

210 2060 362 2128 στῷο
392 2062 566 2113 εἰπεῖν
608 2077 668 2114 τε
714 2064 946 2123 ἐκεῖνον,
979 2063 1042 2115 ὲκ
1082 2061 1176 2114 δύο
1222 2062 1320 2130 μὲν
1357 2061 1574 2130 φύσεων
1601 2042 1802 2114 εἰδέναι

207 2159 305 2207 τὸν
359 2155 592 2226 Χριστὸν
648 2154 755 2222 πρὸ
807 2155 906 2219 τῆς
948 2153 1231 2213 ἑνώσεως·
1266 2154 1405 2220 μετὰ
1457 2152 1513 2204 δὲ
1546 2154 1643 2221 τὴν
1675 2153 1806 2204 ἕνω-

212 2261 300 2293 σιν
328 2243 426 2308 (ἡ),
473 2243 635 2309 μίαν·
670 2244 845 2292 εἰπεῖν
873 2258 931 2292 τε
977 2241 1278 2305 Βασίλειον,
1330 2242 1405 2303 ὡς
1454 2245 1500 2294 εἰ
1552 2242 1624 2312 μὴ
1666 2243 1804 2312 μετὰ

209 2333 313 2401 τὴν
363 2333 558 2385 ἕνωσιν
609 2334 950 2402 ἀχωρίστους
1001 2335 1096 2386 καὶ
1148 2333 1493 2404 ἀσυγχύτους
1524 2336 1671 2403 λέγει
1711 2336 1804 2388 δύο

212 2423 435 2487 φύσεις,
487 2424 750 2493 σύγχυσιν
815 2425 962 2490 λέγει
1016 2427 1109 2477 καὶ
1164 2425 1499 2495 σύγκρασιν*
1538 2427 1585 2478 ει
1620 2426 1804 2496 μέντοι

217 2515 527 2585 προσθήσει
560 2516 996 2584 σεσαρκωμένην
1027 2518 1120 2569 καὶ
1148 2518 1678 2587 ἐνανθρωπήσασαν,
1705 2518 1806 2570 ’καὶ

211 2609 403 2678 νοήσει
445 2607 847 2678 παραπλησίως
903 2608 1159 2678 Κυρξλλῳ
1217 2612 1317 2678 τὴν
1375 2611 1651 2680 σάρκωσιν
1710 2612 1805 2666 ναὶ

207 2702 312 2767 τὴν
353 2699 794 2770 ἑνανθρώπησιν,
831 2699 899 2752 τὰ
929 2701 1069 2754 αὐτὰ
1125 2700 1310 2759 λέγειν
1357 2703 1563 2764 αὐτοῖς.
1641 2704 1805 2756 Ἀλλο

215 2793 318 2861 μὲν
358 2792 467 2859 γάρ
521 2810 575 2845 τι
628 2791 770 2845 εἶναι
797 2794 898 2864 τὴν
928 2793 1158 2864 θεότητα
1188 2795 1287 2864 τὴν
1323 2796 1386 2847 ἐκ
1416 2794 1509 2846 τοῦ
1547 2795 1762 2866 Πατρός
1787 2813 1802 2828 ·

208 2886 344 2938 ἄλλο
387 2885 444 2938 δέ
481 2903 555 2949 τι,
603 2886 702 2956 τὴν
754 2886 1157 2958 ἀνθρωπότητα
1193 2888 1292 2960 τὴν
1323 2891 1389 2942 ὲκ
1422 2891 1522 2956 τῆς
1548 2892 1794 2962 Μητρός.

209 2971 314 3030 Ὧν
349 2977 428 3044 (4)
461 2977 850 3048 ἐρωτηθέντων
869 2979 913 3011 ¹²
944 2981 1068 3032 ὅτου
1108 2981 1269 3050 χάριν
1301 2985 1365 3053 τῇ
1397 2984 1714 3053 καθαιρέσει
1737 2987 1804 3056 τῇ

207 3069 356 3121 κατὰ
405 3070 708 3123 Φλαόιανοῦ
766 3071 1110 3141 ὑπέγραψαν,
1135 3075 1262 3138 τοὺς
1306 3075 1683 3138 Ἀνατολικοὺς
1711 3078 1806 3148 δη-

1905 1977 1957 2033 ei
1986 1978 2078 2046 qui
2109 1976 2328 2031 dividit.
2351 1976 2408 2029 ln
2434 1975 2628 2030 iisdem
2653 1985 2792 2028 actis
2815 1972 3137 2026 continetur
3195 1969 3500 2040 Eutychem

1907 2069 2308 2136 interrogatum
2336 2081 2456 2118 esse
2523 2074 2710 2118 utrum
2749 2064 2888 2118 duas
2939 2063 2995 2116 in
3024 2057 3246 2116 Christo
3273 2068 3502 2114 naturas

1907 2157 2138 2212 diceret.
2168 2157 2540 2226 Respondisse
2569 2165 2753 2210 autem
2783 2155 2936 2208 illum
2967 2194 2981 2217 ,
3022 2169 3080 2207 se
3121 2160 3251 2206 ante
3294 2151 3502 2204 unitio-

1908 2266 2035 2304 nem
2066 2251 2312 2319 quidem,
2339 2249 2623 2304 Christum
2653 2264 2720 2300 ex
2745 2236 2964 2300 duabus
2992 2246 3206 2298 naturis
3241 2251 3502 2298 constan-

1911 2353 2016 2398 tem
2048 2359 2296 2398 asserere
2325 2361 2336 2396 :
2363 2352 2484 2413 post
2517 2342 2828 2395 unitionem
2877 2355 3037 2404 vero,
3087 2338 3306 2392 unicam
3347 2337 3401 2389 in
3433 2350 3500 2389 eo

1909 2449 2162 2492 naturam
2206 2452 2524 2506 agnoscere.
2581 2435 2843 2488 Basilium
2891 2448 3023 2487 vero
3084 2431 3202 2485 haec
3247 2430 3497 2483 dixisse:

1910 2531 2025 2585 Nisi
2085 2543 2210 2600 post
2252 2529 2556 2584 unitionem
2593 2529 2731 2582 duas
2762 2537 2986 2580 naturas
3025 2523 3292 2579 indivisas
3320 2533 3376 2578 et
3411 2521 3497 2574 in-

1908 2623 2167 2677 confusas
2209 2622 2433 2684 dixeris,
2463 2618 2843 2674 confusionem
2893 2617 3037 2671 dicis
3061 2624 3117 2669 et
3163 2611 3502 2668 commistio-

1909 2728 2057 2768 nem.
2087 2712 2242 2778 Quod
2288 2712 2332 2765 si
2375 2710 2679 2772 addideris,
2709 2709 3046 2762 ineat-natam
3082 2714 3138 2760 et
3174 2703 3502 2757 inhumana-

1913 2815 2117 2865 tam,et
2140 2790 2366 2874 perinde
2401 2819 2464 2857 ac
2490 2802 2748 2873 Cyrillus,
2783 2797 3124 2853 intellexeris
3161 2792 3501 2849 incarnatio-

1911 2911 2039 2949 nem
2068 2904 2123 2948 et
2153 2895 2691 2958 inhumanationem,
2727 2888 2919 2945 eadem
2964 2888 3106 2942 dicis
3129 2902 3251 2956 qua:
3281 2899 3381 2938 nos
3411 2882 3500 2937 di-

1910 2991 2109 3044 cimus.
2141 2988 2302 3043 Aliud
2337 2989 2484 3042 enim
2535 2995 2620 3040 est
2669 2983 2931 3038 divinitas
2978 2996 3100 3050 quae
3142 2977 3305 3048 313
3357 2985 3501 3030 csta

1911 3083 2073 3137 Patre
2103 3099 2116 3134 :
2148 3079 2298 3135 aliud
2327 3079 2642 3134 humanitas
2683 3092 2806 3146 qua:
2831 3083 2916 3129 est
2941 3090 2971 3128 a
3010 3080 3205 3126 matre.
3253 3068 3502 3136 Cumque

207 3161 366 3214 λοῦσι
393 3163 462 3216 τὰ
485 3164 790 3233 γράμματα
823 3164 1033 3233 βοῆσαι,
1074 3167 1278 3229 Πάντες
1297 3168 1636 3237 ἡμάρτομεν,
1670 3172 1801 3224 πάν-

1915 3177 2286 3245 interrogatus
2315 3182 2463 3227 esset
2490 3173 2778 3241 cujusnam
2830 3169 2907 3223 rei
2936 3167 3110 3239 gratia
3162 3160 3501 3233 depositioni

204 3271 300 3315 τες
358 3254 685 3324 συγγνώμην
716 3256 997 3324 αἰτοῦμεν.
1058 3254 1190 3311 Εἶτα
1247 3261 1464 3330 πάλινή
1495 3263 1804 3330 ἀνάγνωσις

209 3346 619 3412 προκόπτοντα,
637 3348 920 3415 δηλοίτοὺς
936 3351 1269 3415 ἐπισκόπους
1284 3353 1647 3424 ἐρωτηθῆναι,
1663 3356 1807 3418 τίνος

204 3441 376 3504 χὰριν
408 3438 497 3489 τὸν
522 3439 781 3492 Εὖσέϐιον
811 3441 1050 3494 ἐσελθεῖν
1081 3442 1436 3514 βουληθέντα,
1459 3446 1559 3499 οὐκ
1587 3447 1799 3501 εἴασαν.

206 3530 357 3599 Πρὸς
408 3529 443 3582 ἃ
493 3530 788 3601 Διόσκορος
834 3532 962 3602 ἔφη,
997 3536 1434 3606 κομμονητὸριον
1490 3538 1581 3589 τὸν
1618 3537 1802 3592 Ἐλπί-

201 3622 323 3672 διον
373 3623 759 3690 ὲπιφέρεσθαι’
799 3626 1052 3685 κάκεῖνον
1097 3626 1622 3694 δεαόεϐαιώσασθαι,
1699 3630 1802 3683 Θε-

202 3712 416 3764 ο²όσιον
448 3711 706 3764 κελεῦσαι
739 3713 830 3766 τὸν
859 3713 1107 3782 βασιλέα,
1139 3716 1230 3767 τὸν
1261 3718 1522 3772 Εὑσέὸιον
1561 3721 1799 3789 παρόδου

208 3802 287 3870 μὴ
318 3805 527 3871 τυχεῖν.
565 3805 646 3856 Τὰ
677 3805 817 3858 αὐτὰ
848 3807 943 3858 καὶ
991 3806 1346 3863 Ίουϐενάλιον
1379 3812 1556 3864 εἰπεῖν
1577 3811 1802 3883 δηλοῦσι

202 3895 276 3946 τὰ
300 3895 693 3965 πεπραγμένα.

1914 3269 2158 3324 Flaviani
2182 3267 2623 3337 subscripsisset,
2646 3273 2917 3318 testantur
2944 3261 3136 3316 eadem
3156 3267 3276 3312 acta
3301 3254 3502 3311 Orien-

1913 3363 2049 3415 taies
2097 3363 2390 3430 episcopos
2440 3359 2778 3415 exclamasse
2812 3373 2824 3408 :
2856 3353 3060 3409 Omnes
3104 3348 3492 3421 peccavimus.

1907 3467 2101 3506 omnes
2125 3452 2337 3505 veniam
2367 3451 2754 3518 deprecamur.
2784 3446 3034 3516 Sequens
3057 3442 3256 3497 deinde
3275 3455 3500 3496 eorum-

1905 3544 2031 3598 dem
2063 3549 2310 3597 actorum
2343 3542 2510 3597 lectio
2537 3541 2738 3604 docet,
2794 3541 3087 3609 episcopos
3128 3535 3508 3602 interrogatos.

1901 3649 2047 3699 esse,
2100 3650 2206 3702 qua
2250 3636 2318 3688 de
2365 3649 2526 3687 causa
2555 3631 2857 3686 Eusebium
2895 3629 3130 3683 introire
3184 3624 3502 3694 cupientem

1908 3743 2018 3781 non
2047 3727 2422 3782 admisissent.
2503 3729 2826 3779 Dioscorum
2858 3737 2993 3777 vero
3025 3721 3092 3772 ad
3120 3720 3236 3772 haec
3279 3719 3350 3770 ita
3411 3731 3503 3768 re-

1909 3819 2201 3888 spondisse
2228 3838 2240 3872 :
2263 3821 2500 3874 Allatum
2527 3833 2647 3872 esse
2676 3814 3160 3871 couunonitorimn
3180 3811 3248 3864 ab
3264 3807 3500 3878 Elpidio,

1910 3926 2152 3980 eumque
2182 3910 2481 3965 allirmasse
2548 3910 2938 3978 imperatorem
2981 3901 3356 3959 Theodosium
3385 3899 3494 3966 jus-

203 3988 353 4040 sisse
388 3997 447 4039 ut
480 3989 724 4046 Eusebio
751 3990 933 4046 aditus
962 3993 1456 4050 intercluderetur.
1483 3995 1632 4058 Idem
1669 4015 1892 4070 quoque
1917 4017 1948 4056 a
1982 4003 2250 4062 Juvenale
2294 4003 2504 4058 dictum
2542 4017 2687 4066 esse,
2761 3997 2956 4056 eadem
3019 4006 3143 4052 acta
3206 4000 3491 4049 testantur.

207 4077 532 4136 Thalassius
555 4097 686 4136 vero
707 4083 866 4152 dixit,
890 4101 948 4141 se
975 4089 1363 4146 auctoritatem
1386 4106 1496 4144 non
1522 4092 1808 4150 habuisse.

368 4252 396 4274 ιγ

278 4261 329 4292 ⁸⁸
360 4261 436 4312 ὧν
466 4265 562 4313 καὶ
590 4262 751 4332 ὲρωτ.

1539 4200 1775 4257 VARI/ﬁ
1809 4201 2226 4261 LECTIONES.

1420 4359 1689 4416 VALESll
1716 4363 2286 4423 ANNOTATIONES.

405 4449 691 4521 Ἐξαιῖξαι2
731 4451 877 4521 Lego
908 4452 1128 4517 ὲπᾶεαι.

283 4517 362 4584 (5)
393 4519 584 4570 Πόθεν
615 4516 730 4574 οὖν
752 4516 899 4574 εἷὲτε.
967 4516 1161 4578 melius
1193 4524 1249 4578 in
1286 4525 1424 4580 actis
1481 4525 1793 4582 Chalcedo-

207 4589 673 4675 nensis'c‘onc’ilii,
719 4607 839 4675 pag.
877 4593 966 4657 58,
999 4594 1142 4675 εἰπέ3
1177 4594 1232 4675 in
1259 4596 1607 4675 imperativo.

281 4658 510 4739 (ιλ-ζον
536 4658 968 4739 ᾀρωτῃθέῇτων.
1007 4663 1065 4739 ln
1093 4666 1268 4739 ⁸ᾼοιίει
1320 4658 1794 4723 Chalcedonensis

204 4730 435 4782 concilii
478 4730 628 4784 solus
677 4731 966 4790 Basiliusa
1017 4735 1298 4793 iudicibus
1331 4745 1388 4792 et
1437 4739 1794 4795 senatoribus

1905 4459 2278 4528 'nterrogatus
2307 4458 2477 4513 fuisse
2507 4458 2713 4513 dicitur
2739 4474 2755 4524 ;
2787 4466 2845 4513 et
2867 4458 3133 4529 quidnam
3183 4457 3489 4529 interroga.

1901 4530 2040 4586 tioni.
2073 4517 2297 4584 iliorum
2342 4529 2713 4599 responderit,
2742 4517 2952 4584 ibidem
2989 4528 3309 4599 subjicitur.
3360 4517 3492 4582 Vitl-

1897 4609 2098 4679 gatarn
2127 4608 2310 4653 tamen
2346 4598 3004 4679 _scripturam.conli_rmat
3037 4598 3305 4679 Nicephﬁ
3332 4614 3502 4666 quam

1899 4667 1945 4723 si
1996 4671 2240 4724 retinere
2272 4667 2639 4731 voluerimus,
2670 4669 2969 4724 dicendum
3003 4669 3111 4723 erit
3145 4667 3406 4721 Basiliam
3437 4679 3495 4723 et

1897 4755 1995 4795 eos
2017 4742 2111 4810 qui
2138 4751 2266 4801 cum
2291 4741 2385 4801 illo
2409 4747 2589 4803 erant,
2607 4740 2981 4809 interrogatos
3001 4754 3123 4793 esse
3145 4754 3174 4792 a
3193 4737 3499 4809 judicibus.

1674 4855 2068 4914 VARIORUM.

281 4940 1325 5018 (ἱ[βασίλειοκηβιιείιίυεὃσξθιιείιθ
1353 4947 1408 5000 in
1438 4947 1648 5002 Isauria
1673 4964 1792 5003 me-
1825 4953 1869 5010 υ
1901 4953 2141 5006 sensisse
2174 4961 2230 5006 et
2266 4965 2417 5005 nunc
2448 4959 2504 5005 et
2538 4950 2671 5004 olim
2702 4958 3024 5018 compertus
3052 4949 3244 5009 fuerit,
3277 4946 3332 5018 in
3363 4963 3497 4999 cou-

205 5013 479 5091 tropolita
524 5028 670 5091 anno
715 5015 833 5091 «M8.
875 5015 1090 5091 synodo
1117 5015 1222 5091 CB.
1274 5017 1565 5091 interfuit;
1597 5019 1694 5091 ubi
1722 5018 1792 5074 de
1893 5022 2083 5080 cilium
2140 5023 2416 5076 admissus
2462 5037 2527 5075 ac
2583 5013 2874 5091 dignitati
2903 5020 3157 5091 pristina:
3201 5017 3500 5072 restitutus

201 5082 681 5162 Christinaturis
711 5082 1432 5162 _orthodoxam_admodum
1457 5090 1794 5162 sententiam
1895 5095 2016 5150 fuit.
2040 5092 2206 5162 (Guil.
2233 5091 2537 5162 Cumvol.
2576 5091 2619 5154 l,
2648 5082 2776 5159 pag.
2809 5082 2969 5159 ὅδε.)

202 5154 363 5215 tulit,
389 5161 450 5223 et
488 5152 756 5223 Eutychis
779 5154 1122 5209 damnationi
1151 5173 1262 5211 non
1287 5158 1496 5213 invitus
1545 5159 1796 5213 subscri-

202 5224 344 5299 psit.
370 5222 530 5299 Anno
559 5222 1114 5299 autem‘sequentein
1153 5227 1446 5282 latrocinio
1492 5228 1796 5299 Ephesino,

202 5297 331 5349 sive
364 5309 394 5346 a
430 5294 692 5347 Dioscoro
721 5295 772 5348 vi
809 5299 1152 5364 compulsus,
1185 5299 1488 5353 siveinsita
1513 5294 1684 5355 animi
1717 5301 1800 5354 le-

205 5367 387 5438 vitate
419 5373 620 5427 motus,
647 5366 891 5438 priorem
915 5369 1246 5424 sententiam
1279 5371 1460 5438 palam
1495 5373 1798 5434 revocavit,

205 5435 534 5506 Flavianum
591 5434 856 5506 sull'ragio
912 5453 1016 5492 suo
1079 5434 1386 5504 damnavit,
1431 5451 1486 5494 et
1540 5442 1678 5496 duas
1741 5442 1797 5496 in

200 5504 433 5561 Christo
455 5516 683 5559 naturas
708 5504 994 5578 confessos
1010 5510 1516 5566 anathematizavit.
1545 5512 1665 5578 Quo
1695 5528 1800 5578 no.1

202 5578 362 5630 mine
393 5590 519 5628 cum
552 5579 764 5648 synodo
811 5577 1252 5634 Chalcedonensi
1305 5597 1452 5635 anno
1481 5573 1589 5636 45f
1627 5573 1801 5637 inter;

199 5654 385 5719 esset,
421 5661 459 5719 ᾳ
487 5648 708 5702 concilii
731 5649 1008 5712 Patribus,
1036 5651 1281 5706 sessione
1310 5653 1506 5719 prima,
1536 5670 1640 5706 una
1672 5667 1798 5707 cum

202 5717 497 5793 primariis
558 5719 862 5793 latro_cinii_
890 5720 1134 5793 ducibus
1200 5717 1431 5793 munere
1496 5724 1797 5793 episcopali

201 5789 504 5842 submotus
524 5799 632 5853 est,
665 5789 774 5842 vim
799 5789 905 5844 sibi
951 5807 981 5844 a
1019 5793 1282 5847 Dioscoro
1335 5789 1546 5847 illatani
1593 5789 1796 5848 frustra

201 5867 488 5918 causatus.
534 5860 797 5924 Sessione
843 5871 1025 5919 tamen
1063 5874 1281 5934 quarta,
1337 5878 1463 5922 cum
1522 5864 1794 5925 catholia-e

1971 5156 2054 5229 (ιγ
2069 5164 2230 5215 Μετὰ
2256 5164 2325 5216 δὲ
2358 5161 2473 5229 τὴν
2504 5156 2748 5223 ἕνωσιν,
2795 5156 2959 5225 w'ar.
3016 5156 3347 5228 Eutychiani
3413 5172 3504 5212 as-

1899 5235 2167 5291 serebant
2226 5235 2522 5288 humanam
2553 5230 2762 5290 Christi
2815 5239 3097 5292 naturam,
3131 5229 3336 5282 virtute
3382 5229 3500 5280 uni-

1904 5306 2092 5369 tionis,
2129 5319 2159 5358 a
2193 5305 2382 5357 divina
2415 5303 2554 5356 adeo
2577 5301 2894 5369 absorptam
2928 5315 3074 5360 esse,
3126 5308 3187 5352 ut
3213 5299 3500 5369 ihumani-

1905 5387 1988 5430 tas
2025 5368 2084 5429 in
2134 5389 2201 5427 eo
2249 5388 2358 5427 non
2412 5371 2652 5441 amplius
2711 5368 3159 5441 esstiterit._Sie
3211 5368 3498 5441 Eranistes

1906 5447 2054 5516 apud
2086 5439 2574 5516 Theodoritum'in
2609 5441 2872 5516 Dialqgo:
3092 5440 3211 5516 clpa
3250 5439 3500 5516 .Geétqua.

1902 5509 2046 5584 λέγω
2082 5515 2482 5584 μεμενηκέναι·
2517 5509 2900 5584 καταποθῆναι
2925 5511 2984 5564 δὲ
3012 5511 3118 5584 ὑπὸ
3161 5509 3372 5584 ταύτης
3393 5509 3495 5578 τὴν

1901 5577 2318 5657 ἀνθρωπότητα.
2362 5583 2594 5657 Quando
2639 5577 2822 5657 autem
2854 5577 3493 5657 hmcuabsorptio'facta

1903 5651 2091 5720 fuerit,
2125 5651 2269 5729 inter
2291 5670 2390 5729 eos
2410 5653 2554 5729 haud
2589 5652 3007 5729 conven_it._A|ii
3043 5651 3194 5729 enim
3246 5657 3499 5729 tempore

1900 5719 2295 5796 Conceptionis
2335 5725 2656 5796 Dominieae,
2721 5723 2813 5778 alii
2850 5719 3337 5796 ⁸ῐὶεεειιιϊιξειιίοιιὶιι,
3400 5719 3498 5775 alii

1902 5793 2258 5854 AscenSionis
2287 5796 2540 5852 eﬂ'ectam
2567 5795 2736 5850 fuisse
2773 5793 3096 5866 apinantur.
