4108 6492
278 440 419 504 255⁸1

1244 447 1630 512 ΗΙΞΤΟΒΙΕ
1662 447 2257 510 ΕΟΟιΕΞΙΑΞἸἸΩίΕ
2291 448 2524 510 LIBER
2557 447 2642 510 II.

3417 443 3562 508 2558

288 556 506 606 σάντων
535 551 830 623 ισφάλοαι,
867 554 962 609 καὶ
997 554 1175 632 μάτην
1223 558 1422 622 αὐτοὺς
1464 557 1862 631 καθῃρηκέναι,

1971 557 2026 611 in
2056 557 2206 620 fide,
2245 557 2451 629 injuste
2480 553 2718 626 depositi
2776 569 2902 610 esse
2951 562 3300 610 noscuntur:
3338 555 3560 612 videtur

281 643 438 698 οὐδὲν
476 645 608 714 περὶ
632 644 732 714 τὴν
759 647 943 699 πίστιν
976 646 1272 715 σφαλέντες
1300 648 1631 710 δείκνυνται,
1664 649 1866 713 ἀδίκως

285 735 346 787 δὲ
380 733 838 804 καθαιρεθέντεςο
874 735 1132 804 φαίνεται
1160 739 1295 809 ἡμῖν
1318 739 1460 794 κατὰ
1506 739 1567 793 τὸ
1595 739 1716 809 θεῷ
1745 740 1874 811 ἀρέ-

284 844 420 880 σκον
463 828 680 882 δίκαιον
723 825 885 894 εἶναι,
921 831 972 883 τί
1017 831 1332 902 παρασταίη
1362 831 1442 902 τῷ
1485 832 1748 902 θειοτάτῳ
1780 833 1874 887 καὶ

278 917 662 988 sagacem:ch
712 917 869 988 ἡμῶν
916 919 1184 990 Δεσπότῃ,
1237 917 1316 988 τῷ
1371 918 1521 988 αὺτῷ
1586 917 1868 988 ἐπιτιμίῳ,

283 1007 581 1080 Διόσκορον
645 1009 737 1062 τδν
797 1007 1190 1064 εὐλαϐέστατον
1252 1010 1553 1063 ιπίσκοπον
1615 1009 1869 1074 ’Δλεξαν-

280 1099 492 1168 δρείας.
523 1102 617 1154 καὶ
654 1099 1005 1154 Ὶουσενάλιον
1028 1100 1120 1154 τὸν
1143 1099 1539 1154 εὐλαϐέστατον
1567 1101 1870 1153 ἐπίσκοπον

292 1188 562 1260 Ἱεροσολύ
571 1208 708 1261 μων,
739 1191 834 1244 καὶ
871 1191 1175 1245 Θαλάσσιον
1199 1191 1290 1246 τὸν
1316 1191 1719 1246 εὐλαϐέστατον
1747 1193 1872 1245 ἐπί-

282 1299 490 1337 σκοπον
515 1283 873 1351 Καισαρείας,
904 1285 999 1336 καὶ
1067 1283 1325 1337 Εὑσέδιον
1351 1284 1442 1336 τὸν
1471 1284 1868 1338 εὖλαϐέστατον

280 1374 587 1426 ἐπίσκοπον
614 1373 906 1442 Ἀρμενίας
931 1375 948 1440 (
958 1373 1069 1440 10),
1091 1375 1184 1427 καὶ
1224 1374 1518 1428 Εὐστάθιον
1535 1373 1626 1427 τὸν
1641 1375 1869 1428 εὐλαϐέ-

283 1479 483 1532 στατον
520 1462 820 1516 ιπίσκοπον
865 1463 1134 1535 Βηρυτοῦ,
1163 1465 1260 1518 καὶ
1299 1464 1576 1518 Βασίλειον
1603 1460 1692 1518 τὺλσ
1716 1466 1874 1518 εὐλα-

279 1552 550 1607 ΰέστατον
587 1554 886 1608 ἐπίσκοπον
915 1553 1243 1618 Σελευκείας
1271 1556 1374 1624 τῆς
1416 1553 1713 1623 Ἰσαυρίας,
1745 1556 1872 1618 τοὺς

281 1639 538 1705 ἐξουσίαν
576 1642 876 1712 ἐσχηκότας
915 1644 1008 1695 καὶ
1045 1642 1376 1713 ἐξάρχοντας
1411 1643 1510 1712 τῆς
1570 1644 1691 1695 τότε
1748 1659 1875 1696 συν-

277 1732 424 1795 ὁδου,
463 1733 722 1786 ἐκπεσεῖν
753 1733 863 1802 (-ll)
911 1733 998 1785 διὰ
1027 1732 1126 1801 τῆς
1185 1734 1336 1803 ἱερᾶς
1382 1733 1590 1802 ταύτης
1652 1734 1870 1786 συνόδου

279 1825 429 1875 κατὰ
461 1825 588 1886 τοὺς
619 1825 852 1890 κανόνας
896 1824 989 1877 τοῦ
1039 1825 1401 1879 ὲπισκοπικοῦ
1429 1825 1742 1894 ἀξιώματος
1769 1827 1868 1881 ἀλ-

277 1913 532 1983 λοτρίους
576 1915 923 1983 γινομένους.
957 1915 1176 1969 πάντων
1206 1916 1317 1969 τῶν
1346 1917 1866 1987 παρακολουθησάν·

280 2024 395 2058 των
435 2009 503 2076 τῇ
545 2005 666 2075 θείᾳ
712 2009 922 2076 κορυφῇ
969 2006 1412 2076 γνωριζομένων.
1459 2009 1595 2075 Ἐφ”
1623 2005 1706 2071 οἷς
1766 2012 1866 2063 ὲπ-

274 2097 516 2167 σσόησαν
539 2099 590 2150 οί
619 2098 976 2151 ’Λνατολικοί·
1001 2098 1147 2167 Αὕτη
1177 2099 1358 2151 δικαία
1378 2101 1578 2163 κρίσις.
1601 2103 1663 2152 Ol
1686 2100 1740 2152 δὲ
1760 2101 1868 2152 τῶν

287 2188 569 2259 Ἰλλυριῶν
613 2188 908 2242 ἐπίσκοποι
961 2189 1407 2255 ὲπεκραύγασανο
1458 2189 1662 2250 Πάντες
1695 2189 1866 2252 ὲσφάο

271 2275 476 2345 λημεν,
511 2278 715 2338 πάντες
767 2274 1099 2344 συγγνώμης
1155 2275 1500 2344 ἀξιωθῶμεν.
1542 2277 1652 2328 Καὶ
1706 2277 1867 2329 πάλιν

270 2366 388 2420 τῶν
417 2365 785 2419 Ἀνατολικῶν
814 2366 1244 2434 ἐπιϐοησάντων
1266 2365 1414 2436 Αὕτη
1445 2367 1627 2436 δικαία
1647 2367 1826 2436 ψῆφος
1849 2384 1864 2400 ο

269 2457 372 2512 τὸν
407 2458 572 2524 φονέα
599 2457 627 2508 ὁ
657 2457 892 2524 Χριστὸς
938 2456 1180 2522 καθεῖλε,
1207 2457 1333 2519 τοὺς
1365 2458 1648 2527 μάρτυρας
1673 2459 1702 2510 ὁ
1731 2458 1861 2528 Χρι-

272 2550 404 2612 στὸς
449 2549 795 2618 ἐξεδίκησενο
841 2550 892 2601 οἱ
938 2547 1294 2618 συγκλητικοὶ
1338 2548 1682 2617 διελάλησαν,
1723 2549 1863 2601 ὥστε

272 2640 514 2694 ἕκαστον
543 2641 650 2692 τῶν
684 2640 1000 2693 ἐπισκόπων
1040 2638 1148 2693 τῶν
1180 2639 1610 2707 συνειλεγμένων
1630 2639 1863 2701 ἰδιαζόν-

268 2747 386 2792 τως
431 2731 532 2799 τὴν
581 2729 789 2782 οἰκείαν
838 2729 1097 2784 ἐκθέσθαι
1152 2731 1360 2789 πίστιν.
1395 2731 1734 2798 γινώσκοντα
1787 2733 1863 2795 ὡς

269 2819 555 2884 θειότατος
587 2819 844 2888 βασιλεὺς
871 2820 1011 2873 κατὰ
1029 2819 1128 2890 τὴν
1156 2819 1375 2872 ἔκθεσιν
1407 2821 1518 2871 τῶν
1561 2824 1619 2873 ἐν
1658 2822 1866 2892 Νικαίᾳ

266 2911 605 2982 τριακοσίων
667 2917 760 2982 ιη’,
819 2913 916 2964 καὶ
961 2910 1070 2964 τῶν
1149 2913 1207 2963 ἐν
1289 2912 1864 2965 Κωνσταντινουπόλει

270 3008 355 3074 ρνθ
387 3002 496 3072 (12)
526 3001 808 3072 Πατέρων,
841 3002 937 3054 καὶ
963 3002 1063 3065 τὰς
1083 3001 1374 3066 ἐπιστολὰς
1402 3002 1512 3055 τῶν
1548 3003 1720 3070 ἁγίων
1751 3005 1863 3057 Πα-

267 3092 471 3162 τέρων,
503 3092 830 3163 Γρηγορίου,
876 3081 1182 3158 Βασιλείου,
1219 3091 1476 3163 Ἰλαρίου,
1513 3094 1859 3161 Ἀθανασίου,

1978 646 2138 701 nobis
2155 648 2310 718 juxta
2349 647 2404 701 id
2442 645 2590 717 quod
2621 647 2731 701 Deo
2754 646 2955 714 placet,
2983 647 3193 716 justum
3221 660 3364 709 esse,
3395 647 3562 701 modo

1977 737 2030 790 id
2051 737 2314 806 placuerit
2333 737 2708 792 sacratissimo
2728 751 2793 790 ac
2821 735 3074 805 piissimo
3092 736 3326 790 Domino
3347 745 3561 803 nostro,

1977 838 2038 882 ut
2091 829 2387 884 Dioscorus
2422 827 2920 884 reverendissimus
2977 827 3273 896 episcopus
3322 827 3560 882 Alexan-

1975 917 2131 983 driae,
2159 926 2218 974 et
2243 918 2526 974 Juvenalis
2560 917 3059 973 reverendissimus
3100 918 3397 988 episcopus
3428 919 3562 973 Hie-

1977 1009 2402 1080 rosolymorum,
2446 1017 2504 1063 et
2534 1007 2855 1062 Thalassius
2885 1007 3386 1062 reverendissimus
3439 1009 3562 1079 epi-

1975 1114 2176 1168 scopus
2194 1097 2458 1154 Caesarea:
2486 1097 2870 1169 Cappadocite,
2900 1106 2956 1152 et
2984 1098 3258 1153 Eusebius
3300 1115 3563 1154 reveren-

1975 1189 2238 1244 dissimus
2265 1189 2561 1260 episcopus
2583 1192 2835 1260 Ancyrae,
2853 1197 2910 1244 et
2938 1189 3266 1244 Eustathius
3296 1206 3561 1245 reveren-

1975 1281 2239 1337 dissimus
2259 1281 2551 1352 episcopus
2579 1280 2785 1352 Beryti,
2816 1291 2874 1336 et
2901 1280 3138 1335 Basilius
3158 1281 3527 1336 reverendissi
3547 1311 3562 1322 -

1974 1389 2098 1429 mus
2112 1374 2408 1445 episcopus
2420 1373 2689 1428 Seleucia:
2715 1371 3066 1441 Isaurize,qui
3086 1381 3217 1426 tunc
3232 1372 3561 1426 auctoritate

1975 1465 2190 1535 praediti
2236 1465 2477 1523 concilio
2533 1463 2912 1534 przefuerunt,
2951 1463 3131 1516 eidem
3166 1477 3341 1531 pana:
3371 1460 3560 1532 subja-

1974 1565 2158 1623 ceant,
2193 1555 2527 1612 sacrosancti
2574 1554 2795 1610 concilii
2836 1553 3110 1608 sententia
3144 1594 3158 1615 ,
3183 1554 3336 1624 juxta
3371 1568 3560 1607 sacros

1973 1663 2216 1704 canones
2259 1647 2427 1703 alieni
2495 1647 2564 1700 ab
2605 1645 2906 1716 episcopali
2959 1644 3228 1715 dignitate
3285 1645 3556 1713 judicati:

1974 1741 2192 1795 cunctis
2223 1755 2346 1808 qua:
2376 1746 2782 1807 consequenter
2829 1745 2980 1806 gesta
3021 1735 3228 1790 fuerint
3277 1735 3343 1788 ad
3377 1750 3560 1790 sacra-

1976 1831 2173 1886 tissimi
2215 1829 2481 1899 principis
2537 1828 2794 1883 notitiam
2831 1826 3200 1896 perferendis.
3256 1825 3384 1880 Post
3416 1826 3558 1882 hanc

1972 1921 2456 1976 interlocutionem
2508 1921 2870 1974 acclamatum
2927 1926 3012 1971 est
3062 1917 3132 1971 ab
3184 1917 3558 1983 Orientalibus

1967 2013 2513 2082 cpiscopis:Justum
2543 2019 2628 2065 est
2653 2012 2755 2063 hoc
2778 2010 3071 2080 judicium.
3099 2007 3391 2077 Illyriciani
3425 2023 3559 2062 vero

1967 2106 2385 2158 exclamarunt:
2422 2101 2680 2156 Uuiversi
2714 2099 3102 2168 peccavimus;
3154 2098 3399 2151 universi
3460 2113 3557 2150 vc-

1966 2195 2116 2247 niam
2145 2207 2572 2261 consequamur.
2603 2190 2850 2258 Cumque
2885 2188 3197 2243 Orientales
3229 2189 3429 2244 iterum
3458 2207 3554 2244 ac-

1967 2284 2334 2338 clamassent:
2372 2281 2496 2336 Hzec
2544 2281 2818 2336 sententia
2867 2283 3016 2351 justa
3060 2290 3186 2334 est:
3221 2281 3556 2336 homicidam

1964 2373 2221 2429 Christus
2248 2372 2542 2442 deposuit:
2577 2372 2832 2428 Christus
2886 2382 3154 2442 martyres
3195 2372 3494 2426 vindicavit
3536 2388 3548 2423 :

1967 2475 2248 2521 senatores
2291 2466 2729 2536 interloquentes
2763 2467 3221 2535 pronuntiarunt,
3253 2476 3312 2519 ut
3343 2467 3554 2535 episco-

1966 2574 2163 2629 porum
2223 2559 2318 2628 qui
2391 2567 2767 2612 convenerant
2834 2559 3222 2626 unusquisque
3302 2573 3551 2614 seorsum

1967 2652 2129 2705 fidem
2156 2666 2310 2706 suam
2333 2657 2638 2719 exponeret
2665 2667 2678 2702 :
2705 2665 2804 2718 pro
2833 2659 2988 2703 certo
3023 2650 3254 2713 habens,
3297 2651 3558 2705 sacratis-

1965 2744 2165 2797 simum
2197 2746 2586 2812 imperatorem
2618 2743 2773 2810 juxta
2823 2743 3226 2810 expositionem
3275 2742 3397 2797 fidei
3441 2751 3555 2797 trc-

1965 2841 2252 2888 centorum
2286 2841 2342 2886 et
2368 2831 2676 2885 octodecim
2707 2831 2932 2884 Patrum
2970 2831 3064 2900 qui
3089 2830 3284 2886 Nicaeze
3321 2848 3557 2902 congrc»

1963 2925 2075 2993 gati
2099 2930 2249 2985 sunt,
2283 2930 2340 2977 et
2391 2934 2615 2978 centum
2666 2937 2731 2976 ac
2759 2921 3166 2991 quinquaginta
3209 2923 3428 2976 illorum
3459 2923 3555 2991 qui

1962 3013 2496 3082 ConstantinOpolim
2537 3027 2880 3077 convenere;
2939 3013 3068 3066 item
3105 3014 3262 3081 juxta
3293 3013 3559 3082 epistolas

1965 3113 2284 3159 sanctorum
2319 3104 2544 3158 Patrum
2580 3103 2853 3173 Gregorii,
2893 3103 3105 3170 Basilii,
3133 3104 3348 3169 llilarii,
3384 3105 3558 3157 Atha-

281 3186 636 3274 ’ξλμϐροσίοψ
674 3186 769 3240 καὶ
814 3186 912 3246 τὰς
959 3186 1053 3240 δύο
1080 3188 1176 3250 τὰς
1209 3185 1504 3255 Κυρίλλου,
1534 3187 1632 3249 τὰς
1669 3187 1762 3238 ἐπὶ
1791 3191 1856 3257 τῇ

1965 3198 2127 3261 nasii,
2161 3196 2462 3262 Ambrosii,
2494 3206 2549 3250 et
2575 3197 2727 3265 juxta
2758 3195 2898 3250 duas
2923 3195 3114 3267 Cyrilli
3143 3197 3406 3266 epistolas
3436 3213 3559 3266 quae

268 3279 467 3347 πρώτῃ
534 3278 736 3348 συνόδῳ
785 3279 852 3347 τῇ
904 3279 963 3330 ἐν
1005 3277 1216 3346 Ἐφέσῳ
1270 3277 1720 3345 δημοσιευθείσας
1763 3296 1852 3330 rct-

270 3367 494 3422 στεύειν
518 3367 602 3432 (Ι).
635 3369 745 3420 Καὶ
778 3370 884 3438 γὰρ
919 3368 1016 3420 καὶ
1055 3367 1147 3419 τὸν
1197 3366 1594 3420 εὐλαὸἑστατον
1627 3369 1857 3421 ὲπίσκου

270 3475 382 3510 πον
404 3461 505 3529 τῆς
540 3458 921 3527 πρεσϐυτέρας
962 3457 1184 3528 Ῥώμης
1227 3458 1454 3518 Λέοντα.
1491 3459 1706 3529 Εὐτυχῆ
1763 3460 1858 3512 ἐπὶ

268 3548 488 3612 τούτοις
519 3549 788 3602 καθελεῖν.
827 3549 984 3603 Οὕτω
1035 3549 1219 3602 τοίνυν
1247 3551 1341 3602 καὶ
1365 3551 1569 3618 ταύτης
1613 3550 1712 3618 τῆς
1740 3567 1863 3603 συν-

269 3640 554 3705 ελεύσεως
583 3640 1050 3709 καταπαυθείσης,
1081 3643 1138 3704 ες
1165 3640 1359 3711 ἑτέραν
1386 3639 1745 3693 συνελθόντων
1770 3641 1864 3710 μό-

269 3748 385 3783 νων
420 3730 532 3798 (ιῦ)
559 3728 667 3782 τῶν
695 3730 1010 3782 ὁσιωτάτων
1041 3729 1380 3793 ἐπισκόπων,
1421 3728 1698 3791 λιόἐλλους
1760 3731 1861 3780 ἐπ-

271 3821 484 3873 έδωκεν
528 3819 836 3882 Εὐσέϐιοςὸ
869 3817 963 3871 τοῦ
1017 3818 1310 3889 Δορυλαίου
1373 3818 1671 3878 ἐπίσκοπος
1722 3816 1863 3887 ὑπὲρ

269 3912 476 3965 ἑαυτοῦ
503 3913 597 3964 καὶ
633 3910 960 3975 Φλαόιανοῦ,
998 3910 1062 3963 δι’
1095 3901 1156 3962 οὗ
1198 3907 1558 3978 ὲπεμὲμψατο
1587 3909 1862 3979 Διοσκόρῳ

267 4003 351 4066 ὡς
383 4003 455 4056 τὰ
492 4003 632 4057 αὑτὰ
671 4003 903 4072 Εὐτυχεῖ
932 4001 1286 4072 φρονήσαντι,
1317 4001 1413 4052 καὶ
1449 4001 1532 4053 ὅτι
1574 4016 1637 4068 γε
1664 3999 1862 4062 αὐτοὺς

267 4092 376 4161 τῆς
408 4091 710 4164 ἱερωσύνης
733 4092 1004 4160 ἀφείλετο.
1038 4089 1403 4161 Προστέθεικε
1426 4090 1483 4141 δὲ
1517 4089 1600 4142 ὅτι
1629 4091 1723 4142 καὶ
1741 4107 1857 4158 φω-

1954 3287 2009 3342 in
2040 3287 2216 3356 prima
2251 3286 2461 3357 synodo
2492 3286 2771 3355 Ephesina
2835 3287 3081 3341 recitatae
3119 3299 3269 3351 sunt,
3304 3288 3556 3343 credere.

1954 3375 2091 3430 Nam
2122 3384 2178 3430 et
2202 3374 2725 3429 revereudissimum
2753 3375 2993 3429 senioris
3017 3376 3202 3430 Romae
3232 3379 3560 3445 episcopum

1955 3465 2218 3528 Leonem,
2244 3465 2397 3534 juxta
2413 3465 2660 3518 eamdem
2686 3464 2847 3519 iidem
2873 3465 3179 3534 Eutychcm
3207 3465 3557 3534 deposuisse.

1952 3554 2119 3621 Hunc
2153 3554 2210 3608 in
2232 3553 2456 3608 modum
2492 3555 2644 3608 finita
2676 3555 2778 3609 hac
2808 3557 3025 3611 actione
3047 3597 3061 3620 ,
3094 3573 3222 3610 cum
3255 3558 3559 3627 religiosis-

1969 3648 2092 3701 simi
2128 3647 2371 3717 episcopi
2415 3647 2482 3700 ad
2513 3648 2741 3701 alteram
2771 3649 3046 3702 actionem
3097 3649 3198 3702 soli
3227 3648 3390 3719 315
3429 3665 3562 3704 con-

1971 3738 2278 3802 venissent,
2299 3738 2572 3792 Eusebius
2598 3740 2892 3807 episcopus
2927 3739 3160 3810 Dorylaai
3185 3741 3400 3795 libellos
3429 3757 3559 3810 por-

1970 3827 2111 3882 rexit
2158 3844 2260 3897 pro
2298 3842 2359 3883 se
2392 3836 2448 3882 et
2491 3843 2594 3898 pro
2644 3829 2935 3892 Flaviano,
2974 3830 3181 3899 quibus
3231 3831 3557 3885 Dioscorum

1968 3920 2286 3981 accusabat,
2317 3920 2466 3990 quod
2515 3921 2710 3982 eadem
2758 3937 2884 3975 cum
2914 3922 3163 3992 Eutyche
3192 3923 3444 3987 sentiret,
3502 3932 3560 3978 ct

1967 4007 2114 4078 quod
2163 4007 2536 4064 sacerdotium
2592 4009 2726 4078 ipsis
2753 4009 3074 4065 ademisset.
3123 4011 3338 4082 Adjecit
3390 4012 3556 4066 etiam

1491 4201 1762 4258 VALESII
1804 4204 2365 4262 ANNOTATIONES.

350 4324 463 4394 (10)
501 4324 868 4378 Ἑπίσκοπογ
889 4323 1208 4394 Ἀρμενίας.
1240 4321 1605 4394 Scrihendum
1625 4333 1710 4376 est
1733 4323 1860 4394 'Ay-

475 4411 543 4450 ex
559 4393 717 4476 .Actis
745 4392 1006 4477 Chalced.
1033 4393 1275 4457 concilii,
1306 4408 1426 4462 pag.
1466 4392 1586 4455 132,
1622 4394 1714 4446 ubi
1742 4393 1858 4448 hac

270 4467 330 4518 iu
379 4480 524 4518 tcum
560 4465 912 4518 interlocutio
944 4464 1202 4518 refertur.

261 4464 526 4538 judicum
559 4465 915 4538 interlocutio
944 4464 1202 4538 refertur.

381 4535 463 4601 ll)
515 4534 849 4588 Ἐκπεσεῗν.
886 4534 1109 4589 Rectius
1152 4533 1207 4586 in
1252 4531 1468 4586 actione
1496 4531 1670 4600 prima
1693 4530 1858 4598 Chal-

267 4602 604 4659 cedonensis
634 4604 876 4663 concilii,
910 4620 1032 4673 pag.
1063 4604 1184 4666 952,
1225 4602 1505 4673 scribitur“
1535 4603 1852 4673 ὑποπεσεῖν.
1884 4668 1886 4671 λ

273 4675 537 4729 ltcfertur
558 4673 704 4727 enim
739 4675 802 4726 ad
833 4673 886 4727 id
914 4670 1064 4742 quod
1105 4672 1411 4740 prmcchit,
1441 4670 1517 4740 τῷ
1549 4671 1698 4740 αὑτῷ
1729 4672 1851 4742 tm.

265 4746 464 4813 τιμίῳ,
491 4753 656 4812 atque
682 4743 752 4796 ita
782 4741 949 4797 etiaui
977 4743 1177 4813 legitur
1224 4757 1386 4809 supra
1417 4743 1470 4794 in
1519 4757 1647 4813 cap.
1675 4741 1707 4794 4
1745 4741 1849 4794 hu-

261 4795 1079 4882 juslilirifitbihteejudicuiit
1111 4795 1467 4882 interlocutio
1516 4795 1726 4882 integra
1766 4827 1850 4864 re-

2031 4321 2142 4391 (15)
2172 4325 2603 4377 Συνελθόντων
2617 4326 2841 4391 μόνων.
2873 4323 2930 4378 lu
2957 4325 3176 4379 actione
3205 4326 3362 4380 tertia
3389 4328 3553 4382 Chal-

1958 4393 2082 4448 ced.
2116 4393 2337 4447 concilii
2371 4395 2471 4447 soli
2503 4404 2890 4448 convenerunt
2922 4396 3190 4463 episcopi,
3232 4411 3332 4448 nec
3354 4398 3447 4451 ulli
3485 4415 3553 4453 ex

1957 4464 2328 4517 swcularibus
2359 4464 2644 4530 judicibus
2684 4479 2750 4517 ac
2797 4466 3148 4518 senatoribus
3183 4467 3418 4519 concilio
3467 4469 3554 4522 in-

1959 4534 2289 4588 terfuerunt.
2328 4533 2462 4586 Nam
2502 4535 2555 4587 in
2589 4550 2650 4587 ea
2685 4535 3254 4601 sessione-agendum
3307 4548 3428 4590 erat
3481 4538 3552 4592 de

1960 4602 2106 4656 lide:
2142 4619 2305 4672 quam
2341 4612 2399 4656 ut
2437 4612 2798 4671 exponerent,
2853 4604 3067 4657 invitati
3123 4605 3277 4672 prius
3331 4606 3554 4661 fuerant

1959 4675 2206 4740 episcopi
2250 4690 2279 4726 a
2325 4673 2744 4742 gloriosissimis
2785 4673 3090 4741 judicibus.
3127 4673 3385 4742 Episcopi
3416 4693 3549 4731 vero

1960 4745 2055 4808 diu
2084 4743 2308 4811 quidem
2358 4742 2408 4795 id
2461 4753 2718 4811 praestare
2767 4753 3183 4804 recusaverant,
3223 4761 3349 4797 cum
3397 4746 3550 4801 dice-

1960 4824 2083 4867 rent
2111 4813 2358 4867 sulliecre
2390 4812 2681 4866 formulam
2725 4812 2850 4865 fidei
2887 4813 3127 4872 Nicenaa,
3159 4831 3280 4881 qtne
3314 4815 3367 4867 in
3403 4817 3550 4870 (lon-

266 4880 468 4938 fcrtur.
502 4885 560 4937 In
587 4885 617 4936 4
642 4880 1062 4936 autentactione
1088 4880 1558 4952 synodiChalced.
1587 4882 1849 4952 pag.‘.’.l7,
1888 4881 1932 4938 υ
1960 4883 2448 4951 stantinopolitaua
2482 4893 2536 4935 et
2568 4883 2622 4935 in
2655 4885 2833 4950 prima
2871 4881 3147 4950 Ephesina
3180 4880 3394 4952 synodo
3425 4886 3548 4940 fne-

267 4956 532 5006 ἐκπεσεῖν
574 4953 797 5021 quidem
827 4953 1064 5022 legitur;
1112 4950 1205 5007 Sed
1240 4952 1468 5022 verbum
1497 4950 1745 5022 additum
1771 4961 1854 5006 est

269 5025 332 5080 in
376 5023 763 5094 superioribus
805 5021 909 5076 hoc
967 5024 1151 5083 modo,
1200 5021 1279 5094 τῷ
1326 5021 1476 5090 αὑτῴ
1537 5021 1850 5094 ὑπαχθῆναι

269 5092 555 5162 ἐπιτιμίῳ.
611 5092 767 5158 Quod
817 5096 862 5146 si
910 5094 1138 5146 verbum
1196 5093 1448 5143 ἐκπεσεῖν
1493 5092 1850 5152 retineamus,

270 5171 393 5215 tum
435 5165 728 5230 superﬂuae
777 5172 943 5216 erunt
983 5162 1104 5216 dua:
1145 5176 1309 5214 voces
1345 5177 1467 5229 qua:
1517 5170 1849 5229 sequuntur,

265 5233 591 5302 ἁλλοτρῖουζ
632 5234 976 5300 γενομένους.
1035 5231 1199 5285 Certe
1234 5231 1327 5302 ine
1388 5231 1509 5302 dua:
1561 5240 1852 5302 postrema:

267 5299 451 5356 voces
472 5302 675 5356 desunt
716 5299 772 5356 in
815 5301 1020 5356 nostris
1067 5300 1374 5360 codicibus,
1402 5299 1638 5355 Floﬁct
1683 5299 1849 5365 'l‘ell.,

265 5387 377 5428 nec
403 5372 680 5426 habentur
719 5371 861 5440 apud
894 5371 1288 5440 Nicephorum.

341 5441 454 5511 (ιε)
503 5441 626 5496 Τῶν
659 5442 727 5493 ἐν
759 5439 1398 5511 ίΚωνσταίθνινουπόλει
1426 5439 1532 5507 pri.
1559 5441 1612 5494 In
1649 5440 1857 5509 optimo

260 5510 460 5567 codice
484 5512 804 5566 Florentino
828 5510 1028 5564 desunt
1056 5511 1170 5565 haec
1201 5510 1390 5579 verba,
1431 5518 1483 5563 iv
1519 5513 1856 5564 Κωνσταντι·

259 5583 520 5636 tuendis;
545 5597 560 5610 ο
598 5597 719 5650 quae
748 5580 970 5650 quidem
1017 5597 1116 5635 nec
1156 5582 1210 5634 in
1241 5581 1378 5634 actis
1413 5581 1598 5635 Chalc.
1632 5581 1852 5636 concilii

260 5651 568 5716 habentur,
609 5659 669 5705 ut
702 5653 889 5706 viuere
921 5660 1006 5706 est
1032 5666 1152 5721 pag.
1186 5651 1287 5705 152
1312 5652 1572 5706 editionis
1601 5651 1761 5706 Binii.

1956 4963 2041 5006 rat
2065 4952 2407 5006 confirmata.
2437 4952 2684 5023 Tandem
2711 4960 2890 5005 tamen
2912 4953 3269 5020 postulationi
3294 4956 3546 5023 judicum

1954 5033 2257 5102 cesserant:
2309 5038 2480 5102 seque
2531 5023 2583 5075 id
2633 5021 2876 5102 facturos
2928 5021 3322 5102 promiserant.
3377 5026 3547 5079 Porro

1954 5094 2047 5147 ubi
2076 5093 2143 5145 de
2181 5092 2284 5146 fide
2315 5092 2519 5162 agitur,
2570 5092 2733 5145 nullm
2767 5103 2895 5144 sunt
2940 5102 3125 5161 partes
3152 5092 3404 5161 judicum
3444 5111 3546 5148 ss:—

1953 5165 2248 5217 cularium.
2286 5163 2344 5216 In
2376 5162 2535 5216 tertia
2579 5163 2746 5230 igitur
2775 5163 2993 5214 actione
3033 5163 3084 5214 in
3121 5179 3229 5231 qua
3260 5164 3538 5231 agendum

1954 5243 2076 5287 erat
2121 5233 2188 5287 de
2244 5232 2370 5294 fide,
2423 5233 2559 5285 nulli
2605 5231 2904 5284 adfuerunt
2958 5231 3178 5301 judices
3227 5234 3542 5288 saeculares.

1952 5304 2224 5358 Caeterum
2270 5304 2572 5357 notandum
2605 5311 2688 5355 est
2749 5301 3044 5370 Evagrium
3103 5302 3207 5356 hoc
3250 5303 3374 5357 loco
3405 5319 3545 5371 pra:-

1971 5375 2273 5428 tcrmisisse
2307 5382 2456 5441 gesta
2485 5371 2718 5443 actionis
2763 5372 3038 5443 secundm.
3063 5371 3317 5443 ATertiam
3376 5373 3546 5443 igitur

1965 5445 2239 5498 actionem
2287 5460 2386 5510 pro
2434 5441 2674 5496 secunda
2719 5441 2932 5512 cepisse
2988 5441 3207 5496 videtur
3256 5441 3542 5512 Evagrius.

1963 5512 2133 5582 quue
2159 5513 2488 5567 conliriuaut
2523 5522 2644 5584 aeta
2674 5512 2851 5580 ipsius
2882 5512 3099 5584 synodi,
3133 5529 3255 5584 pag.
3299 5514 3418 5575 ΓΠ,
3449 5515 3542 5567 ubi

1961 5584 2205 5638 secunda
2238 5582 2590 5655 congregatio
2628 5585 2746 5636 sive
2793 5582 2940 5643 actio
2978 5582 3366 5655 videtur'qua:
3401 5598 3548 5640 nunc

1957 5663 2045 5708 est
2079 5655 2260 5709 tertia.

1736 5762 2124 5828 VARIORUM.

331 5867 398 5945 (Ι)
433 5862 547 5919 Ἐν
586 5861 812 5931 Ἐρέσῳ
843 5861 1348 5929 δτυιοσιειιιθείσας
1378 5861 1703 5916 πιστεύειν.
1740 5859 1862 5932 Legi

1966 5877 2062 5927 um
2085 5861 2354 5917 πιστεύει.
2389 5862 2454 5918 κγ
2469 5899 2478 5910 ο
2512 5861 2727 5924 Lemn.
