4108 6470
582 388 739 457 2559

1809 390 2126 453 EVAGRII
2167 388 2655 450 SCHOLASTICI

3720 390 3865 455 2:360

590 523 759 567 voces
784 506 1048 577 quasdam
1074 522 1198 577 quae
1230 506 1283 561 in
1311 505 1523 577 synodo
1556 515 1688 561 tunc.
1716 514 2046 576 congregata
2078 503 2181 557 mi-

2288 504 2383 569 νάς
2415 504 2489 575 μὴ
2518 502 2816 574 εἰρημένας
2842 506 2907 574 τῇ
2942 503 3003 556 τὸ
3032 503 3333 575 ηνικαῦτα
3350 505 3634 579 ἀλισθείσῃ
3663 509 3866 577 συνόδῳ

593 603 745 656 nime
776 599 937 654 dictae
958 610 1167 664 essent,
1188 614 1217 653 a
1249 598 1513 653 Dioscoro
1543 597 1683 652 actis
1710 596 1945 651 insertas
1974 596 2177 650 fuisse:

594 704 823 747 curasse
855 698 1121 759 praeterea
1156 689 1411 743 eumdem
1444 689 1764 743 Dioscorum
1788 728 1801 751 ,
1835 696 1893 741 ut
1933 688 2181 757 episcopi

596 785 650 837 in
696 784 889 838 charta
950 798 1087 851 pura
1141 781 1582 835 subscriberent.
1645 780 2063 848 Postulavitque
2124 789 2185 833 ut

594 884 716 931 acta
751 874 935 930 omnia
958 873 1214 927 secundae
1238 872 1434 943 synodi
1463 872 1774 941 Epliesinaa,
1797 870 2181 940 episcoporum

595 968 687 1039 qui
742 967 1056 1038 congregati
1089 974 1249 1020 erant
1278 965 1486 1036 iudicio
1530 964 1964 1027 inﬁrmarentur,
2013 974 2183 1033 utque

598 1060 700 1129 ipsi
732 1060 1059 1130 dignitatem
1085 1060 1381 1114 sacerdotii
1436 1066 1855 1129 recuperarent,
1886 1067 2060 1128 utque
2087 1074 2185 1113 ne-

596 1152 791 1206 farium
818 1152 951 1206 illud
988 1153 1183 1223 dogma
1214 1152 1562 1205 anathemate
1605 1149 1983 1205 damnaretur.
2018 1149 2185 1205 Petiit

594 1242 763 1295 etiam
786 1253 909 1311 post
944 1242 1321 1295 recitationem
1348 1240 1520 1294 libelli
1556 1239 1676 1303 sui,
1726 1247 1785 1293 ut
1830 1239 2185 1295 adversarius

594 1329 832 1385 adesset.
866 1330 1116 1399 Cumque
1149 1329 1398 1398 episcopi
1428 1329 1727 1399 iussissent
1778 1337 1840 1383 ut
1871 1328 2047 1394 ﬂeret,
2080 1328 2187 1383 Ae-

597 1421 707 1476 tius
732 1422 1155 1476 archidiaconus
1179 1429 1234 1475 et
1264 1420 1614 1490 primicerius
1647 1421 1991 1475 notariorum
2046 1420 2184 1475 dixit

596 1512 903 1579 profectum
928 1528 986 1567 se
1017 1527 1139 1567 esse
1169 1511 1238 1565 ad
1271 1510 1620 1575 Dioscorum,
1665 1511 1967 1579 itidemque
1996 1510 2065 1565 ad
2099 1526 2185 1565 re-

594 1605 813 1673 liquos:
847 1606 1171 1659 Dioscorum
1206 1618 1339 1658 vero
1376 1602 1751 1673 respondisse,
1807 1602 2096 1673 prohiberi
2122 1618 2184 1659 se

591 1712 623 1751 a
653 1697 977 1751 custodibus
1008 1712 1079 1751 ne
1108 1695 1175 1750 ad
1212 1695 1511 1750 concilium
1543 1695 1753 1750 veniat.

664 1786 826 1840 Facta
858 1787 1055 1839 iterum
1088 1784 1513 1839 interlocutione
1529 1784 1742 1854 iussum
1787 1791 1894 1848 est,
1962 1794 2025 1839 ut
2056 1783 2184 1838 Dio-

2286 594 2676 667 προστέθεικεν
2705 596 2764 648 ὲν
2792 599 2905 659 τοῖς
2928 596 3313 668 ὑπομνήμασι,
3351 599 3448 653 καί⁵
3479 595 3554 662 ὥς
3581 600 3868 669 ἀγράφους

2286 687 2491 756 χάρτας
2538 685 2951 755 παρεσκεύασεν
2990 688 3190 751 αὐτοὺς
3220 689 3710 760 ὑποσημήνασθαι.
3754 692 3881 757 Καὶ,

2285 778 2479 848 ἐδεήθη
2516 779 2655 832 ὥστε
2684 780 2746 831 ὲκ
2768 779 2948 849 ψήφου
2970 781 3079 832 τῶν
3112 781 3547 853 συνειλεγμένων
3572 772 3867 852 ἀκυρωθῆ-

2284 888 2373 923 vr.
2408 870 2586 925 πάντα
2630 870 2697 924 τά
2744 872 2800 923 ἑν
2848 874 2913 941 τῇ
2954 872 3182 943 δευτέρᾳ
3215 873 3417 939 συνόδῳ
3444 878 3511 945 τῇ
3554 877 3611 927 ὲν
3653 874 3867 943 Ἐφέσῳ

2285 963 2683 1033 πεπραγμένα,
2713 963 2808 1017 καὶ
2857 963 3003 1033 ἔχειν
3045 965 3245 1029 αὐτοὺς
3276 967 3376 1037 τὴν
3411 966 3734 1038 ἱερωσύνην,
3770 967 3872 1022 καὶ

2285 1055 2866 1126 ἀναθεματισθῆναιτὸ
2896 1058 3090 1127 μιαρὸν
3121 1060 3296 1110 ἐκεῖνο
3331 1058 3530 1127 δόγμα.
3566 1061 3673 1112 Καὶ
3698 1060 3870 1127 ἠξίω-

2287 1162 2345 1197 σε
2385 1146 2525 1213 μετά
2547 1145 2646 1216 τὴν
2668 1146 2996 1215 ἀνάγνωσιν,
3040 1148 3133 1199 καὶ
3164 1147 3255 1200 τὸν
3280 1149 3553 1201 ἀντίδικον
3581 1153 3865 1220 παρεῖναι.

2286 1233 2361 1293 Οὖ
2387 1238 2450 1307 δὴ
2487 1238 2903 1311 διαλαληθέντος
2935 1240 3215 1307 γενέσθαι,
3261 1241 3485 1311 εἴρηκεν
3538 1242 3739 1304 Ἀέτιος
3772 1244 3845 1313 ἀρ

2285 1331 2589 1402 χιδιάκονος
2612 1333 2707 1384 καὶ
2728 1337 3095 1403 πριμικήριος
3124 1333 3411 1405 νοταρίων,
3442 1334 3518 1399 ὼς
3549 1335 3700 1407 διέϐη
3733 1339 3874 1409 πρὸς

2283 1426 2600 1494 Διόσκορον,
2659 1424 2868 1495 ὥσπερ.
2910 1421 3004 1480 οὖν
3059 1426 3319 1497 καὶπρὸς
3359 1428 3487 1491 τοὺς
3525 1427 3743 1493 ἄλλους,
3773 1432 3875 1482 καὶ

2285 1513 2405 1570 εἶπε
2433 1518 2501 1577 ⁵⁸.
2527 1516 2604 1587 μὴ
2636 1517 3039 1589 συγχωρεῖσθαι
3082 1518 3188 1571 ὑπὸ
3223 1517 3331 1572 τῶν
3363 1518 3745 1588 φυλαττόντων
3770 1522 3873 1574 αὑ-

2282 1608 2371 1662 τὸν
2405 1608 2835 1680 παραγενέσθαι.

2357 1787 2467 1840 Καὶ
2493 1785 2785 1855 δωλαλήθη
2815 1784 3126 1855 ζητηθῆναι
3154 1785 3247 1840 τδν
3278 1786 3571 1857 Διόσκορον
3622 1788 3730 1855 πρὸ
3772 1787 3874 1843 τοῦ

591 1892 787 1932 scorus
818 1893 919 1947 pro
951 1876 1163 1931 foribus
1189 1877 1410 1931 concilii
1437 1884 1797 1946 quaereretur.
1836 1877 1905 1931 Et
1936 1892 2063 1931 cum
2092 1892 2181 1931 re-

2287 1878 2583 1949 συνεδρίου.
2644 1876 2756 1931 Καὶ
2814 1878 2888 1946 μὴ
2932 1876 3254 1945 εὑρεθέντος
3300 1878 3490 1941 αὐτοῦ,
3558 1879 3876 1945 Ἀνατόλιος

592 1978 781 2038 pertus
832 1984 939 2021 non
966 1976 1134 2031 esset,
1166 1968 1452 2023 Anatolius
1486 1968 2001 2037 Constantinopolis
2056 1968 2179 2037 epi-

590 2074 793 2128 scopus
834 2058 1211 2126 interloquens
1249 2057 1406 2119 dixit,
1453 2057 1658 2112 debere
1704 2058 1857 2111 illum
1882 2059 2099 2111 evocari
2127 2067 2182 2112 et

591 2151 827 2206 concilio
861 2152 1151 2204 interesse.
1178 2148 1335 2214 Quod
1364 2164 1491 2203 cum
1506 2148 2180 2203 exsecutionimandatum

593 2244 811 2307 fuisset,
846 2243 1144 2296 redeuntes
1178 2240 1215 2294 ii
1242 2240 1335 2310 qui
1390 2239 1540 2294 missi
1568 2240 1788 2293 fuerant
1840 2237 1909 2292 ad
1958 2234 2184 2292 Diosco-

591 2351 733 2395 rum.
774 2334 1164 2389 renuntiarunt
1188 2347 1315 2387 eum
1339 2331 1544 2386 dixisse
1569 2348 1583 2384 :
1616 2331 1731 2385 Sub
1754 2330 2006 2385 custodia
2037 2346 2180 2383 sum.

591 2426 785 2481 Dicant
823 2424 1097 2488 custodes,
1148 2424 1320 2477 velint
1352 2438 1420 2478 ne
1467 2423 1601 2476 mihi
1632 2422 1960 2492 permittere
2014 2429 2078 2475 ut
2108 2419 2177 2474 ad

589 2516 882 2570 concilium
920 2530 1162 2584 pergam.
1209 2514 1456 2583 Cumque
1483 2513 1649 2583 legati
1682 2511 1904 2566 concilii
1948 2527 2182 2581 respon-

589 2607 799 2662 dissent
820 2623 877 2662 se
894 2607 960 2660 ad
992 2606 1145 2660 illum
1176 2605 1376 2659 missos
1394 2619 1536 2666 esse,
1586 2618 1694 2657 non
1726 2618 1857 2657 vero
1888 2602 1953 2656 ad
2009 2602 2183 2672 magi-

589 2698 847 2753 StrianOS:
878 2697 1189 2750 retulerunt
1211 2696 1531 2750 Dioscorum
1558 2694 1674 2749 haec
1690 2693 1895 2747 dixisse
1918 2712 1930 2747 :
1956 2694 2185 2747 Paratus

589 2804 711 2843 sum
746 2787 934 2841 venire
958 2786 1025 2839 ad
1058 2800 1271 2840 sacrum
1302 2791 1358 2835 et
1380 2783 1690 2838 universale
1718 2784 2020 2837 concilium
2051 2780 2182 2837 :sed

590 2879 910 2949 prohibeor.
953 2877 1165 2942 Quibus
1203 2876 1403 2945 adjecit
1452 2875 1752 2939 Himerius,
1802 2873 2171 2928 redeuntibus

591 2972 1055 3042 ipsisaDioscoro
1107 2968 1415 3023 occurrisse
1444 2967 1755 3038 adiutorem
1800 2966 2045 3035 magistri
2099 2981 2186 3019 sa-

588 3080 816 3119 crorum
846 3064 1172 3124 olliciorum,
1208 3070 1265 3116 et
1292 3061 1585 3130 episcopos
1620 3075 1728 3113 una
1778 3074 1906 3113 cum
1945 3058 2042 3111 i-llo
2095 3072 2183 3111 re-

2282 1969 2578 2031 ἐπίσκοπος
2601 1970 3229 2034 Κωνσταντινουπόλεως
3257 1970 3597 2037 διελάλησεν,
3632 1971 3877 2041 ὀφείλειν

2282 2058 2444 2112 αὐτόν
2487 2058 2917 2129 μετακληθῆναι,
2964 2060 3062 2112 καὶ
3095 2060 3152 2113 ὲν
3201 2062 3267 2130 τῇ
3305 2060 3507 2131 συνόδῳ
3556 2064 3875 2131 παραγενέ-

2285 2150 2431 2204 σθαι.
2470 2150 2579 2201 Καὶ
2608 2150 2801 2201 τούτου
2831 2151 3155 2218 γενομένου,
3188 2152 3630 2222 παραγενόμενοι
3658 2156 3707 2206 οἱ
3739 2156 3879 2206 ἁπο-

2285 2240 2595 2305 σταλέντες,
2635 2242 2891 2311 εἰρήκασι
2932 2241 3108 2295 εἰπεῖν
3145 2241 3331 2308 αὑτὸν,
3357 2244 3706 2313 Φυλάττομαι
3735 2248 3874 2314 ἐγώ.

2287 2332 2348 2385 Εἰ
2388 2332 2444 2386 δὲ
2491 2330 2835 2403 συγχωροῦσι
2879 2348 2973 2401 μοι
3025 2331 3330 2397 κατελθεῖν,
3387 2336 3723 2389 εἰπάτωσαν.
3758 2338 3877 2389 Kal.

2285 2423 2548 2476 εἰπόντων
2581 2421 2732 2493 αὐτῷ
2762 2422 2876 2475 τῶν
2899 2421 3355 2493 ἀπεσταλμένων.
3397 2426 3473 2488 ὡς
3514 2427 3651 2496 πρὸς
3682 2427 3874 2489 αὑτὸν,

2284 2516 2344 2568 οὐ
2374 2514 2509 2585 πρὸς
2536 2514 2664 2575 τοὺς
2697 2517 3125 2585 μαγιστριανοὺς
3156 2500 3565 2592 ἀπεστάλησαν,
3590 2514 3881 2585 διεξῆλθον

2285 2607 2462 2659 εἰπεῖν
2512 2606 2697 2667 αὐτὸν,
2729 2607 2988 2676 Ἕτοιμός
3021 2610 3137 2677 εἰμι
3180 2608 3594 2678 παραγενέσθαι
3645 2610 3727 2672 εἰς
3772 2610 3877 2679 τὴν

2287 2699 2448 2766 ἁγίαν
2489 2700 2584 2753 καὶ
2630 2700 3020 2768 οἰκουμενικὴν
3071 2700 3322 2753 σύνοδον·
3379 2701 3517 2753 ἀλλὰ
3560 2700 3875 2769 κωλύομαι.

2287 2786 2383 2853 Οἷς
2435 2789 2828 2859 προστέθεικεν
2867 2788 3125 2860 Ἱμέριος,
3170 2790 3245 2854 ὡς
3284 2791 3658 2845 κατελθόντων
3692 2792 3880 2846 αὐτῶν

2286 2880 2438 2950 παρά
2490 2880 2805 2950 Διοσκόρου,
2876 2880 3187 2949 ὑπήντησεν
3237 2884 3265 2935 ὁ
3324 2882 3517 2951 βοηθὸς
3570 2881 3666 2936 τοῦ
3713 2884 3883 2953 μαγί-

2289 2988 2451 3041 στρου
2484 2971 2595 3040 (14)
2630 2972 2737 3024 τῶν
2766 2970 2927 3024 θείων
2974 2971 3266 3039 όφφι-κίων,
3293 2974 3389 3026 καὶ
3424 2974 3543 3041 μετ’
3573 2974 3739 3028 αὐτοῦ
3764 2978 3879 3029 πά-

2286 3062 2368 3115 λιν
2397 3062 2657 3129 γεγόνασι
2692 3062 2828 3132 πρὸς
2863 3063 3157 3137 Διόσκορον
3182 3066 3230 3117 o!
3266 3064 3582 3129 ἐπίσκοποι,
3620 3066 3714 3120 καὶ
3743 3070 3883 3138 περὶ

592 3169 781 3209 versos
807 3169 928 3209 esse
979 3152 1045 3206 ad
1076 3152 1423 3216 Dioscorum,
1458 3151 1639 3221 deque
1684 3151 1792 3205 illis
1843 3151 2093 3220 quaedam
2127 3164 2181 3204 sc

2288 3152 2492 3205 τούτων
2522 3154 2579 3205 ὲν
2606 3155 2852 3224 σημείοις
2876 3154 2999 3207 τινὰ
3029 3154 3190 3225 ἔχειν.
3223 3156 3366 3208 Ἀπε
3377 3174 3407 3226 ρ
3428 3157 3878 3225 ἀναγνωσθέντα,

592 3245 799 3300 habere
821 3260 945 3315 qua:
991 3245 1139 3298 notis
1159 3244 1483 3312 excepisset.
1508 3242 1584 3295 Ea
1603 3242 1842 3312 perlecta
1869 3240 2183 3295 indicabant

593 3337 911 3391 Dioscorum
962 3336 1077 3389 lizec
1106 3336 1174 3389 ad
1215 3336 1445 3389 verbum
1480 3334 1685 3388 dixisse
1717 3350 1729 3387 :
1765 3333 2061 3401 Postquam
2093 3346 2182 3385 me

592 3430 709 3499 ipse
740 3430 1015 3500 recollegi,
1053 3439 1109 3484 et
1158 3429 1290 3499 quid
1320 3428 1455 3483 mihi
1497 3428 1786 3499 expediret
1810 3427 2178 3493 consideravi,

593 3522 668 3578 ita
686 3522 1011 3592 respondeo.
1036 3520 1492 3590 Quandoquidem
1515 3521 1569 3574 in
1587 3520 1871 3590 superiore
1890 3535 2178 3585 concessu,

595 3613 1126 3684 magniﬁcentissimi
1163 3612 1382 3683 iudices
1398 3620 1530 3695 post
1556 3612 1756 3666 multas
1800 3612 2066 3681 cujusque
2096 3612 2183 3664 in-

593 3706 990 3761 terlocutiones
1025 3705 1193 3759 multa
1231 3705 1631 3766 decreverunt;
1660 3720 1811 3758 nunc
1834 3703 1966 3759 vero
1992 3704 2061 3758 ad
2091 3720 2149 3759 se
2168 3734 2181 3744 -

590 3799 834 3853 cundum
857 3797 1175 3854 consessum
1198 3815 1384 3869 vocor,
1417 3810 1477 3856 ut
1512 3800 1770 3871 praedicta
1806 3800 2178 3862 inlirmentur,

593 3904 725 3959 rogo
753 3897 812 3943 ut
838 3891 1365 3961 magniﬁcentissimi
1400 3892 1619 3963 iudices
1656 3900 1712 3946 et
1740 3892 2064 3961 amplissimi
2092 3908 2180 3947 se-

595 3987 844 4044 natores,
897 3983 990 4050 qui
1032 3982 1204 4051 priori
1240 3984 1534 4038 conventui
1582 3983 1984 4046 interfuerunt,
2031 4000 2181 4038 nunc

591 4085 815 4138 quoque
857 4071 1113 4125 intersint
1140 4087 1251 4141 quo
1286 4073 1477 4127 eadem
1514 4072 1716 4126 iterum
1747 4073 2129 4126 examinentur
2158 4090 2169 4125 :

591 4162 694 4216 Cui
722 4162 975 4223 Aeacius,
1032 4163 1164 4216 utin
1198 4163 1391 4218 iisdem
1430 4165 1569 4218 actis
1601 4163 1859 4227 refertur,
1894 4165 2181 4233 respondit

594 4254 682 4311 his
704 4253 885 4309 verbis
914 4273 927 4308 :
956 4254 1156 4309 Sancta
1178 4265 1234 4309 et
1259 4272 1449 4325 magna
1475 4256 1719 4325 synodus
1737 4268 1845 4309 non
1908 4256 2033 4310 ideo
2056 4272 2181 4311 san-

592 4346 839 4401 ctitatem
872 4357 1018 4401 tuam
1054 4348 1245 4402 adesse
1271 4348 1453 4417 iussit.
1489 4357 1631 4401 utea
1656 4363 1777 4417 qua:
1821 4362 2005 4402 coram
2062 4364 2181 4403 ma-

592 4436 1060 4508 gniﬁcentissimis
1086 4438 1362 4508 iudicibus
1382 4449 1437 4495 et
1462 4455 1619 4493 sacro
1645 4448 1835 4494 senatu
1856 4451 2003 4510 gesta
2030 4451 2177 4505 sunt,

2290 3244 2561 3315 ἐδήλωσεν
2591 3246 2686 3297 ἐπὶ
2716 3245 2915 3311 λέξεως
2963 3246 3056 3298 τὸν
3098 3246 3394 3318 Διόσκορον
3443 3248 3618 3301 εἰπεῖν
3664 3249 3877 3301 ταῦτα’

2292 3334 2626 3403 Συναγαγὼν
2676 3337 2933 3406 ἐμαυτὸν,
2969 3340 3063 3389 καὶ
3109 3338 3271 3406 γνοὺς
3319 3339 3381 3390 τὸ
3413 3339 3715 3409 συμφέρον,
3746 3341 3881 3394 τάδε

2288 3426 2693 3497 ἀποκρίνομαι·
2740 3427 2959 3498 Ἐπειδὴ
3000 3428 3057 3480 ἐν
3118 3431 3182 3498 τῇ
3241 3430 3347 3497 πρὸ
3397 3429 3607 3500 ταύτης
3667 3432 3882 3499 συνόδῳ

2288 3518 2647 3588 καθεζόμενοι
2680 3521 2729 3572 οἰ
2785 3519 3371 3590 μεγαλοπρεπέστατα
3422 3520 3705 3592 ἄρχοντες,
3744 3522 3885 3592 dipt—

2291 3627 2390 3663 σαν
2443 3610 2614 3663 πολλὰ
2672 3611 2809 3681 μετά
2860 3610 3061 3681 πολλὴν
3091 3612 3323 3664 ἑκάστου
3353 3612 3652 3675 διαλαλιάν,
3690 3612 3787 3665 νῦν
3823 3615 3883 3667 δὲ

2288 3704 2368 3762 εἰς
2398 3701 2658 3773 δευτέραν
2698 3702 2968 3771 καλοῦμαι
3005 3701 3243 3761 σύνοδον.
3277 3704 3356 3764 εἰς
3397 3703 3489 3755 τὸν
3540 3702 3651 3756 τῶν
3687 3720 3884 3775 7:905:-

2291 3794 2545 3865 ρημένων
2581 3795 2909 3865 ἁνασκευὴν,
2960 3794 3265 3864 παρακαλῶ
3314 3796 3441 3858 τοὺς
3472 3793 3665 3866 πρώην
3716 3797 3775 3848 ὲν
3814 3801 3881 3867 τῇ

2292 3885 2493 3955 συνόδῳ
2546 3886 3030 3955 παραγενομένους
3094 3885 3719 3958 μεγαλοπρεπεστάτους
3774 3890 3884 3961 ἄρα

2288 3994 2507 4047 κοντας,
2534 3979 2628 4029 καὶ
2677 3978 2776 4047 τὴν
2828 3979 2979 4048 ἱερὰν
3024 3978 3349 4047 σύγκλητον,
3378 3980 3473 4031 καὶ
3496 3979 3589 4031 νῦν
3621 3983 3887 4048 παρεῖναι

2290 4069 2379 4121 ῖνα
2442 4068 2606 4122 πάλιν
2658 4072 2724 4122 τὰ
2773 4070 2910 4123 αὐτὰ
2968 4070 3279 4141 γυμνασθῇ.
3334 4070 3475 4141 Πρὸς
3518 4070 3577 4123 ὃν
3616 4068 3888 4123 Ἀκάκιον

2288 4162 2438 4231 δηλοῖ
2478 4161 2548 4215 τὰ
2588 4164 2957 4233 πεπραγμένα
3006 4162 3297 4227 διεξελθεῖν
3342 4163 3437 4216 ἐπὶ
3478 4163 3679 4229 λέξεως
3746 4165 3889 4217 ταῦ-

2288 4273 2376 4308 ται
2402 4256 2515 4325 Οὐχ
2547 4254 2720 4318 οὕτως
2752 4256 3037 4308 ἐκέλευσεν
3094 4258 3128 4326 ἠ
3180 4256 3315 4325 ἀγία
3344 4255 3436 4309 καὶ
3484 4256 3703 4326 μεγάλη
3755 4257 3890 4309 06v-

2287 4347 2403 4411 οδος
2425 4348 2520 4418 τὴν
2540 4347 2811 4417 ὑμετέραν
2826 4348 3088 4418 ἁγιότητα
3104 4350 3381 4419 παρεῖναι,
3400 4348 3544 4401 ὥστε
3570 4349 3887 4403 ἀνασκευα-

2291 4440 2486 4508 σθῆναι
2527 4440 2595 4492 τὰ
2638 4439 2732 4491 ἐπὶ
2768 4438 2876 4491 τῶν
2930 4440 3542 4509 μεγαλοπρεπεστάτων
3596 4441 3890 4510 ἀρχόντων

594 4528 943 4585 ἰιιίίηιιοηιιιι·
988 4531 1124 4585 :sed
1169 4548 1268 4585 nos
1317 4532 1468 4586 misit
1497 4532 1564 4587 ad
1595 4542 1666 4595 te,
1717 4532 1984 4587 mandans
2018 4542 2079 4588 ut
2117 4533 2181 4587 ad

2295 4532 2387 4585 καὶ
2412 4533 2506 4585 ἐπὶ
2534 4532 2634 4601 τῆς
2671 4532 2822 4601 ἱερᾶς
2853 4531 3158 4601 συγκλήτου
3206 4531 3521 4603 πραχθέντα
3544 4549 3560 4565 ο
3586 4532 3703 4585 ἀλλ’
3730 4534 3888 4603 ἡμᾶς

592 4636 915 4677 consessum
955 4622 1167 4686 venias,
1200 4638 1303 4677 nec
1346 4623 1491 4677 absit
1567 4623 1635 4677 ab
1667 4638 1734 4677 eo
1752 4623 2027 4679 sanctitas
2068 4632 2182 4677 tua.

590 4711 693 4767 Cui
720 4712 1016 4769 Dioscorus
1059 4714 1132 4768 ita
1171 4716 1476 4783 respondit,
1509 4726 1570 4767 ut
1604 4712 1657 4767 in
1684 4713 1880 4769 iisdem
1921 4714 2061 4769 actis
2090 4714 2187 4768 ha-

606 4804 804 4859 betur:
836 4805 995 4859 Modo
1020 4805 1236 4861 dixistis
1276 4806 1413 4860 mihi
1460 4806 1757 4861 Eusebium
1801 4806 2019 4861 libellos
2057 4822 2184 4877 por-

599 4899 828 4955 rexisse.
853 4899 1058 4953 ltcrum
1084 4898 1302 4969 postulo
1322 4907 1381 4952 ut
1404 4914 1589 4953 coram
1601 4900 1879 4971 iudicibus
1897 4916 1959 4954 ac
1985 4908 2183 4954 senatu

2294 4621 2637 4684 ἀπέστειλεν,
2675 4620 2819 4675 ὥστε
2870 4622 3202 4676 καταλαὸεῖν
3237 4640 3296 4676 σε
3339 4624 3401 4676 τὸ
3448 4624 3753 4695 συνέδριον,
3783 4626 3888 4677 καὶ

2295 4715 2370 4785 μὴ
2400 4715 2798 4785 ἀπολειφθῆναι
2844 4716 3012 4768 αὐτοῦ
3061 4715 3161 4786 τὴν
3197 4718 3297 4787 σὴν
3326 4716 3605 4787 ὁσιότητα.
3649 4717 3792 4788 Πρὸς
3826 4717 3887 4770 ὃν

2301 4806 2591 4877 Διόσκορος
2616 4808 2856 4876 εἴρηκεν,
2880 4807 2957 4871 ὡς
2982 4808 3047 4860 τὰ
3076 4809 3447 4878 ὑπομνήματα
3485 4808 3759 4878 λέγουσιν’
3787 4811 3885 4863 Εἰ·-

2294 4898 2501 4967 ρήκατέ
2530 4915 2621 4967 μοι
2660 4897 2756 4952 νῦν
2787 4900 2871 4951 δτι
2901 4898 3178 4961 meum);
3222 4900 3553 4955 ἐπιδέδωκεν
3588 4900 3883 4964 Εὐσέϐιος.

595 5006 715 5047 mea
747 5006 912 5048 causa
945 4992 1311 5048 examinetur.
1348 4993 1417 5047 Et
1445 5002 1571 5063 post
1596 4993 1702 5048 alia
1737 4993 1985 5065 eiusdem
2030 4992 2179 5049 modi

2287 4990 2596 5060 Παρακαλῶ
2625 4991 2785 5046 πάλιν
2819 4992 3102 5064 παρόντων
3136 4992 3413 5064 ἀρχόντων
3426 4993 3473 5060 ἦν
3502 4995 3596 5047 καὶ
3622 4992 3726 5064 τῆς
3749 5011 3887 5064 συγ-

1907 5153 2139 5209 VARUE
2173 5151 2575 5211 LECTIONES.

668 5272 713 5300 ¹²
740 5270 803 5323 C.
838 5268 900 5323 C.
942 5267 1116 5322 εἷπον.
1194 5270 1241 5302 ⁸⁵
1267 5270 1419 5341 παρά
1444 5269 1539 5324 τοῦ
1569 5270 1680 5325 τῶν
1710 5271 2007 5342 ἀρχῦντων.

1803 5409 2072 5467 VALESII
2107 5411 2665 5470 ANNOTATIONES.

672 5522 785 5591 (Hi
818 5521 1043 5593 Βοηθὸς
1084 5520 1163 5585 τῷ
1204 5522 1528 5591 μαγίστρῳ.
1582 5523 1802 5593 Langus
1845 5532 1901 5578 et
1932 5522 2177 5578 Christo-

600 5593 919 5659 p'norsonus
944 5591 1200 5645 Bocthum
1233 5593 1580 5663 interpretati
1610 5591 1762 5657 sunt,
1793 5592 1951 5663 quasi
1994 5594 2047 5647 id
2080 5610 2181 5648 no-

603 5678 729 5745 men
764 5666 1049 5745 Bromium
1086 5671 1253 5745 esset.
1285 5664 1449 5745 Atqui
1484 5662 1677 5745 βοηθὸς
1715 5662 1915 5745 nomen
1962 5665 2177 5745 est.of:

603 5732 740 5806 ﬁgi.
766 5731 1374 5806 Sic’enimdircbatur
1417 5731 1677 5806 princeps
1719 5733 1908 5806 oliicii
1934 5734 2178 5806 magistri

599 5800 931 5865 olbciorum,
972 5803 1066 5875 qni
1110 5812 1229 5858 cat
1258 5820 1321 5857 ex
1356 5800 1543 5859 schola
1574 5800 1855 5874 agentium
1898 5803 1952 5858 in
1990 5800 2177 5867 rebus,

2290 5535 2350 5580 ut
2378 5527 2540 5583 docet
2562 5528 2765 5583 Notilia
2789 5528 2999 5598 imperii
3027 5527 3276 5582 Romani.
3310 5529 3484 5583 Porro
3519 5527 3747 5598 adiutor
3780 5532 3889 5586 isto

2290 5598 2535 5670 magistri
2572 5598 2901 5670 ofﬁciorum,
2921 5598 3254 5670 Eleusinius
3284 5600 3507 5670 proprio
3536 5600 3765 5655 nomine
3797 5602 3884 5654 dt-

2288 5668 2538 5795 ἓιῖιηῖιιιῖι,
2594 5680 2655 5726 ut
2705 5668 2969 5725 scribitur
3019 5669 3073 5723 in
3144 5668 3397 5726 actionc'
3430 5670 3591 5725 tertia
3654 5671 3882 5729 concilii

2352 5755 2399 5793 ia
2427 5756 2487 5794 cc
2535 5781 2548 5794 .

2352 5755 2548 5794 lalCCU.
