4108 6494
298 400 447 465 2561

1222 400 1609 461 HISTORIA?
1650 400 2247 461 ECCLESIASTIC/E
2286 402 2518 462 LIBER
2558 404 2641 464 II.

3436 413 3581 475 2562

305 512 512 581 κλήτου
539 510 940 581 δοκιμασθῆναι
969 505 1039 559 τὰ
1065 504 1187 560 κατ’
1223 510 1343 579 ἐμέ.
1380 502 1511 559 Εἶτα
1547 512 1750 582 ἐτέρων
1783 530 1894 565 τοι·

1996 526 2121 580 qua:
2140 509 2277 563 actis
2318 509 2521 566 inserta
2547 512 2825 583 leguntur,
2854 528 3042 567 rursus
3057 513 3233 586 .316
3266 518 3418 574 missi
3451 536 3581 579 sunt

300 603 486 657 οῠτων
515 604 871 674 ἐγκειμένων,
900 597 1056 663 αὖθις
1086 601 1473 673 ἀπεστάλησαν
1494 606 1541 658 oi
1588 605 1892 674 ὀφείλοντες

298 696 403 749 τὸν
444 696 608 748 αὑτὸν
643 690 1054 767 προτρέψασθαι
1089 692 1382 761 Διόσκορον
1427 699 1542 759 τοῖς
1577 696 1889 766 πραττομέ-

299 805 425 850 νοις
459 790 739 858 παρεῖναι.
768 787 878 840 Καὶ
899 786 1100 840 ’τούτου
1146 788 1459 857 γενομένου,
1487 788 1894 855 ἐπαναζεύξαν-

298 894 402 939 τες
442 877 490 929 oi
535 874 881 945 πεμφθέντες
921 876 1210 945 εἰρήκασιν
1241 876 1387 946 ἔχειν
1415 878 1473 929 ὲν
1496 877 1747 946 σημείοις
1778 878 1891 949 (l5)

296 968 410 1036 τὴν
433 965 599 1019 αὐτοῦ
630 966 837 1045 φωνὴν,
869 964 906 1019 ἃ
933 964 1183 1035 δηλοῦσιν
1214 966 1375 1019 αὑτὸν
1401 968 1575 1020 εἰπεῖν
1595 983 1609 1000 ο

386 1057 527 1128 Ἤδη
573 1058 789 1125 φθάσας
819 1056 1096 1126 δεδήλωκα
1135 1062 1199 1129 τῇ
1228 1061 1471 1132 ὑμετέρα
1513 1061 1793 1130 θεοσεϐείᾳ
1818 1060 1894 1123 ὼς

299 1148 393 1200 ὅτι
437 1149 531 1200 καὶ
575 1148 862 1219 ἀρρωστίᾳ
913 1149 1235 1220 συνέχομαι,
1268 1154 1361 1205 καὶ
1397 1153 1593 1219 ὲξαιτῶ
1632 1153 1771 1207 ὥστε
1798 1151 1893 1204 καὶ

299 1241 440 1301 τοὺς
495 1238 1116 1310 μεγαλοπρεπεστάτους
1145 1248 1433 1312 ἄρχοντας,
1465 1246 1560 1297 καὶ
1597 1244 1698 1314 τὴν
1743 1243 1892 1313 ἱερὰν

303 1328 624 1397 σύγκλητον
671 1332 766 1382 καὶ
804 1333 899 1385 νῦν
934 1338 1185 1405 παρεῖναι
1215 1336 1281 1404 τῇ
1316 1333 1423 1386 τῶν
1460 1332 1894 1404 ἐξετασθησομέμ

298 1437 418 1472 νων
444 1420 645 1487 κρίσει.
694 1422 915 1493 Ἐπειδὴ
964 1424 1021 1475 δέ
1076 1441 1166 1492 μοι
1198 1425 1265 1475 τὰ
1296 1423 1393 1491 τῆς
1422 1424 1734 1493 ἀρρωστίας
1795 1424 1893 1474 έπ-

302 1509 502 1580 ετὰθη,
526 1511 720 1563 τούτου
740 1512 919 1582 ’χάριν
951 1513 1050 1583 τὴν
1082 1513 1373 1583 ὑπέρθεσιν
1416 1512 1743 1581 πεποίημαι.
1785 1512 1894 1563 Καὶ

299 1601 624 1670 Κεκρὸπιον
666 1603 842 1656 είπείν
894 1602 983 1654 τὰ
1010 1604 1379 1673 ὑπομνήματα
1428 1602 1580 1673 δηλοί
1628 1603 1767 1672 πρὸς
1805 1603 1893 1655 τὸν

299 1691 631 1761 Διόσκορον,
695 1691 887 1762 πρώην
936 1693 1101 1763 μηδὲν
1144 1694 1277 1763 περὶ
1324 1692 1640 1763 ἀρρωστίας
1680 1695 1888 1745 εἰπεῖν·

299 1782 547 1851 ὀφείλειν
584 1780 679 1837 οὖν
728 1776 891 1836 αὺτόν
923 1786 1036 1846 τοῖς
1073 1785 1261 1836 κανόσι
1306 1785 1367 1835 τὸ
1415 1784 1599 1836 ἱκανὸν
1648 1785 1890 1853 ποιῆσαι.

301 1847 455 1943 “Vpb;
490 1872 549 1926 δν
596 1875 623 1926 ὁ
652 1874 939 1945 Διόσκορος
971 1876 1311 1944 ἀπεφήνατο,
1344 1873 1525 1940 "Arms
1564 1870 1718 1927 εἶπον
1747 1847 1895 1942 δφεί-
1925 1847 1965 1900 Β

300 1966 425 2019 λειν
475 1970 731 2038 παρεῖναι
774 1970 901 2030 τοὺς
949 1968 1236 2038 ἄρχοντας.
1274 1964 1410 2020 Εἶτα
1458 1967 1549 2020 τὸν
1614 1968 1892 2035 Ῥουφῖνον

302 2059 486 2109 εἰπεῖν
527 2058 665 2127 πρὸς
709 2058 872 2111 αὑτὸν
904 2061 1202 2113 ἐπίσκοπον
1247 2060 1597 2130 Σαμοσάτων,
1632 2059 1894 2111 κανονικὰ

299 2149 378 2198 τὰ
404 2148 699 2216 κινούμενα
734 2147 1087 2213 καθεστάναι,
1120 2150 1212 2201 καὶ
1238 2149 1499 2201 δύνασθαι
1524 2149 1688 2202 αὑτὸν
1716 2165 1893 2217 παρα⁴

301 2239 603 2305 γενόμενον
647 2237 682 2291 ἃ
723 2237 983 2306 βούλεται
1022 2238 1337 2301 διεξελθεῖν.
1379 2237 1693 2306 Πυθομένου
1718 2239 1773 2288 δὲ
1798 2237 1891 2288 τοῦ

303 2331 605 2393 Διοσκόρου
639 2328 1053 2391 είῚουὸενάλιος
1084 2329 1175 2381 καὶ
1202 2328 1502 2389 Θαλάσσιος
1529 2331 1894 2398 παρεγένοντο

302 2419 407 2470 καὶ
451 2418 765 2482 Εὐστάθιος,
811 2420 1166 2489 ἀπεκρίνατο,
1210 2419 1285 2481 ὡς
1333 2419 1484 2471 οὐδὲν
1550 2422 1687 2489 πρὸς
1729 2420 1883 2481 ἔπος.

304 2507 521 2579 Πρὸςᾶ
562 2510 851 2580 Διόσκορον
904 2514 1080 2563 εἰπεῖν
1129 2511 1197 2563 τὰ
1248 2506 1615 2581 πεπραγμένα
1668 2511 1892 2582 δηλοῦσι

303 2599 696 2668 παρακαλέσαι
716 2602 760 2633 ⁸⁸
804 2600 896 2653 τὸν
932 2602 1278 2673 φιλόχριστον
1326 2601 1573 2671 βασιλέα,
1604 2602 1745 2654 ὥστε
1798 2604 1893 2655 καὶ

301 2689 438 2750 τοὺς
465 2688 733 2759 ἄρχοντας
780 2692 1059 2759 παρεῖναι,
1089 2693 1182 2742 καὶ
1213 2690 1340 2751 τοὺς
1384 2692 1479 2743 σὺν
1504 2689 1653 2760 αὐτῷ
1681 2691 1894 2743 δεδικα-

303 2782 497 2846 κότας.
531 2784 641 2835 Καὶ
668 2783 804 2853 πρὸς
830 2787 1006 2838 ταῦτα
1033 2786 1156 2847 τοὺς
1195 2784 1551 2855 πεμφθέντας
1571 2785 1767 2843 εἰπεῖν,
1804 2785 1873 2852 μό

305 2892 407 2928 νου
451 2878 774 2945 κατηγορεῖν
807 2876 975 2929 αὐτοῦ
1003 2869 1094 2930 τὸν
1133 2877 1413 2943 Εὐσέϐιον,
1451 2876 1547 2928 καὶ
1591 2876 1651 2928 οὐ
1687 2877 1894 2938 πάντας

303 2966 549 3037 ὀφείλειν
578 2975 1012 3042 παραγενέσθαι.
1046 2971 1153 3022 Καὶ
1184 2953 1319 3040 πρὸς
1350 2969 1526 3025 ταῦτα
1558 2972 1651 3022 τὸν
1681 2969 1895 3020 Διόσκο-

309 3076 411 3130 ρον
456 3062 653 3126 εἰπεῖν,
697 3062 936 3129 ὀφείλειν
958 3062 1053 3114 καὶ
1084 3062 1211 3123 τοὺς
1241 3061 1437 3123 ἄλλους
1465 3063 1724 3131 παρεῖναι
1771 3061 1898 3122 τοὺς

1995 610 2089 680 qui
2146 610 2469 664 Dioscorum
2530 608 2884 660 hortarentur
2936 616 2997 659 ut
3044 611 3214 676 gestis
3262 612 3577 671 interesset.

1995 698 2153 763 Quod
2188 698 2281 751 ubi
2334 695 2535 751 factum
2577 703 2683 758 est,
2712 688 2773 748 hi
2828 694 2921 762 (ιυὶ
2943 694 3093 747 missi
3155 709 3334 761 erant.
3372 707 3580 761 reversi

1995 792 2256 847 dixerunt
2278 808 2336 849 se
2366 794 2781 860 responsionem
2838 785 3082 839 Dioscori
3114 788 3261 844 notis
3292 808 3578 865 exceptam

1995 883 2224 949 habere,
2249 898 2373 954 qua:
2398 890 2482 937 est
2502 878 2818 950 hujusmodi
2854 895 2867 931 :

2064 1060 2183 1116 Jam
2219 1068 2376 1115 antea
2403 1059 2592 1129 pietati
2620 1069 2816 1114 vestra:
2861 1057 3187 1126 significavi,
3245 1074 3333 1113 me
3384 1061 3580 1117 morbo

1994 1150 2268 1213 laborare,
2298 1158 2353 1203 et
2374 1150 2655 1219 postulare
2690 1158 2750 1203 ut
2798 1147 3329 1218 magniiicentissimi
3361 1152 3580 1221 judices

1994 1249 2048 1295 et
2069 1255 2223 1295 sacer
2246 1247 2471 1294 senatus
2500 1255 2649 1293 nunc
2676 1254 2896 1308 quoque
2920 1236 3181 1292 intersint
3247 1240 3460 1306 judicio
3484 1258 3580 1295 eo-

1994 1346 2116 1386 rum
2172 1347 2295 1401 qua:
2341 1330 2703 1384 examinanda
2766 1340 2918 1384 sunt.
2974 1330 3082 1386 Sed
3118 1335 3379 1403 quoniam
3426 1351 3576 1389 mor-

1994 1426 2100 1481 bus
2131 1441 2286 1480 meus
2330 1424 2584 1488 increvit,
2618 1423 2825 1478 idcirco
2870 1424 3062 1481 adesse
3092 1442 3201 1481 non
3227 1430 3402 1497 potui.
3439 1431 3578 1484 Tum

1993 1530 2129 1569 vero
2148 1514 2469 1583 Cecropius,
2496 1524 2557 1569 ut
2588 1515 2640 1568 in
2667 1514 2863 1569 iisdem
2895 1516 3033 1571 aclis
3060 1518 3281 1587 legitur,
3316 1517 3580 1575 Dioscoro

1996 1605 2153 1671 dixit,
2200 1605 2364 1675 paulo
2405 1615 2532 1660 ante
2558 1593 2766 1660 null‘am
2804 1608 3139 1662 mentionem
3163 1610 3342 1664 morbi
3367 1611 3436 1665 ab
3484 1612 3579 1665 illo

1996 1696 2195 1750 factam
2221 1695 2418 1759 fuisse;
2446 1696 2679 1765 proinde
2701 1697 2877 1750 sacris
2897 1697 3100 1766 regulis
3122 1698 3438 1754 satisfacere
3450 1715 3578 1754 eum

1997 1784 2220 1839 debere.
2250 1784 2351 1839 Cui
2383 1784 2679 1839 Dioscorus
2710 1785 2996 1853 respondit
3019 1786 3119 1839 .his
3139 1788 3324 1842 verbis
3352 1805 3363 1841 :
3399 1787 3579 1843 Semel

1995 1876 2105 1929 dixi
2162 1876 2377 1945 judices
2417 1875 2607 1929 adesse
2643 1888 2918 1945 oportere.
2968 1876 3049 1930 Ad
3073 1877 3188 1932 inec
3223 1878 3458 1933 Rulinus
3485 1878 3583 1933 Sa-

1995 1965 2325 2020 mosatensis
2372 1966 2667 2034 episcopus
2717 1966 2979 2019 Dioscoro
3034 1966 3193 2032 dixit,
3252 1969 3579 2023 canonicum

1993 2058 2351 2112 constitutum
2380 2072 2503 2112 esse
2538 2057 2831 2126 judicium,
2859 2067 2914 2113 et
2944 2073 3101 2128 posse
3139 2060 3482 2125 Dioscorum,
3536 2062 3582 2115 si

1993 2148 2231 2209 adesset,
2265 2155 2461 2201 cuncta
2492 2161 2613 2213 qua:
2662 2147 2831 2200 vellet
2861 2148 3035 2202 libere
3075 2150 3284 2204 dicere.
3330 2151 3583 2220 Cumque

1996 2237 2292 2291 Dioscorus
2322 2236 2717 2305 interrogasset
2738 2245 2922 2291 utrum
2954 2239 3240 2295 Juvenaiis
3261 2252 3316 2295 et
3348 2242 3580 2296 Thalas-

1994 2330 2111 2385 sius
2140 2339 2302 2397 atque
2324 2327 2645 2383 Eustathius
2703 2330 2769 2384 ad
2797 2336 3092 2390 concilium
3120 2336 3424 2395 venissent.
3496 2350 3583 2388 re-

1992 2418 2217 2488 spondit
2266 2416 2583 2486 Pergamius
2637 2418 2777 2473 nihil
2823 2421 2966 2477 istud
3011 2425 3079 2478 ad
3129 2440 3244 2491 rem
3273 2427 3576 2494 pertinere.

1993 2510 2208 2577 Quibus
2227 2507 2411 2563 verbis
2432 2507 2747 2564 Dioscorum
2771 2512 2887 2567 haec
2907 2516 3229 2585 snbjecisse,
3244 2516 3437 2571 eadem
3456 2526 3579 2571 acta

1995 2612 2269 2659 testantur
2298 2622 2310 2657 :
2335 2603 2641 2674 postulasse
2665 2617 2724 2656 se
2751 2619 2780 2657 a
2809 2604 3019 2659 Christi
3063 2607 3444 2661 amantissimo
3474 2608 3579 2661 im-

1996 2705 2269 2764 peratore,
2305 2703 2366 2748 ut
2393 2696 2615 2765 juberet
2652 2695 3228 2763 magniﬁcentissimos
3250 2698 3466 2768 judiees
3497 2699 3581 2751 in-

1998 2798 2201 2841 teresse
2228 2787 2485 2851 concilio,
2518 2794 2573 2839 et
2604 2804 2700 2844 eos
2721 2788 2815 2859 qui
2847 2806 2954 2843 una
2983 2805 3109 2843 cum
3146 2791 3265 2859 ipso
3287 2789 3579 2859 judicavc-

1996 2888 2139 2934 rant.
2179 2879 2392 2946 Quibus
2427 2880 2590 2942 legati
2634 2898 2664 2935 a
2694 2881 2934 2935 concilio
2965 2881 3116 2935 missi
3149 2880 3581 2950 responderunt,

1995 2986 2121 3026 eum
2154 2971 2331 3025 solum
2371 2970 2439 3024 ab
2465 2971 2703 3027 Eusebio
2755 2982 3075 3027 accusatum
3129 2987 3272 3035 esse,
3324 2986 3427 3025 nec
3454 2970 3581 3024 reli-

1996 3078 2139 3133 quos
2163 3064 2354 3119 adesse
2380 3063 2606 3124 debere.
2638 3069 2777 3123 Tum
2804 3082 2938 3121 vero
2958 3066 3280 3120 Dioscorum
3307 3062 3580 3125 intulisse,

308 3152 415 3204 αὺν
442 3151 592 3221 αὑτῷ
615 3151 988 3213 δεδικακότας.
1029 3150 1182 3220 Μηδὲ
1212 3151 1319 3221 γὰρ
1354 3151 1518 3204 ἰδικὺν
1543 3151 1687 3220 ἔχειν
1719 3151 1890 3219 ιιτρῶἶγ⁸

1999 3157 2136 3211 alios
2160 3174 2381 3227 quoque
2413 3160 2605 3215 adesse
2636 3172 2895 3230 oportere
2929 3160 3023 3229 qui
3043 3159 3049 3166 '
3070 3174 3177 3211 una
3202 3172 3326 3213 cum
3352 3157 3469 3225 ipso
3494 3158 3584 3225 ju-

314 3259 398 3311 μα
428 3245 560 3312 πρὸς
596 3242 759 3297 αὑτὸν
788 3244 879 3296 τὸν
922 3244 1183 3295 Εὐσέδιον
1207 3258 1221 3271 ο
1254 3243 1369 3295 ἀλλ’
1412 3245 1460 3296 εί
1502 3244 1609 3312 ἄρα
1634 3244 1731 3314 (m)
1765 3243 1893 3312 περὶ

306 3326 389 3386 ὧν
419 3335 617 3396 πάντες
649 3334 987 3387 δεδικάκασι.
1022 3335 1128 3387 Καὶ
1156 3333 1320 3387 πάλιν
1347 3333 1755 3402 ἐπιμεινάντων
1782 3333 1892 3384 τῶν

309 3425 678 3494 πεμφθέντων
720 3427 849 3495 περὶ
878 3427 1090 3488 τούτου,
1121 3426 1405 3495 ἀπέτησεν
1438 3423 1464 3473 ὀ
1494 3424 1783 3495 Διὸσκορος
1812 3426 1893 3476 εἰ·

321 3515 461 3569 πών⁸
512 3516 694 3579 "Arrcti
735 3512 888 3569 εἶπον
925 3517 961 3570 ἆ
998 3511 1178 3568 εἷπον·
1222 3518 1313 3569 καὶ
1344 3516 1653 3585 περαιτέρω
1689 3516 1896 3569 τούτων

311 3609 488 3659 εἰπεῖν
523 3608 623 3659 οὐκ
665 3609 790 3676 ἔχω.
836 3608 977 3676 Πρὸς
1006 3608 1040 3660 ἃ
1081 3607 1337 3666 Εὐσέϐιος
1386 3606 1413 3656 ὁ
1454 3607 1549 3659 τοῦ
1598 3608 1893 3677 Δορυλαίου

309 3697 581 3767 διεξῆλθε,
612 3698 747 3770 πρὸς
779 3700 939 3767 μόνον
970 3700 1260 3767 Διόσκορον
1298 3701 1466 3771 ἔχειν,
1498 3694 1592 3751 καὶ
1625 3700 1762 3768 πρὸς
1794 3716 1888 3768 μηο

309 3789 442 3842 δένα
473 3789 688 3859 ἕτερον·
730 3790 825 3841 καὶ
866 3793 1064 3860 ἠξίωσε
1095 3796 1255 3868 τρίτῃ
1297 3794 1485 3863 κλήσει
1508 3789 1773 3859 κληθῇναι
1806 3791 1895 3842 τὸν

310 3880 623 3950 Διόσκορον-
659 3881 770 3940 Καὶ
805 3887 1093 3939 ὑπολαϐὼν
1132 3887 1359 3947 Ἀέτιος,
1404 3881 1667 3945 ἐδίδασκε,
1705 3882 1893 3952 πρώην

310 3970 467 4033 τινὰς
511 3971 769 4039 λέγοντας
805 3976 1032 4039 ἑαυτοὺς
1075 3976 1370 4046 κληρικοὺς
1406 3974 1543 4043 μετὰ
1574 3973 1665 4023 καὶ
1694 3971 1896 4040 ἐτέρων

310 4062 521 4116 λαῖκῶν
569 4066 669 4135 τῆς
723 4070 1119 4139 ’Δλεξανδρέων
1172 4069 1563 4140 ὁρμωμένους,
1621 4066 1897 4117 ἐπιδοῦναι

310 4156 592 4219 manu;
623 4163 764 4214 κατὰ
790 4162 1105 4233 Διοσκόρου,
1137 4164 1229 4216 καὶ
1264 4166 1486 4225 τούτους
1511 4166 1616 4232 πρδ
1645 4161 1739 4215 τοῦ
1771 4178 1895 4214 συν-

317 4249 503 4318 εδρίου
555 4251 792 4315 ἑστῶτας
830 4254 1112 4325 ἐκϐοήσεσι
1168 4257 1490 4326 κεχρῆσθαι.
1542 4255 1653 4308 Καὶ
1696 4256 1896 4323 πρῶτα

312 4341 420 4409 μὲν
463 4342 850 4407 ὲπιδεδωκότος
901 4342 1176 4419 Θεοδώρου
1203 4348 1282 4417 (η)
1313 4347 1561 4406 διακόνου
1592 4351 1890 4421 γενομένου

1997 3248 2351 3302 dicavissent.
2384 3247 2572 3317 Neque
2617 3250 2765 3304 enim
2812 3250 3109 3304 Eusebium
3163 3249 3433 3317 privatam
3485 3245 3585 3299 ad-

1998 3360 2189 3398 versus
2221 3345 2398 3414 ipsum
2441 3358 2665 3398 causam
2723 3342 2947 3403 habere,
2979 3339 3074 3394 sed
3109 3352 3457 3393 communem
3509 3336 3584 3390 ob

1994 3452 2059 3492 ea
2098 3453 2219 3507 quae
2270 3453 2464 3492 omnes
2491 3436 2655 3493 simul
2687 3433 3104 3505 iudicavissent.
3151 3430 3370 3483 Etcum
3414 3428 3579 3497 legati

1996 3531 2053 3583 in
2098 3530 2293 3585 iisdem
2344 3537 2688 3602 perstarent,
2736 3525 3033 3579 Dioscorus
3086 3521 3410 3590 respondit:
3449 3519 3587 3586 Qua:

1997 3620 2132 3687 dixi,
2181 3622 2349 3676 semel
2387 3622 2521 3685 dixi,
2558 3633 2663 3675 nec
2703 3614 2937 3683 amplius
2976 3612 3152 3666 habeo
3182 3610 3329 3680 quod
3379 3609 3582 3664 dicam.

1997 3709 2210 3776 Quibus
2261 3712 2612 3777 renuntiatis,
2676 3703 2950 3763 Eusebius
3003 3702 3299 3772 episcopus
3350 3698 3583 3771 Dorylzei

1997 3802 2138 3858 dixit
2182 3818 2240 3857 se
2265 3803 2528 3857 adversus
2550 3818 2719 3858 unum
2752 3801 3074 3855 Dioscorum
3105 3811 3324 3851 causam
3356 3795 3581 3857 habere,

1997 3893 2262 3948 adversus
2290 3893 2460 3947 alium
2510 3903 2777 3963 praeterea
2818 3892 3115 3948 neminem.
3165 3886 3587 3953 Postulavitque

1998 3984 2242 4038 uttertia
2266 3985 2556 4039 vocatione
2612 3984 2908 4038 Dioscorus
2961 3983 3249 4036 citaretur.
3308 3979 3437 4033 Post
3466 3976 3588 4030 haec

1997 4074 2189 4128 Aetius
2210 4075 2419 4137 retulit,
2442 4076 2708 4145 quosdam
2724 4076 2894 4144 quise
2916 4074 3151 4128 clericos
3166 4088 3286 4127 esse
3310 4070 3586 4129 dicereut,

1999 4180 2108 4219 una
2139 4180 2263 4219 cum
2294 4166 2416 4220 aliis
2449 4166 2607 4219 laicis
2630 4167 2699 4219 ab
2742 4165 2878 4219 urbe
2903 4163 3230 4217 Alexandria
3274 4160 3586 4221 venientes,

1998 4272 2177 4325 nuper
2214 4257 2431 4312 libellos
2483 4258 2791 4327 porrexisse
2830 4256 3095 4311 adversus
3138 4256 3482 4314 Dioscorum,
3527 4257 3586 4302 et

2000 4363 2149 4403 nunc
2178 4363 2277 4419 pro
2312 4348 2526 4404 foribus
2571 4346 2792 4403 concilii
2818 4356 3027 4402 stantes
3079 4344 3391 4400 vociferari.
3441 4340 3583 4396 Cum

1628 4480 1856 4535 νΑιιιΑε
1895 4480 2292 4539 LECTIONES.

382 4571 431 4603 ⁵⁵
456 4572 869 4642 παρακαλέσας.

1516 4685 1785 4740 VALESll
1822 4685 2373 4744 ANNOTATiONES.

385 4802 500 4872 (l5)
548 4801 644 4853 Ἐν
686 4816 985 4872 σημείοις.
1035 4801 1094 4855 1η
1134 4797 1287 4856 Actis
1328 4801 1548 4856 concilii
1586 4801 1893 4856 Cbaleedo—
1929 4806 1969 4859 Ι)
2001 4800 2303 4863 deducere,
2356 4801 2449 4871 qui
2510 4812 2658 4871 gesta
2720 4800 3001 4871 synodalia
3057 4802 3207 4856 notis
3249 4804 3580 4872 exciperet:

306 4870 505 4927 nensis
536 4885 638 4939 pro
685 4870 772 4924 his
818 4872 1007 4925 verbis
1059 4872 1326 4941 scriptum
1382 4882 1467 4926 est
1520 4875 1577 4923 ὲν
1636 4872 1887 4939 ἐκλήψει,

308 4942 462 5014 quod
510 4950 666 5014 vetus
718 4941 993 5010 interpres
1045 4943 1119 4995 ita
1168 4942 1381 5014 vertit:
1425 4943 1493 5014 Et
1541 4950 1685 5014 certe
1734 4940 1895 4994 loculi

304 5011 437 5067 sunt
469 5028 585 5082 qua:
622 5013 687 5082 in,
727 5013 956 5080 exceptis
1006 5013 1192 5065 habeo.
1244 5012 1409 5066 Certe
1455 5011 1732 5066 Himerius
1772 5020 1894 5066 erat

308 5084 650 5152 notariusiet
680 5081 874 5141 lector,
913 5082 1112 5136 missus
1142 5099 1169 5135 a
1196 5083 1428 5135 concilio
1460 5100 1564 5135 uua
1597 5098 1722 5136 cum
1775 5083 1896 5152 epi-

311 5152 495 5221 scopis
522 5151 586 5205 ad
607 5151 950 5211 Dioscorum,
990 5161 1048 5205 ut
1083 5153 1228 5206 notis
1261 5153 1541 5221 exciperet
1570 5170 1633 5207 ea
1671 5170 1790 5222 qua:
1824 5152 1892 5206 ab

312 5232 547 5290 utraque
599 5229 755 5290 parte
798 5222 1138 5285 dicerentur,
1189 5224 1242 5275 id
1292 5225 1438 5276 enim
1490 5233 1609 5276 erat
1648 5224 1891 5276 ollicium

310 5292 676 5346 notariorum.
721 5290 982 5345 Solebant
1045 5304 1227 5347 autem
1269 5293 1512 5362 episcopi
1559 5294 1778 5362 quoties
1826 5293 1892 5346 ad

310 5363 581 5434 synodum
615 5361 1128 5431 proﬁciscerentur,
1188 5361 1471 5417 notarium
1496 5361 1656 5417 suum
1703 5377 1894 5418 secum

2000 4887 2110 4943 quo
2138 4872 2352 4943 scilicet
2384 4871 2535 4943 linita
2571 4873 2777 4943 synodo
2809 4872 3054 4925 codicem
3090 4883 3339 4926 actorum
3379 4871 3580 4943 Singuli

2001 4941 2277 4995 referrent
2314 4942 2366 4994 in
2400 4940 2654 5011 patriam.
2692 4940 2961 4995 Cteterum
2994 4944 3140 5011 quod
3180 4953 3337 4996 vetus
3371 4940 3585 4997 ille'in-

1999 5019 2217 5082 terpres
2239 5015 2452 5082 σημεῖα
2486 5014 2654 5066 vertit
2682 5020 2932 5082 excepta,
2968 5013 3227 5080 equidem
3261 5013 3417 5066 valde
3449 5029 3579 5082 pro-

1998 5081 2099 5152 bo.
2131 5079 2284 5152 Unde
2308 5079 2384 5135 et
2437 5082 2767 5152 σημειώσεις
2799 5079 3074 5150 0rigenis,
3112 5082 3305 5137 Latine
3351 5079 3581 5151 excepta

1998 5151 2106 5206 dici
2137 5150 2642 5223 debereexistimo.
2676 5152 2801 5207 Scio
2837 5152 3061 5221 quidem
3100 5152 3353 5223 Urigenis
3382 5150 3582 5222 σημει-

1997 5222 2159 5281 ώσεις
2187 5237 2216 5273 a
2238 5222 2455 5275 Rulliuo
2474 5232 2527 5275 et
2557 5222 2887 5292 Hieronymo
2909 5234 3166 5291 excerpta
3200 5222 3360 5292 vulgo
3387 5224 3578 5291 appel-

1999 5291 2139 5353 lari,
2170 5294 2268 5345 sed
2306 5294 2501 5347 vitiose
2538 5293 2611 5346 ita
2656 5291 2826 5347 scribi
2865 5293 3142 5360 existimo,
3182 5291 3311 5348 cum
3348 5302 3581 5362 excepta

1999 5362 2185 5432 potius
2213 5362 2452 5418 debeant
2482 5363 2778 5417 nominari.

1758 5500 2139 5558 VARIORUM.

381 5590 473 5661 (ut)
523 5588 688 5641 Ἀλλ’
718 5592 770 5641 εὶ
801 5590 937 5658 ἄρα.
968 5590 1198 5645 Videtur
1232 5591 1521 5661 legendum
1561 5591 1676 5643 ἀλλ’
1708 5592 1891 5661 ἢᾶρα.

307 5658 394 5714 ιν.
432 5659 651 5713 Lowru.

376 5733 454 5797 (τι)
494 5728 821 5798 Θεοδώρου.
854 5728 1185 5783 Theodorus
1215 5740 1269 5783 et
1306 5730 1604 5798 lsclivrion,
1634 5731 1890 5785 Ecclesia:

303 5800 693 5858 Alexandrina:
715 5800 956 5866 diaconi,
988 5800 1323 5855 Athanasius
1353 5802 1554 5854 ibidem
1581 5804 1887 5872 presbyter,

1992 5606 2045 5649 et
2074 5596 2420 5664 Soplironius
2448 5594 2668 5655 Laicus,
2700 5594 2841 5648 mala
2892 5609 3014 5663 qua:
3046 5609 3074 5647 τι
3127 5593 3397 5664 Dioscoro
3432 5596 3577 5663 passi

1994 5662 2557 5735 sunt,icxposuerunt
2593 5666 2793 5718 libellis
2818 5662 3158 5735 quicxstant
3200 5662 3405 5721 Concil.
3436 5662 3577 5718 tum.

1998 5736 2081 5801 IV,
2117 5734 2398 5808 pag.r596,
2438 5736 2561 5799 400,
2605 5735 2725 5799 -ὶυό,
2766 5735 2889 5800 ill,
2922 5734 3059 5789 edit.
3096 5735 3304 5789 Lnbbe.
