4108 6466
589 354 733 420 2563

1797 338 2118 401 EVAGRII
2159 334 2653 397 SCHOLASTICI

3727 325 3869 396 2564

594 485 728 538 ergo
755 465 976 521 libellos
1001 462 1296 519 obtulisset
1324 459 1566 530 primum
1589 455 1815 527 quidem
1853 450 2181 508 Theodorus

2288 449 2387 518 τῆς
2425 449 2483 502 ἐν
2529 445 2906 518 Ἀλεξανδρείᾳ
2947 445 3110 514 ἀγίας
3147 443 3497 517 Ἐκκλησίας,
3541 443 3663 499 εἶτα
3689 446 3745 499 δὲ
3776 448 3871 500 καὶ

585 560 682 629 qui
717 572 918 612 sancue
947 553 1445 609 Alexandrinorum
1474 549 1733 604 Ecclesia:
1759 546 2026 600 diaconus
2053 541 2172 596 fue—

583 657 710 716 rat,
754 648 953 703 deinde
1005 644 1252 717 Ischyrio
1302 641 1578 704 similiter,
1611 648 1668 694 et
1696 640 1810 708 ipse
1859 636 2168 691 diaconus:

589 749 705 793 tum
731 737 1063 793 Athanasius
1102 735 1391 807 presbgier
1417 742 1474 787 et
1507 730 1698 803 Cyrilli
1731 729 1940 783 sororis
1977 727 2124 781 illius
2156 743 2169 778 :

584 845 649 884 ac
682 838 963 898 postremo
991 826 1370 896 Sophronius;
1402 822 1606 892 quibus
1621 820 1941 875 Dioscorum
1969 819 2172 886 partim

581 920 653 973 ob
714 917 1120 987 blasphemias.
1172 917 1372 986 partim
1414 915 1486 968 ob
1553 911 1864 981 corporalia
1921 908 2171 978 qumdam

582 1013 784 1064 damna
815 1019 872 1063 et
896 1009 1168 1063 violentas
1193 1007 1444 1076 pecuniae
1467 1004 1783 1059 exactiones
1806 1001 2169 1056 accusabant:

581 1099 742 1167 317
769 1098 930 1151 tertia
969 1097 1259 1151 vocatione
1283 1095 1483 1149 citatus
1507 1103 1591 1148 est
1637 1094 1955 1153 Dioscorus,
1992 1088 2174 1144 moni-

585 1196 786 1257 tusque
810 1196 895 1241 est
912 1195 970 1240 ut
990 1186 1056 1240 ad
1081 1186 1380 1240 concilium
1397 1184 1703 1238 accederet.
1729 1181 1981 1251 Regressi
2009 1180 2175 1250 igitur

582 1281 677 1348 qui
701 1280 766 1333 ad
795 1279 899 1333 hoc
921 1277 1074 1332 missi
1093 1277 1330 1338 fuerant,
1375 1275 1704 1328 nuntiarunt
1734 1271 2173 1327 Dioscorumista

583 1370 789 1423 dixiss:
820 1367 1001 1422 eSatis
1021 1380 1298 1435 superque
1325 1364 1486 1418 docui
1506 1363 1761 1432 pietatem
1783 1373 2020 1416 vestram
2041 1381 2055 1416 :
2073 1376 2176 1415 nec

584 1463 653 1515 iis
681 1459 830 1513 aliud
858 1457 1159 1528 quidquam
1187 1457 1424 1527 adjicere
1457 1470 1703 1525 possum.
1727 1455 1940 1508 Rursus
1965 1453 2177 1508 instan-

584 1552 734 1605 tibus
769 1549 986 1619 legatis,
1019 1563 1258 1616 eumque
1287 1555 1346 1600 ut
1381 1547 1596 1600 veniret
1641 1545 2014 1608 hortantibus,
2047 1558 2174 1598 cum

581 1635 727 1690 idem
778 1651 997 1704 semper
1053 1633 1429 1703 respondisset
1459 1635 1777 1698 Dioscorus,
1809 1633 2176 1688 Paschasinus

580 1727 876 1796 episcopus
898 1745 911 1780 :
936 1726 1074 1780 dixit
1095 1726 1212 1780 Jam
1233 1732 1316 1778 ter
1337 1735 1560 1780 vocatus
1574 1725 1872 1779 Dioscorus
1893 1723 2178 1792 haudqua‘

2293 540 2634 612 Ἰσχυρίωνος
2669 539 2916 592 διακόνου
2939 540 3008 603 ⁸⁸,
3047 540 3139 592 καὶ
3185 537 3508 591 Ἀθανασίου
3568 539 3872 607 πρεσὸυτέ-

2282 648 2376 701 ρου
2411 630 2504 682 καὶ
2528 630 2812 699 ἀδελφιδοῦ
2841 629 3137 699 Κυρίλλου,
3167 628 3260 681 καὶ
3290 630 3427 698 πρός
3452 645 3508 680 τε
3536 631 3866 699 Σωφρονίου,

2277 723 2344 776 δι’
2375 717 2450 776 ὧν
2492 722 2619 792 περί
2673 739 2739 791 γε
2789 722 3144 792 βλασφημιῶν
3191 720 3518 774 ἐνεκάλεσαν
3569 723 3868 792 Διοσκόρῳ,

2281 815 2410 883 περί
2442 831 2497 866 τε
2535 815 2865 882 σωματικῶν
2889 815 2984 866 καὶ
3013 813 3196 883 βιαίας
3223 814 3570 884 ἀφαιρέσεως
3600 813 3712 882 (l6)
3737 832 3867 882 χρηο

2283 906 2490 975 μάτων,
2522 907 2680 977 τρίτη
2726 906 2918 976 κλῆσις
2946 907 3138 974 γέγονε
3175 907 3562 975 προτρέπουσα
3593 907 3685 958 τὸν
3713 908 3869 958 Διόσ-

2284 1013 2448 1066 κορον
2491 998 2921 1069 παραγενέσθαι.
2969 997 3272 1069 Τοιγαροῦν
3324 996 3793 1062 ἐπαναζεύξαντες
3822 1000 3871 1050 oi

2295 1088 2390 1140 ἐπὶ
2414 1088 2588 1155 τούτῳ
2639 1090 3031 1160 ἀφωρισμένοι,
3066 1090 3352 1160 εἰρήκασιν
3390 1091 3569 1142 εἰπεῖν
3592 1089 3682 1142 τὸν
3715 1089 3874 1142 Διόσ-

2282 1195 2461 1249 κορον·
2519 1182 2816 1250 Αὑτάρκως
2854 1181 3066 1244 ἐδίδαξα
3097 1181 3197 1251 τὴν
3241 1181 3510 1251 ὑμετέραν
3534 1179 3868 1245 θεοσέϐειαν,

2291 1264 2376 1332 οἷς
2406 1270 2724 1340 προσθεῖναί
2750 1288 2802 1322 τι
2835 1271 2895 1322 οὐ
2924 1270 3184 1339 δύναμαι.
3218 1271 3330 1324 Καὶ
3369 1269 3524 1334 αὖθις
3542 1271 3600 1324 δὲ
3630 1271 3698 1322 τὰ
3731 1271 3873 1324 αὑτά

2282 1365 2568 1432 εἰρηκότος
2618 1363 2711 1416 τοῦ
2768 1362 2932 1417 αὑτοῦ
2985 1364 3305 1434 Διοσκόρου,
3370 1364 3782 1434 ἐπιμεινάντων
3801 1367 3867 1435 τῇ

2283 1458 2570 1524 προτροπῇ
2623 1454 2734 1507 τῶν
2783 1455 2878 1507 ἐπὶ
2923 1453 3083 1507 τοῦτο
3149 1454 3474 1519 σταλέντων,
3529 1456 3872 1520 Πασκασῖνος

2283 1546 2584 1608 ἐπίσκοπος
2617 1540 2771 1598 εἶπεν
2791 1563 2805 1576 ·
2837 1546 2946 1598 Καὶ
2969 1546 3067 1616 ἤδη
3092 1545 3285 1617 τρίτον
3305 1547 3528 1617 κληθεὶς
3555 1549 3870 1617 Διόσκορος,

2284 1639 2343 1691 οὐ
2378 1639 2732 1707 παρεγένετο,
2763 1636 2870 1690 ὑπὸ
2913 1637 3275 1708 συνειδήσεως
3306 1637 3659 1709 βαλλόμενος,
3704 1641 3869 1692 ἐπυνι

2286 1728 2479 1782 θάνετο
2515 1729 2626 1797 (l7)
2654 1728 2800 1792 τίνος
2828 1730 2982 1795 ἄξιος
3021 1729 3110 1799 εἴη
3135 1747 3147 1760 θ
3175 1731 3313 1800 πρὸς
3341 1732 3370 1784 δ
3398 1732 3507 1784 τῶν
3549 1732 3871 1786 ἐπισκόπων

581 1835 747 1887 quam
775 1818 1107 1888 comparuit,
1141 1825 1435 1888 torquente
1485 1817 1664 1886 ipsum
1719 1815 2076 1870 conscientia.
2110 1814 2178 1868 Et

2288 1820 2760 1890 ἀποκριναμένων,
2789 1820 3250 1876 ὑποπεπτωκέναι
3300 1823 3460 1877 αὐτὸν
3488 1828 3602 1888 τοῖς
3655 1826 3868 1890 κανόσι,

582 1909 948 1978 interrogavit
981 1910 1270 1978 episcopos
1321 1908 1415 1977 qui
1456 1907 1721 1972 aderant,
1749 1921 1913 1980 quam
1957 1921 2177 1975 pinnam

581 2001 1023 2054 commeruisset.
1055 1998 1306 2067 Cumque
1348 1998 1594 2068 episcopi
1626 1998 1694 2051 ad
1725 1997 1838 2051 haec
1863 1996 2180 2065 respondis‘

581 2097 704 2142 sent
733 2087 886 2142 illum
923 2087 978 2140 in
1006 2092 1248 2140 canones
1269 2087 1636 2150 commisisse,
1655 2093 1711 2139 et
1733 2085 2016 2138 Protei-ius
2061 2087 2180 2154 epi-

584 2193 786 2247 scopus
819 2176 1064 2247 Smyrnae
1080 2176 1308 2230 dixisset
1338 2191 1352 2229 :
1384 2174 1613 2240 Quando
1642 2181 1866 2228 sanctus
1893 2173 2181 2228 Flavianus

585 2268 806 2322 occisus
824 2276 931 2330 est,
951 2265 1090 2319 nihil
1121 2275 1273 2332 recte
1297 2279 1479 2332 neque
1507 2262 1704 2317 ordine
1748 2262 1948 2317 factum
1982 2273 2066 2316 est
2088 2277 2182 2316 su-

582 2373 683 2426 per
704 2358 798 2411 illo
823 2373 837 2410 :
866 2354 1063 2409 vicarii
1098 2355 1301 2408 Leonis
1332 2353 1581 2423 episcopi
1615 2352 1855 2406 senioris
1883 2351 2068 2406 Romae
2107 2352 2182 2406 ita

583 2449 954 2503 decreverunt
983 2445 1050 2500 ad
1083 2446 1315 2500 verbum
1341 2463 1354 2498 :

653 2541 784 2607 Qum
812 2539 1133 2603 Dioscorus,
1195 2537 1434 2591 antehac
1465 2535 1761 2606 episcopus
1805 2551 2014 2606 magna:
2045 2535 2183 2589 civi-

582 2635 710 2686 tatis
765 2631 1148 2692 Alexandriaz,
1203 2637 1396 2682 contra
1451 2627 1707 2680 ordinem
1777 2641 2054 2681 canonum
2127 2638 2184 2680 et

582 2732 775 2777 contra
812 2721 1164 2790 disciplinain
1187 2718 1624 2774 ecclesiasticam
1668 2718 1980 2778 attentavit.
2006 2718 2183 2772 mani-

581 2817 722 2870 festa
751 2821 902 2877 sunt,
934 2822 1045 2867 tam
1080 2827 1148 2866 ex
1178 2812 1265 2866 his
1291 2826 1413 2881 qua:
1441 2812 1552 2881 jam
1615 2819 1744 2863 sunt
1783 2810 2093 2863 examinata
2128 2809 2183 2862 in

582 2905 763 2976 primo
793 2919 1080 2967 concessu,
1140 2918 1304 2971 quam
1357 2917 1426 2954 ex
1481 2900 1568 2952 his
1607 2913 1730 2968 quae
1789 2897 2060 2951 hodierno
2095 2896 2185 2950 die

583 3007 714 3052 sunt
740 3005 912 3068 gesta.
944 2995 1044 3050 llic
1073 2995 1246 3059 enim,
1285 3003 1344 3047 ut
1377 2993 1612 3064 plurima
1649 2992 1754 3046 alia
1803 2990 2188 3060 praetermitta-

583 3106 726 3153 mus,
766 3088 1074 3160 Eutychem
1105 3086 1300 3141 eadem
1326 3102 1453 3139 cum
1491 3086 1609 3155 ipso
1638 3082 1994 3146 sentientem,
2023 3096 2186 3151 regu—

2280 1912 2577 1981 Προτερίου
2620 1912 2677 1965 δὲ
2714 1912 3015 1965 ἐπισκόπου
3049 1911 3301 1984 Σμύρνης
3334 1917 3405 1986 (ο)
3438 1916 3703 1978 είπόντος.
3739 1918 3869 1970 Ὀτε

2280 2003 2574 2071 ἐφονεύετο
2606 2002 2766 2071 ἅγιος
2807 2004 3133 2068 Φλαὸιανδς,
3168 2007 3324 2060 οὐδὲν
3358 2009 3654 2063 ἀκόλουθον
3700 2009 3873 2080 ἐπρά-

2280 2094 2384 2164 χθη
2415 2095 2503 2146 ἐπ’
2535 2095 2683 2165 αὐτῷ
2705 2111 2720 2126 ο
2750 2098 2801 2148 οἱ
2825 2097 2919 2148 τὸν
2948 2100 3114 2150 τόπον
3137 2099 3426 2167 ἐπέχοντες
3474 2101 3706 2164 Λέοντος
3751 2103 3872 2154 ἐπι-

2285 2184 2489 2236 σκόπου
2515 2188 2614 2254 τῆς
2656 2187 3038 2258 πρεσϐυτέρας
3078 2187 3322 2260 Ῥώμης,
3379 2193 3735 2264 ἀπεφήναντο
3778 2193 3872 2246 ἐπὶ

2282 2271 2480 2339 λέξεως
2505 2273 2700 2327 ταῦτα’

2355 2533 2502 2603 Δῆλα
2525 2535 2820 2604 γεγένηται
2853 2533 2920 2589 τά
2947 2535 3332 2608 τετολμημένα
3364 2535 3644 2608 Διοσκόρω
3675 2542 3753 2611 τῷ
3781 2560 3869 2610 γε-

2284 2626 2497 2696 νομένῳ
2527 2627 2629 2695 τῆς
2671 2628 3066 2700 Ἀλεξανδρέων
3119 2633 3534 2702 μεγαλοπόλεως
3585 2637 3873 2704 ἐπισκόπῳ

2286 2718 2428 2771 κατά
2477 2719 2577 2786 τῆς
2622 2719 2731 2772 τῶν
2784 2722 3025 2776 κανόνων
3053 2725 3280 2790 τάξεως,
3312 2729 3405 2798 κα)
3439 2729 3538 2794 τῆς
3581 2730 3880 2798 ἐκκλησια-

2289 2811 2481 2879 στικῆς
2507 2811 2902 2874 καταστάσεως
2933 2815 2996 2867 ἐκ
3017 2815 3126 2867 τῶν
3151 2816 3251 2886 ἤδη
3282 2817 3680 2881 ἐξετασθέντων
3710 2821 3766 2871 ἐν
3799 2819 3880 2889 τῷ

2288 2900 2488 2970 πρώτῳ
2534 2903 2818 2974 συνεδρίῳ,
2851 2904 2944 2957 καὶ
2990 2906 3097 2958 ἀπὸ
3131 2907 3238 2959 τῶν
3280 2911 3518 2978 σήμερον
3548 2912 3880 2981 πεπραγμὺ

2289 3009 2416 3046 νων.
2452 2987 2620 3056 Οὗτος
2651 2998 2782 3062 γὰρ,
2811 2995 2899 3048 ἵνα
2950 2997 3019 3050 τὰ
3069 2997 3239 3051 πολλὰ
3289 2999 3732 3068 παραλίπωμεν,
3773 3001 3882 3053 Εὐ·

2289 3083 2428 3151 τυχῆ
2476 3083 2568 3136 τδν
2623 3085 2879 3152 ὁμόδοξον
2922 3085 3520 3164 αὐτῷ,ἴκαθαιρεθέντα
3558 3090 3873 3148 κανονικῶς

584 3180 827 3233 laritcra
861 3149 1090 3249 proprio
1133 3178 1450 3246 depositum
1501 3149 1786 3246 episcopo,
1837 3149 2181 3229 sanctissimo

2465 3176 2560 3228 τοῦ
2617 3149 2748 3229 ἰδίου
2780 3149 3224 3244 ἐνπισκόποὐ’,’τοῦ
3255 3149 3313 3232 ἐν
3345 3180 3522 3248 ἁγίοις
3547 3181 3730 3250 φαμὲν
3761 3182 3877 3234 [Ia-

585 3271 800 3328 scilicet
820 3272 982 3326 Patre
1014 3279 1205 3324 nostro
1227 3279 1283 3324 et
1304 3269 1723 3338 archiepiscopo
1750 3267 2027 3329 Flaviano,
2057 3281 2186 3335 pro-

585 3363 706 3434 pria
737 3362 1066 3416 auctoritate
1095 3369 1290 3414 contra
1325 3374 1510 3413 sacros
1555 3372 1799 3412 canones
1832 3357 1887 3410 in
1935 3369 2187 3410 commu-

585 3457 808 3510 nionem
838 3453 1104 3522 suscepit,
1129 3453 1454 3523 priusquam
1479 3452 1681 3520 Ephesi
1709 3449 2051 3505 consedisset
2079 3462 2187 3500 una

587 3560 712 3600 cum
774 3545 1006 3613 reliquis
1057 3545 1174 3599 Deo
1221 3543 1566 3598 charissimis
1621 3543 1921 3610 episcopis.
1982 3539 2186 3592 Verum

586 3634 862 3705 episcopis
877 3634 1101 3704 quidem
1131 3633 1432 3702 apostolica
1465 3632 1624 3686 sedes
1654 3632 1870 3686 veniam
1911 3628 2189 3685 concessit

587 3726 659 3776 ob
688 3739 753 3777 ea
775 3739 898 3792 quae
928 3724 1042 3778 illic
1065 3723 1133 3777 ab
1163 3723 1359 3777 iisdem
1395 3738 1506 3778 non
1538 3729 1732 3791 sponte
1765 3728 1916 3790 gesta
1947 3719 2184 3774 fuerant.

589 3815 693 3881 Qui
737 3814 960 3883 quidem
1019 3815 1290 3869 hactenus
1331 3822 1789 3882 permanserunt,
1838 3811 2190 3865 sanctissimo

589 3906 1014 3976 archiepiscopo
1061 3906 1233 3960 Leoni
1284 3913 1342 3958 et
1397 3913 1600 3959 sancta:
1646 3902 1942 3956 universali
1982 3901 2190 3971 synodo

587 3997 977 4065 obsequentes.
1036 3996 1155 4062 Qua
1201 3996 1268 4050 de
1301 4011 1466 4050 causa
1516 4010 1634 4059 eos,
1707 4003 1893 4063 utpote
1942 3992 2190 4062 ejusdem

587 4100 714 4137 cum
749 4084 869 4152 ipso
923 4084 1049 4138 [ldei
1109 4086 1376 4148 cultores,
1429 4084 1483 4137 in
1533 4083 1980 4137 communionem
2035 4097 2190 4135 suam

589 4174 818 4244 recepit.
855 4175 957 4228 Hic
979 4190 1139 4238 vero,
1177 4175 1233 4229 in
1261 4175 1592 4229 hodiernum
1634 4189 1811 4242 usque
1838 4173 1985 4226 diem
2023 4172 2095 4226 oh
2125 4188 2191 4227 ea

589 4267 814 4336 gloriari
840 4281 952 4320 non
1001 4266 1231 4331 desinit,
1285 4282 1522 4336 quorum
1560 4281 1724 4320 causa
1765 4281 1984 4335 gemere
2013 4275 2069 4319 et
2123 4263 2192 4318 ad

591 4368 795 4411 terram
857 4373 1034 4427 usque
1098 4373 1220 4413 sese
1263 4359 1532 4412 inclinare
1584 4358 1874 4413 debuerat.
1920 4358 2192 4411 Praeterea

2288 3266 2415 3334 τρὸς
2452 3267 2612 3337 ἡμῶν
2643 3270 2737 3320 καὶ
2760 3270 3196 3338 ἀρχιεπισκόπου
3227 3271 3530 3324 Φλασιανοῦ
3549 3313 3562 3334 ,
3599 3271 3874 3342 αύθεντή-

2291 3370 2387 3415 σας
2441 3355 2806 3419 ἀκανονίστως
2843 3357 2922 3419 είς
2975 3359 3263 3413 κοινωνίαν
3317 3359 3636 3425 ἀνεδέξατο,
3679 3360 3874 3432 πρὶνῆ

2293 3445 2639 3511 συνεδρεῦσαι
2711 3448 2768 3500 ἐν
2811 3451 2877 3516 τῇ
2920 3449 3186 3514 Ἐφεσίων
3235 3449 3375 3519 μετὰ
3447 3451 3557 3503 τῶν
3610 3452 3878 3516 θεοφιλῶν

2290 3536 2628 3590 ἐπισκόπων.
2671 3539 2807 3591 Ἀλλ’
2835 3539 3065 3601 ἐκείνοις
3099 3542 3197 3610 μὲν
3221 3543 3248 3594 ὁ
3280 3541 3644 3605 ἀποστολικὸς
3683 3541 3879 3612 θρόνος

2306 3627 2639 3699 συγγνώμην
2667 3630 2960 3700 ἀπένειμεν
2983 3631 3075 3683 ἐπὶ
3107 3633 3221 3694 τοῖς
3243 3633 3418 3684 ἐκεῖσε
3447 3633 3521 3702 μὴ
3547 3632 3690 3685 κατά
3731 3633 3878 3699 γνώο

2293 3736 2402 3790 μην
2432 3721 2522 3772 ὑπ’
2577 3721 2756 3773 αὐτῶν
2808 3724 3216 3792 πεπραγμένοις
3246 3739 3259 3752 ·
3320 3720 3369 3776 οἶ
3416 3723 3510 3776 καὶ
3569 3722 3880 3775 διετέλεσαν

2295 3808 2454 3877 μέχρι
2488 3809 2582 3861 τοῦ
2616 3812 2881 3880 παρόντος
2919 3813 3171 3880 ἑπόμενοι
3199 3813 3274 3882 τῷ
3302 3814 3591 3882 ἁγιωτάτῳ
3618 3815 3880 3881 ἀρχιεπι-

2293 3901 2480 3968 σκόπῳ
2495 3902 2705 3963 Λέοντι,
2730 3903 2825 3954 καὶ
2850 3903 2996 3974 πάσῃ
3019 3907 3082 3973 τῇ
3108 3904 3240 3974 ἀγίᾳ
3257 3907 3348 3957 καὶ
3369 3906 3720 3973 οίκουμενικῇ
3751 3921 3880 3956 συν-

2291 3989 2416 4058 όδῳ.
2449 3985 2522 4043 Οὗ
2552 3989 2615 4059 δὴ
2648 3991 2805 4059 χάριν
2864 3992 2956 4044 καὶ
2986 3995 3044 4044 ἐν
3093 3996 3158 4063 τῇ
3186 3994 3346 4046 αὑτοῦ
3397 3993 3651 4064 κοινωνίᾳ⁵
3678 3991 3884 4056 αὐτοὺς

2291 4079 2621 4149 όμοπίστους
2645 4079 2882 4145 ἐδέξατο.
2917 4079 3086 4144 Οὗτος
3129 4083 3184 4134 δὲ
3220 4084 3314 4136 καὶ
3344 4085 3501 4153 μέχρι
3531 4083 3626 4136 τοῦ
3669 4086 3882 4150 παρόν-

2292 4187 2381 4233 τος
2434 4171 2667 4239 διέμεινε
2717 4175 3113 4243 σεμνυνόμενος
3152 4177 3209 4228 ἐν
3257 4177 3505 4240 ἐκείνοις,
3532 4177 3618 4246 ἐφ’
3648 4171 3729 4238 οἷς
3771 4176 3882 4229 εδει

2296 4262 2522 4325 στένειν,
2547 4265 2639 4315 καὶ
2669 4267 2729 4327 ἐς
2764 4268 2866 4335 γῆν
2896 4267 3195 4335 κεκυφέναι
3234 4267 3465 4337 ὀφείλει.
3489 4269 3632 4339 Πρὸς
3664 4268 3886 4331 τούτοις

2294 4352 2371 4415 δὲ,
2407 4353 2528 4406 ούδέ
2586 4354 2684 4425 τὴν
2739 4356 3028 4426 ἐπιστολὴν
3088 4358 3503 4428 ἀναγνωσθῆναι
3531 4358 3883 4430 συνεχώρησε

591 4447 886 4517 epistolam
934 4449 1239 4504 beatissimi
1303 4465 1456 4519 papa:
1503 4449 1732 4512 Leonis,
1786 4463 1950 4518 quam
2003 4447 2097 4501 ille
2125 4447 2181 4501 ad

2296 4443 2390 4496 τοῦ
2429 4446 2848 4514 μακαριωτάτου
2903 4447 3060 4500 πάπα
3118 4449 3375 4528 ῥέοντος,
3407 4449 3509 4520 τὴν
3573 4451 3885 4519 γραφεῖσαν

599 4546 804 4591 sancta:
868 4539 1147 4593 memoria:
1209 4539 1530 4592 Flavianum
1580 4537 2017 4606 conscripserat,
2083 4535 2181 4607 legi

2299 4533 2431 4606 παρ’
2468 4534 2634 4587 αὐτοῦ
2666 4536 2804 4609 ¹πρὸς
2835 4535 2925 4590 τδν
2970 4540 3027 4591 ἐν
3054 4538 3230 4606 ἀγίοις
3267 4537 3364 4608 τὴν
3398 4542 3618 4610 μνήμην
3640 4538 3883 4591 Φλαδια-

603 4626 828 4681 minime
857 4629 1142 4697 permisit:
1178 4627 1343 4698 idque
1367 4627 1619 4698 quamvis
1651 4627 1950 4696 saepissime
1969 4634 2194 4696 rogatus

2300 4627 2410 4689 νὺν,
2453 4627 2549 4678 καὶ
2603 4626 2780 4680 ταῦτα
2825 4628 3087 4692 πολλάκις
3135 4630 3508 4700 παρακληθεὶς
3566 4632 3886 4698 ἀναγνῶναι

597 4728 750 4774 esset
781 4720 851 4775 ab
903 4721 970 4776 iis
1003 4721 1098 4791 qui
1132 4721 1420 4792 epistolam
1469 4720 1806 4782 attulerant,
1842 4725 1898 4772 ct
1942 4717 2181 4786 quamvis

2300 4715 2504 4787 ταύτην
2534 4715 2641 4769 ὑπὸ
2663 4717 2771 4771 τῶν
2797 4719 3195 4789 κεκομικότων,
3237 4719 3332 4772 καὶ
3357 4719 3480 4790 μεθ’
3511 4720 3692 4790 ὅρκων
3718 4720 3886 4790 ποιὴ-

1901 4851 2139 4907 VARIAS
2176 4851 2472 4907 LECTIUN
2481 4853 2586 4909 ES.

667 4967 715 5000 ⁸⁸
741 4967 994 5024 Valesius
1043 4976 1099 5024 et
1145 4967 1208 5024 C.
1245 4967 1308 5023 C.
1356 4968 1699 5040 Ἰσχυρίωνος
1727 4967 1823 5021 καὶ
1853 4965 2024 5020 αὑτοῦ
2055 4966 2330 5021 διακόνου.

1802 5100 2073 5156 VALESII
2103 5099 2672 5160 ANNOTATIONES.

667 5197 780 5279 (Ιίξ)
807 5197 914 5279 Kal
935 5197 1081 5263 βίας
1101 5195 1500 5279 ἀφαιρέσεως.
1543 5194 1830 5279 Assentior
1852 5195 1987 5279 viris
2011 5194 2193 5276 doctis

596 5252 692 5335 qui
730 5252 913 5336 βιαίας
935 5252 1332 5321 ὀιιιὲηάοτιῖηι
1366 5252 1820 5336 tax-conjectura,
1856 5275 1918 5318 ut
1963 5266 2188 5336 opinor.

597 5334 739 5392 Nam
765 5337 892 5391 libri
932 5337 1105 5391 nostri
1141 5337 1281 5390 nihil
1330 5334 1593 5390 mutant}
1620 5334 1806 5389 Codex
1849 5344 2031 5389 tamen
2065 5334 2195 5388 Tel-

598 5407 864 5471 lcrianus,
895 5422 1058 5476 quem
1091 5406 1223 5460 dum
1255 5405 1428 5461 editio
1457 5415 1645 5461 nostra
1677 5405 1782 5459 sub
1829 5405 1988 5529 prelo
2021 5413 2193 5469 esset,

598 5491 665 5529 οι
676 5487 914 5529 portune
940 5486 1138 5529 nactus
1155 5493 1300 5529 sum.
1319 5477 1530 5529 diserte
1544 5476 1810 5529 scriotum
1869 5474 1996 5529 abet
2016 5475 2193 5529 ϐιαίας

597 5491 665 5547 οι
676 5487 914 5546 portune
940 5486 1138 5532 nactus
1155 5493 1300 5542 sum,
1319 5477 1530 5531 diserte
1544 5476 1810 5544 scriptum

1869 5474 1996 5530 abet
2015 5475 2198 5545 βιαίας

2295 5196 2660 5265 ἀφαιρέσεως.

2371 5263 2501 5336 (Π),
2549 5264 2976 5322 Ἐπυνθάνετα
3035 5263 3264 5336 Niceplt.
3308 5263 3408 5336 hic
3453 5265 3665 5334 aliquot
3717 5267 3886 5321 verba

2299 5333 2536 5389 inseruit
2570 5337 2677 5391 hoc
2717 5337 2885 5392 modo
2915 5354 2929 5390 :
2962 5335 3059 5392 καὶ
3083 5333 3191 5388 τῶν
3219 5333 3559 5389 ἐπισκόπων
3579 5338 3888 5392 ἀνεπυνθά-

2309 5422 2454 5469 νετο,
2491 5415 2599 5462 etc.

2042 5591 2180 5648 VAR
2191 5591 2353 5650 IORU
2365 5594 2434 5647 Μ.

677 5683 748 5752 (ο)
789 5684 1112 5752 Προτερίου
1157 5685 1498 5740 ἐπισκόπου
1534 5683 1832 5751 Σμύρνης.
1864 5681 2014 5738 Loco
2045 5684 2188 5750 [lpo-

600 5755 784 5826 τερίου
815 5754 1110 5826 legendum
1146 5755 1459 5828 Αίοερικοῦ,
1493 5767 1553 5810 ut
1584 5765 1732 5810 recte
1774 5762 1963 5810 monet
1995 5753 2192 5824 Pagina

2299 5684 2367 5738 ad
2394 5702 2600 5760 annum
2627 5687 2751 5760 ιιε,
2784 5704 2841 5760 n.
2876 5687 2929 5753 6,
2961 5704 3072 5760 quo
3113 5693 3336 5747 nomine
3374 5691 3430 5746 in
3471 5693 3624 5747 Actis
3658 5694 3878 5749 concilii

2303 5757 2632 5826 appellatur.
2667 5759 2754 5814 W.
2783 5757 3002 5814 Lowru}
