4108 6472
163 441 294 504 2569

1085 425 1470 487 HISTORLE
1509 422 2105 484 ECCLESIASTIC/E
2145 420 2379 481 LIBER
2419 418 2500 478 II.

3290 409 3429 470 2570

165 551 195 617 ἡ
225 548 404 606 πίστις
432 542 544 594 τῶν
574 537 902 610 ὀρθοδόξωνο
938 535 1126 596 Οὕτως
1162 534 1362 596 πάντες
1393 531 1742 588 πιστεύομεν.

1870 532 2103 585 πηηίιιπι
2136 529 2302 595 lldes;
2331 529 2451 582 bzec
2484 526 2617 579 ﬁdes
2640 523 3076 579 ortltodoxorum
3095 539 3107 552 ο
3136 522 3216 578 sic
3240 539 3433 579 omnes

165 637 294 694 Μεθ’
328 635 422 697 οὒς
466 635 670 694 ’Δὲειος
705 630 816 700 (Ἣ)
854 631 881 682 ὁ
911 627 1299 697 ἀρχιδιὰκονος,
1324 625 1431 693 ἔφη
1468 625 1612 691 ἔχειν
1648 638 1745 692 με·

163 729 227 782 τὰ
255 731 442 798 χεῖρας
477 726 576 796 τὴν
611 724 743 793 πρὸς
808 721 1101 790 Νεστόριον
1132 717 1421 772 ἐπιστολὴν
1473 716 1746 784 Κυρίλλου

166 818 251 873 τοῦ
288 817 604 878 θεσπεσίου,
640 816 706 882 ἢν
741 816 942 873 πάντες
975 813 1022 862 οἱ
1049 813 1104 862 ἐν
1146 809 1356 878 Ἐφέσῳ
1397 807 1750 873 συλλεγέντες

166 907 448 975 ἐκύρωσαν
471 904 699 965 οἰκείαις
725 900 1200 969 ύποσημειώσεσιν
1226 915 1238 926 ’
1275 899 1418 967 ἔχειν
1440 912 1499 948 τε
1529 897 1622 948 καὶ
1652 894 1749 963 τὴν

167 1002 371 1071 ἑτέραν·
419 995 715 1066 ἐπιστολὴν
772 993 935 1051 αὐτοῦ
995 991 1291 1061 Κυρίλλου,
1346 988 1750 1059 γεγραμμένην

168 1094 296 1162 πρὸς
343 1090 602 1157 Ἰωάννην
641 1090 730 1140 τὸν
778 1085 1129 1154 Ἀντὶοχείεις,
1162 1083 1259 1135 καὶ
1293 1080 1464 1150 αὐτὴν
1516 1078 1751 1149 βεόαιω-

169 1186 368 1247 θεῖσαν,
395 1182 464 1246 ἃς
501 1181 682 1252 ἐξῄτει
730 1177 1089 1244 ἀναγνώσεως
1134 1172 1657 1243 τυχεῖν.·Διαλαλιᾶ;
1690 1186 1750 1223 τε

171 1277 298 1347 πρὸς
329 1279 507 1328 ταῦτα
539 1271 938 1342 γεγενημένης,
967 1269 1134 1339 ἄμφω
1165 1264 1612 1335 ἀνεγνώσθησαν.

233 1452 346 1507 Καὶ
378 1451 486 1521 τῆς
519 1451 617 1519 μὲν
646 1448 922 1519 προτέρας
951 1445 1126 1515 αὐτῆς
1155 1446 1200 1476 ⁸⁸
1235 1445 1351 1498 ἔνια
1398 1445 1510 1507 τοῖς
1552 1442 1752 1511 ὀνόμα-

177 1545 257 1598 σίν
290 1547 444 1598 ἐστιν
466 1543 661 1596 ταῦτα’
692 1541 781 1610 Τῷ
809 1539 1191 1609 εύλαδεστάτῳ
1216 1540 1260 1570 ⁸³
1288 1534 1685 1606 συλλειτουργῷ
1707 1535 1751 1565 ⁸⁸

170 1633 448 1704 Νεστορίῳ
488 1632 779 1702 Κύριλλος.
813 1631 1326 1700 Καταφλυαροῦσιν,
1358 1631 1432 1693 ὠς
1471 1628 1750 1700 μανθάνω,

171 1723 308 1785 τινὲς
339 1722 444 1790 τῆς
479 1722 622 1791 ἐμῆς
659 1710 979 1790 ὑπολήψεως
1010 1721 1100 1772 ἐπὶ
1126 1722 1224 1788 τῆς
1260 1721 1358 1790 σῆς
1393 1719 1706 1781 θεοσεϐείας
1735 1757 1751 1783 ,

173 1809 273 1869 καῖ
294 1814 456 1867 τοῦτο
491 1812 721 1882 συχνῶς,
749 1810 846 1874 τὰς
886 1810 992 1863 τῶν
1017 1812 1074 1864 ἐν
1112 1811 1257 1864 τέλει
1287 1810 1541 1874 συνόδους
1571 1826 1756 1879 καιρο-

177 1881 589 1973 φυλακτοῦντες
634 1903 891 1974 μάλιστα.
916 1903 1013 1956 καὶ
1069 1903 1211 1972 τάχα
1270 1919 1371 1954 που
1401 1902 1497 1955 καὶ
1535 1901 1756 1971 τέρπειν
1789 1881 1830 1937 Β

174 2000 407 2072 οἰόμενοι
437 2000 538 2070 τὴν
569 1999 666 2069 σὴν
696 1999 888 2068 ἀκοήν.
925 1997 1034 2053 Καὶ
1067 2000 1195 2066 μεθ’
1216 1996 1426 2066 ἕτερα·
1460 1996 1609 2067 Ἔφη
1643 1997 1758 2051 τοι·

176 2108 265 2147 νυν
315 2095 349 2164 ή
415 2091 551 2161 ἁγία
602 2093 699 2144 καὶ
758 2091 972 2161 μεγάλη
1039 2089 1261 2152 σύνοδος
1317 2089 1481 2143 αὑτὸν
1540 2089 1634 2142 τὸν
1693 2090 1759 2143 ὲκ

176 2187 306 2240 Θεοῦ
338 2186 434 2239 καὶ
459 2184 674 2256 Πατρὸς
709 2185 849 2236 κατά
882 2185 1044 2253 φύσιν
1078 2182 1412 2255 γεννηθέντα
1469 2179 1598 2234 Υίὸν
1659 2198 1760 2252 μο-

179 2280 388 2348 νογενῆ,
423 2277 517 2331 τὸν
546 2277 610 2330 ὲκ
637 2276 732 2330 τοῦ
764 2275 904 2330 Θεοῦ
952 2273 1210 2347 ἀληθινοῦ
1245 2273 1380 2328 Θεὸν
1404 2274 1679 2343 ἀληθινὸν,
1699 2274 1761 2327 τὸ

179 2369 289 2439 φῶς
320 2368 386 2423 τδ
410 2371 476 2423 ὲκ
499 2368 596 2422 τοῦ
626 2369 824 2437 φωτὸς,
847 2368 940 2421 τὸν
958 2367 1024 2420 δι’
1041 2359 1101 2421 οἶ)
1121 2368 1188 2419 τὰ
1203 2365 1380 2419 πάντα
1412 2367 1714 2435 πεποίηκεν
1735 2367 1762 2418 ὁ

181 2463 384 2534 Πατὴρ,
416 2461 731 2528 κατελθεῖν,
763 2460 1134 2531 σαρκωθῆναι,
1170 2458 1616 2528 ὲνανθρωπῆσαι,
1659 2475 1763 2509 πα-

184 2552 314 2620 θεῖν,
349 2554 654 2624 ἀναστῆναι
687 2554 752 2622 τῇ
787 2551 946 2624 τρίτῃ
974 2552 1178 2620 ἡμέρᾳ,
1205 2547 1452 2602 ἀνελθεῖν
1483 2551 1562 2613 είς
1597 2550 1763 2620 ούρα-

181 2645 321 2710 νούς.
354 2644 580 2709 Τούτοις
609 2646 701 2699 καὶ
751 2646 897 2714 ἡμᾶς
932 2643 1161 2696 ἕπεσθαι
1192 2642 1291 2707 δεῖ,
1324 2645 1419 2696 καὶ
1439 2644 1553 2705 τοῖς
1584 2641 1764 2709 λόγοις

184 2737 408 2800 καὶτοῖς
438 2735 885 2806 παραδείγμασιν
912 2779 926 2803 ,
961 2737 1276 2798 ἐννοοῦντας
1305 2736 1355 2788 τι
1386 2736 1447 2788 τὸ
1476 2736 1765 2806 σαρκωθῆ-

183 2845 268 2882 ναι
299 2831 395 2884 καὶ
427 2828 847 2899 ὲνανθρωπῆσαι
873 2829 1023 2900 δηλοὶ
1049 2829 1141 2881 τδν
1172 2827 1303 2880 Θεὸν
1334 2829 1524 2896 Λόγον.
1554 2829 1626 2880 Οὐ
1657 2828 1764 2898 γάρ

185 2941 361 2995 φαμεν
389 2923 473 2977 ὃτι
505 2925 539 2995 ἡ
575 2919 668 2976 τοῦ
695 2923 869 2989 Λόγου
898 2920 1061 2989 φύσις
1094 2919 1546 2990 μεταποιηθεῖσα,
1573 2919 1765 2986 γέγονε

189 3014 322 3088 σάρξ
349 3032 362 3046 ·
395 3013 516 3068 ἀλλ’
563 3012 686 3066 οὐδὲ
740 3013 789 3064 ει
836 3011 955 3064 ὅλον
1006 3009 1293 3080 ἄνθρωπον
1361 3007 1767 3078 μεταϐληθῆναι

184 3105 274 3160 τὸν
300 3108 368 3160 ὲκ
416 3103 600 3176 ψυχῆς
637 3103 732 3155 καλ⁸
783 3100 1036 3170 σώματος
1070 3116 1083 3130 ο
1115 3102 1293 3152 ἒ.κεῖνο
1331 3099 1388 3152 δὲ
1424 3097 1646 3168 μᾶλλον,
1687 3098 1768 3150 ὅτι

1852 623 2150 677 credimus.
2209 622 2337 676 Post
2394 620 2511 674 hinc
2564 618 2754 672 Actius
2798 617 3221 672 archidiaconus
3274 615 3435 676 dixit,

1854 714 2061 769 habere
2095 729 2152 768 se
2175 728 2286 782 pra:
2316 711 2570 765 manibus
2603 709 2896 779 epistolam
2933 707 3105 762 divini
3135 707 3325 778 Cyrilli
3368 707 3438 762 ad

1851 808 2190 872 Nestorium,
2254 821 2420 876 quam
2471 804 2713 858 universi
2766 803 3010 872 epise0pi
3051 801 3106 854 in
3159 801 3435 870 Ephesina

1854 895 2064 966 synodo
2101 894 2421 964 congregati
2477 891 2983 961 subscriptionibns
3032 890 3149 945 suis
3182 905 3440 960 compro-

1853 988 2100 1041 bassent.
2129 987 2370 1040 Alteram
2396 986 2526 1038 item
2555 984 2843 1053 epistolam
2875 983 3122 1052 ejusdem
3165 983 3352 1051 Cyrilli
3382 998 3441 1036 se

1857 1079 2080 1145 habere,
2101 1079 2362 1148 scriptam
2388 1077 2454 1130 ad
2478 1076 2743 1130 Joannem
2768 1076 3090 1144 episcopum
3110 1074 3438 1138 Antiochia,

1856 1187 1980 1241 qua:
2002 1170 2260 1224 similiter
2280 1169 2475 1223 fuisset
2497 1168 2846 1221 conﬁrmata.
2873 1167 3150 1236 Petiitque
3177 1175 3235 1220 ut
3267 1167 3444 1221 amba:

1857 1263 2244 1317 recitarentur.
2283 1262 2447 1316 Facta
2483 1262 2649 1330 igitur
2676 1261 2778 1314 hac
2804 1261 2871 1314 de
2897 1275 2956 1314 re
2994 1260 3440 1326 interlocutione,

1856 1362 2092 1422 utraque
2125 1354 2357 1423 epistola
2400 1354 2626 1408 recitata
2662 1361 2765 1406 est.

1927 1444 2138 1498 Prioris
2162 1458 2344 1499 autem
2372 1444 2619 1512 epistolze
2645 1459 2768 1512 pars
2790 1442 2856 1497 ad
2881 1445 3108 1498 verbum
3138 1445 3443 1516 siciltabe‘t:

1858 1536 2346 1592 Reverendissimo
2381 1546 2436 1591 et
2483 1536 2729 1605 piissimo
2760 1537 3146 1592 comministro
3189 1539 3450 1593 Nestorio

1857 1629 2112 1700 Cyrillus.
2140 1629 2426 1692 Nonnulli,
2458 1638 2516 1683 ut
2542 1629 2727 1691 audio,
2752 1629 2898 1698 apud
2925 1631 3275 1686 sanctitatem
3299 1641 3448 1687 tuam

1858 1717 2175 1772 obtrectant
2202 1716 2358 1770 fama
2388 1725 2612 1778 nostraa,
2653 1716 2818 1785 idque
2854 1718 3191 1786 smpissime:
3230 1729 3453 1791 tempus

1861 1809 1998 1864 illud
2033 1808 2310 1879 praecipue
2338 1818 2643 1878 captantes,
2673 1824 2798 1863 cum
2824 1809 3128 1866 honoratos
3161 1828 3224 1866 ac
3246 1814 3456 1882 primo-

1862 1918 1953 1957 res
1976 1904 2130 1956 viros
2159 1903 2213 1955 in
2243 1917 2416 1956 unum
2451 1902 2716 1956 collectos
2767 1902 3012 1958 viderint
3053 1921 3065 1956 :
3115 1919 3179 1960 ac
3217 1904 3453 1962 fortasse

1861 1992 2266 2053 existimantes,
2321 2005 2484 2044 aures
2542 1998 2666 2044 tuas
2712 1987 3034 2059 bujusmodi
3093 1987 3453 2048 sermonibus

1862 2084 2154 2139 oblectari.
2192 2082 2263 2136 Ει
2293 2081 2574 2152 aliquanto
2607 2089 2722 2151 post
2744 2097 2762 2134 :
2793 2081 2995 2136 Sancta
3031 2082 3202 2153 igitur
3251 2092 3309 2139 et
3337 2101 3456 2142 ma-

1863 2193 1967 2251 gna
2001 2177 2244 2249 synodus
2297 2177 2398 2240 ait,
2449 2176 2607 2230 illum
2641 2192 2708 2230 ex
2760 2176 2878 2232 Deo
2935 2177 3099 2232 Patre
3143 2178 3452 2234 secundum

1862 2278 2122 2326 naturam
2165 2268 2413 2340 genitum
2445 2268 2646 2323 Filium
2684 2269 2935 2335 unicum,
2959 2270 3138 2324 Deum
3169 2287 3363 2326 verum
3388 2288 3456 2328 ex

1863 2362 1979 2416 Deo
2001 2376 2155 2424 vero,
2184 2363 2372 2415 lumen
2399 2376 2467 2414 ex
2492 2360 2736 2415 lumine:
2765 2377 2866 2431 per
2898 2378 3063 2432 quem
3095 2363 3281 2417 omnia
3324 2364 3458 2420 fecit

1866 2455 2062 2519 Pater;
2091 2453 2466 2517 descendisse,
2501 2453 2846 2506 incarnatum
2877 2468 3022 2518 esse,
3048 2452 3340 2509 hominem
3378 2454 3460 2509 fa-

1867 2555 2042 2609 ctum,
2087 2555 2141 2598 et
2170 2560 2391 2614 passum
2427 2559 2572 2607 esse,
2623 2544 2787 2598 tertio
2829 2542 2920 2598 die
2966 2545 3364 2611 resurrexisse,
3403 2547 3459 2600 in

1867 2638 2067 2693 etelum
2121 2637 2460 2691 ascendisse.
2515 2636 2613 2690 llis
2669 2651 2774 2691 nos
2828 2637 2994 2706 320
3053 2638 3242 2693 verbis
3293 2647 3461 2709 atque

1868 2730 2109 2786 decretis
2139 2731 2409 2786 inhaerere
2447 2739 2688 2801 Oportet,
2741 2730 3161 2785 considerantes
3209 2731 3342 2801 quid
3389 2732 3462 2787 sit

1870 2825 2222 2879 incarnatum
2246 2838 2390 2888 esse,
2425 2833 2481 2876 et
2518 2822 2796 2877 hominem
2831 2823 3038 2877 factum
3096 2823 3270 2878 Deum
3320 2823 3464 2879 Ver-

1870 2915 2023 2969 bum.
2049 2916 2164 2968 Non
2185 2915 2331 2967 enim
2357 2913 2601 2967 dicimus
2622 2921 2874 2966 naturam
2897 2914 3067 2968 Verbi
3093 2915 3459 2977 immutatam,

1870 3021 2093 3060 carnem
2120 3019 2245 3060 esse
2271 3003 2501 3059 factam:
2540 3003 2635 3058 sed
2657 3018 2836 3073 neque
2864 3004 2919 3056 in
2963 3014 3143 3059 totum
3177 3005 3462 3060 hominem

1871 3113 2195 3152 conversam
2220 3111 2365 3162 esse,
2395 3095 2490 3165 qui
2524 3104 2742 3150 constat
2774 3111 2839 3149 ex
2884 3095 3069 3150 anima
3103 3105 3160 3152 et
3204 3112 3461 3167 corpore.

189 3196 365 3268 σάρκα
421 3194 828 3266 ἑμψυχωμένην
864 3192 1009 3262 ψυχῇ
1057 3190 1251 3261 λογικῇ
1299 3188 1505 3252 ἐνώσας
1538 3189 1564 3240 ὁ
1593 3187 1766 3254 Λόγος

1874 3190 2080 3246 Verum
2114 3188 2246 3242 illud
2273 3187 2464 3258 potius
2486 3187 2747 3252 dicimus,
2784 3187 3051 3251 Verbum,
3087 3203 3212 3242 cum
3240 3204 3462 3244 carnem

189 3288 363 3359 ἑαυτῷ
416 3287 542 3342 καθ’
573 3286 868 3340 ὑπόστασιν
891 3325 904 3350 ,
936 3284 1230 3355 ἀφράστως
1283 3282 1378 3335 καὶ.
1399 3281 1772 3352 ἀπερινοήτως

190 3381 410 3450 γέγονεν
437 3379 742 3450 ἄνθρωπος,
774 3375 870 3428 καὶ
913 3374 1322 3450 κεχρημάτικεν
1381 3371 1505 3432 Υἱὸς
1558 3369 1772 3439 ἀνθρὼ-

192 3483 315 3532 που,
339 3471 399 3518 ού
428 3466 572 3520 κατὰ
595 3467 814 3538 θέλησιν
851 3468 1040 3539 μόνην,
1064 3467 1095 3536 ἢ
1123 3466 1367 3520 εύδοκίαν
1386 3481 1400 3494 '
1425 3465 1541 3520 ἀλλ’
1558 3463 1774 3526 οὐδὲὼς

194 3562 248 3613 ὲν
299 3560 608 3633 προσλήψει
664 3561 962 3632 προσώπου
1021 3561 1224 3629 μόνου·
1260 3560 1354 3613 καὶ
1384 3560 1468 3612 ὅτι
1525 3557 1776 3625 διάφοροι

196 3653 292 3723 μὲν
322 3654 379 3704 αἱ
440 3653 578 3723 πρὸς
628 3653 856 3723 ἑνότητα
913 3651 1012 3723 τὴν
1065 3650 1326 3722 ἀληθινὴν
1370 3649 1775 3720 συνενεχθεῖσαι

195 3742 382 3809 φύσεις
415 3741 552 3813 (25),
596 3737 675 3802 εἷς
707 3741 763 3792 δὲ
813 3741 872 3808 ἐξ
921 3742 1125 3811 ἀμφοῖν
1160 3741 1415 3813 Χριστὸς,
1485 3742 1578 3792 καὶ
1623 3739 1772 3804 Υἱὸς,

197 3833 292 3904 οὐχ
324 3834 399 3896 ὡς
433 3833 534 3902 τῆς
579 3833 688 3885 τῶν
728 3831 941 3901 φύσεων
974 3833 1236 3903 διαφορᾶς
1289 3831 1641 3905 ἀνῃρημένης
1688 3831 1776 3882 διὰ

197 3925 291 3995 τὴν
321 3927 518 3980 ἕνωσιν
541 3937 556 3952 ⁸
589 3924 1012 3978 ἁποτελεσασῶν
1059 3926 1115 3978 δὲ
1156 3925 1355 3994 μᾶλλον
1393 3927 1527 3995 ἡμῖν
1562 3923 1652 3975 τὸν
1683 3923 1777 3975 ἕνα

201 4015 404 4085 Κύριον
457 4017 553 4068 καὶ
590 4015 828 4087 Χριστὸν
857 4017 952 4067 καὶ⁵
989 4015 1113 4066 Υιὸν
1146 4016 1210 4067 ἐκ
1269 4014 1522 4083 θεότητος
1571 4030 1630 4065 τε
1685 4012 1778 4064 καὶ

204 4107 649 4178 ἀνθρωπότητος,
685 4105 772 4158 διὰ
823 4107 922 4176 τῆς
979 4107 1258 4177 ἀφράστου
1317 4107 1411 4159 καὶ
1462 4107 1776 4181 ἀπορρήτου

201 4197 336 4269 πρὸς
363 4198 594 4267 ἑνότητα
623 4197 951 4268 συνδρομῆς.
975 4199 1081 4251 Καὶ
1096 4198 1223 4267 μετ’
1241 4199 1416 4268 ὀλίγα
1435 4215 1447 4226 ⁸
1480 4199 1697 4267 Ἐπειδὴ
1723 4198 1779 4250 δὲ

199 4288 264 4342 δι’
284 4292 430 4361 ἡμᾶς
453 4292 551 4343 καὶ
577 4290 665 4342 διὰ
687 4291 786 4358 τὴν
816 4291 1090 4361 ἡμετέραν
1118 4291 1390 4360 σωτηρίαν
1423 4289 1628 4352 ἐνώσας
1656 4292 1782 4342 ἐαυ-

201 4379 275 4450 τῷ
305 4382 430 4434 καθ’
472 4381 773 4433 ὑπόστασιν
797 4381 890 4433 τὸν
913 4379 1255 4452 ἀνθρώπινον
1283 4382 1554 4452 προῆλθεν
1586 4384 1649 4433 ὲκ
1683 4399 1780 4448 γυο

201 4475 403 4538 ναικὸς,
427 4475 586 4527 ταυτὶ
614 4473 830 4541 λέγεται
862 4474 956 4525 καὶ
996 4473 1323 4543 γεννηθῆναι
1373 4474 1673 4542 σαρκικῶς.
1703 4475 1777 4526 Οὐ

1878 3280 2056 3335 anima
2085 3279 2340 3334 rationali
2367 3279 2668 3334 animatam
2708 3279 2812 3334 sibi
2841 3280 3215 3350 personaliter
3250 3282 3466 3337 univis-

1877 3381 1983 3439 set,
2023 3371 2285 3427 ineﬂ‘abili
2314 3371 2553 3441 quadam
2579 3382 2632 3426 et
2652 3372 3210 3442 incomprehensibili
3252 3375 3467 3430 ratione

1878 3466 2162 3520 hominem
2196 3465 2399 3518 factum
2427 3479 2571 3528 esse,
2606 3473 2662 3517 et
2695 3464 2869 3518 lilium
2893 3465 3138 3520 hominis
3185 3475 3466 3536 vocatum,

1878 3576 1995 3614 non
2021 3561 2175 3630 juxta
2206 3558 2548 3613 voluntatem
2595 3557 2864 3611 duntaxat
2915 3573 2980 3612 ac
3028 3557 3466 3630 bcneplacitum,

1880 3651 1974 3706 sed
2007 3666 2111 3705 nec
2144 3651 2317 3704 solius
2362 3665 2612 3719 personze
2672 3650 3072 3720 assumptione.
3105 3651 3170 3704 Et
3221 3650 3471 3708 diversas

1880 3744 2105 3814 quidem
2142 3758 2264 3797 esse
2297 3750 2526 3796 naturas
2561 3758 2682 3812 qua:
2710 3742 2765 3795 in
2798 3758 2988 3797 veram
3021 3743 3288 3798 unitatem
3335 3759 3472 3799 con-

1881 3837 2168 3891 venerintr
2203 3850 2375 3889 unum
2400 3843 2584 3888 autem
2611 3850 2732 3888 esse
2777 3833 3061 3889 Christum
3122 3845 3179 3890 et
3234 3834 3470 3891 Filium:

1881 3944 1990 3982 non
2019 3927 2165 3996 quod
2197 3936 2520 3980 naturarum
2549 3925 2843 3980 diversitas
2875 3925 3089 3980 sublata
3114 3927 3184 3981 sit
3215 3943 3320 3998 per
3351 3928 3474 3981 uni“

1884 4020 2118 4074 tionem:
2155 4017 2252 4072 sed
2285 4018 2471 4086 potius
2493 4016 2784 4071 divinitate
2813 4017 2975 4072 simul
3025 4027 3081 4072 et
3129 4019 3476 4074 humanitate

1889 4127 2058 4165 unum
2088 4110 2253 4165 nobis
2283 4110 2580 4163 Dominum
2621 4118 2676 4162 et
2704 4107 2990 4164 Christum
3018 4125 3083 4164 ac
3119 4110 3319 4165 Filium
3343 4113 3475 4181 per-

1894 4203 2105 4256 .ieiente
2130 4217 2228 4270 per
2255 4199 2592 4255 ineffabilem
2621 4210 2676 4254 et
2709 4217 2971 4256 arcanum
3017 4203 3173 4257 illum
3240 4218 3479 4260 concur-

1885 4309 2006 4348 sum
2037 4292 2105 4344 ad
2157 4293 2449 4346 unitatem.
2484 4290 2551 4344 Iit
2598 4292 2757 4361 paulo
2803 4304 2916 4365 post
2944 4311 2962 4348 :
3025 4294 3298 4361 Quoniam
3343 4313 3478 4353 vero

1885 4395 2114 4454 propter
2145 4399 2246 4438 nos
2297 4391 2354 4436 et
2387 4391 2617 4453 prepter
2669 4395 2914 4440 nostram
2957 4387 3188 4442 salutem
3239 4387 3479 4443 humana

1887 4487 2086 4530 natura
2110 4476 2215 4530 sibi
2239 4477 2610 4545 personaliter
2637 4478 2812 4540 unita,
2839 4480 3112 4548 processit
3137 4495 3201 4534 ex
3220 4481 3476 4541 muliere.

201 4563 307 4633 γὰρ
340 4564 561 4636 πρῶτον
587 4564 873 4634 ἄνθρωπος
905 4561 1164 4636 ἐγεννήθη
1198 4566 1376 4628 κοινὸς
1399 4568 1464 4618 ἐκ
1494 4567 1594 4636 τῆς
1623 4565 1766 4633 ἁγία

1892 4568 2101 4622 idcirco
2157 4576 2323 4620 natus
2374 4566 2584 4621 dicitur
2634 4569 2940 4624 secundum
2994 4585 3244 4625 carnem.
3290 4573 3482 4642 Neque

202 4653 503 4727 Παρθένου,
544 4651 643 4708 εἷθ’
678 4655 849 4720 οὕτως
893 4660 1370 4728 καταπεφοίτηκεν
1427 4661 1513 4713 ἐπ’
1558 4659 1720 4711 αὑτὸν
1753 4661 1781 4711 ό

204 4749 375 4818 Λόγος
401 4766 417 4781 ⁶
456 4749 572 4803 ἀλλ’
594 4749 653 4813 ἐξ
680 4750 848 4818 αὐτῆς
877 4751 1088 4821 μήτρας
1116 4752 1358 4814 ὲνωθεὶς,
1383 4753 1671 4821 ὑπομεῖναι
1697 4752 1782 4804 λέ-

205 4857 360 4913 γεται
386 4841 646 4914 γέννησιν
699 4842 992 4912 σαρκικὴν,
1021 4841 1096 4905 ὡς
1140 4842 1244 4912 τῆς
1279 4843 1416 4907 ιδίας
1451 4846 1651 4914 σαρκὸς
1682 4845 1781 4916 τὴν

1891 4660 2038 4714 enim
2077 4658 2319 4728 primum
2345 4666 2509 4712 natus
2536 4654 2622 4712 est'
2655 4659 2822 4714 homo
2879 4661 3125 4732 vulgaris
3175 4678 3243 4717 ex
3290 4673 3484 4720 sancta

1890 4753 2137 4821 Virgine,
2163 4766 2227 4804 ac
2254 4749 2454 4804 deinde
2483 4750 2723 4804 Verbum
2756 4752 2811 4805 in
2869 4750 3346 4809 eum'descendit:
3385 4758 3481 4811 sed

1891 4843 1962 4898 ab
1998 4844 2119 4914 ipso
2162 4850 2321 4897 utero
2347 4841 2540 4897 unitus
2565 4844 2842 4899 carnalem
2865 4845 3212 4902 nativitatem
3243 4848 3483 4905 subiisse

1485 4987 1721 5042 VARUE
1769 4987 2176 5045 LECTIONES.

274 5098 318 5178 ’ξ
354 5100 416 5156 C.
443 5099 502 5156 C.
538 5100 745 5178 αύτοῖς.
823 5103 868 5134 ⁸⁹
907 5102 1022 5157 εύλ.
1060 5106 1153 5158 καὶ
1187 5105 1592 5174 θεοσεὸεστάτῳ
1656 5106 2053 5178 interpretatus
2078 5111 2164 5157 est
2182 5101 2456 5165 Valesius,
2493 5099 2679 5156 omisit
2711 5102 2830 5175 ejus
2861 5101 3254 5175 typographus.
3333 5104 3380 5134 "
3417 5102 3481 5158 C.

206 5167 266 5226 C.
301 5170 626 5243 λειτουργῷ.

1419 5263 1694 5319 VALESH
1735 5264 2298 5322 ANNOTATIONES.

278 5355 387 5424 (24)
425 5355 564 5409 Μεθ’
592 5354 699 5420 οὓς
733 5353 972 5420 Ἀἐτιος.
1007 5357 1196 5410 Exstat
1225 5357 1389 5410 etiam
1421 5356 1511 5410 hic
1536 5358 1694 5412 locus
1730 5357 1788 5413 in

206 5427 423 5480 actione
453 5426 696 5480 secunda
724 5424 986 5480 Chalced.
1017 5427 1255 5488 concilii,
1289 5443 1408 5496 pag.
1439 5428 1560 5482 160.

275 5497 384 5570 (ἓξ)
419 5499 490 5552 Al
523 5497 673 5565 πρὸς
737 5496 988 5570 ἐλνόζητα
1063 5495 1171 5560 τὴν
1226 5495 1528 5570 ἀληθινὴν
1572 5512 1792 5552 συνεν-

205 5567 469 5634 εχθεῖσαι
495 5570 732 5634 φύσεις.
757 5567 947 5621 Divina
990 5571 1131 5624 enim
1189 5576 1244 5621 et
1302 5569 1539 5623 humana
1594 5578 1793 5624 natura

206 5639 366 5692 simul
399 5641 628 5708 junctae,
661 5652 828 5708 unum
871 5636 1154 5691 Christum
1185 5654 1250 5692 ac
1289 5639 1584 5693 Dominum
1630 5641 1795 5695 nobis

206 5707 631 5780 constituerunt.
666 5707 843 5780 Atque
876 5708 949 5761 ita
975 5724 1165 5780 verum
1193 5720 1278 5766 est
1317 5710 1463 5780 quod
1506 5711 1583 5764 ait
1612 5709 1794 5780 Cyril-

208 5776 313 5842 lus,
345 5779 484 5834 duas
507 5786 737 5831 naturas
769 5779 999 5832 interse
1038 5779 1308 5843 diversas,
1334 5776 1413 5835 _in
1445 5795 1629 5834 veram
1657 5776 1792 5835 uni-

211 5855 369 5903 tatem
388 5849 624 5905 coivissc
644 5864 655 5898 ε
673 5849 818 5915 quod
833 5859 1014 5903 tamen
1029 5866 1137 5903 non
1161 5850 1428 5906 intellein
1442 5850 1788 5924 Christopb.:

528 5947 806 6041 Puncta
855 5943 975 6006 Gn.
1013 5945 1363 6009 LXXXVI.

1897 5374 2009 5432 non
2041 5357 2187 5432 quod
2219 5373 2285 5432 εξ
2312 5359 2542 5432 duabus
2578 5363 2796 5418 naturis
2833 5379 2943 5417 una
2980 5363 3121 5418 facta
3166 5363 3257 5426 sit,
3289 5379 3490 5432 quem.

1900 5429 2198 5504 admodum
2243 5430 2520 5504 Eutyches
2552 5435 2790 5504 asseruit
2819 5451 2833 5495 ;
2864 5433 2958 5489 sed
2993 5434 3142 5504 quod
3175 5450 3240 5488 ex
3273 5429 3492 5488 duabus

1901 5500 2293 5579 naturisunus
2317 5500 2896 5579 eistiteritChristus.
2934 5500 3115 5579 Atthe
3147 5505 3221 5559 ita
3249 5504 3494 5579 Cyrillus

1900 5575 2233 5646 sententiam
2285 5587 2441 5646 suam
2496 5575 2660 5646 paulo
2726 5585 2850 5644 post
2900 5576 3149 5646 exponit,
3207 5575 3335 5631 cum
3390 5575 3494 5638 ait,

1902 5638 1993 5717 διὰ
2025 5641 2123 5717 τῇς
2159 5643 2441 5717 ἔφρᾲστου
2473 5638 2569 5696 ἰαὶ
2596 5638 2913 5717 ἀπορρήτου
2935 5638 3070 5715 πρὸς
3099 5647 3329 5716 ἑνότητα
3360 5661 3495 5698 συν-

1901 5695 2132 5784 ἔρομῆξ.
2162 5695 2254 5784 Εξ
2281 5713 2367 5768 his
2396 5695 2628 5784 apparet
2650 5695 3497 5773 imi(destitisse;regnatam

1903 5779 2175 5861 Languit],
2210 5779 2448 5861 doctum
2472 5779 2711 5861 'alioqui‘
2749 5787 3050 5859 Nieephori
3105 5788 3493 5861 interpretem.

1903 5851 1998 5924 qui
2033 5852 2256 5925 ἑνότητα
2294 5856 2542 5911 unionem
2574 5851 2760 5914 vertit.

3097 5951 3172 6014 81
