4108 6476
628 397 767 466 2571

1853 389 2170 453 EVAGRII
2204 386 2693 449 SCHOLASTICI

3764 380 3905 447 2572

627 510 837 566 dicitur
914 516 1105 578 utpote
1156 506 1252 577 qui
1311 504 1496 561 carnis
1551 518 1663 561 sua
1714 504 2063 574 nativitatem
2109 498 2212 555 sibi

2339 498 2574 568 réquw
2624 495 3021 566 οἰκειούμενος.
3058 492 3216 549 Οῦτω
3272 490 3455 564 φαμὲν
3496 491 3664 549 αὐτὸν
3690 490 3903 555 παθεῖν,

628 600 911 673 propriam
948 598 1200 662 asciscat.
1243 598 1451 654 Eodem
1478 596 1642 651 modo
1666 596 1821 652 illum
1845 608 2066 666 passum
2092 605 2214 648 esse

631 670 870 747 dicimus
892 697 949 745 et
977 688 1367 761 resurrexisse,
1413 703 1523 743 non
1562 687 1718 758 quasi
1771 687 1921 743 Deus
1970 670 2241 740 Verbum.

627 783 692 838 in
731 796 829 837 sua
872 776 1071 838 natura
1131 782 1316 854 plagas
1371 795 1569 851 passus
1621 781 1713 847 sit,
1766 792 1863 836 aut
1930 778 2215 833 clavorum

632 871 1050 937 transﬁxiones,
1102 880 1199 928 aut
1244 870 1349 927 alia
1408 871 1671 942 quaelibet
1730 870 2017 926 vulnera:
2069 869 2218 925 Deus

632 967 785 1024 enim
825 964 1200 1038 perpessionis
1230 979 1432 1036 expers
1483 973 1587 1029 est,
1640 970 1833 1033 utpote
1873 962 1973 1033 qui
2032 968 2219 1016 careat

634 1072 888 1127 corpore.
931 1055 1038 1113 Sed
1063 1042 1324 1127 quoniam
1346 1070 1547 1126 corpus
1575 1052 1712 1108 illud
1736 1050 1885 1124 quod
1930 1050 2218 1123 proprium

634 1148 757 1220 ejus
782 1154 921 1212 erat,
954 1161 1176 1216 passum
1205 1154 1312 1211 est,
1339 1144 1547 1200 idcirco
1587 1158 1785 1214 passus
1821 1142 1969 1199 idem
2010 1141 2220 1198 dicitur

624 1253 759 1295 esse
782 1254 885 1309 pro
914 1237 1099 1293 nobis.
1123 1237 1257 1292 Nam
1306 1237 1364 1300 in
1410 1249 1646 1305 corpore
1684 1234 1835 1306 quod
1881 1233 2217 1306 patiebatur,

624 1331 818 1387 .inerat
853 1331 999 1386 Deus
1021 1329 1366 1402 impatibilis.

706 1421 895 1478 Altera
926 1431 1111 1473 autem
1135 1416 1325 1489 Cyrilli
1348 1417 1603 1487 epistola,
1639 1418 1849 1488 majore
1901 1413 2126 1486 quidem
2151 1428 2221 1469 ex

638 1517 793 1580 parte
811 1508 921 1580 jam
954 1507 1129 1563 relata
1162 1516 1248 1562 est
1275 1505 1333 1560 in
1362 1504 1543 1577 primo
1568 1506 1734 1577 hujus
1756 1505 2005 1562 historiae
2050 1503 2220 1558 libro.

638 1601 830 1656 Exstat
858 1608 1041 1656 autem
1070 1598 1124 1652 in
1149 1613 1215 1653 ea
1245 1596 1463 1651 dictum
1487 1596 1788 1667 quoddam,
1815 1594 1963 1666 quod
1981 1593 2223 1650 Joannes

638 1691 865 1764 quidem
889 1690 1279 1753 Antiochensis
1302 1691 1597 1761 episcopus
1618 1688 1673 1743 in
1692 1689 1894 1744 litteris
1912 1687 2029 1743 suis
2050 1700 2222 1758 expo-

632 1793 830 1842 suerat
852 1801 867 1851 ;
890 1783 1128 1856 Cyrillus
1147 1796 1287 1838 vero
1302 1781 1564 1837 omnibus
1578 1779 1856 1850 suﬂragiis
1872 1777 2219 1849 approbavit.

2318 588 2412 643 καὶ
2445 586 2767 657 ἀναστῆναι,
2796 585 2897 656 οὐχ
2922 585 3001 650 ὡς
3029 583 3124 637 τοῦ
3155 581 3293 637 Θεοῦ
3324 582 3502 651 Λόγου
3537 580 3803 645 παθόντος
3826 580 3905 643 τις

2323 681 2461 736 ίδίαν
2518 670 2702 748 φύσιν,
2742 677 2776 748 ἢ
2813 676 3053 749 πληγὰς,
3082 676 3116 747 ῆ
3142 676 3458 747 διατρήσεις
3488 673 3659 746 ἥλων,
3688 674 3722 744 ἢ
3773 672 3906 741 γοῦν

2318 772 2390 826 τά
2476 770 2642 842 ἕτερα
2731 768 2843 823 τῶν
2936 768 3288 839 τραυμάτων.
3357 764 3595 830 ’Δπαθὶς
3674 764 3786 835 γάρ
3844 766 3910 819 τὸ

2318 862 2496 927 Θεῖον,
2530 861 2614 916 ὅτι
2646 859 2742 914 καὶ
2766 857 3085 931 ἀσώματον.
3131 854 3358 926 Ἐπειδὴ
3386 855 3443 908 δὲ
3469 854 3533 909 τὺ
3561 853 3790 925 γεγονὸς
3811 852 3913 906 αὺ-

2320 951 2419 1007 τοῦ
2450 951 2583 1006 ἴδιον
2611 951 2773 1022 σῶμα
2801 949 3062 1013 πέπονθε,
3086 945 3263 1003 ταῦτα
3291 948 3457 1001 πάλιν
3498 946 3665 1011 αὐτὸς
3692 945 3912 1013 λέγεται

2320 1041 2515 1099 παθεῖν
2542 1041 2688 1113 ὑπὲρ
2722 1040 2901 1113 ἡμῶν.
2929 1034 3040 1094 Ἦν
3071 1040 3183 1110 γὰρ
3220 1040 3250 1092 ό
3296 1037 3534 1111 ἀπαθὴς,
3567 1037 3627 1093 ἐν
3685 1034 3765 1106 τῷ
3809 1032 3914 1091 πά-

2323 1150 2504 1206 σχοντι
2531 1132 2768 1206 σώματι.

2394 1401 2509 1473 Τῆς
2531 1400 2588 1453 δέ
2611 1415 2673 1467 γε
2694 1397 2893 1468 ἐτέρας
2916 1394 2987 1450 τά
3015 1393 3192 1449 πολλά
3223 1392 3325 1464 μὲν
3346 1390 3489 1446 κατά
3516 1388 3618 1458 τὴν
3639 1385 3914 1457 προτέραν

2325 1492 2573 1562 ἱστορίαν
2600 1489 2911 1561 ἐνήνεκται.
2953 1488 3111 1541 Ἔστι
3142 1485 3201 1541 δὲ
3233 1486 3293 1538 ὲν
3332 1483 3470 1553 αὐτῇ
3517 1478 3678 1552 ῥῆσις
3710 1477 3915 1540 τοιάδε,

2324 1584 2391 1655 ῆν
2437 1584 2685 1653 γέγραφε
2744 1580 2844 1651 μὲν
2886 1578 3140 1649 Ἰωάννης
3164 1577 3193 1630 ό
3220 1575 3321 1646 τῆς
3367 1572 3708 1642 Ἀντιοχέων,
3744 1566 3919 1640 προσ-

2324 1676 2500 1746 ήκατο
2526 1674 2585 1727 δὲ
2616 1674 2816 1735 πάσαις
2844 1669 3050 1742 ψήφοις
3079 1666 3371 1739 Κύριλλος.
3393 1663 3798 1735 Ὀμολογοῦμεν
3820 1662 3921 1732 τὴν

2327 1766 2489 1836 ἁγίαν
2550 1765 2830 1836 Παρθένον
2881 1761 3167 1825 Θεοτόκον,
3194 1758 3283 1814 διὰ
3340 1758 3398 1811 τὸ
3426 1758 3518 1811 τὸν
3563 1756 3701 1809 Θεὸν
3746 1756 3922 1824 Λόγον

635 1876 703 1931 ιιι
732 1875 812 1931 sic
842 1840 1048 1930 habet:
1080 1872 1429 1931 Conﬁtentur
1476 1882 1725 1929 sanctam
1754 1840 2066 1942 ‘i’irgi‘n-em,
2097 1869 2227 1924 Dei-

2339 1844 2690 1929 σαρκωθῆναι
2710 1856 2769 1922 ἐξ
2790 1853 2964 1923 αὐτῆς
2995 1852 3090 1905 καὶ
3117 1847 3540 1921 ὲνανθρωπῆσαι
3560 1886 3576 1911 ,
3610 1845 3709 1899 καὶ
3734 1844 3798 1909 ἐξ
3826 1845 3922 1899 αὕ-

638 1981 853 2038 param,
886 1970 1181 2036 propterea
1210 1962 1359 2034 quod
1385 1964 1533 2017 Dens
1556 1961 1798 2017 Verbum
1822 1975 1888 2017 ex
1917 1975 1983 2015 ea
2001 1974 2225 2015 carnem

636 2057 944 2128 sumpserit
974 2064 1031 2111 et
1059 2055 1229 2109 homo
1256 2053 1437 2108 factus
1466 2052 1560 2121 sit,
1585 2060 1639 2107 et
1666 2050 1737 2106 ab
1763 2051 1883 2121 ipso
1908 2049 2230 2121 conceptio.

639 2150 730 2205 nis
759 2147 992 2205 exordio
1013 2146 1279 2217 templum
1308 2160 1376 2200 ex
1406 2160 1471 2200 ea
1498 2152 1842 2213 assumptum
1863 2142 1971 2199 sibi
2030 2142 2227 2197 unive-

635 2243 735 2297 rit.
764 2235 1127 2309 Evangelicas
1151 2245 1335 2293 autem
1367 2244 1425 2292 et
1452 2235 1788 2306 apostolicas
1808 2247 1974 2290 voces
2008 2249 2131 2304 quae
2159 2232 2229 2289 de

637 2333 878 2391 Domino
909 2332 1197 2397 dicuntur,
1222 2330 1433 2384 scimus
1462 2327 1683 2382 divinos
1719 2326 1843 2381 illos
1887 2326 2039 2381 viros
2094 2325 2230 2380 alias

644 2423 870 2497 quidem
900 2420 1273 2479 communiter
1294 2418 1566 2489 accipere,
1609 2425 1673 2471 ut
1723 2417 1791 2472 de
1829 2431 1948 2475 .una
1992 2430 2230 2486 persona

643 2516 850 2578 dictas:
910 2513 1047 2569 alias
1097 2526 1232 2567 vero
1278 2509 1551 2573 dividere,
1607 2518 1667 2565 ut
1714 2523 1837 2578 quae
1893 2507 1962 2563 de
2011 2506 2229 2565 duabus

641 2607 864 2665 naturis
906 2605 1287 2677 proferantur.
1349 2604 1419 2658 Et
1448 2603 1549 2657 has
1588 2601 1812 2672 quidem
1856 2600 1969 2657 Deo
2012 2598 2227 2670 dignas,

638 2702 795 2771 juxta
818 2697 1082 2754 deitatem
1114 2694 1321 2752 Christi
1362 2710 1377 2748 :
1411 2693 1546 2759 alias
1595 2708 1729 2748 vero
1773 2693 2013 2747 humiles
2064 2698 2231 2760 atque

634 2787 911 2859 abjectas,
950 2788 1107 2856 juxta
1158 2785 1405 2855 ejusdem
1465 2783 1863 2839 humanitatem
1918 2781 2228 2837 tradidisse.

643 2879 859 2947 Quibus
888 2880 1006 2933 haec
1033 2875 1613 2947 subjungitCyrillus:
1649 2876 1747 2931 His
1793 2874 1967 2930 sacris
2000 2874 2233 2929 vocibus

645 2975 850 3026 vestris
875 2968 1159 3041 perlectis,
1190 2983 1315 3028 cum
1339 2983 1443 3024 nos
1483 2969 1636 3037 ipsos
1666 2968 1811 3022 idem
1836 2967 2043 3025 sentire
2066 2966 2233 3023 intel-

644 3062 982 3132 ligeremus:
1018 3078 1035 3110 ι
1067 3058 1223 3114 Unus
1250 3059 1400 3113 enim
1426 3057 1714 3123 Dominus,
1734 3072 1843 3111 una
1864 3057 2021 3121 ﬁdes,
2057 3071 2230 3111 unum

646 3150 953 3220 baptisma:
982 3167 1000 3200 ι
1044 3147 1397 3203 Servatorem
1422 3147 1669 3201 omnium
1706 3148 1878 3202 Deum
1896 3146 2231 3217 gloriﬁcavi—
2260 3168 2303 3225 Ω

2326 1949 2433 2019 τῆς
2463 1947 2566 2018 τῆς
2595 1944 2910 2016 συλλήψεως
2938 1942 3138 1996 ἑνῶσαι
3168 1940 3349 2010 ἑαυτῷ
3374 1938 3466 1993 τὸν
3506 1937 3566 2002 ἐξ
3614 1936 3786 2007 αὐτῆς
3823 1934 3922 2005 λη-

2330 2038 2533 2109 φθέντα
2556 2037 2822 2098 ναόν.Τὰς
2850 2036 2907 2089 δὲ
2926 2033 3289 2103 εὐαγγελικάς
3320 2031 3417 2086 καὶ
3440 2030 3811 2091 ἀποστολικάς
3830 2028 3926 2080 ὲπὶ

2328 2130 2423 2187 τοῦ
2456 2130 2662 2200 Κυρίου
2692 2128 2897 2198 φωνὰς,
2928 2127 3087 2197 ῐσμεν
3117 2126 3245 2189 τοὺς
3272 2122 3566 2193 θεοφόρους
3593 2120 3798 2191 ἄνδρας
3826 2120 3927 2179 τάς

2333 2220 2435 2292 μὲν
2463 2216 2925 2281 κόινοποιοῦντας,
2955 2219 3034 2280 ὡς
3061 2218 3144 2285 ἐφ’
3176 2214 3295 2279 ἑνὸς
3342 2210 3641 2284 προσώπου
3671 2226 3684 2238 ·
3716 2209 3819 2272 τὰς
3868 2208 3928 2261 δὲ

2330 2310 2698 2381 διαιροῦντας,
2721 2309 2796 2373 ὡς
2834 2308 2928 2361 ἐπὶ
2960 2307 3055 2361 δύο
3088 2306 3304 2376 φύσεων
3334 2321 3347 2335 ·
3378 2304 3474 2357 καὶ
3504 2302 3606 2365 τὰς
3644 2302 3744 2372 μὲν
3802 2300 3923 2354 θεο-

2332 2402 2589 2471 πρεπεῖς,
2623 2396 2767 2453 κατά
2822 2398 2927 2467 τὴν
2976 2396 3206 2463 θεότητα
3258 2392 3352 2447 τοῦ
3400 2390 3640 2463 Χριστοῦ
3669 2407 3683 2422 ο
3735 2390 3832 2451 τὰς
3868 2389 3930 2441 δι

2331 2488 2623 2551 ταπεινὰς,
2661 2487 2802 2541 κατά
2845 2485 3246 2555 ἀνθρωπότητα
3299 2481 3468 2539 αὐτοῦ
3513 2481 3925 2549 παραδιόοντος.

2333 2576 2429 2644 Οἷς
2484 2580 2766 2651 ἐπήγαγεν
2788 2595 2801 2608 '
2832 2577 3074 2639 Ταύταις
3127 2573 3281 2645 ὑμῶν
3311 2574 3431 2636 ταῖς
3462 2575 3635 2641 ἱεραῖς
3678 2570 3931 2640 ἐντυχόν-

2335 2688 2427 2735 τες
2493 2673 2735 2741 φωναῖς,
2767 2668 2942 2730 οὕτως
2995 2667 3093 2738 μὲν
3144 2667 3239 2719 καὶ
3292 2665 3489 2727 αὐτοὺς
3514 2664 3555 2695 ⁸⁸
3592 2662 3930 2733 φρονοῦντας

2336 2765 2686 2835 εὑρίσκομεν.
2721 2781 2738 2813 ι
2766 2754 2859 2824 Εἷς
2886 2760 2995 2830 γὰρ
3027 2757 3253 2827 Κύριος,
3282 2757 3383 2826 μία
3411 2756 3613 2819 πίστις,
3642 2754 3701 2807 ἒν
3733 2754 3930 2822 βάπτιο

2337 2874 2471 2927 σμα.
2506 2876 2523 2907 ι
2546 2855 2913 2923 Ἐδοξὰσαμεν
2941 2849 3034 2905 οὖν
3067 2851 3155 2904 τὸν
3182 2849 3292 2901 τῶν
3317 2848 3453 2901 ὅλων
3498 2846 3729 2917 Σωτῆρα
3756 2845 3892 2898 Θεὸν
3915 2883 3933 2909 ,

2336 2948 2589 3019 ἀλλήλοις
2627 2944 3037 3016 συγχαίροντες,
3068 2942 3151 2998 ὅτι
3199 2940 3321 3001 ταῖς
3371 2936 3753 2999 θεοπνεύστοις
3789 2937 3935 3008 Γρα-

2338 3042 2465 3110 φαῖς
2523 3037 2618 3091 καὶ
2666 3040 2735 3107 τῇ
2788 3035 3087 3105 παραδόσει
3117 3030 3227 3084 τῶν
3268 3030 3441 3098 ἁγίων
3476 3028 3633 3098 ήμῶν
3669 3029 3937 3096 Πατέρων

2341 3125 2745 3197 συμϐαίνουσαν
2776 3123 2958 3193 ἔχουσι
2991 3121 3172 3174 πίστιν
3206 3118 3269 3172 αῖ
3296 3136 3355 3171 τε
3392 3116 3522 3187 παρ’
3551 3118 3682 3187 ήμίν
3731 3118 3829 3169 καὶ
3876 3119 3938 3169 αι

646 3256 792 3305 mus,
820 3239 1058 3295 invicem
1083 3239 1442 3310 gratulantes,
1472 3238 1620 3307 quod
1654 3246 1763 3291 tam
1816 3247 2039 3301 nostrae,
2071 3236 2230 3307 321

2340 3217 2471 3290 παρ’
2492 3218 2620 3287 ὑμῖν
2636 3205 3082 3285 Ἐκκλησίαι.Ὦν
3103 3211 3552 3278 ἀνεγνωσμένων,
3568 3208 3618 3260 oi
3638 3207 3737 3275 τῆς
3760 3205 3939 3275 αὐτῆς

648 3347 814 3403 quam
853 3339 1053 3409 vestra:
1105 3330 1349 3401 regionis
1387 3318 1667 3392 Ecclesiae,
1715 3329 1879 3384 ﬁdem
1925 3344 2051 3385 cum
2094 3327 2239 3383 Scri-

648 3423 830 3494 pturis
855 3420 1123 3476 divinitus
1146 3420 1427 3492 inspiratis
1458 3429 1513 3474 et
1543 3436 1668 3475 cum
1693 3420 1991 3476 traditione
2012 3430 2236 3475 sancto-

651 3529 773 3569 rum
816 3513 1043 3568 Patrum
1098 3511 1539 3568 consentientem
1588 3511 1974 3581 proﬁteantur.
2023 3510 2238 3578 Quibus

647 3601 947 3673 perlectis,
982 3600 1228 3671 episcopi
1284 3600 1379 3670 qui
1437 3600 1668 3663 aderant
1721 3600 2099 3655 exclamarunt
2149 3599 2240 3654 his

655 3692 868 3749 verbis:
902 3691 1159 3747 Universi
1196 3692 1269 3744 ita
1292 3689 1599 3745 credimus:
1626 3690 1738 3745 Leo
1768 3706 1909 3760 papa
1946 3689 2021 3743 ita
2042 3688 2239 3743 credit.

654 3782 965 3839 Anathema
991 3781 1041 3836 ei
1060 3779 1155 3851 qui
1184 3778 1402 3845 dividit,
1432 3788 1488 3833 et
1535 3780 1587 3834 ei
1618 3780 1710 3849 qui
1756 3779 2065 3835 confundit.
2116 3776 2245 3833 llaec

658 3886 743 3931 est
771 3875 907 3930 ﬁdes
930 3871 1134 3928 Leonis
1162 3870 1595 3945 archiepisc0pi;
1627 3870 1737 3927 Leo
1794 3872 1874 3925 sic
1900 3870 2103 3936 credit;
2134 3870 2244 3925 Leo

656 3978 715 4025 et
737 3968 1029 4023 Anatolius
1059 3966 1135 4019 ita
1178 3962 1449 4028 credunt;
1504 3962 1750 4017 universi
1804 3962 1877 4017 ita
1930 3961 2242 4027 credimus;

658 4069 722 4115 ut
754 4058 1015 4129 Cyrillus,
1051 4054 1131 4110 sic
1152 4067 1255 4107 nos
1286 4051 1602 4117 credimus;
1637 4050 1829 4123 Cyrilli
1876 4062 2083 4107 atcrna
2126 4066 2245 4105 me-

636 4151 870 4215 ‘moria;
906 4158 967 4201 ul.
996 4147 1244 4217 epistolae
1299 4144 1488 4217 Cyrilli
1520 4145 1748 4209 habent,
1807 4145 1890 4199 sic
1938 4143 2244 4209 sentimus;

662 4244 737 4297 ita
765 4238 1125 4302 credidimus,
1167 4237 1243 4290 ita
1279 4234 1583 4291 credimus.
1638 4235 1748 4290 Leo
1798 4232 2249 4305 archiepiscopus

660 4334 739 4385 ita
759 4328 950 4394 sentit,
982 4328 1057 4381 ita
1090 4324 1291 4391 credit,
1318 4324 1392 4380 ita
1421 4325 1670 4396 scripsit.

730 4422 929 4475 Postea
959 4433 1084 4474 cum
1112 4417 1463 4475 interlocutio
1485 4418 1698 4491 prolata
1720 4424 1886 4483 esset,
1918 4427 1978 4471 ut
2020 4415 2251 4487 epistola

2340 3310 2646 3380 ἐπεϐόησαν
2688 3307 2910 3360 συνόδου
2943 3306 3152 3375 ῥήμασι
3180 3300 3444 3365 τοιούτοις
3465 3315 3479 3329 ·
3510 3298 3722 3359 Πάντες
3759 3295 3940 3359 οὕτως

2341 3399 2673 3471 πιστεύομεν
2700 3416 2714 3430 ⁸
2745 3398 2773 3451 ὁ
2804 3396 2995 3459 πάπας
3030 3395 3182 3447 Λέων
3204 3394 3379 3455 οὕτως
3411 3392 3679 3447 πιστεύει.
3716 3390 3940 3445 ’Λνάθε-

2346 3511 2423 3564 μα
2454 3490 2533 3562 τῷ
2571 3488 2874 3561 μερίζοντι,
2904 3487 2999 3541 καὶ
3032 3486 3112 3556 τῷ
3144 3485 3469 3554 συγχέοντι·
3506 3481 3645 3553 αῦτη
3667 3485 3705 3552 ἡ
3752 3482 3941 3545 πίστις

2344 3582 2574 3645 Λέοντος
2598 3579 2693 3635 τοῦ
2729 3577 3195 3651 ἀρχιεπισκόπου·
3235 3577 3386 3630 Λέων
3436 3573 3612 3636 οὕτως
3664 3570 3939 3636 πιστεύει,

2348 3678 2501 3734 Λέων
2532 3677 2631 3729 καὶ
2664 3672 2972 3736 Ἀνατόλιος
2999 3670 3174 3743 οὕτως
3202 3666 3517 3721 πιστεύουσι
3542 3680 3555 3695 ·
3609 3663 3814 3726 πάντες
3854 3664 3945 3715 οῦ·

2345 3786 2454 3833 τως
2500 3767 2834 3835 πιστεύομεν
2856 3780 2869 3793 ·
2902 3763 2979 3827 ὡς
3008 3760 3300 3831 Κύριλλος,
3348 3756 3524 3819 οὕτως
3549 3755 3891 3824 πιστεύομεν
3926 3770 3940 3782 ·

2349 3858 2613 3927 αἱωνίαιή
2645 3857 2837 3927 μνήμη
2870 3852 3147 3925 Κυρίλλου
3174 3865 3188 3879 °
3220 3850 3296 3913 ὼς
3330 3850 3389 3901 αἰ
3412 3846 3697 3900 ἐπιστολαὶ
3731 3845 3941 3916 Κυρίλ-

2349 3948 2443 4001 λου
2479 3947 2616 4000 εἰσὶν
2648 3945 2785 4017 (26),
2813 3943 2989 4006 οὕτως
3020 3938 3361 4013 φρονοῦμεν·
3401 3936 3576 3997 οὕτως
3611 3934 3943 3989 ἐπιστεύσα-

2354 4058 2477 4112 μεν,
2512 4038 2686 4101 οὕτως
2710 4034 3067 4105 πιστεύομεν.
3103 4030 3259 4085 Λέων
3303 4031 3331 4082 ό
3366 4028 3803 4099 ἁρχιετείσκοπος
3850 4025 3944 4078 οῦ-

2349 4147 2458 4195 τως
2491 4128 2700 4200 φρονεῖ,
2724 4123 2897 4189 οὕτως
2923 4119 3193 4186 πιστεύει,
3225 4118 3397 4181 οὕτως
3422 4115 3654 4187 ἔγραψε.

2358 4398 2361 4399 ν
2426 4411 2722 4474 Διαλαλιᾶς
2761 4408 2819 4463 δὲ
2854 4405 3173 4479 ἐνεχθείσης
3207 4405 3303 4461 καὶ
3336 4405 3434 4478 τὴν
3464 4405 3696 4470 Λέοντος
3731 4408 3949 4461 ἐπιστο-

658 4526 882 4585 quoque
916 4509 1121 4565 Leonis
1152 4510 1499 4575 recitaretur,
1552 4510 1609 4564 in
1650 4508 1899 4565 Graecum
1944 4523 2236 4564 sermonen

2360 4506 2458 4577 λὴν
2483 4503 2921 4574 ἀναγνωσθῆναι,
2963 4498 3410 4571 μεταφρασθεϊσα
3439 4499 3538 4568 τῆς
3580 4498 3949 4567 ἀναγνώσεως

663 4610 931 4661 conversa
946 4602 1165 4671 publice
1182 4602 1404 4657 recitata
1423 4610 1527 4667 est,
1544 4600 1983 4658 etmonumentis
1998 4608 2249 4655 actorum

666 4697 871 4751 inserta
898 4692 1157 4750 habetur.
1179 4691 1291 4751 Hac
1319 4694 1549 4765 epistola
1569 4680 1833 4764 perlecta,
1858 4708 1982 4748 cum
2003 4692 2251 4763 episcopi

664 4789 1059 4843 acclamassent
1088 4784 1248 4843 :llrec
1271 4787 1406 4842 ﬁdes
1443 4787 1664 4841 Patrum
1686 4802 1705 4839 τ
1724 4786 1841 4841 haec
1870 4785 2008 4841 ﬁdes
2028 4794 2251 4857 aposto-

665 4880 883 4947 lorum;
907 4893 1097 4937 omnes
1128 4879 1201 4933 ita
1226 4877 1527 4945 credimus;
1560 4877 1851 4933 orthodoxi
1887 4876 1959 4932 ita
1984 4876 2251 4943 credunt;

666 4973 960 5028 anathema
983 4971 1033 5027 ei
1052 4972 1147 5042 qui
1178 4970 1259 5026 sic
1286 4987 1395 5027 non
1420 4969 1628 5036 credit;
1664 4970 1861 5025 Petrus
1878 4985 1976 5040 per
2009 4968 2249 5023 Leonem

669 5064 774 5126 ista
832 5063 1055 5125 locutus
1092 5071 1179 5119 est
1214 5060 1504 5133 :Apostoli
1555 5061 1630 5117 ita
1673 5060 2018 5126 docuerunt;
2065 5060 2153 5130 pie
2189 5076 2254 5115 ac

666 5168 797 5210 vere
832 5152 1022 5209 docuit
1046 5140 1193 5220 Leo;
1222 5152 1461 5224 Cyrillus
1489 5153 1569 5208 ita
1598 5153 1807 5209 docuit.
1840 5153 1952 5209 Leo
1979 5162 2036 5208 et
2078 5151 2255 5224 Cyril-

668 5247 755 5303 lus
812 5246 1069 5303 similiter
1124 5247 1530 5317 przndicarunt;
1568 5248 1863 5302 anathema
1924 5248 1977 5301 ei
2026 5246 2121 5316 qui
2176 5246 2258 5299 sic

670 5355 782 5396 non
846 5340 1051 5410 credit;
1110 5341 1227 5397 haec
1270 5356 1401 5398 vera
1448 5341 1619 5409 ﬁdes;
1651 5338 1945 5396 orthodoxi
1998 5338 2073 5393 ita
2128 5352 2255 5392 sen-

2358 4601 2548 4669 ἔτυχεν
2580 4615 2595 4627 θ
2627 4596 2891 4667 ῆτιςξτοῖς
2925 4591 3250 4662 πραχθεῖσιν
3272 4588 3599 4660 ἐμφέρεται.
3627 4590 3787 4643 Μετὰ
3820 4590 3948 4656 γοῦν

2353 4692 2457 4763 τὴν
2487 4690 2795 4758 ἀνάγνωσιν
2820 4686 2931 4738 τῶν
2956 4683 3276 4737 ἐπισκόπων
3303 4680 3715 4750 ἐπιϐοησάντων
3744 4696 3759 4711 ’
3794 4680 3948 4747 Αὕτη

2354 4786 2389 4853 ή
2420 4784 2603 4843 πίστις
2641 4777 2751 4830 τῶν
2779 4774 3042 4845 Πατέρων
3068 4812 3083 4837 ,
3114 4770 3257 4842 αὕτη
3288 4774 3322 4842 ἡ
3354 4772 3535 4833 πίστις
3569 4772 3680 4825 τῶν
3724 4774 3948 4827 ἀποστό-

2358 4882 2466 4931 λων
2490 4890 2504 4905 ⁸
2541 4875 2741 4934 πάντες
2788 4868 2961 4931 οὕτως
2988 4866 3323 4937 πιστεύομεν
3346 4882 3360 4896 °
3392 4868 3442 4919 οἱ
3466 4863 3741 4936 ὀρθόδοξοι
3774 4865 3949 4926 οὕτως

2361 4967 2697 5036 πιστεύομεν
2722 4980 2735 4992 ⁸
2767 4960 3017 5030 ἀνάθεμα
3048 4958 3126 5029 τῷ
3156 4960 3230 5031 μὴ
3252 4956 3428 5020 οὕτως
3460 4957 3813 5011 πιστεύοντι·
3848 4956 3952 5010 Πέ-

2358 5078 2490 5133 τρος
2540 5057 2631 5113 διὰ
2666 5056 2893 5117 Λέοντος
2946 5051 3122 5107 ταῦτα
3160 5049 3504 5121 ἐξεφώνησεν
3526 5067 3540 5081 ·
3571 5048 3621 5101 οί
3653 5048 3949 5102 ἀπόστολοι

2360 5153 2532 5214 οὕτως
2562 5148 2810 5212 ἐδίδαξαν
2837 5163 2851 5177 '
2884 5145 3125 5206 εὐσεϐῶς
3158 5144 3253 5195 καὶ
3284 5140 3499 5210 ἀληθῶς
3536 5140 3687 5193 Λέων
3713 5138 3947 5203 ἐδίδαξεο

2364 5241 2631 5314 Κύριλλος
2660 5238 2841 5299 οὕτως
2868 5234 3071 5299 ἐδίδαξε
3096 5251 3107 5264 ο
3137 5231 3289 5286 Λέων
3313 5231 3407 5283 καὶ
3436 5228 3707 5298 Κύριλλος
3748 5226 3952 5295 ὁμοίως

2364 5330 2929 5399 ὲδὶδαξαν.⁹Λνὰθεμα
2950 5324 3027 5396 τῷ
3060 5323 3135 5396 μὴ
3165 5322 3340 5385 οὕτως
3372 5317 3685 5373 πιστεύοντι
3708 5333 3723 5348 ’
3751 5316 3896 5385 αῦτη
3918 5315 3951 5381 ἡ

1963 5480 2206 5538 VARle
2263 5472 2675 5535 LECTIONES.

740 5555 782 5588 ⁶¹
824 5554 1069 5619 ἑαυτούς.

1874 5642 2144 5702 VALESII
2178 5636 2739 5698 ANNOTATIONES.

742 5744 855 5816 (26)
892 5745 987 5811 Ὦς
1015 5748 1075 5801 αι
1105 5744 1418 5801 ἐπιστολαὶ
1442 5744 1751 5814 Κυρίλλου
1784 5741 1961 5796 εισίν.
1987 5739 2047 5793 In
2071 5736 2286 5793 actione
2323 5732 2566 5791 secunda
2604 5724 3075 5791 Chalcedonensis
3108 5719 3353 5792 concilii,
3410 5732 3533 5792 pag.
3578 5716 3704 5785 161,
3753 5728 3858 5788 pro
3886 5707 3950 5768 ιιι

678 5817 758 5874 σιν
783 5816 1047 5885 scribitur
1073 5817 1308 5891 ῑχουσιν.
