4108 6490
321 375 466 442 2573

1273 388 1661 454 HISTORI/E
1701 394 2301 461 ECCLESIASTICIE
2339 401 2571 462 LIBER
2610 401 2693 461 Il.

324 492 535 586 ἀληθὴς
567 495 771 564 πίστις,
792 499 839 553 οἱ
862 496 1132 571 ὀρθὸδοξοι
1163 501 1336 569 οὕτως
1362 508 1648 577 φρονοῦσιν
1666 510 1802 583 (27),
1824 512 1905 565 αὕη

2034 517 2211 584 tiunt;
2250 516 2367 573 haec
2414 516 2551 573 ﬁdes
2586 518 2847 583 Patrum;
2906 516 3022 572 haec
3073 515 3281 586 Ephesi
3333 531 3432 571 cur
3470 518 3610 573 lecta

322 599 392 654 τη
414 585 449 657 ἡ
473 586 657 653 πίστις
685 589 796 643 τῶν
826 590 1106 663 Πατέρωψ
1131 593 1306 648 ταῦτα
1331 597 1389 649 ἐν
1403 597 1614 671 Ἐφέσῳ
1638 599 1726 655 διὰ
1745 602 1796 655 τί
1817 604 1917 657 οὐκ

321 677 691 752 ἁνεγνὼσθη;
725 681 898 736 ταῦτα
920 683 1213 755 Διόσκορος
1262 686 1518 757 ἔκρυψεν.
1584 690 1917 771 Ἐμιριριται

320 768 386 822 ἐν
416 772 531 835 τοῖς
560 770 743 835 αὐτοῖς
774 777 1206 847 πεπραγμένοις,
1235 777 1312 842 ὡς
1340 779 1510 851 ἡνίκα
1533 780 1595 835 τὸ
1631 768 1799 854 μέρος
1817 786 1919 857 τῆς

320 861 619 932 ἐπιστολῆς
666 863 897 929 Λέοντος
943 866 1284 939 ἀνεγνώσθη,
1312 872 1591 942 περιέχον,
1640 873 1752 929 Καὶ
1778 876 1917 947 πρὸς

321 950 389 1003 τὸ
417 954 869 1025 χρεωστούμενον
927 956 1150 1029 ὄφλημα
1203 961 1305 1031 τῆς
1362 964 1640 1036 ἡμετέρας
1700 966 1919 1036 φύσεως

320 1040 619 1112 ἐκτεθῆναι
645 1046 711 1109 ⁸⁸,
735 1048 769 1116 η
806 1046 924 1100 θεία
951 1048 1116 1116 φύσις
1138 1050 1323 1123 ήνώθη
1351 1056 1417 1125 τῇ
1451 1053 1615 1122 φύσει
1645 1060 1714 1130 τῇ
1740 1058 1920 1129 παθη-

317 1138 413 1205 τῇ,
439 1137 528 1190 ἕνα
554 1137 713 1193 τοῦτο
735 1140 798 1211 δὴ
827 1142 889 1196 τὸ
911 1145 1035 1207 ταῖς
1066 1145 1369 1217 ἡμετέραις
1414 1149 1625 1205 ἰάσεσιν
1670 1151 1919 1224 ὑπάρχον

317 1226 662 1297 ἁρμόδιον,ὁ
701 1225 785 1295 εἷς
831 1234 984 1287 κα).νό
1042 1236 1206 1300 αὐτὸς
1256 1237 1335 1292 ὣν
1397 1239 1629 1312 μεσίτης
1654 1242 1791 1300 Θεοῦ
1821 1245 1918 1300 καὶ

317 1318 627 1389 ἀνθρώπων
665 1322 955 1395 ἄνθρωπος
1005 1328 1243 1399 Χριστὸς
1284 1330 1516 1402 Ἰησοῦς,
1542 1335 1639 1387 καὶ
1677 1335 1919 1407 ἀποθνή-

318 1424 478 1462 σκειν
503 1412 568 1465 ἐκ
590 1413 682 1467 τοῦ
708 1416 826 1479 ἐνὸς
849 1417 1072 1489 δυνηθῇ,
1105 1422 1198 1475 καὶ
1225 1422 1483 1496 τελευτᾷν
1509 1426 1556 1457 ⁸⁸
1592 1428 1658 1480 ἐκ
1679 1427 1773 1481 τοῦ
1798 1429 1918 1484 ἐτέ-

318 1517 421 1570 ρου
460 1503 533 1573 μὴ
560 1504 763 1577 δυνηθῇ
800 1523 813 1538 ’
846 1508 983 1579 πρὸς
1004 1511 1104 1581 τὴν
1133 1513 1394 1585 τοιαύτην
1428 1517 1591 1587 ῥῆσιν
1637 1521 1920 1591 ἀμφιϐαλ-

312 1592 523 1646 λόντων
558 1594 667 1649 τῶν
708 1596 982 1669 Ἰλλυριῶν
1014 1603 1106 1655 καὶ
1147 1604 1529 1662 Παλαιπινῶν
1574 1612 1913 1683 ἐπισκόπων,

329 1686 538 1778 ’ἒέτιος
575 1689 958 1761 ἁρχιδιάκονος
993 1693 1095 1762 τῆς
1130 1696 1550 1754 Κωνσταντίνου
1604 1704 1917 1778 ἁγιωτάτης

330 1774 668 1865 ᾞκκλησίας
704 1782 862 1851 ῥῆσιν
895 1784 1223 1853 παρήγαγεν
1245 1788 1514 1857 Κυριλλου
1547 1774 1908 1865 περιέχουσαν

2020 623 2133 663 non
2188 608 2357 663 sunt?
2403 609 2522 664 haec
2557 608 2862 665 Dioscorus
2903 608 3226 664 occultavit.
3263 608 3525 663 Refertur
3554 611 3610 664 in

2020 700 2159 754 actis
2185 698 2434 770 ejusdem
2456 698 2869 768 conciliiyquod
2895 714 3022 753 cum
3056 688 3340 769 legeretur
3359 713 3489 767 pars
3514 714 3611 753 su-

2020 792 2283 863 pradictae
2304 792 2553 862 epistola
2588 792 2792 847 Leonis
2817 806 2940 862 qua:
2971 792 3053 846 sic
3080 790 3249 845 habet
3279 792 3386 845 :‘Et
3420 791 3486 845 ad
3519 806 3609 845 re-

2020 881 2347 937 solvendum
2394 881 2735 937 conditionis
2792 890 2998 936 nostra:
3054 879 3352 941 debitum,
3410 889 3609 934 natura

2020 972 2380 1040 inviolabilis,
2433 983 2650 1029 naturae
2691 982 2777 1029 est
2822 972 2978 1027 unita
3020 971 3271 1043 passibili
3316 980 3424 1025 :ut
3462 971 3611 1041 quod

2018 1064 2224 1121 nostris
2250 1064 2515 1121 remediis
2540 1064 2651 1137 (50)
2684 1063 3047 1135 congruebat,
3077 1078 3223 1117 unus
3247 1071 3416 1131 atque
3465 1062 3611 1117 idem

2020 1158 2293 1214 mediator
2337 1158 2436 1214 Dei
2468 1166 2525 1213 et
2572 1158 2886 1223 hominum,
2943 1156 3109 1210 homo
3139 1155 3395 1211 Christus
3427 1154 3611 1218 Jesus,

2017 1258 2075 1305 et
2103 1251 2242 1305 mori
2282 1258 2470 1320 posset
2494 1265 2564 1305 ex
2596 1265 2729 1316 uno,
2759 1259 2811 1304 et
2842 1248 2983 1303 mori
3018 1262 3131 1302 non
3161 1255 3352 1317 posset
3380 1261 3449 1300 ex
3476 1246 3616 1301 alte-

2018 1358 2104 1397 ro.
2130 1342 2527 1399 Dubitantibus
2552 1341 2620 1397 ad
2656 1342 2758 1397 has
2786 1356 2954 1396 voces
2987 1340 3317 1411 lllyricianis
3350 1347 3407 1394 et
3443 1340 3613 1395 Palae-

2018 1434 2179 1491 stinis
2218 1435 2520 1506 episcopis,
2546 1435 2742 1490 Aetius
2777 1432 3211 1489 archidiaconus
3250 1442 3456 1489 sancte
3504 1432 3615 1487 Ec-

2018 1527 2205 1582 clesiae
2232 1526 2862 1597 Constantinopolitanae
2909 1525 3144 1594 protulit
3189 1526 3375 1581 locum
3422 1523 3613 1595 Cyrilli
3664 1580 3669 1585 ,

2019 1619 2116 1689 qui
2147 1618 2227 1674 sic
2248 1619 2438 1673 habet.
2464 1620 2679 1673 Rursus
2708 1632 2838 1672 vero
2876 1617 3139 1689 quoniam
3181 1617 3470 1687 proprium
3493 1618 3614 1686 ejus

2018 1726 2223 1781 corpus
2245 1711 2423 1784 gratia
2450 1710 2570 1777 Dei,
2596 1712 2742 1766 sicut
2765 1710 2841 1765 ait
2864 1710 3152 1780 apostolus
3179 1710 3383 1767 Paulus
3414 1726 3427 1764 :
3467 1731 3484 1761 σ
3507 1711 3613 1765 Pro

2018 1801 2278 1858 omnibus
2312 1811 2549 1858 mortem
2575 1802 2902 1876 gustavit",
2943 1821 2962 1854 ι
3000 1803 3126 1858 ideo
3159 1818 3258 1873 pro
3296 1802 3461 1857 nobis
3496 1803 3613 1873 ipse

318 1863 523 1929 οὕτως·
558 1867 777 1939 Ἐπειδὴ
807 1870 866 1923 δὲ
898 1872 1062 1925 πάλιν
1085 1873 1146 1926 τὸ
1188 1874 1323 1929 ῐδιον
1348 1878 1514 1932 αὑτοῦ
1541 1863 1905 1955 σῶμανχάριτι

2019 1905 2254 1952 mortem
2304 1908 2499 1965 passus
2553 1910 2675 1951 esse
2716 1895 2963 1951 dicitur:
3005 1911 3117 1950 non
3168 1895 3325 1967 quasi
3373 1904 3612 1949 mortem

311 1955 480 2023 Θεοῦ,
510 1957 656 2012 καθά
704 1976 872 2030 φησιν
900 1963 929 2015 δ
970 1962 1268 2031 ἀπόστολος
1304 1968 1537 2036 Παῦλος,
1577 1991 1596 2023 ι
1635 1973 1741 2028 ὑπὸ
1772 1992 1911 2031 παν-

307 2047 407 2111 τὸς
468 2048 733 2114 ἐγεύσατο
787 2050 1021 2108 θανάτου
1051 2056 1188 2127 (28),
1230 2076 1249 2109 ι
1285 2059 1504 2129 λέγεται
1528 2064 1721 2120 παθεῖν
1745 2067 1910 2131 αὐτὸς

308 2139 407 2193 τὸν
436 2140 579 2213 ὑπὲρ
606 2142 765 2212 ἡμῶν
794 2143 1047 2213 Θάνατον,
1095 2149 1195 2220 οὐχ
1224 2150 1299 2214 ὡς
1336 2147 1418 2217 εἰς
1478 2158 1677 2225 πεῖραν
1739 2158 1908 2214 ἐλθὼν

309 2228 573 2297 θανάτου,
598 2232 663 2286 τό
694 2250 759 2301 γε
804 2229 953 2288 εῐκον
982 2237 1028 2269 ⁸⁸
1054 2237 1137 2303 εἰς
1176 2238 1276 2311 τὴν
1320 2242 1485 2296 αὑτοῦ
1529 2244 1693 2313 φύσιν
1724 2262 1739 2277 ’
1766 2249 1905 2302 ἀπο-

308 2318 515 2390 πληξία
535 2322 645 2392 γὰρ
669 2320 831 2379 τοῦτο
848 2324 1099 2398 λέγειν,ῆ
1122 2333 1359 2401 φρονεῖν·
1387 2332 1505 2386 ἀλλ’
1522 2335 1630 2399 ὅτι,
1648 2335 1905 2408 καθάπερ

306 2411 454 2479 ἔφην
491 2413 720 2483 ἁρτίως,
754 2416 787 2485 ἡ
826 2415 965 2487 σὰρξ
994 2419 1161 2473 αὑτοῦ
1196 2422 1464 2489 ἐγεύσατο
1505 2424 1763 2481 θανάτου.
1794 2429 1905 2481 Καὶ

305 2501 475 2557 πάλιν
513 2503 651 2571 πρὸς
696 2505 794 2575 τὴν
856 2508 1017 2579 ῥῆσιν
1072 2510 1174 2579 τῆς
1220 2514 1513 2584 ἐπιστολῆς
1540 2517 1771 2581 Λέοντος
1802 2518 1903 2589 τὴν

303 2593 543 2661 ἔχουσαν
576 2606 591 2622 ⁰
630 2595 879 2668 Ἐντργεῖ
926 2600 1035 2671 γὰρ
1099 2605 1339 2677 ἑκατέρᾳ
1402 2612 1585 2679 μορφῇ
1618 2612 1755 2680 μετὰ
1802 2612 1903 2683 τῆς

304 2684 545 2756 θατέρου
580 2689 897 2755 κοινωνίας,
928 2692 1066 2763 ὅπερ
1109 2693 1241 2747 ἴδιον
1264 2696 1465 2766 ἔσχηκε
1497 2714 1511 2729 ο
1543 2700 1637 2752 τοῦ
1668 2702 1767 2771 μὲν
1794 2704 1901 2756 Λό-

303 2792 407 2844 γου
439 2780 923 2850 κατεργαζομένου
953 2783 1100 2837 τοῦθ’
1126 2786 1263 2856 ὅπερ
1290 2790 1406 2842 ἐστὶ
1434 2788 1528 2843 τοῦ
1558 2791 1735 2860 Λόγου
1756 2810 1769 2824 ·
1804 2793 1899 2846 τοῦ

300 2868 364 2921 δὲ
395 2870 649 2940 σώματος
671 2873 1039 2941 ἐκτελοῦντος,
1062 2878 1206 2949 ἅπερ
1231 2881 1347 2933 ἐστὶ
1369 2880 1463 2934 τοῦ
1487 2874 1756 2954 σώματος.
1787 2886 1901 2939 Kal

300 2959 368 3012 τὸ
404 2958 506 3030 μὲν
536 2962 718 3015 αὐτῶν
751 2964 816 3029 ⁸⁸,
842 2964 1138 3037 διαλάμπει
1166 2972 1277 3032 τοῖς
1314 2971 1577 3042 θαύμασι,
1604 2972 1665 3025 τὸ
1707 2974 1763 3027 δὲ
1780 2976 1900 3038 ταῖς

302 3051 535 3124 ὕϐρεσιν
589 3055 1011 3112 ύποπέπτωκεν.
1060 3060 1537 3131 Ἀμφιὸαλλόντων
1582 3065 1695 3119 τῶν
1732 3067 1899 3123 Ἰλλυ-

302 3145 441 3216 ριῶν
472 3146 567 3199 καὶ
595 3147 704 3201 τῶν
730 3148 1110 3203 Παλαιστινῶν
1134 3153 1471 3221 ἐπισκόπων,
1507 3158 1535 3208 ὀ
1566 3157 1731 3221 αὐτὸς
1780 3160 1898 3215 Ἀέσ

2016 1996 2281 2057 expertus
2300 1988 2469 2043 fuerit
2489 1997 2758 2058 quantum
2799 1987 3024 2057 quidem
3060 1987 3127 2041 ad
3152 1995 3401 2043 naturam
3437 1986 3612 2056 ipsius-

2018 2080 2299 2150 pertinet:
2334 2081 2389 2135 id
2429 2080 2577 2136 enim
2612 2080 2700 2135 vel
2735 2080 2923 2136 dicere
2950 2079 3037 2135 vel
3075 2079 3305 2142 sentire,
3347 2080 3614 2133 extremﬁ

2017 2171 2311 2227 dementiae
2354 2182 2469 2239 est;
2513 2172 2611 2227 sed
2637 2172 2767 2242 quia
2814 2187 2945 2227 caro
2990 2171 3132 2242 ejus,
3168 2179 3227 2225 ut
3273 2170 3439 2240 paulo
3480 2179 3607 2225 ante

2015 2260 2151 2327 dixi,
2181 2272 2415 2317 mortem
2448 2261 2780 2333 degustavit.
2807 2262 3022 2316 Rursus
3039 2275 3163 2316 cum
3183 2261 3461 2331 legeretur
3480 2275 3609 2330 pars

2014 2352 2262 2423 ejusdem
2292 2353 2539 2423 epistolae
2573 2352 2777 2409 Leonis
2801 2369 2925 2423 quae
2951 2353 3031 2409 sic
3058 2352 3228 2408 habet
3262 2370 3275 2405 :
3303 2352 3428 2423 Agit
3455 2352 3604 2407 enim

2012 2456 2251 2516 utraque
2302 2447 2477 2501 forma
2530 2462 2657 2502 cum
2705 2447 2935 2501 alterius
2980 2446 3396 2511 communione,
3454 2446 3603 2515 quod

2012 2534 2298 2602 proprium
2325 2542 2409 2588 est
2444 2552 2457 2589 :
2499 2535 2680 2589 Verbo
2709 2535 2923 2590 scilicet
2952 2542 3219 2605 operante
3250 2535 3401 2605 quod
3437 2536 3603 2591 Verbi

2010 2635 2136 2689 est,
2168 2633 2227 2679 et
2288 2640 2455 2680 carne
2488 2634 2829 2695 exscquente
2876 2628 3027 2697 quod
3074 2630 3259 2684 carnis
3297 2632 3461 2700 322
3496 2639 3600 2686 est.

2010 2716 2191 2771 Unum
2222 2717 2417 2771 horum
2448 2728 2707 2772 coruscat
2737 2715 3043 2784 miraculis,
3071 2720 3307 2775 alterum
3344 2720 3613 2777 succum?

2010 2806 2092 2861 bit
2117 2808 2353 2877 injuriis.
2386 2810 2785 2865 Dubitantibus
2809 2810 2877 2865 ad
2908 2811 3024 2866 haec
3064 2812 3395 2883 Illyricianis
3418 2824 3474 2869 et
3502 2815 3603 2869 Pa-

2008 2897 2239 2952 laestinis
2272 2898 2588 2969 episcopis,
2640 2900 2785 2954 idem
2847 2900 3041 2957 Aetius
3098 2901 3232 2973 legit
3292 2904 3597 2973 capitulum

2006 2983 2193 3055 Cyrilli
2229 2986 2377 3054 quod
2414 2986 2493 3040 sic
2518 2986 2724 3041 habet:
2755 2989 2831 3041 Ex
2873 2990 3104 3044 vocibus
3137 2992 3347 3061 qumde
3377 2992 3599 3047 Christo

2004 3073 2335 3145 loquuntur,
2363 3074 2486 3130 alia:
2510 3086 2637 3131 sunt
2671 3077 2783 3132 Deo
2807 3082 3206 3136 convenientes
3224 3098 3390 3151 quam
3419 3085 3595 3139 maxi-

2005 3182 2116 3221 me.
2156 3167 2293 3223 Alia:
2333 3182 2465 3222 vero
2504 3168 2842 3223 conveniunt
2879 3170 3111 3226 homini.
3156 3171 3415 3237 Quaztlam
3464 3191 3597 3230 vero

297 3252 419 3299 τιος
476 3238 776 3307 κεφάλαιον
827 3241 1042 3310 ἀνέγνω
1068 3245 1342 3315 Κυρῐλλου
1375 3249 1633 3319 περιέχον
1670 3249 1845 3315 οὕτως
1877 3267 1890 3280 ·

2009 3259 2243 3315 medium
2294 3259 2553 3314 obtinent
2594 3260 2798 3325 locum,
2845 3262 3045 3318 Filium
3075 3264 3173 3319 Dei
3213 3266 3385 3320 Deum
3425 3269 3592 3321 simul

295 3328 368 3379 Al
427 3328 529 3397 μὲν
558 3329 717 3384 ἄλλαι
750 3333 861 3386 τῶν
892 3334 1089 3403 φωνῶν
1112 3336 1197 3389 ὅτι
1247 3337 1486 3407 μάλιστα
1526 3340 1855 3406 θεοπρεπεῖς
1879 3359 1893 3375 ·

299 3418 362 3471 αἱ
399 3420 479 3486 δέ,
539 3420 686 3475 οὕτω
742 3423 907 3477 πάλιν
957 3424 1456 3499 ἀνθρωποπρεπεῖς
1488 3447 1502 3461 ’
1532 3431 1673 3485 αἰδὲ
1723 3433 1897 3505 μέσην

299 3510 431 3563 τινὰ
457 3511 613 3577 τάξιν
644 3512 883 3583 ἔχουσιν,
913 3517 1317 3587 ἐμφανίζουσαι
1344 3522 1435 3573 τὸν
1459 3523 1587 3575 Υἱὸν
1612 3522 1706 3576 τοῦ
1734 3525 1893 3590 Θεοῦ,

296 3601 437 3655 Θεὸν
466 3603 595 3657 ὅντα
638 3607 733 3659 καὶ
765 3608 1053 3678 ἄνθρωπον
1091 3610 1231 3681 ὁμοῦ
1281 3612 1339 3665 ἐν
1397 3614 1568 3683 αὐτῷ.
1596 3617 1705 3669 Kal
1758 3617 1896 3689 μετὰ

294 3693 473 3746 ταῦτα
529 3695 663 3766 πρὸς
690 3696 877 3768 ἕτερον
936 3699 1101 3771 μέρος
1161 3702 1264 3771 τῆς
1315 3703 1609 3774 ἐπιστολῆς
1663 3707 1895 3771 Λέοντος

294 3785 752 3855 ἀμφιϐαλλόντων
776 3791 887 3843 τῶν
914 3792 1225 3863 εἰρημένων
1253 3796 1573 3850 ἐπισκόπων
1608 3797 1733 3868 ἕχον
1763 3815 1777 3830 ⁶
1829 3800 1895 3854 Εἰ

299 3880 398 3930 καὶ
427 3880 493 3933 τὰ
529 3880 768 3947 μάλιστα
798 3885 907 3954 γὰρ
941 3887 998 3938 ἐν
1028 3886 1105 3956 τῷ
1131 3888 1378 3961 Δεσπότῃ
1416 3889 1595 3960 Ἰησοῦ
1649 3892 1894 3963 Χριστῷ,

290 3967 391 4021 τοῦ
420 3970 552 4023 Θεοῦ
587 3972 681 4025 καὶ
713 3974 807 4027 τοῦ
843 3975 1131 4048 ἀνθρώπου
1159 3979 1216 4032 ἓν
1246 3982 1557 4051 πρόσωπον,
1598 3983 1746 4053 ὅμως
1775 3984 1897 4038 Eta-

294 4058 391 4130 ρόν
424 4062 571 4116 ἐστιν
602 4065 777 4119 ἐκεῖνο
805 4065 865 4132 ἐξ
890 4062 950 4121 οὗ
981 4069 1037 4121 ἐν
1064 4071 1307 4143 ἐκατέρῳ
1334 4074 1513 4127 κοινόν
1537 4076 1683 4128 ἐστιν
1705 4075 1767 4127 τὸ
1793 4076 1893 4146 τῆς

292 4152 529 4223 ὕϐρεως,
555 4157 649 4209 καὶ
701 4158 889 4229 ἕτερον
918 4160 979 4226 ἐξ
1010 4157 1073 4216 οὗ
1108 4164 1285 4217 κοινὸν
1316 4166 1377 4218 τὸ
1402 4166 1501 4237 τῆς
1554 4166 1713 4237 δόξης
1758 4168 1892 4222 καθ-

289 4244 543 4316 έστηκεν.
592 4248 680 4314 Ἐξ
734 4251 891 4321 ἡμῶν
955 4254 1055 4324 μὲν
1110 4257 1221 4327 γὰρ
1268 4258 1476 4329 αύτῷη
1506 4259 1751 4314 ἐλάσσων
1790 4259 1890 4314 τοῦ

290 4335 510 4407 Πατρδς
544 4338 906 4414 ἀνθρωπότης
940 4360 954 4375 '
992 4346 1057 4399 ἐκ
1079 4346 1138 4401 δὲ
1168 4348 1261 4401 τοῦ
1302 4349 1513 4420 Πατρός
1554 4351 1701 4404 ἐστιν
1740 4351 1889 4421 αὒτῷ

1994 3361 2161 3422 atque
2191 3352 2473 3407 hominem
2494 3367 2616 3409 esse
2644 3353 2975 3411 indicantes.
3008 3358 3138 3413 Post
3171 3356 3289 3415 haec
3332 3376 3458 3415 cum
3498 3378 3598 3418 su-

1994 3458 2093 3513 pra
2118 3442 2409 3498 memorati
2446 3444 2693 3515 episcopi
2733 3446 3085 3502 dubitassent
3116 3451 3183 3505 ad
3219 3452 3446 3506 alteram
3471 3469 3599 3522 par-

1996 3541 2105 3588 tem
2136 3534 2383 3604 ejusdem
2404 3535 2651 3604 epistolae
2673 3552 2795 3607 quze
2822 3538 2901 3594 sic
2930 3539 3098 3597 habet
3127 3542 3424 3609 :Quamvis
3445 3547 3595 3601 enim

1994 3625 2050 3680 in
2080 3626 2312 3681 Domino
2333 3627 2463 3683 Jesu
2486 3627 2709 3683 Christo
2729 3630 2823 3685 Dei
2852 3642 2909 3687 et
2941 3633 3186 3689 hominis
3215 3652 3322 3693 una
3358 3653 3594 3709 persona

1994 3716 2087 3781 sit,
2136 3716 2286 3772 aliud
2343 3727 2521 3773 tamen
2573 3729 2658 3775 cst
2710 3722 2857 3778 unde
2896 3724 2951 3778 in
2995 3734 3230 3796 utroque
3280 3734 3594 3787 communis

1993 3817 2078 3861 est
2113 3809 2473 3873 contumelia,
2517 3809 2670 3865 aliud
2712 3812 2859 3868 unde
2909 3820 3223 3872 communis
3269 3829 3353 3875 est
3388 3822 3589 3892 gloria.

1996 3897 2071 3951 De
2110 3908 2298 3967 nostro
2330 3900 2481 3955 enim
2510 3901 2587 3955 illi
2620 3911 2706 3958 est
2733 3904 2915 3959 minor
2938 3907 3099 3963 Patre
3131 3910 3450 3968 humanitas
3484 3932 3496 3967 :
3523 3916 3591 3971 de

1996 3987 2158 4042 Patre
2186 3997 2271 4044 cst
2302 3988 2378 4043 illi
2412 3990 2641 4060 aqualis
2669 4008 2794 4047 cum
2828 3995 2992 4050 Palre
3016 3997 3298 4055 divinitas.
3332 4002 3589 4059 Theodo-

2000 4076 2161 4142 ritus,
2204 4092 2264 4133 re
2302 4093 2596 4150 perpensa.
2650 4082 2917 4155 Cyrillum
2970 4102 3191 4158 quoque
3234 4092 3315 4147 ita
3342 4093 3588 4150 locutum

1997 4183 2119 4225 esse
2139 4170 2281 4225 dixit
2317 4169 2405 4227 his
2438 4173 2659 4229 verbis:
2690 4174 2997 4243 Quihomo
3028 4180 3333 4249 factusest,
3359 4194 3417 4241 et
3439 4188 3586 4257 quod

1997 4263 2281 4334 prOprium
2324 4265 2501 4336 ipsius
2529 4276 2671 4333 erat,
2703 4283 2814 4325 non
2841 4270 3071 4327 dimisit.
3108 4272 3307 4329 Mansit
3346 4276 3495 4333 enim
3531 4280 3585 4334 id

1998 4355 2146 4426 quod
2207 4364 2351 4412 erat.
2408 4356 2747 4431 Intelligitur
2805 4372 2991 4418 autem
3042 4365 3270 4422 omnino
3320 4380 3377 4423 et
3435 4371 3586 4426 aliud

290 4431 327 4499 ἠ
381 4431 521 4499 μετὰ
563 4435 657 4489 τοῦ
687 4438 902 4510 Πατρὺς
947 4442 1109 4496 αὐτοῦ
1139 4444 1229 4516 ῐση
1274 4444 1503 4517 θεότης’
1559 4445 1891 4519 Θεοδώριτος

2009 4448 2315 4507 inhabitans
2342 4451 2395 4505 in
2421 4449 2551 4518 alio,
2582 4451 2689 4507 hoc
2717 4462 2802 4509 est
2830 4453 3015 4509 divina
3041 4468 3237 4513 natura
3256 4459 3317 4516 in
3336 4460 3592 4518 homine.

291 4529 643 4595 ζυγοπατῶν
705 4532 901 4604 ἔλεγε,
958 4539 1055 4592 καὶ
1106 4540 1183 4611 τῷ
1227 4543 1483 4615 μακαρίῳ
1535 4544 1790 4617 Κυρίλλῳ
1838 4545 1932 4600 ἐπὶ
1991 4545 2189 4613 λέξεως
2225 4546 2479 4619 εἰρῆσθαι
2543 4546 2723 4613 οὕτως
2753 4566 2765 4577 ·
2803 4552 2912 4604 Καὶ
2951 4554 3243 4624 γενόμενον
3276 4556 3581 4627 ἄνθρωπον,

288 4624 388 4725 καὶ
455 4626 532 4696 μὴ
594 4628 826 4698 μεθέντα
872 4632 938 4684 τὸ
996 4634 1124 4688 ἴδιον
1174 4638 1488 4710 μεμένηκεν
1544 4640 1683 4711 ὅπερ
1720 4635 1811 4712 ἦν,
1862 4642 1954 4696 καὶ
2018 4642 2204 4713 ἕτερον
2256 4642 2315 4698 ἐν
2363 4642 2538 4714 ἑτέρῳ
2578 4644 2641 4698 τὸ
2696 4647 3015 4717 κατοικοῦν,
3056 4650 3356 4719 τουτέστιν,
3378 4624 3427 4725 ⁷η
3464 4654 3584 4710 θεία

288 4716 453 4787 φύσις
490 4724 627 4792 μετὰ
658 4723 769 4779 τῶν
782 4727 827 4759 ⁸⁸
858 4727 971 4800 (29)
997 4730 1319 4804 ἀνθρώπων.

360 4859 408 4892 ³⁸
440 4858 609 4917 Hebr.
646 4878 706 4929 ιι,
735 4865 787 4920 9.

1596 4942 1835 5001 VARUE
1874 4944 2168 5003 LECTION
2178 4946 2279 5003 ES.

356 5048 405 5082 ”
432 5049 581 5107 C.C.
610 5052 911 5125 ἐκτιθῆναι.
990 5056 1034 5087 ⁸³
1065 5056 1127 5112 C.
1156 5054 1216 5113 C.
1253 5059 1579 5118 τελευταῖον.
1658 5062 1705 5095 ⁸⁸
1735 5062 1797 5119 C.
1822 5063 1882 5120 C.
1919 5067 1980 5119 τό
2018 5083 2081 5133 γε
2110 5060 2265 5136 ἧκον.
2345 5066 2389 5099 ⁸⁵
2412 5067 2472 5122 C.
2496 5067 2557 5123 C.
2586 5067 2755 5140 αὐτῷ.
2800 5071 2845 5102 ⁸⁸
2860 5070 2959 5142 τῆς
2986 5074 3115 5127 τῶν.

1497 5186 1771 5244 VALESI]
1814 5186 2376 5246 ANNOTATIONES.

358 5293 919 5370 (27)_01Mdp_066_o£o¢
954 5298 1141 5365 οὕτως
1168 5301 1626 5370 πιστεύομεν.1η
1660 5304 1879 5360 actione

280 5366 526 5441 secunda
546 5365 1019 5441 Chalcedonensis
1042 5370 1288 5441 concilii,
1317 5365 1439 5441 pagi
1464 5372 1588 5434 169,
1612 5373 1880 5429 scribitur

278 5438 622 5513 πιστεύουσι,
654 5438 801 5505 quod
820 5440 1002 5513 magis
1017 5441 1211 5509 probo,
1243 5438 1371 5496 licet
1390 5438 1737 5513 Nicephorus
1757 5446 1881 5500 vul-

277 5516 459 5579 gatam
484 5509 835 5579 scripturam
864 5510 1178 5564 conﬁrmet.

320 5578 432 5647 (‘28)
466 5578 629 5649 frmi
658 5579 888 5644 παντὸς
922 5580 1217 5649 ἐγεύσατο
1263 5582 1545 5637 θανάτου.
1586 5584 1876 5640 Assentior

277 5649 414 5725 viris
446 5648 634 5725 doctis
670 5650 775 5725 qui
821 5650 981 5725 ὑπὲρΔ
1003 5661 1204 5714 παντὸς
1228 5654 1631 5725 emendarunt,
1680 5672 1872 5725 quem-

270 5719 876 5794 admodum'seribitur
907 5721 1241 5794 etiammapud
1275 5723 1673 5794 Nicephorum,
1697 5719 1773 5782 'et
1812 5727 1865 5781 in

270 5792 488 5847 actione
528 5790 777 5846 secunda
805 5791 1028 5845 concilii
1058 5790 1342 5859 Chalced,
1373 5790 1500 5866 pag.
1537 5796 1659 5851 170.

2059 5305 2170 5377 (29)
2204 5304 2311 5377 Kal
2346 5303 2553 5377 ἕτερον
2586 5306 2657 5360 ἐν
2710 5308 2905 5375 ἑτέρῳ.
2956 5308 3016 5363 In
3074 5309 3289 5365 actione
3330 5314 3575 5369 secunda

1982 5375 2250 5449 Chalced.
2286 5375 2511 5449 concilii
2541 5376 2632 5435 hic
2658 5378 2851 5449 Cyrilli
2885 5380 3041 5434 locus
3086 5381 3253 5449 aliter
3291 5382 3575 5445 scribitur.

1989 5446 2097 5521 hoc
2124 5447 2343 5521 scilicet
2364 5447 2563 5521 modo,
2599 5446 2897 5521 Μεμένηκε
2935 5452 3042 5521 γὰρ
3070 5451 3206 5518 ὅπερ
3236 5447 3322 5521 ἦν·
3374 5458 3579 5508 vagi-car.

1983 5517 2039 5597 δὲ
2075 5517 2293 5597 πάντως
2321 5517 2507 5597 ἕτερον
2553 5517 2833 5597 ἐνΑέτέρω
2866 5517 3189 5587 κατοικοῦν,
3230 5517 3512 5577 τουτέστιν
3544 5529 3577 5597 ἡ

1982 5587 2293 5659 θείαφιύσις
2320 5588 2377 5640 ἐν
2413 5589 2526 5650 τοῖς
2557 5587 2938 5659 ἀνθρωπίνοις,

2048 5656 2263 5729 (30w:
2292 5660 2432 5728 quod
2494 5656 2688 5715 nostris
2738 5663 2999 5715 remediis.
3034 5662 3236 5718 Eadem
3276 5665 3445 5721 verba
3494 5681 3579 5721 re-

1975 5736 2243 5806 petuntur
2278 5730 2331 5786 in
2374 5745 2633 5787 sermone
2661 5732 2839 5803 primo
2872 5733 3074 5789 Leonis
3114 5750 3267 5806 papae
3299 5736 3365 5790 de
3410 5736 3570 5793 Nati-

1973 5799 2164 5855 vitate.

3474 402 3613 468 2571
3726 461 3731 465 .
