4108 6480
208 406 342 475 2577

1159 412 1540 476 HISTORle
1580 414 2171 501 ECCLESIASTICE
2214 414 2444 475 LIBER
2484 413 2561 474 II.

3342 411 3445 475 2.37

209 520 341 573 σιλεί
363 536 379 552 ο
418 518 517 583 τὰς
546 518 759 584 ἱκεσίας
788 519 866 590 τῷ
891 520 1179 591 ὀρθοδύεῳ,
1213 524 1310 587 τὰς
1338 526 1549 589 ἱκεσίας
1574 529 1638 596 τῇ
1683 527 1786 579 A6-

1903 526 2077 580 -atori.
2135 525 2242 580 llas
2272 539 2467 595 preces
2514 520 2845 577 orthodovo.
2893 521 3002 577 llas
3050 537 3246 592 preces
3302 525 3489 596 Augu—

208 609 407 683 γούστῃ
438 626 453 641 ⁸
504 612 707 675 πάντες
768 612 1130 683 ἡμάρτομεν,
1187 616 1323 667 πᾶσι
1377 616 1782 688 συγχωρηθείη.

216 701 554 773 Ἕπεϐόησαν
583 702 641 756 δὲ
670 703 721 755 οἱ
749 704 846 773 τῆς
881 705 1512 770 Κωνσταντινουπόλεως
1561 706 1787 778 Ἐκκλη-

214 795 328 860 σίας
357 812 373 827 ’
420 795 626 865 Ὀλίγοι
656 795 952 867 κράξουσιν
979 815 992 828 ·
1031 797 1091 850 ού
1126 798 1279 866 λέγει
1310 800 1343 869 ἡ
1377 798 1612 862 σύνοδος.
1651 800 1785 854 Μεθ’

206 885 293 949 οὓς
353 887 403 939 οί
442 887 777 941 Ἀνατολικοὶ
831 888 1157 958 ἐξεϐόησαν·
1197 890 1303 942 Τδν
1356 890 1659 958 Αίγύπτιον
1717 892 1786 958 τῇ

206 978 409 1049 ἔξορίᾳ.
444 979 511 1031 Οἱ
543 979 599 1032 δὲ
641 979 886 1050 Ἰλλυριοὶ
912 981 1263 1052 ἐκραύγασαν
1294 997 1308 1011 ⁸
1338 981 1581 1052 Δεόμεθα
1602 1021 1617 1042 .
1649 983 1788 1035 πᾶν·

205 1080 299 1131 τις
348 1068 593 1139 ἐλέησον.
643 1069 779 1124 Μεθ’
799 1070 894 1134 οὓς
940 1074 989 1124 oi
1047 1072 1381 1125 ’Λνατολικοί
1414 1088 1426 1102 ο
1470 1072 1571 1124 Τὸν
1624 1073 1789 1141 Λίγύ-

207 1178 357 1215 πτιον
387 1164 457 1233 τῇ
494 1161 701 1233 ἑξορίᾳ.
736 1164 847 1218 Καὶ
881 1162 989 1218 τῶν
1034 1163 1306 1236 Ἰλλυριῶν
1330 1164 1398 1217 τὰ
1428 1165 1788 1236 παραπλήσια

207 1253 521 1320 αἰτούντων,
554 1254 603 1307 οἱ
630 1253 725 1307 τοῦ
759 1255 963 1327 κλήρου
1033 1257 1659 1320 Κωνσταντινουπόλεως
1702 1256 1789 1321 ἐξ·

205 1342 459 1413 εϐόησαν”
527 1343 817 1416 Διόσκορον
846 1348 911 1416 τῇ
969 1346 1175 1418 ἐξορίᾳ,
1216 1348 1309 1402 τὸν
1362 1348 1661 1416 Αἰγύπτιον
1725 1352 1787 1420 τῇ

207 1433 407 1506 δξορίᾳ,
454 1435 545 1487 τὸν
599 1438 877 1507 αἱρετικὸν
930 1441 995 1510 τῇ
1024 1439 1233 1511 ἐξορίᾳο
1267 1441 1562 1511 Διὸσκορον
1594 1442 1789 1512 ἁΧρι-

209 1524 326 1589 στὸς
370 1526 608 1583 καθεῖλε.
668 1528 804 1581 Μεθ’
838 1528 931 1593 οὓς
992 1531 1154 1584 πάλιν
1204 1533 1255 1585 οἱ
1299 1532 1548 1603 Ἰλλυριοὶ
1590 1534 1685 1586 καὶ
1741 1534 1791 1587 οἱ

207 1614 339 1686 ἀμφ’
368 1617 568 1681 αὐτοὺς
628 1619 921 1673 ἐπίσκοποι
944 1638 957 1652 ο
991 1621 1202 1685 Πάντες
1255 1624 1583 1695 ἡμάρτομεν
1609 1641 1624 1656 ο
1656 1627 1790 1680 πᾶσι

211 1705 563 1777 συγχώρησον
587 1725 600 1739 ’
632 1710 924 1781 Διόσκορον
969 1714 1035 1782 τῇ
1070 1714 1298 1785 συνόδῳ,
1329 1716 1622 1786 Διόσκορον
1669 1720 1790 1782 ταῖς

221 1794 589 1869 Ἐκκλησίαις.
620 1802 732 1856 Καὶ
757 1803 867 1857 τῶν
896 1804 1294 1875 παραπλησίων
1322 1809 1695 1878 προελθόντων
1724 1809 1793 1863 τὰ

207 1887 302 1956 τῆς
330 1889 591 1961 τοιαύτης
622 1891 992 1957 συνελεύσεως
1023 1894 1383 1967 ἐπερατοῦτο.

274 1979 429 2034 Κατά
462 1980 519 2034 δὲ
550 1981 649 2054 τὴν
685 1984 803 2053 μετ’
832 1984 1004 2056 αὐτὴν
1041 1986 1378 2053 συνέλευσιν,
1408 1990 1507 2061 τῆς
1547 1990 1790 2061 συγκλήο

206 2084 297 2121 του
323 2070 726 2146 διαλαλησάσης
756 2075 1173 2147 ἀναγνωσθῆναι
1203 2080 1329 2143 τοὺς
1362 2080 1464 2150 ήδη
1494 2081 1789 2151 δεομένους

207 2160 410 2226 τύπους
446 2163 583 2235 (54),
615 2165 828 2233 ἀνέγνω
856 2168 1269 2235 Κωνσταντῖνος
1300 2173 1655 2243 σεκρετάριος
1685 2172 1794 2227 ἀπὸ

210 2254 430 2324 σχέδους
481 2256 575 2309 ἐπὶ
605 2256 805 2324 λέξεως
834 2258 1007 2314 ταῦτα
1036 2277 1052 2294 ο
1086 2262 1221 2333 Περὶ
1256 2264 1355 2333 μὲν
1381 2263 1478 2333 τῆς
1509 2264 1792 2335 δρθοδόξου

208 2348 302 2402 καὶ
338 2347 637 2419 καθολικῆς
711 2352 970 2421 πίστεως,
1002 2354 1338 2427 τελειότερον
1383 2357 1603 2411 συνόδου
1644 2374 1792 2427 γινο-

214 2439 377 2511 μένης
428 2442 568 2511 μετὰ
599 2443 728 2513 μίαν
759 2445 1160 2518 ἀκριϐεστέραν
1191 2448 1438 2515 ἐξέτασιν
1471 2450 1580 2503 δεῖν
1634 2450 1793 2518 γενέ-

214 2531 334 2585 σθαι
362 2535 702 2606 συνορῶμεν.
748 2537 970 2610 Ἐπειδὴ
1005 2537 1061 2592 δὲ
1094 2538 1392 2603 Φλαϐιανὸς
1430 2543 1458 2594 ὀ
1486 2542 1583 2612 τῆς
1642 2542 1795 2595 εὗσε-

214 2618 337 2685 ϐοὗς
362 2623 606 2695 μνήμης,
649 2625 742 2680 καὶ
768 2627 1029 2692 Εὐσέϐιος
1067 2630 1096 2681 ὁ
1134 2629 1529 2694 εύλαϐἐστατος
1565 2633 1790 2686 ἐπίσκο-

213 2730 333 2779 πος,
362 2708 428 2769 ἐκ
476 2716 577 2788 τῆς
622 2718 732 2772 τῶν
766 2721 1178 2791 πεπραγμένων
1230 2725 1326 2777 καὶ
1373 2723 1792 2795 διεγνωσμένων

212 2806 464 2877 ἐρεύνης,
493 2809 589 2863 καὶ
616 2810 790 2880 αὐτῆς
822 2812 923 2882 τῆς
957 2817 1141 2884 φωνῆς
1168 2814 1332 2869 τινῶν
1384 2817 1496 2870 τῶν
1550 2818 1795 2889 ἐξάρχων

212 2900 520 2969 γενομένων
548 2900 649 2972 τῆς
677 2902 804 2956 τότε
836 2905 1079 2973 συνόδου,
1104 2906 1562 2978 ὁμολογησάντων
1595 2911 1798 2980 ἐσφάλ-

218 2988 303 3041 Θαι
336 2989 430 3043 καὶ
459 2992 637 3061 μάτην
663 2993 863 3058 αὐτοὺς
902 2995 1302 3069 καθῃρηκέναι,
1338 3000 1490 3053 οὐδὲν
1521 3004 1649 3073 περὶ
1687 3002 1787 3074 τὴν

214 3079 395 3134 πίστιν
432 3084 751 3152 σφαλέντες,
781 3087 1088 3143 δείκνυνται
1110 3090 1317 3155 ἀδίκως
1348 3093 1792 3165 καθαιρεθέντεςο

215 3171 463 3239 φαίνεται
491 3176 624 3245 ἡμῖν
678 3176 819 3232 κατὰ
866 3179 927 3231 τὸ
981 3179 1099 3251 Θεῷ
1130 3180 1363 3251 ἀρέσκον
1386 3183 1591 3239 δίκαιον
1631 3183 1793 3253 εἶναι,

213 3263 261 3314 εί
292 3268 605 3346 παρασταίη
661 3268 739 3338 τῷ
774 3269 1036 3343 θειοτάτῳ
1091 3274 1186 3325 καὶ
1221 3274 1602 3349 εύσεϐεστὰτῳ
1639 3279 1795 3349 ἡμῶν

213 3350 447 3427 δεσπότῃ
467 3396 482 3421 ,
516 3355 594 3429 τῷ
634 3358 783 3429 αὐτῷ
833 3360 1096 3433 ἐπιτιμίῳ
1126 3360 1419 3436 Διόσκορον
1452 3368 1542 3420 τὸν
1574 3368 1801 3423 εὐλαϐέ-

217 3460 402 3500 στατον
429 3448 728 3504 ἐπίσκοπον
763 3451 1189 3525 Ἀλεξανδρείας,
1218 3457 1313 3511 καὶ
1331 3459 1685 3515 Ἰουϐενάλιον
1710 3462 1801 3516 τὸν

214 3538 609 3597 ιύλαϐἑστατον
660 3545 960 3601 ἐπίσκοπον
1003 3547 1421 3622 Ἱεροσολύμων,
1458 3552 1555 3606 καὶ
1586 3553 1800 3609 Θαλάσ-

217 3648 327 3686 σιον
354 3635 447 3689 τὸν
490 3636 884 3694 εύλαϐἐστατον
920 3641 1229 3697 ἐπίσκοπον
1261 3645 1603 3719 Καισαρείας
1647 3649 1803 3703 Καπ-

216 3725 497 3794 παδοκίας,
523 3730 619 3782 καὶ
647 3732 908 3786 Εὐσέϐιον
942 3733 1033 3787 τδν
1066 3735 1472 3791 εύλαὸέστατον
1503 3739 1803 3793 ἐπίσκοπον

228 3816 521 3891 ’Δγκύρας,
553 3822 646 3876 καὶ
679 3823 978 3880 Εὐστάθιον
1024 3827 1116 3881 τὸν
1147 3828 1541 3886 εὐλαϐέστατον
1578 3833 1803 3886 ἐπίσκο-

217 3928 316 3967 πον
365 3915 635 3987 Βηρυτοῦ,
677 3920 770 3971 καὶ
804 3920 1085 3974 Βασίλειον
1119 3923 1212 3975 τὸν
1243 3922 1641 3979 εύλαϐέστατον
1689 3927 1807 3980 ἐπί-

220 4022 420 4062 σκοπον
452 4010 778 4075 Σελευκείας
809 4016 910 4085 τῆς
945 4015 1240 4085 Ἰσαυρίας,
1278 4015 1402 4077 τοὺς
1428 4016 1680 4081 ἐξουσίαν
1719 4022 1808 4072 ἐσ-

218 4100 458 4169 χηκότας
486 4102 579 4155 καὶ
608 4103 938 4174 ἐξάρχοντας
964 4106 1063 4176 τῆς
1090 4107 1214 4159 τότε
1246 4106 1490 4170 συνόδου,
1514 4111 1655 4162 κατὰ
1680 4112 1807 4167 τοὺς

218 4192 450 4255 κανόνας
480 4192 575 4245 τοῦ
607 4195 971 4249 ὲπισκοπικοῧ
1001 4197 1315 4271 ἀλλοτρίους
1344 4199 1600 4267 γενέσθαι
1640 4201 1806 4267 ἀξιώ-

220 4297 429 4351 ματος·
463 4283 686 4337 πάντων
734 4285 844 4337 τῶν
908 4287 1509 4358 παρακολουθησάντων
1567 4290 1631 4358 τῇ
1688 4289 1807 4359 θεία

219 4377 431 4445 κορυφῇ
456 4375 893 4447 γνωριζομένων.
928 4375 1060 4432 Εἶτα
1094 4381 1215 4449 μεθ’
1249 4381 1440 4450 ἐτέρας
1469 4382 1808 4449 ἀναγνώσεις

217 4468 540 4536 γενομένας,
576 4469 950 4540 ἐρωτηθέντες
1008 4473 1054 4524 oi
1127 4473 1534 4543 συνειλεγμένοι
1586 4474 1810 4527 ἐπίσκο-

1822 1883 1869 1939 δ

1888 627 2005 670 stze.
2071 613 2276 670 Omnes
2336 612 2689 684 peccavimus
2736 629 2759 664 εν
2783 609 3043 665 omnibus
3106 610 3481 682 indulgeatur.

1887 707 2087 763 Clerici
2127 717 2313 762 autem
2345 706 2606 761 Ecclesia:
2653 702 3278 776 Constantinopolitanae
3301 703 3486 758 excla-

1888 808 2109 853 marunt
2156 798 2243 852 bis
2293 797 2520 852 verbis:
2552 796 2716 852 Pauci
2762 796 3002 853 clamant
3036 811 3050 848 :
3097 795 3339 865 synodus
3370 797 3489 853 haec

1890 908 2000 947 non
2033 891 2190 946 dicit.
2240 891 2370 945 Post
2411 889 2527 943 haec
2565 888 2927 942 acclamatum
2957 894 3042 941 est
3090 887 3159 942 ab
3188 886 3486 943 Orientali—

1893 983 2365 1054 buszAﬂgyptium
2423 981 2637 1035 exsilio.
2691 977 2986 1049 Illyriciani
3038 993 3170 1032 vero
3213 979 3489 1034 exclama-

1889 1085 2054 1131 runt:
2088 1077 2382 1146 Rogamus,
2411 1073 2658 1149 omnium
2708 1072 2992 1126 miserere.
3045 1071 3259 1126 Rursus
3305 1072 3486 1126 accla-

1890 1177 2096 1222 matum
2134 1175 2219 1221 est
2276 1167 2344 1220 ab
2404 1164 2821 1227 Orientalibus,
2884 1161 3200 1232 Egyptium
3268 1164 3483 1216 exsilio.

1889 1258 2138 1327 Cumque
2190 1257 2486 1329 Illyriciani
2517 1255 2709 1333 eadem
2740 1269 2861 1324 qua:
2908 1256 3062 1324 prius
3116 1254 3483 1323 postularent.

1891 1351 2079 1406 clerici
2110 1350 2265 1403 urbis
2290 1348 2891 1416 Contantinopolitana:
2939 1344 3253 1398 clamarunt
3286 1360 3299 1397 :
3360 1344 3489 1397 Dio-

1894 1458 2110 1498 scorum
2153 1441 2380 1505 exsilio,
2406 1439 2719 1510 iEgyptium
2743 1436 2959 1501 exsilio,
2996 1435 3315 1489 brereticum
3344 1437 3491 1488 exsi-

1892 1535 1987 1600 lio,
2012 1536 2332 1590 Dioscorum
2364 1532 2618 1588 Christus
2658 1529 2937 1600 deposuit.
2963 1529 3092 1582 Post
3118 1527 3237 1581 lucc
3276 1527 3485 1581 iterum

1893 1626 2253 1680 acclamatum
2274 1632 2359 1679 cst
2391 1622 2457 1678 ab
2482 1621 2811 1693 lllyricianis
2833 1637 2859 1674 :.
2878 1618 3083 1674 Omnes
3110 1618 3485 1688 peccavimus,

1892 1718 2149 1773 omnibus
2185 1718 2399 1771 veniam
2432 1716 2656 1785 indulge
2684 1733 2695 1766 :
2722 1712 3043 1767 Dioscorum
3076 1710 3308 1781 synodo,
3361 1710 3489 1764 Dio-

1892 1824 2112 1863 scorum
2148 1809 2434 1863 Ecclesiis.
2483 1808 2552 1861 Et
2587 1821 2713 1860 cum
2749 1804 2853 1858 alia
2903 1802 3153 1875 ejusdem
3185 1800 3333 1856 modi
3358 1817 3489 1871 pro-

1897 1903 2211 1965 cessissent,
2250 1901 2537 1956 confessus
2568 1899 2672 1953 iste
2697 1896 2862 1952 finem
2898 1895 3066 1966 cepit.

1963 1992 2226 2063 Sequenti
2254 2007 2387 2046 vero
2432 2003 2719 2053 consessu,
2751 2002 2878 2041 cum
2924 1992 3149 2041 senatus
3188 1982 3489 2038 interlocu-

1895 2092 1984 2140 tus
2011 2094 2158 2139 esset
2181 2092 2243 2137 ut
2276 2082 2641 2137 recitarentur
2669 2094 2735 2134 ea
2778 2093 2900 2148 qua:
2934 2078 3048 2147 jam
3086 2074 3311 2130 fuerant
3355 2088 3490 2129 con-

1895 2176 2088 2231 stituta
2132 2172 2574 2229 :Constantinus
2604 2186 2635 2224 a
2680 2167 2908 2225 secretis
2954 2166 3071 2220 haec
3111 2163 3369 2220 recitavit
3415 2179 3484 2218 cx

1896 2263 2095 2318 scheda
2116 2279 2129 2315 :
2151 2263 2227 2317 De
2250 2271 2399 2317 recta
2429 2259 2656 2330 quidem
2773 2254 3047 2312 catholica
3080 2253 3210 2319 fide,
3241 2252 3488 2308 crastino

1896 2355 2006 2422 die,
2056 2354 2356 2426 perfectius
2395 2352 2763 2409 conveniente
2809 2349 3045 2404 concilio
3079 2346 3489 2419 diligentiorem

1897 2445 2314 2515 inquisitionem
2346 2442 2468 2499 ﬁeri
2502 2450 2762 2512 oportere
2792 2438 3182 2511 perspicimus.
3214 2436 3489 2504 Quoniam

1896 2552 2029 2592 vero
2055 2536 2159 2606 pia:
2182 2535 2461 2590 memoriae
2485 2532 2780 2587 Flavianus
2812 2540 2868 2586 et
2895 2530 3172 2585 Eusebius
3227 2544 3491 2583 reveren-

1897 2629 2161 2684 dissimus
2208 2629 2501 2699 episcOpus
2553 2625 2810 2697 Dorylrei,
2842 2640 2910 2680 ex
2952 2621 3294 2678 scrutatione
3337 2630 3491 2676 acto-

1898 2735 2022 2774 rum
2052 2734 2116 2774 ac
2141 2718 2515 2782 decretorum,
2543 2726 2599 2772 et
2628 2730 2696 2770 cx
2732 2714 2865 2785 ipsis
2898 2713 3132 2769 vocibus
3165 2726 3361 2767 eorum
3395 2709 3491 2781 qui

1900 2809 1956 2864 in
2008 2808 2221 2880 synodo
2268 2824 2391 2879 quae
2438 2817 2573 2862 tunc
2623 2805 2767 2860 facta
2798 2812 2883 2860 est
2917 2802 3303 2875 praesederunt
3347 2801 3492 2872 :qui

1898 2902 2126 2974 quidem
2151 2901 2389 2957 confessi
2423 2909 2554 2957 sunt
2580 2915 2800 2955 errasse
2822 2914 2903 2964 se,
2930 2907 2985 2954 ct
3007 2897 3209 2953 frustra
3243 2897 3367 2952 illos
3393 2898 3492 2954 de-

1899 2995 2172 3065 posuisse,
2206 3010 2332 3050 cum
2362 2994 2684 3049 nullatenus
2709 2997 2998 3047 errassent
3037 2991 3094 3044 in
3125 2989 3254 3054 fide,
3289 2990 3496 3060 injuste

1902 3088 2143 3159 depositi
2192 3103 2315 3143 esse
2366 3093 2675 3142 noscuntur
2712 3100 2727 3137 :
2758 3083 2979 3138 videtur
3030 3083 3194 3139 nobis
3235 3084 3389 3154 juxta
3439 3082 3493 3137 id

1904 3179 2051 3248 quod
2084 3178 2197 3233 Deo
2239 3177 2439 3247 placet,
2490 3176 2701 3245 justum
2734 3188 2878 3238 esse,
2930 3172 3097 3227 modo
3144 3172 3199 3227 id
3227 3172 3497 3243 placuerit

1903 3269 2281 3325 sacratissimo
2303 3285 2367 3324 ac
2395 3267 2647 3338 piissimo
2677 3264 2913 3320 Domino
2941 3274 3156 3329 nostro,
3175 3272 3234 3319 ut
3270 3264 3496 3319 Diosco-

1905 3378 2001 3417 rus
2025 3360 2525 3416 reverendissimus
2546 3359 2842 3429 cpiscopus
2877 3357 3224 3413 Alexandrire
3244 3399 3259 3423 ,
3303 3368 3360 3414 et
3392 3358 3491 3413 Ju-

1908 3453 2121 3507 venalis
2150 3451 2525 3506 reverendiss.
2560 3450 2855 3520 episcopus
2882 3442 3414 3520 Hierosolymorum.
3443 3459 3500 3504 et

1906 3544 2225 3601 Thalassius
2253 3543 2625 3600 reverendisr.
2656 3543 2949 3613 cpiscopus
2987 3541 3248 3597 Cmsareae
3281 3541 3495 3613 Cappa-

1906 3639 2098 3704 dociae,
2131 3648 2188 3693 et
2210 3638 2485 3693 Eusebius
2516 3635 2888 3693 reverendiss.
2920 3637 3216 3705 episcopus
3242 3634 3494 3707 Ancyrrc.

1906 3740 1962 3785 et
2014 3729 2341 3785 Eustathius
2392 3727 2764 3783 reverendiss.
2812 3727 3111 3797 episcopus
3167 3726 3385 3798 Beryti,
3443 3736 3501 3782 et

1906 3823 2142 3879 Basilius
2169 3821 2539 3876 reverendiss.
2582 3820 2879 3890 episcopus
2929 3819 3196 3875 Seleuciae
3244 3819 3492 3883 Isauria),

1908 3928 2001 3998 qui
2039 3937 2170 3982 tunc
2211 3925 2543 3979 auctoritate
2588 3922 2809 3993 praediti
2855 3922 3096 3977 concilio
3136 3921 3500 3993 praafuerunt,

1907 4028 2087 4083 eidem
2126 4041 2303 4097 poena:
2329 4024 2670 4095 subjaceant,
2704 4024 3041 4077 sacrosancti
3095 4024 3319 4078 concilii
3367 4039 3496 4078 sen-

1910 4117 2081 4172 tentia
2107 4117 2262 4186 juxta
2308 4129 2496 4167 sacros
2525 4127 2767 4167 canones
2793 4111 2861 4165 ab
2904 4110 3203 4181 episcopali
3236 4111 3503 4181 dignitate

1910 4207 2154 4263 submoti
2192 4225 2203 4258 :
2253 4204 2469 4260 cunctis
2493 4220 2616 4272 qua:
2640 4212 3049 4272 consequenter
3092 4217 3243 4273 gesm
3274 4205 3501 4269 fuerint,

1911 4298 1978 4352 ad
2039 4293 2398 4351 sacratissimi
2468 4292 2740 4363 principis
2809 4292 3065 4346 notitiam
3132 4292 3502 4361 perferendis.

1911 4388 2120 4443 Deinde
2154 4385 2484 4456 quibusdam
2513 4384 2638 4438 aliis
2670 4383 2943 4447 recitatis,
2986 4384 3309 4455 interrogati
3344 4386 3510 4457 324a,

1911 4479 2155 4550 episc0pi
2211 4477 2303 4547 qui
2347 4476 2599 4540 aderant,
2653 4485 2838 4529 utrum
2876 4475 3081 4529 Leonis
3102 4478 3335 4546 cpistola
3369 4494 3506 4533 con-

219 4576 331 4624 ποι,
364 4562 414 4613 εἰ
470 4562 755 4631 συνᾴδουσι
799 4562 867 4615 τὰ
900 4563 1130 4626 Λέοντος
1166 4566 1473 4634 γράμματα
1521 4569 1586 4636 τῇ
1626 4567 1797 4619 πίστεε

1916 4568 2147 4624 sentiret
2171 4582 2296 4621 cum
2330 4564 2433 4621 lide
2465 4574 2840 4620 trecentorum
2870 4575 2925 4620 et
2951 4567 3261 4622 octodecim
3291 4580 3509 4626 sancto~

216 4650 327 4705 τῶν
350 4659 462 4723 τιη⁹
522 4653 693 4722 ἁγίων
729 4654 989 4724 Πατέρων
1029 4654 1139 4707 τῶν
1182 4656 1240 4707 ὲν
1270 4656 1474 4727 Νικαίᾳ
1524 4656 1812 4726 συναχθέν-

220 4761 347 4811 των,
380 4744 479 4798 sui.
505 4748 568 4815 τῇ
602 4744 708 4797 τῶν
738 4752 835 4816 ρν’,
869 4745 978 4799 τῶν
1007 4747 1064 4798 ὲν
1086 4748 1151 4817 τῇ
1181 4746 1437 4815 βασιλίδι,
1474 4748 1809 4819 ἁπεκρίνατο

234 4837 538 4901 Ἀνατόλιος
579 4839 607 4890 ὁ
672 4839 769 4909 τῆς
821 4840 1447 4903 Κωνσταντινουπόλεως
1520 4842 1807 4911 πρόεδρος,

222 4931 317 4983 καὶ
341 4930 545 4992 πάντες
572 4931 620 4983 οἱ
656 4930 1095 4999 συνειλεγμένοι,
1129 4932 1378 5003 συνᾴδειν
1435 4933 1534 5003 τὴν
1586 4934 1807 4986 ἐπιστο-

224 5020 319 5096 λὴν
347 5024 581 5087 Λέοντος
607 5025 718 5087 τοῖς
746 5025 1056 5093 εἰρημένοις
1082 5025 1261 5093 ἀγίοις
1296 5025 1545 5096 Πατράσι
1571 5042 1584 5054 ·
1620 5027 1713 5077 καὶ
1744 5029 1808 5095 τῇ

224 5114 360 5187 αὐτῇ
403 5116 633 5177 Λέοντος
658 5116 914 5187 ἐπιστολῇ
960 5117 1465 5186 καθυπεσημήνατο
1500 5117 1636 5186 (53).
1671 5118 1809 5170 Τού-

225 5223 332 5260 των
354 5202 463 5261 ὥδε
516 5208 914 5277 προελθόντων,
945 5208 1253 5279 ἐπεϐόησαν
1303 5210 1351 5260 οἱ
1382 5208 1481 5276 τῆς
1534 5209 1754 5261 συνόδου
1794 5226 1808 5241 ·

226 5297 435 5363 Πάντες
495 5300 883 5369 συντιθέμεθα,
929 5301 1130 5364 πάντες
1182 5301 1565 5369 συναινοῦμεν,
1609 5304 1809 5364 πάντες

225 5392 426 5461 ὁμοίως
492 5393 847 5463 πιστεύομεν,
878 5396 1079 5457 πάντες
1140 5394 1208 5446 τὰ
1262 5394 1402 5447 αὐτὰ
1451 5395 1759 5465 φρονοῦμεν
1793 5437 1808 5459 ,

1922 4674 2041 4713 rum
2085 4659 2308 4713 Patrum
2336 4657 2429 4727 qui
2473 4657 2667 4711 Nic-mae
2702 4657 2756 4711 in
2794 4673 2964 4711 unum
3014 4670 3410 4723 convenerant.
3448 4673 3505 4714 et

1920 4767 2043 4806 cum
2079 4749 2182 4803 fide
2236 4758 2457 4804 centum
2501 4765 2564 4802 ac
2616 4748 3015 4819 quinquaginta
3062 4751 3287 4804 Patrum
3325 4751 3503 4820 quiin

1920 4845 2057 4899 urbe
2087 4843 2236 4913 regia
2264 4843 2480 4896 fuerant
2510 4841 2848 4911 congregati,
2878 4842 3168 4897 Anatolius
3193 4843 3480 4899 Constanti
3500 4871 3513 4878 -

1918 4934 2275 5004 nopoiitanus
2330 4934 2646 5003 cpiscopus.
2704 4941 2760 4986 et
2818 4933 3063 4986 universi
3115 4934 3212 5004 qui
3278 4935 3511 4990 aderant

1920 5027 2163 5096 episcopi
2185 5025 2608 5095 responderunt,
2628 5024 2915 5094 epistolam
2938 5025 3141 5079 Leonis
3163 5043 3285 5080 cum
3314 5013 3509 5097 supra-

1920 5118 2082 5173 dictis
2112 5118 2315 5171 sanctis
2346 5118 2602 5170 Patribus
2635 5118 2969 5170 consentire.
3007 5118 3268 5188 Idemque
3297 5119 3504 5173 Anato-

1919 5211 2027 5265 lins
2061 5227 2229 5281 supra
2282 5219 2598 5264 memorata:
2633 5209 2836 5264 Leonis
2865 5210 3117 5280 cpistolte
3157 5213 3510 5281 subscripsi»

1918 5304 2048 5369 Quc
2076 5320 2198 5357 cum
2234 5304 2305 5357 ita
2339 5304 2764 5373 processissent,
2792 5303 3153 5357 acclamatum
3181 5313 3263 5358 est
3293 5304 3363 5359 ab
3392 5308 3515 5358 uni.

1918 5411 2075 5449 versa
2133 5397 2341 5467 synodo
2380 5396 2627 5450 :Omncs
2666 5395 3079 5461 consentimus;
3108 5413 3301 5451 omnes
3358 5412 3516 5451 com~

1438 5530 1706 5584 VALESII
1747 5529 2307 5586 ANNOT.\Tl0.\ES.

297 5623 411 5693 (54)
429 5623 574 5688 Τοὺς
586 5623 910 5692 δεομένους
928 5624 1175 5688 τύπους.
1197 5623 1563 5679 Scribendum
1584 5633 1666 5678 cst
1689 5640 1813 5691 pro-

230 5695 313 5764 cul
347 5694 520 5749 dubio
546 5696 676 5756 τοὺς
706 5694 1048 5764 δεδομένους,
1105 5703 1165 5747 ut
1214 5694 1380 5749 habet
1433 5696 1575 5749 actio
1619 5704 1811 5764 quarta

229 5761 698 5837 phalcedonensis
731 5763 982 5837 coneilii,_
1004 5780 1123 5837 pag.
1160 5765 1286 5817 216.
1326 5767 1483 5837 Apud
1515 5761 1810 5835 {Vici-imor.

232 5832 426 5907 legitur
456 5836 809 5908 γενομένους,
840 5833 984 5906 quod
1023 5832 1165 5891 idem
1199 5845 1302 5893 est.

1996 5625 2105 5689 (53)
2140 5624 2722 5693 Κιιθινπεσημήνατο.
2744 5621 3283 5694 Chrislophorsonus
3318 5623 3370 5677 in
3404 5625 3521 5691 plu.

1924 5695 2021 5747 rali
2046 5711 2278 5747 numero
2299 5696 2431 5764 legit
2462 5694 3015 5762 καθυπεσημήναντο,
3045 5693 3321 5764 quomodo
3349 5697 3513 5749 etiam

1924 5767 2189 5833 scriptum
2224 5763 2388 5819 habet
2421 5765 2789 5834 Niecphorus.
2820 5764 2987 5834 ldque
3034 5763 3365 5834 conﬁrmant
3394 5776 3513 5819 acta

1925 5836 2116 5906 synodi
2151 5833 2618 5895 (llialccdmlenSis
2652 5851 2775 5907 pag.
2808 5833 2914 5893 218
2947 5846 3003 5893 et
3035 5833 3420 5908 sequentibus.
