4108 6466
569 407 713 473 2579

1812 398 2129 461 EVAGRII
2156 396 2645 460 SCHOLASTICI

3709 399 3850 466 2580

572 520 899 591 probamus;
922 529 1114 572 omnes
1133 510 1389 570 similiter
1409 511 1730 579 credimus;
1749 526 1944 567 omnes
1965 509 2159 566 eadem

2272 512 2471 575 πάντες
2498 510 2675 577 οὕτως
2703 514 3057 586 πιστεύομεν·
3085 515 3215 582 τοὺς
3238 515 3495 585 Πατέρας
3520 516 3586 585 τῇ
3623 515 3847 587 συνόδῳ.

550 611 885 675 sentimus;
918 622 1114 664 omnes
1134 608 1209 662 ita
1238 605 1538 663 credimus.
1572 604 1767 660 Patres
1803 602 2013 676 synodo
2033 602 2164 658 red-

575 702 925 773 «lantur;qui
988 700 1437 771 subscripserunt
1469 738 1484 763 ,
1545 696 1764 771 synodo
1816 697 2158 763 reddantur;

576 797 779 852 multos
830 808 1006 850 annos
1047 792 1401 862 imperatori;
1435 790 1642 846 multos
1670 805 1846 846 annos
1868 789 2158 859 Augusta;

573 871 768 942 Patres
799 886 1010 957 synodo
1048 882 1386 948 reddantur;
1413 883 1507 952 qui
1557 881 1806 953 ejusdem
1843 880 1973 936 ﬁdei
2007 887 2159 945 sunt,

576 980 786 1050 synodo
830 978 1162 1042 reddantur;
1194 976 1398 1031 multos
1452 991 1629 1032 annos
1675 974 2019 1046 imperatori.
2056 970 2163 1041 Qui

576 1072 728 1129 idem
750 1071 1022 1136 sentiunt,
1042 1070 1255 1141 synodo
1279 1068 1613 1136 reddantur;
1637 1056 1842 1138 multos
1864 1083 2041 1137 annos
2062 1068 2166 1124 im-

575 1163 847 1233 peratori;
898 1177 1093 1219 omnes
1137 1158 1266 1216 ﬁdei
1308 1158 1771 1230 subscripsimus;
1814 1170 1877 1215 ut
1923 1160 2057 1229 Leo,
2089 1158 2165 1215 ita

579 1258 875 1314 sentimus.

656 1350 853 1404 Postea
879 1364 1002 1403 cum
1030 1346 1389 1404 interlocutio
1422 1349 1635 1419 prolata
1658 1355 1805 1405 esset
1833 1363 1865 1403 a
1882 1345 2166 1420 judicibus

579 1442 636 1498 in
658 1443 775 1498 haec
802 1442 967 1498 verba
1000 1458 1013 1497 :
1039 1442 1118 1499 De
1144 1442 1232 1496 his
1253 1442 1577 1498 relationem
1594 1441 1859 1499 misimus
1886 1440 1955 1496 ad
1979 1454 2167 1497 sacra—

581 1534 854 1591 tissimum
882 1542 939 1589 et
969 1533 1283 1604 piissimum
1326 1533 1612 1589 dominum
1651 1543 1940 1598 nOStrum,
1982 1538 2039 1588 et
2076 1547 2166 1589 re-

581 1623 935 1692 sponsionem
966 1623 1036 1677 ab
1068 1624 1187 1693 ejus
1216 1622 1513 1678 clementia
1543 1621 2168 1693 exspectamus.Vestra

582 1722 766 1768 autem
793 1714 1125 1778 reverentia,
1155 1722 1265 1767 tam
1291 1712 1359 1768 de
1390 1712 1655 1768 Dioscoro
1689 1711 1784 1783 qui
1814 1728 1846 1767 a
1871 1710 2033 1768 vobis
2064 1710 2167 1767 dc-

582 1804 797 1875 positus
828 1814 931 1870 est,
984 1804 1359 1861 saeratissimo
1393 1804 1647 1876 principe
1697 1813 1755 1860 et
1796 1803 1957 1859 nobis
2006 1803 2165 1874 igno-

581 1898 858 1963 rantibus,
892 1912 1056 1968 quam
1089 1896 1158 1953 de
1188 1896 1435 1967 quinque
1462 1896 1571 1951 illis
1592 1911 1694 1966 pro
1720 1894 1924 1966 quibus
1954 1894 2166 1965 precati

581 1991 738 2054 estis,
776 1998 835 2044 et
879 1987 947 2043 de
981 1988 1237 2044 omnibus
1267 2004 1390 2058 quae
1443 1989 1500 2044 in
1545 1987 1779 2043 concilio
1818 1994 1968 2057 gesta
2018 1994 2167 2050 sunt,

584 2080 856 2136 rationem
891 2079 1002 2135 Deo
1057 2078 1346 2135 redditura
1391 2086 1499 2135 est.
1546 2078 1925 2135 Acclamatum
1979 2086 2066 2134 est
2099 2078 2168 2134 ab

583 2171 894 2228 omnibus:
941 2171 1275 2227 Dioscorum
1324 2171 1473 2226 Deus
1522 2169 1821 2241 deposuit;
1870 2168 2171 2225 Dioscorus

578 2264 727 2333 juste
758 2260 1047 2331 depositus
1084 2270 1188 2327 est,
1236 2261 1564 2317 Dioscorum
1606 2260 1862 2317 Christus
1889 2260 2166 2332 deposuit.

583 2352 716 2407 Post
764 2350 882 2407 haec
924 2366 1049 2405 cum
1085 2350 1248 2406 allata
1300 2359 1448 2406 esset
1487 2351 1776 2421 responsio
1816 2351 2172 2422 imperatoris

582 2441 868 2509 Marciani,
900 2458 1008 2515 qua
1037 2441 1462 2514 permittebatur
1492 2443 1769 2514 episcopis
1801 2452 1861 2498 ut
1894 2444 1963 2499 de
2004 2443 2169 2515 quin-

584 2552 693 2606 que
728 2536 836 2591 illis
860 2537 955 2607 qui
976 2535 1215 2605 depositi
1247 2535 1485 2600 fuerant,
1520 2550 1621 2606 pro
1660 2535 1895 2591 arbitrio
1929 2551 2031 2592 suo
2059 2544 2172 2593 sta-

584 2633 847 2688 tuerent,
923 2624 1389 2694 quemadmodum
1458 2624 1676 2697 judices
1743 2624 2171 2682 interlocutione

586 2702 727 2772 facta
759 2715 1164 2788 signiﬁcarunt,
1199 2715 1445 2787 episcopi
1481 2718 1693 2787 precati
1736 2724 1867 2773 sunt
1914 2716 2004 2772 his
2050 2732 2173 2772 ver-

585 2805 673 2860 bis
703 2823 717 2860 :
752 2804 823 2861 Ut
865 2804 946 2859 illi
981 2804 1367 2876 ingrediantur
1397 2820 1674 2877 rogamus.
1703 2804 1809 2871 Qui
1856 2804 2003 2860 idem
2047 2821 2175 2861 sen-

582 2898 751 2963 tiunt,
782 2897 990 2970 synodo
1021 2897 1347 2952 reddantur.
1384 2897 1491 2965 Qui
1520 2899 1667 2954 idem
1696 2898 1938 2969 sapiunt,
1960 2898 2173 2970 synodo
2205 2959 2216 2969 ,

582 2989 911 3045 reddantur.
936 2990 1041 3057 Qui
1070 2990 1320 3060 epistolae
1356 2989 1559 3047 Leonis
1604 2990 2057 3063 subscripserunt
2084 3008 2173 3065 sy-

581 3083 732 3139 nodo
774 3082 1102 3137 reddantur.
1132 3080 1235 3148 Qui
1281 3098 1407 3138 mox
1454 3082 1667 3153 prolata
1716 3085 2169 3153 interlocutione,

2263 607 2392 669 τοὺς
2420 605 2850 677 ύπογράψαντας
2874 609 2943 679 τῇ
2971 605 3176 680 συνόδῳ
3200 605 3303 681 (οἳ.
3339 606 3519 663 πολλὰ
3542 607 3612 661 τὰ
3636 608 3730 679 ἐτη
3753 607 3854 662 τοῦ

2269 695 2556 767 βασιλέως,
2587 696 2763 751 πολλὰ
2791 696 2860 751 τὰ
2886 696 2981 769 ἔτη
3002 698 3102 771 τῆς
3127 699 3450 772 Αὐγούστης
3473 713 3489 730 ·
3516 698 3647 763 τοὺς
3675 700 3855 753 Uari-

2268 806 2368 861 ρας
2398 791 2466 860 τῇ
2497 789 2722 861 συνόδῳ,
2754 790 2883 856 τοὺς
2910 790 3243 862 όμοπίστους
3285 794 3353 863 τῇ
3403 790 3634 862 συνόδῳσ
3683 790 3859 845 πολλὰ

2263 883 2334 937 τὰ
2360 881 2457 955 ετη
2482 881 2579 937 τοῦ
2613 881 2879 953 βασιλέως
2901 899 2916 914 ·
2945 884 3074 949 τοὺς
3117 884 3431 958 ὁμόφρονας
3468 886 3536 957 τῇ
3601 882 3807 956 συνόδῳ
3840 901 3855 919 ο

2266 975 2441 1031 πολλὰ
2497 976 2569 1031 τὰ
2624 977 2723 1048 ῑτη
2774 976 2871 1033 τοῦ
2902 977 3171 1049 βασιλέως
3197 994 3212 1011 ⁸
3249 979 3300 1033 oi
3336 977 3541 1044 πάντες
3576 972 3645 1050 τῇ
3672 975 3859 1033 πίστει

2270 1067 2673 1141 ύπεγράψαμεν
2699 1085 2714 1101 ’
2746 1068 2825 1135 ὡς
2851 1070 2880 1123 ό
2908 1070 3084 1138 Λέων,
3115 1068 3291 1137 οὕτως
3317 1070 3655 1143 φρονοῦμεν.

2334 1334 2450 1392 ’Καὶ
2501 1333 2782 1398 διαλαλιᾶς
2826 1334 3146 1407 ινεχθείσης
3176 1332 3271 1389 επὶ
3299 1332 3502 1401 λέξεως
3550 1326 3690 1390 ὦδε·
3736 1332 3862 1388 ’Δν-

2269 1426 2582 1500 ηνέγκαμεν
2615 1426 2694 1497 τῷ
2729 1426 2993 1496 θειοτάτῳ
3027 1426 3123 1480 καὶ
3150 1424 3538 1498 εὐσεϐεστάτη)
3568 1425 3731 1497 ήμῶν
3767 1424 3860 1478 δε-

2270 1506 2449 1591 σπότῃ
2500 1519 2629 1590 περὶ
2678 1518 2885 1585 αὐτῶν,
2916 1519 3014 1574 καὶ
3048 1518 3402 1593 ἀναμένομεν
3431 1519 3534 1593 τὴν
3565 1518 3865 1590 ἀπόκρισιν

2266 1612 2371 1684 τῆς
2407 1590 2575 1667 αὐτοῦ
2631 1612 2933 1677 εὐσεϐείας.
2976 1612 3042 1667 Ἥ
3094 1612 3152 1667 δὶ
3192 1590 3558 1683 ἐὐλάϐειανή
3619 1611 3867 1682 ὑμετέρα

2268 1707 2364 1762 καὶ
2395 1705 2529 1778 περὶ
2572 1707 2869 1779 Διοσκόρου
2918 1704 3015 1760 τοῦ
3050 1705 3188 1780 παρ’
3226 1704 3382 1778 ὑμῶν
3435 1704 3868 1773 καθαιρεθέντος

2269 1797 2574 1869 ἀγνοούσης
2601 1796 2701 1852 καὶ
2727 1796 2828 1868 τῆς
2867 1796 3152 1870 θειοτάτης
3173 1796 3425 1869 κορυφῆς
3452 1795 3547 1851 καὶ
3581 1795 3744 1867 ήμῶν
3767 1792 3865 1866 (r),

2274 1889 2369 1945 καὶ
2401 1891 2531 1960 περὶ
2556 1888 2738 1944 αὐτῶν
2767 1888 2879 1944 τῶν
2911 1890 3076 1943 πέντε
3105 1888 3249 1961 ὑπὲρ
3282 1882 3361 1945 ὧν
3407 1887 3510 1958 τὴν
3569 1884 3865 1958 παράκλη-

2274 1998 2360 2037 σιν
2391 1981 2704 2048 ποιεῖσθαι,
2737 1981 2834 2035 καὶ
2890 1980 3112 2036 πάντων
3146 1978 3261 2053 (56)
3289 1979 3399 2035 τῶν
3447 1976 3867 2050 πεπραγμένων

2271 2075 2331 2128 ἐν
2386 2076 2456 2146 τῇ
2513 2072 2720 2145 συνόδῳ
2754 2071 2919 2131 δώσει
2954 2070 3117 2141 λόγον
3144 2069 3223 2145 τῷ
3252 2070 3376 2142 Θεῷ
3399 2085 3416 2103 °
3449 2069 3865 2141 ιπευφήμησαν

2270 2166 2526 2237 λέγοντες
2552 2180 2569 2195 ⁸
2600 2165 2903 2238 Διόσκορον
2934 2164 2964 2219 ὁ
2999 2162 3134 2229 Θεὸς
3164 2162 3439 2227 καθεῖλεν.
3462 2160 3758 2231 Διόσκορος
3784 2158 3866 2212 δι·-

2271 2256 2459 2322 καίως
2508 2256 2813 2329 καθῃρέθη,
2840 2256 3137 2327 Διόσκορον
3197 2255 3227 2307 ὁ
3285 2252 3527 2325 Χριστὸς
3580 2250 3861 2307 καθεῖλεν.

2273 2345 2409 2406 Εἶτα
2462 2346 2602 2420 μετά
2642 2346 2817 2403 ταῦτα
2870 2346 2973 2416 τῆς
3021 2344 3131 2400 ἀπὸ
3178 2341 3503 2415 Μάρκιοινοῦ
3539 2340 3865 2414 ἐνεχθείσης

2270 2444 2642 2517 ἀποκρίσεως,
2677 2444 2745 2514 τῇ
2795 2440 3069 2515 διακρίσει
3100 2439 3214 2495 τῶν
3269 2439 3590 2495 επισκόπων
3616 2436 3689 2491 τά
3730 2436 3866 2509 περὶ

2272 2533 2384 2590 τῶν
2440 2532 2881 2607 καθαιρεθέντων
2941 2531 3217 2604 διδούσης,
3244 2527 3387 2601 ὠςή
3437 2526 3694 2582 διαλαλιά
3755 2526 3866 2582 τῶν

2274 2626 2556 2697 ἀρχόντων
2582 2610 2854 2694 ἐδήλωσεν
2880 2638 2894 2651 ·
2927 2619 3235 2691 ἰδεήθησαν
3264 2620 3359 2673 ἐπὶ
3384 2617 3584 2683 λέξεως
3610 2615 3870 2679 εἰπόντες

2272 2718 2451 2773 ταῦτα
2475 2734 2490 2749 '
2528 2713 2974 2788 Παρακαλοῦμεν
3000 2712 3199 2776 αὐτοὺς
3222 2709 3485 2765 εἰσελθεῖν
3509 2726 3525 2742 ·
3554 2708 3686 2772 τοὺς
3729 2709 3867 2779 όμο-

2272 2811 2457 2877 δόξους
2484 2811 2551 2881 τῇ
2588 2808 2816 2879 συνόδῳ,
2844 2807 2973 2870 τοὺς
3024 2803 3337 2876 ὁμόφρονας
3365 2803 3432 2873 τῇ
3466 2800 3671 2871 συνόδῳ
3692 2840 3707 2866 ,
3736 2800 3868 2861 τοὺς

2277 2898 2705 2971 ὑπογράψαντας
2737 2898 2808 2970 τῇ
2854 2894 3114 2965 ἐπιστολῇ
3153 2892 3386 2957 Λέοντος
3417 2892 3485 2962 τῇ
3517 2888 3745 2960 συνόδῳ.
3772 2887 3868 2942 Οἷ-

2275 3010 2381 3064 περ
2412 2992 2519 3047 ἀπὸ
2557 2989 2840 3051 διαλαλιᾶς
2867 2991 2936 3060 τῇ
2972 2986 3177 3057 συνόδῳ
3210 2982 3724 3057 συνηριθμήθησαν.
3752 2980 3869 3035 Καὶ

2278 3083 2418 3155 μετά
2449 3082 2609 3137 τοῦτο
2635 3082 2851 3151 δεήσεις
2879 3076 3261 3149 ὲπιδεδομέναι
3290 3074 3447 3149 παρὰ
3482 3074 3595 3128 τῶν
3638 3072 3872 3127 ἐπισκόο

582 3170 807 3226 admissi
840 3176 970 3225 sunt
1013 3169 1068 3225 in
1116 3171 1409 3243 synodum.
1454 3172 1649 3228 Postea
1684 3175 1901 3230 recitati
1943 3186 2073 3231 sunt
2099 3177 2170 3233 li-

2277 3194 2395 3231 πων
2427 3177 2528 3246 τῆς
2555 3175 2614 3229 ὲν
2643 3172 2909 3250 Αἰγύπτῳ
2940 3170 3271 3242 διοικήσεως
3298 3164 3612 3239 Μαρκιανῷ
3639 3163 3719 3235 τῷ
3763 3164 3869 3257 αύ-

582 3263 721 3325 belli.
736 3276 985 3333 precum,
1016 3264 1112 3333 qui
1141 3263 1211 3317 ab
1243 3262 1523 3334 episcopis
1547 3264 1881 3337 Egyptiaca:
1911 3267 2171 3325 ditecesis

580 3354 752 3409 oblati
784 3353 1004 3409 fuerant
1030 3354 1349 3425 imperatori
1380 3354 1678 3411 Marciano.
1706 3357 1766 3412 In
1790 3356 1995 3429 quibus
2023 3358 2169 3413 inter

582 3447 689 3504 alia
720 3489 734 3513 ,
784 3448 902 3503 htec
946 3446 1275 3517 legebantur
1316 3466 1329 3501 :
1377 3446 1659 3505 Sentimus
1705 3449 2169 3521 quemadmodum

581 3539 817 3596 trecenti
865 3546 923 3594 et
969 3538 1277 3595 octodecim
1310 3539 1501 3596 Patres
1544 3540 1741 3597 Nicaeae
1768 3551 2167 3613 exposuerunt,

584 3646 643 3692 et
666 3632 864 3691 beatus
891 3634 1251 3700 AthanasiUs,
1276 3642 1333 3690 et
1360 3645 1562 3691 sanctae
1585 3636 1868 3692 memoriae
1892 3636 2166 3709 Cyrillus;

584 3727 936 3783 anathemate
970 3725 1296 3781 damnantes
1318 3741 1538 3781 omnem
1577 3724 1851 3792 haeresim,
1879 3728 1994 3785 Arii
2019 3730 2170 3786 scili-

584 3828 673 3875 cet
716 3826 886 3888 atque
928 3816 1210 3881 Eunomii,
1266 3816 1498 3873 Manetis
1542 3818 1675 3872 item
1709 3834 1774 3875 ac
1804 3802 2068 3886 Nestorii,
2114 3832 2171 3879 et

589 3924 778 3967 eorum
828 3909 924 3979 qui
974 3908 1174 3964 dicunt
1224 3923 1446 3965 carnem
1481 3910 1701 3966 Domini
1750 3913 1924 3967 nostri
1958 3928 1990 3968 e
2029 3914 2171 3970 coelo

581 4016 729 4067 esse,
756 4017 868 4057 non
896 4011 1081 4056 autem
1110 4016 1179 4057 ex
1227 4007 1417 4055 sancta
1442 4000 1679 4072 Deipara
1707 4010 1763 4058 et
1794 4005 2171 4074 semper-Vir-

582 4092 708 4163 gine
744 4091 932 4155 Maria,
961 4090 1202 4147 similem
1231 4091 1476 4145 omnium
1509 4099 1757 4147 nostrum
1776 4093 1939 4164 325
1961 4094 2171 4167 absque

581 4191 831 4252 peccato.
860 4182 1003 4237 Tum
1034 4196 1229 4236 omnes
1274 4179 1523 4253 episcopi
1564 4184 1659 4253 qui
1710 4184 1765 4239 in
1804 4185 2016 4257 synodo
2074 4185 2172 4242 ad-

582 4280 764 4337 erant.
795 4270 1283 4328 exclamarunthis
1301 4272 1489 4329 verbis
1517 4291 1530 4327 :
1569 4273 1683 4329 Cur
1704 4276 1970 4349 Eutycbis
2004 4278 2171 4334 etiam

581 4360 781 4432 dogma
835 4361 927 4415 isti
987 4361 1215 4420 minime
1255 4363 1642 4420 damnarunt?
1686 4368 1932 4437 epistolae
1966 4370 2171 4428 Leonis

582 4452 957 4522 subscribam,
992 4456 1343 4512 anathemate
1388 4458 1714 4514 damnantes
1754 4459 2060 4533 Eutychen)
2105 4480 2171 4520 ac

2275 3268 2572 3340 τοκράτορι
2603 3264 3032 3335 ἀνεγνώσθησαν
3055 3301 3072 3329 ,
3112 3261 3170 3317 αἶ
3205 3259 3527 3332 περιέχουσί
3562 3257 3703 3330 πρὸς
3743 3256 3867 3311 ἑτέ-

2273 3378 2389 3431 ροις
2416 3377 2430 3391 ·
2493 3356 2808 3431 Φρονοῦμεν
2837 3354 3021 3419 καθὼς
3058 3355 3156 3410 καὶ
3204 3354 3254 3408 οι
3304 3355 3363 3407 ιν
3394 3351 3606 3424 Νικαίᾳ
3632 3357 3744 3419 τιη⁹
3776 3350 3869 3418 ἐξ·

2272 3450 2479 3515 έθεντο,
2511 3448 2608 3503 καὶ
2634 3449 2663 3501 ὁ
2699 3447 2972 3518 μακάριος
3010 3442 3332 3505 Ἀθανάσιος
3354 3481 3369 3509 ,
3406 3440 3504 3495 καὶ
3525 3441 3555 3494 ὁ
3590 3441 3653 3494 ἑν
3678 3439 3862 3508 άγίοις

2270 3540 2575 3614 Κύριλλοςε
2597 3536 3101 3608 άναθεματίξοντες
3165 3534 3348 3589 πᾶσαν
3406 3532 3645 3603 αἵρεσιν,
3676 3530 3776 3601 τήν
3807 3545 3871 3583 τε

2285 3637 2523 3710 Ἀρείου,
2558 3634 2653 3690 καὶ
2682 3631 2973 3702 Εύνομίου,
3003 3628 3100 3684 καὶ
3156 3626 3367 3693 Μάνου,
3397 3626 3495 3680 καὶ
3521 3623 3828 3695 Νεστορίου
3848 3664 3867 3690 ,

2273 3732 2369 3787 καὶ
2400 3729 2509 3784 τῶν
2536 3728 2805 3797 λεγόντων
2837 3723 2898 3793 ἐξ
2923 3720 3158 3796 ούρανοῦ
3192 3721 3293 3793 τήν
3320 3719 3503 3791 σάρκα
3533 3717 3630 3772 τοῦ
3658 3715 3869 3788 Κυρίου

2275 3824 2450 3899 ήμῶν,
2485 3821 2578 3877 καὶ
2598 3819 2673 3891 μὴ
2689 3821 2753 3873 ὲκ
2776 3816 2879 3887 τῆς
2900 3805 3063 3884 ἁγίας
3078 3802 3343 3867 Θεοτόκου
3364 3810 3460 3864 καὶ
3475 3804 3868 3899 ’Δειπαρθένου

2273 3897 2518 3988 Μαρίας,
2548 3909 2671 3967 καθ’
2698 3908 2996 3981 ὁμοιότητα
3029 3904 3249 3959 πάντων
3270 3901 3453 3973 ήμῶν,
3482 3898 3656 3971 χωρὶς
3680 3897 3870 3969 άμαρ-

2273 4009 2415 4073 τίας.
2438 4005 2652 4068 Πάντες
2675 4004 2723 4056 οἱ
2755 4002 2852 4071 τῆς
2886 3998 3111 4053 συνόδου
3140 3994 3454 4066 ἀνέκραξαν
3483 3991 3764 4061 λέγοντες·
3794 3990 3872 4043 Τό

2272 4102 2453 4171 δόγμα
2478 4094 2756 4168 Εὐτυχοῦς
2781 4091 2927 4148 διατί
2959 4091 3035 4162 μὴ
3064 4088 3471 4158 ἀνεθεμάτισαν
3500 4102 3515 4153 ;
3552 4087 3619 4156 τῇ
3649 4084 3874 4136 ἐπιστο-

2272 4195 2338 4267 λῇ
2370 4191 2601 4253 Λέοντος
2634 4184 3063 4257 ὑπογράψωσιν,
3095 4176 3598 4251 άναθεματίζοντες
3630 4174 3877 4267 Εὐτυχετ

2274 4266 2370 4343 καὶ
2423 4286 2538 4348 τοῖς
2591 4281 2860 4352 δόγμασιν
2922 4272 3090 4330 αὐτοῦ
3114 4288 3129 4305 ·
3169 4270 3474 4327 συνθῶνται
3504 4270 3571 4339 τῇ
3603 4266 3873 4339 ἐπιστολῇ

2270 4377 2522 4439 Λέοντος·
2554 4369 2819 4444 χλευάσαι
2840 4367 2988 4439 ἡμᾶς
3019 4364 3270 4419 θέλουσιν
3294 4361 3388 4415 καί⁵
3414 4358 3695 4414 ἀπελθεῖν.
3720 4357 3872 4427 Πρὸς

2275 4469 2314 4525 ά
2335 4466 2556 4539 διῆλθον
2582 4464 2633 4519 οἱ
2661 4461 2723 4527 ἐξ
2750 4458 3038 4529 Αἰγύπτου
3066 4453 3387 4519 ιπίσκοποι,
3418 4451 3495 4515 ὡς
3525 4448 3717 4503 πολλοί⁸
3740 4460 3871 4516 τυγ-

583 4546 894 4603 doctrinam
920 4548 1041 4618 ejus
1068 4566 1080 4603 :
1107 4549 1455 4605 consentiant
1478 4548 1725 4621 epistolae
1763 4552 1999 4623 Leonis;
2042 4557 2170 4615 illu-

2278 4536 2533 4635 χάνουσιν
2566 4558 2617 4610 ol
2638 4555 2697 4608 ὲν
2726 4549 2994 4621 Αἰγύπτῳ
3022 4546 3341 4635 ἐπίσκοποι,
3373 4541 3472 4635 καὶ
3504 4540 3581 4614 μή
3606 4539 3872 4595 δύνασθαι

581 4639 715 4696 dere
761 4640 925 4697 nobis
958 4642 1151 4697 volunt
1192 4650 1249 4698 et
1289 4642 1608 4701 abscedere.
1656 4645 1737 4702 Ad
1773 4647 1891 4704 haec
1922 4650 2171 4722 episeOpi

580 4728 801 4806 Egypti
858 4732 1286 4804 responderunt,
1338 4735 1545 4790 multos
1596 4750 1718 4793 esse
1768 4739 2062 4811 episcopos
2112 4742 2169 4801 in

2277 4633 2341 4709 τὸ
2381 4652 2489 4705 τῶν
2550 4640 3087 4716 ἀπολιμπανομὲνων
3130 4633 3494 4699 ἀναδέξασθαι
3519 4634 3818 4703 πρόσωπον

2280 4745 2377 4802 καὶ
2428 4738 2779 4815 παρεκάλουν
2838 4734 3132 4807 ἀναμεῖναι
3178 4729 3283 4801 τὴν
3320 4725 3539 4781 σύνοδον
3568 4725 3662 4781 τὸν
3687 4723 3871 4780 αὐτῶν

1790 4897 2067 4958 VALESII
2107 4898 2673 4963 ANNOTATIONES.

649 4985 763 5057 (56)
799 4986 940 5056 Περὶ
974 4986 1174 5043 αὐτῶν
1216 4980 1339 5043 τῶν
1370 4989 1631 5046 πάντων.
1677 4992 1905 5051 Rectius
1948 4996 2002 5051 in
2042 5014 2164 5056 ma-

584 5057 886 5142 nuscriptis
910 5058 1199 5142 codicibus
1226 5060 1547 5142 Florentino
1589 5071 1647 5118 et
1678 5064 1991 5142 Telleriano
2023 5069 2162 5142 legi-

587 5130 679 5180 tur
706 5128 818 5181 τῶν
862 5128 1045 5183 πέντε.
1097 5128 1385 5198 Quomodo
1438 5132 1603 5187 ctiam
1648 5134 1919 5205 scriptum
1969 5150 2057 5194 est
2078 5128 2164 5196 Vin

2272 5000 2489 5058 actione
2542 5005 2741 5070 quarta
2782 4989 2980 5067 synodi
3023 4983 3289 5046 Chalced.
3332 4997 3458 5057 pag.
3490 4979 3621 5044 2'52,
3648 4989 3868 5033 necnon

2274 5072 2421 5145 apud
2447 5069 2843 5140 Nicephorum.

2008 5273 2406 5337 VARIORUM.

653 5360 732 5447 (ᾳ)
767 5362 921 5447 Τοὺς
948 5362 1421 5447 ὐπργράψαχτας
1471 5362 1549 5434 τῇ
1579 5365 1933 5447 συννοῶ)δρ
1951 5378 2161 5447 est,_qu

2296 5372 2583 5447 Congilior.
2611 5368 2958 5447 edit._Lahh.
2984 5382 3110 5440 pag.
3142 5364 3303 5447 1475.
3324 5361 3449 5445 Leo
3482 5357 3867 5447 saepe;th-

584 5433 835 5507 epistola:
878 5434 1080 5489 Leonis
1125 5434 1195 5488 ad
1243 5433 1563 5507 Flavianum
1629 5438 1801 5507 episc.
1852 5439 1958 5495 CP.
2006 5433 2189 5497 missae
2297 5452 2388 5499 tur
2414 5445 2608 5500 Patres
2634 5433 3141 5500 Chalcedoneitsés,
3164 5446 3233 5507 ut
3259 5433 3421 5507 venia
3443 5433 3724 5507 episcopi§
3747 5444 3869 5507 βοε-

588 5503 1067 5579 suhscrjpserunt,
1082 5572 1093 5579 _
1108 5512 1168 5557 ut
1193 5505 1581 5579 antecedentia
1603 5503 1973 5579 etsequentja
1998 5520 2189 5566 osten-

2294 5498 2606 5569 nitentibus
2652 5510 3075 5567 concederetur.
3130 5498 3260 5563 ‘Vid.
3318 5498 3494 5575 epist:
3516 5500 3606 5569 59,
3641 5498 3867 5572 εομιθ.

588 5573 751 5659 dunt.
785 5572 1045 5659 intellige
1080 5572 1219 5629 istos
1265 5574 1585 5659 .episcgpos,
1613 5578 1728 5659 .qui
1763 5572 2031 5659 'quamyis
2072 5597 2181 5649 prae
2280 5583 2370 5659 w.
2400 5583 2621 5659 Lowrn.
2697 5618 2731 5659 ,η

587 5651 739 5699 metu
800 5644 1077 5719 Dioscori_
1121 5644 1358 5719 concilip
1422 5644 1705 5719 Ephesino
1754 5644 2181 5719 assentirentur,

586 5722 779 5782 postea
829 5714 1011 5769 tdmcn
1064 5713 1120 5768 in
1164 5713 1385 5785 synodo
1426 5713 1740 5785 CPolitana,
1793 5718 1864 5773 ab
1922 5713 2179 5776 Anatolio

586 5792 918 5861 congregata
949 5798 1096 5838 anno
1119 5784 1249 5861 4:50,
1300 5784 1548 5855 epistola:
1587 5784 1790 5861 Leonis
1834 5790 2179 5861 subscripse-

582 5853 732 5909 rant’.
768 5853 944 5925 Hujus
987 5854 1182 5926 synodi
1222 5853 1532 5928 frag—menta
1572 5858 1766 5927 videre
1812 5868 1897 5917 est
1941 5853 2073 5917 ιοιηῖ
2106 5861 2177 5917 ill

2353 5652 2423 5732 (ε)
2455 5638 2836 5732 ίἊ-τηοούιξης
2854 5650 2957 5732 ριαὲ
2986 5648 3098 5717 τῆς
3127 5644 3451 5732 ﬂamma
3464 5638 3741 5732 “983E179

2280 5711 2470 5790 ἠιίὥν.
2506 5711 3087 5795 Εῗρίεοορί’ἰ]ἱιτιὶι·ιιώ’
3126 5719 3181 5774 in
3221 5716 3462 5795 secunda
3511 5712 3732 5795 actione

2278 5780 2679 5862 convenerunt,
2712 5780 2855 5851 'cum
2903 5792 3205 5849 Dioscorus
3247 5786 3536 5859 depositus
3575 5789 3743 5840 esset.
3775 5780 3871 5838 W.

2276 5862 2497 5921 Lowrn.
