  <div class='ocr_page' id='page_1' title='image "/cluster/home/n/w/nwhite01/storage/ocr_20150623/88 pt.2/uva.x004575615/438.png"; bbox 0 0 4108 6472; ppageno 0'>
   <div class='ocr_carea' id='block_1_1' title="bbox 187 376 329 444">
    <p class='ocr_par' dir='ltr' id='par_1_1' title="bbox 187 376 329 444">
     <span class='ocr_line' id='line_1_1' title="bbox 187 376 329 444; baseline 0 -2"><span class='ocrx_word' id='word_1_1' title='bbox 187 376 329 444; x_wconf 78' lang='lat'><strong>2581</strong></span> 
     </span>
    </p>
   </div>
   <div class='ocr_carea' id='block_1_2' title="bbox 1174 384 2586 460">
    <p class='ocr_par' dir='ltr' id='par_1_2' title="bbox 1174 384 2586 460">
     <span class='ocr_line' id='line_1_2' title="bbox 1174 384 2586 460; baseline 0.01 -15"><span class='ocrx_word' id='word_1_2' title='bbox 1174 384 1561 450; x_wconf 61' lang='lat' dir='ltr'><strong>HISTORIzE</strong></span> <span class='ocrx_word' id='word_1_3' title='bbox 1598 389 2192 457; x_wconf 68' lang='lat' dir='ltr'><strong>ECCLESIASTICIE</strong></span> <span class='ocrx_word' id='word_1_4' title='bbox 2232 398 2465 460; x_wconf 82' lang='lat' dir='ltr'><strong>LIBER</strong></span> <span class='ocrx_word' id='word_1_5' title='bbox 2502 400 2586 459; x_wconf 83' lang='lat' dir='ltr'><strong>II.</strong></span> 
     </span>
    </p>
   </div>
   <div class='ocr_carea' id='block_1_3' title="bbox 3348 401 3493 468">
    <p class='ocr_par' dir='ltr' id='par_1_3' title="bbox 3348 401 3493 468">
     <span class='ocr_line' id='line_1_3' title="bbox 3348 401 3493 468; baseline 0.014 -3"><span class='ocrx_word' id='word_1_6' title='bbox 3348 401 3493 468; x_wconf 68' lang='lat'><strong>2582</strong></span> 
     </span>
    </p>
   </div>
   <div class='ocr_carea' id='block_1_4' title="bbox 189 490 1805 581">
    <p class='ocr_par' dir='ltr' id='par_1_4' title="bbox 189 490 1794 573">
     <span class='ocr_line' id='line_1_4' title="bbox 189 490 1794 573; baseline 0.007 -29"><span class='ocrx_word' id='word_1_7' title='bbox 189 490 668 561; x_wconf 79' lang='grc' dir='ltr'>ἀρχιεπῑσκοπον,</span> <span class='ocrx_word' id='word_1_8' title='bbox 706 490 793 546; x_wconf 79' lang='grc' dir='ltr'>ἵνα</span> <span class='ocrx_word' id='word_1_9' title='bbox 820 493 882 565; x_wconf 78' lang='grc' dir='ltr'>τῇ</span> <span class='ocrx_word' id='word_1_10' title='bbox 912 492 1111 569; x_wconf 77' lang='grc' dir='ltr'>γνώμῃ</span> <span class='ocrx_word' id='word_1_11' title='bbox 1151 496 1366 553; x_wconf 77' lang='grc' dir='ltr'>ἐκείνου</span> <span class='ocrx_word' id='word_1_12' title='bbox 1410 500 1794 573; x_wconf 74' lang='grc' dir='ltr'>ἀκολουθήσω-</span> 
     </span>
    </p>
   </div>
   <div class='ocr_carea' id='block_1_5' title="bbox 1908 490 3497 581">
    <p class='ocr_par' dir='ltr' id='par_1_5' title="bbox 1908 504 3497 581">
     <span class='ocr_line' id='line_1_5' title="bbox 1908 504 3497 581; baseline 0.006 -23"><span class='ocrx_word' id='word_1_13' title='bbox 1908 504 2154 577; x_wconf 59' lang='grc' dir='ltr'>(Εεγριυ,</span> <span class='ocrx_word' id='word_1_14' title='bbox 2173 521 2277 563; x_wconf 90' lang='lat' dir='ltr'><strong>nec</strong></span> <span class='ocrx_word' id='word_1_15' title='bbox 2306 523 2468 578; x_wconf 83' lang='lat' dir='ltr'><strong>posse</strong></span> <span class='ocrx_word' id='word_1_16' title='bbox 2494 523 2553 564; x_wconf 83' lang='lat' dir='ltr'><strong>se</strong></span> <span class='ocrx_word' id='word_1_17' title='bbox 2582 508 2831 564; x_wconf 90' lang='lat' dir='ltr'><strong>omnium</strong></span> <span class='ocrx_word' id='word_1_18' title='bbox 2870 523 3165 581; x_wconf 82' lang='lat' dir='ltr'><strong>personam</strong></span> <span class='ocrx_word' id='word_1_19' title='bbox 3194 512 3497 575; x_wconf 77' lang='lat' dir='ltr'><strong>sustinere,</strong></span> 
     </span>
    </p>
   </div>
   <div class='ocr_carea' id='block_1_6' title="bbox 192 580 1797 664">
    <p class='ocr_par' dir='ltr' id='par_1_6' title="bbox 192 580 1797 664">
     <span class='ocr_line' id='line_1_6' title="bbox 192 580 1797 664; baseline 0.009 -30"><span class='ocrx_word' id='word_1_20' title='bbox 192 598 297 647; x_wconf 84' lang='grc' dir='ltr'>σιν,</span> <span class='ocrx_word' id='word_1_21' title='bbox 325 580 407 645; x_wconf 84' lang='grc' dir='ltr'><strong>ὡς</strong></span> <span class='ocrx_word' id='word_1_22' title='bbox 442 583 511 636; x_wconf 71' lang='grc' dir='ltr'><strong>τὸ</strong></span> <span class='ocrx_word' id='word_1_23' title='bbox 540 581 662 646; x_wconf 72' lang='grc' dir='ltr'>ἔθος</span> <span class='ocrx_word' id='word_1_24' title='bbox 695 582 965 653; x_wconf 81' lang='grc' dir='ltr'>βούλεται.</span> <span class='ocrx_word' id='word_1_25' title='bbox 1004 586 1133 642; x_wconf 74' lang='grc' dir='ltr'><strong>Ἐὰν</strong></span> <span class='ocrx_word' id='word_1_26' title='bbox 1156 588 1266 661; x_wconf 80' lang='grc' dir='ltr'><strong>γὰρ</strong></span> <span class='ocrx_word' id='word_1_27' title='bbox 1289 591 1395 662; x_wconf 73' lang='grc' dir='ltr'><strong>πρὸ</strong></span> <span class='ocrx_word' id='word_1_28' title='bbox 1420 593 1517 663; x_wconf 78' lang='grc' dir='ltr'>τῆς</span> <span class='ocrx_word' id='word_1_29' title='bbox 1539 592 1634 646; x_wconf 73' lang='grc' dir='ltr'>τοῦ</span> <span class='ocrx_word' id='word_1_30' title='bbox 1669 596 1797 664; x_wconf 79' lang='grc' dir='ltr'>ἡγε-</span> 
     </span>
    </p>
   </div>
   <div class='ocr_carea' id='block_1_7' title="bbox 195 672 1797 754">
    <p class='ocr_par' dir='ltr' id='par_1_7' title="bbox 195 672 1797 754">
     <span class='ocr_line' id='line_1_7' title="bbox 195 672 1797 754; baseline 0.009 -30"><span class='ocrx_word' id='word_1_31' title='bbox 195 672 537 741; x_wconf 84' lang='grc' dir='ltr'>μονεύοντος</span> <span class='ocrx_word' id='word_1_32' title='bbox 588 674 863 747; x_wconf 73' lang='grc' dir='ltr'>προϐολῆς</span> <span class='ocrx_word' id='word_1_33' title='bbox 894 678 1171 749; x_wconf 78' lang='grc' dir='ltr'><strong>ποιήσωσι</strong></span> <span class='ocrx_word' id='word_1_34' title='bbox 1209 697 1284 744; x_wconf 88' lang='grc' dir='ltr'><strong>τι,</strong></span> <span class='ocrx_word' id='word_1_35' title='bbox 1321 682 1659 754; x_wconf 69' lang='grc' dir='ltr'><strong>ἐπέρχεσθαι</strong></span> <span class='ocrx_word' id='word_1_36' title='bbox 1699 685 1797 738; x_wconf 80' lang='grc' dir='ltr'><strong>αὖ·</strong></span> 
     </span>
    </p>
   </div>
   <div class='ocr_carea' id='block_1_8' title="bbox 190 761 1797 841">
    <p class='ocr_par' dir='ltr' id='par_1_8' title="bbox 190 761 1797 841">
     <span class='ocr_line' id='line_1_8' title="bbox 190 761 1797 841; baseline 0.013 -32"><span class='ocrx_word' id='word_1_37' title='bbox 190 762 303 822; x_wconf 82' lang='grc' dir='ltr'>τοῖς</span> <span class='ocrx_word' id='word_1_38' title='bbox 338 761 473 824; x_wconf 79' lang='grc' dir='ltr'>τοὺς</span> <span class='ocrx_word' id='word_1_39' title='bbox 507 762 618 817; x_wconf 79' lang='grc' dir='ltr'><strong>ἀπὸ</strong></span> <span class='ocrx_word' id='word_1_40' title='bbox 662 764 844 835; x_wconf 71' lang='grc' dir='ltr'>πάσης</span> <span class='ocrx_word' id='word_1_41' title='bbox 892 766 992 837; x_wconf 83' lang='grc' dir='ltr'>τῆς</span> <span class='ocrx_word' id='word_1_42' title='bbox 1031 768 1417 841; x_wconf 81' lang='grc' dir='ltr'><strong>Αἰγυπτιακῆς</strong></span> <span class='ocrx_word' id='word_1_43' title='bbox 1448 772 1797 841; x_wconf 73' lang='grc' dir='ltr'><strong>διοικήσεως.</strong></span> 
     </span>
    </p>
   </div>
   <div class='ocr_carea' id='block_1_9' title="bbox 192 851 1800 937">
    <p class='ocr_par' dir='ltr' id='par_1_9' title="bbox 192 851 1800 937">
     <span class='ocr_line' id='line_1_9' title="bbox 192 851 1800 937; baseline 0.009 -32"><span class='ocrx_word' id='word_1_44' title='bbox 192 851 308 905; x_wconf 72' lang='grc' dir='ltr'><strong>Καὶ</strong></span> <span class='ocrx_word' id='word_1_45' title='bbox 347 852 535 906; x_wconf 65' lang='grc' dir='ltr'>πολλὰ</span> <span class='ocrx_word' id='word_1_46' title='bbox 563 854 694 926; x_wconf 74' lang='grc' dir='ltr'>περὶ</span> <span class='ocrx_word' id='word_1_47' title='bbox 726 856 931 910; x_wconf 80' lang='grc' dir='ltr'>τούτων</span> <span class='ocrx_word' id='word_1_48' title='bbox 951 858 1279 928; x_wconf 79' lang='grc' dir='ltr'><strong>δεηθέντων,</strong></span> <span class='ocrx_word' id='word_1_49' title='bbox 1309 864 1403 917; x_wconf 77' lang='grc' dir='ltr'>καὶ</span> <span class='ocrx_word' id='word_1_50' title='bbox 1432 864 1541 917; x_wconf 80' lang='grc' dir='ltr'>τῶν</span> <span class='ocrx_word' id='word_1_51' title='bbox 1563 866 1671 919; x_wconf 77' lang='grc' dir='ltr'><strong>ἀπὸ</strong></span> <span class='ocrx_word' id='word_1_52' title='bbox 1699 867 1800 937; x_wconf 85' lang='grc' dir='ltr'>τῆς</span> 
     </span>
    </p>
   </div>
   <div class='ocr_carea' id='block_1_10' title="bbox 193 942 1794 1029">
    <p class='ocr_par' dir='ltr' id='par_1_10' title="bbox 193 942 1794 1029">
     <span class='ocr_line' id='line_1_10' title="bbox 193 942 1794 1029; baseline 0.011 -35"><span class='ocrx_word' id='word_1_53' title='bbox 193 942 425 997; x_wconf 77' lang='grc' dir='ltr'>συνόδου</span> <span class='ocrx_word' id='word_1_54' title='bbox 509 946 656 1015; x_wconf 80' lang='grc' dir='ltr'>μάλα</span> <span class='ocrx_word' id='word_1_55' title='bbox 724 949 963 1019; x_wconf 72' lang='grc' dir='ltr'>ἰσχυρῶς</span> <span class='ocrx_word' id='word_1_56' title='bbox 1005 952 1440 1018; x_wconf 87' lang='grc' dir='ltr'>ἀντιτεινόντων,</span> <span class='ocrx_word' id='word_1_57' title='bbox 1499 956 1794 1029; x_wconf 82' lang='grc' dir='ltr'>διελαλήθη</span> 
     </span>
    </p>
   </div>
   <div class='ocr_carea' id='block_1_11' title="bbox 193 1035 1796 1122">
    <p class='ocr_par' dir='ltr' id='par_1_11' title="bbox 193 1035 1796 1122">
     <span class='ocr_line' id='line_1_11' title="bbox 193 1035 1796 1122; baseline 0.009 -33"><span class='ocrx_word' id='word_1_58' title='bbox 193 1035 496 1107; x_wconf 68' lang='grc' dir='ltr'>ἑνδοθῆναι</span> <span class='ocrx_word' id='word_1_59' title='bbox 549 1041 664 1104; x_wconf 82' lang='grc' dir='ltr'>τοῖς</span> <span class='ocrx_word' id='word_1_60' title='bbox 697 1040 757 1105; x_wconf 75' lang='grc' dir='ltr'><strong>ἐξ</strong></span> <span class='ocrx_word' id='word_1_61' title='bbox 805 1042 1088 1111; x_wconf 78' lang='grc' dir='ltr'><strong>Αἰγύπτου</strong></span> <span class='ocrx_word' id='word_1_62' title='bbox 1142 1045 1469 1112; x_wconf 77' lang='grc' dir='ltr'>ἐπισκόποις</span> <span class='ocrx_word' id='word_1_63' title='bbox 1505 1048 1703 1122; x_wconf 82' lang='grc' dir='ltr'><strong>μέχρις</strong></span> <span class='ocrx_word' id='word_1_64' title='bbox 1733 1042 1796 1104; x_wconf 73' lang='grc' dir='ltr'><strong>οὗ</strong></span> 
     </span>
    </p>
   </div>
   <div class='ocr_carea' id='block_1_12' title="bbox 194 1126 1798 1211">
    <p class='ocr_par' dir='ltr' id='par_1_12' title="bbox 194 1126 1798 1211">
     <span class='ocr_line' id='line_1_12' title="bbox 194 1126 1798 1211; baseline 0.009 -32"><span class='ocrx_word' id='word_1_65' title='bbox 194 1126 647 1198; x_wconf 78' lang='grc' dir='ltr'>ἀρχιεπίσκοπος</span> <span class='ocrx_word' id='word_1_66' title='bbox 726 1132 914 1197; x_wconf 74' lang='grc' dir='ltr'>αὐτοῖς</span> <span class='ocrx_word' id='word_1_67' title='bbox 984 1137 1419 1208; x_wconf 86' lang='grc' dir='ltr'>προχειρισθείη.</span> <span class='ocrx_word' id='word_1_68' title='bbox 1482 1141 1595 1194; x_wconf 76' lang='grc' dir='ltr'><strong>Καὶ</strong></span> <span class='ocrx_word' id='word_1_69' title='bbox 1659 1141 1798 1211; x_wconf 83' lang='grc' dir='ltr'>μετά</span> 
     </span>
    </p>
   </div>
   <div class='ocr_carea' id='block_1_13' title="bbox 194 1218 1802 1303">
    <p class='ocr_par' dir='ltr' id='par_1_13' title="bbox 194 1218 1802 1303">
     <span class='ocr_line' id='line_1_13' title="bbox 194 1218 1802 1303; baseline 0.012 -32"><span class='ocrx_word' id='word_1_70' title='bbox 194 1218 380 1287; x_wconf 76' lang='grc' dir='ltr'>τοῦτο,</span> <span class='ocrx_word' id='word_1_71' title='bbox 407 1222 632 1294; x_wconf 85' lang='grc' dir='ltr'>δεήσεις</span> <span class='ocrx_word' id='word_1_72' title='bbox 664 1224 971 1281; x_wconf 74' lang='grc' dir='ltr'>ἐπεδίδοντό</span> <span class='ocrx_word' id='word_1_73' title='bbox 998 1244 1160 1282; x_wconf 82' lang='grc' dir='ltr'>τινων</span> <span class='ocrx_word' id='word_1_74' title='bbox 1193 1232 1467 1303; x_wconf 84' lang='grc' dir='ltr'>μοναχῶν,</span> <span class='ocrx_word' id='word_1_75' title='bbox 1501 1228 1576 1288; x_wconf 83' lang='grc' dir='ltr'>ὧν</span> <span class='ocrx_word' id='word_1_76' title='bbox 1603 1236 1664 1289; x_wconf 82' lang='grc' dir='ltr'>τὸ</span> <span class='ocrx_word' id='word_1_77' title='bbox 1704 1254 1802 1291; x_wconf 89' lang='grc' dir='ltr'>κε-</span> 
     </span>
    </p>
   </div>
   <div class='ocr_carea' id='block_1_14' title="bbox 198 1309 1802 1390">
    <p class='ocr_par' dir='ltr' id='par_1_14' title="bbox 198 1309 1802 1390">
     <span class='ocr_line' id='line_1_14' title="bbox 198 1309 1802 1390; baseline 0.012 -28"><span class='ocrx_word' id='word_1_78' title='bbox 198 1310 438 1377; x_wconf 72' lang='grc' dir='ltr'>φάλαιον</span> <span class='ocrx_word' id='word_1_79' title='bbox 503 1309 619 1385; x_wconf 76' lang='grc' dir='ltr'>ἦν,</span> <span class='ocrx_word' id='word_1_80' title='bbox 686 1316 955 1386; x_wconf 85' lang='grc' dir='ltr'>μηδαμῶς</span> <span class='ocrx_word' id='word_1_81' title='bbox 1018 1319 1221 1384; x_wconf 79' lang='grc' dir='ltr'>αὐτοὺς</span> <span class='ocrx_word' id='word_1_82' title='bbox 1271 1321 1683 1390; x_wconf 75' lang='grc' dir='ltr'><strong>ἀναγκάζεσθαι</strong></span> <span class='ocrx_word' id='word_1_83' title='bbox 1744 1326 1802 1381; x_wconf 76' lang='grc' dir='ltr'>ἐν</span> 
     </span>
    </p>
   </div>
   <div class='ocr_carea' id='block_1_15' title="bbox 197 1405 1801 1492">
    <p class='ocr_par' dir='ltr' id='par_1_15' title="bbox 197 1405 1801 1492">
     <span class='ocr_line' id='line_1_15' title="bbox 197 1405 1801 1492; baseline 0.011 -38"><span class='ocrx_word' id='word_1_84' title='bbox 197 1420 308 1455; x_wconf 72' lang='grc' dir='ltr'>τισι</span> <span class='ocrx_word' id='word_1_85' title='bbox 358 1405 598 1476; x_wconf 80' lang='grc' dir='ltr'>χάρταις</span> <span class='ocrx_word' id='word_1_86' title='bbox 649 1407 1011 1479; x_wconf 55' lang='grc' dir='ltr'>ὑπογράαειν,</span> <span class='ocrx_word' id='word_1_87' title='bbox 1040 1411 1240 1482; x_wconf 79' lang='grc' dir='ltr'>μέχρις</span> <span class='ocrx_word' id='word_1_88' title='bbox 1281 1412 1349 1467; x_wconf 80' lang='grc' dir='ltr'>ἂν</span> <span class='ocrx_word' id='word_1_89' title='bbox 1380 1416 1801 1492; x_wconf 84' lang='grc' dir='ltr'>συναθροισθείη</span> 
     </span>
    </p>
   </div>
   <div class='ocr_carea' id='block_1_16' title="bbox 196 1496 1805 1582">
    <p class='ocr_par' dir='ltr' id='par_1_16' title="bbox 196 1496 1805 1582">
     <span class='ocr_line' id='line_1_16' title="bbox 196 1496 1805 1582; baseline 0.011 -34"><span class='ocrx_word' id='word_1_90' title='bbox 196 1496 229 1564; x_wconf 83' lang='grc' dir='ltr'><strong>ή</strong></span> <span class='ocrx_word' id='word_1_91' title='bbox 271 1496 504 1563; x_wconf 79' lang='grc' dir='ltr'>σύνοδος</span> <span class='ocrx_word' id='word_1_92' title='bbox 539 1498 656 1571; x_wconf 78' lang='grc'><strong>(57)</strong></span> <span class='ocrx_word' id='word_1_93' title='bbox 692 1501 758 1571; x_wconf 82' lang='grc' dir='ltr'>ἢν</span> <span class='ocrx_word' id='word_1_94' title='bbox 790 1501 1117 1557; x_wconf 82' lang='grc' dir='ltr'>τεθέσπικεν</span> <span class='ocrx_word' id='word_1_95' title='bbox 1144 1504 1173 1558; x_wconf 84' lang='grc' dir='ltr'><strong>δ</strong></span> <span class='ocrx_word' id='word_1_96' title='bbox 1206 1502 1461 1575; x_wconf 83' lang='grc' dir='ltr'>βασιλεὺς</span> <span class='ocrx_word' id='word_1_97' title='bbox 1484 1502 1805 1582; x_wconf 67' lang='grc' dir='ltr'>ἁλισθῆναι,</span> 
     </span>
    </p>
   </div>
   <div class='ocr_carea' id='block_1_17' title="bbox 198 1585 1031 1664">
    <p class='ocr_par' dir='ltr' id='par_1_17' title="bbox 198 1585 1031 1664">
     <span class='ocr_line' id='line_1_17' title="bbox 198 1585 1031 1664; baseline 0.008 -25"><span class='ocrx_word' id='word_1_98' title='bbox 198 1585 294 1641; x_wconf 75' lang='grc' dir='ltr'>καὶ</span> <span class='ocrx_word' id='word_1_99' title='bbox 322 1587 394 1642; x_wconf 73' lang='grc' dir='ltr'>τὰ</span> <span class='ocrx_word' id='word_1_100' title='bbox 426 1591 793 1659; x_wconf 89' lang='grc' dir='ltr'>τετυπωμένα</span> <span class='ocrx_word' id='word_1_101' title='bbox 822 1591 1031 1664; x_wconf 80' lang='grc' dir='ltr'>γνώσῃ.</span> 
     </span>
    </p>
   </div>
   <div class='ocr_carea' id='block_1_18' title="bbox 1898 594 3497 669">
    <p class='ocr_par' dir='ltr' id='par_1_18' title="bbox 1898 594 3497 669">
     <span class='ocr_line' id='line_1_18' title="bbox 1898 594 3497 669; baseline 0.004 -22"><span class='ocrx_word' id='word_1_102' title='bbox 1898 594 2278 664; x_wconf 88' lang='lat' dir='ltr'><strong>rogabantque</strong></span> <span class='ocrx_word' id='word_1_103' title='bbox 2309 603 2371 649; x_wconf 93' lang='lat' dir='ltr'><strong>ut</strong></span> <span class='ocrx_word' id='word_1_104' title='bbox 2420 595 2667 667; x_wconf 86' lang='lat' dir='ltr'><strong>synodus</strong></span> <span class='ocrx_word' id='word_1_105' title='bbox 2706 596 3197 668; x_wconf 83' lang='lat' dir='ltr'><strong>archiepiscopum</strong></span> <span class='ocrx_word' id='word_1_106' title='bbox 3247 600 3497 669; x_wconf 85' lang='lat' dir='ltr'><strong>ipsorum</strong></span> 
     </span>
    </p>
   </div>
   <div class='ocr_carea' id='block_1_19' title="bbox 1897 685 3496 766">
    <p class='ocr_par' dir='ltr' id='par_1_19' title="bbox 1897 685 3496 766">
     <span class='ocr_line' id='line_1_19' title="bbox 1897 685 3496 766; baseline 0.002 -26"><span class='ocrx_word' id='word_1_107' title='bbox 1897 694 2264 755; x_wconf 74' lang='lat' dir='ltr'><strong>exspectaret,</strong></span> <span class='ocrx_word' id='word_1_108' title='bbox 2287 700 2398 755; x_wconf 90' lang='lat' dir='ltr'><strong>quo</strong></span> <span class='ocrx_word' id='word_1_109' title='bbox 2417 685 2522 756; x_wconf 85' lang='lat' dir='ltr'><strong>ipsi</strong></span> <span class='ocrx_word' id='word_1_110' title='bbox 2556 686 2888 743; x_wconf 88' lang='lat' dir='ltr'><strong>sententiam</strong></span> <span class='ocrx_word' id='word_1_111' title='bbox 2918 686 3069 743; x_wconf 91' lang='lat' dir='ltr'><strong>illius</strong></span> <span class='ocrx_word' id='word_1_112' title='bbox 3098 698 3496 766; x_wconf 53' lang='lat' dir='ltr'><strong>sequerentur,</strong></span> 
     </span>
    </p>
   </div>
   <div class='ocr_carea' id='block_1_20' title="bbox 1897 776 3499 847">
    <p class='ocr_par' dir='ltr' id='par_1_20' title="bbox 1897 776 3499 847">
     <span class='ocr_line' id='line_1_20' title="bbox 1897 776 3499 847; baseline 0.001 -15"><span class='ocrx_word' id='word_1_113' title='bbox 1897 776 2061 832; x_wconf 78' lang='lat' dir='ltr'><strong>sicuti</strong></span> <span class='ocrx_word' id='word_1_114' title='bbox 2099 791 2219 831; x_wconf 92' lang='lat' dir='ltr'><strong>mos</strong></span> <span class='ocrx_word' id='word_1_115' title='bbox 2260 778 2525 847; x_wconf 83' lang='lat' dir='ltr'><strong>postulat.</strong></span> <span class='ocrx_word' id='word_1_116' title='bbox 2580 777 2718 834; x_wconf 88' lang='lat' dir='ltr'><strong>Nam</strong></span> <span class='ocrx_word' id='word_1_117' title='bbox 2771 780 2815 833; x_wconf 89' lang='lat' dir='ltr'><strong>si</strong></span> <span class='ocrx_word' id='word_1_118' title='bbox 2867 788 2995 833; x_wconf 92' lang='lat' dir='ltr'><strong>ante</strong></span> <span class='ocrx_word' id='word_1_119' title='bbox 3044 779 3377 836; x_wconf 86' lang='lat' dir='ltr'><strong>electionem</strong></span> <span class='ocrx_word' id='word_1_120' title='bbox 3410 796 3499 835; x_wconf 83' lang='lat' dir='ltr'><strong>ar-</strong></span> 
     </span>
    </p>
   </div>
   <div class='ocr_carea' id='block_1_21' title="bbox 1898 867 3499 943">
    <p class='ocr_par' dir='ltr' id='par_1_21' title="bbox 1898 867 3499 943">
     <span class='ocr_line' id='line_1_21' title="bbox 1898 867 3499 943; baseline 0.002 -20"><span class='ocrx_word' id='word_1_121' title='bbox 1898 867 2238 938; x_wconf 86' lang='lat' dir='ltr'><strong>chiepisc0pi</strong></span> <span class='ocrx_word' id='word_1_122' title='bbox 2284 868 2370 923; x_wconf 92' lang='lat' dir='ltr'><strong>sui</strong></span> <span class='ocrx_word' id='word_1_123' title='bbox 2412 867 2697 939; x_wconf 82' lang='lat' dir='ltr'><strong>quidpiam</strong></span> <span class='ocrx_word' id='word_1_124' title='bbox 2734 869 2999 940; x_wconf 81' lang='lat' dir='ltr'><strong>egissent,</strong></span> <span class='ocrx_word' id='word_1_125' title='bbox 3053 878 3285 927; x_wconf 87' lang='lat' dir='ltr'><strong>cunctos</strong></span> <span class='ocrx_word' id='word_1_126' title='bbox 3330 870 3499 943; x_wconf 66' lang='lat' dir='ltr'><strong>Egy-</strong></span> 
     </span>
    </p>
   </div>
   <div class='ocr_carea' id='block_1_22' title="bbox 1904 959 3500 1033">
    <p class='ocr_par' dir='ltr' id='par_1_22' title="bbox 1904 959 3500 1033">
     <span class='ocr_line' id='line_1_22' title="bbox 1904 959 3500 1033; baseline 0.004 -20"><span class='ocrx_word' id='word_1_127' title='bbox 1904 959 2100 1029; x_wconf 66' lang='lat' dir='ltr'><strong>ptiacee</strong></span> <span class='ocrx_word' id='word_1_128' title='bbox 2126 959 2386 1016; x_wconf 69' lang='lat' dir='ltr'><strong>dimeesis</strong></span> <span class='ocrx_word' id='word_1_129' title='bbox 2420 962 2688 1032; x_wconf 86' lang='lat' dir='ltr'><strong>impetum</strong></span> <span class='ocrx_word' id='word_1_130' title='bbox 2719 961 2775 1016; x_wconf 92' lang='lat' dir='ltr'><strong>in</strong></span> <span class='ocrx_word' id='word_1_131' title='bbox 2806 963 2955 1033; x_wconf 91' lang='lat' dir='ltr'><strong>ipsos</strong></span> <span class='ocrx_word' id='word_1_132' title='bbox 2982 978 3103 1019; x_wconf 68' lang='lat' dir='ltr'><strong>esse</strong></span> <span class='ocrx_word' id='word_1_133' title='bbox 3138 963 3400 1019; x_wconf 84' lang='lat' dir='ltr'><strong>facturos.</strong></span> <span class='ocrx_word' id='word_1_134' title='bbox 3431 966 3500 1020; x_wconf 82' lang='lat' dir='ltr'><strong>Et</strong></span> 
     </span>
    </p>
   </div>
   <div class='ocr_carea' id='block_1_23' title="bbox 1906 1050 3495 1125">
    <p class='ocr_par' dir='ltr' id='par_1_23' title="bbox 1906 1050 3495 1125">
     <span class='ocr_line' id='line_1_23' title="bbox 1906 1050 3495 1125; baseline 0.003 -20"><span class='ocrx_word' id='word_1_135' title='bbox 1906 1065 2037 1105; x_wconf 87' lang='lat' dir='ltr'><strong>cum</strong></span> <span class='ocrx_word' id='word_1_136' title='bbox 2068 1050 2162 1106; x_wconf 90' lang='lat' dir='ltr'><strong>diu</strong></span> <span class='ocrx_word' id='word_1_137' title='bbox 2190 1052 2535 1124; x_wconf 85' lang='lat' dir='ltr'><strong>multumque</strong></span> <span class='ocrx_word' id='word_1_138' title='bbox 2568 1054 2736 1123; x_wconf 82' lang='lat' dir='ltr'><strong>hujus</strong></span> <span class='ocrx_word' id='word_1_139' title='bbox 2758 1054 2839 1109; x_wconf 90' lang='lat' dir='ltr'><strong>rei</strong></span> <span class='ocrx_word' id='word_1_140' title='bbox 2858 1070 3024 1109; x_wconf 87' lang='lat' dir='ltr'><strong>causa</strong></span> <span class='ocrx_word' id='word_1_141' title='bbox 3051 1055 3261 1125; x_wconf 82' lang='lat' dir='ltr'><strong>precati</strong></span> <span class='ocrx_word' id='word_1_142' title='bbox 3288 1064 3495 1121; x_wconf 85' lang='lat' dir='ltr'><strong>essent,</strong></span> 
     </span>
    </p>
   </div>
   <div class='ocr_carea' id='block_1_24' title="bbox 1906 1142 3499 1213">
    <p class='ocr_par' dir='ltr' id='par_1_24' title="bbox 1906 1142 3499 1213">
     <span class='ocr_line' id='line_1_24' title="bbox 1906 1142 3499 1213; baseline 0.001 -16"><span class='ocrx_word' id='word_1_143' title='bbox 1906 1148 1966 1197; x_wconf 88' lang='lat' dir='ltr'><strong>et</strong></span> <span class='ocrx_word' id='word_1_144' title='bbox 2017 1142 2263 1212; x_wconf 88' lang='lat' dir='ltr'><strong>episcopi</strong></span> <span class='ocrx_word' id='word_1_145' title='bbox 2312 1144 2408 1213; x_wconf 89' lang='lat' dir='ltr'><strong>qui</strong></span> <span class='ocrx_word' id='word_1_146' title='bbox 2460 1144 2515 1199; x_wconf 91' lang='lat' dir='ltr'><strong>in</strong></span> <span class='ocrx_word' id='word_1_147' title='bbox 2546 1144 2785 1200; x_wconf 90' lang='lat' dir='ltr'><strong>concilio</strong></span> <span class='ocrx_word' id='word_1_148' title='bbox 2833 1153 3029 1211; x_wconf 89' lang='lat' dir='ltr'><strong>erant,</strong></span> <span class='ocrx_word' id='word_1_149' title='bbox 3078 1144 3385 1200; x_wconf 82' lang='lat' dir='ltr'><strong>fortissime</strong></span> <span class='ocrx_word' id='word_1_150' title='bbox 3416 1144 3499 1198; x_wconf 90' lang='lat' dir='ltr'><strong>eis</strong></span> 
     </span>
    </p>
   </div>
   <div class='ocr_carea' id='block_1_25' title="bbox 1903 1234 3513 1309">
    <p class='ocr_par' dir='ltr' id='par_1_25' title="bbox 1903 1234 3513 1309">
     <span class='ocr_line' id='line_1_25' title="bbox 1903 1234 3513 1309; baseline 0 -19"><span class='ocrx_word' id='word_1_151' title='bbox 1903 1234 2257 1301; x_wconf 85' lang='lat' dir='ltr'><strong>restitissent,</strong></span> <span class='ocrx_word' id='word_1_152' title='bbox 2286 1252 2386 1305; x_wconf 89' lang='lat' dir='ltr'><strong>per</strong></span> <span class='ocrx_word' id='word_1_153' title='bbox 2414 1235 2895 1299; x_wconf 80' lang='lat' dir='ltr'><strong>interlocutionem</strong></span> <span class='ocrx_word' id='word_1_154' title='bbox 2934 1246 3270 1309; x_wconf 62' lang='lat' dir='ltr'><strong>praeceptum</strong></span> <span class='ocrx_word' id='word_1_155' title='bbox 3296 1244 3401 1301; x_wconf 90' lang='lat' dir='ltr'><strong>est,</strong></span> <span class='ocrx_word' id='word_1_156' title='bbox 3438 1246 3513 1290; x_wconf 65' lang='lat' dir='ltr'><strong>ut&#39;</strong></span> 
     </span>
    </p>
   </div>
   <div class='ocr_carea' id='block_1_26' title="bbox 1905 1327 3499 1401">
    <p class='ocr_par' dir='ltr' id='par_1_26' title="bbox 1905 1327 3499 1401">
     <span class='ocr_line' id='line_1_26' title="bbox 1905 1327 3499 1401; baseline 0.001 -19"><span class='ocrx_word' id='word_1_157' title='bbox 1905 1328 2182 1400; x_wconf 88' lang='lat' dir='ltr'><strong>episcopis</strong></span> <span class='ocrx_word' id='word_1_158' title='bbox 2220 1327 2438 1401; x_wconf 64' lang='lat' dir='ltr'><strong>lEgypti</strong></span> <span class='ocrx_word' id='word_1_159' title='bbox 2485 1329 2677 1385; x_wconf 80' lang='lat' dir='ltr'><strong>dilatio</strong></span> <span class='ocrx_word' id='word_1_160' title='bbox 2707 1330 3095 1401; x_wconf 63' lang='lat' dir='ltr'><strong>consideretur</strong></span> <span class='ocrx_word' id='word_1_161' title='bbox 3134 1328 3499 1399; x_wconf 81' lang='lat' dir='ltr'><strong>quoadusque</strong></span> 
     </span>
    </p>
   </div>
   <div class='ocr_carea' id='block_1_27' title="bbox 1907 1417 3499 1492">
    <p class='ocr_par' dir='ltr' id='par_1_27' title="bbox 1907 1417 3499 1492">
     <span class='ocr_line' id='line_1_27' title="bbox 1907 1417 3499 1492; baseline -0.001 -17"><span class='ocrx_word' id='word_1_162' title='bbox 1907 1419 2199 1475; x_wconf 87' lang='lat' dir='ltr'><strong>ordinatus</strong></span> <span class='ocrx_word' id='word_1_163' title='bbox 2248 1419 2384 1491; x_wconf 89' lang='lat' dir='ltr'><strong>ipsis</strong></span> <span class='ocrx_word' id='word_1_164' title='bbox 2425 1419 2622 1481; x_wconf 80' lang='lat' dir='ltr'><strong>fuisset</strong></span> <span class='ocrx_word' id='word_1_165' title='bbox 2664 1421 3137 1492; x_wconf 85' lang='lat' dir='ltr'><strong>archiepiscopus.</strong></span> <span class='ocrx_word' id='word_1_166' title='bbox 3198 1420 3328 1474; x_wconf 87' lang='lat' dir='ltr'><strong>Post</strong></span> <span class='ocrx_word' id='word_1_167' title='bbox 3378 1417 3499 1473; x_wconf 61' lang='lat' dir='ltr'><strong>bare</strong></span> 
     </span>
    </p>
   </div>
   <div class='ocr_carea' id='block_1_28' title="bbox 1906 1512 3501 1584">
    <p class='ocr_par' dir='ltr' id='par_1_28' title="bbox 1906 1512 3501 1584">
     <span class='ocr_line' id='line_1_28' title="bbox 1906 1512 3501 1584; baseline -0.001 -17"><span class='ocrx_word' id='word_1_168' title='bbox 1906 1512 2106 1569; x_wconf 72' lang='lat' dir='ltr'><strong>oblatae</strong></span> <span class='ocrx_word' id='word_1_169' title='bbox 2138 1520 2269 1569; x_wconf 85' lang='lat' dir='ltr'><strong>sunt</strong></span> <span class='ocrx_word' id='word_1_170' title='bbox 2290 1528 2486 1584; x_wconf 89' lang='lat' dir='ltr'><strong>preces</strong></span> <span class='ocrx_word' id='word_1_171' title='bbox 2513 1514 2877 1584; x_wconf 84' lang='lat' dir='ltr'><strong>quorumdam</strong></span> <span class='ocrx_word' id='word_1_172' title='bbox 2912 1513 3334 1571; x_wconf 88' lang='lat' dir='ltr'><strong>monachorum,</strong></span> <span class='ocrx_word' id='word_1_173' title='bbox 3362 1523 3501 1581; x_wconf 82' lang='lat' dir='ltr'><strong>qua--</strong></span> 
     </span>
    </p>
   </div>
   <div class='ocr_carea' id='block_1_29' title="bbox 1908 1601 3498 1673">
    <p class='ocr_par' dir='ltr' id='par_1_29' title="bbox 1908 1601 3498 1673">
     <span class='ocr_line' id='line_1_29' title="bbox 1908 1601 3498 1673; baseline -0.002 -15"><span class='ocrx_word' id='word_1_174' title='bbox 1908 1620 2031 1659; x_wconf 90' lang='lat' dir='ltr'><strong>rum</strong></span> <span class='ocrx_word' id='word_1_175' title='bbox 2059 1605 2177 1662; x_wconf 64' lang='lat' dir='ltr'><strong>haec</strong></span> <span class='ocrx_word' id='word_1_176' title='bbox 2202 1614 2321 1662; x_wconf 88' lang='lat' dir='ltr'><strong>erat</strong></span> <span class='ocrx_word' id='word_1_177' title='bbox 2346 1621 2579 1672; x_wconf 88' lang='lat' dir='ltr'><strong>summa,</strong></span> <span class='ocrx_word' id='word_1_178' title='bbox 2603 1606 2996 1661; x_wconf 90' lang='lat' dir='ltr'><strong>utnullatenus</strong></span> <span class='ocrx_word' id='word_1_179' title='bbox 3025 1604 3239 1661; x_wconf 89' lang='lat' dir='ltr'><strong>chartis</strong></span> <span class='ocrx_word' id='word_1_180' title='bbox 3266 1601 3498 1673; x_wconf 82' lang='lat' dir='ltr'><strong>quibus-</strong></span> 
     </span>
    </p>
   </div>
   <div class='ocr_carea' id='block_1_30' title="bbox 196 1682 3473 1774">
    <p class='ocr_par' dir='ltr' id='par_1_30' title="bbox 196 1682 3473 1774">
     <span class='ocr_line' id='line_1_30' title="bbox 196 1682 3473 1774; baseline 0.005 -38"><span class='ocrx_word' id='word_1_181' title='bbox 196 1682 323 1737; x_wconf 86' lang='lat' dir='ltr'><strong>dam</strong></span> <span class='ocrx_word' id='word_1_182' title='bbox 373 1684 734 1741; x_wconf 85' lang='lat' dir='ltr'><strong>subscribere</strong></span> <span class='ocrx_word' id='word_1_183' title='bbox 764 1699 1118 1759; x_wconf 78' lang='lat' dir='ltr'><strong>cogerentur,</strong></span> <span class='ocrx_word' id='word_1_184' title='bbox 1147 1692 1330 1762; x_wconf 83' lang='lat' dir='ltr'><strong>quoad</strong></span> <span class='ocrx_word' id='word_1_185' title='bbox 1365 1708 1540 1765; x_wconf 88' lang='lat' dir='ltr'><strong>usque</strong></span> <span class='ocrx_word' id='word_1_186' title='bbox 1589 1710 1923 1770; x_wconf 83' lang='lat' dir='ltr'><strong>congregata</strong></span> <span class='ocrx_word' id='word_1_187' title='bbox 1957 1709 2107 1757; x_wconf 91' lang='lat' dir='ltr'><strong>esset</strong></span> <span class='ocrx_word' id='word_1_188' title='bbox 2137 1702 2383 1774; x_wconf 77' lang='lat' dir='ltr'><strong>synodus</strong></span> <span class='ocrx_word' id='word_1_189' title='bbox 2406 1718 2571 1773; x_wconf 87' lang='lat' dir='ltr'><strong>quam</strong></span> <span class='ocrx_word' id='word_1_190' title='bbox 2634 1701 2911 1757; x_wconf 79' lang='lat' dir='ltr'><strong>indixerat</strong></span> <span class='ocrx_word' id='word_1_191' title='bbox 2972 1702 3273 1773; x_wconf 87' lang='lat' dir='ltr'><strong>imperator</strong></span> <span class='ocrx_word' id='word_1_192' title='bbox 3323 1706 3378 1753; x_wconf 87' lang='lat' dir='ltr'><strong>et</strong></span> <span class='ocrx_word' id='word_1_193' title='bbox 3410 1711 3473 1754; x_wconf 87' lang='lat' dir='ltr'><strong>ea</strong></span> 
     </span>
    </p>
   </div>
   <div class='ocr_carea' id='block_1_31' title="bbox 197 1775 1243 1849">
    <p class='ocr_par' dir='ltr' id='par_1_31' title="bbox 197 1775 1243 1849">
     <span class='ocr_line' id='line_1_31' title="bbox 197 1775 1243 1849; baseline 0.007 -20"><span class='ocrx_word' id='word_1_194' title='bbox 197 1789 321 1844; x_wconf 86' lang='lat' dir='ltr'><strong>quae</strong></span> <span class='ocrx_word' id='word_1_195' title='bbox 348 1775 839 1844; x_wconf 28' lang='lat' dir='ltr'><strong>sancita‘fuerant,</strong></span> <span class='ocrx_word' id='word_1_196' title='bbox 866 1791 1243 1849; x_wconf 79' lang='lat' dir='ltr'><strong>cognosceret.</strong></span> 
     </span>
    </p>
   </div>
   <div class='ocr_carea' id='block_1_32' title="bbox 267 1863 1805 1952">
    <p class='ocr_par' dir='ltr' id='par_1_32' title="bbox 267 1863 1792 1944">
     <span class='ocr_line' id='line_1_32' title="bbox 267 1863 1792 1944; baseline 0.007 -23"><span class='ocrx_word' id='word_1_197' title='bbox 267 1863 373 1922; x_wconf 80' lang='grc' dir='ltr'>Ὧν</span> <span class='ocrx_word' id='word_1_198' title='bbox 404 1869 885 1938; x_wconf 75' lang='grc' dir='ltr'>ἀναγνωσθεισῶν,</span> <span class='ocrx_word' id='word_1_199' title='bbox 918 1873 1179 1944; x_wconf 81' lang='grc' dir='ltr'>Διογένης</span> <span class='ocrx_word' id='word_1_200' title='bbox 1207 1875 1510 1940; x_wconf 75' lang='grc' dir='ltr'>ἐπίσκοπος</span> <span class='ocrx_word' id='word_1_201' title='bbox 1547 1877 1792 1942; x_wconf 73' lang='grc' dir='ltr'>Κυζίκου</span> 
     </span>
    </p>
   </div>
   <div class='ocr_carea' id='block_1_33' title="bbox 1908 1863 3501 1952">
    <p class='ocr_par' dir='ltr' id='par_1_33' title="bbox 1968 1875 3501 1952">
     <span class='ocr_line' id='line_1_33' title="bbox 1968 1875 3501 1952; baseline 0.001 -19"><span class='ocrx_word' id='word_1_202' title='bbox 1968 1878 2068 1933; x_wconf 81' lang='lat' dir='ltr'><strong>His</strong></span> <span class='ocrx_word' id='word_1_203' title='bbox 2114 1877 2395 1941; x_wconf 89' lang='lat' dir='ltr'><strong>recitatis,</strong></span> <span class='ocrx_word' id='word_1_204' title='bbox 2444 1875 2716 1948; x_wconf 82' lang='lat' dir='ltr'><strong>Diogenes</strong></span> <span class='ocrx_word' id='word_1_205' title='bbox 2762 1876 3056 1947; x_wconf 89' lang='lat' dir='ltr'><strong>episcopus</strong></span> <span class='ocrx_word' id='word_1_206' title='bbox 3126 1877 3310 1949; x_wconf 86' lang='lat' dir='ltr'><strong>Cyzici</strong></span> <span class='ocrx_word' id='word_1_207' title='bbox 3359 1880 3501 1952; x_wconf 75' lang='lat' dir='ltr'><strong>dixit</strong></span> 
     </span>
    </p>
   </div>
   <div class='ocr_carea' id='block_1_34' title="bbox 196 1960 1802 2031">
    <p class='ocr_par' dir='ltr' id='par_1_34' title="bbox 196 1960 1802 2031">
     <span class='ocr_line' id='line_1_34' title="bbox 196 1960 1802 2031; baseline 0.007 -18"><span class='ocrx_word' id='word_1_208' title='bbox 196 1960 473 2031; x_wconf 77' lang='grc' dir='ltr'>διεξῆλθε,</span> <span class='ocrx_word' id='word_1_209' title='bbox 506 1961 835 2031; x_wconf 80' lang='grc' dir='ltr'>Βαρσουμᾶν</span> <span class='ocrx_word' id='word_1_210' title='bbox 860 1962 961 2016; x_wconf 69' lang='grc' dir='ltr'>ἕνα</span> <span class='ocrx_word' id='word_1_211' title='bbox 987 1963 1096 2017; x_wconf 85' lang='grc' dir='ltr'><strong>τῶν</strong></span> <span class='ocrx_word' id='word_1_212' title='bbox 1115 1965 1476 2021; x_wconf 75' lang='grc' dir='ltr'>συνελθόντων</span> <span class='ocrx_word' id='word_1_213' title='bbox 1502 1967 1802 2025; x_wconf 82' lang='grc' dir='ltr'>Φλαδιανδν</span> 
     </span>
    </p>
   </div>
   <div class='ocr_carea' id='block_1_35' title="bbox 198 2054 1804 2131">
    <p class='ocr_par' dir='ltr' id='par_1_35' title="bbox 198 2054 1804 2131">
     <span class='ocr_line' id='line_1_35' title="bbox 198 2054 1804 2131; baseline 0.006 -24"><span class='ocrx_word' id='word_1_214' title='bbox 198 2054 431 2123; x_wconf 79' lang='grc' dir='ltr'>σφάξαι.</span> <span class='ocrx_word' id='word_1_215' title='bbox 472 2054 649 2109; x_wconf 79' lang='grc' dir='ltr'>Αὐτὸν</span> <span class='ocrx_word' id='word_1_216' title='bbox 675 2054 785 2125; x_wconf 85' lang='grc' dir='ltr'>γὰρ</span> <span class='ocrx_word' id='word_1_217' title='bbox 807 2056 1028 2127; x_wconf 78' lang='grc' dir='ltr'>κράξαι,</span> <span class='ocrx_word' id='word_1_218' title='bbox 1061 2057 1308 2126; x_wconf 76' lang='grc' dir='ltr'><strong>Σςράξον·</strong></span> <span class='ocrx_word' id='word_1_219' title='bbox 1354 2060 1450 2114; x_wconf 78' lang='grc' dir='ltr'>καὶ</span> <span class='ocrx_word' id='word_1_220' title='bbox 1485 2060 1562 2131; x_wconf 87' lang='grc' dir='ltr'>μὴ</span> <span class='ocrx_word' id='word_1_221' title='bbox 1617 2062 1804 2130; x_wconf 75' lang='grc' dir='ltr'>ἐγκεί-</span> 
     </span>
    </p>
   </div>
   <div class='ocr_carea' id='block_1_36' title="bbox 201 2138 1799 2223">
    <p class='ocr_par' dir='ltr' id='par_1_36' title="bbox 201 2138 1799 2223">
     <span class='ocr_line' id='line_1_36' title="bbox 201 2138 1799 2223; baseline 0.007 -27"><span class='ocrx_word' id='word_1_222' title='bbox 201 2162 368 2214; x_wconf 81' lang='grc' dir='ltr'>μενον</span> <span class='ocrx_word' id='word_1_223' title='bbox 384 2147 512 2208; x_wconf 83' lang='grc' dir='ltr'>ταϊς</span> <span class='ocrx_word' id='word_1_224' title='bbox 533 2144 775 2215; x_wconf 85' lang='grc' dir='ltr'>δεήσεσι,</span> <span class='ocrx_word' id='word_1_225' title='bbox 802 2146 960 2217; x_wconf 75' lang='grc' dir='ltr'>παρὰ</span> <span class='ocrx_word' id='word_1_226' title='bbox 994 2146 1055 2201; x_wconf 76' lang='grc' dir='ltr'>τὸ</span> <span class='ocrx_word' id='word_1_227' title='bbox 1085 2147 1208 2203; x_wconf 82' lang='grc' dir='ltr'>δέον</span> <span class='ocrx_word' id='word_1_228' title='bbox 1223 2138 1330 2221; x_wconf 50' lang='grc' dir='ltr'>’τῆς</span> <span class='ocrx_word' id='word_1_229' title='bbox 1359 2151 1566 2205; x_wconf 76' lang='grc' dir='ltr'>εἰσόδου</span> <span class='ocrx_word' id='word_1_230' title='bbox 1591 2156 1799 2223; x_wconf 82' lang='grc' dir='ltr'><strong>τυχεῖν.</strong></span> 
     </span>
    </p>
   </div>
   <div class='ocr_carea' id='block_1_37' title="bbox 199 2230 1805 2314">
    <p class='ocr_par' dir='ltr' id='par_1_37' title="bbox 199 2230 1805 2314">
     <span class='ocr_line' id='line_1_37' title="bbox 199 2230 1805 2314; baseline 0.006 -27"><span class='ocrx_word' id='word_1_231' title='bbox 199 2230 296 2299; x_wconf 74' lang='grc' dir='ltr'>Οἷς</span> <span class='ocrx_word' id='word_1_232' title='bbox 330 2235 649 2305; x_wconf 76' lang='grc' dir='ltr'>ἐπεϐόησαν</span> <span class='ocrx_word' id='word_1_233' title='bbox 698 2236 905 2300; x_wconf 82' lang='grc' dir='ltr'>πάντες</span> <span class='ocrx_word' id='word_1_234' title='bbox 930 2239 979 2291; x_wconf 80' lang='grc' dir='ltr'>οἱ</span> <span class='ocrx_word' id='word_1_235' title='bbox 1015 2236 1340 2305; x_wconf 59' lang='grc' dir='ltr'>ἐπίσκοπον</span> <span class='ocrx_word' id='word_1_236' title='bbox 1370 2243 1561 2296; x_wconf 82' lang='grc' dir='ltr'>Πᾶσαν</span> <span class='ocrx_word' id='word_1_237' title='bbox 1602 2244 1805 2314; x_wconf 79' lang='grc' dir='ltr'>Συρίαν</span> 
     </span>
    </p>
   </div>
   <div class='ocr_carea' id='block_1_38' title="bbox 202 2326 1807 2405">
    <p class='ocr_par' dir='ltr' id='par_1_38' title="bbox 202 2326 1807 2405">
     <span class='ocr_line' id='line_1_38' title="bbox 202 2326 1807 2405; baseline 0.005 -25"><span class='ocrx_word' id='word_1_238' title='bbox 202 2327 539 2399; x_wconf 77' lang='grc' dir='ltr'>Βαρσουμᾶς</span> <span class='ocrx_word' id='word_1_239' title='bbox 563 2326 833 2398; x_wconf 78' lang='grc' dir='ltr'>ἠφάνισεν</span> <span class='ocrx_word' id='word_1_240' title='bbox 852 2344 864 2359; x_wconf 85' lang='grc'><strong><em>“</em></strong></span> <span class='ocrx_word' id='word_1_241' title='bbox 903 2331 1190 2401; x_wconf 84' lang='grc' dir='ltr'>ἐπήγαγεν</span> <span class='ocrx_word' id='word_1_242' title='bbox 1219 2333 1354 2403; x_wconf 81' lang='grc' dir='ltr'>ἡμῖν</span> <span class='ocrx_word' id='word_1_243' title='bbox 1383 2332 1590 2403; x_wconf 80' lang='grc' dir='ltr'>χιλίους</span> <span class='ocrx_word' id='word_1_244' title='bbox 1639 2335 1807 2405; x_wconf 63' lang='grc' dir='ltr'>μονάη</span> 
     </span>
    </p>
   </div>
   <div class='ocr_carea' id='block_1_39' title="bbox 201 2418 1806 2497">
    <p class='ocr_par' dir='ltr' id='par_1_39' title="bbox 201 2418 1806 2497">
     <span class='ocr_line' id='line_1_39' title="bbox 201 2418 1806 2497; baseline 0.007 -25"><span class='ocrx_word' id='word_1_245' title='bbox 201 2418 419 2484; x_wconf 79' lang='grc' dir='ltr'>ζοντας.</span> <span class='ocrx_word' id='word_1_246' title='bbox 470 2421 584 2473; x_wconf 75' lang='grc' dir='ltr'><strong>Καὶ</strong></span> <span class='ocrx_word' id='word_1_247' title='bbox 633 2421 921 2485; x_wconf 82' lang='grc' dir='ltr'>διαλαλιᾶς</span> <span class='ocrx_word' id='word_1_248' title='bbox 970 2422 1291 2495; x_wconf 65' lang='grc' dir='ltr'>ἐνεχθείσης</span> <span class='ocrx_word' id='word_1_249' title='bbox 1343 2427 1637 2497; x_wconf 81' lang='grc' dir='ltr'>ἀναμεῖναι</span> <span class='ocrx_word' id='word_1_250' title='bbox 1682 2430 1806 2493; x_wconf 75' lang='grc' dir='ltr'>τοὺς</span> 
     </span>
    </p>
   </div>
   <div class='ocr_carea' id='block_1_40' title="bbox 202 2511 1803 2588">
    <p class='ocr_par' dir='ltr' id='par_1_40' title="bbox 202 2511 1803 2588">
     <span class='ocr_line' id='line_1_40' title="bbox 202 2511 1803 2588; baseline 0.007 -24"><span class='ocrx_word' id='word_1_251' title='bbox 202 2511 646 2583; x_wconf 73' lang='grc' dir='ltr'>συνεληλυθότας</span> <span class='ocrx_word' id='word_1_252' title='bbox 687 2514 787 2585; x_wconf 77' lang='grc' dir='ltr'>τὴν</span> <span class='ocrx_word' id='word_1_253' title='bbox 845 2515 955 2569; x_wconf 82' lang='grc' dir='ltr'><strong>ἀπὸ</strong></span> <span class='ocrx_word' id='word_1_254' title='bbox 1009 2516 1110 2581; x_wconf 77' lang='grc' dir='ltr'>τῆς</span> <span class='ocrx_word' id='word_1_255' title='bbox 1168 2518 1390 2571; x_wconf 82' lang='grc' dir='ltr'>συνόδου</span> <span class='ocrx_word' id='word_1_256' title='bbox 1443 2520 1803 2588; x_wconf 84' lang='grc' dir='ltr'>διατύπωσιν,</span> 
     </span>
    </p>
   </div>
   <div class='ocr_carea' id='block_1_41' title="bbox 203 2603 1798 2679">
    <p class='ocr_par' dir='ltr' id='par_1_41' title="bbox 203 2603 1798 2679">
     <span class='ocr_line' id='line_1_41' title="bbox 203 2603 1798 2679; baseline 0.008 -24"><span class='ocrx_word' id='word_1_257' title='bbox 203 2603 452 2673; x_wconf 70' lang='grc' dir='ltr'>ἠξίωσαν</span> <span class='ocrx_word' id='word_1_258' title='bbox 482 2606 531 2659; x_wconf 81' lang='grc' dir='ltr'>οἱ</span> <span class='ocrx_word' id='word_1_259' title='bbox 559 2606 789 2676; x_wconf 83' lang='grc' dir='ltr'>μοναχοὶ</span> <span class='ocrx_word' id='word_1_260' title='bbox 816 2608 943 2671; x_wconf 79' lang='grc' dir='ltr'>τοὺς</span> <span class='ocrx_word' id='word_1_261' title='bbox 988 2609 1462 2679; x_wconf 75' lang='grc' dir='ltr'>συντεταγμένους</span> <span class='ocrx_word' id='word_1_262' title='bbox 1489 2614 1676 2677; x_wconf 79' lang='grc' dir='ltr'>αὐτοῖς</span> <span class='ocrx_word' id='word_1_263' title='bbox 1712 2615 1798 2667; x_wconf 86' lang='grc' dir='ltr'>λι-</span> 
     </span>
    </p>
   </div>
   <div class='ocr_carea' id='block_1_42' title="bbox 204 2691 1806 2773">
    <p class='ocr_par' dir='ltr' id='par_1_42' title="bbox 204 2691 1806 2773">
     <span class='ocr_line' id='line_1_42' title="bbox 204 2691 1806 2773; baseline 0.008 -27"><span class='ocrx_word' id='word_1_264' title='bbox 204 2694 428 2760; x_wconf 79' lang='grc' dir='ltr'>δέλλους</span> <span class='ocrx_word' id='word_1_265' title='bbox 454 2691 1001 2765; x_wconf 48' lang='grc' dir='ltr'>ἀναγνωσθῆναιῖίω</span> <span class='ocrx_word' id='word_1_266' title='bbox 1024 2698 1189 2771; x_wconf 77' lang='grc' dir='ltr'>μέρος</span> <span class='ocrx_word' id='word_1_267' title='bbox 1217 2701 1325 2772; x_wconf 86' lang='grc' dir='ltr'><strong>ὑπῆ</strong></span> <span class='ocrx_word' id='word_1_268' title='bbox 1338 2704 1557 2773; x_wconf 84' lang='grc' dir='ltr'>ρχε,τὸν</span> <span class='ocrx_word' id='word_1_269' title='bbox 1580 2705 1806 2759; x_wconf 86' lang='grc' dir='ltr'>Διόσκο-</span> 
     </span>
    </p>
   </div>
   <div class='ocr_carea' id='block_1_43' title="bbox 207 2784 1809 2861">
    <p class='ocr_par' dir='ltr' id='par_1_43' title="bbox 207 2784 1809 2861">
     <span class='ocr_line' id='line_1_43' title="bbox 207 2784 1809 2861; baseline 0.008 -23"><span class='ocrx_word' id='word_1_270' title='bbox 207 2800 298 2855; x_wconf 85' lang='grc' dir='ltr'><strong>ρον</strong></span> <span class='ocrx_word' id='word_1_271' title='bbox 315 2784 414 2840; x_wconf 69' lang='grc' dir='ltr'>καὶ</span> <span class='ocrx_word' id='word_1_272' title='bbox 426 2787 553 2850; x_wconf 78' lang='grc' dir='ltr'>τοὺς</span> <span class='ocrx_word' id='word_1_273' title='bbox 566 2789 662 2842; x_wconf 83' lang='grc' dir='ltr'><strong>σὺν</strong></span> <span class='ocrx_word' id='word_1_274' title='bbox 673 2788 823 2859; x_wconf 79' lang='grc' dir='ltr'>αὐτῷ</span> <span class='ocrx_word' id='word_1_275' title='bbox 836 2789 1173 2855; x_wconf 78' lang='grc' dir='ltr'>ἐπισκόπους</span> <span class='ocrx_word' id='word_1_276' title='bbox 1185 2795 1438 2861; x_wconf 86' lang='grc' dir='ltr'>παρεῖναι</span> <span class='ocrx_word' id='word_1_277' title='bbox 1456 2795 1600 2849; x_wconf 87' lang='grc' dir='ltr'>κατὰ</span> <span class='ocrx_word' id='word_1_278' title='bbox 1612 2796 1673 2849; x_wconf 78' lang='grc' dir='ltr'>τὸ</span> <span class='ocrx_word' id='word_1_279' title='bbox 1692 2814 1809 2850; x_wconf 86' lang='grc' dir='ltr'>συν-</span> 
     </span>
    </p>
   </div>
   <div class='ocr_carea' id='block_1_44' title="bbox 204 2870 1809 2950">
    <p class='ocr_par' dir='ltr' id='par_1_44' title="bbox 204 2870 1809 2950">
     <span class='ocr_line' id='line_1_44' title="bbox 204 2870 1809 2950; baseline 0.006 -21"><span class='ocrx_word' id='word_1_280' title='bbox 204 2876 403 2947; x_wconf 76' lang='grc' dir='ltr'>έδριον.</span> <span class='ocrx_word' id='word_1_281' title='bbox 423 2877 569 2949; x_wconf 73' lang='grc' dir='ltr'>Πρὸς</span> <span class='ocrx_word' id='word_1_282' title='bbox 589 2870 947 2950; x_wconf 76' lang='grc' dir='ltr'>δέπεδὸησαν</span> <span class='ocrx_word' id='word_1_283' title='bbox 976 2882 1179 2943; x_wconf 72' lang='grc' dir='ltr'>πάντες</span> <span class='ocrx_word' id='word_1_284' title='bbox 1212 2882 1259 2934; x_wconf 91' lang='grc' dir='ltr'><strong>οί</strong></span> <span class='ocrx_word' id='word_1_285' title='bbox 1294 2882 1617 2938; x_wconf 70' lang='grc' dir='ltr'>ἐπίσκοπον</span> <span class='ocrx_word' id='word_1_286' title='bbox 1652 2887 1809 2939; x_wconf 56' lang='grc' dir='ltr'><strong>Ἀνὰ.</strong></span> 
     </span>
    </p>
   </div>
   <div class='ocr_carea' id='block_1_45' title="bbox 208 2968 1809 3042">
    <p class='ocr_par' dir='ltr' id='par_1_45' title="bbox 208 2968 1809 3042">
     <span class='ocr_line' id='line_1_45' title="bbox 208 2968 1809 3042; baseline 0.007 -21"><span class='ocrx_word' id='word_1_287' title='bbox 208 2968 349 3039; x_wconf 84' lang='grc' dir='ltr'>θεμα</span> <span class='ocrx_word' id='word_1_288' title='bbox 376 2970 677 3041; x_wconf 84' lang='grc' dir='ltr'>Διοσκόρῳ,</span> <span class='ocrx_word' id='word_1_289' title='bbox 698 2972 986 3042; x_wconf 78' lang='grc' dir='ltr'>Διόσκορον</span> <span class='ocrx_word' id='word_1_290' title='bbox 1002 2975 1030 3025; x_wconf 85' lang='grc' dir='ltr'>ὁ</span> <span class='ocrx_word' id='word_1_291' title='bbox 1062 2974 1295 3042; x_wconf 82' lang='grc' dir='ltr'>Χριστὸς</span> <span class='ocrx_word' id='word_1_292' title='bbox 1313 2974 1553 3041; x_wconf 81' lang='grc' dir='ltr'>καθεῖλε,</span> <span class='ocrx_word' id='word_1_293' title='bbox 1587 2978 1809 3042; x_wconf 80' lang='grc' dir='ltr'>τούτους</span> 
     </span>
    </p>
   </div>
   <div class='ocr_carea' id='block_1_46' title="bbox 206 3058 1811 3141">
    <p class='ocr_par' dir='ltr' id='par_1_46' title="bbox 206 3058 1811 3141">
     <span class='ocr_line' id='line_1_46' title="bbox 206 3058 1811 3141; baseline 0.007 -30"><span class='ocrx_word' id='word_1_294' title='bbox 206 3059 309 3123; x_wconf 71' lang='grc' dir='ltr'><strong>ἔξω</strong></span> <span class='ocrx_word' id='word_1_295' title='bbox 340 3060 525 3130; x_wconf 79' lang='grc' dir='ltr'>βάλλε,</span> <span class='ocrx_word' id='word_1_296' title='bbox 543 3058 675 3132; x_wconf 82' lang='grc' dir='ltr'>ἆρον</span> <span class='ocrx_word' id='word_1_297' title='bbox 697 3062 855 3134; x_wconf 75' lang='grc' dir='ltr'>ὓϐριν</span> <span class='ocrx_word' id='word_1_298' title='bbox 874 3065 967 3133; x_wconf 87' lang='grc' dir='ltr'>τῆς</span> <span class='ocrx_word' id='word_1_299' title='bbox 988 3065 1231 3129; x_wconf 85' lang='grc' dir='ltr'>συνόδου,</span> <span class='ocrx_word' id='word_1_300' title='bbox 1247 3061 1380 3134; x_wconf 85' lang='grc' dir='ltr'>ἆρον</span> <span class='ocrx_word' id='word_1_301' title='bbox 1413 3067 1535 3138; x_wconf 87' lang='grc' dir='ltr'>βίαν</span> <span class='ocrx_word' id='word_1_302' title='bbox 1556 3070 1656 3141; x_wconf 82' lang='grc' dir='ltr'>τῆς</span> <span class='ocrx_word' id='word_1_303' title='bbox 1683 3087 1811 3123; x_wconf 87' lang='grc' dir='ltr'>συν-</span> 
     </span>
    </p>
   </div>
   <div class='ocr_carea' id='block_1_47' title="bbox 208 3142 1807 3231">
    <p class='ocr_par' dir='ltr' id='par_1_47' title="bbox 208 3142 1807 3231">
     <span class='ocr_line' id='line_1_47' title="bbox 208 3142 1807 3231; baseline 0.008 -27"><span class='ocrx_word' id='word_1_304' title='bbox 208 3151 351 3206; x_wconf 89' lang='grc' dir='ltr'>όδου.</span> <span class='ocrx_word' id='word_1_305' title='bbox 377 3154 490 3217; x_wconf 86' lang='grc' dir='ltr'><strong>Τὰς</strong></span> <span class='ocrx_word' id='word_1_306' title='bbox 520 3156 704 3223; x_wconf 74' lang='grc' dir='ltr'>φωνὰς</span> <span class='ocrx_word' id='word_1_307' title='bbox 733 3155 810 3225; x_wconf 79' lang='grc' dir='ltr'>τῷ</span> <span class='ocrx_word' id='word_1_308' title='bbox 833 3154 1061 3225; x_wconf 79' lang='grc' dir='ltr'>βασιλεῖ,</span> <span class='ocrx_word' id='word_1_309' title='bbox 1082 3151 1215 3227; x_wconf 84' lang='grc' dir='ltr'>ἆρον</span> <span class='ocrx_word' id='word_1_310' title='bbox 1244 3157 1401 3229; x_wconf 77' lang='grc' dir='ltr'>ὕϐριν</span> <span class='ocrx_word' id='word_1_311' title='bbox 1426 3160 1529 3231; x_wconf 71' lang='grc' dir='ltr'>τῆς</span> <span class='ocrx_word' id='word_1_312' title='bbox 1562 3142 1807 3228; x_wconf 67' lang='grc' dir='ltr'>συνόδου,</span> 
     </span>
    </p>
   </div>
   <div class='ocr_carea' id='block_1_48' title="bbox 1904 1969 3517 2041">
    <p class='ocr_par' dir='ltr' id='par_1_48' title="bbox 1904 1969 3517 2041">
     <span class='ocr_line' id='line_1_48' title="bbox 1904 1969 3517 2041; baseline -0.004 -14"><span class='ocrx_word' id='word_1_313' title='bbox 1904 1969 2249 2036; x_wconf 87' lang='lat' dir='ltr'><strong>Barsumam,</strong></span> <span class='ocrx_word' id='word_1_314' title='bbox 2289 1986 2459 2026; x_wconf 89' lang='lat' dir='ltr'><strong>unum</strong></span> <span class='ocrx_word' id='word_1_315' title='bbox 2506 1986 2573 2025; x_wconf 78' lang='lat' dir='ltr'><strong>ex</strong></span> <span class='ocrx_word' id='word_1_316' title='bbox 2620 1970 2689 2025; x_wconf 92' lang='lat' dir='ltr'><strong>iis</strong></span> <span class='ocrx_word' id='word_1_317' title='bbox 2737 1970 2832 2040; x_wconf 90' lang='lat' dir='ltr'><strong>qui</strong></span> <span class='ocrx_word' id='word_1_318' title='bbox 2884 1970 3119 2041; x_wconf 87' lang='lat' dir='ltr'><strong>ingrcssi</strong></span> <span class='ocrx_word' id='word_1_319' title='bbox 3168 1970 3392 2027; x_wconf 82' lang='lat' dir='ltr'><strong>fuerant</strong></span> <span class='ocrx_word' id='word_1_320' title='bbox 3444 1983 3517 2028; x_wconf 35' lang='lat' dir='ltr'><strong>tn.</strong></span> 
     </span>
    </p>
   </div>
   <div class='ocr_carea' id='block_1_49' title="bbox 1905 2055 3499 2126">
    <p class='ocr_par' dir='ltr' id='par_1_49' title="bbox 1905 2055 3499 2126">
     <span class='ocr_line' id='line_1_49' title="bbox 1905 2055 3499 2126; baseline 0 -9"><span class='ocrx_word' id='word_1_321' title='bbox 1905 2061 2227 2126; x_wconf 89' lang='lat' dir='ltr'><strong>concilium,</strong></span> <span class='ocrx_word' id='word_1_322' title='bbox 2275 2055 2545 2117; x_wconf 82' lang='lat' dir='ltr'><strong>occidisse</strong></span> <span class='ocrx_word' id='word_1_323' title='bbox 2591 2059 2939 2115; x_wconf 82' lang='lat' dir='ltr'><strong>Flavianum.</strong></span> <span class='ocrx_word' id='word_1_324' title='bbox 2984 2059 3143 2114; x_wconf 78' lang='lat' dir='ltr'><strong>illum</strong></span> <span class='ocrx_word' id='word_1_325' title='bbox 3190 2059 3339 2115; x_wconf 88' lang='lat' dir='ltr'><strong>enim</strong></span> <span class='ocrx_word' id='word_1_326' title='bbox 3384 2063 3499 2117; x_wconf 86' lang='lat' dir='ltr'><strong>cla-</strong></span> 
     </span>
    </p>
   </div>
   <div class='ocr_carea' id='block_1_50' title="bbox 1906 2132 3502 2222">
    <p class='ocr_par' dir='ltr' id='par_1_50' title="bbox 1906 2132 3502 2222">
     <span class='ocr_line' id='line_1_50' title="bbox 1906 2132 3502 2222; baseline -0.001 -15"><span class='ocrx_word' id='word_1_327' title='bbox 1906 2168 2124 2209; x_wconf 89' lang='lat' dir='ltr'><strong>masse:</strong></span> <span class='ocrx_word' id='word_1_328' title='bbox 2160 2151 2392 2219; x_wconf 87' lang='lat' dir='ltr'><strong>Occide;</strong></span> <span class='ocrx_word' id='word_1_329' title='bbox 2425 2161 2482 2208; x_wconf 92' lang='lat' dir='ltr'><strong>et</strong></span> <span class='ocrx_word' id='word_1_330' title='bbox 2513 2151 2768 2222; x_wconf 79' lang='lat' dir='ltr'><strong>quamvis</strong></span> <span class='ocrx_word' id='word_1_331' title='bbox 2801 2150 2859 2205; x_wconf 91' lang='lat' dir='ltr'><strong>in</strong></span> <span class='ocrx_word' id='word_1_332' title='bbox 2886 2132 3077 2209; x_wconf 81' lang='lat' dir='ltr'><strong>libello</strong></span> <span class='ocrx_word' id='word_1_333' title='bbox 3122 2167 3352 2221; x_wconf 88' lang='lat' dir='ltr'><strong>precum</strong></span> <span class='ocrx_word' id='word_1_334' title='bbox 3401 2168 3502 2207; x_wconf 84' lang='lat' dir='ltr'><strong>no-</strong></span> 
     </span>
    </p>
   </div>
   <div class='ocr_carea' id='block_1_51' title="bbox 1906 2244 3503 2316">
    <p class='ocr_par' dir='ltr' id='par_1_51' title="bbox 1906 2244 3503 2316">
     <span class='ocr_line' id='line_1_51' title="bbox 1906 2244 3503 2316; baseline -0.001 -16"><span class='ocrx_word' id='word_1_335' title='bbox 1906 2246 2150 2301; x_wconf 89' lang='lat' dir='ltr'><strong>minatus</strong></span> <span class='ocrx_word' id='word_1_336' title='bbox 2199 2260 2312 2301; x_wconf 92' lang='lat' dir='ltr'><strong>non</strong></span> <span class='ocrx_word' id='word_1_337' title='bbox 2358 2245 2462 2311; x_wconf 89' lang='lat' dir='ltr'><strong>sit,</strong></span> <span class='ocrx_word' id='word_1_338' title='bbox 2510 2260 2640 2301; x_wconf 89' lang='lat' dir='ltr'><strong>eum</strong></span> <span class='ocrx_word' id='word_1_339' title='bbox 2692 2248 2877 2300; x_wconf 88' lang='lat' dir='ltr'><strong>tam&#39;en</strong></span> <span class='ocrx_word' id='word_1_340' title='bbox 2926 2254 3123 2299; x_wconf 87' lang='lat' dir='ltr'><strong>contra</strong></span> <span class='ocrx_word' id='word_1_341' title='bbox 3170 2245 3263 2316; x_wconf 90' lang='lat' dir='ltr'><strong>jus</strong></span> <span class='ocrx_word' id='word_1_342' title='bbox 3305 2244 3503 2316; x_wconf 86' lang='lat' dir='ltr'><strong>fasque</strong></span> 
     </span>
    </p>
   </div>
   <div class='ocr_carea' id='block_1_52' title="bbox 1907 2337 3514 2409">
    <p class='ocr_par' dir='ltr' id='par_1_52' title="bbox 1907 2337 3514 2409">
     <span class='ocr_line' id='line_1_52' title="bbox 1907 2337 3514 2409; baseline 0.001 -16"><span class='ocrx_word' id='word_1_343' title='bbox 1907 2339 2312 2409; x_wconf 84' lang='lat' dir='ltr'><strong>introgressum</strong></span> <span class='ocrx_word' id='word_1_344' title='bbox 2339 2353 2483 2393; x_wconf 78' lang='lat' dir='ltr'><strong>esse.</strong></span> <span class='ocrx_word' id='word_1_345' title='bbox 2515 2338 2646 2393; x_wconf 87' lang='lat' dir='ltr'><strong>Post</strong></span> <span class='ocrx_word' id='word_1_346' title='bbox 2668 2338 2786 2393; x_wconf 66' lang='lat' dir='ltr'><strong>haec</strong></span> <span class='ocrx_word' id='word_1_347' title='bbox 2815 2337 2884 2393; x_wconf 90' lang='lat' dir='ltr'><strong>ab</strong></span> <span class='ocrx_word' id='word_1_348' title='bbox 2917 2338 3199 2394; x_wconf 82' lang='lat' dir='ltr'><strong>universis</strong></span> <span class='ocrx_word' id='word_1_349' title='bbox 3219 2337 3514 2409; x_wconf 51' lang='lat' dir='ltr'><strong>episcopis.</strong></span> 
     </span>
    </p>
   </div>
   <div class='ocr_carea' id='block_1_53' title="bbox 1907 2428 3529 2501">
    <p class='ocr_par' dir='ltr' id='par_1_53' title="bbox 1907 2428 3529 2501">
     <span class='ocr_line' id='line_1_53' title="bbox 1907 2428 3529 2501; baseline 0 -16"><span class='ocrx_word' id='word_1_350' title='bbox 1907 2430 2271 2485; x_wconf 84' lang='lat' dir='ltr'><strong>acclamatum</strong></span> <span class='ocrx_word' id='word_1_351' title='bbox 2322 2440 2448 2485; x_wconf 84' lang='lat' dir='ltr'><strong>est:</strong></span> <span class='ocrx_word' id='word_1_352' title='bbox 2501 2428 2717 2501; x_wconf 86' lang='lat' dir='ltr'><strong>Syriam</strong></span> <span class='ocrx_word' id='word_1_353' title='bbox 2754 2444 2974 2485; x_wconf 88' lang='lat' dir='ltr'><strong>omnem</strong></span> <span class='ocrx_word' id='word_1_354' title='bbox 3010 2430 3305 2486; x_wconf 88' lang='lat' dir='ltr'><strong>Barsumas</strong></span> <span class='ocrx_word' id='word_1_355' title='bbox 3335 2429 3529 2485; x_wconf 13' lang='lat' dir='ltr'><strong>deva-i</strong></span> 
     </span>
    </p>
   </div>
   <div class='ocr_carea' id='block_1_54' title="bbox 1908 2520 3504 2589">
    <p class='ocr_par' dir='ltr' id='par_1_54' title="bbox 1908 2520 3504 2589">
     <span class='ocr_line' id='line_1_54' title="bbox 1908 2520 3504 2589; baseline -0.002 -12"><span class='ocrx_word' id='word_1_356' title='bbox 1908 2522 2288 2589; x_wconf 73' lang='lat' dir='ltr'><strong>stavit;1nille</strong></span> <span class='ocrx_word' id='word_1_357' title='bbox 2323 2523 2624 2577; x_wconf 89' lang='lat' dir='ltr'><strong>monachos</strong></span> <span class='ocrx_word' id='word_1_358' title='bbox 2675 2531 2869 2579; x_wconf 89' lang='lat' dir='ltr'><strong>contra</strong></span> <span class='ocrx_word' id='word_1_359' title='bbox 2908 2537 3012 2576; x_wconf 88' lang='lat' dir='ltr'><strong>nos</strong></span> <span class='ocrx_word' id='word_1_360' title='bbox 3044 2521 3296 2577; x_wconf 87' lang='lat' dir='ltr'><strong>immisit.</strong></span> <span class='ocrx_word' id='word_1_361' title='bbox 3334 2520 3504 2578; x_wconf 82' lang='lat' dir='ltr'><strong>Cum-</strong></span> 
     </span>
    </p>
   </div>
   <div class='ocr_carea' id='block_1_55' title="bbox 1907 2612 3502 2684">
    <p class='ocr_par' dir='ltr' id='par_1_55' title="bbox 1907 2612 3502 2684">
     <span class='ocr_line' id='line_1_55' title="bbox 1907 2612 3502 2684; baseline 0 -17"><span class='ocrx_word' id='word_1_362' title='bbox 1907 2629 2017 2684; x_wconf 92' lang='lat' dir='ltr'><strong>que</strong></span> <span class='ocrx_word' id='word_1_363' title='bbox 2066 2615 2280 2683; x_wconf 89' lang='lat' dir='ltr'><strong>prolata</strong></span> <span class='ocrx_word' id='word_1_364' title='bbox 2333 2624 2481 2669; x_wconf 88' lang='lat' dir='ltr'><strong>esset</strong></span> <span class='ocrx_word' id='word_1_365' title='bbox 2536 2612 2919 2677; x_wconf 87' lang='lat' dir='ltr'><strong>interlocutio,</strong></span> <span class='ocrx_word' id='word_1_366' title='bbox 2978 2621 3037 2667; x_wconf 92' lang='lat' dir='ltr'><strong>ut</strong></span> <span class='ocrx_word' id='word_1_367' title='bbox 3090 2612 3345 2668; x_wconf 82' lang='lat' dir='ltr'><strong>monachi</strong></span> <span class='ocrx_word' id='word_1_368' title='bbox 3404 2613 3502 2684; x_wconf 89' lang='lat' dir='ltr'><strong>qui</strong></span> 
     </span>
    </p>
   </div>
   <div class='ocr_carea' id='block_1_56' title="bbox 1910 2703 3499 2774">
    <p class='ocr_par' dir='ltr' id='par_1_56' title="bbox 1910 2703 3499 2774">
     <span class='ocr_line' id='line_1_56' title="bbox 1910 2703 3499 2774; baseline 0.001 -15"><span class='ocrx_word' id='word_1_369' title='bbox 1910 2713 2315 2767; x_wconf 85' lang='lat' dir='ltr'><strong>convenerant,</strong></span> <span class='ocrx_word' id='word_1_370' title='bbox 2363 2704 2744 2761; x_wconf 82' lang='lat' dir='ltr'><strong>deﬁnitionem</strong></span> <span class='ocrx_word' id='word_1_371' title='bbox 2806 2703 3031 2760; x_wconf 87' lang='lat' dir='ltr'><strong>concilii</strong></span> <span class='ocrx_word' id='word_1_372' title='bbox 3077 2714 3499 2774; x_wconf 75' lang='lat' dir='ltr'><strong>exspectarent,</strong></span> 
     </span>
    </p>
   </div>
   <div class='ocr_carea' id='block_1_57' title="bbox 1910 2794 3503 2866">
    <p class='ocr_par' dir='ltr' id='par_1_57' title="bbox 1910 2794 3503 2866">
     <span class='ocr_line' id='line_1_57' title="bbox 1910 2794 3503 2866; baseline 0.001 -16"><span class='ocrx_word' id='word_1_373' title='bbox 1910 2795 2266 2865; x_wconf 81' lang='lat' dir='ltr'><strong>postularunt</strong></span> <span class='ocrx_word' id='word_1_374' title='bbox 2314 2794 2573 2849; x_wconf 86' lang='lat' dir='ltr'><strong>monachi</strong></span> <span class='ocrx_word' id='word_1_375' title='bbox 2604 2804 2664 2849; x_wconf 93' lang='lat' dir='ltr'><strong>ut</strong></span> <span class='ocrx_word' id='word_1_376' title='bbox 2691 2795 2862 2850; x_wconf 89' lang='lat' dir='ltr'><strong>libelli</strong></span> <span class='ocrx_word' id='word_1_377' title='bbox 2911 2795 2981 2849; x_wconf 90' lang='lat' dir='ltr'><strong>ab</strong></span> <span class='ocrx_word' id='word_1_378' title='bbox 3028 2795 3164 2866; x_wconf 88' lang='lat' dir='ltr'><strong>ipsis</strong></span> <span class='ocrx_word' id='word_1_379' title='bbox 3208 2797 3503 2866; x_wconf 86' lang='lat' dir='ltr'><strong>compositi</strong></span> 
     </span>
    </p>
   </div>
   <div class='ocr_carea' id='block_1_58' title="bbox 1911 2886 3506 2956">
    <p class='ocr_par' dir='ltr' id='par_1_58' title="bbox 1911 2886 3506 2956">
     <span class='ocr_line' id='line_1_58' title="bbox 1911 2886 3506 2956; baseline 0.002 -16"><span class='ocrx_word' id='word_1_380' title='bbox 1911 2888 2305 2951; x_wconf 87' lang='lat' dir='ltr'><strong>recitarentur,</strong></span> <span class='ocrx_word' id='word_1_381' title='bbox 2343 2887 2398 2940; x_wconf 90' lang='lat' dir='ltr'><strong>in</strong></span> <span class='ocrx_word' id='word_1_382' title='bbox 2430 2886 2633 2956; x_wconf 85' lang='lat' dir='ltr'><strong>quibus</strong></span> <span class='ocrx_word' id='word_1_383' title='bbox 2681 2887 2786 2941; x_wconf 89' lang='lat' dir='ltr'><strong>hoc</strong></span> <span class='ocrx_word' id='word_1_384' title='bbox 2822 2886 2968 2941; x_wconf 88' lang='lat' dir='ltr'><strong>inter</strong></span> <span class='ocrx_word' id='word_1_385' title='bbox 3007 2896 3206 2942; x_wconf 71' lang='lat' dir='ltr'><strong>caetera</strong></span> <span class='ocrx_word' id='word_1_386' title='bbox 3252 2888 3506 2943; x_wconf 84' lang='lat' dir='ltr'><strong>contine-</strong></span> 
     </span>
    </p>
   </div>
   <div class='ocr_carea' id='block_1_59' title="bbox 1912 2978 3500 3050">
    <p class='ocr_par' dir='ltr' id='par_1_59' title="bbox 1912 2978 3500 3050">
     <span class='ocr_line' id='line_1_59' title="bbox 1912 2978 3500 3050; baseline -0.001 -17"><span class='ocrx_word' id='word_1_387' title='bbox 1912 2978 2105 3045; x_wconf 73' lang='lat' dir='ltr'><strong>batur;</strong></span> <span class='ocrx_word' id='word_1_388' title='bbox 2137 2987 2198 3033; x_wconf 91' lang='lat' dir='ltr'><strong>ut</strong></span> <span class='ocrx_word' id='word_1_389' title='bbox 2230 2979 2527 3035; x_wconf 84' lang='lat' dir='ltr'><strong>Dioscorus</strong></span> <span class='ocrx_word' id='word_1_390' title='bbox 2559 2988 2615 3035; x_wconf 92' lang='lat' dir='ltr'><strong>et</strong></span> <span class='ocrx_word' id='word_1_391' title='bbox 2649 2980 2742 3048; x_wconf 88' lang='lat' dir='ltr'><strong>qui</strong></span> <span class='ocrx_word' id='word_1_392' title='bbox 2774 2994 2897 3034; x_wconf 90' lang='lat' dir='ltr'><strong>cum</strong></span> <span class='ocrx_word' id='word_1_393' title='bbox 2926 2979 3022 3034; x_wconf 90' lang='lat' dir='ltr'><strong>illo</strong></span> <span class='ocrx_word' id='word_1_394' title='bbox 3046 2987 3205 3033; x_wconf 86' lang='lat' dir='ltr'><strong>erant</strong></span> <span class='ocrx_word' id='word_1_395' title='bbox 3231 2980 3500 3050; x_wconf 89' lang='lat' dir='ltr'><strong>episc0pi,</strong></span> 
     </span>
    </p>
   </div>
   <div class='ocr_carea' id='block_1_60' title="bbox 1911 3068 3506 3135">
    <p class='ocr_par' dir='ltr' id='par_1_60' title="bbox 1911 3068 3506 3135">
     <span class='ocr_line' id='line_1_60' title="bbox 1911 3068 3506 3135; baseline 0.001 -12"><span class='ocrx_word' id='word_1_396' title='bbox 1911 3068 2151 3123; x_wconf 91' lang='lat' dir='ltr'><strong>concilio</strong></span> <span class='ocrx_word' id='word_1_397' title='bbox 2186 3068 2542 3123; x_wconf 90' lang='lat' dir='ltr'><strong>interessent.</strong></span> <span class='ocrx_word' id='word_1_398' title='bbox 2589 3068 2805 3135; x_wconf 82' lang='lat' dir='ltr'><strong>Quibus</strong></span> <span class='ocrx_word' id='word_1_399' title='bbox 2840 3069 3067 3134; x_wconf 88' lang='lat' dir='ltr'><strong>auditis,</strong></span> <span class='ocrx_word' id='word_1_400' title='bbox 3124 3069 3506 3124; x_wconf 81' lang='lat' dir='ltr'><strong>exclamarunt</strong></span> 
     </span>
    </p>
   </div>
   <div class='ocr_carea' id='block_1_61' title="bbox 1913 3160 3505 3230">
    <p class='ocr_par' dir='ltr' id='par_1_61' title="bbox 1913 3160 3505 3230">
     <span class='ocr_line' id='line_1_61' title="bbox 1913 3160 3505 3230; baseline 0.001 -15"><span class='ocrx_word' id='word_1_401' title='bbox 1913 3174 2107 3215; x_wconf 91' lang='lat' dir='ltr'><strong>omnes</strong></span> <span class='ocrx_word' id='word_1_402' title='bbox 2157 3160 2443 3230; x_wconf 76' lang='lat' dir='ltr'><strong>episcopi:</strong></span> <span class='ocrx_word' id='word_1_403' title='bbox 2480 3160 2784 3215; x_wconf 85' lang='lat' dir='ltr'><strong>Anatbema</strong></span> <span class='ocrx_word' id='word_1_404' title='bbox 2834 3160 3123 3226; x_wconf 87' lang='lat' dir='ltr'><strong>Dioscoro,</strong></span> <span class='ocrx_word' id='word_1_405' title='bbox 3175 3161 3505 3221; x_wconf 88' lang='lat' dir='ltr'><strong>Dioscorum</strong></span> 
     </span>
    </p>
   </div>
   <div class='ocr_carea' id='block_1_62' title="bbox 211 3239 1805 3325">
    <p class='ocr_par' dir='ltr' id='par_1_62' title="bbox 211 3239 1805 3325">
     <span class='ocr_line' id='line_1_62' title="bbox 211 3239 1805 3325; baseline 0.009 -29"><span class='ocrx_word' id='word_1_406' title='bbox 211 3239 341 3313; x_wconf 84' lang='grc' dir='ltr'>ἆρον</span> <span class='ocrx_word' id='word_1_407' title='bbox 372 3242 564 3315; x_wconf 79' lang='grc' dir='ltr'>αἶσχος</span> <span class='ocrx_word' id='word_1_408' title='bbox 587 3247 686 3316; x_wconf 82' lang='grc' dir='ltr'>τῆς</span> <span class='ocrx_word' id='word_1_409' title='bbox 718 3248 956 3303; x_wconf 76' lang='grc' dir='ltr'>συνόδου.</span> <span class='ocrx_word' id='word_1_410' title='bbox 991 3246 1086 3313; x_wconf 70' lang='grc' dir='ltr'><strong>Οἷς</strong></span> <span class='ocrx_word' id='word_1_411' title='bbox 1125 3252 1518 3317; x_wconf 86' lang='grc' dir='ltr'>ἅντιτείνοντες</span> <span class='ocrx_word' id='word_1_412' title='bbox 1548 3254 1599 3305; x_wconf 83' lang='grc' dir='ltr'>οἱ</span> <span class='ocrx_word' id='word_1_413' title='bbox 1650 3274 1805 3325; x_wconf 86' lang='grc' dir='ltr'>μονα-</span> 
     </span>
    </p>
   </div>
   <div class='ocr_carea' id='block_1_63' title="bbox 1908 3239 3505 3325">
    <p class='ocr_par' dir='ltr' id='par_1_63' title="bbox 1914 3250 3505 3323">
     <span class='ocr_line' id='line_1_63' title="bbox 1914 3250 3505 3323; baseline -0.002 -14"><span class='ocrx_word' id='word_1_414' title='bbox 1914 3252 2173 3309; x_wconf 88' lang='lat' dir='ltr'><strong>Christus</strong></span> <span class='ocrx_word' id='word_1_415' title='bbox 2227 3251 2508 3322; x_wconf 91' lang='lat' dir='ltr'><strong>deposuit,</strong></span> <span class='ocrx_word' id='word_1_416' title='bbox 2545 3251 2679 3306; x_wconf 89' lang='lat' dir='ltr'><strong>istos</strong></span> <span class='ocrx_word' id='word_1_417' title='bbox 2716 3250 2875 3309; x_wconf 86' lang='lat' dir='ltr'><strong>foras</strong></span> <span class='ocrx_word' id='word_1_418' title='bbox 2916 3252 3148 3322; x_wconf 84' lang='lat' dir='ltr'><strong>projice,</strong></span> <span class='ocrx_word' id='word_1_419' title='bbox 3193 3252 3321 3306; x_wconf 88' lang='lat' dir='ltr'><strong>tolle</strong></span> <span class='ocrx_word' id='word_1_420' title='bbox 3355 3250 3505 3323; x_wconf 81' lang='lat' dir='ltr'><strong>inju-</strong></span> 
     </span>
    </p>
   </div>
   <div class='ocr_carea' id='block_1_64' title="bbox 210 3334 1802 3415">
    <p class='ocr_par' dir='ltr' id='par_1_64' title="bbox 210 3334 1802 3415">
     <span class='ocr_line' id='line_1_64' title="bbox 210 3334 1802 3415; baseline 0.01 -28"><span class='ocrx_word' id='word_1_421' title='bbox 210 3337 315 3404; x_wconf 77' lang='grc' dir='ltr'>χοὶ,</span> <span class='ocrx_word' id='word_1_422' title='bbox 355 3338 593 3408; x_wconf 78' lang='grc' dir='ltr'>ἔκραζον</span> <span class='ocrx_word' id='word_1_423' title='bbox 611 3334 801 3409; x_wconf 56' lang='grc' dir='ltr'>’νΑρον</span> <span class='ocrx_word' id='word_1_424' title='bbox 821 3340 979 3410; x_wconf 78' lang='grc' dir='ltr'>ὓϐριν</span> <span class='ocrx_word' id='word_1_425' title='bbox 1008 3342 1118 3395; x_wconf 84' lang='grc' dir='ltr'><strong>τῶν</strong></span> <span class='ocrx_word' id='word_1_426' title='bbox 1149 3345 1549 3415; x_wconf 76' lang='grc' dir='ltr'>μοναστηρῖων.</span> <span class='ocrx_word' id='word_1_427' title='bbox 1571 3346 1802 3403; x_wconf 80' lang='grc' dir='ltr'>Κα“ιτῶν</span> 
     </span>
    </p>
   </div>
   <div class='ocr_carea' id='block_1_65' title="bbox 212 3418 1806 3503">
    <p class='ocr_par' dir='ltr' id='par_1_65' title="bbox 212 3418 1806 3503">
     <span class='ocr_line' id='line_1_65' title="bbox 212 3418 1806 3503; baseline 0.009 -22"><span class='ocrx_word' id='word_1_428' title='bbox 212 3426 393 3483; x_wconf 70' lang='grc' dir='ltr'>αὐτῶν</span> <span class='ocrx_word' id='word_1_429' title='bbox 422 3425 582 3494; x_wconf 80' lang='grc' dir='ltr'>αὖθις</span> <span class='ocrx_word' id='word_1_430' title='bbox 609 3432 1069 3503; x_wconf 81' lang='grc' dir='ltr'>κραυγασθὲντων</span> <span class='ocrx_word' id='word_1_431' title='bbox 1102 3436 1165 3487; x_wconf 86' lang='grc' dir='ltr'>ὲκ</span> <span class='ocrx_word' id='word_1_432' title='bbox 1220 3435 1323 3503; x_wconf 83' lang='grc' dir='ltr'>τῆς</span> <span class='ocrx_word' id='word_1_433' title='bbox 1350 3437 1599 3502; x_wconf 79' lang='grc' dir='ltr'>συνόδου,</span> <span class='ocrx_word' id='word_1_434' title='bbox 1624 3418 1806 3495; x_wconf 76' lang='grc' dir='ltr'>διελα-</span> 
     </span>
    </p>
   </div>
   <div class='ocr_carea' id='block_1_66' title="bbox 211 3521 1806 3600">
    <p class='ocr_par' dir='ltr' id='par_1_66' title="bbox 211 3521 1806 3600">
     <span class='ocr_line' id='line_1_66' title="bbox 211 3521 1806 3600; baseline 0.01 -27"><span class='ocrx_word' id='word_1_435' title='bbox 211 3521 349 3593; x_wconf 79' lang='grc' dir='ltr'>λήθη</span> <span class='ocrx_word' id='word_1_436' title='bbox 382 3525 512 3587; x_wconf 79' lang='grc' dir='ltr'>τοὺς</span> <span class='ocrx_word' id='word_1_437' title='bbox 539 3522 760 3588; x_wconf 71' lang='grc' dir='ltr'>λοιποὺς</span> <span class='ocrx_word' id='word_1_438' title='bbox 793 3524 904 3579; x_wconf 85' lang='grc' dir='ltr'>τῶν</span> <span class='ocrx_word' id='word_1_439' title='bbox 945 3525 1210 3579; x_wconf 74' lang='grc' dir='ltr'>λιῆέλλων</span> <span class='ocrx_word' id='word_1_440' title='bbox 1248 3528 1690 3600; x_wconf 78' lang='grc' dir='ltr'>ἀναγνωσθῆναι.</span> <span class='ocrx_word' id='word_1_441' title='bbox 1712 3533 1806 3589; x_wconf 83' lang='grc' dir='ltr'><strong>Οἴ-</strong></span> 
     </span>
    </p>
   </div>
   <div class='ocr_carea' id='block_1_67' title="bbox 214 3615 1805 3690">
    <p class='ocr_par' dir='ltr' id='par_1_67' title="bbox 214 3615 1805 3690">
     <span class='ocr_line' id='line_1_67' title="bbox 214 3615 1805 3690; baseline 0.008 -25"><span class='ocrx_word' id='word_1_442' title='bbox 214 3630 321 3683; x_wconf 85' lang='grc' dir='ltr'><strong>περ</strong></span> <span class='ocrx_word' id='word_1_443' title='bbox 339 3615 561 3683; x_wconf 90' lang='grc' dir='ltr'>λέγουσι</span> <span class='ocrx_word' id='word_1_444' title='bbox 579 3616 655 3687; x_wconf 82' lang='grc' dir='ltr'>μὴ</span> <span class='ocrx_word' id='word_1_445' title='bbox 684 3617 827 3670; x_wconf 78' lang='grc' dir='ltr'>κατὰ</span> <span class='ocrx_word' id='word_1_446' title='bbox 854 3617 914 3670; x_wconf 76' lang='grc' dir='ltr'><strong>τὸ</strong></span> <span class='ocrx_word' id='word_1_447' title='bbox 931 3618 1060 3685; x_wconf 16' lang='grc' dir='ltr'>δέον,</span> <span class='ocrx_word' id='word_1_448' title='bbox 1080 3619 1177 3689; x_wconf 81' lang='grc' dir='ltr'>τὴν</span> <span class='ocrx_word' id='word_1_449' title='bbox 1212 3618 1539 3690; x_wconf 71' lang='grc' dir='ltr'>καθαίρεσιν</span> <span class='ocrx_word' id='word_1_450' title='bbox 1574 3626 1805 3678; x_wconf 79' lang='grc' dir='ltr'>Διοσκό-</span> 
     </span>
    </p>
   </div>
   <div class='ocr_carea' id='block_1_68' title="bbox 219 3708 1812 3787">
    <p class='ocr_par' dir='ltr' id='par_1_68' title="bbox 219 3708 1812 3787">
     <span class='ocr_line' id='line_1_68' title="bbox 219 3708 1812 3787; baseline 0.006 -27"><span class='ocrx_word' id='word_1_451' title='bbox 219 3723 311 3777; x_wconf 87' lang='grc' dir='ltr'><strong>ρου</strong></span> <span class='ocrx_word' id='word_1_452' title='bbox 336 3708 614 3776; x_wconf 86' lang='grc' dir='ltr'>γενέσθαι,</span> <span class='ocrx_word' id='word_1_453' title='bbox 639 3711 733 3763; x_wconf 68' lang='grc' dir='ltr'><strong>καὶ</strong></span> <span class='ocrx_word' id='word_1_454' title='bbox 778 3710 955 3781; x_wconf 84' lang='grc' dir='ltr'>χρεὼν</span> <span class='ocrx_word' id='word_1_455' title='bbox 989 3712 1225 3776; x_wconf 86' lang='grc' dir='ltr'>πίστεως</span> <span class='ocrx_word' id='word_1_456' title='bbox 1265 3716 1657 3785; x_wconf 81' lang='grc' dir='ltr'>προκειμένης,</span> <span class='ocrx_word' id='word_1_457' title='bbox 1715 3735 1812 3787; x_wconf 87' lang='grc' dir='ltr'>με-</span> 
     </span>
    </p>
   </div>
   <div class='ocr_carea' id='block_1_69' title="bbox 216 3800 1808 3880">
    <p class='ocr_par' dir='ltr' id='par_1_69' title="bbox 216 3800 1808 3880">
     <span class='ocr_line' id='line_1_69' title="bbox 216 3800 1808 3880; baseline 0.007 -28"><span class='ocrx_word' id='word_1_458' title='bbox 216 3802 444 3871; x_wconf 82' lang='grc' dir='ltr'>τασχεῖν</span> <span class='ocrx_word' id='word_1_459' title='bbox 465 3800 629 3853; x_wconf 70' lang='grc' dir='ltr'>αὐτὸν</span> <span class='ocrx_word' id='word_1_460' title='bbox 660 3802 753 3854; x_wconf 80' lang='grc' dir='ltr'>τοῦ</span> <span class='ocrx_word' id='word_1_461' title='bbox 787 3803 1092 3873; x_wconf 83' lang='grc' dir='ltr'>συνεδρίου.</span> <span class='ocrx_word' id='word_1_462' title='bbox 1123 3804 1255 3858; x_wconf 58' lang='lat' dir='ltr'><strong>mea</strong></span> <span class='ocrx_word' id='word_1_463' title='bbox 1282 3804 1358 3877; x_wconf 80' lang='grc' dir='ltr'>μὴ</span> <span class='ocrx_word' id='word_1_464' title='bbox 1379 3805 1539 3859; x_wconf 79' lang='grc' dir='ltr'>τοῦτο</span> <span class='ocrx_word' id='word_1_465' title='bbox 1559 3808 1808 3880; x_wconf 88' lang='grc' dir='ltr'>γένηται,</span> 
     </span>
    </p>
   </div>
   <div class='ocr_carea' id='block_1_70' title="bbox 217 3889 1810 3966">
    <p class='ocr_par' dir='ltr' id='par_1_70' title="bbox 217 3889 1810 3966">
     <span class='ocr_line' id='line_1_70' title="bbox 217 3889 1810 3966; baseline 0.006 -24"><span class='ocrx_word' id='word_1_466' title='bbox 217 3889 603 3943; x_wconf 66' lang='grc' dir='ltr'>ἀπο-τινάσσειν</span> <span class='ocrx_word' id='word_1_467' title='bbox 642 3892 711 3944; x_wconf 63' lang='grc' dir='ltr'>τὰ</span> <span class='ocrx_word' id='word_1_468' title='bbox 742 3893 936 3963; x_wconf 85' lang='grc' dir='ltr'>ίμάτια</span> <span class='ocrx_word' id='word_1_469' title='bbox 988 3893 1171 3949; x_wconf 75' lang='grc' dir='ltr'>αὐτῶν</span> <span class='ocrx_word' id='word_1_470' title='bbox 1208 3898 1309 3966; x_wconf 84' lang='grc' dir='ltr'>τῆς</span> <span class='ocrx_word' id='word_1_471' title='bbox 1367 3897 1653 3960; x_wconf 78' lang='grc' dir='ltr'>κοινωνίας</span> <span class='ocrx_word' id='word_1_472' title='bbox 1701 3898 1810 3953; x_wconf 83' lang='grc' dir='ltr'><strong>τῶν</strong></span> 
     </span>
    </p>
   </div>
   <div class='ocr_carea' id='block_1_71' title="bbox 219 3977 1810 4059">
    <p class='ocr_par' dir='ltr' id='par_1_71' title="bbox 219 3977 1810 4059">
     <span class='ocr_line' id='line_1_71' title="bbox 219 3977 1810 4059; baseline 0.007 -27"><span class='ocrx_word' id='word_1_473' title='bbox 219 3980 661 4051; x_wconf 85' lang='grc' dir='ltr'>συνεληλυθότων</span> <span class='ocrx_word' id='word_1_474' title='bbox 708 3985 1048 4041; x_wconf 79' lang='grc' dir='ltr'>ἐπισκόπων.</span> <span class='ocrx_word' id='word_1_475' title='bbox 1085 3978 1187 4039; x_wconf 82' lang='grc' dir='ltr'>Ὧν</span> <span class='ocrx_word' id='word_1_476' title='bbox 1228 3987 1559 4059; x_wconf 68' lang='grc' dir='ltr'>εἰρημένων,</span> <span class='ocrx_word' id='word_1_477' title='bbox 1598 3977 1810 4053; x_wconf 67' lang='grc' dir='ltr'>’Ᾰέτιος</span> 
     </span>
    </p>
   </div>
   <div class='ocr_carea' id='block_1_72' title="bbox 217 4072 1810 4150">
    <p class='ocr_par' dir='ltr' id='par_1_72' title="bbox 217 4072 1810 4150">
     <span class='ocr_line' id='line_1_72' title="bbox 217 4072 1810 4150; baseline 0.004 -25"><span class='ocrx_word' id='word_1_478' title='bbox 217 4072 594 4144; x_wconf 82' lang='grc' dir='ltr'>ἀρχιδιὰκονος</span> <span class='ocrx_word' id='word_1_479' title='bbox 607 4075 942 4144; x_wconf 85' lang='grc' dir='ltr'>ἀνεγίνωσκε</span> <span class='ocrx_word' id='word_1_480' title='bbox 960 4077 1160 4130; x_wconf 87' lang='grc' dir='ltr'>κανόνα</span> <span class='ocrx_word' id='word_1_481' title='bbox 1178 4095 1244 4130; x_wconf 87' lang='grc' dir='ltr'><strong>πε</strong></span> <span class='ocrx_word' id='word_1_482' title='bbox 1252 4078 1426 4149; x_wconf 63' lang='grc' dir='ltr'>ρὶςτῶν</span> <span class='ocrx_word' id='word_1_483' title='bbox 1439 4079 1810 4150; x_wconf 67' lang='grc' dir='ltr'>ἀφοριζόντων</span> 
     </span>
    </p>
   </div>
   <div class='ocr_carea' id='block_1_73' title="bbox 217 4164 1811 4237">
    <p class='ocr_par' dir='ltr' id='par_1_73' title="bbox 217 4164 1811 4237">
     <span class='ocr_line' id='line_1_73' title="bbox 217 4164 1811 4237; baseline 0.007 -22"><span class='ocrx_word' id='word_1_484' title='bbox 217 4164 467 4227; x_wconf 74' lang='grc' dir='ltr'>ἑαυτούς.</span> <span class='ocrx_word' id='word_1_485' title='bbox 502 4166 609 4218; x_wconf 73' lang='grc' dir='ltr'><strong>Καὶ</strong></span> <span class='ocrx_word' id='word_1_486' title='bbox 627 4166 790 4221; x_wconf 75' lang='grc' dir='ltr'>πάλιν</span> <span class='ocrx_word' id='word_1_487' title='bbox 822 4168 962 4237; x_wconf 71' lang='grc' dir='ltr'>πρὸς</span> <span class='ocrx_word' id='word_1_488' title='bbox 995 4167 1095 4232; x_wconf 81' lang='grc' dir='ltr'>τὰς</span> <span class='ocrx_word' id='word_1_489' title='bbox 1119 4168 1342 4233; x_wconf 82' lang='grc' dir='ltr'>πεύσεις</span> <span class='ocrx_word' id='word_1_490' title='bbox 1371 4171 1480 4223; x_wconf 83' lang='grc' dir='ltr'><strong>τῶν</strong></span> <span class='ocrx_word' id='word_1_491' title='bbox 1495 4170 1811 4226; x_wconf 77' lang='grc' dir='ltr'>ὁσιωτάτων</span> 
     </span>
    </p>
   </div>
   <div class='ocr_carea' id='block_1_74' title="bbox 217 4255 1812 4334">
    <p class='ocr_par' dir='ltr' id='par_1_74' title="bbox 217 4255 1812 4334">
     <span class='ocr_line' id='line_1_74' title="bbox 217 4255 1812 4334; baseline 0.006 -28"><span class='ocrx_word' id='word_1_492' title='bbox 217 4255 536 4311; x_wconf 69' lang='grc' dir='ltr'>ἐπισκόπων</span> <span class='ocrx_word' id='word_1_493' title='bbox 573 4257 683 4310; x_wconf 86' lang='grc' dir='ltr'><strong>τῶν</strong></span> <span class='ocrx_word' id='word_1_494' title='bbox 717 4260 965 4330; x_wconf 79' lang='grc' dir='ltr'>μοναχῶν</span> <span class='ocrx_word' id='word_1_495' title='bbox 990 4259 1395 4331; x_wconf 81' lang='grc' dir='ltr'>διενεχθέντων,</span> <span class='ocrx_word' id='word_1_496' title='bbox 1426 4257 1543 4315; x_wconf 81' lang='grc' dir='ltr'>εἶτα</span> <span class='ocrx_word' id='word_1_497' title='bbox 1560 4263 1812 4334; x_wconf 74' lang='grc' dir='ltr'>καὶπρὸς</span> 
     </span>
    </p>
   </div>
   <div class='ocr_carea' id='block_1_75' title="bbox 218 4346 1808 4424">
    <p class='ocr_par' dir='ltr' id='par_1_75' title="bbox 218 4346 1808 4424">
     <span class='ocr_line' id='line_1_75' title="bbox 218 4346 1808 4424; baseline 0.004 -25"><span class='ocrx_word' id='word_1_498' title='bbox 218 4346 486 4420; x_wconf 79' lang='grc' dir='ltr'>ἐρώτησιν</span> <span class='ocrx_word' id='word_1_499' title='bbox 516 4350 722 4403; x_wconf 81' lang='grc' dir='ltr'>Ἀετίου</span> <span class='ocrx_word' id='word_1_500' title='bbox 752 4352 1155 4422; x_wconf 75' lang='grc' dir='ltr'>ἁρχιδιακόνου,</span> <span class='ocrx_word' id='word_1_501' title='bbox 1184 4352 1259 4416; x_wconf 82' lang='grc' dir='ltr'>ὡς</span> <span class='ocrx_word' id='word_1_502' title='bbox 1297 4353 1405 4406; x_wconf 73' lang='grc' dir='ltr'><strong>ἀπὸ</strong></span> <span class='ocrx_word' id='word_1_503' title='bbox 1424 4354 1526 4424; x_wconf 79' lang='grc' dir='ltr'>τῆς</span> <span class='ocrx_word' id='word_1_504' title='bbox 1546 4353 1767 4409; x_wconf 84' lang='grc' dir='ltr'>συνόδου</span> <span class='ocrx_word' id='word_1_505' title='bbox 1792 4371 1808 4385; x_wconf 75' lang='grc' dir='ltr'><strong>ο</strong></span> 
     </span>
    </p>
   </div>
   <div class='ocr_carea' id='block_1_76' title="bbox 218 4438 1807 4515">
    <p class='ocr_par' dir='ltr' id='par_1_76' title="bbox 218 4438 1807 4515">
     <span class='ocr_line' id='line_1_76' title="bbox 218 4438 1807 4515; baseline 0.005 -26"><span class='ocrx_word' id='word_1_506' title='bbox 218 4438 325 4492; x_wconf 80' lang='grc' dir='ltr'>τῶν</span> <span class='ocrx_word' id='word_1_507' title='bbox 356 4440 456 4510; x_wconf 80' lang='grc' dir='ltr'>μὲν</span> <span class='ocrx_word' id='word_1_508' title='bbox 490 4440 1005 4511; x_wconf 77' lang='grc' dir='ltr'>ἀναθεματιζὸντων</span> <span class='ocrx_word' id='word_1_509' title='bbox 1066 4444 1366 4514; x_wconf 75' lang='grc' dir='ltr'>Νεστόριον</span> <span class='ocrx_word' id='word_1_510' title='bbox 1404 4447 1500 4497; x_wconf 79' lang='grc' dir='ltr'>καὶ</span> <span class='ocrx_word' id='word_1_511' title='bbox 1549 4443 1766 4515; x_wconf 79' lang='grc' dir='ltr'>Εὐτυχῆ</span> <span class='ocrx_word' id='word_1_512' title='bbox 1795 4459 1807 4473; x_wconf 83' lang='grc'><em>’</em></span> 
     </span>
    </p>
   </div>
   <div class='ocr_carea' id='block_1_77' title="bbox 219 4528 1812 4606">
    <p class='ocr_par' dir='ltr' id='par_1_77' title="bbox 219 4528 1812 4606">
     <span class='ocr_line' id='line_1_77' title="bbox 219 4528 1812 4606; baseline 0.004 -24"><span class='ocrx_word' id='word_1_513' title='bbox 219 4528 422 4597; x_wconf 80' lang='grc' dir='ltr'>τῶνδὲ,</span> <span class='ocrx_word' id='word_1_514' title='bbox 454 4533 546 4585; x_wconf 67' lang='grc' dir='ltr'>καὶ</span> <span class='ocrx_word' id='word_1_515' title='bbox 571 4534 1143 4605; x_wconf 75' lang='grc' dir='ltr'>παρακρουσαμένων,</span> <span class='ocrx_word' id='word_1_516' title='bbox 1168 4535 1462 4606; x_wconf 85' lang='grc' dir='ltr'>διελαλὴοη</span> <span class='ocrx_word' id='word_1_517' title='bbox 1494 4536 1646 4605; x_wconf 61' lang='grc' dir='ltr'>παρὰ</span> <span class='ocrx_word' id='word_1_518' title='bbox 1700 4536 1812 4589; x_wconf 83' lang='grc' dir='ltr'>τῶν</span> 
     </span>
    </p>
   </div>
   <div class='ocr_carea' id='block_1_78' title="bbox 1910 3341 3505 3407">
    <p class='ocr_par' dir='ltr' id='par_1_78' title="bbox 1910 3341 3505 3407">
     <span class='ocr_line' id='line_1_78' title="bbox 1910 3341 3505 3407; baseline -0.002 -7"><span class='ocrx_word' id='word_1_519' title='bbox 1910 3344 2047 3400; x_wconf 90' lang='lat' dir='ltr'><strong>riam</strong></span> <span class='ocrx_word' id='word_1_520' title='bbox 2084 3341 2327 3407; x_wconf 87' lang='lat' dir='ltr'><strong>concilii,</strong></span> <span class='ocrx_word' id='word_1_521' title='bbox 2369 3342 2497 3397; x_wconf 87' lang='lat' dir='ltr'><strong>tolle</strong></span> <span class='ocrx_word' id='word_1_522' title='bbox 2532 3342 2853 3396; x_wconf 83' lang='lat' dir='ltr'><strong>violentiam</strong></span> <span class='ocrx_word' id='word_1_523' title='bbox 2890 3341 3136 3396; x_wconf 87' lang='lat' dir='ltr'><strong>concilii.</strong></span> <span class='ocrx_word' id='word_1_524' title='bbox 3184 3341 3292 3397; x_wconf 87' lang='lat' dir='ltr'><strong>llas</strong></span> <span class='ocrx_word' id='word_1_525' title='bbox 3338 3357 3505 3398; x_wconf 81' lang='lat' dir='ltr'><strong>voces</strong></span> 
     </span>
    </p>
   </div>
   <div class='ocr_carea' id='block_1_79' title="bbox 1908 3433 3506 3507">
    <p class='ocr_par' dir='ltr' id='par_1_79' title="bbox 1908 3433 3506 3507">
     <span class='ocr_line' id='line_1_79' title="bbox 1908 3433 3506 3507; baseline -0.001 -16"><span class='ocrx_word' id='word_1_526' title='bbox 1908 3435 2254 3507; x_wconf 89' lang='lat' dir='ltr'><strong>imperatori,</strong></span> <span class='ocrx_word' id='word_1_527' title='bbox 2306 3433 2434 3488; x_wconf 86' lang='lat' dir='ltr'><strong>tolle</strong></span> <span class='ocrx_word' id='word_1_528' title='bbox 2481 3433 2737 3505; x_wconf 79' lang='lat' dir='ltr'><strong>injuri-am</strong></span> <span class='ocrx_word' id='word_1_529' title='bbox 2784 3434 3026 3501; x_wconf 91' lang='lat' dir='ltr'><strong>concilii,</strong></span> <span class='ocrx_word' id='word_1_530' title='bbox 3074 3434 3207 3489; x_wconf 89' lang='lat' dir='ltr'><strong>tolle</strong></span> <span class='ocrx_word' id='word_1_531' title='bbox 3262 3434 3506 3490; x_wconf 89' lang='lat' dir='ltr'><strong>dedecus</strong></span> 
     </span>
    </p>
   </div>
   <div class='ocr_carea' id='block_1_80' title="bbox 1909 3524 3506 3584">
    <p class='ocr_par' dir='ltr' id='par_1_80' title="bbox 1909 3524 3506 3584">
     <span class='ocr_line' id='line_1_80' title="bbox 1909 3524 3506 3584; baseline -0.003 0"><span class='ocrx_word' id='word_1_532' title='bbox 1909 3527 2153 3584; x_wconf 91' lang='lat' dir='ltr'><strong>concilii.</strong></span> <span class='ocrx_word' id='word_1_533' title='bbox 2185 3524 2389 3581; x_wconf 86' lang='lat' dir='ltr'><strong>Contra</strong></span> <span class='ocrx_word' id='word_1_534' title='bbox 2419 3540 2553 3581; x_wconf 88' lang='lat' dir='ltr'><strong>vero</strong></span> <span class='ocrx_word' id='word_1_535' title='bbox 2590 3526 2849 3580; x_wconf 88' lang='lat' dir='ltr'><strong>monachi</strong></span> <span class='ocrx_word' id='word_1_536' title='bbox 2900 3525 3315 3581; x_wconf 87' lang='lat' dir='ltr'><strong>inelamarunt:</strong></span> <span class='ocrx_word' id='word_1_537' title='bbox 3350 3524 3506 3580; x_wconf 87' lang='lat' dir='ltr'><strong>Tolle</strong></span> 
     </span>
    </p>
   </div>
   <div class='ocr_carea' id='block_1_81' title="bbox 1910 3618 3510 3693">
    <p class='ocr_par' dir='ltr' id='par_1_81' title="bbox 1910 3618 3510 3693">
     <span class='ocr_line' id='line_1_81' title="bbox 1910 3618 3510 3693; baseline -0.003 -18"><span class='ocrx_word' id='word_1_538' title='bbox 1910 3621 2169 3693; x_wconf 86' lang='lat' dir='ltr'><strong>injuriam</strong></span> <span class='ocrx_word' id='word_1_539' title='bbox 2223 3618 2710 3674; x_wconf 88' lang='lat' dir='ltr'><strong>monasteriorum.</strong></span> <span class='ocrx_word' id='word_1_540' title='bbox 2760 3618 3012 3689; x_wconf 88' lang='lat' dir='ltr'><strong>Cumque</strong></span> <span class='ocrx_word' id='word_1_541' title='bbox 3065 3618 3260 3672; x_wconf 86' lang='lat' dir='ltr'><strong>eadem</strong></span> <span class='ocrx_word' id='word_1_542' title='bbox 3311 3632 3510 3671; x_wconf 85' lang='lat' dir='ltr'><strong>rursus</strong></span> 
     </span>
    </p>
   </div>
   <div class='ocr_carea' id='block_1_82' title="bbox 1910 3710 3504 3781">
    <p class='ocr_par' dir='ltr' id='par_1_82' title="bbox 1910 3710 3504 3781">
     <span class='ocr_line' id='line_1_82' title="bbox 1910 3710 3504 3781; baseline -0.003 -13"><span class='ocrx_word' id='word_1_543' title='bbox 1910 3714 2209 3769; x_wconf 88' lang='lat' dir='ltr'><strong>acclamata</strong></span> <span class='ocrx_word' id='word_1_544' title='bbox 2234 3720 2423 3768; x_wconf 90' lang='lat' dir='ltr'><strong>essent</strong></span> <span class='ocrx_word' id='word_1_545' title='bbox 2459 3711 2529 3765; x_wconf 87' lang='lat' dir='ltr'><strong>ab</strong></span> <span class='ocrx_word' id='word_1_546' title='bbox 2562 3710 2844 3781; x_wconf 88' lang='lat' dir='ltr'><strong>episcopis</strong></span> <span class='ocrx_word' id='word_1_547' title='bbox 2871 3711 2965 3780; x_wconf 90' lang='lat' dir='ltr'><strong>qui</strong></span> <span class='ocrx_word' id='word_1_548' title='bbox 3000 3710 3060 3764; x_wconf 96' lang='lat' dir='ltr'><strong>in</strong></span> <span class='ocrx_word' id='word_1_549' title='bbox 3092 3710 3302 3780; x_wconf 83' lang='lat' dir='ltr'><strong>synodo</strong></span> <span class='ocrx_word' id='word_1_550' title='bbox 3327 3716 3504 3771; x_wconf 85' lang='lat' dir='ltr'><strong>erant,</strong></span> 
     </span>
    </p>
   </div>
   <div class='ocr_carea' id='block_1_83' title="bbox 1907 3799 3509 3875">
    <p class='ocr_par' dir='ltr' id='par_1_83' title="bbox 1907 3799 3509 3875">
     <span class='ocr_line' id='line_1_83' title="bbox 1907 3799 3509 3875; baseline -0.003 -17"><span class='ocrx_word' id='word_1_551' title='bbox 1907 3806 2121 3875; x_wconf 86' lang='lat' dir='ltr'><strong>jussum</strong></span> <span class='ocrx_word' id='word_1_552' title='bbox 2148 3812 2235 3860; x_wconf 84' lang='lat' dir='ltr'><strong>est</strong></span> <span class='ocrx_word' id='word_1_553' title='bbox 2269 3814 2329 3859; x_wconf 88' lang='lat' dir='ltr'><strong>ut</strong></span> <span class='ocrx_word' id='word_1_554' title='bbox 2369 3802 2569 3873; x_wconf 88' lang='lat' dir='ltr'><strong>reliqui</strong></span> <span class='ocrx_word' id='word_1_555' title='bbox 2598 3802 2772 3857; x_wconf 89' lang='lat' dir='ltr'><strong>libelli</strong></span> <span class='ocrx_word' id='word_1_556' title='bbox 2813 3802 3211 3857; x_wconf 87' lang='lat' dir='ltr'><strong>recitarentur.</strong></span> <span class='ocrx_word' id='word_1_557' title='bbox 3241 3799 3348 3866; x_wconf 87' lang='lat' dir='ltr'><strong>Qui</strong></span> <span class='ocrx_word' id='word_1_558' title='bbox 3380 3800 3509 3870; x_wconf 80' lang='lat' dir='ltr'><strong>qui-</strong></span> 
     </span>
    </p>
   </div>
   <div class='ocr_carea' id='block_1_84' title="bbox 1913 3892 3508 3968">
    <p class='ocr_par' dir='ltr' id='par_1_84' title="bbox 1913 3892 3508 3968">
     <span class='ocr_line' id='line_1_84' title="bbox 1913 3892 3508 3968; baseline -0.003 -18"><span class='ocrx_word' id='word_1_559' title='bbox 1913 3895 2040 3952; x_wconf 90' lang='lat' dir='ltr'><strong>dem</strong></span> <span class='ocrx_word' id='word_1_560' title='bbox 2112 3895 2513 3968; x_wconf 74' lang='lat' dir='ltr'><strong>suggerebant,</strong></span> <span class='ocrx_word' id='word_1_561' title='bbox 2580 3894 2831 3949; x_wconf 89' lang='lat' dir='ltr'><strong>Dioscori</strong></span> <span class='ocrx_word' id='word_1_562' title='bbox 2906 3892 3323 3963; x_wconf 85' lang='lat' dir='ltr'><strong>depositionem</strong></span> <span class='ocrx_word' id='word_1_563' title='bbox 3395 3905 3508 3947; x_wconf 90' lang='lat' dir='ltr'><strong>nou</strong></span> 
     </span>
    </p>
   </div>
   <div class='ocr_carea' id='block_1_85' title="bbox 1915 3983 3509 4056">
    <p class='ocr_par' dir='ltr' id='par_1_85' title="bbox 1915 3983 3509 4056">
     <span class='ocr_line' id='line_1_85' title="bbox 1915 3983 3509 4056; baseline -0.003 -16"><span class='ocrx_word' id='word_1_564' title='bbox 1915 3995 2091 4054; x_wconf 86' lang='lat' dir='ltr'><strong>recte,</strong></span> <span class='ocrx_word' id='word_1_565' title='bbox 2142 4002 2326 4056; x_wconf 82' lang='lat' dir='ltr'><strong>neque</strong></span> <span class='ocrx_word' id='word_1_566' title='bbox 2376 3984 2573 4039; x_wconf 89' lang='lat' dir='ltr'><strong>ordine</strong></span> <span class='ocrx_word' id='word_1_567' title='bbox 2626 3984 2831 4039; x_wconf 81' lang='lat' dir='ltr'><strong>factam</strong></span> <span class='ocrx_word' id='word_1_568' title='bbox 2890 3998 3051 4049; x_wconf 89' lang='lat' dir='ltr'><strong>esse,</strong></span> <span class='ocrx_word' id='word_1_569' title='bbox 3109 3994 3167 4038; x_wconf 89' lang='lat' dir='ltr'><strong>ct</strong></span> <span class='ocrx_word' id='word_1_570' title='bbox 3223 3983 3509 4053; x_wconf 76' lang='lat' dir='ltr'><strong>proposita</strong></span> 
     </span>
    </p>
   </div>
   <div class='ocr_carea' id='block_1_86' title="bbox 1916 4073 3499 4146">
    <p class='ocr_par' dir='ltr' id='par_1_86' title="bbox 1916 4073 3499 4146">
     <span class='ocr_line' id='line_1_86' title="bbox 1916 4073 3499 4146; baseline -0.003 -17"><span class='ocrx_word' id='word_1_571' title='bbox 1916 4075 2045 4141; x_wconf 76' lang='lat' dir='ltr'><strong>fide,</strong></span> <span class='ocrx_word' id='word_1_572' title='bbox 2076 4091 2205 4131; x_wconf 90' lang='lat' dir='ltr'><strong>eum</strong></span> <span class='ocrx_word' id='word_1_573' title='bbox 2249 4074 2319 4129; x_wconf 86' lang='lat' dir='ltr'><strong>ad</strong></span> <span class='ocrx_word' id='word_1_574' title='bbox 2359 4090 2683 4131; x_wconf 85' lang='lat' dir='ltr'><strong>consessum</strong></span> <span class='ocrx_word' id='word_1_575' title='bbox 2730 4074 2926 4146; x_wconf 83' lang='lat' dir='ltr'><strong>synodi</strong></span> <span class='ocrx_word' id='word_1_576' title='bbox 2954 4073 3170 4129; x_wconf 85' lang='lat' dir='ltr'><strong>admitti</strong></span> <span class='ocrx_word' id='word_1_577' title='bbox 3210 4080 3499 4143; x_wconf 89' lang='lat' dir='ltr'><strong>oportere.</strong></span> 
     </span>
    </p>
   </div>
   <div class='ocr_carea' id='block_1_87' title="bbox 1916 4164 3506 4234">
    <p class='ocr_par' dir='ltr' id='par_1_87' title="bbox 1916 4164 3506 4234">
     <span class='ocr_line' id='line_1_87' title="bbox 1916 4164 3506 4234; baseline -0.004 -13"><span class='ocrx_word' id='word_1_578' title='bbox 1916 4166 2074 4234; x_wconf 87' lang='lat' dir='ltr'><strong>Quod</strong></span> <span class='ocrx_word' id='word_1_579' title='bbox 2101 4164 2207 4221; x_wconf 88' lang='lat' dir='ltr'><strong>nisi</strong></span> <span class='ocrx_word' id='word_1_580' title='bbox 2241 4166 2318 4220; x_wconf 89' lang='lat' dir='ltr'><strong>ita</strong></span> <span class='ocrx_word' id='word_1_581' title='bbox 2352 4166 2531 4233; x_wconf 89' lang='lat' dir='ltr'><strong>fieret,</strong></span> <span class='ocrx_word' id='word_1_582' title='bbox 2566 4180 2903 4222; x_wconf 79' lang='lat' dir='ltr'><strong>excussuros</strong></span> <span class='ocrx_word' id='word_1_583' title='bbox 2933 4180 2991 4221; x_wconf 90' lang='lat' dir='ltr'><strong>se</strong></span> <span class='ocrx_word' id='word_1_584' title='bbox 3018 4164 3351 4219; x_wconf 84' lang='lat' dir='ltr'><strong>vestimenta</strong></span> <span class='ocrx_word' id='word_1_585' title='bbox 3382 4178 3506 4226; x_wconf 86' lang='lat' dir='ltr'><strong>sua,</strong></span> 
     </span>
    </p>
   </div>
   <div class='ocr_carea' id='block_1_88' title="bbox 1914 4250 3508 4326">
    <p class='ocr_par' dir='ltr' id='par_1_88' title="bbox 1914 4250 3508 4326">
     <span class='ocr_line' id='line_1_88' title="bbox 1914 4250 3508 4326; baseline -0.006 -14"><span class='ocrx_word' id='word_1_586' title='bbox 1914 4266 1971 4312; x_wconf 92' lang='lat' dir='ltr'><strong>et</strong></span> <span class='ocrx_word' id='word_1_587' title='bbox 2018 4272 2050 4312; x_wconf 91' lang='lat' dir='ltr'><strong>a</strong></span> <span class='ocrx_word' id='word_1_588' title='bbox 2106 4256 2498 4312; x_wconf 90' lang='lat' dir='ltr'><strong>communione</strong></span> <span class='ocrx_word' id='word_1_589' title='bbox 2546 4256 2953 4326; x_wconf 68' lang='lat' dir='ltr'><strong>episcoporum</strong></span> <span class='ocrx_word' id='word_1_590' title='bbox 3024 4253 3118 4326; x_wconf 88' lang='lat' dir='ltr'><strong>qui</strong></span> <span class='ocrx_word' id='word_1_591' title='bbox 3188 4250 3508 4322; x_wconf 80' lang='lat' dir='ltr'><strong>congregati</strong></span> 
     </span>
    </p>
   </div>
   <div class='ocr_carea' id='block_1_89' title="bbox 1914 4343 3512 4416">
    <p class='ocr_par' dir='ltr' id='par_1_89' title="bbox 1914 4343 3512 4416">
     <span class='ocr_line' id='line_1_89' title="bbox 1914 4343 3512 4416; baseline -0.006 -10"><span class='ocrx_word' id='word_1_592' title='bbox 1914 4359 2096 4416; x_wconf 88' lang='lat' dir='ltr'><strong>erant,</strong></span> <span class='ocrx_word' id='word_1_593' title='bbox 2128 4364 2467 4405; x_wconf 90' lang='lat' dir='ltr'><strong>recessuros.</strong></span> <span class='ocrx_word' id='word_1_594' title='bbox 2502 4348 2599 4403; x_wconf 89' lang='lat' dir='ltr'><strong>His</strong></span> <span class='ocrx_word' id='word_1_595' title='bbox 2637 4347 2904 4411; x_wconf 89' lang='lat' dir='ltr'><strong>recitatis,</strong></span> <span class='ocrx_word' id='word_1_596' title='bbox 2940 4346 3135 4401; x_wconf 83' lang='lat' dir='ltr'><strong>Aetius</strong></span> <span class='ocrx_word' id='word_1_597' title='bbox 3164 4343 3512 4399; x_wconf 86' lang='lat' dir='ltr'><strong>archidiaco-</strong></span> 
     </span>
    </p>
   </div>
   <div class='ocr_carea' id='block_1_90' title="bbox 1916 4438 3511 4510">
    <p class='ocr_par' dir='ltr' id='par_1_90' title="bbox 1916 4438 3511 4510">
     <span class='ocr_line' id='line_1_90' title="bbox 1916 4438 3511 4510; baseline -0.005 -15"><span class='ocrx_word' id='word_1_598' title='bbox 1916 4457 2020 4496; x_wconf 88' lang='lat' dir='ltr'><strong>nus</strong></span> <span class='ocrx_word' id='word_1_599' title='bbox 2050 4439 2183 4510; x_wconf 80' lang='lat' dir='ltr'><strong>legit</strong></span> <span class='ocrx_word' id='word_1_600' title='bbox 2210 4454 2476 4495; x_wconf 90' lang='lat' dir='ltr'><strong>canonem</strong></span> <span class='ocrx_word' id='word_1_601' title='bbox 2504 4438 2575 4494; x_wconf 89' lang='lat' dir='ltr'><strong>de</strong></span> <span class='ocrx_word' id='word_1_602' title='bbox 2606 4438 2676 4494; x_wconf 91' lang='lat' dir='ltr'><strong>iis</strong></span> <span class='ocrx_word' id='word_1_603' title='bbox 2704 4439 2799 4509; x_wconf 87' lang='lat' dir='ltr'><strong>qui</strong></span> <span class='ocrx_word' id='word_1_604' title='bbox 2831 4438 3159 4507; x_wconf 88' lang='lat' dir='ltr'><strong>semetipsos</strong></span> <span class='ocrx_word' id='word_1_605' title='bbox 3202 4451 3233 4491; x_wconf 90' lang='lat' dir='ltr'><strong>a</strong></span> <span class='ocrx_word' id='word_1_606' title='bbox 3262 4444 3511 4489; x_wconf 90' lang='lat' dir='ltr'><strong>commu-</strong></span> 
     </span>
    </p>
   </div>
   <div class='ocr_carea' id='block_1_91' title="bbox 1912 4527 3509 4602">
    <p class='ocr_par' dir='ltr' id='par_1_91' title="bbox 1912 4527 3509 4602">
     <span class='ocr_line' id='line_1_91' title="bbox 1912 4527 3509 4602; baseline -0.006 -15"><span class='ocrx_word' id='word_1_607' title='bbox 1912 4532 2080 4587; x_wconf 89' lang='lat' dir='ltr'><strong>nione</strong></span> <span class='ocrx_word' id='word_1_608' title='bbox 2133 4542 2413 4602; x_wconf 87' lang='lat' dir='ltr'><strong>separant.</strong></span> <span class='ocrx_word' id='word_1_609' title='bbox 2463 4532 2679 4586; x_wconf 84' lang='lat' dir='ltr'><strong>Rursus</strong></span> <span class='ocrx_word' id='word_1_610' title='bbox 2718 4545 2850 4585; x_wconf 71' lang='lat' dir='ltr'><strong>cum</strong></span> <span class='ocrx_word' id='word_1_611' title='bbox 2895 4529 2964 4584; x_wconf 90' lang='lat' dir='ltr'><strong>ad</strong></span> <span class='ocrx_word' id='word_1_612' title='bbox 3012 4527 3509 4597; x_wconf 85' lang='lat' dir='ltr'><strong>interrogationem</strong></span> 
     </span>
    </p>
   </div>
   <div class='ocr_carea' id='block_1_92' title="bbox 222 4617 1805 4698">
    <p class='ocr_par' dir='ltr' id='par_1_92' title="bbox 222 4622 1805 4698">
     <span class='ocr_line' id='line_1_92' title="bbox 222 4622 1805 4698; baseline 0.003 -24"><span class='ocrx_word' id='word_1_613' title='bbox 222 4622 522 4693; x_wconf 81' lang='grc' dir='ltr'>ἀρχόντων,</span> <span class='ocrx_word' id='word_1_614' title='bbox 547 4626 646 4690; x_wconf 79' lang='grc' dir='ltr'><strong>τὰς</strong></span> <span class='ocrx_word' id='word_1_615' title='bbox 668 4627 884 4697; x_wconf 80' lang='grc' dir='ltr'>δεήσεις</span> <span class='ocrx_word' id='word_1_616' title='bbox 909 4627 1159 4681; x_wconf 80' lang='grc' dir='ltr'>Φαύστου</span> <span class='ocrx_word' id='word_1_617' title='bbox 1195 4628 1291 4681; x_wconf 75' lang='grc' dir='ltr'><strong>καὶ</strong></span> <span class='ocrx_word' id='word_1_618' title='bbox 1324 4630 1432 4698; x_wconf 73' lang='grc' dir='ltr'>τῶν</span> <span class='ocrx_word' id='word_1_619' title='bbox 1463 4627 1670 4696; x_wconf 78' lang='grc' dir='ltr'>λοιπῶν</span> <span class='ocrx_word' id='word_1_620' title='bbox 1714 4645 1805 4697; x_wconf 89' lang='grc' dir='ltr'>μο-</span> 
     </span>
    </p>
   </div>
   <div class='ocr_carea' id='block_1_93' title="bbox 1908 4617 3510 4698">
    <p class='ocr_par' dir='ltr' id='par_1_93' title="bbox 1918 4617 3510 4694">
     <span class='ocr_line' id='line_1_93' title="bbox 1918 4617 3510 4694; baseline -0.01 -9"><span class='ocrx_word' id='word_1_621' title='bbox 1918 4626 2393 4685; x_wconf 91' lang='lat' dir='ltr'><strong>sanetissimorum</strong></span> <span class='ocrx_word' id='word_1_622' title='bbox 2440 4624 2865 4694; x_wconf 88' lang='lat' dir='ltr'><strong>episcoporum,</strong></span> <span class='ocrx_word' id='word_1_623' title='bbox 2903 4630 2958 4676; x_wconf 90' lang='lat' dir='ltr'><strong>et</strong></span> <span class='ocrx_word' id='word_1_624' title='bbox 2992 4629 3184 4691; x_wconf 89' lang='lat' dir='ltr'><strong>postea</strong></span> <span class='ocrx_word' id='word_1_625' title='bbox 3228 4618 3294 4673; x_wconf 87' lang='lat' dir='ltr'><strong>ad</strong></span> <span class='ocrx_word' id='word_1_626' title='bbox 3339 4617 3510 4671; x_wconf 82' lang='lat' dir='ltr'><strong>inter-</strong></span> 
     </span>
    </p>
   </div>
   <div class='ocr_carea' id='block_1_94' title="bbox 224 4716 1809 4790">
    <p class='ocr_par' dir='ltr' id='par_1_94' title="bbox 224 4716 1809 4790">
     <span class='ocr_line' id='line_1_94' title="bbox 224 4716 1809 4790; baseline 0.005 -24"><span class='ocrx_word' id='word_1_627' title='bbox 224 4716 402 4785; x_wconf 84' lang='grc' dir='ltr'>ναχῶν</span> <span class='ocrx_word' id='word_1_628' title='bbox 440 4718 885 4789; x_wconf 77' lang='grc' dir='ltr'>ἀναγνωσθῆναι,</span> <span class='ocrx_word' id='word_1_629' title='bbox 914 4719 971 4773; x_wconf 74' lang='grc' dir='ltr'>αἱ</span> <span class='ocrx_word' id='word_1_630' title='bbox 1041 4720 1388 4790; x_wconf 74' lang='grc' dir='ltr'>παρεκάλουν</span> <span class='ocrx_word' id='word_1_631' title='bbox 1426 4720 1517 4774; x_wconf 73' lang='grc' dir='ltr'><strong>τὸν</strong></span> <span class='ocrx_word' id='word_1_632' title='bbox 1579 4720 1809 4790; x_wconf 84' lang='grc' dir='ltr'>βασιλέα</span> 
     </span>
    </p>
   </div>
   <div class='ocr_carea' id='block_1_95' title="bbox 226 4807 1812 4885">
    <p class='ocr_par' dir='ltr' id='par_1_95' title="bbox 226 4807 1812 4885">
     <span class='ocr_line' id='line_1_95' title="bbox 226 4807 1812 4885; baseline 0.005 -25"><span class='ocrx_word' id='word_1_633' title='bbox 226 4807 299 4879; x_wconf 82' lang='grc' dir='ltr'>μὴ</span> <span class='ocrx_word' id='word_1_634' title='bbox 333 4809 734 4882; x_wconf 80' lang='grc' dir='ltr'>προσδεχθῆναι</span> <span class='ocrx_word' id='word_1_635' title='bbox 787 4814 916 4875; x_wconf 83' lang='grc' dir='ltr'>τοὺς</span> <span class='ocrx_word' id='word_1_636' title='bbox 966 4813 1282 4884; x_wconf 81' lang='grc' dir='ltr'>περαιτέρω</span> <span class='ocrx_word' id='word_1_637' title='bbox 1316 4813 1509 4885; x_wconf 80' lang='grc' dir='ltr'>πρώην</span> <span class='ocrx_word' id='word_1_638' title='bbox 1540 4813 1607 4885; x_wconf 89' lang='lat' dir='ltr'><strong>(s)</strong></span> <span class='ocrx_word' id='word_1_639' title='bbox 1646 4831 1812 4885; x_wconf 86' lang='grc' dir='ltr'>μονα-</span> 
     </span>
    </p>
   </div>
   <div class='ocr_carea' id='block_1_96' title="bbox 1918 4706 3512 4788">
    <p class='ocr_par' dir='ltr' id='par_1_96' title="bbox 1918 4706 3512 4788">
     <span class='ocr_line' id='line_1_96' title="bbox 1918 4706 3512 4788; baseline -0.006 -15"><span class='ocrx_word' id='word_1_640' title='bbox 1918 4719 2264 4788; x_wconf 82' lang='lat' dir='ltr'><strong>rogationem</strong></span> <span class='ocrx_word' id='word_1_641' title='bbox 2333 4714 2478 4770; x_wconf 79' lang='lat' dir='ltr'><strong>Aetli</strong></span> <span class='ocrx_word' id='word_1_642' title='bbox 2546 4712 2958 4778; x_wconf 83' lang='lat' dir='ltr'><strong>archidiaconi,</strong></span> <span class='ocrx_word' id='word_1_643' title='bbox 3024 4722 3284 4781; x_wconf 89' lang='lat' dir='ltr'><strong>tanquam</strong></span> <span class='ocrx_word' id='word_1_644' title='bbox 3347 4706 3512 4778; x_wconf 76' lang='lat'><strong>326</strong></span> 
     </span>
    </p>
   </div>
   <div class='ocr_carea' id='block_1_97' title="bbox 1919 4804 3510 4881">
    <p class='ocr_par' dir='ltr' id='par_1_97' title="bbox 1919 4804 3510 4881">
     <span class='ocr_line' id='line_1_97' title="bbox 1919 4804 3510 4881; baseline -0.008 -15"><span class='ocrx_word' id='word_1_645' title='bbox 1919 4810 2143 4867; x_wconf 91' lang='lat' dir='ltr'><strong>nomine</strong></span> <span class='ocrx_word' id='word_1_646' title='bbox 2182 4807 2377 4881; x_wconf 83' lang='lat' dir='ltr'><strong>synodi</strong></span> <span class='ocrx_word' id='word_1_647' title='bbox 2413 4807 2636 4873; x_wconf 85' lang='lat' dir='ltr'><strong>factam,</strong></span> <span class='ocrx_word' id='word_1_648' title='bbox 2684 4804 2941 4861; x_wconf 89' lang='lat' dir='ltr'><strong>monachi</strong></span> <span class='ocrx_word' id='word_1_649' title='bbox 2988 4804 3150 4859; x_wconf 83' lang='lat' dir='ltr'><strong>divisi</strong></span> <span class='ocrx_word' id='word_1_650' title='bbox 3183 4811 3372 4859; x_wconf 87' lang='lat' dir='ltr'><strong>essent</strong></span> <span class='ocrx_word' id='word_1_651' title='bbox 3398 4841 3410 4853; x_wconf 92' lang='lat'><strong>.</strong></span> <span class='ocrx_word' id='word_1_652' title='bbox 3453 4807 3510 4854; x_wconf 88' lang='lat' dir='ltr'><strong>et</strong></span> 
     </span>
    </p>
   </div>
   <div class='ocr_carea' id='block_1_98' title="bbox 1434 4947 2297 5009">
    <p class='ocr_par' dir='ltr' id='par_1_98' title="bbox 1434 4947 2297 5009">
     <span class='ocr_line' id='line_1_98' title="bbox 1434 4947 2297 5009; baseline -0.002 -5"><span class='ocrx_word' id='word_1_653' title='bbox 1434 4950 1703 5009; x_wconf 79' lang='lat' dir='ltr'><strong>VALESH</strong></span> <span class='ocrx_word' id='word_1_654' title='bbox 1736 4947 2297 5008; x_wconf 80' lang='lat' dir='ltr'><strong>ANNOTATIONES.</strong></span> 
     </span>
    </p>
   </div>
   <div class='ocr_carea' id='block_1_99' title="bbox 287 5068 1801 5140">
    <p class='ocr_par' dir='ltr' id='par_1_99' title="bbox 287 5068 1801 5140">
     <span class='ocr_line' id='line_1_99' title="bbox 287 5068 1801 5140; baseline -0.001 -14"><span class='ocrx_word' id='word_1_655' title='bbox 287 5071 402 5138; x_wconf 75' lang='lat'><strong>(37)</strong></span> <span class='ocrx_word' id='word_1_656' title='bbox 426 5071 646 5140; x_wconf 67' lang='grc' dir='ltr'>Μέγρις</span> <span class='ocrx_word' id='word_1_657' title='bbox 684 5070 761 5125; x_wconf 79' lang='grc' dir='ltr'><strong>ἂν</strong></span> <span class='ocrx_word' id='word_1_658' title='bbox 791 5072 1256 5139; x_wconf 77' lang='grc' dir='ltr'>συναθροισθείη</span> <span class='ocrx_word' id='word_1_659' title='bbox 1304 5068 1342 5138; x_wconf 73' lang='grc' dir='ltr'><strong>ἡ</strong></span> <span class='ocrx_word' id='word_1_660' title='bbox 1377 5071 1658 5137; x_wconf 78' lang='grc' dir='ltr'>σύνοδος.</span> <span class='ocrx_word' id='word_1_661' title='bbox 1693 5070 1801 5125; x_wconf 77' lang='lat' dir='ltr'><strong>Ex-</strong></span> 
     </span>
    </p>
   </div>
   <div class='ocr_carea' id='block_1_100' title="bbox 225 5140 1804 5211">
    <p class='ocr_par' dir='ltr' id='par_1_100' title="bbox 225 5140 1804 5211">
     <span class='ocr_line' id='line_1_100' title="bbox 225 5140 1804 5211; baseline -0.001 -15"><span class='ocrx_word' id='word_1_662' title='bbox 225 5152 328 5196; x_wconf 81' lang='lat' dir='ltr'><strong>stat</strong></span> <span class='ocrx_word' id='word_1_663' title='bbox 371 5142 597 5197; x_wconf 87' lang='lat' dir='ltr'><strong>libellus</strong></span> <span class='ocrx_word' id='word_1_664' title='bbox 616 5156 841 5211; x_wconf 89' lang='lat' dir='ltr'><strong>precum</strong></span> <span class='ocrx_word' id='word_1_665' title='bbox 870 5141 1087 5196; x_wconf 89' lang='lat' dir='ltr'><strong>oblatus</strong></span> <span class='ocrx_word' id='word_1_666' title='bbox 1114 5158 1144 5195; x_wconf 90' lang='lat' dir='ltr'><strong>a</strong></span> <span class='ocrx_word' id='word_1_667' title='bbox 1166 5143 1449 5197; x_wconf 85' lang='lat' dir='ltr'><strong>monachis</strong></span> <span class='ocrx_word' id='word_1_668' title='bbox 1480 5140 1804 5211; x_wconf 84' lang='lat' dir='ltr'><strong>imperatori</strong></span> 
     </span>
    </p>
   </div>
   <div class='ocr_carea' id='block_1_101' title="bbox 223 5210 1803 5281">
    <p class='ocr_par' dir='ltr' id='par_1_101' title="bbox 223 5210 1803 5281">
     <span class='ocr_line' id='line_1_101' title="bbox 223 5210 1803 5281; baseline -0.002 -16"><span class='ocrx_word' id='word_1_669' title='bbox 223 5211 498 5267; x_wconf 77' lang='lat' dir='ltr'><strong>Marciano</strong></span> <span class='ocrx_word' id='word_1_670' title='bbox 566 5210 629 5267; x_wconf 85' lang='lat' dir='ltr'><strong>in</strong></span> <span class='ocrx_word' id='word_1_671' title='bbox 702 5212 921 5281; x_wconf 85' lang='lat' dir='ltr'><strong>actione</strong></span> <span class='ocrx_word' id='word_1_672' title='bbox 996 5222 1191 5281; x_wconf 89' lang='lat' dir='ltr'><strong>quarta</strong></span> <span class='ocrx_word' id='word_1_673' title='bbox 1259 5212 1478 5266; x_wconf 88' lang='lat' dir='ltr'><strong>concilii</strong></span> <span class='ocrx_word' id='word_1_674' title='bbox 1542 5210 1803 5266; x_wconf 84' lang='lat' dir='ltr'><strong>Chalced.</strong></span> 
     </span>
    </p>
   </div>
   <div class='ocr_carea' id='block_1_102' title="bbox 224 5280 1804 5351">
    <p class='ocr_par' dir='ltr' id='par_1_102' title="bbox 224 5280 1804 5351">
     <span class='ocr_line' id='line_1_102' title="bbox 224 5280 1804 5351; baseline -0.001 -16"><span class='ocrx_word' id='word_1_675' title='bbox 224 5294 344 5351; x_wconf 81' lang='lat' dir='ltr'><strong>pag.</strong></span> <span class='ocrx_word' id='word_1_676' title='bbox 382 5282 509 5334; x_wconf 71' lang='lat'><strong>9.57.</strong></span> <span class='ocrx_word' id='word_1_677' title='bbox 541 5282 601 5336; x_wconf 87' lang='lat' dir='ltr'><strong>In</strong></span> <span class='ocrx_word' id='word_1_678' title='bbox 641 5281 747 5335; x_wconf 88' lang='lat' dir='ltr'><strong>hoc</strong></span> <span class='ocrx_word' id='word_1_679' title='bbox 776 5280 964 5335; x_wconf 91' lang='lat' dir='ltr'><strong>libello</strong></span> <span class='ocrx_word' id='word_1_680' title='bbox 994 5280 1278 5350; x_wconf 86' lang='lat' dir='ltr'><strong>postulant</strong></span> <span class='ocrx_word' id='word_1_681' title='bbox 1304 5281 1567 5351; x_wconf 84' lang='lat' dir='ltr'><strong>monachi</strong></span> <span class='ocrx_word' id='word_1_682' title='bbox 1596 5281 1665 5335; x_wconf 88' lang='lat' dir='ltr'><strong>ab</strong></span> <span class='ocrx_word' id='word_1_683' title='bbox 1698 5281 1804 5333; x_wconf 92' lang='lat' dir='ltr'><strong>im-</strong></span> 
     </span>
    </p>
   </div>
   <div class='ocr_carea' id='block_1_103' title="bbox 225 5350 1809 5423">
    <p class='ocr_par' dir='ltr' id='par_1_103' title="bbox 225 5350 1809 5423">
     <span class='ocr_line' id='line_1_103' title="bbox 225 5350 1809 5423; baseline 0 -18"><span class='ocrx_word' id='word_1_684' title='bbox 225 5350 500 5418; x_wconf 84' lang='lat' dir='ltr'><strong>peratore,</strong></span> <span class='ocrx_word' id='word_1_685' title='bbox 539 5360 601 5406; x_wconf 92' lang='lat' dir='ltr'><strong>ut</strong></span> <span class='ocrx_word' id='word_1_686' title='bbox 632 5351 874 5423; x_wconf 82' lang='lat' dir='ltr'><strong>synodus</strong></span> <span class='ocrx_word' id='word_1_687' title='bbox 905 5352 1248 5405; x_wconf 73' lang='lat' dir='ltr'><strong>meumenica</strong></span> <span class='ocrx_word' id='word_1_688' title='bbox 1290 5350 1403 5415; x_wconf 84' lang='lat' dir='ltr'><strong>fiat,</strong></span> <span class='ocrx_word' id='word_1_689' title='bbox 1432 5367 1596 5419; x_wconf 85' lang='lat' dir='ltr'><strong>quam</strong></span> <span class='ocrx_word' id='word_1_690' title='bbox 1630 5351 1809 5420; x_wconf 82' lang='lat' dir='ltr'><strong>impe-</strong></span> 
     </span>
    </p>
   </div>
   <div class='ocr_carea' id='block_1_104' title="bbox 227 5423 1811 5491">
    <p class='ocr_par' dir='ltr' id='par_1_104' title="bbox 227 5423 1811 5491">
     <span class='ocr_line' id='line_1_104' title="bbox 227 5423 1811 5491; baseline 0.001 -19"><span class='ocrx_word' id='word_1_691' title='bbox 227 5429 372 5491; x_wconf 81' lang='lat' dir='ltr'><strong>ratur</strong></span> <span class='ocrx_word' id='word_1_692' title='bbox 399 5423 512 5491; x_wconf 80' lang='lat' dir='ltr'><strong>jam</strong></span> <span class='ocrx_word' id='word_1_693' title='bbox 562 5431 724 5476; x_wconf 88' lang='lat' dir='ltr'><strong>antea</strong></span> <span class='ocrx_word' id='word_1_694' title='bbox 752 5429 1095 5491; x_wconf 61' lang='lat' dir='ltr'><strong>praeceperat</strong></span> <span class='ocrx_word' id='word_1_695' title='bbox 1128 5423 1451 5491; x_wconf 85' lang='lat' dir='ltr'><strong>congregari</strong></span> <span class='ocrx_word' id='word_1_696' title='bbox 1480 5439 1493 5475; x_wconf 89' lang='lat'>:</span> <span class='ocrx_word' id='word_1_697' title='bbox 1531 5436 1655 5491; x_wconf 69' lang='lat' dir='ltr'><strong>quae</strong></span> <span class='ocrx_word' id='word_1_698' title='bbox 1691 5436 1811 5475; x_wconf 92' lang='lat' dir='ltr'><strong>om-</strong></span> 
     </span>
    </p>
   </div>
   <div class='ocr_carea' id='block_1_105' title="bbox 226 5489 1811 5561">
    <p class='ocr_par' dir='ltr' id='par_1_105' title="bbox 226 5489 1811 5561">
     <span class='ocr_line' id='line_1_105' title="bbox 226 5489 1811 5561; baseline 0.001 -17"><span class='ocrx_word' id='word_1_699' title='bbox 226 5489 375 5546; x_wconf 88' lang='lat' dir='ltr'><strong>nium</strong></span> <span class='ocrx_word' id='word_1_700' title='bbox 402 5489 581 5548; x_wconf 83' lang='lat' dir='ltr'><strong>saluti</strong></span> <span class='ocrx_word' id='word_1_701' title='bbox 598 5489 871 5557; x_wconf 85' lang='lat' dir='ltr'><strong>consulat,</strong></span> <span class='ocrx_word' id='word_1_702' title='bbox 897 5489 1000 5546; x_wconf 86' lang='lat' dir='ltr'><strong>nec</strong></span> <span class='ocrx_word' id='word_1_703' title='bbox 1034 5489 1462 5561; x_wconf 58' lang='lat' dir='ltr'><strong>monachos&#39;per</strong></span> <span class='ocrx_word' id='word_1_704' title='bbox 1488 5489 1811 5548; x_wconf 74' lang='lat' dir='ltr'><strong>violentiam</strong></span> 
     </span>
    </p>
   </div>
   <div class='ocr_carea' id='block_1_106' title="bbox 1912 5056 3512 5140">
    <p class='ocr_par' dir='ltr' id='par_1_106' title="bbox 1912 5056 3512 5140">
     <span class='ocr_line' id='line_1_106' title="bbox 1912 5056 3512 5140; baseline -0.009 -15"><span class='ocrx_word' id='word_1_705' title='bbox 1912 5068 2268 5126; x_wconf 90' lang='lat' dir='ltr'><strong>subscribere</strong></span> <span class='ocrx_word' id='word_1_706' title='bbox 2296 5068 2609 5138; x_wconf 90' lang='lat' dir='ltr'><strong>compellat.</strong></span> <span class='ocrx_word' id='word_1_707' title='bbox 2637 5065 2861 5122; x_wconf 89' lang='lat' dir='ltr'><strong>Scilicet</strong></span> <span class='ocrx_word' id='word_1_708' title='bbox 2883 5058 3140 5140; x_wconf 84' lang='lat' dir='ltr'><strong>monachi</strong></span> <span class='ocrx_word' id='word_1_709' title='bbox 3164 5056 3371 5140; x_wconf 34' lang='lat' dir='ltr'><strong>ill-i‘non</strong></span> <span class='ocrx_word' id='word_1_710' title='bbox 3394 5071 3512 5112; x_wconf 87' lang='lat' dir='ltr'><strong>crc-</strong></span> 
     </span>
    </p>
   </div>
   <div class='ocr_carea' id='block_1_107' title="bbox 1910 5127 3509 5211">
    <p class='ocr_par' dir='ltr' id='par_1_107' title="bbox 1910 5127 3509 5211">
     <span class='ocr_line' id='line_1_107' title="bbox 1910 5127 3509 5211; baseline -0.011 -14"><span class='ocrx_word' id='word_1_711' title='bbox 1910 5141 2118 5197; x_wconf 86' lang='lat' dir='ltr'><strong>debant</strong></span> <span class='ocrx_word' id='word_1_712' title='bbox 2160 5127 2447 5211; x_wconf 30' lang='lat' dir='ltr'><strong>synodumi</strong></span> <span class='ocrx_word' id='word_1_713' title='bbox 2473 5153 2595 5211; x_wconf 84' lang='lat' dir='ltr'><strong>esse</strong></span> <span class='ocrx_word' id='word_1_714' title='bbox 2650 5136 3075 5211; x_wconf 60' lang='lat' dir='ltr'><strong>meumcnicam,</strong></span> <span class='ocrx_word' id='word_1_715' title='bbox 3100 5127 3509 5211; x_wconf 35' lang='lat' dir='ltr'><strong>cuiL‘iosc‘or-us</strong></span> 
     </span>
    </p>
   </div>
   <div class='ocr_carea' id='block_1_108' title="bbox 1911 5195 3511 5281">
    <p class='ocr_par' dir='ltr' id='par_1_108' title="bbox 1911 5195 3511 5281">
     <span class='ocr_line' id='line_1_108' title="bbox 1911 5195 3511 5281; baseline -0.012 -15"><span class='ocrx_word' id='word_1_716' title='bbox 1911 5195 1968 5266; x_wconf 86' lang='lat' dir='ltr'><strong>et</strong></span> <span class='ocrx_word' id='word_1_717' title='bbox 1997 5195 2209 5281; x_wconf 68' lang='lat' dir='ltr'><strong>reliqui</strong></span> <span class='ocrx_word' id='word_1_718' title='bbox 2232 5208 2451 5281; x_wconf 65' lang='lat' dir='ltr'><strong>ngypti</strong></span> <span class='ocrx_word' id='word_1_719' title='bbox 2481 5207 2726 5281; x_wconf 84' lang='lat' dir='ltr'><strong>episcopi</strong></span> <span class='ocrx_word' id='word_1_720' title='bbox 2759 5220 2873 5281; x_wconf 80' lang='lat' dir='ltr'><strong>non</strong></span> <span class='ocrx_word' id='word_1_721' title='bbox 2905 5200 3307 5281; x_wconf 68' lang='lat' dir='ltr'><strong>interfuissent.</strong></span> <span class='ocrx_word' id='word_1_722' title='bbox 3348 5195 3511 5281; x_wconf 80' lang='lat' dir='ltr'><strong>Pete-</strong></span> 
     </span>
    </p>
   </div>
   <div class='ocr_carea' id='block_1_109' title="bbox 1912 5266 3509 5351">
    <p class='ocr_par' dir='ltr' id='par_1_109' title="bbox 1912 5266 3509 5351">
     <span class='ocr_line' id='line_1_109' title="bbox 1912 5266 3509 5351; baseline -0.013 -15"><span class='ocrx_word' id='word_1_723' title='bbox 1912 5282 2045 5336; x_wconf 86' lang='lat' dir='ltr'><strong>bant</strong></span> <span class='ocrx_word' id='word_1_724' title='bbox 2070 5266 2651 5351; x_wconf 33' lang='lat' dir='ltr'><strong>igiturufiﬁioscorus</strong></span> <span class='ocrx_word' id='word_1_725' title='bbox 2675 5266 2748 5351; x_wconf 17' lang='lat' dir='ltr'><strong>fin</strong></span> <span class='ocrx_word' id='word_1_726' title='bbox 2794 5275 3074 5351; x_wconf 60' lang='lat' dir='ltr'><strong>integrum</strong></span> <span class='ocrx_word' id='word_1_727' title='bbox 3097 5266 3509 5351; x_wconf 57' lang='grc' dir='ltr'>ι’ςειίιιιοτριιιγ,</span> 
     </span>
    </p>
   </div>
   <div class='ocr_carea' id='block_1_110' title="bbox 1913 5340 3505 5423">
    <p class='ocr_par' dir='ltr' id='par_1_110' title="bbox 1913 5340 3505 5423">
     <span class='ocr_line' id='line_1_110' title="bbox 1913 5340 3505 5423; baseline -0.01 -17"><span class='ocrx_word' id='word_1_728' title='bbox 1913 5340 2379 5423; x_wconf 57' lang='lat' dir='ltr'><strong>quemadmodum</strong></span> <span class='ocrx_word' id='word_1_729' title='bbox 2409 5348 2597 5403; x_wconf 74' lang='lat' dir='ltr'><strong>videre</strong></span> <span class='ocrx_word' id='word_1_730' title='bbox 2626 5346 2786 5401; x_wconf 86' lang='lat' dir='ltr'><strong>estin</strong></span> <span class='ocrx_word' id='word_1_731' title='bbox 2820 5340 2995 5400; x_wconf 78' lang='lat' dir='ltr'><strong>altero</strong></span> <span class='ocrx_word' id='word_1_732' title='bbox 3018 5340 3207 5397; x_wconf 85' lang='lat' dir='ltr'><strong>libello</strong></span> <span class='ocrx_word' id='word_1_733' title='bbox 3233 5340 3327 5408; x_wconf 87' lang='lat' dir='ltr'><strong>qui</strong></span> <span class='ocrx_word' id='word_1_734' title='bbox 3359 5345 3505 5407; x_wconf 88' lang='lat' dir='ltr'><strong>post-</strong></span> 
     </span>
    </p>
   </div>
   <div class='ocr_carea' id='block_1_111' title="bbox 1914 5422 2416 5479">
    <p class='ocr_par' dir='ltr' id='par_1_111' title="bbox 1914 5422 2416 5479">
     <span class='ocr_line' id='line_1_111' title="bbox 1914 5422 2416 5479; baseline -0.01 -1"><span class='ocrx_word' id='word_1_735' title='bbox 1914 5438 1980 5478; x_wconf 88' lang='lat' dir='ltr'><strong>ea</strong></span> <span class='ocrx_word' id='word_1_736' title='bbox 2012 5422 2277 5479; x_wconf 86' lang='lat' dir='ltr'><strong>rccilatus</strong></span> <span class='ocrx_word' id='word_1_737' title='bbox 2305 5430 2416 5475; x_wconf 88' lang='lat' dir='ltr'><strong>est.</strong></span> 
     </span>
    </p>
   </div>
   <div class='ocr_carea' id='block_1_112' title="bbox 1647 5628 2040 5687">
    <p class='ocr_par' dir='ltr' id='par_1_112' title="bbox 1647 5628 2040 5687">
     <span class='ocr_line' id='line_1_112' title="bbox 1647 5628 2040 5687; baseline -0.01 -1"><span class='ocrx_word' id='word_1_738' title='bbox 1647 5629 1961 5687; x_wconf 69' lang='lat' dir='ltr'><strong>VARIORU</strong></span> <span class='ocrx_word' id='word_1_739' title='bbox 1974 5628 2040 5683; x_wconf 70' lang='grc' dir='ltr'><strong>Μ.</strong></span> 
     </span>
    </p>
   </div>
   <div class='ocr_carea' id='block_1_113' title="bbox 296 5714 3509 5799">
    <p class='ocr_par' dir='ltr' id='par_1_113' title="bbox 296 5714 3509 5799">
     <span class='ocr_line' id='line_1_113' title="bbox 296 5714 3509 5799; baseline -0.006 -17"><span class='ocrx_word' id='word_1_740' title='bbox 296 5726 365 5799; x_wconf 64' lang='lat' dir='ltr'><strong>(s)</strong></span> <span class='ocrx_word' id='word_1_741' title='bbox 414 5727 512 5793; x_wconf 81' lang='grc' dir='ltr'><strong>Μὴ</strong></span> <span class='ocrx_word' id='word_1_742' title='bbox 579 5726 1028 5799; x_wconf 62' lang='grc' dir='ltr'>προσδεχοῆνατ</span> <span class='ocrx_word' id='word_1_743' title='bbox 1078 5724 1219 5793; x_wconf 68' lang='grc' dir='ltr'>τοὺς</span> <span class='ocrx_word' id='word_1_744' title='bbox 1272 5724 1594 5795; x_wconf 65' lang='grc' dir='ltr'>περαιτέίω</span> <span class='ocrx_word' id='word_1_745' title='bbox 1644 5721 1870 5793; x_wconf 64' lang='grc' dir='ltr'>,πρό-ην.</span> <span class='ocrx_word' id='word_1_746' title='bbox 1949 5720 2267 5794; x_wconf 82' lang='lat' dir='ltr'><strong>chendum</strong></span> <span class='ocrx_word' id='word_1_747' title='bbox 2329 5718 2405 5791; x_wconf 71' lang='grc' dir='ltr'>μὴ</span> <span class='ocrx_word' id='word_1_748' title='bbox 2468 5719 2661 5791; x_wconf 82' lang='grc' dir='ltr'>προσδ.</span> <span class='ocrx_word' id='word_1_749' title='bbox 2735 5716 3047 5790; x_wconf 66' lang='grc' dir='ltr'>περαιτέρω</span> <span class='ocrx_word' id='word_1_750' title='bbox 3106 5716 3233 5780; x_wconf 69' lang='grc' dir='ltr'>τοὺς</span> <span class='ocrx_word' id='word_1_751' title='bbox 3302 5714 3509 5788; x_wconf 65' lang='grc' dir='ltr'>πρὼηκ.</span> 
     </span>
    </p>
   </div>
   <div class='ocr_carea' id='block_1_114' title="bbox 231 5791 543 5856">
    <p class='ocr_par' dir='ltr' id='par_1_114' title="bbox 231 5791 543 5856">
     <span class='ocr_line' id='line_1_114' title="bbox 231 5791 543 5856; baseline 0.003 -6"><span class='ocrx_word' id='word_1_752' title='bbox 231 5791 311 5852; x_wconf 68' lang='lat' dir='ltr'><strong>W.</strong></span> <span class='ocrx_word' id='word_1_753' title='bbox 344 5791 543 5856; x_wconf 77' lang='lat' dir='ltr'><strong>Lowru</strong></span> 
     </span>
    </p>
   </div>
  </div>
