4108 6470
617 361 759 424 2583

1865 356 2177 416 EV'AGRII
2216 356 2703 416 SCHOLASTICI

3748 354 3889 419 2.281

614 473 709 531 alii
750 473 975 545 quidem
1022 472 1337 527 Nestorium
1391 479 1554 541 atque
1613 470 1918 542 Eutychen)
1979 470 2197 524 anathe-

2311 469 2443 539 χοῦς
2466 468 2914 537 ἐναντιουμένους
2951 470 3061 530 τοῖς
3096 467 3279 539 ὀρθοῖς
3319 466 3610 537 δόγμασιν.
3655 465 3769 536 Ἐφ’
3808 458 3896 529 οἷς

614 576 763 623 mate
790 554 1150 631 damnarent;
1186 564 1278 619 alii
1309 580 1441 620 vero
1479 566 1979 635 tergiversarentur
2005 582 2017 617 :
2045 562 2200 632 judi-

613 676 711 718 ccs
758 675 859 731 per
903 638 1388 713 interlocutionem
1440 655 1894 727 pronuntiarunt,
1927 664 1985 709 ut
2014 655 2198 710 Fausti

610 762 669 808 et
718 752 1060 822 reliquorum
1121 750 1519 806 monachorum
1588 765 1782 820 preces
1840 749 2195 819 legerentur:

611 845 819 915 quibus
841 820 1121 915 petebant
1148 843 1217 899 ab
1247 844 1603 912 imperatore,
1641 858 1710 897 ne
1752 842 1991 911 amplius
2018 820 2199 895 susci-

609 944 880 1006 perentur
933 934 1209 998 monachi,
1266 934 1363 1004 qui
1417 934 1587 988 rectis
1632 932 1981 1003 dogmatibus
2032 931 2198 1001 paulo

609 1035 739 1081 ante
770 1026 1005 1082 fuerant
1053 1026 1349 1080 adversati.
1386 1027 1535 1081 Inter
1575 1040 1717 1097 quos
1744 1023 1991 1094 quidam,
2021 1025 2195 1079 Doro-

609 1121 774 1175 thcus
813 1120 1059 1183 nomine,
1110 1119 1413 1190 Eutychem
1463 1117 1832 1173 orthodoxum
1883 1116 2196 1186 appellave-

608 1221 713 1265 rat.
768 1210 1047 1266 Adversus
1095 1227 1261 1281 quem
1309 1211 1538 1265 diverse
1569 1208 1904 1278 quaestiones
1932 1204 1999 1262 de
2024 1209 2196 1280 Euty-

608 1300 731 1355 cbis
784 1301 1035 1356 doctrina
1087 1316 1117 1353 a
1170 1300 1452 1370 iudicibus
1506 1300 1805 1369 propositae
1862 1308 2013 1353 sunt.
2066 1298 2198 1353 Post

610 1402 727 1449 tirec
787 1408 911 1448 cum
967 1393 1200 1462 quintus
1254 1408 1546 1447 consessus
1614 1392 1907 1446 inchoatus
1966 1390 2194 1453 fuisset,

601 1486 821 1557 judiccs
887 1486 1317 1540 interlocutione
1374 1485 1561 1539 habita
1622 1486 2088 1554 pronuntiarunt,
2138 1491 2200 1537 ut

606 1577 856 1633 definitio
912 1578 1041 1632 fidei
1102 1578 1567 1649 promulgaretnr.
1622 1578 1779 1631 Tunc
1838 1575 2198 1645 Asclepiades

607 1667 877 1725 diaconus
906 1670 1170 1727 Ecclesiae
1207 1669 1849 1738 Constantinopolitanm,
1894 1668 2024 1737 legit
2059 1667 2197 1721 deti-

603 1760 898 1826 nitionern,
933 1778 1097 1832 quam
1145 1761 1520 1815 monumentis
1554 1769 1805 1815 actorum
1848 1758 2195 1815 inserendam

602 1868 719 1908 non
778 1872 902 1911 esse
954 1857 1300 1927 iudicarunt.
1352 1855 1452 1911 Cui
1523 1854 1834 1912 definitioni
1882 1856 2139 1912 nonnulli
2188 1854 2411 1926 quidem
2472 1859 2852 1921 repugnarunt

2306 561 2587 632 Δωρόθεος
2621 560 2877 631 μοναχὸς,
2896 560 3179 631 όρθόδοξον
3206 560 3421 630 Εὐτυχῆ
3454 557 3723 629 κέκληκε.
3744 556 3894 628 Πρὸς

2304 651 2362 704 ὃν
2401 651 2637 721 διάφορα
2664 651 2969 721 δογματικά
3018 654 3148 723 περὶ
3203 650 3479 722 Εὑτυχοῦς
3509 649 3666 723 παρά
3707 650 3814 703 τῶν
3843 649 3893 683 ⁸⁸

2304 744 2582 815 ἀρχόντων
2624 744 2871 815 ἐκινήθη.
2926 746 3036 797 Καὶ
3079 743 3217 815 μετά
3250 743 3408 797 τοῦτο
3456 742 3719 813 πέμπτης
3766 758 3894 794 συν·

2304 836 2569 899 ελεύσεως
2595 836 2918 907 γενομένης,
2953 836 3279 905 διελάλησαν
3305 837 3353 888 ol
3378 835 3663 905 ἄρχοντες,
3694 830 3765 886 τὰ
3797 849 3895 884 τυ-

2304 927 2558 981 πωθέντα
2583 927 2826 996 περὶτῆς
2848 927 3083 989 πίστεως
3106 926 3240 996 δῆλα
3260 926 3533 995 γενέσθαι.
3559 926 3667 977 Καὶ
3682 924 3896 992 ἀνέγνω

2317 1018 2721 1090 Ἀσκληπιάδης
2749 1018 2991 1081 διάκονος
3018 1018 3645 1079 Κωνσταντινουπόλεως
3668 1018 3815 1087 ὅρον,
3836 1015 3897 1068 ὃν

2304 1114 2450 1179 ἔδοξε
2483 1115 2558 1183 μὴ
2589 1116 2923 1185 συνταγῆναι
2944 1115 3059 1177 τοῖς
3096 1114 3476 1183 ὑπομνήμασι.
3496 1113 3645 1183 Πρὸς
3672 1110 3732 1163 ὃν
3753 1110 3900 1172 τινὲς

2308 1209 2405 1278 μὲν
2434 1207 2824 1277 διηνέχθησαν·
2862 1209 2909 1259 0i
2949 1204 3168 1266 πλείους
3190 1203 3247 1256 δὲ
3295 1204 3615 1273 συνῄνεσαν.
3660 1201 3772 1254 Καὶ
3806 1201 3901 1252 ὲκ-

2302 1298 2546 1367 6οήσεων
2573 1294 2833 1348 ἐναντίων
2859 1294 3189 1364 γενομένων,
3228 1288 3383 1345 εἷπον
3408 1295 3457 1343 οἱ
3483 1292 3769 1361 ἄρχοντες,
3810 1289 3898 1341 ὅτι

2304 1387 2597 1456 Διόσκορος
2624 1384 2778 1451 ἔλεγε
2792 1385 2879 1437 διὰ
2902 1383 3059 1436 τοῦτο
3076 1382 3327 1436 καθελεῖν
3349 1380 3677 1443 Φλαϐιανὸν,
3706 1378 3898 1447 ἐπειδὴ

2290 1479 2395 1533 ¹δύο
2426 1480 2616 1549 φύσεις
2646 1473 2799 1531 εἶπεν
2824 1473 2994 1529 εἷναι·
3032 1476 3124 1529 τὸν
3162 1476 3218 1529 δὲ
3274 1476 3400 1545 ὅρον
3437 1476 3499 1526 ὲκ
3534 1473 3632 1527 δύο
3682 1472 3901 1540 φύσεων

2302 1571 2445 1641 ἔχειν
2475 1571 2559 1641 (t).
2587 1570 2729 1639 Πρὸς
2758 1568 2792 1622 ἃ
2823 1568 3129 1630 Ἀνατόλιος
3152 1563 3293 1633 εἷπε,
3324 1567 3619 1637 Διόσκορον
3655 1566 3731 1636 μὴ
3764 1564 3904 1617 καθ-

2302 1664 2594 1733 αιρεθῆναι
2642 1663 2732 1715 διὰ
2784 1661 3003 1725 πέστιν,
3063 1660 3178 1714 ἀλλ’
3236 1661 3425 1730 ἐπειδὴ
3494 1658 3904 1729 ἀκοινωνησίαν

2303 1757 2553 1826 ἐπήγαγε
2578 1754 2788 1819 Λέοντι,
2820 1755 2912 1805 καὶ
2933 1752 3053 1823 τρὶς
3083 1751 3329 1819 κληθεὶς,
3358 1751 3460 1803 οὐκ
3486 1746 3646 1820 ἦλθε.

2909 1869 2921 1903 :
2974 1850 3167 1919 plures
3224 1858 3408 1903 tamen
3470 1853 3901 1903 consenserunt.

603 1947 857 2020 Cumque
890 1949 1023 2003 hinc
1070 1949 1284 2004 etinde
1312 1950 1738 2005 acclamationes
1800 1952 2093 2007 contrariae
2152 1949 2309 2003 facta:
2346 1952 2556 2007 essent,
2612 1943 2829 2014 judices
2858 1943 3138 2010 dixerunt,
3185 1942 3509 1997 Dioscorum
3555 1939 3763 1993 dixisse
3812 1937 3903 1989 id-

603 2038 754 2093 circo
808 2040 1131 2094 Flavianum
1186 2040 1256 2094 ab
1312 2041 1431 2109 ipso
1481 2041 1796 2111 depositum
1851 2057 1998 2103 esse,
2043 2041 2191 2110 quod
2230 2039 2369 2093 duas
2414 2046 2647 2092 naturas
2687 2051 2809 2091 esse
2880 2035 3163 2090 dixisset:
3203 2034 3261 2088 in
3330 2033 3660 2089 definitione
3711 2041 3902 2085 autem

603 2130 878 2199 seriptum
930 2131 1145 2195 haberi,
1177 2146 1244 2185 ex
1274 2130 1494 2186 duabus
1534 2133 1769 2187 naturis.
1801 2133 1883 2187 Ad
1952 2133 2069 2187 haec
2098 2132 2391 2186 Anatolius
2427 2127 2735 2199 respondit,
2772 2127 3098 2182 Dioscorum
3164 2141 3276 2180 non
3331 2125 3403 2179 ob
3470 2124 3638 2179 fidem
3677 2123 3904 2195 deposi-

604 2231 725 2278 tum
768 2222 969 2287 fuisse,
1010 2222 1108 2278 sed
1152 2223 1283 2292 quia
1328 2224 1569 2279 Leonem
1602 2226 2205 2289 excommunicaverat,
2243 2234 2299 2278 et
2331 2232 2414 2278 ter
2449 2230 2679 2276 vocatus
2712 2220 2779 2275 ad
2811 2220 3113 2275 concilium
3140 2234 3251 2273 non
3278 2225 3526 2272 venerat.

676 2316 1066 2385 Tumjudices
1100 2317 1449 2385 postularunt
1483 2325 1543 2371 ut
1569 2319 1739 2373 verba
1776 2318 2021 2388 epistolae
2046 2318 2190 2373 Leo~

2368 2316 2477 2371 Καὶ
2500 2315 2608 2369 ἀπὸ
2629 2313 2724 2367 τοῦ
2755 2312 2851 2367 νῦν
2871 2314 2919 2366 οἱ
2947 2313 3207 2383 ἄρχοντες
3242 2312 3446 2381 (58)-τὰ
3460 2306 3514 2363 ἐν
3535 2314 3603 2381 τῇ
3638 2311 3900 2383 ἐπιστολῇ

601 2408 691 2463 nis
749 2406 1136 2463 insererentur
1194 2409 1507 2464 definitioni
1582 2408 1731 2465 ﬁdei.
1804 2409 2018 2477 Qui-bus
2069 2426 2196 2465 cum

600 2498 850 2569 episcopi
884 2499 1383 2565 contradixissent,
1417 2500 1888 2570 nl‘ﬁrmasscntque
1911 2501 2074 2555 aliam
2102 2501 2199 2556 de-

603 2588 915 2645 finitionem
972 2590 1090 2645 fieri
1138 2606 1250 2645 non
1306 2607 1466 2662 posse
1500 2598 1516 2645 ε’
1566 2580 1690 2646 eam
1740 2591 1886 2646 enim
1936 2591 2199 2647 omnibus

600 2682 854 2736 numeris
890 2697 1011 2737 esse
1044 2682 1353 2737 absolutam
1382 2701 1394 2736 :
1427 2698 1514 2737 res
1563 2682 1631 2737 ad
1680 2670 2073 2753 imperatorem
2104 2698 2197 2738 re-

601 2773 715 2830 lata
757 2780 860 2827 est.
904 2772 1212 2842 Imperator
1242 2789 1310 2827 ex
1340 2772 1718 2828 Orientalibus
1755 2774 2030 2843 episcopis
2077 2789 2195 2838 sex,

601 2880 673 2920 ex
719 2864 948 2920 Pontica
982 2865 1210 2920 dimccsi
1249 2874 1381 2932 tres,
1416 2874 1525 2921 tres
1560 2866 1691 2940 item
1722 2882 1790 2921 cx
1820 2866 1969 2934 Asia,
1999 2875 2055 2922 et
2086 2877 2199 2923 tres

602 2971 674 3010 cx
715 2956 974 3021 Thracia,
1033 2956 1372 3027 totidemque
1417 2974 1484 3011 ex
1526 2958 1771 3029 lllyrico,
1824 2957 1881 3011 in
1931 2958 2198 3028 templum

602 3050 867 3121 martyris
902 3050 1224 3120 Euphemia:
1251 3052 1550 3107 convenire
1594 3052 1781 3122 jussit,
1828 3054 2201 3122 praesentibus

602 3142 858 3197 Anatolio
885 3151 942 3196 et
975 3142 1213 3198 vicariis
1244 3143 1502 3197 Romamre
1550 3143 1720 3208 sedis,
1762 3152 1928 3213 atque
1967 3145 2083 3200 illic
2112 3161 2202 3200 re-

605 3233 789 3304 gulam
833 3231 960 3287 fidei
1012 3242 1163 3288 recte
1214 3232 1573 3298 constituere,
1620 3242 1716 3287 aut
1757 3243 1909 3289 certe
1954 3235 2201 3306 singulos

605 3339 859 3379 seorsum
893 3324 1057 3379 fidem
1094 3340 1249 3379 suam
1280 3341 1583 3395 exponere.
1618 3324 1716 3380 Sin
1750 3326 1956 3391 minus,
1990 3327 2200 3382 scirent

605 3417 878 3489 synodum
915 3418 982 3474 in.
1003 3408 1324 3473 Occidentis
1353 3419 1606 3489 partibus
1633 3434 1756 3474 esse
1785 3418 2194 3474 celebrandam.

605 3509 857 3580 Cumque
890 3526 960 3566 ex
992 3511 1103 3565 illis
1135 3511 1425 3581 quesitum
1451 3520 1621 3575 esset,
1658 3518 1845 3565 utrum
1872 3511 2197 3567 Dioscorum

606 3610 974 3672 sequerentur
1008 3602 1102 3672 qui
1134 3602 1416 3657 Christum
1444 3618 1512 3657 ex
1552 3602 1770 3659 duabus
1814 3613 2071 3660 constare
2102 3620 2200 3669 na-

2298 2407 2529 2468 Λέοντος
2550 2404 2835 2475 ἐντεθῆναι
2860 2404 2937 2475 τῷ
2965 2404 3099 2475 ὅρῳ.
3127 2402 3271 2474 Πρὸς
3299 2403 3327 2455 ὂ
3348 2403 3760 2473 ἀπορησάντων
3786 2405 3901 2457 τῶν

2300 2498 2618 2553 ἐπισκόπων
2630 2500 2724 2552 καὶ
2744 2496 3050 2568 εἰρηκότων
3069 2495 3228 2550 ἀλλον
3251 2496 3378 2565 ὅρον
3402 2494 3479 2565 μὴ
3498 2494 3780 2563 γενέσθαι,
3810 2497 3903 2547 ὲνο

2299 2590 2469 2654 τελῶς
2504 2590 2614 2661 γὰρ
2654 2588 2821 2661 ἔχειν,
2885 2588 3162 2660 ἀνηνέχθη
3193 2588 3369 2642 ταῦτα
3396 2586 3475 2659 τῷ
3525 2588 3757 2651 βασιλεῖ.
3787 2589 3901 2642 Ka't

2300 2682 2592 2736 ἐκέλευσεν
2657 2681 2717 2749 ἒξ
2747 2682 2857 2736 ἀπὸ
2890 2682 3001 2735 τῶν
3033 2682 3370 2737 ἀνατολικῶν
3420 2681 3763 2745 ἐπισκόπων,
3802 2683 3902 2737 καὶ

2300 2777 2451 2847 τρεῖς
2479 2775 2592 2829 ἀπὸ
2620 2776 2720 2845 τῆς
2776 2776 3069 2844 Ποντικῆς,
3102 2776 3199 2828 καὶ
3229 2778 3379 2846 τρεῖς
3416 2775 3523 2828 ἀπὸ
3562 2774 3775 2841 Ἄσίας,
3803 2774 3901 2829 καὶ

2299 2872 2451 2940 τρεῖς
2492 2868 2600 2923 ἀπὸ
2636 2868 2882 2941 Θρᾴκης,
2925 2869 3020 2921 καὶ
3066 2870 3217 2939 τρεῖς
3266 2868 3375 2923 ἀπὸ
3422 2869 3719 2941 Ἰλλυριῶν,
3755 2885 3899 2939 συμ-

2302 2958 2575 3029 παρόντος
2615 2956 2924 3010 ’Δνατολῖου
2947 2956 3044 3009 καὶ
3092 2958 3202 3010 τῶν
3246 2958 3639 3029 τοποτηρητῶν
3673 2957 3900 3029 Ῥώμης

2304 3049 2582 3104 συνελθεῖν
2607 3051 2666 3102 ὲν
2696 3049 2774 3119 τῷ
2812 3048 3120 3121 μαρτυρῖῳ,
3149 3049 3336 3104 καὶτὰ
3365 3050 3495 3121 περὶ
3520 3050 3620 3120 τῆς
3660 3050 3898 3114 πίστεως

2308 3142 2487 3213 ὀρθῶς
2514 3142 2788 3203 τυπῶσαι,
2838 3142 2872 3212 ἢ
2897 3141 3131 3195 ἕκαστον
3176 3142 3278 3211 τὴν
3319 3142 3514 3196 ἑαυτοῦ
3538 3142 3779 3213 δηλῶσαι
3808 3143 3897 3195 πῖ-

2305 3250 2444 3298 στιν,
2475 3234 2507 3303 ἥ
2540 3233 2761 3299 ειδέναι,
2792 3233 2869 3298 ὡς
2914 3235 2974 3287 ὲν
3026 3235 3093 3305 τῇ
3135 3233 3298 3288 Δύσει
3330 3235 3363 3306 ἡ
3398 3233 3613 3299 σύνοδος
3661 3235 3897 3302 γίνεται.

2302 3326 2411 3379 Καὶ
2440 3324 2841 3397 ἀπαιτηθέντες
2869 3326 3134 3389 εἱπεῖν,εῖ
3156 3326 3434 3397 Διοσκόρω
3459 3324 3819 3380 ἀκολουθοῦσι
3834 3329 3899 3381 ἐκ

2300 3419 2396 3472 δύο
2418 3419 2652 3488 λέγοντι,
2681 3419 2713 3489 ἢ
2747 3419 2959 3485 Λέοντι,
2977 3418 3073 3472 δύο
3101 3420 3160 3473 ἐν
3184 3419 3435 3491 Χριστῷ,
3455 3420 3692 3491 ἐϐόησαν
3709 3420 3901 3475 Λέοντι

2302 3508 2580 3564 πιστεύειν
2611 3508 2724 3579 (‘59)
2747 3523 2759 3537 '
2804 3510 2932 3572 τοὺς
2958 3509 3014 3562 δὲ
3040 3508 3445 3579 ἀντιλέγοντας,
3470 3510 3903 3581 Εὑτυχιανιστάς

2303 3596 2465 3656 εἶναι.
2482 3601 2593 3654 Καὶ
2610 3600 2719 3653 τῶν
2745 3601 3021 3675 ἀρχόντων
3044 3602 3345 3674 εἰρηκότων
3363 3602 3728 3673 προστεθῆναι
3758 3602 3903 3657 κατά

609 3695 754 3749 turis
787 3693 1033 3761 dicebat,
1086 3709 1158 3749 an
1188 3694 1431 3749 Leonem
1465 3695 1561 3763 qui
1591 3694 1729 3750 duas
1752 3696 1807 3750 in
1836 3695 2058 3751 Christo
2100 3713 2197 3751 na-

2306 3694 2539 3757 Δέοντος
2566 3692 2687 3765 (40)
2717 3692 2813 3747 δύο
2842 3693 3035 3764 φύσεις
3083 3694 3399 3765 ἡνωμένας,
3432 3694 3738 3766 ἀτρέπτους
3765 3694 3903 3766 (il),

608 3796 766 3842 turas
816 3787 1125 3853 asserebat,
1174 3786 1552 3841 acclamarunt
1598 3802 1658 3842 se
1695 3787 1865 3842 Leoni
1901 3787 2199 3843 assentiri:

609 3894 706 3935 eos
735 3895 868 3935 vero
906 3879 1001 3950 qui
1045 3878 1521 3945 contradicerent,
1568 3879 2013 3951 Entychianistas
2054 3894 2197 3935 esse.

2312 3789 2405 3841 καὶ
2429 3786 2785 3859 ἀμερίστους,
2818 3786 2915 3840 καὶ
2950 3786 3294 3857 ἀσυγχύτους
3323 3789 3383 3841 ὲν
3412 3787 3491 3859 τῷ
3528 3787 3773 3858 Χριστῷ,
3809 3788 3900 3841 καὶ

2312 3879 2648 3934 ὲπελθόντων
2673 3880 2784 3935 τῶν
2813 3880 3097 3951 ἀρχόντων
3120 3878 3233 3951 (42)
3273 3880 3331 3933 ἔν
3374 3878 3453 3951 τῷ
3484 3879 3775 3951 μαρτυρίῳ
3804 3880 3903 3950 τῆς

1928 3992 2166 4049 VABIAS
2199 3992 2607 4051 LECTIONES.

1823 4130 2097 4209 VALESII
2135 4130 2697 4187 ANNOTATIONES.

685 4066 740 4098 “~
772 4066 1057 4131 παρόντων
1086 4064 1218 4119 τῶν.

684 4230 796 4303 ('58)
830 4230 937 4287 Καὶ
956 4232 1083 4303 κάπὸ
1116 4231 1224 4303 τοῦ
1259 4228 1803 4303 νῦνᾼοι-ᾶρκοχτες.
1830 4226 1989 4303 Hune
2019 4226 2203 4282 locum

610 4296 851 4361 feliciter
873 4302 1011 4355 mihi
1042 4302 1235 4356 videor
1271 4299 1602 4355 restituisse.
1635 4296 1771 4351 Nam
1795 4312 1863 4351 ex
1892 4297 2074 4351 tribus
2104 4313 2203 4351 vo-

612 4372 831 4430 cabulis
876 4373 1098 4427 unicum
1138 4372 1241 4426 feci
1292 4371 1400 4425 hoc
1446 4369 1609 4423 modo
1649 4367 1894 4437 ἀπῄτουν
1933 4368 1983 4419 οἱ
2010 4369 2207 4436 ἄρχον-

611 4462 725 4507 τες.
763 4451 873 4496 ete.
920 4442 987 4495 At
1025 4443 1394 4507 Nicephorus,
1425 4455 1550 4495 cum
1607 4437 1758 4491 hunc
1796 4438 1978 4491 locum
2018 4452 2212 4491 corru-

2306 4226 2479 4281 Leoni
2505 4226 2757 4300 credere,
2780 4246 2945 4300 quem
2972 4230 3271 4286 admodum
3313 4228 3485 4284 vertit
3508 4227 3904 4298 Christopbor-

2308 4312 2478 4356 sonus
2511 4315 2523 4349 :
2558 4298 2653 4352 sed
2680 4298 2812 4353 cum‘
2847 4301 3027 4356 Leone
3067 4316 3125 4355 se
3159 4300 3411 4364 credere,
3445 4310 3507 4355 ut
3537 4312 3691 4355 reete
3736 4301 3908 4353 inter-

2308 4368 2510 4436 pretati
2554 4377 2685 4441 sunt
2728 4370 2949 4441 Langus
2982 4382 3039 4425 et
3079 4371 3381 4425 Musculus.
3418 4370 3509 4425 Sic
3537 4372 3690 4424 enim
3722 4369 3908 4441 accla-

2309 4446 2534 4511 marunt
2559 4478 2574 4501 ,
2606 4438 2684 4501 ὡς
2716 4438 2889 4511 Λέων,
2922 4442 3065 4495 οὕτω
3095 4441 3191 4494 καὶ
3220 4441 3579 4510 πιστεύομεν,
3618 4448 3681 4493 ιιι
3704 4440 3909 4511 legitur

613 4506 771 4595 ptum
800 4528 923 4566 esse
964 4506 1451 4595 aniliiadv'erterct,
1484 4508 1656 4588 verbo
1691 4507 1903 4595 adjecto
1935 4506 2214 4595 supplevit
2312 4506 2369 4561 in
2388 4507 2625 4595 [actione
2652 4510 2866 4595 quieta:

615 4586 674 4638 in
723 4586 869 4636 hunc
925 4586 1149 4637 modum
1201 4602 1213 4636 :

1258 4581 1391 4633 Ἀπὸ
1441 4578 1537 4631 τοῦ
1570 4576 1665 4631 νῦν
1707 4578 1755 4628 οἱ
1789 4579 2047 4646 ἄρχοντες
2090 4577 2213 4629 ὲκέ-

612 4652 854 4713 λενσαν,
919 4664 1051 4715 etc.,
1096 4660 1291 4707 contra
1348 4650 1509 4703 fidem
1572 4656 1853 4718 gestorum
1900 4656 1961 4718 et,
2007 4656 2209 4715 praeter

616 4733 857 4778 mentem
888 4723 1132 4793 Evagrii.
1165 4723 1355 4793 Neque
1384 4720 1530 4774 enim
1555 4717 1772 4793 iudices
1803 4717 2097 4793 sazculares
2113 4718 2207 4785 qui

612 4794 770 4864 jussu
825 4787 1199 4873 imperatoris
1227 4787 1820 4873 intererant-synodo,
1858 4787 2209 4873 "niapdarunt

2385 4578 2493 4649 (40)
2551 4578 2963 4646 Προστὲθῆναι
3012 4581 3163 4635 κατὰ
3217 4581 3495 4644 Λέοντος.
3555 4579 3912 4649 Nicephorus

2318 4648 2544 4718 quidem
2596 4651 2915 4706 emendavit
2968 4655 3108 4705 κατά
3135 4654 3362 4706 Λέοντα.
3398 4650 3508 4706 Sed
3546 4665 3657 4704 non
3700 4648 3912 4704 dubito

2318 4720 2450 4791 quin
2477 4719 2746 4790 Evagrius
2773 4722 3060 4791 scripserit
3088 4724 3231 4775 κατὰ
3258 4730 3325 4774 τα
3349 4722 3603 4775 Λέοντος.
3640 4719 3735 4774 Sic
3758 4720 3909 4791 enim

2318 4788 2621 4861 loquuntur
2649 4791 2867 4859 judiccs
2889 4788 2956 4845 'iu
2982 4792 3199 4846 actione
3233 4792 3427 4861 quinta
3475 4788 3909 4861 hujusconcilii,

618 4854 864 4932 unquam
897 4854 959 4915 ut
1001 4862 1237 4931 epistola
1278 4861 1477 4914 Leonis
1516 4854 1823 4932 definitioni
1855 4857 1984 4932 fidei
2008 4858 2214 4932 insere—
2242 4854 2295 4912 D
2322 4854 2443 4928 pag.
2471 4859 2597 4932 25f).
2632 4854 2804 4932 Porro
2824 4870 2950 4931 post
2964 4878 3155 4916 vocem
3184 4854 3570 4932 προστεθῆναι,
3588 4859 3910 4914 addendum

616 4928 810 4998 retur;
855 4932 951 4986 sed
999 4928 1051 4986 id
1092 4942 1304 4986 tantum
1364 4930 1716 4999 postularunt
1759 4928 1827 4982 ab
1879 4928 2161 4996 episcopis
2198 4946 2211 4981 :

617 5005 768 5069 quod
821 5011 1005 5057 tamen
1060 5004 1308 5072 episcopi
1338 5002 1430 5072 eis
1469 5000 1834 5068 denegarunt,
1868 5008 1929 5052 ut
1969 5008 2121 5067 patet
2146 5015 2215 5053 ex

617 5074 836 5128 actione
858 5074 1078 5141 quinta,
1100 5071 1225 5142 pag.
1250 5071 1376 5125 250.

691 5144 803 5211 (59)
850 5138 1059 5196 Ᾰέοντι
1102 5138 1436 5195 πιστεύειν.
1474 5138 2049 5211 Subaudienduntest
2079 5140 2212 5193 ἀκο-

613 5209 972 5276 λούθοῦντας,
1021 5212 1139 5267 Non
1189 5212 1337 5267 enim
1394 5209 1805 5280 reSponderunt
1860 5210 2108 5280 episcopi
2149 5226 2213 5265 se

2320 4944 2440 4983 esse
2465 4930 2686 4984 videtur
2714 4930 2845 4985 δεῖν.

2321 4991 2332 5004 “
2392 4998 2509 5080 (Η.)
2559 5000 2910 5080 ἐξίνςυμένας
2947 5003 3301 5080 ςξτρέπζους.
3356 5002 3418 5056 In
3468 4999 3904 5080 actionequinta

2320 5070 2512 5143 synodi
2553 5070 3025 5143 Chalcedonensis
3060 5076 3329 5143 scriptum
3379 5081 3463 5127 est
3512 5070 3912 5126 adverbialiter

2318 5140 2604 5212 ἀτρέπτως
2628 5142 2723 5212 καὶ
2746 5143 3061 5212 ἀμερίστως
3090 5140 3560 5212 καῖάσυγχύτως.’

2380 5210 2501 5281 (42)
2532 5211 2641 5265 Καὶ
2682 5210 3062 5267 ἐπελθόντων
3094 5212 3215 5267 τῶν
3237 5210 3568 5285 ἀρχόντων.
3625 5213 3771 5267 Ante
3812 5210 3911 5264 has

2085 5330 2391 5388 VAiilORU
2401 5331 2473 5392 Μ.

694 5427 769 5500 (ε)Δ
802 5426 1019 5500 Ter-766‘
1050 5428 1191 5500 ὅρον
1213 5429 1279 5500 ἐκ
1304 5428 1413 5482 δύο
1442 5428 1690 5500 φύσεων
1719 5428 1901 5497 ἔχειν.
1933 5429 2202 5500 lntelligi-

618 5505 714 5551 tur
747 5496 985 5552 formula
1038 5498 1167 5551 fidei
1203 5499 1273 5552 ab
1327 5496 1585 5553 Anatolio
1614 5499 1724 5566 jam
1753 5496 1993 5554 Concilio
2042 5496 2205 5555 exhi-

620 5567 757 5630 bita,
784 5567 841 5622 in
872 5584 981 5638 qua
1012 5567 1151 5622 illud
1185 5568 1363 5623 visum
1390 5578 1475 5623 est
1510 5569 1769 5623 Patribus
1818 5571 2209 5638 reprehensio-

621 5653 748 5691 nem
809 5638 1036 5703 mereri,
1089 5638 1235 5707 quod
1289 5639 1573 5693 Christum
1626 5654 1695 5692 ex
1740 5639 1958 5695 duabus
1994 5641 2211 5695 naturis

626 5716 884 5779 constare
912 5710 1354 5779 pronuntiasset.
1384 5708 1687 5763 Dicendum
1716 5710 1863 5764 enim
1918 5710 2124 5773 fuerat,
2151 5720 2215 5764 ut

624 5777 837 5846 plenius
867 5777 1193 5835 obviaretur
1234 5779 1430 5834 hmresi
1488 5779 1868 5852 Eutychiana',
1923 5781 2208 5836 Christum

2313 5449 2380 5487 ex
2433 5433 2653 5489 duabus
2704 5435 2919 5488 naturis
2982 5442 3236 5489 constare
3307 5442 3434 5502 post
3480 5430 3904 5488 adunationem.

2315 5504 2596 5573 Eutyches
2626 5505 2831 5573 quippe
2851 5506 3089 5558 asseruit
3134 5503 3418 5559 Christum
3450 5513 3577 5557 ante
3596 5502 3906 5573 unitionem

2320 5571 2459 5643 duas
2490 5571 2717 5635 naturas
2744 5571 3032 5639 habuisse;
3070 5589 3236 5627 unam
3271 5589 3405 5628 vero
3430 5571 3904 5643 postunition_em.

2318 5642 2592 5698 Catholici
2623 5653 2818 5714 autem,
2859 5644 3194 5714 profitentur
3240 5659 3364 5699 esse
3398 5640 3472 5714 in:
3502 5642 3730 5714 Christo
3766 5641 3907 5714 duas

2318 5721 2547 5768 naturas
2569 5715 2755 5767 unitas
2808 5710 3122 5779 in'confuse,
3144 5712 3666 5774 inconvertibiliter,
3701 5710 3905 5765 indivi-

2320 5782 2719 5840 sibiliter.\’id.
2754 5799 2945 5856 supra,
2976 5800 3025 5840 ς.
3051 5786 3103 5853 ι,
3136 5799 3331 5841 versus
3356 5781 3651 5841 ﬁnem.W.
3683 5781 3907 5839 Lowru.
