4108 6462
173 411 307 475 2389

1093 415 1479 476 HISTORIA?
1518 418 2112 491 ECCLESIASTIC/E
2152 424 2386 484 LIBER
2423 424 2532 484 III.

3321 424 3461 488 2590

172 519 518 595 ἔξενεχθῆναι
538 525 721 592 αὐτὸν,
753 525 846 578 καὶ
868 523 1140 594 Στέφανον
1160 525 1462 595 ἐσαχθῆναι
1492 526 1628 596 (48).
1651 528 1762 579 Καὶ

1873 531 2026 586 irrita
2054 547 2198 598 esse,
2234 541 2463 602 excepta
2489 531 2842 586 ordinatione
2873 532 3090 587 Maximi
3120 534 3467 588 Antiochen-

171 618 360 686 ἑτέρας
432 617 653 670 συνόδου
708 616 1009 686 γενομένης
1065 615 1240 669 ταῦτα
1287 616 1589 687 ἐψηφίσθη.
1645 619 1757 670 Καὶ

170 708 624 779 τρισκαιδεκάτης
657 707 910 777 πράξεως
939 707 1016 775 (α’)
1039 707 1370 777 γενομένης,
1400 710 1678 780 ἐξητάσθη
1694 709 1764 762 τὰ

173 799 306 853 κατὰ
339 800 609 868 Εὐνόμιον
629 800 722 852 τὸν
753 798 1143 868 Νικομηδείας,
1165 800 1258 852 καὶ
1287 801 1648 855 Ἀναστάσιον
1671 801 1763 854 τὸν

171 888 472 943 ἐπίσκοπον
488 890 747 956 Νικαίας,
777 889 1274 960 φιλονεικησάντων
1306 892 1436 961 περὶ
1468 891 1579 944 τῶν
1615 890 1761 944 ἰδίων

171 983 399 1037 πόλεων.
436 983 634 1049 Γέγονε
668 982 724 1035 δὲ
769 981 865 1035 καὶ¹
907 981 1483 1053 τεσσαρεσκαιδεκάτη
1535 982 1760 1054 πρᾶξις.

172 1076 258 1129 καὶ
287 1073 562 1144 δξητάσθη
605 1074 676 1128 τὰ
702 1074 844 1128 κατά
891 1074 1157 1128 Βασιανόν
1188 1073 1299 1144 (49)
1319 1091 1334 1105 ·
1369 1075 1465 1128 καὶ
1495 1075 1632 1144 πρὸς
1682 1074 1760 1144 τῷ

171 1169 314 1220 τέλει
346 1166 642 1236 ἐδικαιώθη
669 1167 760 1219 τὸν
783 1165 1412 1230 Κωνσταντινουπόλεως
1447 1165 1638 1237 θρόνον
1667 1167 1761 1218 εὑ-

173 1257 266 1320 θὺς
299 1256 442 1327 μετά
477 1258 570 1311 τὸν
599 1257 823 1327 Ῥώμης
851 1257 1132 1325 τετάχθαι.

1865 623 1940 677 sis
1968 623 2234 693 episcopi.
2265 625 2453 693 Deque
2483 639 2547 678 ea
2577 639 2635 678 re
2671 625 3060 694 imperatorem
3093 627 3260 680 etiam
3305 641 3465 696 roga-

1865 723 2018 779 runt,
2072 722 2133 767 ut
2157 715 2278 784 lege
2315 714 2423 769 lata
2457 714 2802 777 decerneret,
2847 724 2907 768 ut
2939 716 3077 769 nihil
3112 730 3305 769 eorum
3339 732 3461 786 quze

1864 813 1989 874 post
2018 805 2252 875 primam
2281 807 2571 876 synodum,
2598 805 2687 858 cui
2714 814 2938 861 sanctus
2957 805 3197 876 Cyrillus
3219 807 3459 861 Alexan-

1863 895 2156 951 drinorum
2206 896 2449 967 praefuit,
2502 896 2708 967 Ephesi
2755 907 2875 952 acta
2923 905 3129 962 essent,
3183 897 3355 951 robur
3395 911 3462 951 ac

1870 987 2190 1042 ﬁrmitatem
2255 988 2559 1043 obtineret.
2611 988 3042 1058 Judimtumque
3097 995 3182 1042 est
3226 985 3289 1040 ut
3339 988 3460 1042 lbas

1868 1076 2248 1147 episcopatum
2309 1086 2474 1132 suum
2537 1079 2834 1148 reciperet.
2887 1078 3153 1148 Sequenti
3204 1078 3458 1138 actione,

1867 1166 2116 1222 discussa
2151 1175 2236 1222 est
2281 1183 2446 1222 causa
2475 1167 2729 1222 Bassiani
2779 1167 3146 1237 Ephesiorum
3185 1165 3456 1236 episcopi.

1868 1256 2257 1327 Statutumque
2302 1267 2388 1313 est
2428 1265 2490 1312 ut
2524 1257 2690 1328 329
2722 1267 2834 1312 tam
2871 1257 2985 1323 ille,
3019 1273 3184 1327 quam
3220 1256 3458 1325 Stepha-

171 1365 273 1406 nus
320 1350 756 1422 deponerentur,
787 1359 844 1405 et
873 1350 1016 1405 alius
1047 1350 1102 1404 in
1132 1365 1326 1405 eorum
1373 1351 1555 1406 locum
1630 1350 2091 1406 substitueretur.
2133 1351 2193 1406 In
2255 1353 2436 1407 altero
2498 1353 2700 1407 deinde
2738 1368 3002 1408 consessu
3047 1351 3190 1406 idem
3259 1350 3461 1406 contir—

173 1452 376 1499 matum
417 1453 521 1500 est.
553 1444 742 1500 Tertio
781 1444 998 1499 decimo
1028 1460 1291 1500 consessu
1331 1446 1642 1500 examinata
1673 1452 1757 1499 est
1795 1460 1958 1500 causa
1996 1445 2258 1500 Eunomii
2285 1445 2727 1501 Nicomediensis
2789 1453 2846 1500 et
2908 1443 3181 1498 Anastasii
3212 1440 3456 1512 episcopi

171 1538 380 1604 Nicaue,
418 1539 513 1608 qui
544 1538 612 1594 de
641 1538 975 1608 quibusdam
1004 1540 1237 1595 urbibus
1267 1541 1412 1595 inter
1447 1556 1506 1595 se
1533 1539 1969 1595 contendebant.
2003 1539 2244 1596 Coactus
2305 1542 2437 1596 item
2475 1550 2560 1596 est
2622 1546 2856 1610 quartus
2914 1537 3164 1593 decimus
3229 1551 3460 1590 conses-

172 1643 292 1692 sus,
344 1640 402 1682 et
453 1629 768 1684 examinata
805 1638 889 1685 est
931 1646 1097 1687 causa
1146 1630 1435 1688 Sabiniani
1481 1633 1754 1702 episcopi.
1797 1634 2085 1690 Postremo
2128 1633 2416 1696 decretum
2451 1643 2536 1690 est
2607 1642 2669 1688 ut
2730 1630 3342 1702 Constantinopolitana
3372 1643 3462 1684 se-

173 1719 267 1774 des
300 1730 427 1790 post
462 1721 768 1778 Romanam
803 1724 1045 1794 primum
1079 1726 1262 1782 locum
1304 1727 1598 1783 obtineret.

1380 2075 1766 2162 ΤΟΜΟΣ
1840 2077 2260 2164 ΤΡΙΤΟΣ.

1334 2384 1692 2472 LIBER
1769 2384 2330 2474 TERTIUS.

175 2723 331 2814 339
356 2725 759 2814 τάδεένείῖτίν
784 2728 856 2814 έν
881 2727 970 2814 τῷ.
987 2731 1161 2814 rpite
1188 2735 1346 2799 τδμω
1375 2733 1487 2814 sic
1503 2733 1754 2814 Twelv-

1967 2730 2032 2785 In
2075 2732 2256 2814 tertion
2283 2730 2414 2814 libro
2453 2729 2827 2812 ecclesiastica!-
2853 2727 3088 2810 Iristoriae
3133 2725 3355 2795 Evagrii

241 2796 567 2866 σιαστικῆς
605 2797 898 2866 Ἱστορίας
927 2796 1222 2870 Ε’ῠὰτρίου
1245 2796 1684 2870 σχολαστικοῦ.

241 2883 320 2942 A'.
353 2888 490 2958 Περὶ
508 2888 606 2957 τῆς
638 2887 918 2957 βασιλείας
957 2891 1226 2961 Ζήνωνος,
1265 2892 1474 2945 καὶτοῦ
1511 2892 1628 2962 βίου
1661 2892 1762 2946 αὑ-

175 2994 289 3034 του.

245 3068 318 3119 B'.
373 3067 507 3138 Περὶ
538 3069 743 3138 ἐφόδων
775 3069 1126 3141 βαρϐαρικῶν
1151 3072 1210 3127 ἔν
1239 3089 1296 3125 τε
1328 3076 1394 3144 τῇ
1421 3074 1538 3144 Ἐῳ
1567 3073 1662 3128 καὶ
1696 3075 1762 3143 τῇ

178 3156 353 3213 Adest.

243 3252 316 3304 1".
371 3253 512 3323 Περὶ
556 3254 656 3326 τῆς
688 3254 1004 3326 τυραννίδος
1035 3255 1388 3324 Βασιλίσκου,
1439 3255 1534 3311 καὶ
1584 3255 1764 3328 φυγῆς

181 3343 442 3413 Ζήνωνος.

243 3437 318 3487 Δθ.
364 3435 452 3498 Ὧς
477 3436 744 3506 Τιμόθεον
773 3437 1038 3508 Αἴλουρον
1071 3441 1098 3492 ό
1128 3437 1454 3500 Βασιλίσκος
1506 3437 1768 3491 ἀνεκαλέ-

182 3539 328 3587 σατο,
360 3527 457 3579 καὶ
488 3527 734 3589 πεισθεὶς
767 3528 859 3579 ὑπ’
917 3529 1084 3581 αὐτοῦ
1120 3528 1444 3595 ἐγκυκλίους
1474 3526 1767 3590 ἐπιστολὰς

181 3615 256 3679 εἰς
280 3616 536 3687 ἀθέτησιν
560 3617 658 3688 τῆς
703 3619 762 3671 ὲν
800 3618 1102 3688 Καλχηδόνι
1136 3618 1354 3672 συνόδου
1374 3615 1649 3686 πανταχοῦ
1681 3616 1769 3682 ἑξ-

181 3708 482 3762 απέστειλε.

249 3794 323 3850 Ε’.
353 3799 492 3868 Περὶ
523 3798 629 3851 τῶν
663 3798 1006 3869 συνθεμένων
1044 3802 1156 3864 τοῖς
1193 3798 1508 3869 ἐγκυκλίως
1541 3796 1763 3850 Βασιλί-

183 3904 334 3953 σκου,
362 3891 459 3942 καὶ
482 3889 580 3960 τὴν
604 3891 821 3944 σύνοδον
849 3893 1254 3962 ἀθετησὰντων.

252 3985 342 4048 ς’.
387 3982 478 4047 Ὠς
512 3985 606 4037 τοῦ
657 3985 918 4054 Λίλούρου
947 3987 1215 4056 Τιμοθέου
1248 3986 1346 4059 τὴν
1372 3986 1768 4059 Ἀλεξανδρέων

183 4072 549 4136 ἀπολαϐόντος
573 4113 587 4136 ,

183 4161 385 4216 δίκαιον
416 4165 732 4230 ἀποδόντος,
758 4167 1064 4238 ἀναθὲματι
1084 4168 1184 4239 τὴν
1214 4170 1271 4221 ὲν
1299 4168 1607 4240 Καλχηδόνι
1635 4172 1766 4226 σύν-

184 4254 296 4307 οδον
317 4257 718 4312 καθυπέὅαλεν.

252 4347 288 4400 Ζ
310 4386 324 4400 .
366 4347 456 4412 Ὠς
486 4348 594 4401 τῶν
635 4351 887 4420 μοναχῶν
921 4350 1177 4404 Ἀκακίου
1209 4349 1404 4423 γνώμῃ
1440 4351 1767 4406 στασιασάν-

2218 2799 2529 2853 Scholastici
2582 2806 2690 2853 hazc
2744 2799 3098 2851 continentur.

1935 2893 2060 2946 CAP.
2117 2891 2160 2945 I.
2213 2893 2288 2945 De
2343 2889 2578 2960 imperio
2633 2889 2909 2954 Zenonis,
2970 2888 3150 2956 deque
3207 2883 3457 2956 ejusdem

1865 2985 1998 3039 vita.

1936 3077 2004 3131 ll.
2037 3078 2113 3131 De
2150 3075 2514 3130 Barbarorum
2555 3072 2992 3133 incursionibus,
3028 3080 3137 3126 tam
3173 3071 3227 3126 in
3259 3069 3458 3126 Orien-

1868 3168 1937 3222 tis
1968 3182 2131 3236 quam
2188 3166 2242 3221 in
2274 3165 2592 3221 Occidentis
2619 3163 2888 3232 partibus.

1941 3259 2030 3312 llI.
2065 3259 2139 3312 De
2171 3257 2463 3329 tyrannide
2492 3254 2760 3320 Basilisc't,
2789 3264 2843 3311 et
2875 3254 2943 3309 de
2967 3253 3209 3310 Zenonis
3238 3253 3392 3324 fuga,

1937 3437 2024 3492 IV.
2057 3435 2345 3502 Quomodo
2377 3435 2674 3489 Basiliscus
2708 3433 3060 3488 Timotheum
3088 3431 3342 3486 Elurum
3378 3446 3467 3486 re-

1869 3528 2169 3592 vocaverit,
2197 3536 2252 3581 et
2277 3527 2346 3581 ab
2379 3526 2574 3580 eodem
2609 3525 2890 3587 inductus,
2922 3525 3218 3578 eirculares
3252 3523 3463 3591 episto—

1870 3621 1951 3674 las
1986 3618 2052 3672 ad
2093 3617 2437 3673 eversionem
2472 3615 2942 3672 Chalcedonensis
2973 3613 3169 3684 synodi
3214 3629 3464 3683 quaqua-

1871 3705 2091 3765 v'ersum
2133 3709 2366 3764 miserit.

1942 3802 2004 3854 V.
2042 3803 2116 3856 De
2150 3801 2238 3855 his
2265 3801 2361 3869 qui
2396 3799 2763 3854 circularibus
2805 3797 3054 3854 Basilisci
3095 3797 3298 3855 litteris
3328 3811 3464 3853 con-

1872 3901 2185 3957 senserunt,
2214 3901 2270 3946 et
2301 3892 2573 3963 synodum
2611 3893 2947 3961 rejecerunt.

1942 3984 2029 4038 Vl.
2082 3984 2370 4050 Quomodo
2418 3983 2748 4038 Timotheus
2793 3984 3044 4046 Ailurus,
3090 3981 3467 4037 Alexandrino

635 4075 730 4127 καὶ
787 4079 852 4145 τῇ
913 4076 1177 4145 Ἐφεσίων
1235 4077 1296 4130 τὸ
1366 4079 1763 4150 πατριαρχικδν

1873 4076 2195 4146 episcopatu
2244 4083 2593 4142 recuperato,
2645 4074 3014 4142 Ephesiorum
3068 4072 3329 4127 Ecclesiae
3381 4074 3469 4142 ius

1876 4167 2306 4238 patriarchicum
2342 4165 2608 4230 restituit,
2653 4174 2710 4220 et
2755 4164 3264 4220 Chalcedonensem
3302 4179 3467 4234 syno-

1875 4259 2007 4313 dum
2042 4258 2546 4312 anathematizavit.

1954 4351 2062 4406 VII.
2097 4349 2386 4417 Quomodo
2418 4350 2734 4415 Basiliscus,
2766 4364 2893 4404 cum
2922 4347 3180 4404 monachi
3227 4348 3467 4416 impulsu

1400 4490 1674 4548 VALESII
1714 4490 2281 4548 ANNOTATIONES.

254 4604 362 4672 (ΑΒ)
396 4605 510 4676 Καὶ
570 4605 875 4676 Στέφανον
931 4606 1291 4676 ἐσαχθῆναι.
1324 4607 1437 4662 lmo
1501 4608 1762 4664 decreve-

188 4685 311 4748 runt
332 4675 584 4748 episcopi
609 4683 805 4748 ut_ta_m
853 4677 1171 4748 Bassianus,
1231 4693 1396 4746 quam
1448 4677 1763 4748 Stephanus

187 4747 251 4800 ab
277 4746 602 4816 episcopatu
662 4745 1027 4816 Ephesiorum
1081 4745 1524 4812 removerentur,
1546 4745 1561 4748 ⁷
1592 4758 1762 4816 utque

189 4831 375 4869 eorum
409 4814 534 4885 loco
558 4815 698 4868 alter
728 4815 886 4869 ﬁeret
932 4817 1250 4885 episcopus,
1298 4814 1766 4885 quemadmodum
1817 4821 1822 4824 ’

187 4885 379 4957 videre.
400 4884 818 4957 estin'actione
860 4887 915 4940 ll
944 4894 1000 4957 et
1031 4884 1503 4956 12.’Supplendus
1539 4895 1627 4942 est
1663 4887 1766 4957 igi-

191 4963 275 5027 tur
304 4953 528 5027 Evagrii
560 4955 714 5008 locus
737 4954 843 5027 hoc
870 4956 1070 5010 modo:
1106 4953 1486 5027 Ἐξενέχθῆναι
1539 4959 1637 5027 μὲν
1664 4953 1765 5010 aio-

189 5023 274 5077 τὸν
303 5025 396 5077 κα)⁸
426 5024 726 5092 Στέφανον,
793 5025 981 5095 ἕτερον
998 5028 1055 5079 δὲ
1089 5023 1413 5096 ἐσαχθῆναι.

1943 4610 2055 4680 (49)
2090 4610 2166 4664 Τὰ
2196 4612 2346 4664 κατὰ
2375 4609 2701 4666 Βασιανὸν.
2741 4607 3111 4680 Scribendum
3160 4614 3245 4680 est
3293 4607 3460 4680 ξζιϐι-

1873 4676 2055 4735 νιανόν
2115 4695 2180 4734 ex
2240 4682 2394 4736 Actis
2462 4680 2687 4736 concilii
2738 4677 3226 4748 Chalcedonensis.
3294 4676 3468 4748 Hujus

1875 4749 2159 4804 Sabiniani
2190 4751 2543 4805 Perrcnsium
2573 4750 2845 4818 episc0pi,
2866 4764 2988 4817 qua:
3017 4747 3151 4800 urbs
3167 4748 3318 4799 estin
3340 4747 3467 4814 pro-

1875 4820 2057 4873 vincia
2085 4819 2476 4888 Enphratensi,
2507 4817 2783 4873 meminit
2812 4819 3122 4888 Liberatus,
3148 4833 3271 4888 cap.
3331 4817 3468 4888 duo-

1877 4889 2090 4960 decimo
2123 4885 2416 4944 Breviarii.
2453 4893 2891 4960 Exstatquoque
2929 4887 3162 4955 epistola
3206 4885 3470 4960 Iheodo-

1877 4960 1970 5013 riti
1995 4959 2061 5012 ad
2097 4960 2244 5013 hunc
2267 4961 2631 5016 Sabinianum
2685 4957 3006 5027 episcopum
3058 4959 3206 5019 data,
3240 4973 3362 5025 qua:
3391 4957 3470 5010 iu-

1804 5022 1847 5076 D
1881 5038 1963 5084 ter
1994 5031 2116 5100 ejus
2135 5031 2403 5099 epistolas
2426 5022 2755 5085 numeratur
2783 5022 2900 5082 ιὲϋῖ

1644 5147 2033 5206 VABIORUM.

192 5237 487 5294 Flavianus
522 5247 708 5311 autem
730 5239 918 5295 sedem
953 5239 1059 5295 (ΣΡ.
1085 5250 1306 5306 nactus,
1337 5242 1602 5298 Bassiano
1653 5242 1775 5311 epi-

192 5319 471 5381 scopatum
501 5310 806 5381 abrogavit,
846 5311 1292 5381 acJStephanum
1344 5313 1589 5367 Bassiani
1642 5310 1773 5381 pre-

193 5378 474 5449 sbyterum
498 5379 549 5434 ei
573 5378 883 5436 substituit.
909 5379 1021 5435 Hac
1047 5378 1118 5436 de
1137 5399 1204 5437 re.
1225 5383 1476 5436 libellum
1496 5378 1776 5436 Marciano

195 5446 509 5518 imperatori
543 5449 843 5504 Bassianus
875 5451 1101 5516 obtulit,
1159 5468 1306 5506 anno
1337 5454 1463 5512 451.
1494 5452 1564 5506 ab
1612 5468 1679 5506 eo
1710 5452 1777 5506 ad

195 5519 462 5592 synodum
492 5519 1008 5592 Chalcedonensem
1040 5523 1334 5576 remissus.
1367 5524 1564 5577 Patres
1609 5521 1779 5592 igitur

196 5589 434 5661 concilii,
486 5589 1024 5661 aud‘itahutrinque
1077 5607 1266 5659 causa,
1312 5593 1537 5661 utrique
1589 5589 1780 5661 sedem

197 5653 524 5732 Ephesinam
555 5653 980 5732 abjudicarun't;
1014 5653 1274 5716 Bassiano
1320 5653 1568 5732 quidem,
1596 5671 1658 5716 ut
1687 5659 1781 5728 qui

197 5726 310 5803 sine
328 5726 640 5803 consensu
669 5730 864 5801 synodi
915 5732 1278 5803 provincialis
1313 5726 1595 5803 ingressus
1620 5726 1780 5803 erat;

199 5795 473 5870 Stephano
504 5795 714 5869 autem,
741 5810 800 5855 ut
831 5795 938 5872 qui
961 5817 1062 5874 per
1081 5795 1496 5874 coniurationes
1524 5812 1578 5859 et
1607 5802 1784 5856 malas

1888 5251 2036 5298 artes
2069 5245 2451 5314 episcopatum
2520 5245 2627 5299 sibi
2667 5244 3058 5314 acquisiverat.
3093 5240 3297 5296 Confer
3324 5240 3468 5296 Guit.

1884 5313 2026 5368 Cur:
2054 5331 2180 5368 cum
2221 5313 2374 5370 A’ctis
2407 5317 2601 5380 synodi
2638 5313 2900 5369 Chalced.

1961 5386 2037 5450 (ας)
2073 5386 2582 5452 Τρισκαιδεκὰτης
2613 5385 2904 5452 πράξεως.
2942 5382 3070 5436 Ilmc
3119 5380 3471 5451 ac1io,juxt:r

1885 5455 2127 5510 calculos
2162 5456 2336 5524 ipsius
2357 5457 2600 5526 Evagrii,
2625 5465 2710 5509 est
2742 5471 2850 5508 xw.
2874 5453 3209 5526 Undecima:
3259 5452 3462 5526 sessio:

1881 5525 1972 5578 nis
2022 5521 2276 5580 meminit
2315 5521 2504 5598 supra:
2573 5527 2695 5598 Mox
2729 5525 2983 5598 sequitur
3041 5524 3208 5598 ἑτέρα
3265 5521 3473 5598 πρᾶξςξ

1882 5610 2004 5662 qua:
2027 5605 2112 5649 cst
2141 5612 2213 5650 XII
2238 5614 2252 5661 ;
2282 5593 2444 5666 paulo
2479 5605 2602 5663 post
2630 5597 2708 5649 ait
2745 5593 2940 5662 ἑτέρας
2986 5594 3207 5647 συνόδου
3238 5593 3464 5666 γενομέ-

1883 5681 2002 5732 νης,
2038 5681 2160 5734 quae
2189 5663 2416 5720 est'xm.
2440 5667 2584 5736 Ergo
2611 5665 2946 5736 hmcnltima
2979 5679 3079 5734 pro
3119 5676 3207 5716 xw
3250 5663 3472 5716 actione

1886 5737 2203 5788 necessario
2252 5735 2528 5789 habenda
2566 5743 2672 5789 est.
2733 5735 2996 5789 Actiones
3047 5750 3132 5786 xv:
3171 5739 3477 5788 numerant

1886 5806 2017 5859 Acta
2053 5807 2262 5876 integra
2296 5807 2620 5861 inconciliis
2652 5805 2818 5860 edita.
2843 5804 2928 5858 W.
2961 5804 3177 5859 Lowrn.
