4108 6466
631 365 766 428 2591

1829 374 2140 434 EVAGRII
2180 348 2667 432 SCHOLASTICI

3749 368 3897 431 Ξῖ»θὲ

635 476 823 532 Acacii
890 475 1219 533 seditionem
1284 480 1619 544 movissent,
1682 480 1875 534 timore
1934 481 2206 549 perculsus

2320 497 2447 545 των,
2510 480 2765 551 φοδηθεὶς
2820 481 2847 533 ό
2905 479 3224 541 Βασιλίσκος
3250 479 3467 531 ἐναντία
3513 479 3592 551 τῷ
3631 479 3899 551 πρότερον

631 564 937 621 contrarias
994 565 1274 634 prioribus
1342 568 1633 640 encyclicis
1690 569 1903 625 litteras
1958 570 2206 640 promul-

630 655 799 725 gavit.

705 745 837 801 Vill.
868 747 945 801 De
972 747 1153 806 reditu
1181 748 1437 804 Zenonis.

699 854 792 910 IX.
830 855 1115 923 Quomodo
1165 868 1575 929 postumortem
1624 861 1904 925 Basilisci,
1959 860 2204 931 episcopi

627 948 769 1002 Asia:
802 957 863 1003 ut
890 949 1144 1004 Acacium
1177 954 1476 1020 placarent,
1512 952 1757 1007 libellum
1788 952 2126 1021 paenitentiae
2150 969 2203 1008 et

626 1047 1013 1107 porrexerunt,
1047 1042 1264 1114 veniam
1308 1053 1557 1112 petentes
1599 1042 1748 1113 quod
1790 1041 2203 1117 Chalcedonen-

628 1143 743 1183 sem
778 1131 1046 1201 synodum
1090 1132 1463 1188 damnassent.

698 1216 765 1270 X.
809 1219 885 1273 De
925 1220 993 1274 iis
1022 1221 1115 1289 qui
1149 1222 1453 1277 Antiochiae
1480 1221 1853 1292 episcopatum
1887 1237 2130 1293 gessere.

696 1306 788 1362 XI.
820 1307 1105 1375 Quomodo
1153 1311 1301 1365 Zeno
1341 1328 1465 1366 cum
1500 1312 1757 1367 IElurum
1800 1314 2056 1383 persequi
2105 1328 2203 1367 vo-

625 1398 847 1465 luisset,
880 1400 950 1454 ob
994 1411 1332 1456 senectutem
1369 1418 1493 1457 eum
1541 1404 1832 1458 miseratus
1872 1404 2104 1459 dimisit.
2135 1403 2204 1457 Et

626 1495 688 1541 ut
714 1497 839 1558 post
882 1499 1112 1546 mortem
1153 1492 1396 1563 ejusdem
1425 1489 1622 1557 1Eluri,
1650 1495 1847 1548 Petrus
1875 1492 2101 1562 Mongus
2133 1492 2202 1546 ab

623 1579 1007 1639 Alexandrinis
1054 1585 1343 1639 ordinatus
1386 1594 1504 1651 est;
1541 1586 1863 1640 Timotheus
1905 1600 2036 1639 vero
2071 1599 2201 1639 suc-

624 1686 811 1727 cessor
843 1674 1100 1739 Proterii,
1144 1676 1299 1745 jussu
1348 1677 1696 1745 imperatoris
1742 1677 1927 1731 sedem
1960 1675 2203 1730 Alexan-

624 1764 841 1818 drinam
872 1767 1152 1821 obtinuit.

690 1856 807 1911 XII.
839 1859 914 1913 De
945 1860 1154 1915 Joanne
1176 1860 1269 1930 qui
1302 1861 1677 1929 episcopatum
1709 1859 2052 1916 Alexandriae
2078 1872 2201 1931 post

622 1947 971 2004 Timotheum
1019 1951 1362 2021 gubernavit.
1410 1950 1696 2017 Quomodo
1732 1965 1857 2005 eum
1892 1951 2037 2008 Zeno
2070 1959 2198 2023 tan-

621 2060 784 2114 quam
829 2047 1111 2115 perjurum
1150 2047 1343 2118 ejecit,
1393 2054 1449 2100 et
1500 2046 1664 2100 Petro
1708 2045 1901 2116 Mongo
1948 2045 2201 2101 eamdem

621 2136 807 2190 sedem
846 2136 1107 2191 restituit.

690 2244 833 2299 XIII.
866 2245 1153 2311 Quomodo
1200 2247 1395 2301 Petrus
1441 2247 1671 2318 Mongus
1718 2245 2043 2300 Henoticum
2096 2247 2198 2301 Ze-

620 2337 782 2391 nonis
813 2337 1093 2404 amplexus
1125 2346 1229 2401 est,
1264 2348 1319 2392 et
1356 2338 1696 2392 Proterianis
1731 2354 1788 2393 se
1822 2339 2125 2406 conjunxit.

687 2425 846 2497 331
880 2425 1017 2481 XIV.
1079 2426 1317 2483 Zenonis
1378 2427 1699 2483 Henoticum
1759 2427 1871 2481 sive
1917 2427 2199 2482 Unitivum

619 2514 884 2569 edictum.

689 2603 805 2659 XV.
868 2605 1154 2672 Quomodo
1208 2606 1445 2662 Joannes
1499 2608 1841 2664 Alexandriae
1899 2609 2197 2679 episcopus

618 2702 848 2771 Romam
878 2704 1127 2768 veniens,
1172 2704 1444 2773 persuasit
1478 2703 1763 2774 Simplicio
1809 2713 1868 2758 ut
1912 2703 1981 2757 ad
2023 2704 2200 2759 Zeno-

617 2810 745 2849 nem
771 2795 1039 2850 scriberet
1065 2793 1134 2851 de
1167 2794 1236 2851 iis
1262 2811 1384 2866 qua:
1416 2796 1729 2851 acciderant
1759 2812 1772 2848 :
1805 2806 1860 2850 et
1888 2794 2022 2864 quid
2051 2795 2200 2851 Zeno

618 2884 986 2953 rescripserit.

688 2970 828 3030 XVI.
873 2976 949 3030 De
982 2974 1317 3031 Calendione
1360 2976 1667 3032 Antiochiae
1712 2976 1993 3047 episcopo,
2028 2985 2198 3048 utque

620 3065 810 3121 exsilio
840 3065 1131 3121 damnatus
1161 3066 1235 3121 sit
1258 3066 1330 3121 ob
1353 3067 1647 3122 amicitiam
1673 3082 1837 3136 quam
1865 3082 1991 3122 cum
2019 3068 2118 3123 Illo
2143 3080 2199 3124 ct
2234 3108 2237 3111 ς

2310 569 2527 639 γράψας
2553 569 2932 636 ἐξαπέστειλεν
2963 567 3350 635 ἀντεγκύκλια.

2380 745 2461 797 Π’.
2496 744 2629 815 Περὶ
2658 744 2756 813 τῆς
2783 742 3044 795 ἐπανόδου
3066 743 3330 811 Ζήνωνος.

2377 856 2454 908 8’.
2491 855 2582 918 Ὦς
2618 854 2758 925 μετὰ
2779 855 2868 907 τὸν
2892 855 3119 908 θάνατον
3141 855 3491 921 Βασιλίσκου,
3516 857 3566 910 οἱ
3590 858 3688 927 τῆς
3704 860 3894 922 Ἀσίας

2308 945 2595 999 ἐπίσκοποι
2626 946 2719 998 τὸν
2759 946 3011 998 Ἀκάκιον
3064 946 3451 1016 ἡμερούμενοι,
3479 949 3770 1016 μετανοίας
3798 950 3887 1020 βι-

2307 1036 2453 1088 ϐλίον
2478 1035 2887 1099 ὲπιδεδὼκασιν,
2916 1031 2996 1100 οἷς
3020 1037 3328 1108 ἐξήμαρτον
3358 1038 3458 1111 τήν
3492 1039 3551 1092 έν
3582 1039 3899 1111 Καλχηδόνι

2308 1123 2526 1177 σύνοδον
2542 1124 2923 1193 ἁθετήσαντες.

2376 1218 2433 1270 I'.
2476 1215 2611 1286 Περὶ
2645 1216 2755 1269 τῶν
2788 1218 2845 1270 ἐν
2873 1214 3174 1290 Ἀντιοχείᾳ
3200 1219 3712 1290 ὲπισκοπησάντων.

2378 1308 2481 1361 ῐΛ’.
2526 1309 2613 1371 Ὠς
2642 1310 2670 1361 ὁ
2702 1308 2955 1376 βασιλεὺς
2982 1310 3166 1379 Ζήνων
3195 1309 3461 1380 ἐϐουλήθη
3506 1310 3599 1362 τὸν
3620 1308 3889 1380 Δῖλουρον

2304 1395 2494 1461 διῶξαι
2514 1411 2529 1427 ο
2583 1395 2671 1448 διὰ
2698 1395 2757 1447 δὲ
2787 1396 2847 1449 τὸ
2882 1397 3057 1466 γῆρας
3106 1397 3268 1449 αὐτὸν
3325 1398 3665 1463 κατελεήσας
3694 1397 3847 1449 εἴασε
3875 1412 3889 1425 ⁸

2308 1483 2395 1536 καὶ
2427 1482 2503 1544 ὡς
2519 1481 2681 1536 αὑτοῦ
2717 1483 3159 1555 τελευτήσαντος,
3187 1484 3393 1555 Πέτρος
3421 1487 3449 1537 ὀ
3488 1485 3710 1552 Μογγδς
3744 1485 3888 1553 πρὸς

2303 1574 2411 1628 τῶν
2450 1575 2847 1647 Ἀλεξανδρέων
2900 1577 3377 1647 κεχειροτόνηταιο
3438 1576 3704 1647 Τιμόθεος
3757 1577 3813 1630 δὲ
3859 1580 3890 1630 ὁ

2308 1665 2445 1735 μετὰ
2476 1666 2769 1737 Προτέρων
2791 1667 3019 1737 νεύματι
3047 1666 3141 1721 τοῦ
3173 1667 3455 1738 βασιλέως,
3473 1667 3565 1721 τὸν
3584 1668 3683 1738 τῆς
3699 1667 3890 1733 Ἀλεξ-

2310 1756 2546 1825 ανδρέων
2567 1757 2754 1827 θρόνον
2776 1758 3041 1827 κατέσχεν

2375 1846 2474 1901 IB’.
2502 1848 2640 1919 Περὶ
2680 1846 2923 1901 Ἰωάννου
2952 1847 3047 1901 τοῦ
3086 1849 3225 1918 μετὰ
3268 1848 3533 1919 Τιμόθεον
3564 1851 3664 1919 τῆς
3735 1849 3890 1904 Ἀλε-

2305 1938 2573 2013 ξανδρέων
2602 1940 2730 2002 τοὺς
2775 1940 2966 2001 οἴακας
3010 1941 3395 2011 κατασχόντος,
3427 1942 3577 2004 ὅπως
3629 1957 3689 1993 τε
3759 1940 3890 1993 τοῦ-

2298 2047 2393 2084 ετον
2425 2033 2453 2083 ὁ
2487 2033 2673 2100 Ζήνων
2702 2032 2777 2096 ὡς
2808 2035 3217 2103 ἐπιορκήκαντα
3251 2033 3575 2099 ἀπελαύνει,
3605 2033 3797 2104 Πέτρῳ
3824 2031 3889 2085 δὲ

2300 2114 2376 2184 τῷ
2404 2115 2609 2186 Μογγῷ
2637 2116 2734 2188 τὴν
2778 2118 3173 2190 Ἀλεξανδρέων
3206 2122 3520 2192 ἐγχειρίζει.

2376 2230 2477 2284 ΙΓ⁸.
2526 2231 2613 2303 Ὠς
2656 2231 2855 2304 Πέτρος
2886 2236 2914 2287 ὁ
2960 2235 3181 2303 Μογγὸς
3237 2234 3453 2306 δέχεται
3486 2239 3548 2291 τὺ
3590 2240 3889 2299 Ἐνωτικδν

2303 2321 2571 2391 Ζήνωνος,
2608 2326 2834 2388 καὶτοῖς
2867 2326 2974 2380 ἀπὸ
3001 2328 3297 2399 Προτερίου
3346 2334 3705 2390 συνάπτεται.

2373 2414 2468 2467 1Δ’.
2513 2415 2648 2487 Περὶ
2666 2415 2760 2470 τοῦ
2789 2418 3081 2488 λεγομένου
3116 2420 3405 2476 Ἐνωτικοῦ
3431 2424 3527 2477 τοῦ
3556 2428 3826 2497 Ζήνωνος.

2372 2593 2470 2645 1Ε¹.
2521 2594 2606 2657 Ὠς
2640 2593 2892 2665 Ἰωάννης
2945 2601 2974 2651 ό
3028 2598 3435 2671 Ἀλεξανδρείας
3496 2606 3779 2661 κατελθὼν
3822 2609 3888 2663 ιν

2316 2684 2524 2757 Ῥώμῃ,
2550 2688 2728 2741 πείθει
2764 2689 3088 2759 Σιμπλίκιον
3143 2692 3279 2763 πρὸς
3326 2696 3550 2765 Ζήνωνα
3604 2700 3736 2769 περὶ
3775 2699 3888 2753 τῶν

2304 2794 2366 2829 συ
2374 2777 2627 2848 μϐάντων
2649 2780 2856 2850 γράψαι
2889 2782 3117 2851 Ζήνωνι.

2374 2961 2488 3026 ις’.
2529 2960 2665 3031 Περὶ
2694 2961 3073 3026 Καλανδὲωνος
3102 2963 3196 3015 τοῦ
3243 2964 3595 3034 Ἀντιοχείας,
3648 2968 3742 3021 καὶ
3801 2965 3887 3022 δτι

2301 3049 2489 3122 ὲξορίᾳ
2524 3052 2893 3123 κατεδικάσθη
2916 3053 3007 3106 διὰ
3035 3054 3134 3124 τὴν
3178 3054 3315 3125 πρὸς
3350 3057 3561 3110 ’Ἱλλουν
3603 3060 3698 3112 καὶ
3723 3062 3889 3114 Λεόν-

618 3152 851 3209 Leontio
881 3154 1140 3210 habuisse
1168 3156 1515 3212 credebatur.
1541 3158 1677 3220 Item
1701 3158 1979 3227 quomodo
2005 3160 2203 3216 Petrus

2304 3162 2417 3198 τιον
2449 3144 2841 3215 ὑπονοηθεῖσαν
2880 3144 3094 3214 φιλίαν·
3129 3146 3224 3199 καὶ
3253 3147 3329 3211 ὼς
3357 3148 3563 3220 Πέτρος
3594 3154 3622 3203 ὁ
3644 3154 3888 3220 κναφεὺς

620 3244 779 3300 Fullo
814 3246 1009 3316 Mongo
1038 3255 1094 3301 et
1126 3247 1399 3317 episcOpis
1432 3247 1944 3319 Constantinopolis
1979 3258 2035 3305 et
2073 3251 2202 3308 Hie-

620 3338 1021 3408 rosolymorum
1060 3340 1301 3395 sociatus
1340 3340 1526 3395 fuerit.

688 3430 851 3485 XVII.
887 3431 962 3485 De
1013 3431 1099 3486 his
1137 3448 1259 3502 qua:
1304 3432 1499 3486 Pctrus
1530 3432 1754 3503 scripsit
1786 3434 1854 3489 ad
1902 3439 2198 3505 Acacium,

621 3521 715 3590 qui
743 3519 1246 3576 Chalcedonensem
1276 3520 1544 3592 synodum
1579 3532 1915 3593 susceperat.

690 3633 1195 3705 XVIII..Quomodo
1221 3634 1461 3689 Joannes
1484 3634 1884 3691 Alexandrinus
1909 3637 2201 3707 episcopus

626 3727 788 3783 Felici
838 3742 992 3796 νίψω
1022 3725 1394 3795 persuaserit,
1444 3733 1504 3778 ut
1551 3726 1911 3795 depositionis
1953 3728 2201 3785 libellum

621 3818 868 3872 mitteret
897 3817 1095 3871 Acacio
1122 3816 1756 3884 Constantinopolitano.

693 3906 837 3962 XIX.
886 3907 963 3960 De
996 3904 1200 3976 Cyrillo
1254 3907 1550 3974 praeposito
1599 3908 1914 3963 monasterii
1965 3909 2204 3965 Acoemi-

624 3998 861 4052 tensium
897 4013 910 4048 :
940 3994 1215 4064 quomodo
1253 3995 1483 4048 Romam
1535 3994 1601 4047 ad
1650 3996 1885 4050 Felicem
1936 4001 2200 4067 quosdam

624 4088 905 4151 direxerit,
942 4088 1175 4141 incitans
1206 4086 1358 4139 illum
1398 4094 1457 4138 nt
1500 4102 1563 4140 ea
1590 4102 1711 4156 quae
1743 4088 2005 4144 adversus
2039 4090 2199 4145 iidem

623 4181 917 4237 commissa
947 4187 1124 4242 erant,
1153 4178 1536 4234 ulcisceretur.

693 4271 812 4328 XX.
846 4272 921 4326 De
965 4270 1033 4324 iis
1063 4286 1183 4339 qua:
1218 4270 1367 4324 Felix
1413 4270 1480 4323 ad
1528 4271 1825 4339 Zenonem,
1854 4282 1910 4327 et
1941 4274 2086 4329 Zeno
2133 4276 2201 4329 ad

624 4364 860 4418 Felicem
905 4360 1145 4429 scripsit.

695 4454 835 4508 XXI.
867 4452 1151 4518 Quomodo
1192 4451 1488 4523 Symeoucs
1530 4455 1833 4510 monachus
1865 4456 2200 4513 Acmmiten-
2228 4486 2278 4544 υ

2304 3238 2487 3310 ήνώθη
2511 3239 2589 3309 τῷ
2618 3240 2843 3309 Μογγῷ,
2870 3242 2963 3295 καὶ
2997 3240 3075 3311 τῷ
3105 3243 3758 3311 Κωνσταντινουπόλεως,
3791 3248 3890 3302 καὶ

2300 3328 2379 3393 τῷ
2419 3329 2485 3381 Ἰε
2493 3346 2554 3400 ρο
2565 3329 2683 3382 πολύ
2692 3348 2829 3399 μων.

2376 3420 2473 3475 IZ'.
2525 3424 2659 3493 Περὶ
2692 3416 2768 3476 ὧν
2823 3422 3029 3494 ἔγραψε
3085 3424 3291 3495 Πέτρος
3332 3426 3575 3499 Ἀκακίῳ
3607 3429 3891 3502 δεξαμένῳ

2302 3513 2399 3586 τὴν
2430 3514 2487 3567 ὲν
2518 3514 2824 3583 Καλχηδόνι
2853 3513 3092 3569 σύνοδον.

2372 3628 2481 3681 IH’.
2521 3628 2709 3691 Ὅπως
2738 3628 2993 3700 Ἰωάννης
3044 3631 3071 3682 ὁ
3104 3628 3510 3698 Ἀλεξανδρείας
3562 3632 3741 3687 πείθει
3775 3636 3885 3703 Φή-

2301 3718 2414 3770 λικι
2447 3716 2524 3787 τῷ
2552 3718 2711 3789 πάπᾳ
2750 3715 2964 3789 Ῥώμης
2995 3719 3312 3791 καθαίρεσιν
3345 3721 3585 3794 Ἀκακίῳ
3617 3723 3695 3793 τῷ
3729 3726 3889 3779 Κων-

2305 3809 2798 3871 σταντινουπόλεως
2828 3811 3066 3881 πέμψαι.

2296 3915 2299 3919 ‘
2372 3900 2474 3953 16'.
2503 3902 2637 3970 Περὶ
2659 3900 2926 3970 Κυρίλλου
2961 3903 3265 3973 ἡγουμένου
3288 3904 3457 3974 μονῆς
3490 3905 3599 3958 τῶν
3624 3907 3889 3977 Ἀκοιμή-

2302 4005 2429 4049 των,
2482 3989 2630 4052 ὅπως
2683 3990 2818 4060 πρὸς
2867 3991 3086 4060 Ῥώμην
3136 3993 3423 4044 ἀπέστειλε
3477 3993 3617 4064 προς
3676 3994 3889 4063 Φήλικά

2301 4097 2472 4143 τινας,
2493 4080 2699 4148 ὲνάγων
2725 4069 2888 4135 αὐτὸν
2917 4083 3051 4151 πρὸς
3083 4084 3363 4154 ἐκδίκησιν
3390 4084 3497 4137 τῶν
3517 4086 3887 4155 τολμωμένων

2303 4170 2443 4223 κατὰ
2469 4171 2571 4239 τῆς
2598 4173 2853 4236 πίστεως.

2374 4263 2459 4315 Κ’.
2497 4263 2632 4332 Περὶ
2658 4256 2732 4315 ὧν
2784 4265 2991 4335 ἔγραψε
3038 4265 3203 4336 Φῆλιξ
3237 4267 3372 4337 πρὸς
3397 4269 3644 4339 Ζήνωνα,
3690 4274 3784 4326 καὶ
3814 4269 3883 4328 αὖ

2304 4352 2465 4406 πάλιν
2489 4355 2670 4421 Ζήνων
2706 4355 2841 4423 πρὸς
2871 4356 3098 4425 Φήλικα.

2377 4443 2505 4495 KA'.
2552 4442 2639 4504 Ὠς
2666 4443 2961 4511 Συμεὼνης
3016 4442 3246 4512 μοναχὸς
3277 4446 3443 4513 μονῆς
3479 4446 3587 4499 τῶν
3623 4448 3882 4519 Ἀκοιμή-

624 4548 719 4611 sis,
759 4548 984 4601 Romam
1032 4544 1279 4608 veniens,
1330 4546 1540 4616 legatos
1590 4546 1848 4601 Ecclesia:
1898 4548 2056 4603 llom.
2106 4551 2200 4619 qui

2304 4551 2408 4586 των
2438 4536 2515 4596 είς
2562 4533 2781 4603 Ῥώμην
2827 4533 3292 4598 κατελθὼν,τοὺς
3341 4537 3399 4589 ἐν
3453 4538 3888 4593 Κωνσταντινου·

622 4637 1153 4706 Constantinopolim
1181 4646 1467 4700 venerant,
1496 4638 1745 4707 coarguit
1768 4640 1915 4708 quod
1943 4656 2066 4694 cum
2093 4642 2203 4696 haz-

624 4734 813 4788 reticis
847 4732 1343 4785 communicassent
1374 4747 1387 4783 :
1420 4740 1475 4784 et
1503 4731 1776 4799 quomodo
1810 4733 1970 4803 legati
2002 4742 2056 4789 et
2085 4751 2203 4789 om-

622 4841 723 4880 nes
790 4824 1285 4878 eommunicatores
1351 4823 1495 4877 Petri
1556 4839 1587 4875 a
1639 4824 1904 4887 Romanis
1965 4826 2199 4895 depositi

623 4917 754 4969 sint.

694 5028 863 5084 XXII.
914 5029 991 5082 De
1042 5028 1219 5083 turbis
1270 5044 1389 5098 quae
1438 5029 1781 5085 Alexandria:
1834 5040 1889 5086 et
1939 5034 2107 5087 variis
2144 5034 2197 5088 in

622 5121 759 5176 locis
790 5120 1037 5175 excitatae
1066 5128 1195 5175 sunt
1226 5120 1297 5174 ob
1325 5119 1774 5176 Chalcedonense
1807 5123 2125 5178 concilium.

692 5292 854 5363 332
892 5292 1083 5346 XXIII.
1124 5294 1199 5348 Dc
1244 5295 1459 5349 Fravita
1486 5290 1562 5351 'et
1596 5297 1899 5364 Euphemio
1932 5300 2202 5357 Constan-

622 5383 881 5453 tinopolis
943 5384 1220 5454 episcopis
1267 5401 1280 5438 :
1326 5394 1381 5440 et
1439 5386 1505 5441 de
1544 5387 1842 5441 Athanasio
1882 5406 1942 5443 ac
1990 5392 2199 5449 Joanne

620 5472 1005 5530 Alexandrinis
1040 5490 1053 5527 :
1085 5482 1139 5529 ct
1164 5474 1230 5528 de
1259 5475 1499 5529 Palladio
1530 5492 1592 5530 ac
1619 5476 1878 5532 Flaviano
1906 5481 2209 5541 Antioche-

623 5561 748 5626 nis;
778 5562 906 5617 item
938 5563 1005 5617 de
1032 5562 1154 5617 aliis
1183 5564 1533 5633 quibusdam.

695 5649 881 5707 XXIV.
910 5654 984 5709 De
1016 5654 1160 5711 czcde
1190 5655 1396 5709 Armati
1430 5656 1519 5725 qui
1559 5667 1819 5729 cognatus
1850 5660 1951 5715 fuit
1989 5664 2199 5721 Verinze

628 5739 881 5809 Augusta
896 5777 909 5793 .

2306 4624 2456 4678 πόλει
2499 4625 2900 4687 ἀποσταλέντας
2924 4627 3257 4690 ἐπισκόπους
3286 4628 3435 4697 παρὰ
3482 4628 3768 4698 Ῥωμαίων
3805 4633 3886 4684 δι-

2304 4715 2497 4787 ήλεγξε
2528 4717 2961 4783 κοινωνήσαντας
2998 4721 3111 4781 τοῖς
3147 4720 3473 4787 αἱρετικοῖςο
3504 4720 3596 4773 καὶ
3626 4721 3702 4784 ὡς
3734 4724 3887 4776 αὐτοί

2303 4824 2359 4859 τε
2420 4807 2513 4859 καὶ
2554 4808 2603 4859 οἱ
2637 4810 3064 4878 κοινωνήσαντες
3125 4811 3337 4881 Πέτρῳ,
3394 4811 3545 4882 παρὰ
3597 4813 3889 4884 Ῥωμαίων

2304 4897 2704 4969 καθῃρέθησαν.

2374 5016 2503 5072 KB’.
2551 5019 2686 5088 nep".
2714 5017 2823 5069 τῶν
2891 5018 2947 5070 ὲν
2981 5018 3365 5089 Ἀλεξανδρεία
3408 5020 3742 5090 κινηθέντων
3790 5025 3886 5077 καὶ

2302 5113 2360 5164 ὲν
2392 5111 2667 5181 διαφόροις
2706 5110 2911 5173 τόποις,
2953 5111 3113 5180 χάριν
3168 5112 3266 5181 τῆς
3307 5113 3365 5163 ἐν
3399 5112 3706 5183 Καλχηδόνι
3756 5134 3885 5169 συν-

2303 5203 2442 5256 ὁδου.

2374 5296 2500 5348 Kl".
2549 5296 2683 5363 Περὶ
2709 5294 2802 5346 τοῦ
2833 5296 3102 5364 Φραυῖτου
3162 5297 3254 5348 καὶ
3290 5297 3552 5365 Εὐφήμου
3598 5299 3708 5352 τῶν
3731 5303 3887 5356 Κων-

2305 5387 2849 5447 σταντινουπολιτῶν,
2884 5388 2976 5438 καλ.
3017 5386 3340 5440 Ἀθανασίου
3366 5390 3457 5441 καὶ
3498 5392 3747 5445 Ἰωάννου
3778 5397 3885 5447 τῶν

2316 5476 2730 5545 Ἀλεξανδρέων,
2784 5476 2879 5528 καὶ
2938 5475 3241 5528 Παλλαδίου
3289 5478 3385 5528 καὶ
3429 5477 3734 5533 Φλαϐιανοῦ
3778 5484 3886 5535 τῶν

2302 5568 2641 5637 Ἀντιοχέων,
2678 5568 2772 5619 καὶ
2794 5567 2878 5619 ἑτέ
2889 5584 2997 5637 ρων
3023 5567 3203 5621 τινῶν.

2376 5659 2501 5712 Kx.
2547 5659 2682 5728 Περὶ
2744 5658 2842 5724 τῆς
2888 5657 3220 5727 ἀναιρέσεως
3262 5658 3537 5729 Ἀρμάτου
3589 5666 3887 5734 συγγενοῦς

2303 5750 2529 5822 Περίνης
2569 5752 2665 5819 τῆς
2699 5749 2984 5821 βασιλίδος.
