4108 6468
189 409 332 475 2393
1110 401 1188 460 III
1201 399 1494 460 ΞΤΟΙΠᾸΞ
1536 397 1808 456 ECCI.ES

1846 396 2125 454 ASTIC:E
2166 396 2394 454 LIBER
2430 398 2540 457 III.
3325 395 3464 460 2594

262 529 392 582 KE'.
440 525 689 595 Περὶτῆς
724 522 1148 582 ἐπαναστάσεως
1175 519 1491 588 Θεοδερίχου
1515 519 1607 571 τοῦ
1641 518 1779 570 Σκύ-
1811 529 1856 582 Α

1842 549 1856 582 ι
1958 539 2120 594 XXV.
2158 541 2232 594 De
2279 537 2606 592 Theoderici
2657 536 2869 607 Scythcc
2919 534 3240 599 rebellione,
3285 534 3464 602 deque

188 627 309 686 θου,
336 625 429 676 καὶ
461 622 557 690 τῆς
584 621 774 672 τιύτου
804 617 1086 683 τελευτῆς.

804 617 1086 683 τελευτῆς.
1883 630 2130 698 ejusdem
2165 630 2413 683 interitu.

261 717 410 780 ιςςν,
443 714 578 781 Περὶ
602 715 699 780 τῆς
734 708 1054 778 Μαρκιανοῦ
1095 703 1538 767 ἐπαναστάσεως,
1577 703 1668 756 καὶ
1695 702 1779 757 οἷα

1929 713 2140 774 ΧΧῊ.
2188 722 2263 775 De
2316 721 2619 775 rebellione
2671 718 2967 780 Marciani,
3015 728 3068 771 et
3104 716 3237 786 quid
3287 715 3466 769 eidem

190 806 323 874 περὶ
346 803 532 855 τοῦτον
573 800 791 867 συνέϐη.

573 800 791 867 συνέεη.
1884 811 2166 866 acciderit.

267 898 395 950 ΚΖ.
438 897 570 962 Περὶ
601 895 702 961 τῆς
734 890 1048 961 τυραννίδος
1073 890 1247 942 Ἰλλου
1275 890 1368 942 καὶ
1394 889 1669 942 Λεοντίου.

1487 889 1669 941 >ντίουο
1957 902 2168 955 XXVII.
2203 903 2278 955 De
2313 900 2627 972 Tyrannide
2660 901 2741 954 Illi
2777 915 2839 954 ac
2871 899 3109 954 Leontii.

263 988 402 1044 ΚΠ.
443 988 579 1058 Περὶ
616 984 972 1055 Μαμμιανοῦ,
1011 984 1105 1036 καὶ
1137 984 1246 1036 τῶν
1277 984 1452 1054 ἔργων
1485 982 1672 1035 αὑτοῦ.

1955 987 2196 1042 XXVIII.
2255 989 2326 1041 De
2375 989 2734 1053 Mammiauo,
2769 999 2826 1042 et
2872 987 2940 1041 de
2991 986 3253 1056 operibus
3287 986 3355 1039 ab
3404 999 3470 1039 eo

1885 1083 2236 1136 constructis.

263 1166 398 1220 KG'.
438 1163 570 1230 Περὶ
592 1163 690 1230 τῆς
721 1159 976 1229 τελευτῆς
1005 1161 1273 1228 Ζήνωνος,
1299 1157 1392 1209 καὶ
1414 1157 1510 1224 τῆς
1536 1157 1782 1226 ἀναρρή-

1957 1171 2150 1226 XXIX.
2187 1173 2262 1226 De
2300 1172 2538 1225 Zenonis
2583 1170 2762 1235 obitu,
2794 1178 2849 1223 et
2879 1169 2947 1223 de
2982 1169 3253 1222 Anastasii
3301 1168 3475 1237 impe-

191 1277 336 1321 σεως
372 1255 747 1310 Ἀναστασίου.

1889 1265 2085 1318 ratoris
2127 1264 2557 1332 nuncupatione.

267 1352 350 1402 A'.
390 1349 524 1418 Περὶ
559 1346 914 1399 ’Λναστασίου
941 1343 1034 1398 τοῦ
1073 1343 1360 1413 βασιλέως,
1399 1341 1490 1395 καὶ
1518 1341 1592 1403 ὡς
1621 1339 1708 1393 διὰ
1725 1338 1783 1390 το

1970 1356 2141 1410 XXX.
2181 1356 2256 1409 De
2293 1355 2580 1409 Anastasio
2628 1353 2961 1423 imperatore
3011 1369 3022 1404 :
3065 1359 3119 1404 et
3168 1349 3471 1418 quomodo,

201 1442 274 1508 μὴ
311 1437 600 1508 βούλεσθαι
634 1436 831 1490 τοῦτον.
853 1437 1201 1505 καινοτομεῖν
1229 1452 1279 1486 τι
1315 1435 1442 1504 περὶ
1466 1433 1564 1503 τὴν
1593 1431 1787 1500 ἐκκλη-

1889 1461 2015 1500 cum
2064 1446 2154 1498 ille
2198 1445 2335 1499 nihil
2381 1445 2435 1496 in
2485 1442 2862 1497 ecclesiastico
2894 1449 3036 1494 statu
3071 1441 3277 1493 sineret
3321 1439 3476 1492 iuno.

198 1531 486 1600 σιαστικὴν
519 1530 874 1592 κατάστασιν,
910 1528 1117 1598 μυρίων
1147 1527 1405 1595 ταραχῶν
1438 1527 1493 1578 αἱ
1534 1525 1637 1576 ἀνὰ
1687 1523 1786 1592 τὴν

1889 1535 2028 1598 vari,
2067 1536 2236 1590 totius
2277 1535 2430 1588 orbis
2455 1533 2720 1590 Ecclesiae
2759 1533 3066 1586 innumeris
3103 1531 3479 1600 perturbatio-

194 1624 524 1692 οἰκουμένην
555 1620 873 1689 Ἐκκλησίαι
907 1618 1320 1689 ἐνεπλήσθησαν
1341 1634 1352 1645 ⁸
1386 1617 1570 1671 πολλοί
1597 1633 1654 1668 τε
1678 1616 1786 1668 τῶν

1891 1627 2056 1681 nibus
2089 1626 2312 1695 repleta:
2352 1634 2499 1689 sunt,
2533 1624 2797 1693 multique
2825 1623 3068 1692 episcopi
3099 1637 3218 1676 eam
3249 1621 3321 1674 ob
3355 1635 3475 1673 (xtu-

197 1715 514 1770 ἐπισκὸπων
546 1712 636 1765 διὰ
659 1712 816 1765 τοῦτο
848 1711 1240 1781 ἐξεϐλήθησαν.

659 1712 816 1765 τοῦτο
848 1711 1240 1781 ἐξεϐλήθησαν.
1891 1733 2004 1772 sam
2033 1717 2269 1786 expulsi.

268 1808 394 1859 AA'.
438 1804 726 1873 Ἐπιστολὴ
779 1803 885 1856 τῶν
921 1802 1170 1872 μοναχῶν
1223 1800 1604 1854 Παλαιστινῶν
1650 1799 1785 1868 πρὸς
1823 1865 1861 1876 n

1962 1807 2156 1863 XXXI.
2191 1806 2438 1876 Epistola
2471 1805 2864 1858 monachorum
2908 1803 3210 1858 Palmstina:
3239 1802 3304 1856 ad
3336 1802 3482 1855 Alci-

198 1901 505 1953 Ἀλκίσωνα
534 1898 661 1968 περὶ
689 1897 922 1967 μοναχοῦ
953 1895 1178 1948 Ξεναίου
1209 1895 1301 1947 καὶ
1325 1895 1528 1962 ἐτέρων
1555 1892 1736 1944 τινῶν.

1857 1870 1863 1913 ί
1895 1915 2086 1954 sonem
2121 1899 2188 1954 de
2219 1898 2428 1953 Xenaia
2462 1897 2757 1958 monacho,
2793 1906 2849 1949 et
2876 1895 2942 1949 de
2975 1896 3099 1948 aliis
3127 1893 3479 1963 quibusdam.

267 1993 391 2046 AB'.
424 1991 556 2060 Περὶ
582 1989 680 2059 τῆς
703 1988 930 2056 ἐκϐολῆς
961 1986 1298 2040 Μακεδονίου
1333 1984 1427 2037 τοῦ
1481 1984 1789 2036 Κωνσταν-

1965 1991 2182 2044 XXXII.
2219 1990 2294 2043 De
2327 1989 2648 2058 expulsionc
2683 1986 2986 2041 Macedonii
3017 1985 3481 2052 Constantinopo-

195 2082 578 2144 τινουπόλεως,
611 2083 706 2134 καὶ
729 2079 1030 2133 Φλαϐιανοῦ
1075 2079 1435 2146 Ἀντιοχείας.

1893 2084 2051 2138 litani
2085 2083 2352 2151 episcopi,
2381 2090 2436 2134 et
2471 2079 2713 2134 Flaviani
2743 2078 3096 2133 Antiocheni.

271 2172 397 2228 AI".
438 2176 571 2243 Περὶ
598 2173 842 2244 Σεϐήρου
875 2169 1186 2224 ἐπισκόπου
1222 2167 1575 2236 Ἀντιοχείας.

1967 2173 2209 2227 XXXIII.
2250 2173 2326 2226 De
2363 2172 2569 2226 Severo
2591 2172 2853 2240 episcopo
2883 2166 3206 2223 Antiochiae.

275 2264 396 2320 AA'.
440 2266 574 2336 Περὶ
613 2266 712 2334 τῆς
739 2262 1083 2334 πεμφθείσης
1107 2260 1257 2330 αύτῷ
1291 2259 1668 2328 καθαιρέσεως
1689 2259 1792 2311 ὑπὸ

1967 2267 2209 2322 XXXIV.
2245 2268 2320 2322 De
2350 2267 2540 2321 libello
2571 2266 2939 2336 depositionis
2980 2265 3047 2319 ad
3096 2266 3353 2320 eumdem
3391 2263 3488 2319 Se-

198 2360 403 2428 Κοσμᾶ
425 2358 519 2411 καὶ
542 2356 900 2428 Σεϐηριανοῦ.

1896 2376 2087 2414 verum
2122 2359 2290 2412 misso
2318 2374 2348 2412 a
2377 2359 2573 2412 Cosma
2607 2367 2663 2412 et
2690 2355 3010 2412 Severiano.

276 2452 400 2505 AE'.
424 2451 558 2520 Περὶ
573 2450 670 2518 τῆς
689 2448 795 2500 τῶν
819 2447 1095 2518 τυράννων
1113 2445 1374 2515 Ἰσαύρων
1399 2445 1791 2515 καθαιρέσεως.

1657 2461 1791 2506 πεως.
1969 2449 2184 2503 XXXV.
2218 2450 2292 2502 De
2323 2449 2590 2504 exstincta
2623 2449 2936 2516 Isaurorum
2970 2447 3279 2518 tyrannide.

276 2546 419 2610 Aq'.
447 2542 583 2613 Περὶ
605 2541 710 2593 τῶν
731 2540 1024 2609 Σκηνητῶν
1043 2537 1356 2608 βαρϐάρων,
1381 2536 1456 2599 ὡς
1474 2537 1796 2590 ἐσπείσαντο

1965 2541 2208 2595 XXXVI.
2247 2540 2536 2607 Quomodo
2565 2539 2825 2595 Saraceni
2850 2555 3043 2609 pacem
3073 2556 3197 2607 cum
3229 2538 3490 2595 Romanis

203 2636 346 2707 πρὸς
383 2633 710 2703 Ῥωμαίους.

549 2633 710 2695 ιίους.
1899 2634 2171 2688 fecerunt.

278 2728 400 2780 AZ'.
442 2725 579 2796 "api.
611 2723 713 2794 τῆς
747 2723 803 2777 ἐν
835 2720 1020 2793 Ἀμίδῃ
1049 2720 1392 2792 πολιορκίας,
1425 2719 1520 2772 καὶ
1565 2717 1796 2781 κτίσεως

1970 2725 2236 2780 XXXVII.
2272 2726 2349 2779 De
2382 2724 2789 2795 expugnatione
2819 2722 3048 2788 Amidae,
3078 2732 3132 2778 et
3167 2723 3236 2778 de
3264 2721 3492 2778 conditu

202 2817 300 2870 τοῦ
333 2814 535 2886 Δάρας.

1904 2818 2062 2872 urbis
2092 2819 2281 2871 Daras.

278 2909 409 2961 AH’.
445 2905 580 2976 Περὶ
605 2903 700 2957 τοῦ
735 2903 952 2973 μακροῦ
979 2920 1033 2954 τε
1046 2905 1213 2972 ίχους.

1159 2919 1213 2964 ις.
1972 2907 2264 2962 XXXVIII.
2297 2909 2374 2962 De
2401 2908 2566 2977 longo
2603 2923 2781 2962 muro.

277 2998 403 3052 ΛΘ’.
433 2997 570 3068 Περὶ
598 2995 693 3049 τοῦ
723 2995 1015 3065 λεγομένου
1056 2989 1492 3064 Χρυσαργύρου,
1541 2989 1616 3051 ὡς
1649 2989 1796 3042 ἀνεῖ-

1974 2999 2220 3054 XXXIX.
2254 3000 2330 3054 De
2356 3001 2609 3070 vectigali
2639 3000 2786 3068 quod
2812 2999 3246 3069 Chrysargyrum
3274 3001 3494 3059 vocant,

203 3094 302 3145 λεν
328 3090 492 3144 αὐτὸν
528 3090 906 3151 Ἀναστὰσιος.

1903 3100 1959 3145 et
1983 3090 2264 3159 quomodo
2293 3091 2569 3145 sublatum
2598 3091 2669 3143 sit
2695 3090 2764 3143 ab
2793 3089 3102 3143 Anastasio.

281 3182 372 3236 Μ’.
411 3179 548 3250 Περὶ
566 3173 640 3231 ὧν
678 3179 930 3249 ἱστόρησε
965 3177 1215 3247 Ζώσιμος
1242 3176 1400 3246 χάριν
1423 3173 1517 3226 τοῦ
1546 3175 1801 3244 Χρυσαρ-
1830 3194 1872 3250 c

1977 3182 2090 3235 XL.
2127 3183 2201 3236 De
2233 3182 2319 3236 his
2347 3198 2468 3251 qua:
2497 3182 2752 3235 Zosimus
2783 3182 3005 3250 scripsit
3035 3177 3497 3250 deLChrysargyro

205 3269 404 3340 γύρου,
437 3269 529 3321 καὶ
559 3268 974 3320 Κωνσταντίνου
1015 3266 1109 3318 τοῦ
1139 3265 1420 3334 βασιλέως.

1210 3265 1420 3326 σιλέως.
1911 3282 1964 3328 et
1991 3275 2060 3329 de
2084 3273 2450 3329 Constantino
2477 3269 2830 3342 imperatore.

284 3361 426 3414 ΜΝ.
481 3359 809 3421 ’Δπόστασις
861 3357 997 3430 πρὸς
1025 3355 1281 3425 Ζώσιμον
1312 3356 1397 3424 ἐφ’
1423 3350 1504 3418 οἷς
1533 3353 1810 3426 ἐϐλασφή-

1980 3364 2116 3418 XLI.
2153 3364 2430 3418 Invectiva
2464 3364 2518 3417 in
2553 3364 2834 3417 Zosimum
2880 3362 2952 3417 ob
2982 3364 3102 3434 ejus
3136 3362 3194 3415 in
3225 3359 3501 3416 Constan-

212 3467 360 3523 μησε
396 3451 810 3502 Κωνσταντῖνον
845 3450 936 3501 καὶ
971 3447 1365 3518 Χριστιανούς.

1273 3447 1365 3511 ιύςο
1912 3457 2088 3510 tinum
2126 3464 2182 3509 et
2207 3455 2553 3510 Christianos
2584 3455 2895 3508 maledicta.

286 3543 423 3597 NB’.
459 3542 595 3611 Περὶ
615 3543 712 3612 τῆς
735 3540 1138 3612 χρυσοτελείας.

1983 3547 2146 3601 XLII.
2179 3547 2253 3601 De
2283 3547 2503 3600 auraria
2539 3547 2825 3616 pensione.

287 3636 426 3691 Idl".
464 3637 599 3706 Περὶ
629 3635 730 3704 τῆς
761 3633 1084 3704 τυραννίδος
1109 3631 1456 3687 Βιταλιανοῦ.

1313 3631 1456 3687 ινοῦ.
1983 3639 2168 3693 XLIII.
2204 3639 2278 3692 De
2309 3639 2565 3693 Vitaliani
2600 3639 2935 3710 Tyrannide.

287 3726 424 3783 MA’.
466 3728 552 3791 Ὠς
586 3727 946 3780 Ἀναστασίου
993 3729 1050 3780 ἐν
1076 3727 1156 3795 τῷ
1181 3725 1455 3796 τρισαγίῳ
1492 3725 1690 3796 ’Υμνῳ
1723 3724 1803 3790 τὸ,

1986 3728 2168 3783 XLIV.
2207 3727 2496 3794 Quomodo
2541 3729 2734 3799 ingens
2767 3729 2968 3784 seditio
3009 3727 3064 3782 in
3108 3728 3315 3798 populo
3354 3727 3505 3782 exci-

222 3821 286 3874 Ὀ
309 3817 649 3890 σταυρωθεὶς
671 3818 738 3870 δι’
757 3819 926 3888 ἡμᾶς,
948 3815 1302 3888 βουληθέντος
1327 3816 1666 3885 προσθεῖναι,
1687 3817 1816 3868 στά-

1917 3827 2027 3872 tata
2073 3819 2176 3882 sit,
2214 3834 2340 3872 eum
2390 3818 2715 3872 Anastasius
2761 3819 2816 3872 in
2864 3820 3078 3891 IIymno
3115 3818 3364 3889 Trisagio
3406 3818 3507 3872 bas

216 3930 305 3975 σις
334 3914 390 3965 ἐν
412 3911 491 3981 τῷ
513 3911 672 3981 δήμῳ
702 3910 795 3963 καὶ
826 3910 1040 3982 ταραχὴ
1071 3910 1295 3980 γέγονεν
1316 3923 1330 3938 ⁶
1371 3910 1507 3981 ὅπερ
1531 3908 1813 3980 φοϐηθεὶς,

1916 3922 2085 3962 voces
2129 3906 2331 3961 addere
2383 3908 2649 3962 voluisset
2695 3927 2708 3962 :
2755 3910 2849 3980 qui
2916 3909 3214 3965 cruciﬁxus
3270 3919 3355 3965 est
3406 3924 3507 3980 pro

221 4005 666 4074 ὑποκρινάμενος
713 4002 1068 4069 ταπείνωσιν,
1134 4002 1272 4071 ταχὺ
1329 4000 1428 4064 τὰς
1470 3999 1694 4070 γνώμας
1722 3999 1814 4053 τοῦ

1923 3999 2104 4054 nobis.
2134 3998 2289 4066 Quod
2323 4009 2576 4054 metuens
2602 4001 2944 4066 Anastasius,
2973 4002 3326 4057 simulatione
3351 4015 3505 4066 usus,

215 4098 400 4166 δήμου
436 4092 724 4163 μετέϐαλε.

1937 4091 2122 4145 statim
2171 4090 2348 4160 plebis
2388 4092 2603 4146 animos
2657 4093 3037 4147 commutavit.

295 4367 434 4424 ΗΕΖ
468 4367 604 4436 Περὶ
626 4367 721 4421 τοῦ
761 4367 996 4422 θανάτου
1045 4367 1420 4421 Ἀναστασίου.
1848 4345 1896 4404 D

1848 4345 1896 4404 Ῑ)
1991 4365 2150 4422 XLV.
2187 4393 2255 4404 —-
2289 4363 2424 4421 Item
2447 4368 2515 4423 de
2539 4368 2691 4422 obitu
2716 4363 2968 4434 ejusdem
2989 4365 3285 4422 Anastasii.

823 4441 1079 4493 ΚΕΦΑΛ.
1135 4439 1214 4494 A'.

2495 4439 2656 4508 333
2703 4436 2855 4492 CAP.
2899 4437 2940 4493 I.

222 4557 365 4627 Περὶ
387 4557 497 4626 τῆς
519 4556 846 4622 ,ϐασιλείας
869 4556 1151 4624 Ζήνωνος
1195 4553 1293 4607 καὶ
1319 4551 1425 4607 τοῦ
1438 4554 1582 4618 ,ϐίον
1605 4551 1814 4607 αὐτοῦ.

1715 4551 1814 4607 νοῦ.
2105 4552 2180 4606 De
2209 4554 2428 4624 imperio
2455 4552 2681 4605 Zenonis
2739 4551 2905 4621 deque
2935 4551 3168 4620 ejusdem
3210 4553 3337 4605 vita.

297 4695 491 4763 Ζήνων
529 4693 610 4758 δὲ,
639 4692 762 4744 ἐπεὶ
817 4691 916 4762 τὴν
947 4691 1244 4760 βασιλείαν,
1289 4689 1382 4742 τοῦ
1427 4689 1615 4752 παιδός
1654 4689 1702 4742 οἱ
1732 4706 1819 4741 τε·-

2003 4688 2071 4742 At
2103 4688 2275 4753 Zeno,
2314 4688 2478 4742 simul
2517 4695 2703 4757 atque,
2737 4693 2958 4740 mortuo
2989 4683 3162 4745 ipsius
3200 4683 3336 4747 tilio,
3371 4685 3521 4740 solus

223 4785 615 4847 λευτήσαντος,
658 4785 818 4852 μόνος
863 4781 1220 4852 περιεϐάλετο
1241 4822 1254 4845 ,
1285 4781 1475 4849 ὥσπερ
1507 4781 1607 4834 οὐκ
1639 4781 1822 4850 οἰόμε-

1933 4787 2224 4856 imperium
2280 4785 2560 4850 obtinuit,
2612 4783 2769 4853 quasi
2827 4795 3153 4852 persuasum
3204 4780 3417 4836 habens
3463 4796 3521 4836 se

224 4894 318 4938 νος
357 4875 403 4906 ⁷⁸
432 4874 541 4926 τῶν
573 4875 715 4926 ὅλων
747 4873 1020 4943 ἐγκρατὴς
1063 4872 1341 4940 γενέσθαι)
1371 4874 1419 4924 εί
1465 4871 1540 4941 μὴ
1576 4872 1670 4924 καὶ
1709 4872 1820 4924 πά-

1935 4892 2279 4947 ncquaquam
2317 4891 2533 4932 summo
2566 4873 2800 4944 imperio
2834 4873 3125 4943 praeditum
3158 4887 3300 4931 esse.
3331 4871 3434 4927 nisi
3469 4871 3523 4925 in

233 4984 364 5026 σαις
399 4969 520 5029 ταῖς
559 4965 846 5027 ἐπιούσαις
897 4965 1115 5034 ἡδοναῖς
1151 4965 1268 5034 μετ’
1311 4963 1558 5030 ἐξουσίας
1600 4961 1826 5027 ἐπεξέλ-

1935 4985 2098 5024 omne
2146 4986 2318 5041 genus
2367 4968 2638 5031 libidinis,
2658 4965 3050 5035 ‘quodeunque
3089 4963 3314 5018 obvium
3350 4971 3523 5027 esset,

228 5059 348 5121 θοι,
396 5057 650 5110 τοσοῦτον
685 5059 748 5108 ἐκ
790 5057 1094 5126 προοιμίων
1143 5055 1336 5108 ἐαυτὸν
1375 5058 1493 5118 ταῖς
1543 5054 1825 5108 ἐπιθέσεσι

1936 5076 2150 5115 summa
2197 5076 2322 5115 cum
2359 5060 2581 5113 licentia
2618 5056 3043 5111 eIIunderetur:
3077 5053 3259 5109 statim
3291 5053 3362 5108 ab
3408 5053 3526 5122 ipso

227 5153 346 5206 τῶν
380 5148 687 5220 ἐπιθυμιῶν
719 5147 1036 5211 ἐκδέδωκεν,
1068 5147 1142 5210 ὡς
1194 5148 1360 5216 μηδὲν
1391 5147 1552 5200 αὑτὸν
1582 5148 1828 5216 ἐπισχεῖν

1935 5152 2162 5206 exordio
2198 5151 2477 5206 illecebris
2500 5149 2866 5219 cupiditatum
2899 5147 2974 5200 ita
3003 5161 3062 5200 se
3090 5153 3265 5210 totum
3293 5142 3526 5206 dedidit,

227 5246 346 5297 τῶν
376 5242 646 5312 ἀπρεπῶν
705 5259 762 5293 τε
811 5241 908 5293 καὶ
959 5241 1236 5310 ἀθέσμων“
1265 5239 1379 5292 ἀλλ’
1409 5239 1580 5301 οὕτως
1619 5239 1832 5301 τούτοις

1943 5252 2002 5296 ιιι
2040 5243 2180 5296 nihil
2225 5252 2369 5297 esset
2417 5252 2524 5295 tam
2561 5249 2720 5310 turpe
2772 5249 2990 5308 tamque
3038 5237 3328 5301 illicitum,
3379 5235 3529 5303 quod

234 5333 723 5406 ἐμπολιτεύεσθαι,
762 5334 838 5396 ὼς
867 5333 927 5385 τὸ
970 5334 1210 5396 σκοτίωςι
1227 5333 1398 5386 ταῦτα
1441 5334 1536 5384 καὶ
1567 5333 1626 5384 ἐν
1650 5349 1831 5402 παρα-

1937 5335 2201 5406 impetum
2229 5338 2348 5408 ejus
2381 5337 2705 5400 cohiberet;
2739 5334 2834 5390 sed
2867 5333 2946 5388 sic
2983 5333 3036 5386 in
3069 5329 3288 5400 ﬂagitiis
3317 5328 3531 5381 voluta-

238 5430 428 5496 ϐύστῳ
461 5423 774 5496 γίγνεσθαι,
799 5423 1090 5494 χαμερπές
1121 5421 1262 5476 εἶναι
1293 5423 1560 5492 νομίζειν·
1591 5422 1652 5474 τὸ
1687 5424 1742 5475 δέ
1771 5440 1834 5490 γε

1934 5429 2116 5494 batur,
2155 5438 2213 5484 ut
2242 5429 2380 5483 clam
2415 5427 2641 5497 quidem
2685 5441 2748 5480 ac
2778 5423 3006 5479 remotis
3034 5420 3260 5475 arbitris
3285 5433 3349 5471 ea
3376 5432 3537 5472 com-

237 5521 548 5590 ὰναφανδὺν
577 5519 674 5572 καὶ
719 5517 910 5586 ὥσπερ
970 5516 1029 5580 ἐξ
1067 5517 1339 5578 ἀπόπτου,
1388 5515 1666 5581 βασιλικὸν
1692 5555 1706 5578 ,
1739 5515 1835 5567 καὶ

1935 5518 2175 5583 mittere,
2209 5519 2318 5573 vile
2364 5534 2428 5574 ac
2459 5517 2741 5588 plebeium
2777 5517 3118 5570 existimaret
3147 5529 3160 5566 :
3189 5511 3368 5582 palam
3398 5524 3531 5564 vero

241 5611 614 5679 αὐτοκράτορι
645 5609 790 5678 μόνῳ
831 5607 1063 5675 πρέπονο
1099 5607 1287 5670 κακῶς
1326 5607 1416 5661 καὶ
1445 5605 1831 5676 ἰουλοπρεπῶς

1934 5619 1990 5664 et
2017 5610 2120 5666 sub
2150 5611 2328 5666 oculis
2357 5610 2604 5666 omnium
2649 5625 2713 5664 ea
2755 5617 2996 5679 patrare,
3027 5605 3238 5676 regium
3268 5599 3529 5674 quiddam

1572 5719 1802 5776 νΑιιιΑΞ
1843 5714 2251 5778 LECTIO'NES.

308 5820 354 5852 ‘°
385 5818 485 5873 ούκ
525 5813 917 5885 οἰκειούμενος.
