4108 6476
623 397 764 460 2599

1824 388 2138 449 EVAGRJI
2179 387 2580 445 SCHOLASTJ
2593 387 2662 445 CI

3746 384 3898 448 2600

620 507 890 566 mitteret,
917 509 971 557 et
1001 516 1064 556 ea
1090 515 1208 569 qua:
1255 497 1601 553 Chalcedone
1661 506 1813 567 gesta
1862 496 2102 558 fuerant,
2151 510 2179 548 e

2308 511 2367 547 τε
2430 495 2742 564 περιϐαλεῖν
2775 496 2842 548 τὰ
2886 496 2940 546 ἐν
2993 495 3298 565 Καλχηδόνι
3340 494 3746 564 πεπραγμένα,
3800 497 3898 551 καὶ

618 595 823 652 Leonis
847 592 1050 645 librum
1078 589 1414 644 anathemati
1434 589 1750 660 subjicerct.
1779 586 2001 642 Littera:
2019 596 2200 640 autem

613 689 698 741 sic
725 684 930 739 habent
955 699 970 735 :

1000 792 1280 863 Encyclica
1303 792 1524 861 epistola
1552 791 1816 845 Basilisct.

681 907 982 977 Imperator
1009 897 1198 960 C:esar
1217 906 1539 966 Basiliscus,
1575 905 1947 968 Pius,Victor,
1973 903 2198 956 Trium-

615 998 833 1067 phator,
869 997 1156 1062 Maximus,
1185 1013 1402 1066 semper
1423 997 1701 1066 Augustus
1729 1013 1741 1048 :
1767 1004 1822 1049 et
1852 995 2069 1048 Marcus
2085 995 2197 1049 No-

617 1089 924 1142 bilissimus
996 1089 1198 1158 Caesar,
1270 1090 1560 1142 Timotheo
1617 1087 2082 1142 rcverendissimo
2146 1097 2201 1140 et

617 1181 710 1234 Dei
733 1180 1108 1253 amantissimo
1139 1181 1552 1248 archiepisc0po
1568 1195 1774 1248 magna:
1795 1179 1949 1233 urbis
1965 1179 2201 1232 Alexan-

617 1269 920 1323 drinorum.
995 1271 1275 1338 Quotquot
1313 1270 1458 1339 leges
1512 1286 1612 1338 pro
1672 1278 1819 1323 recta
1858 1278 2022 1338 atque
2068 1284 2199 1337 apo-

614 1361 805 1414 stolica
857 1359 963 1412 ﬁde
999 1368 1297 1413 sanxerunt
1353 1360 1750 1430 religiosissimi
1789 1361 1882 1429 qui
1925 1367 2050 1412 ante
2078 1373 2199 1413 'nos

616 1450 836 1504 fuerunt
869 1451 1249 1519 imperatores,
1275 1453 1591 1520 quicunque
1629 1458 1869 1504 sanctam
1894 1460 1949 1503 et
1981 1449 2196 1503 beatam

616 1550 670 1595 et
704 1542 1068 1596 immortalem
1122 1557 1184 1596 ac
1236 1543 1508 1596 viviﬁcam
1542 1543 1872 1595 Trinitatem
1926 1550 2197 1611 perpetuo

614 1631 837 1685 coluere
895 1649 908 1684 :
971 1648 1103 1697 eas,
1151 1643 1340 1702 utpote
1397 1647 1516 1702 qua:
1569 1631 1826 1685 universo
1877 1631 2001 1684 orbi
2050 1631 2196 1686 salu-

616 1733 759 1776 tares
819 1737 1038 1790 semper
1068 1723 1409 1786 exstiterint,
1474 1722 1628 1775 nullo
1663 1737 1902 1790 unquam
1947 1731 2195 1790 tempore

2305 586 2396 638 τὸν
2425 588 2589 655 τόμον
2615 585 2862 649 Λέοντος
2897 582 2969 639 ὧν
3006 589 3038 656 η
3071 587 3315 657 συνθήκη
3347 587 3496 654 λέγει
3524 582 3674 640 τάδε·

2705 785 3065 853 Ἐγκύκλιον
3094 785 3494 838 Βασιλίσκου.

2374 899 2744 970 Αὐτοκράτωρ
2788 901 3004 968 Καῖσαρ
3054 899 3414 962 Βασιλίσκος,
3461 894 3733 968 Εὖσεϐἢς,
3788 902 3892 954 Nu

2304 995 2500 1064 κητὴς,
2533 992 2927 1064 Τροπαιοῦχος,
2977 993 3270 1059 Μέγιστος,
3325 994 3724 1058 Ἀεισέϐαστος,
3773 995 3894 1048 Λῦ-

2301 1102 2548 1153 γουστος·
2583 1085 2678 1138 καὶ
2707 1085 2935 1152 Μάρκος
2958 1087 2985 1136 ό
3029 1084 3492 1150 Ἐπιφανέστατος
3524 1086 3765 1155 Καῖσαρ,
3797 1086 3897 1137 Τι-

2306 1174 2486 1242 μοθέῳ
2523 1173 2599 1242 τῷ
2638 1173 3026 1241 εὐλαϐεστάτῳ
3062 1173 3156 1225 καὶ
3187 1171 3590 1244 θεοφιλεστάτη)
3637 1177 3896 1243 ἀρχιεπι-

2303 1264 2492 1333 σκόπῳ
2520 1264 2620 1333 τῆς
2677 1262 3072 1331 Ἀλεξανδρέων
3136 1262 3575 1331 μεγαλοπόλεως.
3626 1263 3897 1330 Ὀπόσους

2304 1355 2403 1423 μὲν
2434 1354 2574 1423 ὑπὲρ
2617 1353 2716 1420 τῆς
2753 1353 2920 1424 ὀρθῆς
2977 1355 3071 1406 καὶ
3107 1354 3477 1424 ἀποστολικῆς
3509 1354 3748 1419 πίστεως
3772 1358 3898 1410 ὲίῖέ-

2301 1463 2500 1498 σπισαν
2530 1446 2725 1516 νόμους
2768 1448 2816 1497 oi
2857 1446 2966 1515 πρὸ
2998 1446 3153 1514 ἡμῶν
3191 1446 3578 1498 εύσεϐἐστατοι
3619 1447 3891 1517 βασιλεῖς,

2299 1537 2413 1588 ὅσοι
2441 1535 2540 1606 τὴν
2576 1537 2851 1606 μακαρίαν
2888 1537 2983 1589 καὶ
3012 1538 3204 1607 ἀγήρω
3250 1538 3344 1590 καὶ
3378 1537 3645 1601 ζωοποιδν
3677 1541 3892 1610 Τριὰδα

2300 1625 2696 1695 θεραπεύοντες
2720 1625 2895 1697 ὀρθῶς
2918 1626 3249 1692 διετέλεσαν,
3281 1627 3504 1688 τούτους
3532 1628 3609 1691 ὡς
3638 1629 3717 1699 τῷ
3746 1647 3890 1683 παν·

2299 1720 2353 1770 τὶ
2409 1719 2600 1788 κόσμῳ
2646 1719 2950 1787 σωτηρίους
2993 1719 3078 1770 ἀεί
3139 1736 3271 1770 ποτε
3331 1720 3647 1787 γεγονότας,
3695 1721 3892 1774 οὐδένα

613 1812 801 1868 irritas
822 1829 942 1868 esse
970 1815 1224 1868 volumus
1251 1833 1263 1867 :
1295 1815 1389 1868 sed
1416 1815 1597 1883 potius
1624 1824 1879 1882 tanquam
1905 1814 2052 1882 leges
2072 1828 2189 1882 pro-

2300 1810 2491 1880 χρόνον
2521 1812 2712 1879 ἀργεῖν
2753 1811 3031 1881 ἐθέλομεν·
3067 1811 3270 1882 μᾶλλον
3303 1812 3361 1864 δὲ
3395 1813 3469 1876 ὡς
3510 1813 3748 1876 οἰκείους
3783 1816 3891 1867 αύ-

611 1904 759 1974 prias
787 1907 1216 1974 promulgamus.
1244 1907 1356 1959 Nos
1377 1922 1507 1959 vero
1537 1906 1630 1984 qui
1656 1907 1912 1975 pietatem
1930 1921 1992 1958 ac
2016 1906 2193 1958 zelum

609 2008 712 2064 pro
743 1996 853 2050 Deo
877 2012 944 2050 ac
971 1997 1261 2052 Servatore
1314 2006 1506 2051 nostro
1545 1997 1672 2050 .lcsu
1722 1995 1963 2060 Christo,
2007 2002 2036 2048 a
2083 2009 2194 2063 quo

610 2087 816 2142 conditi
844 2089 994 2144 et~ad
1023 2091 1164 2144 hanc
1181 2090 1409 2160 gloriam
1432 2089 1608 2144 evecti
1635 2103 1844 2152 sumus,
1870 2086 2021 2140 omni
2049 2101 2196 2141 cura!

611 2191 679 2231 ac
705 2178 1060 2234 sollicitudini
1087 2195 1272 2234 rerum
1303 2180 1672 2233 humanarum
1698 2179 1857 2247 longe
1899 2176 2192 2245 anteponi-

609 2282 734 2321 mus
769 2284 784 2321 :
816 2276 871 2322 et
892 2269 984 2338 qui
1019 2278 1285 2339 praeterea
1313 2269 1591 2323 credimus
1637 2266 1986 2322 concordiam
2017 2265 2197 2336 gregis

609 2359 841 2426 Christi,
876 2370 991 2416 tum
1016 2363 1190 2432 ipsius
1211 2362 1412 2432 gregis,
1441 2371 1554 2415 tum
1579 2361 1822 2416 omnium
1846 2359 2193 2414 subditorum

609 2451 845 2514 salutem
869 2456 1157 2520 exsistere,
1181 2455 1510 2525 ﬁrmumque
1543 2456 1717 2510 nostri
1747 2454 1962 2523 imperii
1992 2452 2191 2506 funda-

609 2558 857 2604 mentum
882 2556 939 2602 et
986 2547 1466 2617 inexpugnabilem
1521 2561 1736 2599 murum
1788 2560 1908 2598 esse
1942 2561 1954 2595 :
1985 2543 2192 2597 idcirco

608 2640 798 2694 divino
823 2640 1055 2693 interius
1087 2639 1202 2691 zelo
1223 2639 1504 2698 commoti,
1536 2647 1591 2692 et
1613 2637 1760 2690 velut
1793 2635 2054 2704 quasdam
2087 2635 2192 2687 im-

607 2715 745 2800 perii
776 2729 952 2783 nostri
983 2728 1276 2798 primitias,
1331 2738 1535 2782 sanctae
1569 2729 1826 2782 Ecclesia:
1885 2727 2193 2780 unitionem

607 2820 721 2874 Deo
765 2835 828 2873 ac
859 2819 1140 2874 Servatori
1183 2831 1373 2872 nostro
1420 2817 1549 2872 Jesu
1600 2817 1818 2872 Christo
1871 2817 2191 2881 oﬂerentes,

607 2911 890 2966 sancimus
925 2919 982 2964 ut
1015 2910 1161 2966 basis
1217 2927 1280 2966 ac
1323 2909 1726 2964 ﬁrmamentum
1781 2909 2058 2964 felicitatis
2093 2909 2197 2964 hu-

607 3017 800 3066 mana,
823 3003 1129 3071 symbolum
1152 3003 1316 3073 336
1344 3003 1596 3058 videlicet
1620 3015 1988 3060 trecentorum
2019 3013 2074 3058 et
2101 3020 2196 3058 oc—

609 3095 844 3149 todecim
887 3102 1200 3150 sanctorum
1234 3098 1454 3150 Patrum
1485 3095 1579 3164 qui
1600 3096 1728 3148 olim
1755 3097 1929 3149 sancti
1955 3095 2194 3164 Spiritus

625 3187 872 3241 nstinctu
894 3186 1088 3241 Nicaaae
1114 3189 1427 3258 congregati
1460 3197 1608 3252 sunt,
1642 3188 1697 3240 in
1721 3185 1866 3256 quod
1902 3203 2026 3241 cum
2061 3201 2184 3251 nos,
2217 3173 2260 3228 ο

608 3290 722 3332 tum
751 3279 986 3348 majores
1047 3279 1220 3332 nostri
1277 3281 1587 3344 credentes,
1653 3278 1914 3349 baptizati
1971 3293 2182 3343 sumus,

605 3369 782 3422 solum
812 3369 866 3421 in
891 3367 1106 3422 cunctis
1132 3370 1500 3424 sanctissimis
1525 3371 1620 3424 Dei
1653 3368 2186 3424 Ecclesiisetortho-

603 3461 872 3515 doxorum
904 3461 1234 3536 pepulorum
1261 3463 1628 3516 conventibus
1678 3472 1975 3532 usurpetur
2019 3472 2184 3531 atque

605 3551 890 3615 obtineat;
923 3551 1127 3620 quippe
1157 3551 1303 3620 quod
1354 3569 1526 3606 unum
1585 3554 1770 3623 regula
1825 3553 1886 3606 ﬁt
1918 3562 2081 3607 rectae
2119 3565 2186 3606 ac

605 3643 836 3697 sincera:
855 3641 1003 3706 ﬁdei,
1037 3641 1315 3696 suﬂieiens
1357 3651 1470 3696 tum
1519 3643 1584 3696 ad
1614 3644 1954 3698 eversionem
2003 3644 2187 3713 cujus-

603 3733 741 3787 libet
779 3733 1071 3794 haareseos,
1109 3742 1221 3786 tum
1253 3734 1319 3786 ad
1378 3733 1676 3802 perfectam
1729 3744 2043 3788 sanctarum
2091 3735 2184 3788 Dei

603 3825 981 3878 Ecclesiarum
1005 3824 1311 3878 unitionem
1352 3842 1366 3876 ι
1411 3825 1484 3878 ita
1510 3833 1690 3879 tamen
1730 3835 1790 3879 ut
1817 3842 1978 3880 suum
2013 3827 2184 3880 robur

604 3931 668 3970 ac
686 3916 932 3985 vigorem
957 3915 1246 3970 obtineant
1295 3917 1462 3970 etiam
1486 3933 1571 3980 ea,
1628 3935 1748 3987 qua:
1782 3919 1837 3995 in
1873 3919 1973 3973 bac
2036 3920 2184 3989 regia

604 4007 740 4061 urbe
771 4022 802 4061 a
839 4015 1060 4062 centum
1111 4015 1167 4060 et
1220 4008 1619 4078 quinquaginta
1671 4009 1874 4062 sanctis
1931 4009 2185 4062 Patribus

601 4111 752 4169 gesta
781 4109 908 4153 sunt
938 4099 1007 4152 ad
1065 4098 1538 4154 conﬁrmationem
1567 4100 1811 4168 ejusdem
1851 4099 2184 4154 sanctissimi

601 4187 868 4258 Symboli,
911 4187 1176 4240 adversus
1203 4201 1299 4241 eos
1349 4188 1447 4256 qui
1498 4188 1554 4241 in
1612 4188 1876 4257 Spiritum
1934 4199 2184 4243 sanctum

601 4279 1100 4348 blasphemahant:
1154 4295 1217 4333 ea
1272 4279 1500 4349 insuper
1551 4296 1672 4349 qua:
1706 4281 1759 4335 in
1818 4281 2182 4350 Ephesiorum

598 4371 892 4439 metropoli
975 4382 1164 4425 centra
1212 4371 1442 4441 impium
1489 4372 1806 4426 Nestorium
1853 4383 1973 4427 acta
2030 4382 2180 4436 sunt,

596 4472 652 4517 et
679 4473 874 4518 contra
896 4479 992 4518 eos
1014 4464 1109 4533 qui
1169 4465 1289 4534 ejus
1317 4480 1560 4519 errorem
1609 4477 1796 4534 postea
1835 4476 1963 4519 sunt
1985 4466 2180 4520 secuti.

594 4554 674 4608 Ea
697 4570 830 4608 vero
847 4571 968 4624 qua:
991 4564 1304 4609 sanctarum
1338 4555 1433 4608 Dei
1460 4556 1826 4609 Ecclesiarum
1852 4572 2180 4610 consensum

594 4661 660 4700 ac
691 4646 1166 4715 tranquillitatem,
1196 4654 1253 4700 et
1295 4647 1466 4702 totius
1497 4647 1650 4701 orbis
1698 4663 1887 4717 pacem
1931 4647 2183 4717 disrupe-

592 4751 602 4770 ι
628 4745 766 4802 unt;
791 4746 1000 4790 tomum
1032 4737 1244 4792 scilicet
1272 4739 1496 4803 Leonis,
1540 4748 1596 4794 ct
1647 4747 1842 4793 cuncta
1871 4755 1992 4808 qua:
2016 4738 2181 4794 Chal-

586 4827 804 4883 cedone
831 4830 888 4882 in
909 4828 1230 4884 deﬁnitione
1260 4831 1383 4883 ﬁdei
1404 4840 1499 4884 aut
1523 4832 1865 4900 expositione
1890 4833 2177 4903 Symbolo-

586 4936 740 4984 rum,
777 4919 1013 4974 docendi
1073 4921 1159 4974 vel
1235 4921 1636 4991 interpretandi
1692 4924 1778 4976 vel
1854 4924 2172 4993 disputandi

583 5024 780 5074 causa,
802 5009 870 5064 ad
898 5009 1310 5064 innovationem
1333 5027 1501 5080 supra
1530 5013 1818 5068 memorati
1852 5014 1990 5067 sacri
2021 5013 2178 5084 Sym-

592 5104 706 5158 boli
733 5111 1114 5158 trecentorum
1143 5113 1198 5158 et
1226 5104 1534 5158 octodecim
1583 5117 1897 5160 sanctorum
1950 5107 2175 5160 Patrum

587 5196 738 5250 dicta
759 5205 815 5250 et
828 5205 982 5265 gesta
1006 5203 1154 5258 sunt,
1182 5196 1271 5250 hic
1293 5205 1348 5250 et
1380 5197 1582 5266 ubique
1601 5213 1697 5267 per
1720 5199 1963 5266 singulas
1985 5200 2176 5254 Eccle~

592 5285 704 5341 sias
729 5284 799 5339 ab
837 5285 1114 5340 universis
1145 5287 1510 5342 sanctissimis
1529 5289 1818 5360 _episc0pis
1860 5291 2176 5344 anathema-

590 5377 750 5431 tizari
775 5376 1151 5443 decernimus,
1198 5390 1256 5434 et
1305 5357 1621 5452 ubicunque
1674 5391 1894 5451 reperta
1945 5383 2172 5449 fuerint,

583 5465 825 5522 ﬂammis
848 5468 1088 5523 absumi.
1132 5469 1223 5525 Sic
1245 5471 1391 5524 enim
1423 5472 1527 5542 pia:
1572 5487 1637 5527 ac
1670 5472 1844 5528 beatae
1896 5475 2177 5529 memoriae

583 5553 954 5625 Exuperatores
981 5558 1078 5628 qui
1107 5567 1234 5614 ante
1268 5575 1368 5615 nos
1419 5561 1627 5630 vixere,
1651 5561 2045 5619 Constantinus
2065 5565 2174 5619 sci-

2295 1903 2409 1955 τῶν
2434 1901 2791 1970 ὲκφωνοῦμεν
2819 1902 3040 1972 νόμους.
3087 1904 3280 1970 Ἡμεῖς
3321 1904 3378 1956 δὲ
3409 1906 3592 1974 πάσης
3619 1907 3721 1972 τῆς
3755 1907 3893 1976 περὶ

2295 1994 2364 2047 τά
2386 1993 2700 2063 ἀνθρώπινα
2729 1995 3030 2064 πράγματα
3055 1995 3292 2064 σπουδῆς
3325 1996 3764 2065 προτιμήσαντες
3785 1997 3892 2065 τὴν

2295 2088 2597 2152 εὐσέϐειαν,
2621 2089 2716 2138 καὶ
2744 2087 2834 2139 τὸν
2866 2087 3004 2157 ὑπὲρ
3030 2087 3125 2138 τοῦ
3153 2077 3287 2139 Θεοῦ
3319 2087 3412 2138 καὶ
3439 2087 3694 2156 Σωτῆρος
3725 2085 3883 2156 ἡμῶν

2309 2180 2482 2250 Ἰησοῦ
2528 2179 2764 2251 Χριστοῦ
2799 2179 2983 2248 ζῆλον,
3026 2178 3118 2231 τοῦ
3153 2195 3211 2231 τε
3253 2178 3637 2248 πεποιηκότος,
3671 2178 3768 2232 καὶ
3796 2178 3891 2231 δε-

2295 2271 2582 2336 δοξακότος
2609 2272 2775 2341 ἡμᾶς·
2822 2270 2902 2323 ἐτι
2954 2270 3013 2324 δὲ
3065 2269 3416 2330 πιστεύοντες
3459 2269 3552 2322 τὸν
3587 2269 3890 2339 σύνδεσμον

2295 2363 2402 2416 τῶν
2453 2363 2546 2417 τοῦ
2596 2361 2832 2431 Χριστοῦ
2882 2360 3152 2430 ποιμνίων
3187 2359 3461 2430 σωτηρίαν
3497 2351 3709 2412 ἑαυτῶν
3740 2356 3888 2412 εἷναι

2301 2453 2395 2506 καὶ
2421 2452 2516 2506 τοῦ
2559 2453 2800 2521 ὑπηκόου
2834 2450 3058 2512 παντὸς,
3107 2450 3358 2520 θεμέλιον
3415 2467 3473 2504 τε
3515 2451 3737 2523 ἀρραγῆ
3785 2451 3889 2504 καὶ

2297 2549 2596 2601 ἀσάλευτον
2636 2549 2814 2616 τεῖχος
2858 2546 2958 2614 τῆς
2988 2546 3268 2616 ἡμετέρας
3302 2545 3605 2616 βασιλείας,
3633 2543 3889 2598 ἐντεῦθεν

2296 2640 2524 2702 εἰκότως
2569 2636 2697 2708 θείῳ
2729 2636 2968 2700 διανοίας
3012 2634 3322 2706 κινούμενοι
3365 2635 3512 2706 ζήλῳ
3535 2673 3549 2696 ,
3581 2634 3674 2688 καὶ
3703 2636 3890 2704 ἁπαρο

2295 2730 2397 2800 χὴν
2436 2729 2535 2798 τῆς
2562 2728 2839 2798 ἡμετέρας
2892 2726 3170 2796 βασιλείας
3231 2724 3310 2796 τῷ
3361 2725 3477 2794 θεῷ
3522 2727 3616 2778 καὶ
3664 2724 3888 2796 Σωτῆρι

2296 2819 2454 2890 ἡμῶν
2491 2817 2666 2888 Ἰησοῦ
2693 2816 2916 2889 Χριστῷ
2944 2816 3042 2887 τὴν
3071 2817 3170 2885 τῆς
3196 2817 3358 2885 ἁγίας
3386 2815 3711 2883 Ἐκκλησίας
3743 2816 3887 2868 Enu-

2297 2929 2383 2964 σιν
2440 2911 2940 2980 προσκομίζοντνες,
2982 2908 3311 2979 θεσπίζομεν
3352 2907 3449 2978 τὴν
3499 2908 3744 2977 κρηπῖδα
3787 2909 3888 2960 καὶ

2299 3003 2593 3074 βεϐαίωσιν
2653 3003 2752 3072 τῆς
2804 3001 3151 3070 ἀνθρωπίνης
3206 2999 3473 3064 εύζωῖας,
3525 3000 3771 3052 τουτέστι
3823 2999 3888 3052 τδ

2296 3095 2573 3165 Σύμϐολον
2609 3094 2717 3146 τῶν
2763 3091 2869 3164 τιη⁰
2895 3091 3066 3162 ἁγίων
3118 3091 3376 3161 Πατέρων
3406 3089 3517 3143 τῶν
3564 3093 3624 3143 ἐν
3675 3091 3890 3163 Νικαίς.

2294 3187 2460 3240 πάλαι
2495 3187 2632 3255 μετά
2669 3184 2766 3238 τοῦ
2796 3185 2953 3252 ἁγίου
2990 3181 3307 3253 Πνεύματος
3349 3181 3882 3253 ικκλησιασθέντων,

2293 3283 2374 3341 είς
2403 3280 2430 3331 ὂ
2460 3281 2622 3349 ἡμεῖς
2661 3295 2723 3330 τε
2750 3280 2843 3331 καὶ
2878 3277 3079 3339 πάντες
3111 3277 3160 3329 oi
3206 3276 3313 3343 πρὸ
3343 3274 3504 3344 ἡμῶν
3541 3274 3883 3327 πιστεύσαν-

2292 3389 2404 3435 τες,
2429 3369 2862 3439 ἐϐαπτίσθημεν,
2910 3369 3069 3438 μόνον
3103 3365 3505 3431 πολιτεύεσθαι,
3535 3367 3631 3419 καὶ
3654 3367 3885 3436 κρατεῖν

2294 3465 2351 3515 ὲν
2376 3462 2580 3524 πάσαις
2605 3464 2724 3523 ταῖς
2754 3461 3081 3528 ἁγιωτάταις
3110 3459 3205 3511 τοῦ
3239 3457 3373 3510 Θεοῦ
3403 3458 3754 3525 Ἐκκλησίαις
3784 3458 3885 3511 τὸν

2293 3553 2572 3624 όρθόδοξον
2595 3553 2746 3617 λαὸν,
2777 3552 2853 3614 ὡς
2887 3551 3047 3621 μόνον
3077 3550 3179 3619 τῆς
3214 3547 3494 3610 ἀπλανοῦς
3521 3548 3758 3612 πίστεως
3779 3566 3882 3600 κυ-

2297 3648 2428 3719 ρίως
2477 3649 2623 3718 ὅρον,
2658 3646 2753 3699 καὶ
2784 3643 2988 3715 ἀρκοῦν
3042 3645 3123 3706 είς
3175 3642 3458 3712 ἀναίρεσιν
3505 3642 3604 3710 μὲν
3647 3642 3880 3695 καθόλου

2294 3739 2472 3808 πάσης
2499 3739 2781 3810 αἱρέσεως,
2802 3737 2996 3789 ἕνωσιν
3020 3735 3076 3787 δὲ
3098 3734 3274 3805 ἄκραν
3291 3733 3398 3786 τῶν
3426 3733 3598 3800 ἁγίων
3619 3732 3712 3785 τοῦ
3738 3731 3878 3784 Θεοῦ

2306 3830 2662 3899 Ἐκκλησιῶνο
2696 3828 2930 3898 ἐχόντων
2955 3825 3154 3896 δηλαδὴ
3176 3825 3273 3895 τὴν
3313 3825 3521 3876 οἰκείαν
3556 3825 3730 3891 ίσχὺν,
3779 3823 3880 3875 καὶ

2291 3923 2399 3975 τῶν
2433 3924 2511 3984 εἰς
2533 3921 2825 3991 βεϐαίωσιν
2849 3918 3014 3972 αὑτοῦ
3041 3917 3136 3970 τοῦ
3168 3916 3315 3969 θείου
3345 3915 3625 3985 Συμϐόλου
3658 3932 3879 3984 πεπραο

2292 4016 2530 4084 γμένων,
2554 4013 2610 4065 έν
2639 4031 2699 4065 τε
2726 4016 2792 4083 τῇ
2828 4011 3186 4082 βασιλευούσῃ
3213 4011 3364 4063 πόλει
3391 4009 3562 4079 ταύτῃ
3590 4009 3729 4062 κατὰ
3765 4008 3879 4060 τῶν

2294 4103 2758 4173 βλασφημούντων
2784 4103 2864 4165 είς
2890 4102 2950 4153 τὸ
2978 4101 3114 4154 [Ινεῦ
3125 4119 3201 4170 μα
3222 4100 3284 4152 τὸ
3309 4100 3461 4168 ἅγιον
3490 4100 3642 4170 παρά
3662 4100 3770 4151 τῶν
3797 4103 3878 4169 pii

2294 4195 2464 4263 ἁγίων
2495 4195 2772 4263 Πατέρων·
2802 4196 2884 4244 ἐτι
2921 4193 2979 4246 δὲ
3016 4193 3110 4244 καὶ
3141 4192 3361 4244 πάντων
3394 4191 3504 4243 τῶν
3541 4192 3877 4262 πεπραγμέ-

2292 4304 2399 4338 νων
2431 4289 2488 4338 ὲν
2522 4289 2588 4356 τῇ
2625 4284 2893 4353 Ἐφεσίων
2931 4284 3261 4354 μητροπόλει
3285 4283 3428 4336 κατὰ
3454 4282 3547 4335 τοῦ
3577 4283 3874 4345 δυσσεϐοῦς

2292 4379 2614 4449 Νεστορίου,
2654 4379 2746 4430 καὶ
2783 4377 2892 4430 τῶν
2925 4377 3062 4446 μετὰ
3087 4375 3260 4429 ταῦτα
3308 4379 3376 4428 τὰ
3421 4376 3632 4428 ἐκείνου
3670 4393 3878 4446 φρονη-

2295 4471 2526 4524 σάντων.
2569 4469 2650 4521 Ta
2702 4469 2757 4521 δὲ
2809 4468 3052 4521 διελόντα
3099 4469 3200 4538 τὴν
3243 4467 3440 4520 ἕνωσιν
3487 4467 3580 4519 καὶ
3619 4467 3877 4531 εύταξῖαν

2289 4563 2396 4615 τῶν
2446 4560 2616 4628 ἁγίων
2660 4559 2756 4613 τοῦ
2804 4559 2938 4613 Θεοῦ
2992 4559 3330 4627 Ἐκκλησιῶν
3377 4557 3472 4610 καὶ
3506 4559 3730 4628 εἰρήνην
3779 4557 3874 4610 τοῦ

2292 4649 2500 4718 κόσμου
2538 4648 2758 4711 παντὸς,
2805 4647 3007 4718 δηλαδὴ
3044 4647 3135 4700 τόν
3177 4647 3470 4717 λεγόμενον
3505 4648 3670 4716 τόμον
3711 4647 3878 4701 Λέονο

2286 4759 2400 4804 τος,
2434 4743 2530 4794 καὶ
2564 4743 2741 4795 πάντα
2786 4741 2855 4793 τὰ
2891 4741 2950 4794 ὲν
2999 4741 3304 4812 Καλχηδόνι
3351 4743 3410 4794 ὲν
3452 4741 3565 4811 ὅρῳ
3615 4741 3873 4802 πίστεως,

2285 4833 2498 4886 ἐκθέσει
2530 4833 2822 4903 Συμϐόλων
2849 4833 2928 4895 ’³,
2977 4832 3010 4904 ἦ
3057 4833 3375 4903 ἑρμηνείας,
3419 4832 3453 4904 ἢ
3499 4832 3873 4899 διδασκαλίας,

2285 4926 2317 4996 ἦ
2349 4924 2635 4990 διαλέξεως
2684 4925 2950 4996 εἰρημένα
2990 4926 3084 4978 καὶ
3118 4924 3488 4995 πεπραγμένα
3515 4926 3595 5005 είς
3625 4941 3875 4977 καινοτοη

2285 5015 2414 5085 μίαν
2439 5016 2538 5086 τὴν
2580 5015 2722 5069 κατὰ
2763 5014 2859 5067 τοῦ
2903 5015 3372 5084 μνημονευθέντος
3400 5015 3557 5082 ἁγίου
3591 5013 3874 5084 Συμϐόλου

2281 5106 2391 5158 τῶν
2438 5106 2544 5176 τιη¹
2579 5107 2753 5174 ἁγίων
2796 5107 3079 5178 Πατέρων,
3133 5107 3466 5176 θεσπίζομεν
3520 5106 3760 5160 ἐνταῦθὰ
3813 5123 3873 5158 τε

2280 5197 2376 5250 καὶ
2406 5198 2682 5267 πανταχοῦ
2732 5199 2856 5252 καθ’
2888 5200 3127 5270 ἑκάστην
3175 5199 3529 5268 Ἐκκλησίαν,
3568 5199 3724 5272 παρὰ
3762 5198 3874 5252 τῶν

2279 5291 2589 5360 ἁπανταχοῦ
2628 5292 2948 5358 ἁγιωτάτων
2987 5291 3300 5345 ἐπισκόπων
3347 5289 3872 5360 ἁναθεματίξεσθαι,

2281 5384 2372 5435 καὶ
2406 5385 2540 5452 πυρὶ
2581 5383 2976 5455 παραδίδοσθαι
3010 5385 3140 5455 παρ’
3185 5379 3266 5446 οἷς
3300 5383 3366 5437 ἃν
3400 5384 3752 5454 εὑρίσκηται,
3783 5384 3874 5437 διὰ

2279 5474 2342 5526 τὸ
2402 5473 2544 5527 οῦτω
2610 5476 2989 5546 διατεταχέναι
3046 5477 3176 5547 περὶ
3228 5475 3453 5529 πάντων
3495 5476 3608 5529 τῶν
3660 5477 3874 5546 αἱρετι-

2283 5566 2393 5618 κῶν
2421 5567 2732 5638 δογμάτων,
2771 5569 2865 5625 καὶ
2913 5569 3042 5635 τοὺς
3084 5568 3190 5640 πρὸ
3217 5566 3376 5640 ἡμῶν
3417 5569 3477 5623 ιν
3525 5568 3749 5624 εὐσεϐεῖ
3777 5574 3873 5626 καὶ

1901 5712 2134 5774 νΑίὶΙᾹΞ
2176 5717 2582 5777 LECTIONES.

658 5799 712 5832 ’³³
743 5801 807 5859 C.
840 5801 902 5861 C.
948 5803 1243 5875 συμϐόλου.
