4108 6506
247 478 385 548 2621

1178 460 1564 547 HISTORIA:
1603 485 2191 546 ECCLESIASTICAS
2234 482 2463 546 LIBER
2502 483 2613 546 IlI.

3392 475 3537 546 ἒϐη

250 592 406 665 θινὴν
439 590 654 655 πίστιν,
707 592 902 662 ἥντινα
950 590 1041 645 διὰ
1081 592 1180 664 τῆς
1229 592 1382 657 θείας
1436 596 1844 664 ιπιφοιτήσεως

1959 611 2013 651 ac
2048 612 2230 651 veram
2280 584 2471 660 iidem,
2521 613 2687 669 quam
2746 596 2978 651 trecenti
3020 590 3341 666 quidemet
3378 607 3534 652 octo—

248 686 506 752 ιξὲθεντο
536 685 636 755 μὲν
663 687 712 737 οἱ
738 684 797 735 ἐν
824 684 1031 756 Νικαίᾳ
1061 685 1541 756 συναθροισθέντες
1570 687 1679 758 τιη’
1702 688 1848 755 ἆγιοι

249 779 521 849 Πατίρες,
545 775 890 830 ἐϐεϐαίωσαν
910 776 966 829 δὲ
996 776 1091 829 καὶ
1115 778 1163 829 ol
1190 778 1247 829 ὲν
1270 779 1847 832 Κωνσταντινουπόὶει

253 874 329 940 ρν¹
363 867 565 939 ὁμοίως
611 866 759 934 ἆγιοι
801 866 1061 939 Πατέρες,,
1084 867 1462 933 συνελθόντες,
1521 869 1740 940 νύκτωρ
1788 886 1846 922 τε

248 959 347 1013 καὶ
396 957 518 1010 καθ’
562 956 820 1026 ἡμέραν,
874 957 1023 1027 πάσῃ
1068 958 1345 1031 προσευχῇ
1382 960 1473 1011 καὶ
1502 959 1704 1029 σπουδῇ
1737 958 1846 1031 (89)

249 1050 347 1104 καὶ
391 1049 581 1119 νόμοις
628 1046 951 1119 κεχρήμεθα
969 1050 988 1108 .’
1036 1047 1409 1119 πληθύνεσθαι
1444 1050 1511 1102 δι’
1544 1050 1717 1119 αὐτῆς
1748 1050 1847 1121 τήν

249 1138 604 1206 ἁπανταχόσε
654 1137 817 1205 ἁγίαν
860 1137 956 1190 τοῦ
985 1136 1121 1190 θεοῦ
1156 1138 1451 1208 καθολικὴν
1492 1142 1585 1192 καὶ
1612 1142 1850 1192 ἀποστο-

250 1230 413 1299 λικὴν
439 1229 804 1305 Ἐκκλησίαν,
860 1229 959 1300 τὴν
1010 1228 1291 1299 ἄφθαρτον
1344 1230 1438 1283 καὶ
1487 1231 1851 1301 ἀτελεύτητον

251 1324 474 1393 μητέρα
506 1322 614 1375 τῶν
641 1322 932 1392 ἡμετέρων
965 1327 1265 1391 σκήπτρων
1287 1364 1302 1387 ,
1348 1324 1539 1394 εἰρήνῃ
1570 1341 1627 1376 τε
1660 1325 1754 1378 καὶ
1784 1327 1848 1396 τῇ
1900 1360 1901 1363 η

250 1414 383 1483 περὶ
414 1412 553 1466 Θεοῦ
584 1412 809 1482 ὁμονοίᾳ.
840 1412 971 1474 τοὺς
1002 1411 1250 1474 εὐσεϐεῖς
1278 1412 1441 1476 λαοὺς
1471 1414 1849 1483 διαμένοντας,

248 1504 689 1576 εὐπροσδέκτους
744 1504 848 1566 τὰς
901 1504 1045 1573 ὑπὲρ
1095 1504 1195 1573 τῆς
1244 1506 1523 1575 ἡμετέρας
1571 1504 1850 1574 βασιλείας

252 1596 496 1658 ίκετείας
548 1594 918 1665 προσφέρειν,
969 1595 1068 1647 σὺν
1110 1596 1223 1656 τοῖς
1258 1593 1697 1663 θεοφιλεστάτοις
1731 1598 1851 1648 ὲπι-

250 1685 482 1747 σκόποις
535 1685 626 1737 καὶ
672 1682 1122 1747 θεοσεὸεστάτοις
1171 1683 1494 1755 κληρικοῐς,
1549 1685 1643 1738 καὶ
1687 1688 1848 1755 ἀρχι-

252 1777 576 1848 μανδρῖταις
620 1776 716 1829 καὶ
762 1775 1079 1845 μονάζουσι.
1136 1775 1240 1829 Τοῦ
1274 1776 1383 1846 γὰρ
1422 1779 1659 1846 μεγάλου
1687 1778 1847 1842 Θεοῦ,

248 1872 349 1924 καὶ
378 1869 633 1941 Σωτῆρος
664 1868 822 1939 ήμῶν
849 1868 1027 1938 Ἰησοῦ
1058 1868 1323 1939 Χριστοῦ,
1352 1870 1446 1922 τοῦ
1474 1872 1539 1923 ἐκ
1563 1870 1661 1939 τῆς
1685 1871 1863 1938 ἁγίας,

1954 688 2133 743 decim
2158 687 2333 744 sancti
2355 689 2547 745 Patres
2564 688 2756 743 Nicaea
2776 686 3115 757 congregati,
3146 686 3332 766 divina
3362 686 3537 757 inspi-

1954 774 2167 837 ratione
2195 790 2608 851 exposuerunt:
2642 790 2866 835 centum
2894 795 3027 835 vero
3052 788 3109 833 et
3135 779 3537 851 quinquaginta

1951 870 2143 928 itidem
2172 856 2345 925 salicti
2379 870 2573 925 Patres
2608 868 3089 936 Constantinopoli
3135 868 3353 922 collecti
3398 882 3536 921 con-

1953 962 2267 1028 firmarunt,
2296 962 2392 1017 diu
2425 971 2723 1032 noctuque,
2748 959 2897 1013 omni
2924 959 3108 1013 studio
3147 974 3210 1013 ac
3249 958 3534 1029 diligentia

1950 1064 2008 1111 et
2040 1056 2255 1126 legibus
2288 1055 2496 1110 nostris
2546 1054 2600 1108 id
2648 1053 2882 1122 agimus.
2932 1061 2993 1106 ut
3034 1051 3237 1120 ubique
3285 1051 3534 1106 locorum

1951 1153 2145 1198 sancta
2197 1143 2473 1198 catholica
2515 1150 2572 1196 et
2613 1140 2916 1211 apostolica
2963 1141 3060 1194 Dei
3104 1139 3372 1202 Ecclesia,
3414 1155 3538 1209 qua:

1953 1234 2275 1302 incorrupta
2313 1242 2479 1304 atque
2521 1231 2846 1288 immortalis
2874 1239 2959 1286 est
2989 1237 3170 1285 mater
3193 1239 3537 1300 sceptrorum

1952 1334 2293 1390 nostrorum,
2329 1340 2430 1395 per
2464 1324 2613 1379 illam
2658 1339 2825 1394 quam
2858 1322 2971 1379 dixi
3011 1322 3174 1378 ﬁdem
3205 1322 3539 1393 multiplice-

1958 1426 2086 1473 tur:
2125 1425 2297 1487 utque
2329 1417 2407 1486 pii
2441 1416 2653 1487 populi,
2691 1416 2748 1470 in
2784 1430 2919 1486 pace
2949 1425 3005 1470 et
3038 1414 3095 1468 in
3139 1430 3204 1469 ea
3242 1430 3363 1485 qua:
3391 1415 3542 1470 circa

1953 1508 2125 1562 Deum
2162 1516 2249 1582 est
2289 1508 2589 1562 concordia
2630 1516 3068 1577 perseverantes,
3107 1522 3217 1561 una
3261 1522 3388 1561 eum
3430 1507 3543 1561 Deo

1952 1598 2296 1655 eharissimis
2337 1599 2639 1669 episcopis,
2668 1612 2726 1655 et
2755 1598 3190 1670 religiosissimis
3223 1598 3463 1663 clericis,
3487 1606 3545 1653 et

1954 1696 2403 1751 archimandritis
2448 1704 2505 1749 et
2549 1693 2857 1757 monachis,
2913 1704 3165 1762 acceptas
3210 1692 3321 1746 Deo
3352 1705 3547 1760 preces

1953 1790 2193 1844 oﬂ‘erant
2227 1804 2326 1858 pro
2356 1786 2591 1856 imperio
2617 1795 2827 1840 nostro.
2855 1783 3110 1851 Quandiu
3140 1784 3289 1838 enim
3316 1797 3547 1853 magnus

1953 1881 2100 1935 Deus
2126 1890 2181 1935 et
2206 1880 2469 1935 Servatur
2498 1886 2687 1932 noster
2716 1878 2880 1932 Jesus
2905 1874 3181 1938 Christus,
3207 1876 3301 1944 qui
3330 1890 3398 1928 ex
3422 1890 3549 1927 san-
3590 1904 3591 1907 η

250 1960 539 2031 Παρθένου
593 1963 689 2015 καὶ
735 1962 1004 2015 Θεοτόκου
1042 1962 1263 2034 Μαρίας
1304 1963 1710 2034 σαρκωθέντος,
1754 1966 1849 2032 καὶ

1959 1981 2043 2027 cta
2090 1972 2313 2041 Virgine
2363 1986 2426 2025 ac
2461 1969 2559 2023 Dei
2592 1958 2872 2024 Genitrice
2920 1965 3089 2020 Maria
3135 1966 3454 2019 incarnatus
3490 1971 3549 2019 et

247 2054 537 2124 τεχθέντος
557 2095 571 2117 ,
608 2054 707 2126 τὴν
743 2057 807 2107 ὲκ
841 2056 1162 2123 συμφωνίας
1193 2054 1502 2123 δοξολογὶαν
1533 2073 1592 2108 τε
1628 2056 1720 2109 καὶ
1750 2056 1847 2110 λα·

248 2147 442 2217 τρείαν
489 2146 649 2216 ήμῶν
698 2145 1084 2211 ἐπαινοῦντος,
1129 2147 1222 2199 καὶ
1260 2146 1495 2217 ἑτοίμως
1532 2146 1846 2217 δεχομένου,

248 2237 324 2291 τὰ
368 2238 469 2308 μὲν
516 2238 625 2289 τῶν
662 2237 938 2306 πολεμίων
972 2238 1363 2309 ὲκτριῦήσεται
1398 2241 1493 2293 καὶ
1524 2239 1847 2311 ἐξαλειφθήα
1911 2244 1915 2249 “

250 2344 409 2384 σεται
442 2330 612 2398 γένη⁶
662 2332 863 2393 πάντες
900 2330 955 2383 δὲ
986 2331 1078 2383 τὸν
1106 2333 1309 2384 οίκεῖον
1341 2332 1722 2386 ὑποκλινούσιν
1751 2335 1849 2386 αὑ·-

249 2423 384 2495 χὲνα
414 2421 493 2493 τῷ
516 2423 774 2493 ἡμετέρῳ
812 2422 955 2491 μετὰ
982 2422 1116 2477 Θεὸν
1149 2424 1371 2492 κράτειο
1410 2426 1604 2494 εἰρήνη
1629 2425 1685 2477 δὲ
1705 2465 1717 2489 ,
1758 2429 1853 2479 καὶ

248 2514 323 2567 τὰ
372 2514 439 2566 ἐκ
482 2511 689 2583 ταύτης
730 2514 946 2582 ἀγαθὰ,
985 2514 1165 2582 ἀέρων
1195 2530 1254 2567 τε
1288 2514 1583 2585 εὐκρασία,
1616 2515 1709 2568 καὶ
1741 2517 1851 2570 τῶν

249 2602 488 2673 καρπῶν
537 2603 769 2673 εὐφορία
795 2646 808 2668 ,
869 2604 966 2656 καὶ
1017 2603 1085 2656 τὰ
1119 2603 1257 2658 ἄλλα
1284 2602 1339 2657 δὲ
1369 2603 1438 2657 τὰ
1465 2604 1854 2659 λυσιτελοῦντα

248 2695 366 2757 10E;
416 2693 731 2761 ἀνθρώποις
791 2693 1306 2764 φιλοτιμηθήσεται.
1370 2694 1558 2758 Οὕτως
1609 2696 1703 2749 οὖν
1754 2698 1860 2767 τῆς

248 2786 561 2856 ἀμωμήτου
598 2785 830 2850 πίστεως
874 2789 1023 2856 ἡμᾶς
1052 2804 1111 2839 τε
1146 2787 1241 2840 καὶ
1274 2788 1341 2840 τά
1380 2787 1662 2857 Ῥωμαϊκὰ
1694 2807 1850 2859 περι-

251 2870 543 2948 σωζούσης
570 2878 905 2948 πράγματα,
932 2878 1153 2948 δεήσεις
1176 2879 1309 2950 ἡμῖν
1336 2872 1853 2952 προσεκομίσθησαν

248 2970 411 3041 παρά
453 2970 725 3024 θεοσεϐῶν
765 2970 1208 3041 ἀρχιμανδριτῶν
1255 2971 1351 3023 καὶ
1392 2972 1703 3042 ἑρημιτῶν,
1758 2974 1853 3026 καὶ

249 3064 461 3136 ἐτέρων
495 3064 795 3133 αἰδεσίμων
826 3064 1072 3134 ἀνδρῶν,
1124 3064 1263 3134 μετά
1294 3064 1547 3135 δακρύων
1577 3066 1851 3119 ἱκετευόν-

245 3173 383 3225 των.
422 3158 617 3211 ἕνωσιν
652 3157 911 3227 γενέσθαι
950 3160 1070 3221 ταῖς
1103 3158 1442 3227 ἁγιωτάταις
1474 3158 1849 3229 Ἐκκλησίαις,

252 3250 597 3321 συναιρθῆναί
628 3268 687 3303 τε
731 3250 797 3303 τὰ
835 3249 973 3322 μέλη
1022 3252 1135 3313 τοῖς
1174 3232 1425 3320 μέλεσιν,
1468 3250 1613 3322 ἆπερ
1642 3253 1669 3304 ό
1698 3251 1856 3321 μισό-

251 3344 423 3407 καλος
478 3343 588 3396 ἀπὸ
638 3341 909 3395 πλείστων
949 3342 1159 3413 χρόνων
1201 3343 1437 3412 χωρίσαι
1468 3343 1813 3413 κατηπείχθη
1837 3360 1849 3372 ο

250 3434 541 3505 γινώσκων
570 3433 643 3497 ὡς
672 3434 722 3486 εἰ
743 3434 1025 3505 ὁλοκλήρῳ
1048 3432 1126 3503 τῷ
1152 3432 1263 3501 τῆς,
1281 3434 1608 3509 Ἐκκλησίας
1640 3434 1854 3503 σώματι

253 3524 523 3596 πολεμῴη
556 3527 572 3581 ί
579 3524 693 3590 9m,
730 3525 1121 3596 ήττηθήσεται.
1159 3524 1459 3593 Συμσαίνει
1490 3512 1600 3595 γὰρ
1638 3526 1701 3576 ὲκ
1729 3523 1854 3578 τού·

251 3634 353 3671 του
404 3618 499 3670 καὶ
545 3615 740 3683 γενεὰς
790 3616 1201 3687 ἀναριθμήτους
1243 3612 1405 3679 εῖναι,
1440 3616 1573 3678 ὅσας
1605 3616 1632 3667 ὁ
1663 3616 1855 3685 χρόνος

256 3710 320 3760 tv
346 3706 620 3770 τοσούτοις
642 3705 787 3758 ἔτεσι
813 3708 910 3777 τῆς
934 3704 1082 3773 ζωῆς
1110 3704 1479 3775 ὑπεξήγαγεν’
1510 3705 1603 3757 καὶ
1627 3705 1727 3767 τὰς
1754 3705 1853 3774 μὲν

252 3798 355 3852 τοῦ
408 3796 641 3868 λουτροῦ
690 3795 834 3867 (91)
884 3796 984 3867 τῆς
1019 3796 1445 3863 παλιγγενεσίας
1483 3796 1857 3867 ἓστερημένας

253 3887 521 3943 ἀπελθεῖν
543 3928 557 3951 ,
594 3888 693 3950 τὰς
721 3888 778 3940 δὲ
809 3887 909 3955 τῆς
938 3886 1087 3951 θείας
1113 3887 1401 3951 κοινωνίας
1433 3886 1508 3958 μὴ
1538 3888 1850 3958 μετασχού-

258 3997 382 4044 σας,
412 3980 549 4049 πρὸς
574 3979 674 4050 τὴν
704 3979 815 4033 τῶν
842 3978 1148 4051 ἀνθρώπων
1179 3981 1560 4051 ἀπαραίτητον
1586 3980 1856 4051 ἐκδημίαν

254 4071 609 4142 ἀπαχθῆναι·
640 4056 835 4139 φόνους
858 4088 915 4124 τε
939 4072 1281 4143 τολμηθῆναι
1308 4073 1557 4143 μυρίους,
1574 4074 1669 4126 καὶ
1692 4074 1858 4141 αἱμά-

252 4180 369 4218 των
394 4164 595 4233 πλήθει
628 4163 963 4233 μολυνθῆναι
1002 4165 1078 4233 μὴ
1110 4164 1271 4234 μόνον
1304 4164 1401 4235 τὴν
1428 4166 1551 4234 γῆν,
1594 4164 1729 4216 ἀλλὰ
1759 4166 1855 4217 καὶ

254 4254 423 4308 αὐτὸν
458 4255 551 4307 τὸν
582 4256 739 4325 ἀέρα.
780 4256 968 4309 Ταῦτα
997 4256 1081 4318 τίς
1112 4255 1214 4309 οὐκ
1239 4254 1305 4308 ἂν
1336 4258 1415 4319 είς
1439 4256 1501 4308 τὸ
1528 4255 1733 4324 ἀγαθὸν
1765 4273 1858 4323 με-

254 4345 703 4415 τασκευασθῆναι
734 4346 1120 4417 προσεύξοιτος
1143 4348 1242 4400 Διά
1258 4364 1342 4399 τοι
1368 4347 1544 4413 τοῦτο,
1570 4346 1860 4413 γινώσκειν

256 4437 408 4507 ὑμᾶς
440 4437 858 4507 ἐσπουδάσαμεν
880 4477 895 4499 .
930 4438 1013 4490 ὅτι
1051 4439 1144 4490 καὶ
1175 4439 1334 4509 ἡμεῖς
1366 4439 1461 4491 καὶ
1491 4440 1547 4491 αί
1577 4436 1855 4508 πανταχοῦ

257 4527 587 4597 Ἐκκλησίαι
620 4528 807 4597 ἕτερον
840 4528 1112 4597 σύμϐολον
1144 4529 1177 4600 ἢ
1216 4528 1447 4599 μάθημα
1472 4570 1487 4592 ,
1534 4529 1566 4598 ἢ
1610 4529 1736 4599 ὅρον
1768 4528 1859 4581 πί-

1958 2073 2122 2119 natus
2160 2073 2263 2128 est,
2294 2063 2682 2119 coneinentem
2715 2060 2962 2113 omnium
2987 2067 3239 2112 nostrum
3275 2055 3550 2128 gloriﬁca-

1960 2155 2166 2209 tionem
2202 2154 2525 2222 cultumque
2578 2150 2966 2233 approbayerit
2996 2160 3050 2204 et
3090 2148 3327 2219 benigne
3359 2164 3549 2203 susce-

1959 2247 2126 2316 perit,
2163 2261 2354 2300 omnes
2388 2244 2612 2315 quidem
2663 2244 2853 2297 hostes
2883 2250 3249 2297 conterentur
3287 2255 3352 2295 ac
3398 2240 3549 2295 dele-

1958 2337 2210 2391 buntur:
2260 2336 2533 2390 universae
2580 2342 2762 2388 autem
2814 2341 3007 2403 gentes
3054 2341 3259 2386 nostra:
3298 2346 3421 2401 qua:
3463 2346 3551 2385 se-

1960 2430 2199 2484 cundum
2236 2430 2409 2483 Deutn
2439 2437 2524 2483 est
2566 2426 2825 2497 potestati
2858 2426 2999 2481 colla
3034 2426 3368 2481 submitlcnt
3395 2443 3407 2477 :
3437 2425 3548 2479 Pax

1960 2520 2220 2589 denique,
2269 2528 2324 2574 et
2373 2534 2496 2588 qua:
2542 2534 2607 2573 ex
2646 2533 2779 2588 pace
2829 2517 3162 2588 proveniunt
3208 2517 3372 2580 bona,
3419 2516 3546 2570 εωιὶ

1964 2613 2287 2681 temperies,
2346 2610 2563 2681 frugum
2630 2610 2884 2675 ubertas,
2940 2621 2996 2666 et
3047 2625 3391 2678 qumeunque
3444 2610 3551 2664 alia

1960 2702 2271 2766 commoda,
2311 2702 2631 2756 hominibus
2662 2701 3038 2755 donabantur.
3079 2700 3215 2755 Cum
3247 2716 3378 2771 ergo
3408 2700 3551 2756 irrc-

1963 2793 2355 2863 prehensibilis
2393 2792 2546 2855 tidcs,
2584 2802 2638 2847 et
2666 2807 2784 2855 nos,
2812 2802 2870 2847 et
2914 2791 3311 2860 rempublicam
3353 2792 3553 2846 [torna-

1963 2902 2088 2939 nam
2143 2886 2215 2939 ita
2265 2892 2585 2947 conservet,
2635 2899 2829 2953 preces
2884 2883 3049 2937 nobis
3096 2884 3295 2937 oblata:
3342 2892 3472 2938 sunt
3522 2900 3553 2937 a

1963 2977 2396 3048 religiosissimis
2449 2974 2904 3030 archimandritis
2953 2984 3009 3029 et
3056 2976 3307 3029 ercmitis
3339 2984 3394 3030 et
3431 2975 3555 3030 aliis

1963 3067 2285 3123 reverendis
2312 3066 2653 3129 hominibus,
2690 3066 2787 3136 qui
2819 3062 2944 3120 cu'm
2985 3066 3243 3137 lacrymis
3280 3066 3556 3135 supplica-

1963 3160 2125 3223 bant,
2177 3167 2235 3212 ut
2285 3159 2467 3213 unitas
2532 3157 2689 3212 ﬁeret
2742 3157 3107 3211 sanctissimis
3156 3157 3448 3219 Ecclesiis,
3497 3172 3556 3214 et

1966 3251 2214 3308 membra
2253 3250 2516 3305 membris
2544 3250 3034 3319 eonjungerentur,
3075 3265 3197 3319 quae
3224 3250 3354 3304 boni
3388 3250 3555 3306 totius

1962 3342 2570 3413 inimicusjamdudum
2600 3357 2629 3395 a
2656 3357 2715 3395 se
2750 3342 2990 3395 invicem
3032 3340 3351 3411 disjungere
3390 3356 3557 3396 cona-

1957 3444 2047 3490 tus
2089 3443 2213 3489 est:
2270 3434 2454 3488 sciens
2502 3447 2583 3497 se,
2632 3432 2679 3486 si
2733 3433 3011 3502 integrum
3043 3432 3304 3486 Ecclesia:
3352 3446 3558 3499 corpus

1957 3525 2393 3595 impugnaverit,
2456 3523 2619 3578 facile
2678 3538 2799 3577 esse
2868 3522 3268 3592 superandum.
3314 3522 3393 3576 Ex
3451 3522 3557 3576 hoc

1956 3616 2106 3671 enim
2140 3615 2391 3685 contigit,
2424 3624 2484 3667 ut
2515 3613 2943 3668 innumerabilis
2974 3613 3263 3667 hominum
3300 3612 3556 3667 multitu-

1958 3708 2051 3773 do,
2088 3718 2253 3778 quam
2296 3716 2378 3762 tot
2416 3721 2689 3761 annorum
2722 3706 2900 3775 spatio
2934 3705 3201 3777 temporis
3236 3704 3555 3775 longinqui-

1959 3806 2044 3854 tas
2092 3814 2161 3853 ex
2198 3798 2300 3853 hac
2327 3798 2449 3853 luce
2500 3797 2805 3862 subtraxit,
2862 3798 3063 3859 partim
3110 3796 3557 3866 regenerationis

1960 3892 2179 3947 lavacro
2225 3890 2475 3945 fraudata
2522 3882 2820 3953 interierit,
2867 3889 3067 3959 partim
3101 3888 3311 3957 absque
3356 3887 3559 3944 divina:

1958 3983 2368 4040 communionis
2403 3983 2765 4053 perceptione
2795 3999 2863 4038 ex
2893 3982 2995 4037 hac
3024 3983 3137 4036 vita
3189 3980 3511 4052 migraverit
3536 3997 3550 4034 :

1960 4086 2132 4146 utque
2177 4076 2481 4129 innumerae
2520 4074 2699 4129 caedes
2734 4083 3069 4144 perpetrata:
3114 4073 3247 4136 sint,
3299 4080 3353 4127 et
3393 4070 3558 4127 eﬂ'usi

1961 4164 2244 4235 sanguinis
2292 4166 2449 4234 copia
2495 4180 2608 4219 non
2661 4173 2807 4219 terra
2853 4165 3056 4227 solum,
3100 4163 3198 4217 sed
3251 4163 3417 4219 etiam
3463 4175 3557 4216 aer

1961 4256 2080 4325 ipse
2110 4256 2183 4311 sit
2209 4256 2638 4311 contaminatus.
2672 4254 2803 4323 Qum
2833 4254 3085 4324 quidem,
3113 4253 3559 4323 quotusquisque

1960 4354 2046 4401 est
2078 4346 2173 4415 qui
2208 4362 2315 4400 non
2348 4332 2625 4416 optaverit
2657 4344 2712 4399 in
2745 4344 3028 4399 meliorem
3068 4352 3274 4399 statum
3308 4357 3558 4396 commu-

1963 4438 2111 4491 tari?
2152 4437 2506 4507 Quapropter
2536 4437 2683 4492 scire
2725 4452 2822 4491 vos
2855 4437 3136 4501 volumus,
3175 4450 3278 4489 nec
3308 4447 3430 4497 nos,
3456 4448 3561 4487 nec

1962 4545 2056 4584 eas
2090 4544 2213 4598 quae
2249 4529 2451 4597 ubique
2500 4539 2630 4583 sunt
2681 4529 2993 4591 Ecclesias,
3049 4527 3199 4581 aliud
3249 4528 3578 4597 symbolum‘

259 4632 459 4682 στεως,
494 4619 525 4688 ἢ
561 4620 743 4672 πίστιν
776 4620 916 4690 πλὴν
947 4620 1040 4674 τοῦ
1067 4621 1361 4692 εἰρημένου
1391 4622 1546 4689 ἁγίου
1573 4622 1852 4691 Συμϐόλου

1961 4628 2056 4673 aut
2086 4619 2383 4684 mathema,
2417 4620 2652 4673 aliamve
2684 4617 3066 4672 deﬁnitionem
3098 4616 3222 4671 fidei
3249 4626 3343 4671 aut
3371 4616 3558 4680 tidem,

256 4708 373 4763 τῶν
400 4715 507 4776 τιη¹
538 4710 709 4775 ἁγίων
732 4711 1014 4779 Πατέρων,
1042 4712 1177 4783 ὅπερ
1202 4711 1544 4765 ὲὸεὸαίωσαν
1568 4714 1618 4765 oi
1645 4730 1751 4782 μνη
1762 4729 1855 4782 μο-

258 4796 550 4859 νευθέντες
596 4797 673 4868 ρν⁹
701 4798 848 4863 ἅγιοι
887 4799 1150 4869 Πατέρες,
1187 4799 1315 4853 οὒτε
1348 4801 1685 4871 ἐσχήκαμεν,
1727 4800 1854 4852 οὔτε

257 4886 392 4957 ιχορ
407 4903 487 4952 εν,
516 4886 638 4939 οὔτε
667 4886 884 4957 ἕξομεν,
914 4886 1039 4941 οὔτε
1070 4889 1292 4957 ἔχοντας
1321 4890 1688 4960 ἐπιστάμεθα.
1716 4891 1778 4943 Ei
1801 4890 1858 4943 δὲ

262 4980 362 5035 καὶ
397 4979 511 5051 ἔχοι
544 4996 655 5045 τις,
691 4979 975 5050 ἀλλότριον
1006 4980 1166 5033 αὑτὸν
1204 4981 1509 5051 ἡγούμεθα.
1548 4981 1720 5035 Τοῦτο
1748 4983 1859 5055 γὰρ

1964 4717 2168 4780 praeter
2192 4724 2358 4778 supra
2393 4716 2757 4762 memoratum
2803 4717 3055 4761 sanctum
3100 4705 3419 4775 Symbolum
3453 4716 3562 4760 tre-

1966 4807 2256 4854 centorum
2298 4807 2355 4853 et
2394 4797 2703 4853 octodecim
2756 4805 3073 4851 sanctorum
3125 4796 3371 4860 Patrum,
3409 4795 3559 4863 quod

1967 4907 1997 4945 a
2042 4892 2155 4961 jam
2207 4891 2372 4945 dictis
2413 4899 2635 4945 centum
2673 4898 2730 4944 et
2765 4873 3166 4958 quinquaginta
3212 4888 3421 4941 sanctis
3462 4887 3560 4941 Pa-

1969 4981 2151 5036 tribus
2185 4981 2572 5037 conﬁrmatum
2616 4989 2722 5046 est,
2767 4981 3048 5045 habuisse,
3093 4979 3179 5034 vel
3213 4979 3439 5046 habere,
3471 4981 3557 5034 vel

1446 5136 1717 5192 \‘ALESll
1770 5135 2329 5193 ANNOTATIONES.

339 5255 453 5326 (89)
503 5257 679 5322 Πάσῃ
730 5254 1046 5325 προσευχῇ
1100 5256 1195 5309 καί
1247 5254 1516 5323 σπουδῇ.
1560 5255 1653 5310 Sic
1687 5256 1855 5310 etiam

261 5328 473 5397 legitur
512 5326 654 5395 apud
688 5326 1085 5397 Nicephorum.
1126 5327 1235 5397 Nec
1264 5327 1423 5379 aliter
1455 5328 1665 5396 legerat
1698 5335 1860 5381 vetus

263 5396 544 5465 interpres
585 5397 706 5465 ejus
742 5397 910 5450 edicti
948 5396 1091 5457 apud
1132 5396 1451 5450 Liberatqu
1495 5398 1547 5449 in
1601 5412 1723 5465 cap.
1772 5397 1858 5450 18.

261 5469 348 5524 Ita
385 5468 533 5521 enim
572 5467 739 5519 vertit
774 5485 785 5518 :
816 5465 1067 5519 Noctibus
1102 5484 1164 5519 ac
1194 5467 1375 5519 diebus
1407 5469 1648 5520 oratione
1676 5477 1722 5519 et
1748 5479 1859 5519 stu-

262 5540 355 5593 dio
385 5546 435 5589 et
475 5536 671 5605 legibus
695 5538 918 5589 nitimur
954 5536 1302 5605 multiplicari
1335 5552 1427 5606 per
1457 5553 1576 5591 eam
1614 5548 1857 5591 sanctam

261 5606 587 5676 catholicam
625 5615 672 5658 et
721 5606 1072 5676 apostolicam
1122 5606 1440 5660 Ecclesium.
1490 5608 1619 5661 Mihi
1675 5617 1856 5661 tamen

264 5677 459 5748 potius
478 5675 1085 5748 videturscribendum
1107 5691 1229 5731 esse
1247 5677 1405 5748 adea
1427 5681 1691 5748 προσοχῇ.
1714 5677 1857 5743 Quid

262 5746 343 5818 sit
391 5748 637 5818 προσοχὴ
690 5746 853 5818 docet
889 5747 1110 5812 Suidas,
1165 5746 1259 5817 qui
1315 5746 1521 5818 veteris
1570 5746 1857 5818 scriptoris

262 5817 452 5873 locum
516 5816 699 5873 aﬂ‘ert.
752 5816 919 5876 Certe
970 5818 1088 5875 haec
1146 5816 1464 5876 emendatio
1524 5816 1858 5891 magnopere

262 5888 403 5943 mihi
435 5887 662 5945 arridet.

262 5896 403 5943 mihi
435 5896 662 5945 arridet.

2064 5255 2154 5327 90)
2209 5256 2439 5325 Σώματι
2491 5251 3210 5327 πολεμῶντήὃοτᾼίὺθηάωη
3240 5260 3334 5327 est
3365 5254 3556 5327 procul

1969 5322 2145 5381 dubio
2167 5322 2449 5396 πολεμῲη,
2483 5335 2543 5380 ut
2571 5322 2738 5380 habet
2767 5324 3115 5396 Nicephorus
3146 5332 3202 5396 et
3235 5322 3404 5396 code;
3434 5323 3559 5396 Tel-

1970 5397 2238 5453 lerianus.
2273 5392 2513 5452 savilius
2536 5411 2758 5467 quoque
2795 5395 2863 5450 ad
2892 5392 3046 5449 oram
3076 5394 3161 5449 sui
3205 5393 3417 5448 codicis
3463 5392 3562 5447 ad-

1969 5476 2208 5533 notarat,
2235 5467 2375 5521 forte
2404 5468 2691 5538 πολεμοίη.

2040 5538 2152 5607 (9|)
2189 5532 2299 5591 Καὶ
2338 5538 2444 5603 τὰς
2466 5532 2722 5605 μὲι-’τοῦ
2760 5534 3042 5603 λουτροῦ.
3081 5534 3162 5589 Ad
3196 5534 3345 5607 hunc
3374 5532 3559 5607 locum

1964 5603 2142 5662 edicti
2186 5608 2424 5662 Zenonis
2468 5603 2667 5661 alludit
2724 5608 2872 5662 Felix
2918 5622 3078 5675 papa.
3130 5606 3184 5659 in
3218 5603 3451 5674 epistola
3490 5605 3560 5659 ad

1966 5678 2246 5733 Zenonem
2295 5679 2528 5747 August.
2581 5679 2655 5732 ita
2689 5678 2939 5732 scribens
2972 5694 2984 5729 :
3021 5675 3171 5729 Dolet
3216 5685 3353 5728 certe
3392 5675 3596 5744 pietas-

1966 5760 2080 5813 tua,
2131 5749 2271 5819 quod
2324 5746 2417 5819 per
2459 5750 2739 5803 diuturnos
2782 5748 2951 5819 partis
2999 5746 3226 5819 alterna:
3268 5761 3562 5819 gravesque

1966 5816 2261 5890 conﬂictus,
2298 5816 2478 5872 multis
2517 5835 2580 5872 ex
2606 5821 2699 5873 hoc
2718 5816 2913 5873 alecula
2944 5817 3229 5872 videantur
3266 5816 3433 5871 ablati
3468 5827 3560 5871 aut

1965 5890 2298 5960 baptismatis
2321 5900 2413 5944 aut
2438 5890 2822 5944 communionis
2856 5898 3115 5962 expertes.
