4108 6484
706 372 847 436 2635

1914 378 2232 441 EVAGRII
2274 378 2761 443 SCHOLASTICI

3826 374 3952 437 2636

702 501 838 543 num
862 484 971 541 lata
993 495 1177 553 esset;
1208 487 1409 544 tradita
1444 488 1595 545 enim
1622 497 1708 545 est
1734 486 1935 544 Acacio
1980 503 2012 543 a
2056 489 2280 559 quibus-

2388 490 2595 544 δὼκασι
2653 492 2764 561 γὰρ
2808 487 2942 543 ἔνιοι
2969 488 3082 543 τῶν
3134 490 3193 543 έν
3220 489 3289 559 τῇ
3323 488 3457 558 μονῇ
3487 484 3599 540 τῶν
3621 484 3951 556 ’Δκοιμήτων

701 580 828 635 dam
857 578 1148 636 monachis
1171 581 1563 637 Actemitensis
1590 589 1654 636 ut
1690 589 1888 637 vocant
1920 581 2283 647 monasterii;

700 690 812 730 non
838 674 1123 744 acquievit
1154 674 1409 729 Aeacius.
1445 674 1626 744 Atque
1650 673 1767 729 haec
1795 674 2021 743 quidem
2074 673 2285 744 scripta

702 776 837 821 sunt
859 781 889 819 a
924 765 1194 820 Zacharia
1232 765 1289 819 in
1323 765 1471 821 hunc
1500 765 1744 821 modum.
1780 765 1953 820 Porro
1987 765 2285 820 Zacharias

701 858 840 911 nihil
868 872 1060 912 eorum
1092 872 1215 927 quae
1244 866 1378 913 tunc
1400 868 1552 929 gesta
1582 865 1731 926 sunt,
1766 858 2052 929 explorate
2098 858 2287 929 cogni-

702 955 819 1001 tum
852 946 1111 1002 habuisse
1140 948 1277 1002 mihi
1321 948 1566 1015 videtur,
1596 949 1694 1004 sed
1744 964 1811 1003 ea
1849 949 2116 1004 duntaxat
2162 964 2285 1018 quae

699 1038 986 1092 auditione
1018 1040 1331 1108 acceperat,
1356 1039 1553 1093 mutila
1588 1046 1754 1109 atque
1777 1037 2099 1107 imperfecta
2121 1037 2284 1092 nobis

700 1127 981 1184 retulisse.
1054 1129 1168 1198 Ego
1220 1144 1353 1184 vero
1404 1129 1577 1183 totius
1634 1130 1715 1184 rei
1783 1129 1980 1185 seriem
2024 1137 2283 1183 accurate

698 1236 993 1291 esponam.
1047 1220 1186 1276 Cum
1245 1221 1421 1275 libelli
1479 1237 1510 1276 a
1562 1222 1772 1277 Joanne
1817 1219 1987 1276 Felici
2042 1219 2283 1290 porrecti

697 1322 886 1369 essent
936 1312 1202 1367 adversus
1250 1312 1412 1383 353
1474 1313 1761 1377 Acacium,
1812 1320 1874 1366 ut
1938 1310 2034 1380 qui
2092 1310 2283 1364 illicite

697 1408 865 1461 Petro
893 1405 1331 1460 communicaret
1357 1414 1411 1459 et
1438 1406 1544 1458 alia
1570 1403 1818 1473 quadam
1846 1409 2063 1472 gereret
2091 1410 2284 1456 contra

697 1514 983 1553 sacrorum
1017 1512 1291 1552 canonum
1325 1499 1731 1567 prazscriptum,
1768 1496 1921 1551 Felix
1950 1495 2184 1550 Vitalem
2219 1508 2283 1547 ac

694 1590 964 1645 Misenum
995 1591 1286 1659 episcopos
1315 1588 1382 1643 ad
1417 1589 1697 1643 Zenonem
1733 1589 1903 1652 misit,
1950 1602 2187 1657 poscens
2221 1592 2284 1639 ut

694 1682 1163 1738 Chalcedonensis
1180 1682 1425 1753 synodus
1451 1681 1786 1744 firmaretur,
1821 1688 1877 1733 et
1933 1680 2131 1735 Petrus
2158 1686 2282 1733 tan-

694 1791 860 1846 quam
882 1776 1175 1830 haereticus
1190 1774 1591 1851 expelleretur:
1613 1783 1779 1843 utque
1794 1772 2027 1827 Aeacius
2052 1773 2279 1827 Romam

2386 582 2743 653 καλουμένων
2779 582 2872 634 τὸν
2908 580 3199 653 μοναδικὺν
3226 577 3506 651 μετιόντες
3537 576 3704 650 βίον),
3732 577 3762 630 ὃ
3801 577 3950 632 Ἀκά-

2387 690 2507 736 uio;
2532 674 2593 726 οὐ
2624 674 2959 744 προσήκατο.
2990 673 3099 728 Καὶ
3120 673 3297 727 ταῦτα
3337 670 3435 740 μὲν
3464 669 3717 742 Ζαχαρία
3754 670 3945 739 γέγρα-

2387 784 2539 820 πται.
2566 767 2726 820 Δοκεῖ
2758 765 2816 819 δέ
2848 783 2939 836 μοι
2972 766 3138 837 μηδὲν
3167 766 3273 819 τῶν
3297 764 3389 817 ἐπὶ
3414 761 3574 816 τοῦτο
3610 761 3953 833 πραχθέντων

2386 860 2585 915 εἰδέναι
2610 876 2626 891 ο
2653 858 2822 930 μόνην
2860 859 2917 912 δὲ
2970 856 3142 929 ἀκοὴν
3165 856 3705 927 ήκρωτηριασμένην
3746 855 3951 925 ἀφηγή-

2388 951 2607 1006 σασθαι.
2644 950 2787 1018 Ἐγὼ
2821 950 2878 1005 δὲ
2925 950 3036 1004 τῶν
3067 950 3451 1021 γεγενημένων
3510 949 3612 1017 τὴν
3670 947 3948 1017 ἀκρίϐειαν

2385 1046 2615 1117 ἔρχομαι
2660 1044 2850 1108 λέξων.
2882 1041 3153 1098 Λιὸέλλων
3189 1042 3579 1108 ὲπιδεδομένων
3609 1040 3748 1109 πρὸς
3787 1038 3957 1092 Ἰωάν-

2386 1156 2478 1191 νου
2542 1136 2621 1208 τῷ
2679 1135 2883 1206 Φήλικι
2932 1135 3067 1204 με),
3100 1132 3240 1187 κατὰ
3282 1129 3661 1198 Ἀκακίου,ὡς
3712 1130 3955 1199 ἀθέσμως

2387 1228 2581 1299 Πέτρῳ
2612 1226 3017 1289 κοινωνοῦντος,
3055 1225 3151 1278 καὶ
3179 1225 3309 1293 περὶ
3338 1222 3544 1293 ἑτέρων
3589 1220 3955 1281 ἀκανονιστως

2386 1319 2515 1385 παρ’
2548 1316 2712 1370 αὑτοῦ
2746 1314 3066 1385 γινομένων,
3098 1314 3408 1367 στέλλονται
3437 1311 3575 1383 πρὸς
3600 1309 3699 1363 τοῦ
3736 1310 3956 1381 Φήλικος

2385 1405 2539 1477 παρὰ
2565 1404 2656 1457 τὸν
2687 1406 2912 1476 Ζήνωνα
2933 1402 3045 1475 (15)
3087 1403 3337 1466 Βιτάλιος
3365 1400 3459 1457 καὶ
3486 1401 3717 1462 Μισϊνος
3747 1400 3957 1450 ἐπίσκο-

2384 1512 2500 1558 ποι,
2542 1496 2625 1563 ἐφ’
2648 1487 2695 1562 ᾧ
2720 1493 2817 1565 τὴν
2855 1495 2913 1546 ὲν
2944 1491 3261 1562 Καλχηδόνιζ
3290 1490 3508 1544 σύνοδον
3544 1491 3770 1561 κρατεῖν
3794 1525 3811 1551 ,
3861 1488 3958 1539 ἁπ-

2385 1586 2647 1655 ελαθῆναί
2675 1603 2733 1639 τε
2779 1585 2873 1639 τὸν
2902 1586 3109 1656 Πέτρον
3144 1582 3220 1647 ὡς
3248 1582 3541 1653 αἱρετικὸν,
3578 1580 3675 1634 καὶ
3711 1579 3956 1633 Ἀκάκιον

2386 1678 2703 1748 πεμφθῆναι
2756 1678 2893 1748 πρὸς
2938 1676 3030 1729 τὸν
3072 1673 3300 1745 Φήλικα,
3341 1672 3473 1743 περὶ
3509 1666 3585 1726 ὧν
3627 1672 3878 1739 Ἰωάννης
3903 1662 3959 1721 οὗ

2386 1767 2648 1831 πολλάκις
2707 1767 3061 1839 ἐμνήσθημεν
3121 1767 3329 1835 ὲνάγοι,
3369 1764 3470 1829 τὰς
3520 1763 3757 1827 εὐθύνας
3817 1777 3960 1831 παρ·-

693 1842 1035 1929 mitterelur,
1072 1842 1343 1917 rationem
1376 1842 1705 1916 redditurus
1728 1875 1920 1914 eorum
1965 1874 2086 1928 qua:
2108 1857 2273 1913 Joan-
2310 1842 2352 1903 Β
2383 1859 2589 1927 ἕξοντα.

693 1974 813 2023 nes,
865 1958 1025 2029 cujus
1078 1955 1246 2011 toties
1306 1954 1647 2009 mentionem
1701 1951 1955 2014 fecimus,
2014 1948 2066 2004 ei
2130 1948 2275 2020 obji-

693 2052 893 2107 ciebat.

1316 2158 1470 2214 CAP.
1510 2156 1648 2210 XIX.

700 2253 775 2307 De
831 2249 1032 2321 Cyrillo
1060 2251 1374 2321 Apraeposito
1426 2244 1754 2321 _mo_nastcrii
1814 2243 2274 2321 Acwmitensium,

765 2314 1275 2393 quoinodoili‘mnam
1306 2318 1374 2370 ad
1418 2316 1641 2393 Felicem
1691 2315 1947 2393 quaedam
1986 2314 2276 2392 direxerat,

763 2383 995 2447 incitans
1021 2390 1175 2442 illum
1202 2397 1257 2440 ut
1294 2404 1353 2440 ea
1394 2401 1513 2457 qua’
1550 2385 1797 2438 adversus
1819 2383 1979 2451 ﬁdem
1998 2383 2275 2436 commissa

760 2473 940 2526 erant,
970 2460 1333 2514 ulcisceretur.
1363 2496 1385 2520 .

760 2573 868 2629 Sed
905 2574 1223 2642 priusquam
1258 2568 1349 2623 isti
1381 2568 1449 2621 ad
1477 2566 1670 2620 urbem
1714 2564 1919 2635 regiam
1969 2564 2273 2628 venissent,

689 2666 927 2737 Cyrinus
976 2660 1429 2718 Acmmitensium
1477 2659 1876 2713 monachorum
1922 2656 2273 2726 przepositus,

693 2757 963 2827 quosdam
1012 2769 1139 2809 cum
1174 2751 1377 2807 litteris
1424 2750 1488 2804 ad
1530 2749 1770 2805 Felicem
1824 2749 1995 2813 misit,
2046 2747 2115 2802 de
2152 2748 2271 2815 ejus

690 2847 1048 2904 cunctatione
1070 2857 1442 2914 conquerens,
1470 2857 1595 2895 cum
1634 2850 1739 2895 tam
1786 2840 1974 2911 gravia
2004 2839 2272 2893 adversus

690 2937 1086 2995 rectamtidem
1103 2934 1605 2990 committerentur.
1639 2931 1789 2986 Felix
1837 2931 2021 2998 itaque
2078 2929 2146 2983 ad
2177 2928 2275 2983 Mi-

2958 2147 3210 2202 ΚΕΦΛΛ.
3261 2146 3365 2201 18⁸.

2384 2238 2524 2306 Περὶ
2572 2242 2878 2307 Κυρίλλου
2918 2241 3259 2309 ἡγουμένου
3307 2238 3500 2307 μονῆς
3533 2238 3654 2293 τῶν
3696 2239 3963 2306 Ἀκριμή-

2454 2326 2592 2373 rw,
2625 2309 2786 2376 ὅπως
2814 2310 2964 2376 πρὸς
3005 2309 3236 2377 Ῥώμην
3262 2310 3585 2363 ἀπέστειλε
3612 2309 3763 2376 πρὸς
3792 2309 3961 2376 Φήλι-

2450 2377 2525 2430 κά
2558 2396 2749 2444 τινας,
2795 2378 3026 2447 ὲνάγων
3071 2379 3261 2433 αὑτὸν
3310 2379 3459 2447 πρὸς
3500 2379 3826 2447 ἐκδίκησιν
3848 2380 3959 2433 τῶν

2449 2449 2845 2518 τολμωμένων
2871 2452 3021 2503 κατὰ
3044 2449 3154 2516 τῆς
3186 2450 3463 2515 πίστεως.

2448 2562 2585 2632 Πρὶν
2617 2562 2651 2633 ἢ
2688 2562 2747 2615 δὲ
2800 2561 3010 2626 τούτοις
3039 2564 3084 2594 "°
3124 2562 3329 2645 φθῆναι
3374 2563 3475 2632 τὴν
3508 2561 3793 2632 βασιλειαν
3826 2563 3955 2632 (Η),

2376 2654 2644 2724 Κύριλλος
2677 2655 2706 2707 ὁ
2749 2654 2859 2707 τῶν
2899 2655 3241 2725 Ἀκοιμήτων
3268 2656 3378 2725 (l5)
3402 2655 3758 2724 καλουμένων
3797 2656 3957 2727 ήγού-

2382 2762 2560 2815 μενος,
2598 2745 2808 2798 στέλλει
2863 2746 3000 2815 πρὸς
3046 2747 3276 2818 Φήλικα,
3322 2749 3827 2820 καταμεμφόμενος
3866 2750 3958 2817 τὴν

2384 2837 2727 2907 βραδυτῆτα,
2772 2838 3111 2907 τηλικούτων
3172 2840 3315 2893 κατὰ
3362 2843 3462 2910 τῆς
3509 2840 3683 2911 ὀρθῆς
3725 2841 3959 2901 πίστεως

2384 2928 2876 2999 ἁμαρτανομένων
2911 2930 3008 2983 καὶ
3050 2930 3255 3002 γράφει
3289 2931 3455 3001 Φῆλιξ
3486 2934 3603 2995 τοῖς
3639 2935 3773 3005 περὶ
3801 2934 3958 2987 Μισί-

1950 3064 2188 3121 VARUE
2230 3064 2637 3122 LECTIONES.

764 3169 808 3201 '°
842 3168 1053 3230 τούτοις
1087 3165 1183 3221 Sic
1209 3163 1379 3220 etiam
1405 3161 1723 3232 Stephanus
1749 3178 1762 3215 :
1791 3160 1913 3231 lege
1942 3170 2149 3227 tamen,
2180 3161 2425 3225 τούτους.

1871 3274 2143 3330 VALESll
2200 3275 2772 3335 ANNOTATIONES.

690 3374 838 3428 nium
867 3376 1265 3443 competentem,
1294 3375 1482 3421 cuncta
1504 3370 1807 3443 constituat.
1839 3367 1988 3443 Idem
2014 3376 2142 3443 ante
2165 3369 2270 3443 Fe-
2301 3378 2344 3434 C
2375 3374 2648 3429 siasticum
2691 3390 2889 3427 morem
2920 3382 3119 3437 secuta,
3145 3372 3273 3443 quid
3305 3372 3572 3443 responsio
3617 3382 3957 3443 sanctceime-

687 3446 853 3500 licem
893 3437 1109 3494 dixerat
1137 3437 1319 3494 Julius
1340 3452 1480 3508 papa
1503 3437 1559 3491 in
1574 3439 1805 3504 epistola
1834 3438 1901 3491 ad
1936 3438 2268 3502 Orientales,

688 3527 854 3584 quam
900 3510 1065 3564 refert
1115 3509 1451 3584 At_banasius_
1484 3509 1536 3561 in
1576 3509 1931 3584 Apologrlico.
1986 3509 2105 3584 Jant
2142 3524 2268 3564 vero

688 3578 836 3654 quod
873 3588 1085 3654 spectat
1128 3578 1196 3654 ad
1245 3578 1544 3654 secundam
1597 3578 1963 3654 obieetiouem
2006 3578 2271 3654 _0rieuta-

688 3648 848 3715 lium,
901 3648 971 3703 de
1010 3649 1210 3702 Acacio
1263 3649 1383 3702 sine
1440 3649 1548 3701 ulla
1596 3648 1940 3703 discussione
1987 3649 2268 3709 damnato,

687 3724 825 3777 satis
857 3734 1183 3789 responsum
1224 3728 1308 3772 est
1340 3734 1369 3771 a
1404 3718 1622 3772 Gelasio
1658 3734 1797 3788 papa
1843 3719 1897 3771 in
1931 3720 2165 3787 epistola
2202 3718 2270 3773 ad

686 3790 1232 3862 Orientales,_cujus
1276 3788 1461 3862 verba
1481 3804 1645 3862 supra
1686 3789 2038 3862 protulimus.

762 3861 873 3929 (12)
904 3858 1228 3913 ’Λιόέλλων
1264 3858 1702 3929 ὲπίὃξδομένων
1749 3858 1828 3923 τῷ
1857 3858 2093 3924 Φήλικι.
2149 3861 2266 3915 Jam

684 3928 909 4002 quidem
944 3928 1384 4002 antea_Joanncs_
1411 3928 1834 4002 Tabenncsiota,
1871 3944 1994 4002 cum
2037 3944 2110 4002 es,
2139 3932 2268 4002 sede

686 3998 786 4057 sua
825 4002 1073 4070 dejectus
1108 3998 1589 4070 fuissettﬂomam
1624 4000 1870 4070 veniens,
1921 3999 2267 4067 Simplicium

688 4068 1295 4142 papam‘appellaverat.
1326 4068 1595 4121 Libellum
1625 4077 1804 4121 tamen
1826 4069 1875 4121 ei
1902 4070 2265 4142 nouobtulit;

689 4088 753 4142 pa
798 4088 883 4125 atn
908 4088 1295 4138 appellaverat.
1326 4088 1595 4121 LIUCJIUIII
1625 4088 1804 4121 tamen
1826 4088 1875 4121 Cl
1902 4088 2009 4121 ΠΟΙΙ
2034 4088 2265 4136 υοιυιιι;

689 4088 793 4195 sed)
826 4151 1039 4195 tantum
1085 4139 1280 4200 suasit,
1321 4146 1381 4192 ut
1426 4153 1528 4207 pro
1565 4153 1662 4191 sua
1703 4153 1864 4191 causa
1906 4138 1973 4192 ad
2004 4140 2265 4194 Acacium

687 4211 981 4265 scriberet.
1015 4208 1172 4274 Quod
1208 4209 1435 4277 quidem
1467 4218 1721 4276 promptu
1761 4222 1823 4261 ac
1857 4208 2051 4262 libenti
2082 4212 2267 4264 animo

685 4281 819 4335 fecit
864 4278 1181 4348 Simplicius
1209 4294 1369 4348 papa.
1400 4278 1635 4332 Aeacius
1666 4293 1817 4341 vero,
1856 4279 2097 4348 acceptis
2126 4280 2269 4334 Sim-

687 4350 839 4421 plicii
882 4349 1106 4421 litteris,
1154 4348 1448 4421 respondit
1491 4362 1550 4421 se
1571 4348 1835 4402 Joannem
1876 4348 2096 4421 quidem
2150 4354 2268 4420 epi-

686 4418 914 4490 scopum
976 4418 1319 4490 Alexandriae
1378 4418 1605 4490 minime
1661 4432 1980 4488 agnoscere.
2038 4418 2263 4475 Petrum

684 4489 820 4546 vero
856 4490 1110 4557 Mongum
1152 4489 1208 4542 in
1237 4489 1699 4559 communionem
1754 4490 2063 4558 suscepisse
2106 4491 2263 4559 jussu

685 4560 924 4615 Zenonis
943 4559 1196 4629 Augusti.
1223 4557 1436 4629 Quibus
1457 4558 1659 4613 litteris
1682 4557 1928 4627 graviter
1954 4557 2264 4615 commotus

686 4631 1008 4700 Simplicius
1060 4628 1345 4700 rescripsit
1406 4628 1668 4683 Acacium
1722 4643 1831 4700 non
1890 4639 2037 4700 recte
2084 4646 2261 4700 neque

684 4702 881 4755 ordine
914 4699 1115 4769 egisse,
1143 4700 1238 4769 qui
1262 4699 1486 4753 Petrum
1518 4699 1795 4753 communi
1819 4699 2106 4753 amborum
2137 4699 2261 4756 seu-

685 4772 860 4824 tentia
924 4768 1274 4840 damnatum,
1295 4839 1299 4840 ν
1333 4769 1387 4821 in
1409 4768 1913 4840 “communionem
1946 4771 2262 4840 recepisset.

683 4840 934 4909 Cumque
980 4838 1221 4893 Joannes
1248 4838 1537 4910 Simplicio
1569 4853 1721 4910 papae
1768 4837 2017 4910 libellum
2047 4837 2266 4910 pararet

683 4908 887 4965 offerre
910 4912 1062 4963 varia
1084 4910 1137 4962 in
1162 4909 1421 4963 Acacium
1448 4909 1682 4963 crimina
1707 4908 2106 4973 continentem,
2129 4912 2266 4965 Sim-

686 4980 885 5051 plicius
926 4981 1149 5034 interim
1206 4987 1386 5051 morte
1438 4988 1751 5051 praeventus
1812 4987 1914 5043 est,
1964 4980 2261 5051 antequam

684 5048 920 5105 Aeacius
969 5049 1272 5120 postremis
1327 5052 1449 5120 ejus
1488 5048 2144 5120 litteris‘respondissel,
2201 5063 2263 5107 nt

684 5121 883 5176 scribit
918 5117 1208 5173 Liberatus
1247 5121 1304 5173 in
1346 5117 1642 5173 Breviario.
1691 5117 1798 5173 Sed
1844 5134 1966 5173 cum
2004 5121 2154 5175 Felix
2204 5125 2258 5178 in

684 5192 869 5263 locum
903 5190 1171 5263 Simplicii
1210 5190 1543 5263 subrogatus
1575 5189 1791 5252 fuisset,
1841 5188 2078 5246 Joannes
2112 5193 2262 5249 libel-

684 5262 821 5323 lum,
851 5260 1038 5332 quem,
1056 5260 1341 5332 Simplicio
1365 5270 1494 5332 ante
1524 5263 2257 5332 paraverathporrigendum,

685 5328 888 5384 obtulit
935 5330 1100 5410 Felici
1146 5345 1320 5410 papae:
1349 5329 1454 5410 Qui
1499 5328 1625 5410 mox
1651 5344 1779 5410 per.
1815 5328 2039 5410 Vitalem
2069 5349 2142 5410 _ac_
2166 5335 2261 5389 Mi-

685 5416 880 5456 senum
914 5407 1225 5470 episcopos,
1262 5400 1508 5454 libellum
1536 5400 1814 5454 citationis
1837 5402 1985 5455 misit
2017 5404 2083 5456 ad
2118 5406 2259 5458 Aca-

686 5472 856 5534 cium,
891 5472 1160 5524 mandaus
1208 5480 1268 5525 ut
1295 5472 1704 5540 quamprimum
1748 5470 1975 5524 Romam
2025 5476 2263 5540 veniret,

684 5556 870 5596 coram
898 5541 1198 5609 apostolica
1250 5541 1381 5595 sede
1413 5541 1599 5595 libello
1627 5540 1855 5596 Joannis
1888 5543 2132 5611 episcopi
2174 5561 2263 5599 re-

684 5626 995 5681 sponsurus
1017 5650 1035 5677 ,
1082 5620 1142 5665 ut
1188 5611 1395 5681 legitur
1439 5611 1495 5665 in
1545 5612 1713 5667 Gestis
1738 5612 1801 5663 de
1830 5614 2035 5665 nomine
2062 5615 2259 5681 ιιι·αείἱ,

684 5680 742 5733 et
802 5683 857 5735 in
918 5681 1107 5736 libello
1155 5680 1434 5736 citationis
1489 5682 1556 5735 ad
1605 5681 1863 5736 Acacium
1914 5680 2257 5740 transmisso.

684 5749 931 5825 Libellus
960 5752 1186 5822 quidem
1238 5753 1521 5825 citationis
1562 5754 1643 5807 sic
1691 5750 1883 5825 incipit
1917 5752 2261 5825 :Episcopali

680 5820 1359 5886 diligentia’commonente
1402 5823 1653 5876 debuerat
1696 5822 1903 5876 dilectio
1943 5820 2057 5891 tua,
2094 5820 2256 5879 ecrle‘

2378 3446 2563 3515 moria:
2608 3445 2998 3515 prwdecessoris
3050 3442 3294 3515 meiiper
3322 3444 3496 3515 virum
3538 3442 3787 3515 devotum
3814 3442 3955 3498 Ura-

2377 3514 2523 3566 nium
2554 3513 2931 3569 subdiaconum
2962 3514 3103 3583 apud
3135 3513 3603 3566 clementissimum
3627 3514 3956 3582 principem:

2377 3584 2502 3656 quid
2529 3585 2671 3656 apud
2697 3593 2746 3656 te
2788 3601 2994 3655 quoque
3026 3585 3217 3638 littera
3248 3584 3411 3656 ipsius
3434 3585 3490 3635 in
3521 3583 3956 3656 causantes”-

2374 3651 2844 3709 driiiw'Ecclesiie
2898 3651 3217 3723 profuerint,
3260 3651 3534 3723 indicare.
3608 3651 3714 3707 Ubi
3779 3654 3958 3708 obiter

2373 3724 2728 3791 scribendum
2788 3741 2909 3781 esse
2970 3722 3206 3789 moneo,
3257 3722 3517 3778 Uranium
3578 3723 3951 3791 subadjuuam.

2374 3790 2466 3846 Sic
2497 3794 2645 3847 enim
2671 3794 2873 3849 dicitur
2908 3795 2962 3849 in
2996 3794 3166 3849 Gestis
3196 3794 3260 3847 de
3285 3794 3492 3846 nomine
3531 3793 3716 3845 Aeacii
3744 3790 3760 3847 ὲ
3785 3794 3953 3848 Joan-

2372 3877 2462 3915 nes
2489 3880 2781 3919 tzconomus
2816 3863 3102 3928 catholicus
3137 3882 3168 3918 α
3208 3862 3479 3916 catholicis
3518 3861 3805 3916 ordinatur
3844 3866 3957 3934 epi-

2372 3948 2577 4000 scopus.
2614 3935 2717 3999 Qui
2765 3953 2882 3989 cum
2914 3938 2977 3988 de
2999 3934 3372 3987 consuetudine
3418 3934 3691 4000 majorum
3723 3935 3794 3987 ad
3826 3952 3956 4003 apo-

2370 4004 2613 4076 stolicam
2658 4006 2834 4059 sedem
2859 4005 3109 4076 synodica
3153 4021 3247 4074 per
3274 4004 3541 4057 Isidorum
3586 4005 3954 4071 presbyterum

2370 4073 2652 4145 etPetrum
2693 4073 2976 4128 diaconum
3028 4073 3220 4145 scripta
3266 4076 3958 4145 misisset,superueniente

2375 4141 2573 4197 Urania
2593 4146 2909 4214 subadjuva,
2935 4154 2982 4199 et
3009 4141 3192 4198 contra
3217 4145 3478 4199 Joannem
3505 4144 3626 4212 jam
3647 4145 3956 4216 episcOpum

2368 4228 2547 4297 ξιτατ-ιιΔ
2559 4212 2813 4297 principis
2854 4216 3136 4285 deferente,
3180 4217 3242 4269 ab
3279 4216 3607 4297 episcopatus
3638 4212 3787 4268 illius
3828 4212 3956 4269 con-

2367 4282 2669 4356 ﬁrmatione
2715 4282 2857 4356 papa
2897 4282 3181 4351 suspensus
3226 4282 3321 4348 est,
3360 4282 3468 4340 etc.

2442 4354 2723 4424 (13)Πρὸς⁷
2742 4354 2844 4409 τοῦ
2874 4356 3134 4421 Φήλικος
3160 4356 3318 4424 παρὰ
3338 4356 3443 4407 τὸν
3458 4355 3733 4420 Ζήνωνα.
3754 4356 3958 4411 Traus-

2366 4424 2547 4491 posita
2576 4435 2705 4480 sunt
2745 4427 3046 4491 vocabula;
3074 4442 3197 4495 quae
3227 4427 3305 4482 sic
3331 4426 3599 4479 restituo:
3632 4426 3954 4479 Στέλλονται

2368 4496 2519 4567 παρα
2547 4496 2640 4548 τοῦ
2662 4495 2896 4567 Φήλικος
2930 4497 3069 4567 πρὸς
3104 4497 3198 4548 τὸν
3221 4499 3465 4567 Ζήνωνα.

2436 4563 2549 4631 (14)
2576 4563 2785 4633 "pla-ii
2805 4566 2872 4619 δὲ
2898 4563 3131 4630 τούτοις
3160 4563 3385 4634 φθῆναι
3430 4565 3548 4629 τὴν
3600 4565 3953 4630 βασιλείαν.

2364 4632 2523 4707 Hunc
2546 4632 2763 4705 Evagrii
2778 4638 2957 4692 locum
2975 4632 3181 4706 optime
3196 4632 3453 4707 exposuit
3472 4636 3843 4705 Nicephorus.
3866 4636 3956 4707 his

2298 4740 2339 4795 ο
2367 4706 2554 4795 verbis
2588 4725 2600 4759 :
2632 4708 2671 4758 Π
2683 4708 2801 4777 ρινὴ
2908 4708 3157 4795 Βιτίξὶξκιογ⁵
3178 4708 3527 4795 καὶκΜίισῆνον
3564 4709 3695 4795 rei);
3721 4706 3958 4795 si

2375 4792 2481 4845 μης
2514 4775 2747 4844 ἥκοντας
2771 4775 2975 4844 φθάσαι
3002 4778 3100 4845 τὴν
3131 4775 3543 4845 βασιλεύουσαν,
3586 4785 3699 4831 etc.
3754 4775 3810 4830 Id
3845 4785 3953 4842 est,

2368 4844 2695 4915 Priusquam
2729 4846 2915 4900 Vitalis
2943 4864 3005 4900 ac
3031 4844 3267 4900 Misenus
3293 4845 3460 4901 Roma
3485 4846 3653 4911 misti,
3682 4848 3739 4900 in
3768 4847 3951 4900 urbem

2370 4917 2571 4987 regiam
2617 4917 3011 4979 adventassent,
3065 4925 3193 4987 etc.
3238 4916 3609 4987 Scribendum
3664 4917 3836 4987 igitur
3865 4930 3955 4972 est

2374 4984 2439 5057 iui
2486 4986 2738 5057 Evagrio,
2783 4988 2949 5055 πρινὴ
2999 4988 3055 5039 δὲ
3105 4986 3328 5047 τούτους
3388 4986 3589 5056 φθῆναι
3646 4984 3747 5057 τῆν
3799 4988 3957 5057 βασί-

2370 5055 2531 5127 λειον.
2558 5055 2650 5112 Sic
2680 5057 2827 5112 enim
2858 5058 3121 5127 Evagrius
3151 5072 3352 5113 vocare
3376 5055 3519 5113 sciet
3554 5055 3953 5113 Constantino-

2367 5125 2537 5195 polim
2566 5144 2579 5180 :
2610 5136 2669 5181 ut
2700 5128 2861 5185 infra.
2887 5125 3008 5196 cap.
3036 5128 3125 5182 9.5.

2440 5197 2549 5267 (15)
2581 5198 2644 5250 '0
2676 5198 2794 5250 τῶν
2842 5197 3226 5267 Ἀκοιμήτων.
3258 5198 3379 5254 Duo
3406 5207 3569 5253 erant
3613 5196 3951 5251 monasreria

2365 5263 2864 5339 Constantinopoli,
2898 5263 3020 5337 quin
3066 5263 3405 5339 Ἃκοιμήτων
3429 5268 3794 5339 vocabantur,
3824 5268 3953 5321 Bas-

2363 5338 2505 5391 siani
2528 5338 2737 5392 scilicet
2776 5356 2840 5393 ac
2866 5339 2971 5392 Dii.
3014 5340 3082 5393 Et
3117 5338 3365 5393 Bassiani
3392 5339 3617 5408 quidem
3640 5354 3707 5392 ac
3743 5338 3828 5392 liii
3856 5352 3955 5391 v0-

2364 5408 2623 5461 cabulum
2652 5424 2681 5462 a
2715 5409 3096 5465 conditoribus
3142 5409 3259 5464 suis
3296 5407 3649 5479 sumpserant
3703 5407 3952 5479 Aeterni:

2368 5487 2545 5531 tarum
2576 5494 2705 5531 vero
2728 5495 2929 5534 nomen
2952 5481 3060 5533 illis
3091 5477 3453 5551 inditumest,
3481 5487 3779 5551 propterea
3804 5477 3951 5547 quod

2364 5558 2529 5601 noctu
2588 5557 2751 5616 atque
2792 5551 3033 5604 interdiu
3089 5550 3307 5605 divinas
3330 5550 3524 5604 laudes
3574 5550 3951 5611 celebrarent,

2362 5619 2593 5673 alternis
2624 5620 2836 5674 vicibus
2862 5620 2965 5674 sibi
2989 5621 3351 5676 succedentes
3380 5637 3396 5682 ;
3450 5619 3590 5675 adeo
3636 5629 3702 5673 ut
3740 5621 3944 5675 insom-

2362 5703 2462 5763 nes
2502 5702 2624 5763 esse
2649 5690 2992 5763 viderentur.
3062 5690 3155 5763 Sic
3179 5690 3391 5763 olimin
3418 5690 3616 5763 Galliis
3634 5692 3790 5763 jugis
3829 5692 3953 5746 laus

2363 5758 2419 5813 in
2450 5760 2780 5817 uuibusdam
2804 5762 3154 5820 monasteriis
3183 5760 3429 5833 viguisse
3462 5758 3695 5819 dicitur.
