4108 6496
265 381 407 445 2637

1201 374 1585 439 HISTORUE
1625 370 2220 435 ECCLESIASTICIE
2261 366 2493 429 LIBER
2527 364 2644 424 III.

3372 349 3515 414 2838

266 516 380 563 νον,
412 496 581 568 μηδὲν
604 494 807 566 πρᾶξαι
837 495 967 566 πρὶν
988 495 1067 569 τῷ
1088 493 1345 566 Κυρίλλῳ
1377 492 1710 562 συντύχοιεν,
1744 491 1840 545 καὶ

1971 502 2135 543 enum
2152 495 2210 541 et
2240 485 2480 553 collegas
2512 484 2634 551 ejus
2682 476 2926 547 scripsit,
2959 490 3027 529 ne
3066 470 3363 569 quidquam
3394 484 3519 565 age-

267 587 403 658 mp‘
432 586 599 641 αὑτοῦ
627 588 687 639 τὸ
717 588 985 657 πρακτέον
1017 588 1257 659 μάθοιεν.

880 786 1131 839 ΚΕΦΑΛ.
1170 787 1255 839 K'.

267 878 415 946 Περὶ
470 872 558 932 ὧν
609 875 1076 951 eamagema
1114 876 1587 951 πρὸςγΖήνωνα,
1623 877 1721 931 καὶ
1768 874 1846 933 οὗ

613 946 801 1002 πάλιν
824 946 1037 1018 Ζήνων
1063 950 1213 1015 πρὸς
1248 946 1502 1013 Φήλικα.

345 1060 604 1130 Γεγόνασι
637 1060 770 1132 πρὸς
798 1062 995 1127 αὐτοὺς
1028 1062 1124 1116 καὶ
1163 1063 1325 1133 ἔτερα
1372 1062 1508 1133 πρὸς
1551 1062 1646 1118 τοῦ
1684 1063 1847 1132 Φήλι-

268 1170 370 1217 κος
405 1153 783 1223 ὑπομνηστικὰ
820 1153 957 1224 (16),
990 1154 1085 1208 καὶ
1122 1154 1255 1225 πρὸς
1287 1154 1379 1208 τὸν
1417 1157 1640 1225 Ζήνωνα
1674 1154 1851 1225 γράμ-

272 1261 425 1315 ματα
459 1245 586 1311 περί
618 1261 678 1295 τε
725 1246 825 1314 τῆς
857 1247 914 1298 ἐν
954 1245 1258 1316 Καλχηδόνι
1282 1245 1520 1307 συνόδου,
1549 1244 1644 1298 καὶ
1673 1244 1766 1297 τοῦ
1793 1245 1851 1296 ὲν

282 1334 522 1403 ’Δφριχῇ
541 1332 784 1402 διωγμοῦ
807 1331 881 1400 (ο)
906 1332 996 1385 τοῦ
1022 1335 1164 1386 κατά
1190 1330 1504 1401 Ὀνὼριχον.
1542 1328 1851 1382 Ἐπέστειλε

270 1424 336 1477 δὲ
374 1425 467 1476 καὶ
508 1423 646 1493 πρὸς
685 1424 958 1477 Ἀκάκιον.
996 1422 1139 1493 Πρὸς
1166 1422 1275 1475 ὂνὸ
1307 1414 1495 1492 Ζήνων
1519 1420 1849 1490 ἀντέγραφε,

277 1515 460 1584 μάτην
481 1511 574 1564 τὸν
602 1514 855 1583 Ἰωάννην
887 1513 1049 1567 αὐτὸν
1081 1511 1425 1582 διαταράξαι,
1456 1510 1852 1579 διομοσάμενον

279 1605 383 1674 μὲν
412 1604 636 1674 μηδαμῆ
669 1602 932 1674 μηδαμῶς
964 1603 1221 1673 παριέναι
1253 1603 1342 1655 διὰ
1384 1601 1479 1655 τοῦ
1531 1601 1719 1673 θρόνου
1751 1606 1851 1671 τῆς

290 1694 705 1763 Ἀλεξανδρέων,
738 1694 1061 1765 παραϐάντα
1082 1694 1162 1756 δὲ,
1192 1694 1284 1747 καὶ
1308 1694 1374 1748 τὰ
1402 1694 1698 1764 ὠμοσμένα
1728 1694 1853 1746 ἁλο-

274 1786 547 1855 γήσαντα,
581 1786 761 1838 πᾶσαν
791 1784 1098 1857 ἱεροσυλίαν
1132 1784 1492 1855 ἐργάσασθαι·
1525 1786 1621 1837 καὶ
1647 1786 1855 1855 Πέτρον

1947 586 2090 643 rent,
2119 577 2440 647 priusquam
2469 587 2594 626 cum
2620 569 2824 641 Cyrillo
2850 575 3036 621 essent
3064 560 3345 623 collocuti,
3376 569 3429 615 et
3454 558 3523 612 ab

1946 684 2014 723 eo
2033 666 2166 738 quid
2195 663 2469 735 agendum
2492 670 2640 717 esset
2673 658 3021 713 didicissent.

2573 775 2725 828 CAP.
2777 772 2896 826 XX.

1955 871 2027 924 De
2065 872 2127 924 iis
2154 885 2272 941 quae
2306 867 2455 922 Felix
2488 868 2558 921 ad
2592 865 2885 941 Zenonem,
2918 870 2969 917 et
3016 861 3158 917 Zeno
3188 861 3257 913 ad
3304 858 3528 912 Felicem

2619 937 2855 1006 scripsit.

2020 1053 2256 1124 Scripsit
2287 1054 2455 1109 etiam
2489 1050 2644 1106 Felix
2691 1049 2828 1103 alias
2854 1046 2921 1101 ad
2956 1044 3182 1101 eosdem
3233 1039 3535 1097 commonio

1952 1145 2145 1200 torias.
2179 1144 2418 1197 Litteras
2452 1155 2674 1210 quoque
2695 1137 2849 1192 dedit
2869 1136 2936 1190 ad
2975 1136 3279 1194 Zenonem,
3329 1130 3537 1200 quibus

1952 1252 2077 1292 eum
2102 1235 2510 1298 commonebat,
2555 1242 2673 1287 tum
2703 1232 2770 1286 de
2820 1225 3258 1285 Chalcedonensi
3303 1222 3533 1295 synodo,

1953 1338 2070 1383 tum
2100 1329 2168 1383 de
2198 1326 2586 1397 persecutione
2618 1338 2741 1393 qua:
2768 1322 2824 1375 in
2861 1320 3043 1375 Africa
3078 1319 3311 1372 excitata
3361 1315 3543 1368 fuerat

1954 1418 2022 1474 ab
2045 1416 2343 1470 llunerico.
2379 1412 2617 1483 Scripsit
2660 1412 2790 1466 item
2820 1410 2889 1465 ad
2912 1410 3198 1465 Acacium.
3240 1407 3543 1475 Imperator

1955 1515 2140 1561 autem
2174 1505 2326 1559 Zeno
2350 1504 2640 1573 rescripsit
2664 1502 2855 1568 Felici,
2886 1502 3094 1555 frustra
3132 1499 3289 1551 illum
3326 1506 3542 1565 pertur-

1955 1597 2149 1652 batum
2182 1610 2305 1650 esse
2328 1596 2516 1650 verbis
2540 1594 2789 1659 Joannis,
2813 1593 3016 1663 quippe
3036 1591 3131 1660 qui
3158 1590 3288 1644 olim
3316 1586 3540 1657 quidem

1950 1689 2193 1760 iurasset
2252 1702 2311 1741 se
2350 1686 2782 1741 Alexandrinam
2844 1684 3034 1740 sedem
3090 1682 3245 1736 nullo
3301 1695 3542 1747 unquam

1959 1780 2124 1834 modo
2200 1779 2543 1834 ambiturum
2604 1793 2728 1833 esse
2774 1795 2789 1832 :
2830 1786 3023 1847 postea
3080 1790 3214 1829 vero
3292 1773 3548 1842 neglecto

273 1877 337 1929 δὲ
370 1878 446 1948 μὴ
478 1877 855 1941 ἀὸασανίστως
897 1876 1366 1949 προχειρισθῆναι,
1396 1877 1513 1930 ἀλλ’
1544 1877 1859 1947 αὐτοχειρία

1971 1870 2339 1939 iureiurando,
2371 1870 2585 1923 nullum
2615 1884 2726 1923 non
2767 1866 3038 1938 sacrilegii
3065 1880 3241 1937 genus
3296 1863 3555 1919 admisis-

276 1968 676 2039 ὑπογράψαντα
703 1968 955 2039 δέχεσθαι
988 1970 1087 2039 τὴν
1143 1969 1327 2021 πίστιν
1379 1968 1488 2021 τῶν
1532 1970 1857 2039 τριακοσίων

274 2057 557 2113 δεκαοκτὼ
597 2059 767 2128 ἁγίων
800 2058 1056 2130 Πατέρων
1090 2059 1200 2112 τῶν
1234 2062 1294 2114 ὲν
1327 2059 1533 2130 Νικαίᾳ
1563 2060 1853 2129 συνεληλυ-

279 2150 476 2212 Θότων,
528 2144 672 2224 ᾗτινι
704 2151 797 2202 καὶ
829 2152 862 2221 ἡ
894 2152 951 2202 ὲν
993 2150 1295 2220 Καλχηδόνι
1324 2151 1456 2219 ἁγία
1485 2151 1699 2216 σύνοδος
1733 2154 1861 2221 ἡκο-

275 2240 535 2310 λούθησε,
567 2242 661 2294 καὶ
687 2240 863 2295 ταῦτα
897 2243 1210 2312 γέγραπται
1242 2243 1335 2295 ἐπὶ
1364 2243 1629 2313 ῥήματος·
1678 2244 1862 2314 Ὀφεί-

277 2333 396 2385 λειν
446 2332 702 2401 ἀσφαλῶς
752 2333 896 2402 ἔχειν
946 2334 1091 2402 (l7),
1126 2334 1223 2386 καὶ
1255 2332 1354 2403 τὴν
1399 2334 1675 2408 ἡμετέραν
1710 2335 1864 2388 εὐσέ-

277 2425 457 2488 ϐειαν,
490 2425 582 2479 καὶ
627 2424 719 2476 τὸν
763 2425 1128 2495 προλεχοέντα
1167 2423 1470 2493 ἁγιώτατον
1500 2426 1729 2497 Πέτρον,
1767 2427 1863 2480 καὶ

282 2518 466 2581 πάσας
513 2517 611 2580 τὰς
648 2517 954 2585 ἁγιωτάτας
1022 2517 1349 2587 Ἑκκλησίας
1376 2558 1391 2583 ,
1447 2517 1547 2589 τὴν
1590 2500 1866 2589 Καλχηδο-

276 2606 422 2658 νέων
461 2605 571 2677 (18)
622 2608 926 2677 ἁγιωτάτην
958 2606 1177 2661 σύνοδον
1224 2608 1476 2678 δέχεσθαι
1514 2611 1609 2663 καὶ
1650 2611 1861 2675 σέϐειν,

278 2698 404 2765 ἥτις
439 2698 670 2766 συνέστη
720 2699 784 2766 τῇ
835 2698 1015 2750 πίστει
1049 2702 1115 2768 τῇ
1148 2700 1205 2751 ὲν
1244 2701 1311 2769 τῇ
1352 2700 1604 2753 Νικαέων
1639 2702 1861 2770 συνόδῳ.

294 2790 659 2859 Ἐμφέρονται
694 2792 806 2853 τοῖς
844 2807 903 2843 τε
954 2792 1365 2861 πεπραγμένοις
1415 2794 1527 2862 (l9)
1578 2793 1867 2846 ἐπιστολαὶ

282 2881 442 2951 παρά
480 2898 537 2933 τε
575 2881 843 2951 Κυρίλλου
875 2882 969 2935 τοῦ
1020 2882 1323 2952 λεχθέντος,
1350 2882 1445 2937 καὶ
1486 2884 1690 2953 ἑτέρων
1711 2886 1867 2955 ἁρχιο

285 2972 595 3041 μανδριτῶν
628 2972 725 3040 τῆς
764 2970 1061 3040 βασιλίδος,
1093 2974 1183 3025 καὶ
1221 2974 1372 3039 παρὰ
1412 2973 1726 3025 ἐπισκόπων
1774 2973 1868 3026 καὶ

284 3063 568 3132 κληρικῶν
621 3063 715 3115 τοῦ
760 3063 1134 3132 Δίγυπτιακοῦ
1167 3062 1429 3131 κλίματος
1472 3063 1607 3133 πρὸς
1633 3063 1866 3134 Φήλικα,

282 3159 432 3212 κατὰ
465 3158 792 3228 Πέτρουιὼς
847 3156 1150 3229 αἱρετικοῦ,
1194 3157 1288 3209 καὶ
1318 3157 1427 3209 τῶν
1465 3157 1868 3211 κοινωνούντων

286 3236 460 3318 αὐτῷ.
509 3212 588 3300 οῖ’
608 3248 702 3300 καὶ
738 3212 1027 3317 διήλεγξαν
1073 3212 1187 3317 (eo)
1227 3248 1276 3299 οι
1310 3247 1375 3299 ὲκ
1413 3246 1514 3315 τῆς
1559 3247 1726 3316 μονῆς
1761 3247 1868 3299 τῶν
1898 3212 1941 3270 (ἶ

299 3338 644 3409 Ἀκοιμήτων
676 3338 971 3409 ἀφιγμένοι
1001 3339 1137 3409 πρὸς
1172 3337 1405 3408 Φήλικα,
1436 3338 1563 3399 τοὺς
1598 3338 1726 3408 περὶ
1759 3339 1869 3391 Μι-

290 3434 458 3495 σίνον,
492 3431 567 3493 ὡς
600 3431 761 3501 μέχρι
798 3430 900 3499 τῆς
940 3431 1119 3484 αὐτῶν
1169 3430 1473 3501 παρουσίας
1516 3432 1615 3500 τῆς
1658 3429 1761 3483 ἀνὰ
1808 3430 1870 3483 τὸ

290 3522 621 3589 Βυζάντιον,
686 3525 744 3575 ὲν
794 3521 1131 3593 παραδύστῳ
1168 3522 1374 3592 Πέτρος
1427 3524 1486 3577 ὲν
1532 3524 1655 3586 ταῖς
1696 3523 1868 3593 ἱεραῖς

287 3610 495 3674 δέλτοις
543 3611 962 3689 ἀνεγινώσκετο,
1004 3613 1100 3665 καὶ
1127 3612 1185 3678 ἐξ
1216 3612 1427 3665 ἐκείνου
1472 3612 1577 3676 ἕως
1615 3612 1711 3666 νῦν
1738 3614 1868 3667 ἀνα-

291 3700 514 3770 φανδόν·
551 3702 647 3755 καὶ
694 3699 866 3763 οὕτως
909 3701 1036 3762 τοὺς
1084 3700 1473 3771 περὶαΜισῖνον
1517 3702 1868 3769 κοινωνῆσαι.

294 3794 407 3846 Καὶ
446 3795 481 3863 ὴ
527 3792 784 3864 ἐπιστολὴ
831 3792 889 3845 δὲ
937 3792 1047 3845 τῶν
1077 3792 1417 3861 Αἰγυπτίων,
1468 3793 1539 3845 τὰ
1571 3791 1714 3846 αὐτὰ
1740 3794 1872 3863 περὶ

292 3884 505 3953 Πέτρου
536 3882 739 3952 ἔλεγεψ
788 3884 882 3937 καὶ
915 3882 990 3945 ὡς
1048 3883 1303 3953 Ἰωάννης
1332 3882 1431 3953 μὲν
1462 3882 1744 3953 ὀρθόδοξος
1772 3880 1869 3947 ὣν,

290 3975 577 4046 ὲνθίσμως
603 3975 1032 4047 κεχειροτόνητοθ
1059 3974 1265 4046 Πέτρος
1303 3974 1360 4029 δὲ
1391 3974 1496 4030 ὑπὸ
1528 3975 1623 4030 δύο
1651 3975 1747 4029 καὶ¹
1775 3974 1874 4043 μό-

1960 1970 2064 2017 set.
2102 1963 2327 2017 Petrum
2367 1976 2536 2031 porro
2585 1976 2696 2014 non
2747 1960 2959 2029 absque
3006 1958 3257 2027 diligenti
3298 1957 3555 2012 examine

1960 2062 2275 2123 promotum
2310 2052 2482 2107 fuisse
2524 2068 2536 2104 :
2571 2050 2777 2122 quippe
2815 2051 2911 2121 qui
2942 2050 3168 2122 propria
3216 2065 3383 2103 manu
3427 2052 3555 2105 sub-

1962 2144 2298 2214 scripsisset,
2330 2142 2589 2212 amplecti
2632 2158 2692 2197 se
2744 2142 2910 2197 fidem
2956 2149 3333 2196 trecentorum
3388 2150 3555 2211 atque

1962 2235 2268 2291 octodecim
2302 2248 2621 2290 sanctorum
2674 2235 2899 2289 Patrum
2949 2232 3046 2302 qui
3098 2232 3337 2287 Nicaeam
3388 2233 3555 2304 354

1963 2328 2095 2383 olim
2152 2336 2534 2382 convenerunt
2585 2342 2802 2397 :quam
2857 2325 3022 2380 fidem
3083 2324 3553 2380 Chalcedonensis

1964 2434 2185 2489 quoque
2257 2419 2499 2489 synodus
2563 2418 2965 2489 comprobavit.
3044 2417 3221 2472 Verba
3302 2417 3551 2487 epistolze

1965 2511 2203 2566 Zenonis
2223 2511 2339 2565 haec
2370 2520 2535 2566 sunt:
2572 2511 2678 2564 Pro
2713 2520 2867 2565 certo
2895 2509 3097 2564 habere
3131 2509 3320 2573 debes,
3350 2519 3405 2563 et
3436 2510 3552 2579 pie—

1966 2612 2135 2657 tatem
2162 2612 2429 2664 nostram,
2461 2610 2517 2655 et
2547 2616 2713 2670 supra
2744 2607 3109 2655 memoratum
3141 2599 3547 2653 sanctissimum

1966 2692 2211 2755 Petrum,
2246 2700 2303 2746 et
2330 2691 2619 2745 universas
2661 2698 3043 2745 sacrosanctas
3093 2689 3386 2754 Ecclesias,
3426 2706 3552 2743 san-

1968 2784 2281 2838 ctissimum
2300 2781 2751 2837 Chalcedonense
2781 2780 3079 2835 concilium
3109 2781 3363 2850 amplecti
3386 2791 3551 2850 atque

1968 2875 2241 2939 venerari,
2270 2874 2418 2945 quod
2467 2889 2593 2928 cum
2636 2872 2743 2927 fide
2782 2873 3005 2927 concilii
3065 2872 3267 2927 Nicazni
3324 2888 3552 2943 prorsus

1969 2963 2269 3021 consentit.
2318 2966 2378 3019 In
2422 2966 2621 3019 iisdem
2652 2964 2793 3020 actis
2844 2965 3105 3035 leguntur
3138 2965 3386 3035 epistolae
3435 2972 3549 3018 tuin

1969 3058 2159 3129 Cyrilli
2184 3073 2350 3127 supra
2370 3057 2680 3120 memorati,
2712 3066 2769 3112 et
2808 3057 3042 3111 aliorum
3085 3057 3554 3111 archimandrita-

1973 3168 2097 3207 rum
2130 3152 2284 3207 urbis
2312 3153 2495 3223 regiae,
2531 3161 2646 3206 tum
2692 3154 3081 3222 episcoporum
3128 3161 3187 3207 et
3224 3152 3554 3207 clericorum

1976 3247 2303 3318 Egyptiacaa
2327 3247 2605 3313 dicecesis,
2635 3248 2701 3301 ad
2730 3249 2969 3303 Felicem
2996 3248 3238 3317 scriptae,
3268 3247 3334 3301 de
3391 3248 3557 3301 Petro

1979 3347 2238 3408 tanquam
2273 3338 2559 3403 baeretico,
2581 3348 2636 3391 et
2667 3338 2735 3393 de
2768 3338 2836 3394 iis
2861 3339 2954 3408 qui
2977 3338 3143 3393 Petro
3180 3338 3559 3392 communica-

1976 3429 2128 3482 hant.
2154 3429 2329 3484 Porro
2359 3429 2615 3484 monachi
2635 3429 3027 3484 Acmmitensis
3050 3429 3390 3493 monasterii,
3430 3444 3557 3483 cum

1977 3516 2043 3568 ad
2085 3516 2324 3571 Felicem
2348 3518 2647 3583 venissent,
2672 3517 2942 3573 Misenum
2970 3534 3034 3573 ac
3068 3518 3302 3573 Vitalem
3336 3533 3562 3573 accusa-

1978 3618 2129 3674 runt,
2188 3609 2337 3681 quod
2394 3619 2522 3665 ante
2592 3611 2891 3666 adventum
2950 3611 3176 3681 quidem
3228 3611 3447 3665 illorum
3502 3611 3560 3665 in

1978 3702 2174 3755 urbem
2218 3701 2448 3773 regiam,
2502 3703 2651 3758 Petri
2701 3718 2903 3761 nomen
2948 3703 3004 3759 in
3057 3704 3232 3759 sacris
3280 3704 3562 3776 diptychis

1977 3794 2195 3848 occulte
2235 3794 2604 3850 recitaretur:
2645 3795 2847 3851 exinde
2881 3811 3014 3851 vero
3061 3796 3283 3867 publice
3338 3796 3560 3851 recitari

1979 3884 2278 3955 caepisset;
2310 3894 2477 3956 atque
2512 3887 2587 3942 ita
2608 3887 2849 3945 Misenus
2877 3903 2943 3943 ac
2987 3888 3180 3944 Vitalis
3222 3888 3274 3942 ei
3310 3903 3564 3943 commu-

1981 3978 2286 4034 nicassent.
2322 3977 2564 4051 Egyptii
2621 3980 2839 4036 veroin
2896 3980 3014 4036 suis
3041 3980 3245 4036 litteris
3290 3989 3406 4035 tum
3459 3980 3564 4035 ista

1478 4132 1754 4191 VALESII
1808 4127 2376 4192 ANNOTATIONES.

367 4276 413 4357 (ί
425 4278 481 4357 6)
520 4274 997 4357 ςΥπομνῃσιςικά.
1024 4274 1536 4357 Nicephorusnhaac.
1564 4276 1874 4357 commoni-

292 4350 435 4402 toria
468 4346 570 4412 (sic
595 4345 739 4399 enim
758 4346 938 4400 Latini
971 4345 1191 4410 vocant,
1223 4362 1345 4415 qua:
1366 4345 1570 4401 Graecis
1604 4347 1875 4401 dicuntur

293 4417 706 4486 (memque:de
721 4416 788 4470 ad
821 4416 1095 4471 Zenonem
1116 4417 1501 4486 imperatorem
1526 4418 1731 4485 scripta
1752 4433 1872 4472 esse

291 4484 647 4544 existimavit.
667 4484 868 4541 Verum
895 4487 1160 4557 Evagrius
1176 4484 1242 4540 ad
1264 4486 1494 4557 Vitalem
1514 4502 1577 4541 ac
1605 4484 1872 4542 Misenum

2052 4277 2165 4360 (Ιὲ)
2201 4275 2583 4360 Ἐμςρέρονςᾳι
2612 4278 2736 4360 τοῖς
2766 4296 2836 4360 ’τε
2862 4278 3322 4360 πεπραγμένοις.
3358 4280 3564 4360 Assen-

1981 4347 2090 4403 tior
2104 4346 2344 4419 Henrico
2375 4346 2602 4415 Savilio,
2640 4350 2734 4419 qui
2764 4349 2819 4402 in
2851 4350 3047 4419 codice
3077 4346 3178 4403 suo
3227 4348 3563 4414 emendavit,

1982 4418 2318 4487 ὲμφέρονταί
2346 4435 2405 4471 τε
2436 4421 2549 4478 τοῖς
2573 4418 3006 4489 πεπραγμένοις.
3030 4418 3135 4472 Sed
3166 4419 3405 4487 probare
3447 4433 3559 4473 non

2019 4503 2204 4544 ossum
2232 4489 2745 4558 interpretationem
2773 4488 3287 4558 Christophor’soni.
3304 4489 3398 4557 qui
3416 4488 3565 4545 hunc

292 4558 445 4613 sedis
467 4558 779 4651 apostolicae
794 4556 1086 4651 Legatosea
1112 4558 1313 4651 scripta
1329 4556 1690 4651 fuisseldicit.
1710 4557 1872 4614 Certe
1907 4596 1948 4651 ο
1978 4556 2265 4651 locumita
2293 4556 2463 4651 ver—t‘iut
2488 4578 2500 4612 :
2540 4559 2764 4641 Exstant
2787 4556 3044 4651 μετιέντα
3080 4560 3135 4612 in
3172 4560 3302 4651 ﬁeri:
3324 4556 3565 4651 ejusdem

292 4627 718 4699 commonitoria
765 4627 833 4679 ad
888 4628 1095 4697 legatos
1138 4637 1193 4681 et
1252 4628 1562 4699 huiusmodi
1607 4644 1873 4698 personas
1908 4627 1948 4651 ν
1979 4628 2205 4692 concilii,
2247 4639 2355 4684 etc.
2411 4630 2600 4699 Neque
2629 4627 2795 4683 enim'
2834 4630 3105 4699 Evagrius
3136 4629 3301 4682 ullius
3344 4629 3566 4683 concilii

292 4697 441 4753 mitti
485 4696 755 4758 solebant,
809 4712 920 4750 non
952 4696 1148 4752 autem
1214 4696 1282 4751 ad
1340 4696 1729 4766 imperatorem
1762 4700 1873 4752 Ro-

294 4782 544 4823 manum.
598 4766 768 4820 Erant
823 4768 973 4821 enim
1022 4768 1181 4837 quasi
1242 4769 1497 4822 mandata
1555 4776 1615 4824 et
1666 4770 1876 4823 instru-

292 4841 532 4900 ctiones,
593 4852 729 4909 quas
762 4838 1008 4909 studiose
1038 4839 1334 4909 observare
1362 4838 1637 4893 debebant
1690 4840 1873 4909 legati.

371 4909 485 4979 (17)
523 4907 820 4979 Ὀφείλειν
847 4908 1158 4979 ,ἀσφαλῶς
1203 4910 1389 4977 ἐχειν.
1446 4909 1678 4965 Rectius
1730 4907 1877 4979 apud

294 4978 673 5104 Eiicepilzgrum
690 4978 957 5033 scribitur
984 4980 1239 5049 ὀφείλεις,
1266 4979 1322 5033 id
1354 4990 1458 5046 est,
1494 4996 1589 5049 pro
1616 4978 1882 5034 certo'ha-

330 5066 417 5104 ere
542 5065 614 5101 es.

330 5066 417 5104 ere
443 5065 614 5102 (18088.

370 5120 483 5189 (t8)
516 5118 973 5186 Καλχηδονέων.
1010 5120 1070 5174 ln
1104 5120 1313 5190 optimo
1335 5120 1527 5176 codice
1558 5120 1883 5176 Florentino

297 5192 569 5262 scriptum
628 5190 1335 5262 inveni,K:).ygr,60vaiuiv°
1394 5192 1673 5262 quomodo
1715 5191 1884 5262 etiam

299 5250 436 5316 alibi
456 5261 730 5329 scriptum
768 5250 934 5315 habet
984 5250 1131 5316 idem
1160 5261 1353 5325 codex,
1384 5250 1444 5316 u't
1480 5278 1645 5332 supra
1678 5261 1883 5316 notavi.

300 5331 447 5385 Sane
498 5341 714 5385 veteres
762 5333 971 5385 nummi
1003 5348 1123 5387 eam
1154 5332 1483 5401 scripturam
1533 5331 1883 5396 confirmant,

296 5412 358 5457 et
379 5411 576 5457 auctor
603 5400 933 5473 etymologici
964 5405 1019 5457 in
1045 5416 1181 5457 voce
1214 5400 1536 5473 Καλχηδών.

1981 4700 2322 4755 mentionem
2356 4698 2521 4761 facit,
2557 4698 2655 4754 sed
2689 4698 3071 4754 collectionem
3129 4699 3395 4753 duntaxat
3444 4699 3567 4768 epi-

1983 4771 2251 4825 stolarum
2275 4781 2549 4833 recenset,
2573 4769 2700 4839 'quze
2734 4769 2801 4823 ad
2851 4785 3071 4823 causam
3102 4768 3287 4824 Acacii
3314 4769 3564 4837 pertine-

1984 4841 2138 4895 bant.
2174 4840 2390 4894 Putavit
2410 4838 2623 4895 scilicet
2646 4839 3207 4908 ChristOphorsonus,
3227 4854 3296 4893 ex
3326 4854 3393 4892 eo
3416 4838 3566 4908 quod

1986 4919 2236 4965 actorum
2258 4911 2597 4965 mentionem
2628 4910 2695 4964 ab
2718 4910 2955 4979 Evagrio
2980 4910 3096 4965 fieri
3130 4909 3360 4974 viderat,
3380 4911 3567 4965 statim

1987 4981 2275 5051 consequi,
2312 4989 2373 5035 ut
2404 4981 2520 5035 haec
2544 4980 2598 5034 in
2634 4981 2870 5051 concilio
2919 4991 3040 5035 acta
3084 4979 3313 5051 fuerint.
3357 4979 3566 5051 Verum

1988 5067 2099 5105 non
2128 5050 2203 5105 ita
2234 5060 2506 5121 perpetuo
2545 5066 2604 5105 se
2646 5067 2735 5105 res
2765 5050 2950 5105 habet.
2979 5051 3114 5106 Acta
3144 5050 3291 5105 enim
3348 5050 3569 5121 simpli-

1987 5123 2130 5176 citer
2154 5120 2341 5176 voeari
2389 5128 2625 5190 possunt
2656 5136 3000 5191 quacunque
3039 5122 3095 5175 in
3136 5120 3320 5187 aliquo
3346 5120 3570 5191 negotio

1988 5202 2139 5273 gesta
2173 5189 2563 5273 sunt,etiamsi
2600 5189 2814 5246 nullum
2842 5189 3145 5246 concilium
3182 5200 3278 5246 aut
3296 5189 3570 5261 judiCinm

1990 5262 2375 5317 intervenerit.

2063 5332 2175 5400 (ἓο)
2234 5330 2428 5385 οἱκαὶ
2460 5330 2809 5401 διήλεγξαν.
2860 5332 3140 5388 Delendus
3184 5341 3270 5388 est
3302 5330 3574 5387 articulus

1990 5402 2413 5473 postpositivus,
2436 5418 2604 5473 quem
2627 5417 2731 5457 nec
2759 5402 3107 5473 Nicephorus
3134 5404 3401 5475 agnoscit.

1769 5541 2159 5601 VARIOBUM.

373 5665 449 5739 (ο)
497 5664 616 5739 T037
638 5664 709 5718 ἐν
739 5664 1293 5739 Ἀφρικῆκδεωγμοῦο
1312 5664 1657 5739 ,ςωριθηεει
1700 5680 1888 5739 verse.-

1998 5664 2171 5719 sionis
2199 5663 2500 5721 Dominicae
2535 5664 2666 5720 anni
2695 5664 2836 5729 £85;
2869 5662 3174 5720 secundum
3208 5676 3262 5716 vi
3289 5660 3407 5716 Kal.
3429 5658 3574 5716 Mar-

301 5734 455 5797 cutio
502 5734 760 5793 Africana
796 5752 941 5791 anno
984 5736 1127 5808 483.7
1160 5734 1278 5791 Duo
1311 5736 1423 5790 illic
1473 5735 1654 5808 edicta
1700 5735 1890 5808 emisit
2002 5734 2108 5791 tias
2155 5736 2287 5791 anni
2324 5735 2451 5792 484.
2490 5736 2641 5808 (Ant.
2693 5736 2868 5805 Pam.)

304 5808 939 5869 llunncricusadvcrsus
954 5807 1258 5866 catholicos
1279 5825 1290 5861 :
1316 5808 1553 5878 primum
1576 5807 1665 5863 dic
1685 5806 1889 5862 Ascen-
