4096 6498
595 462 733 527 9643

1808 467 2121 527 EVAGRII
2155 464 2641 529 SCHOLASTICI

3705 448 3843 513 264i

592 572 984 637 damnavisset,
1007 573 1281 645 episcopis
1296 574 1627 645 quibusdam
1649 583 1703 629 et
1719 574 2166 629 archimandritis

2271 572 2585 645 πραγμένα,
2615 570 2710 624 καί
2734 574 2858 632 τοὺς
2895 567 2970 638 μὴ
2991 563 3314 635 δεχομένους
3344 561 3411 615 τὰ
3438 559 3849 632 ωγγρᾲμματα

590 662 884 731 persuasit,
920 672 979 717 ut
1006 662 1110 718 sibi
1142 666 1636 722 communicarent.
1678 665 1745 719 Et
1767 666 2024 736 quoniam
2048 665 2170 721 aliis

593 754 735 807 idem
766 753 1096 823 persuadere
1124 772 1233 810 non
1271 764 1544 826 potuerat,
1581 757 1848 826 plurimos
1884 765 2168 811 monaste-

592 843 687 895 riis
711 843 824 896 suis
843 844 1039 913 exegit.
1069 844 1213 911 Quas
1235 844 1307 900 ob
1326 860 1518 901 causas
1546 846 1846 916 Nephalius
1870 847 1937 902 ad
1970 847 2167 903 urbem

592 936 794 1004 regiam
837 936 1138 1004 profectus,
1195 952 1309 991 rem
1359 952 1578 993 omnem
1614 939 1822 993 Zenoni
1866 937 2164 994 nuntiavit.

590 1026 684 1080 ille
714 1028 955 1097 graviter
998 1038 1343 1090 commotus.
1389 1029 1667 1094 Cosmam,
1720 1048 1892 1085 unum
1944 1047 2011 1086 ex
2052 1031 2169 1086 suis

590 1120 1033 1187 protectoribus,
1098 1120 1489 1177 Alexandriam
1550 1123 1735 1188 misit,
1795 1124 1888 1193 qui
1942 1124 2169 1181 unitatis

590 1224 753 1264 causa
791 1210 1143 1280 gravissimas
1188 1212 1363 1266 minas
1412 1212 1575 1267 Petro
1615 1212 1942 1276 intentaret,
1976 1222 2168 1283 utpote

589 1301 683 1370 qui
718 1304 1010 1356 maximam
1048 1302 1446 1358 dissensionem
1472 1305 1768 1374 asperitate
1804 1320 1901 1358 sua
1934 1306 2168 1361 excitas-

590 1403 697 1449 set.
725 1394 929 1450 Verum
950 1395 1200 1459 Cosmas,
1231 1412 1356 1450 cum
1387 1396 1525 1451 nihil
1562 1397 1665 1466 ipsi
1693 1413 1759 1451 ex
1791 1407 1919 1451 voto
1950 1412 2169 1453 succes-

589 1482 774 1547 sisset,
815 1484 1349 1555 Constantinopolim
1390 1487 1708 1549 revertitur,
1756 1487 2042 1542 monachis
2070 1487 2167 1557 qui

587 1573 800 1643 expulsi
827 1573 1067 1639 fuerant,
1100 1576 1155 1629 in
1190 1592 1287 1629 sua
1317 1575 1595 1630 domicilia
1634 1577 1923 1630 restitutis.
1955 1578 2168 1632 Rursus

594 1666 775 1734 itaque
806 1666 1103 1735 imperator
1130 1668 1421 1723 Arsenium
1452 1668 1641 1729 mittit,
1666 1683 1828 1737 quem
1846 1668 2166 1737 praefectum

587 1754 804 1826 .Egypti
833 1768 889 1812 et
918 1757 1113 1813 ducem
1165 1760 1243 1813 rei
1296 1759 1552 1813 militaris
1585 1760 1746 1813 simul
1794 1768 2162 1829 promoverat.

594 1848 696 1915 Qui
754 1866 862 1904 una
910 1865 1035 1905 cum
1089 1852 1355 1921 Nephalio
1410 1852 1795 1906 Alexandriam
1846 1852 2162 1923 ingressus,

2270 666 2565 735 Διοσκόρου
2610 663 2704 716 καὶ
2738 660 3028 730 Τιμοθέου.
3061 658 3171 710 Καὶ
3200 654 3277 717 ὡς
3323 654 3452 715 τοὺς
3496 650 3695 714 ἄλλους
3737 650 3851 703 πει·

2269 756 2385 809 θειν
2409 754 2511 807 οὐκ
2537 753 2710 822 ἴσχυε,
2752 751 2879 814 τοὺς
2908 746 3191 808 πλείστους
3234 743 3300 796 ὲκ
3341 741 3453 795 τῶν
3491 742 3710 795 οἰκείων
3742 741 3853 793 ἁπ-

2268 846 2465 916 ήλαυνε
2504 840 2905 915 μοναστηρίων·
2932 838 3015 909 ἐφ’
3039 831 3120 900 οἷς
3152 832 3433 905 Νηφάλιος
3475 830 3582 885 ἀνὰ
3616 830 3718 901 τὴν
3757 829 3853 898 βα·

2272 938 2461 1000 σιλέως
2496 935 2609 1007 (27)
2639 933 2927 1001 γενόμενος
2955 970 2971 995 ,
3022 928 3091 983 τὰ
3133 927 3264 999 περί
3301 924 3506 978 τούτων
3554 923 3851 993 ἀνήγγειλε

2269 1029 2346 1100 τῷ
2368 1032 2601 1098 Ζήνωνι.
2630 1028 2725 1089 Ὃς
2753 1020 3167 1093 συνταραχθεὶς,
3196 1019 3423 1088 Κοσμᾶν
3451 1015 3732 1084 ἐκπέμπει
3756 1016 3851 1067 ἕνα

2267 1122 2377 1174 τῶν
2410 1117 2829 1181 ὑπασπιζόντων
2866 1113 3036 1184 αὐτῷ,
3072 1112 3272 1184 μυρίας
3317 1109 3458 1162 κατά
3497 1106 3711 1179 Πέτρου
3752 1106 3851 1173 τῆς

2269 1210 2514 1272 ὲνώσεως
2551 1208 2713 1279 χάριν
2770 1204 3166 1275 ἐπιφερόμενον
3213 1199 3463 1262 ἀπειλὰς.
3516 1196 3595 1261 ὡς
3643 1198 3709 1267 δὴ
3762 1195 3854 1247 διὰ

2266 1304 2366 1371 τῆς
2402 1300 2610 1363 οἰκείας
2639 1296 2979 1368 τραχύτητος
3028 1294 3309 1348 διάστασιν
3368 1288 3614 1359 μεγάλην
3662 1289 3855 1357 εἰργα-

2269 1392 2491 1462 σμένου.
2529 1387 2640 1443 Καὶ
2672 1385 2900 1458 μηδενὸς
2931 1383 3025 1438 τοῦ
3062 1384 3109 1415 ⁷¹
3135 1382 3275 1435 κατὰ
3306 1378 3509 1433 σκοπόν
3544 1378 3594 1430 οἰ
3633 1393 3853 1446 προχω-

2271 1486 2554 1555 ρήσαντος.
2582 1479 2851 1549 ἀνεχώρει
2885 1478 3023 1548 πρὸς
3070 1476 3171 1546 τὴν
3229 1473 3494 1544 βασιλέως
3537 1472 3567 1523 ὀ
3595 1468 3851 1538 Κοσμᾶς.

2269 1576 2455 1645 μόνοις
2488 1574 2601 1634 τοίς
2641 1570 2994 1623 ἀπελαθείσιν
3038 1566 3271 1629 ἀποδοὺς
3298 1564 3479 1617 οἰκεῖα
3506 1559 3849 1628 καταγωνια·

2267 1666 2361 1719 καὶ
2402 1665 2682 1734 πέμπεται
2732 1657 2889 1724 αὖθις
2940 1659 3078 1732 πρὸς
3128 1657 3223 1711 τοῦ
3278 1654 3545 1727 βασιλέως
3574 1651 3856 1723 ’Δρσένιος

2264 1754 2489 1827 ἡγεμὼν
2516 1753 2795 1821 Αἰγύπτου
2831 1769 2891 1805 τε
2922 1751 3018 1805 καὶ
3045 1749 3155 1803 τῶν
3182 1745 3595 1818 στρατιωτικῶν
3631 1742 3853 1812 ταγμάη

2262 1867 2372 1901 των
2406 1845 2871 1918 προϐεϐλημένος·
2902 1843 2961 1907 ὃς
3010 1842 3109 1896 σὺν
3138 1839 3404 1912 Νηφαλὶῳ
3458 1838 3557 1908 τὴν
3598 1836 3856 1899 Ἀλεξάν-

594 1940 758 1995 verba
784 1941 914 1996 fecit
955 1942 1023 1996 de
1064 1944 1379 1998 concordia.
1427 1943 1531 1998 Sed
1569 1959 1691 1998 cum
1727 1944 2055 2013 persuadere
2088 1945 2166 1999 eis

2270 1942 2395 2012 δρου
2437 1935 2812 2009 κατειληφὼς,
2846 1936 3038 2005 λόγους
3085 1933 3216 2001 περὶ
3253 1932 3352 2003 τῆς
3387 1928 3635 1990 ινώσεως
3661 1926 3853 1980 ὲκίνεισ

591 2045 700 2083 non
728 2030 1016 2099 potuisset,
1042 2032 1337 2087 nonnullos
1364 2048 1554 2087 eorum
1601 2034 1749 2089 misit
1773 2034 2164 2089 Constantino-

586 2121 776 2189 polim.
805 2121 883 2176 Ac
906 2122 1076 2175 multa
1106 2122 1329 2191 quidem
1360 2129 1427 2178 de
1456 2124 1694 2178 concilio
1724 2123 2161 2179 Chalcedonensi

584 2212 861 2282 disputata
896 2220 1026 2267 sunt
1064 2228 1250 2267 coram
1285 2214 1527 2270 Zenone.
1583 2216 1729 2269 Nihil
1766 2226 1948 2271 tamen
1982 2215 2164 2286 perfe-

583 2315 731 2359 ctum
760 2313 863 2364 est,
898 2314 1190 2376 propterea
1219 2307 1366 2375 quod
1392 2307 1539 2363 Zeno
1561 2308 1994 2364 Chalcedonensi
2030 2324 2162 2364 con-

582 2396 710 2453 cilio
740 2398 967 2453 minime
1000 2400 1426 2454 assentiebatur.

1178 2513 1331 2569 CAP.
1368 2512 1557 2570 XXIII.

582 2599 660 2655 De
696 2599 912 2675 Fravita
942 2612 991 2656 et
1024 2603 1313 2673 Euphemio
1337 2603 1937 2667 Constantiuopolitanis
1971 2610 2168 2675 episco-

649 2674 759 2741 pis;
792 2682 843 2726 et
883 2675 946 2728 de
989 2676 1281 2729 Athanasio
1314 2692 1377 2729 ac
1417 2675 1624 2729 Joanne
1654 2678 2066 2743 Alexandrinis;
2116 2688 2167 2731 et

650 2743 715 2795 de
750 2743 995 2799 Palladio
1027 2762 1088 2797 ac
1117 2744 1375 2799 Flaviano
1397 2747 1733 2801 Antiochenis
1754 2789 1767 2812 ,
1802 2751 1925 2802 item
1950 2750 2013 2801 de
2042 2748 2164 2803 aliis

650 2814 982 2868 quibusdam.

648 2828 982 2881 quibusdam.

652 2925 799 2983 Inter
831 2928 948 2983 haec
974 2929 1175 2984 Acacio
1198 2928 1809 3002 ConstantinOpolitano
1840 2933 1985 2988 fatali
2013 2943 2161 2989 sorte

2272 2036 2367 2088 καὶ
2401 2032 2475 2104 μὴ
2510 2030 2721 2095 πείσας,
2762 2028 2939 2092 ὲνίους
2962 2025 3169 2081 τούτων
3192 2026 3476 2094 ἐκπέμπει
3502 2020 3607 2076 ἀνὰ
3638 2019 3739 2091 τὴν
3770 2018 3861 2087 βαι

2272 2125 2445 2180 σιλίδα
2485 2124 2663 2177 πόλιν.
2724 2122 2971 2175 Πλεῖστοι
3032 2118 3132 2188 μὲν
3183 2111 3280 2170 οὖν
3331 2113 3485 2185 παρὰ
3526 2110 3605 2182 τῷ
3644 2112 3858 2181 Ζήνωνι

2269 2220 2401 2289 περὶ
2454 2218 2557 2287 τῆς
2609 2217 2668 2269 ὲν
2719 2212 3025 2283 Καλχηδόνι
3066 2208 3286 2263 συνόδου
3330 2206 3621 2276 κεκίνηντο
3667 2202 3855 2271 λόγοι·

2270 2312 2539 2382 ἐκϐέϐηκε
2583 2310 2639 2363 δὲ
2677 2308 2813 2380 πρὸς
2846 2308 3006 2378 ἔργον
3036 2306 3212 2369 οὐδὲν,
3242 2302 3522 2366 παντελῶς
3564 2301 3627 2355 οὐ
3670 2300 3860 2353 συνθεο

2272 2403 2436 2475 μένου
2476 2403 2722 2472 Ζήνωνος
2752 2400 2821 2469 τῇ
2858 2399 2914 2450 ὲν
2949 2396 3256 2467 Καλχηδόνι
3306 2394 3529 2465 συνόδῳ.

2864 2515 3116 2567 ΚΕΦΑΛ.
3152 2512 3281 2566 Kl".

2269 2609 2410 2677 Περί
2433 2610 2538 2663 τοῦ
2577 2609 2871 2674 Φραυΐτου
2903 2607 2997 2659 καί
3032 2604 3347 2671 Εὐφημίου
3390 2601 3506 2677 τῷν
3532 2604 3861 2677 ἔζων-σταγ-

2340 2673 2795 2742 τινουπολιτῶν,
2811 2678 2904 2730 καὶ
2932 2677 3292 2750 Ἀθανασίρρ
3314 2674 3409 2725 καί
3440 2673 3715 2750 Iturius-civ
3739 2673 3861 2750 τῶς

2352 2748 2815 2813 Ἀλεξανδρέων,
2857 2746 2953 2799 καὶ
2998 2744 3344 2799 Παλλαδίου
3382 2744 3479 2813 καὶ
3515 2742 3860 2795 Φ.ἰα6ιανοῦ

2338 2819 2458 2871 τῶν
2490 2812 2866 2885 Ἀντιοχέων,
2907 2815 3007 2869 καί
3038 2814 3257 2883 ἐτέρων
3292 2812 3490 2867 τινῶν.

2337 2934 2427 2986 Ἑν
2446 2930 2685 3001 τοσούτῳ
2707 2929 2762 2983 δὲ
2787 2929 2897 3001 (28)
2916 2926 3173 2981 Ἀκακίου
3207 2929 3283 2997 (q)
3300 2925 3394 2979 τοῦ
3414 2926 3864 2980 Κωνσταντινου-

1930 3046 2164 3103 ΥΑΒΙᾹΞ
2205 3046 2611 3103 LECTIONES.

650 3141 697 3171 "
738 3138 800 3194 C.
836 3140 898 3195 C.
939 3139 1171 3210 μηδενός
1200 3157 1315 3193 του.

1766 3260 2030 3314 VALESII

2095 3257 2649 3317 ANNOTATIONES.

651 3343 917 3416 (ΞᾙἘςέ
951 3341 1041 3411 οἷς
1066 3347 1372 3414 Νηράλιος
1404 3348 1521 3403 ἀνὰ
1554 3350 1667 3414 τὴν
1689 3352 2019 3416 βασιλέως.
2049 3352 2163 3405 Hu—
2192 3357 2235 3415 C.
2271 3351 2409 3407 V.C.
2443 3369 2549 3405 ros.
2576 3350 2799 3404 Aeacius
2821 3345 3442 3416 Constantinopolitanus
3472 3345 3860 3414 episcOpussub

578 3414 668 3487 jus
699 3414 917 3487 abbatis
948 3416 1195 3486 Nephalii
1232 3420 1483 3473 meminit
1529 3420 1821 3475 Liberatus
1852 3423 1906 3475 in
1942 3414 2164 3477 Brevia-

584 3486 819 3563 rio‘cap.
864 3486 950 3543 l8.
978 3487 1052 3563 ita
1072 3490 1331 3563 scribens
1358 3488 1576 3563 :_Porro
1609 3490 1795 3563 Petrus
1824 3493 1885 3545 de
1932 3496 2165 3563 propriis

581 3556 877 3632 civitatibus
905 3558 1189 3632 catholicos
1237 3560 1439 3627 expulit
1473 3562 1809 3632 sacerdotes.
1863 3556 1941 3615 α’
1977 3556 2165 3632 quibus

584 3626 830 3703 nonnulli
865 3628 1007 3696 apud
1038 3626 1555 3703 Constantinopolim
1603 3626 2014 3703 persecutionem
2039 3651 2167 3703 gra-

584 3699 859 3773 vissimam
884 3698 1237 3773 pertulerunt.
1277 3697 1696 3773 Scandalizabat
1729 3712 1904 3755 autem
1931 3697 2165 3773 impera-

586 3777 668 3821 tor
689 3777 737 3821 et
800 3768 953 3840 illos,_
974 3771 1068 3837 qui
1113 3787 1144 3821 a
1178 3779 1330 3833 parte
1359 3770 1562 3823 abbatis
1610 3770 1857 3840 Nephalii
1890 3768 2066 3837 erant,
2116 3781 2167 3827 et

585 3840 674 3905 qui
730 3841 877 3910 circa
922 3837 1185 3892 Joannem
1244 3842 1563 3909 episcopum.
1604 3837 1937 3910 Egitmenum
1976 3860 2167 3897 mona-

584 3910 731 3983 sterii
762 3908 1035 3983 Diolchon.
1054 3910 1123 3983 _Et
1152 3926 1313 3983 agens
1343 3908 1529 3964 contra
1546 3908 2005 3983 ipsumJoannem
2031 3930 2169 3983 pra!-

586 3981 878 4047 posituram
927 3980 973 4031 ei
1010 3979 1250 4041 abstulit,
1301 3990 1351 4034 et
1383 3996 1501 4034 eam
1558 3981 1780 4035 tradidit
1842 3979 2167 4039 monasterio

586 4049 788 4102 abbatis
817 4050 1056 4103 Amonis.

658 4120 771 4189 (27)
811 4120 913 4172 Ἐν
946 4121 1214 4184 τοσούτῳ
1239 4120 1308 4174 δὲ
1346 4121 1645 4175 Ἀκακίου.
1676 4122 1857 4177 Malim
1895 4125 2165 4188 scribere,

583 4190 847 4263 QV‘Tob‘ttp
894 4190 971 4251 δέ,
1006 4199 1134 4263 ⁸(τις.
1185 4192 1357 4245 Porro
1402 4192 1709 4263 notandum
1754 4203 1836 4247 est
1868 4194 2167 4263 Evagrium

584 4260 762 4327 primo
781 4260 904 4313 loco
936 4259 1141 4313 referre
1194 4272 1428 4316 mortem
1452 4263 1657 4317 Acacii.
1699 4262 1773 4316 Ex
1807 4259 2165 4319 tribus'enim

588 4330 695 4384 illis
726 4330 1096 4384 schismaticis
1141 4334 1234 4399 qui
1275 4330 1520 4386 Orientis
1560 4333 1860 4388 Ecclesiam
1892 4335 2169 4390 lacerave-

587 4408 750 4473 runt;
800 4399 1002 4473 Acacio
1062 4401 1274 4473 scilicet
1308 4400 1946 4473 ConstantinOpolitano,
2004 4406 2169 4459 Petro

584 4469 1097 4542 Alexandrino,_et
1153 4471 1325 4526 Petro
1361 4469 1733 4533 Antiocheno,
1791 4474 2033 4542 primum
2092 4476 2170 4529 ait

584 4541 844 4613 Acacium
901 4557 967 4594 ex
1010 4540 1113 4593 hac
1148 4544 1276 4613 vita
1336 4543 1600 4613 migrasse
1638 4561 1650 4597 :
1697 4540 1919 4598 Petrum
1970 4545 2168 4601 deinde

583 4609 1047 4683 Alexandrinumi
1064 4612 1158 4679 qui
1201 4609 1635 4683 Mongusﬁdictus
1677 4622 1794 4667 est:
1826 4624 2167 4682 postremum

586 4695 715 4734 vero
745 4681 966 4734 Petrum
1008 4681 1298 4735 Fullonem
1331 4681 1398 4736 ex
1428 4682 1531 4737 hac
1572 4683 1694 4737 lucc
1729 4681 2029 4741 sublatum.
2063 4687 2169 4740 Ve-

583 4765 706 4803 rum
728 4751 920 4805 Victor
955 4752 1306 4805 Tunonensis
1332 4752 1387 4805 in
1409 4751 1689 4816 Chronico,
1722 4769 1786 4806 ex
1830 4754 2010 4809 tribus
2060 4756 2171 4813 illis

582 4836 722 4889 quos
753 4821 887 4881 dixi,
921 4823 1161 4888 primum
1194 4822 1400 4877 obiisse
1444 4823 1638 4877 scribit
1688 4824 1911 4877 Petrum
1971 4824 2167 4880 Antio-

583 4893 845 4945 ahenum.
872 4892 964 4947 Sic
987 4892 1134 4947 enim
1172 4892 1373 4947 scribit
1408 4910 1421 4946 :
1450 4892 1576 4946 Post
1614 4894 1953 4948 consulatum
1982 4912 2167 4950 secun-

583 4962 708 5015 dum
738 4961 982 5033 Longini,
1032 4961 1220 5033 Petrus
1256 4963 1615 5033 Antiochenus
1668 4966 1760 5017 sub
1820 4966 2167 5021 damnatione

587 5033 835 5115 moritur,
855 5032 923 5086 iet
947 5034 1002 5086 in
1034 5034 1147 5115 ejus
1177 5032 1287 5115 loco
1319 5032 1611 5088 Calendion
1642 5036 1944 5115 ordinatur:
1978 5035 2166 5092 Orien-

586 5101 722 5156 tales
770 5113 946 5157 autem
974 5101 1211 5174 episcopi
1256 5112 1514 5174 tanquam
1562 5105 1865 5167 nescientes,
1900 5106 2161 5163 Joannem

586 5182 930 5243 cognomento
953 5173 1285 5229 Codonatum
1313 5173 1483 5227 eidem
1537 5174 1875 5228 Antiocheam
1920 5176 2168 5233 Ecclesia:

587 5253 895 5297 consecrant
926 5246 1245 5313 episcopum,
1274 5246 1356 5297 cui
1383 5246 1579 5299 Petrus
1600 5247 1845 5298 successit
1872 5247 2163 5305 hereticus.

587 5313 1029 5385 lligeratgnnus
1056 5313 1264 5369 Christi
1287 5314 1412 5378 488,
1443 5316 1707 5385 Dynamio
1730 5326 1786 5369 et
1817 5316 2011 5371 Silidio
2034 5334 2168 5373 con-

586 5382 822 5455 sulibus.
846 5382 1125 5454 Sequente
1156 5400 1288 5439 vero
1318 5382 1501 5448 anno,
1521 5401 1633 5455 quo
1657 5388 1913 5441 consules
1942 5388 2169 5444 fuerunt

587 5452 861 5509 Probinus
912 5452 968 5510 e't
1024 5455 1318 5518 Eusebius,
1375 5452 1758 5511 idem—Victor
1816 5457 2169 5515 Tunonensis

588 5522 772 5579 Acacii
818 5524 1033 5580 obitum
1082 5534 1483 5581 conuuemorat
1534 5527 1623 5581 his
1664 5527 1898 5581 verbis:
1940 5528 2167 5585 Eusebio

2269 3425 2615 3482 damnatione
2648 3421 2895 3482 moritur,
2928 3427 2975 3471 et
3000 3435 3095 3487 pro
3130 3434 3189 3469 eo
3212 3416 3419 3469 Flavita
3463 3416 3739 3485 episc0pus
3768 3434 3859 3470 or-

2268 3499 2511 3555 dinatur,
2541 3493 2622 3545 cui
2659 3492 2811 3543 tertio
2854 3490 3239 3559 rpromotionis
3265 3503 3375 3559 sum
3405 3502 3582 3538 mense
3626 3496 3858 3547 mortuo,

2271 3565 2596 3630 Euphemius
2618 3561 2807 3631 synodi
2830 3558 3267 3631 Chalcedonensis
3298 3558 3643 3631 decretorunt_
3686 3567 3860 3631 custos

2269 3640 2324 3691 in
2357 3626 2666 3705 episcopatu
2682 3630 2929 3705 succedit.
2963 3629 3122 3681 Anno
3154 3626 3677 3705 ςιήιιιεηιιι’δριμιεπιιῇἱ
3709 3626 3858 3681 Lon-

2268 3696 2399 3778 gino
2433 3696 2629 3778 iterum
2658 3710 2712 3778 et
2744 3701 2946 3778 Fausto
2974 3698 3323 3761 consulibus,
3358 3697 3584 3778 Petrum
3615 3696 3856 3778 Alﬁsan-

2269 3766 2494 3832 driuum
2516 3772 2618 3827 sub
2650 3770 3005 3824 damnatione
3030 3778 3313 3823 mortuum
3342 3781 3462 3821 esse
3489 3766 3632 3819 idem
3669 3767 3861 3821 Victor

2269 3846 2483 3902 scribit.
2518 3848 2579 3896 At
2612 3841 2883 3895 Barouius
2913 3839 2965 3892 in
2998 3838 3293 3894 Annalibus
3332 3835 3721 3896 ecclesiasticis,
3763 3838 3860 3891 ho-

2269 3931 2393 3971 rum
2426 3915 2591 3969 trium
2614 3910 3090 3966 scltismaticorum
3140 3908 3445 3967 interitum,
3504 3906 3700 3960 eodem
3731 3909 3858 3977 qui-

2268 3986 2396 4041 dem
2428 3983 2626 4039 ordine
2655 3982 2825 4035 rel’ert
2853 3995 2963 4049 quo
2996 3980 3185 4033 Victor
3214 3977 3585 4049 Tunonensis,
3614 3977 3711 4031 sed
3747 3994 3859 4049 non

2268 4056 2464 4111 eodem
2494 4068 2659 4107 anno.
2702 4046 2925 4105 Petrum
2944 4050 3091 4104 enim
3114 4049 3401 4103 Fullonem
3432 4046 3639 4101 obiisse
3667 4048 3859 4102 scribit

2269 4142 2415 4181 anno
2440 4124 2639 4179 natalis
2667 4121 2934 4175 Dominici
2988 4120 3115 4179 48G,
3140 4120 3403 4173 Acacium
3454 4134 3589 4171 vero
3632 4118 3859 4171 biennio

2270 4205 2416 4268 post,
2446 4196 2499 4249 id
2527 4203 2612 4247 est
2646 4207 2790 4246 anno
2813 4190 3024 4268 Christi
3067 4190 3306 4268 «l88._.l_n-
3340 4188 3518 4268 Μοηεί
3546 4198 3734 4241 autem
3764 4189 3857 4268 in-

2274 4257 2442 4321 ieritu
2469 4278 2710 4339 prorsus
2730 4261 3011 4339 consentit
3034 4276 3175 4339 cum.
3193 4258 3578 4339 VictoreLEgo
3608 4273 3742 4339 vero
3764 4257 3860 4311 Vi-

2271 4337 2443 4392 ctoris
2470 4328 2805 4389 sententiam
2838 4331 2996 4399 sequi
3050 4330 3258 4393 malim,
3287 4328 3382 4398 qui
3420 4328 3667 4399 Fullonis
3718 4328 3862 4382 inte-

2272 4407 2441 4461 ritum
2467 4406 2639 4459 refert
2669 4416 2815 4456 anno
2834 4397 3041 4455 Christi
3074 4400 3199 4454 488.
3254 4397 3390 4453 Nam
3447 4397 3717 4452 Calendin
3737 4398 3861 4468 epi-

2273 4492 2477 4559 scopus
2523 4473 2832 4529 Antiochia:
2882 4480 3113 4559 creatus
3154 4478 3237 4551 est
3270 4468 3650 4559 ptin‘puat‘alis
3681 4469 3863 4522 Domi-

2272 4538 2389 4619 uici
2420 4546 2545 4611 482,
2590 4553 2667 4619 ut_
2701 4549 2919 4596 constat
2977 4540 3318 4619 e_x__Epistola
3344 4618 3347 4619 ν
3374 4538 3644 4619 Simplicii
3686 4554 3856 4619 papa},

2273 4618 2367 4686 qui
2414 4608 2540 4670 cum
2570 4613 2961 4686 episcopatum
2980 4608 3187 4686 _i_l|um_
3225 4618 3462 4679 quatuor
3507 4608 3861 4686 annis_’ob_ti-

2202 4698 2246 4755 ι)
2276 4678 2483 4751 nucrit,
2535 4678 2687 4755 sicut
2713 4678 3368 4755 testatur_'l‘l_i_eophanes,
3402 4678 3861 4755 necessariam-

2276 4747 2529 4821 cenduml
2550 4764 2634 4810 est
2676 4754 2900 4808 Petrum
2950 4747 3272 4815 Fullonem,
3321 4751 3416 4820 qui
3451 4750 3612 4819 pulso
3668 4747 3863 4821 Calcu-

2276 4829 2464 4889 dione,
2495 4818 2549 4881 in
2573 4827 2692 4895 ejus
2720 4824 2898 4877 locum
2942 4824 3277 4895 subrogatus
3318 4818 3425 4884 est,
3454 4818 3609 4895 anno
3657 4818 3862 4874 Christi

2273 4899 2379 4952 486
2422 4888 2823 4952 Antiochenam
2878 4893 3069 4948 sedem
3116 4888 3440 4962 occupasse.
3491 4888 3639 4962 Quis
3678 4899 3860 4962 autem

2273 4968 2707 5023 credatPetrum
2741 4963 3045 5025 Fullouem,
3077 4962 3173 5035 qui
3220 4959 3299 5015 tot
3346 4970 3592 5035 actauta
3616 4959 3861 5035 facinora

2272 5038 2630 5108 episcopatus
2670 5035 2756 5089 sui
2797 5044 3046 5103 tempore
3094 5030 3471 5103 perpetravit,
3520 5030 3716 5138 paucis
3746 5041 3862 5111 post

2272 5108 2679 5138 -ι-Ληςηιςηηοηι
2732 5120 2883 5138 annm
2915 5104 3198 5138 nnancilum
3230 5101 3509 5138 {nun-iiuna
3602 5100 3719 5138 Nnn
3761 5117 3860 5138 Im-

2271 5100 2696 5180 promotionem
2732 5100 3543 5180 suam.iniensilnts'interiisse?
3601 5100 3719 5155 Non
3761 5101 3861 5180 igi-

2272 5172 2364 5250 iur
2399 5193 2544 5250 anno
2566 5176 2772 5250 Christi
2789 5174 2905 5250 _486
2953 5174 3091 5228 obiit
3112 5174 3310 5228 Petrus
3332 5172 3513 5250 Pullo,
3560 5180 3631 5250 ut_
3650 5172 3862 5250 putavit

2271 5248 2564 5303 Baronius.
2617 5246 2723 5300 Sed
2789 5244 2894 5300 hoc
2920 5252 3309 5315 argumentum
3351 5242 3514 5315 facile
3544 5241 3857 5315 refellitur:

2272 5320 2389 5373 sola
2412 5318 2562 5372 enim
2596 5316 2953 5392 Theophanis
2982 5311 3570 5392 auctoritatennititur,
3598 5311 3863 5392 qui-qua:-

2273 5398 2402 5443 tuor
2424 5404 2599 5443 annos
2656 5381 3013 5456 episcopatus
3065 5384 3267 5439 tribuit
3311 5381 3659 5456 Calendioni.
3695 5381 3859 5451 Atqui

2270 5459 2539 5537 Calendio
2572 5453 2706 5537 anni
2738 5453 3005 5537 duntaxat
3034 5456 3213 5537 spatio
3246 5453 3619 5537 sacerdotium
3671 5456 3860 5537 gessit.

2270 5531 2529 5601 Dejectus
2549 5530 2696 5585 enim
2722 5539 2806 5583 est
2841 5543 2939 5598 per
2965 5523 3196 5581 insidias
3225 5524 3567 5581 ordinatoris
3597 5523 3685 5579 sui
3730 5523 3863 5578 Aca-

2031 5643 2112 5697 VA
2123 5641 2391 5698 RIORUM
2403 5685 2415 5699 .

657 5752 736 5823 (q)
796 5751 1157 5823 κννἈκακιου.
1224 5752 1427 5809 Acacio
1484 5753 1538 5809 in
1578 5754 1710 5810 sede
1751 5754 1855 5811 CP.
1906 5755 2170 5812 defuncto

588 5838 732 5877 anno
781 5822 915 5878 Chr.
958 5823 1085 5878 489.
1136 5833 1257 5893 post
1304 5840 1576 5878 annorum
1619 5826 1701 5887 l7,
1732 5835 1788 5879 et
1832 5830 2101 5881 mensium
2136 5829 2169 5882 9

589 5894 986 5966 episcopatum,
1034 5895 1302 5950 successit
1341 5893 1599 5950 Phravita
1650 5912 1744 5952 seu
1794 5897 2022 5953 Flavita.
2064 5899 2165 5954 Cui

2275 5766 2401 5826 post
2430 5766 2542 5813 tres
2588 5761 2901 5826 menseset
2940 5756 3064 5811 dies
3102 5752 3497 5826 septemdecim
3540 5752 3857 5826 demortuo.

2275 5824 2541 5883 successit
2577 5824 2919 5896 Euphcmius
2963 5824 3368 5885 eodcm’auno.
3415 5824 3567 5896 (Ant.
3607 5824 3760 5889 Pam,
3798 5826 3859 5880 ad

2272 5900 2483 5954 dictum
2534 5898 2787 5967 annum.)
