4096 6472
206 412 352 481 2645
1147 422 1532 486 HISTORIA!
1567 424 1819 487 ECCLES

1919 427 2163 488 .STICAE
2204 428 2436 489 LIBER
2471 428 2588 488 IlI.
3342 424 3484 488 2646

209 527 428 589 πόλεως
463 528 566 599 τὴν
607 532 795 601 κοινὴν
837 532 1197 605 στειλαμένου
1239 536 1488 606 πορείαν,
1529 536 1799 607 Φραυῖτας

1919 540 2137 605 ιυυιοῑο,
2170 540 2389 596 Fravita
2422 541 2477 594 in
2514 538 2636 610 ejus
2665 538 2847 594 locum
2892 537 3053 608 357
3086 536 3357 593 succedit.
3378 536 3481 604 Qui

208 619 311 688 τὴν
345 619 657 691 ἐπισκοπὴν
702 622 1026 693 διαδέχεται.
1086 626 1197 680 Καὶ
1255 628 1554 691 συνοδικοῖς
1590 645 1803 699 χρησα-

1919 648 2029 687 :um
2070 632 2358 703 synodicas
2384 648 2512 688 suas
2540 631 2608 687 ad
2636 632 2858 687 Petrum
2889 629 3131 684 misisset
3152 670 3167 692 ,
3199 629 3488 699 rescripsit

215 711 385 778 μένου
429 710 527 764 τοῦ
581 713 851 782 Φραυῖτου
890 716 1001 785 (29)
1056 718 1195 790 πρὸς
1249 719 1341 772 τὸν
1390 718 1804 789 ’Δλεξανδρείας

1919 726 1952 780 ei
1974 725 2215 781 vicissim
2252 725 2468 789 Petrus,
2491 723 2560 779 de
2585 721 3020 779 Chalcedonensi
3050 722 3262 793 synodo
3292 721 3487 775 eadem

213 800 450 871 Πέτρον,
479 802 790 871 ἀμοιϐαίοις
819 806 847 857 ὁ
875 806 1082 875 Πέτρος
1115 808 1386 878 ἐχρήσατο
1412 810 1703 880 γράμμασι
1738 811 1807 864 τὰ

1919 814 2095 869 licens
2128 830 2250 884 quae
2292 830 2460 884 supra
2518 812 2971 869 commemoravi.
3022 812 3238 866 Mortuo
3290 810 3492 867 deinde

213 892 360 944 αὓτὰ
395 893 524 963 περὶ
557 893 667 947 τῶν
702 896 760 947 ἔν
806 895 1113 965 Καλχηδόνι
1165 899 1572 969 πεπραγμένων
1599 897 1803 962 διεξελ-

1919 906 2141 971 F‘ravita,
2171 905 2265 975 qui
2295 914 2533 976 quatuor
2564 905 3069 959 duntaxatmenses
3109 901 3490 972 episcopatum

216 981 353 1036 θῶν.
403 982 621 1055 Ἐπειδή
662 984 721 1038 δὲ
754 986 850 1038 καὶ
891 988 1169 1057 Φραυΐτας
1212 988 1319 1041 τῶν
1349 988 1599 1042 ἐντεῦθεν
1626 987 1808 1057 ἐξεδή-

220 1091 388 1144 μησέ,
417 1078 684 1147 τέτταρας
711 1076 805 1129 καὶ
833 1077 1026 1146 μόνους
1056 1081 1433 1149 ὲπισκοπήσας
1467 1080 1662 1151 μῆνας,
1699 1082 1805 1135 Εὑ-

214 1168 429 1236 φήμιος
458 1167 578 1235 μετ’
618 1167 782 1220 αὐτὸν
830 1169 1129 1233 ὲπίσκοπσς
1168 1172 1604 1243 κεχειροτόνητο.
1638 1166 1808 1238 Οὗτος

214 1260 321 1323 τὰς
354 1259 638 1321 συνοδικὰς
673 1261 962 1324 ἐπιστολὰς
989 1262 1203 1333 δέχεται
1252 1264 1481 1334 Πέτρου,
1528 1266 1628 1329 τὰς
1671 1266 1809 1335 πρὸς

214 1353 498 1421 Φραυῖταν
529 1353 931 1422 γεγενημένας.
967 1355 1078 1408 Καὶ
1111 1353 1366 1425 εὑρηκὼς
1416 1356 1476 1410 τὸ
1516 1358 1658 1410 κατὰ
1700 1356 1808 1410 τῶν

215 1444 277 1495 ὲν
313 1441 622 1512 Καλχηδόνι
660 1444 1073 1515 πεπραγμένων
1100 1444 1370 1516 ἀνάθεμα,
1417 1446 1537 1500 λίαν
1576 1448 1809 1517 ἐταράτ-

1906 998 2094 1069 gessit,
2119 998 2463 1068 Euphemus
2490 998 2609 1069 ejus
2630 998 2756 1051 loco
2773 996 3069 1065 episcOpus
3082 1002 3168 1048 est
3183 992 3494 1047 ordinatus.

1907 1089 2007 1144 Hie
2070 1090 2283 1158 accepit
2335 1089 2626 1160 synodicas
2668 1088 2961 1157 epistolas,
3018 1100 3153 1157 quas
3190 1086 3389 1141 Petrus
3425 1082 3495 1137 ad

1906 1179 2183 1235 Fravitam
2220 1180 2535 1249 scripserat.
2570 1180 2820 1249 Cumque
2868 1179 2923 1233 in
2962 1178 3072 1232 illis
3126 1174 3495 1232 anathemati-

1905 1273 2022 1328 ἰοτί
2064 1282 2213 1343 gesta
2247 1272 2717 1327 Chalcedonensis
2765 1270 2961 1343 synodi
3010 1265 3494 1339 deprehendisset,

1908 1379 2238 1433 magnopere
2268 1364 2628 1418 conturbatus
2661 1371 2767 1423 est.
2802 1378 2973 1433 seque
3004 1380 3034 1416 a
3065 1360 3213 1416 Petri
3244 1374 3498 1415 commu-

1908 1456 2076 1509 nione
2104 1455 2362 1525 sejunxit.
2394 1454 2945 1509 Exstantetiamnum
2973 1453 3263 1523 utriusque
3293 1451 3501 1520 episto-

213 1552 363 1597 τετο,
394 1536 489 1587 καὶ
525 1535 722 1589 ἑαυτὸν
747 1538 846 1604 τῆς
877 1536 1017 1605 πρὸς
1052 1536 1257 1608 Πέτρον
1299 1537 1588 1601 κοινωνίας
1636 1538 1811 1609 ἀπέρι

1919 1546 1996 1609 lae,
2029 1553 2138 1599 tam
2172 1545 2403 1598 Fravitaa
2434 1544 2501 1598 ad
2530 1545 2777 1606 Petrum,
2805 1559 2971 1613 quam
3014 1542 3163 1597 Petri
3208 1541 3277 1595 ad
3308 1540 3504 1594 Fravi-

220 1625 377 1695 ρηξε.
427 1626 538 1679 Καὶ
585 1626 814 1699 φέρεται
857 1628 1064 1680 τούτων
1106 1628 1343 1700 ἑκατέρα
1369 1629 1653 1700 ἐπιστολὴ,
1686 1630 1722 1700 ἧ
1751 1647 1809 1682 τε

1919 1645 2045 1691 tam.
2084 1635 2230 1710 Quas
2256 1636 2327 1689 ob
2355 1636 2579 1689 nimiam
2595 1634 2963 1704 prolixitatem
2990 1632 3339 1703 praztcrmisi.
3362 1630 3501 1686 Cum

216 1718 370 1787 παρὰ
390 1718 662 1787 Φραυττου
690 1720 827 1790 πρὸς
853 1719 1082 1789 Πέτρον,
1105 1722 1140 1791 ἦ
1163 1739 1219 1775 τε
1251 1721 1400 1793 παρὰ
1430 1721 1639 1791 Πέτρου
1675 1721 1813 1791 πρὸς

212 1808 521 1877 Φραυῖταν,
562 1808 631 1873 ἃς
666 1810 753 1863 διὰ
789 1811 851 1863 τὸ
903 1812 1112 1882 μακρὸν
1158 1812 1258 1882 τῆς
1296 1812 1515 1876 λέξεως,
1544 1812 1808 1883 παρίημι.

212 1876 540 1954 Μελλὸντων
593 1876 915 1972 τοιγαροῦν·
938 1876 1224 1974 Εὐξρημίου
1276 1905 1371 1959 καὶ
1419 1876 1642 1975 Πέτρου-
1844 1876 1883 1930 Β

212 1992 484 2063 ἀλλήλους
540 1994 928 2065 ἀντςφέρεσθαι
955 2037 970 2061 ,
1013 1996 1109 2049 καὶ
1160 1996 1410 2059 συνόδους
1451 1996 1536 2065 ἐφ’
1572 1996 1811 2060 ἑαυτοὺς

213 2086 429 2146 καλεῖν,
464 2086 661 2154 φθάνει
699 2086 1034 2158 τελευτήσας
1075 2089 1103 2141 ὁ
1135 2088 1342 2157 Πέτρος
1376 2090 1471 2155 (r),
1512 2088 1606 2141 καὶ
1630 2087 1806 2140 διαδέ-

212 2193 374 2247 χεται
401 2176 597 2231 τούτου
642 2177 735 2232 τὸν
780 2177 972 2248 Θρόνον
1012 2178 1352 2242 Ἀθανάσιος.
1404 2180 1500 2242 Ὃς
1538 2177 1806 2249 ἔπειράθη

214 2272 344 2333 τοὺς
370 2269 696 2334 διαστάντας
730 2271 967 2340 συνάψαι
1021 2272 1122 2324 οὐκ
1165 2271 1355 2341 ἴσχυσε
1389 2272 1470 2333 δὲ,
1511 2272 1647 2344 πρὸς
1690 2271 1807 2324 δια-

216 2361 420 2431 φόρους
446 2363 673 2433 γνώμας
689 2363 798 2417 τῶν
816 2363 1000 2433 μερῶν
1023 2363 1138 2433 (50)
1163 2362 1593 2433 ἀποκριθέντων.
1619 2363 1810 2425 Ὅστις

226 2453 551 2519 Ἀθανάσιος
576 2454 715 2524 μετὰ
745 2456 918 2509 ταῦτα
942 2456 1228 2520 συνοδικὰς
1259 2456 1548 2521 ἐπιστολὰς
1577 2457 1811 2524 διαπεμ-

213 2548 457 2618 πόμενος
481 2549 763 2619 Παλλαδίῳ
780 2550 858 2620 τῷ
883 2550 1020 2619 μετὰ
1048 2551 1254 2617 Πέτρον
1278 2550 1390 2622 (51)
1415 2551 1479 2623 (ε)
1503 2554 1811 2624 ἐπισκοπή-

216 2656 377 2693 σαντι
411 2640 510 2709 τὴν
556 2641 856 2710 Ἀντιόχου,
891 2643 960 2696 τὰ
991 2644 1356 2713 παραπλήσια
1399 2644 1650 2714 πέπραχε
1683 2646 1813 2715 περὶ

212 2732 321 2799 τῆς
380 2733 439 2784 ὲν
497 2733 803 2803 Καλχηδόνι
854 2734 1095 2788 συνόδου.
1160 2734 1341 2789 Ταυτδ
1393 2736 1451 2789 δὲ
1500 2735 1660 2789 τοῦτο
1720 2738 1816 2789 καὶ

228 2824 494 2893 Ἰωάννης
540 2826 569 2879 ὁ
620 2826 758 2894 μετὰ
815 2827 1138 2881 ’Λθανάστον
1182 2829 1275 2881 τὸν
1318 2831 1375 2881 ὲν
1430 2828 1813 2899 ’Δλεξανδρείᾳ

216 2914 414 2983 Θρόνον
458 2916 858 2985 διαδεξάμενος.
904 2919 1014 2971 Καὶ
1057 2918 1351 2973 Παλλαδίου
1388 2918 1814 2987 τελευτήσαντος

214 3005 318 3060 τοῦ
341 3008 399 3059 ὲν
414 3006 715 3077 Ἀντιοχείᾳ
742 3010 1030 3082 προέδρου,
1048 3012 1141 3065 καὶ⁵
1156 3011 1456 3067 Φλαὸιανοῦ
1477 3012 1567 3066 τὸν
1598 3012 1808 3067 ἐκείνου

1913 1730 2083 1800 igitur
2114 1728 2459 1799 Euphemius
2500 1741 2564 1782 ac
2606 1727 2808 1781 Petrus
2846 1725 3115 1780 adversus
3152 1739 3212 1779 se
3263 1723 3505 1778 invicem

1914 1821 2271 1885 contendere,
2302 1827 2359 1875 et
2385 1818 2621 1890 synodos
2644 1819 2784 1872 alter
2813 1826 3005 1873 contra
3033 1817 3267 1870 alterum
3296 1829 3501 1870 convo-

1913 1926 2038 1965 care
2056 1911 2168 1981 jam
2207 1917 2490 1979 pararent,
2524 1909 2720 1963 Petrus
2750 1906 2903 1962 fatali
2936 1915 3113 1961 morte
3145 1905 3503 1975 praeripitur;

1914 2002 2077 2072 eique
2106 1999 2357 2055 succedit
2409 1999 2764 2054 Athanasius.
2798 1997 2904 2064 Qui
2932 2013 3059 2052 cum
3095 1996 3192 2051 diu
3240 1997 3508 2051 multum-

1914 2110 2022 2165 que
2077 2093 2385 2148 laborasset
2414 2101 2474 2146 ut
2500 2107 2596 2146 eos
2626 2090 2721 2160 qui
2758 2091 2904 2145 inter
2930 2105 2990 2145 se
3030 2089 3375 2145 dissidebant
3415 2105 3507 2145 re-

1916 2185 2259 2249 conciliaret,
2290 2183 2343 2237 id
2362 2193 2545 2238 tamen
2584 2182 2851 2253 perlicere
2882 2197 2993 2237 non
3021 2181 3220 2252 potuit,
3254 2180 3507 2251 partibus

1918 2280 1974 2334 in
1995 2279 2177 2333 varias
2209 2276 2515 2333 sententias
2548 2275 2820 2329 discissis.
2863 2275 3059 2329 Postea
3088 2273 3234 2328 idem
3263 2272 3508 2327 Athana-

1917 2372 2055 2435 sius,
2094 2385 2221 2425 cum
2247 2368 2539 2441 synodicas
2568 2367 2780 2422 litteras
2828 2366 3073 2421 mitteret
3095 2365 3164 2420 ad
3200 2363 3507 2420 Palladium

1918 2462 2346 2518 Antiochensem
2378 2460 2699 2530 episcOpum
2718 2458 2813 2528 qui
2852 2458 3016 2513 Petro
3040 2464 3407 2520 successerat,
3439 2455 3508 2509 do

1919 2552 2086 2623 358
2112 2550 2551 2607 Chalcedonensi
2581 2547 2791 2619 synodo
2826 2547 2973 2601 idem
3020 2546 3153 2601 fecit
3197 2543 3346 2614 quod
3401 2544 3508 2597 Pe-

1900 2654 2059 2699 ‘trus.
2092 2643 2240 2698 Idem
2272 2658 2493 2713 quoque
2538 2642 2743 2696 factum
2781 2648 2867 2695 est
2901 2654 2930 2694 a
2957 2638 3169 2694 Joanne
3190 2678 3205 2699 ,
3245 2636 3340 2706 qui
3386 2642 3510 2705 post

1919 2736 2283 2791 Athanasium
2321 2732 2751 2787 Alexandrinam
2774 2731 2962 2786 sedem
2992 2728 3256 2782 obtinuit.
3290 2727 3510 2781 Mortuo

1919 2826 2164 2897 posthaec
2194 2823 2438 2879 Palladio
2488 2819 2879 2875 Antiochensis
2928 2816 3191 2872 Ecclesia:
3235 2814 3507 2875 antistite,

1920 2920 2236 2982 Flavianus,
2263 2933 2389 2972 cum
2431 2917 2485 2969 in
2521 2916 2644 2987 ejus
2690 2915 2876 2969 locum
2922 2909 3301 2968 successisset,
3352 2906 3510 2960 Salo-

1924 3026 2141 3065 .nonem
2189 3009 2592 3064 Antiochenum
2634 3005 3021 3076 presbyterum
3078 3001 3229 3055 misit
3274 3000 3511 3054 Alexan.

1397 3164 1676 3222 VALESII
1724 3163 2287 3241 ANNOTATIONES.

222 3275 325 3334 cii.
366 3275 534 3334 paulo

222 3292 325 3334 cn,
366 3290 534 3344 pau:o
579 3290 703 3344 post
754 3290 1025 3347 synodum
1074 3290 1399 3344 Itomanam,
1424 3296 1570 3335 anno
1608 3290 1813 3337 Christi

222 3346 373 3419 L85._
418 3353 477 3398 ut
526 3344 681 3401 docet
713 3350 943 3418 epistola
992 3349 1194 3406 Felicis
1227 3365 1379 3419 papae
1427 3348 1493 3403 ad
1526 3350 1817 3406 universos

226 3416 588 3496 presbyteros
641 3426 698 3471 et
741 3416 1731 3496 archimandritasConstantinopoli
1763 3430 1821 3496 et

226 3501 331 3553 per
362 3485 672 3556 Bithyniam
702 3491 1095 3553 consistentes,
1139 3499 1197 3544 et
1225 3498 1439 3555 auctor:
1459 3485 1735 3544 Gestorum
1757 3491 1821 3545 de

227 3557 446 3608 nomine
493 3556 693 3613 Acacii.
721 3560 1059 3615 Gravissime
1108 3572 1293 3615 autem
1343 3560 1611 3615 falluntur
1641 3561 1821 3615 Theo-

228 3626 447 3747 Bhanes
497 3643 561 3680 ac
593 3627 896 3691 Cedrenus,
950 3631 1044 3700 qui
1080 3632 1300 3685 Petrum
1355 3631 1641 3685 Fullonem
1696 3639 1823 3700 post

275 3706 460 3747 etrum
489 3696 743 3747 Moncum
768 3716 799 3747 ρ
818 3700 958 3747 vivis
982 3702 1182 3747 abiisse.
1232 3701 1501 3747 scribunt-
1531 3700 1683 3747 Onns
1736 3717 1823 3747 re-

275 3706 460 3766 etrum
489 3696 743 3766 Mongum
768 3716 799 3754 e
818 3696 1182 3755 vivis'abiisse
1232 3701 1501 3755 scribunt.
1531 3696 1713 3766 Quos'
1736 3717 1824 3756 re-

227 3764 375 3840 ticuit
416 3764 669 3840 Gelasius
721 3785 860 3839 papa
905 3771 961 3824 in
986 3771 1221 3840 epistola
1253 3770 1321 3824 ad
1371 3764 1700 3834 Orientales,
1727 3770 1825 3840 qui

234 3834 527 3889 Fullonem
561 3834 808 3904 priorem
829 3834 1038 3895 obiissé
1073 3849 1306 3894 testatur
1335 3841 1422 3893 his
1449 3840 1637 3894 verbis
1679 3834 1825 3894 :Bo-

232 3914 345 3958 ccte
380 3907 543 3975 igitur
574 3907 793 3963 Petrum
827 3910 1253 3965 Alexandrinum
1282 3910 1346 3964 ab
1378 3910 1690 3964 Antiocheni
1720 3910 1826 3967 Pe—

237 3976 310 4049 t_r_i
334 3992 573 4045 unquam
606 3983 976 4035 communione
1023 3982 1257 4040 desiisse.
1304 3988 1489 4049 etnon
1539 3994 1704 4049 usque
1753 3980 1826 4033 ad

236 4045 404 4107 diem,
441 4064 559 4099 cum
588 4049 945 4104 Antiochenus
997 4049 1187 4104 Petrus
1231 4050 1285 4101 in
1314 4049 1411 4101 hac
1440 4047 1555 4101 luce
1582 4045 1823 4103 versatus

234 4126 336 4177 est,
365 4116 956 4192 indiuiduumutrisque
979 4121 1137 4189 fuisse
1154 4117 1576 4192 consortium,Et
1592 4118 1821 4192 iterum,

236 4200 363 4255 pag.
419 4187 566 4241 215:
612 4186 716 4243 Sed
754 4186 917 4243 donec
958 4186 1159 4243 advixit
1198 4189 1553 4243 Antiochenus
1607 4187 1822 4251 Petrus,

237 4258 541 4328 quiutique
594 4268 706 4327 post
746 4260 1073 4315 Acaciunum
1098 4275 1215 4313 cum
1252 4259 1411 4312 Petro
1459 4256 1826 4311 Alexandrino

239 4326 409 4398 [trdus
440 4326 630 4398 initum
670 4330 944 4398 defunctus
968 4330 1286 4391 ostenditur,
1335 4343 1610 4398 nunquam
1640 4328 1827 4381 Antio-

238 4396 404 4448 clieno
438 4396 597 4452 Petro
637 4396 1032 4455 Alexandrinus
1076 4399 1267 4453 Petrus
1297 4397 1687 4450 communicare
1738 4398 1828 4451 de-

237 4467 348 4525 siit,
381 4468 521 4537 quod
548 4468 942 4524 Catholicorum
980 4471 1209 4523 continet
1233 4465 1441 4537 relatio_
1465 4468 1823 4521 sacerdotum.

312 4534 427 4604 (29)
486 4540 837 4605 Συνοδικοὶς
902 4539 1290 4608 χρησαμένου
1305 4534 1487 4608 Δ,τοῦη
1505 4538 1823 4603 Φραυττου.

241 4603 451 4679 Scribit
471 4603 836 4679 Theophanes
851 4603 1125 4664 Fravitam
1149 4605 1667 4679 synodicaslitteras
1690 4608 1827 4679 scri-

242 4676 439 4748 psisse,
474 4678 541 4732 ad
574 4676 798 4735 Petrum
842 4676 1299 4739 Alexandrinum,
1346 4677 1552 4748 quibus
1589 4678 1825 4748 negabat

242 4761 300 4799 se
331 4746 500 4802 Felici
533 4751 795 4820 episcopo
842 4752 1094 4820 Romano
1130 4747 1564 4820 communicare.
1586 4746 1823 4820 Bursus

242 4830 379 4889 vero
412 4816 695 4889 synodicis
726 4816 811 4874 'ad
866 4819 1104 4875 Felicem
1134 4816 1338 4889 missis,
1378 4818 1436 4889 ei
1459 4816 1820 4889 signiﬁcasse,

243 4886 457 4942 nullam
514 4904 574 4944 se
603 4889 1011 4944 communionis
1051 4887 1373 4943 societatem
1424 4886 1628 4942 habere
1693 4904 1819 4943 cum

247 4955 412 5012 Petro
453 4959 850 5019 Alexandrino.
880 4959 1070 5014 Eidem
1122 4957 1355 5012 Fravitaa
1397 4964 1510 5012 tres
1555 4957 1826 5012 duntaxat

248 5040 470 5100 menses
499 5030 857 5100 episcopatus
888 5031 1129 5100 assignat
1167 5026 1564 5100 Theophanes,
1584 5029 1729 5100 sicut
1766 5039 1824 5084 et

248 5094 434 5154 Victor
444 5094 799 5157 Tunoneusis
815 5118 829 5166 ;
843 5094 1148 5155 nonautem
1161 5094 1420 5168 quatuor,
1452 5106 1512 5153 ut
1528 5098 1817 5170 Evagrius.

579 3286 703 3344 post
754 3278 1025 3347 synodum
1070 3252 1399 3344 Romanam,
1424 3296 1570 3335 anno
1608 3278 1813 3337 Christi
1843 3285 1887 3343 Ο

1993 3282 2105 3350 (30)
2131 3279 2283 3347 Πρὸς
2324 3279 2651 3348 διαφόρους
2687 3278 2935 3350 γνώμας
2959 3275 3080 3350 τῷν
3101 3274 3318 3350 nepti»;
3338 3274 3513 3350 Erant

1922 3346 2273 3406 Alexandriae
2300 3346 2436 3405 tunc
2463 3346 2575 3403 duo
2601 3363 2804 3418 genera
2839 3348 3254 3418 haereticorum;
3290 3346 3515 3418 Diosco-

1922 3423 2043 3476 ritze
2086 3420 2319 3483 scilicet,
2371 3430 2428 3475 et
2455 3415 2721 3474 Esaia'ni:
2766 3418 2835 3472 de
2870 3417 3079 3487 quibus
3115 3416 3413 3487 Liberatus
3456 3415 3513 3471 in

1923 3492 2218 3545 Breviario.
2257 3491 2334 3545 Ex
2376 3490 2465 3543 his
2493 3489 2814 3543 Dioscorita:
2850 3485 3074 3556 quidem
3098 3485 3516 3540 Chalcedonen—

1923 3577 2040 3642 scm
2078 3562 2349 3642 synodum
2389 3575 2626 3642 prorsus
2650 3559 3009 3642 _dan~.riabant
3039 3566 3095 3642 et
3142 3557 3513 3611 anathemati-

1924 3628 2144 3686 zabant.
2183 3628 2409 3686 Esaiani
2468 3645 2623 3693 vero,
2650 3629 2893 3684 Zenonis
2923 3628 3165 3682 edictum
3191 3639 3512 3695 sequentes,

1922 3718 2044 3755 eam
2072 3702 2297 3771 quidem
2347 3700 2619 3771 synodum
2648 3699 3077 3771 haudquaquam
3107 3696 3511 3753 admittebant:

1924 3788 2035 3825 non
2079 3769 2261 3825 tamen
2308 3769 2601 3824 anathema
2640 3770 2689 3822 ei
2736 3769 3015 3823 dicebant.

1996 3843 2110 3910 (51)
2149 3841 2469 3903 Παλλαδίῳ
2494 3838 2575 3904 τῷ
2596 3840 2744 3907 μετὰ
2775 3840 3018 3905 Πέτρον.
3044 3836 3164 3903 Quo
3186 3853 3335 3910 anno
3370 3853 3519 3890 mor-

1926 3907 2056 3966 tuus
2086 3912 2158 3965 sit
2200 3911 2395 3965 Petrus
2432 3910 2836 3970 Antiochenus,
2872 3910 3141 3978 Evagrins
3168 3907 3375 3962 diserte
3404 3923 3517 3962 non

1925 3981 2063 4035 dicit
2098 3999 2110 4035 :
2149 3996 2250 4035 nec
2284 3996 2351 4033 ex
2377 3981 2497 4048 ejus
2520 3980 2709 4034 verbis
2734 3980 2918 4049 colligi
2940 3989 3121 4049 potest
3150 3994 3277 4049 eum
3307 3978 3517 4049 obiisse

1924 4060 2050 4121 post
2069 4052 2298 4121 Petrum
2331 4050 2783 4121 Alexandrinum.
2810 4048 2925 4121 lino
2959 4048 3302 4121 contrarium
3334 4048 3520 4121 potius

1924 4064 2050 4121 post
2077 4064 2298 4105 Petrum
2331 4064 2783 4106 Alexandrinum.
2814 4064 2925 4103 uno
2959 4064 3302 4102 contrarium
3326 4064 3520 4172 xorius

1924 4136 1995 4191 ex
2037 4120 2256 4191 Evagrii
2294 4120 2480 4174 verbis
2507 4120 2766 4191 elicitur.
2814 4119 3041 4191 Nam‘si
3101 4120 3297 4191 Petrus
3377 4118 3521 4172 utio-

1926 4190 2139 4245 chenus
2160 4188 2460 4259 superstes
2498 4189 2695 4244 fuisset
2738 4188 3113 4243 Alexandrino
3150 4189 3333 4252 Petro,
3366 4199 3518 4242 certe

1926 4260 2264 4315 Athanasius
2296 4264 2391 4329 qui
2427 4260 2804 4314 Alexandrino
2836 4261 2998 4315 Petro
3024 4259 3312 4329 successit,
3348 4274 3517 4328 syno-

1927 4329 2083 4384 dicas
2135 4346 2263 4384 suas
2315 4328 2664 4384 Antiocheno
2714 4331 2881 4385 Petro
2927 4330 3189 4384 misisset.
3234 4328 3326 4382 lla:
3366 4330 3517 4383 enim

1926 4399 2128 4455 littera:
2172 4399 2227 4453 in
2264 4399 2384 4469 ipso
2429 4401 2783 4469 episcopatus
2834 4398 3065 4454 exordio
3119 4416 3149 4453 a
3181 4398 3519 4455 Patriarchis

1930 4470 2073 4541 r_nitti
2100 4480 2547 4541 consueverant.
2586 4470 2722 4524 Cum
2760 4470 2928 4541 igitur
2974 4471 3263 4541 synodicas
3292 4484 3423 4523 suas
3448 4470 3518 4523 ad

1930 4538 2232 4594 Palladium
2280 4540 2685 4595 Antiochenurn
2719 4538 2929 4594 miserit
2965 4538 3321 4603 Athanasius,
3353 4555 3421 4593 ex
3452 4556 3519 4594 eo

1858 4647 1901 4703 ι)
1929 4611 2874 4703 ἓίῖίῗίῗτῗὲξίθθὲῗ9.ι1¹“..¹’ἷ³ἒτ¹ἷ¹3¹ε
2888 4610 2988 4703 Si.“
3007 4621 3172 4703 ΡΗΡὶ
3184 4610 3431 4703 9)ξέκὲξῖίὲ
3440 4612 3517 4703 Si:

1928 4696 2063 4751 num
2096 4681 2322 4734 obiisse.
2378 4681 2549 4735 Porro
2582 4681 2649 4735 de
2676 4681 2963 4751 synodicis
2995 4680 3278 4751 Athanasii
3315 4680 3519 4751 litteris

1923 4749 1999 4804 ita
2031 4751 2225 4805 scribit
2248 4751 2549 4821 Liberatus
2575 4753 2628 4805 in
2664 4749 2939 4805 Breviario
2965 4768 2977 4803 :
2999 4750 3117 4805 Non
3143 4760 3259 4821 post
3290 4750 3520 4804 multum

1925 4828 2131 4888 tempus
2150 4823 2375 4875 moritur
2394 4832 2440 4874 et
2476 4820 2663 4874 Petrus
2692 4821 2910 4891 Moggus
2932 4822 3296 4885 Alexandriw,
3324 4830 3374 4872 et
3405 4829 3520 4890 post

1924 4906 2044 4945 eum
2074 4894 2228 4961 inea
2261 4894 2380 4944 sede
2410 4892 2692 4945 ordinatur
2724 4892 3049 4946 Athanasius
3076 4909 3093 4947 :
3122 4894 3211 4961 qui
3247 4900 3296 4944 et
3325 4891 3436 4961 ipse
3466 4893 3521 4945 in

1921 4962 2089 5031 edicto
2119 4960 2729 5031 Constantinopolitano:
2750 4972 2800 5015 et
2827 4960 3173 5017 Antiocheam
3202 4972 3251 5016 et
3275 4961 3523 5016 Hieroso-

1926 5030 2203 5102 lymitanae
2241 5030 2651 5087 communicavit
2674 5032 2944 5087 Ecclesiae.

1709 5232 2092 5290 VARIORUM.

318 5349 389 5418 (ι’)
418 5346 646 5419 Φθάνει-
664 5344 1097 5419 τελευτήσαςίό
1118 5347 1357 5415 Πέτρος.
1380 5349 1579 5404 Petrus
1600 5349 1830 5419 Mongns

242 5416 593 5473 Alexandria:
617 5417 858 5473 decessit
878 5432 909 5471 e
949 5416 1089 5471 vivis
1120 5434 1265 5473 anno
1287 5419 1415 5474 Chr.
1440 5420 1544 5474 490
1577 5432 1633 5475 et
1656 5416 1828 5475 Atha-

241 5491 435 5562 nasius
464 5489 530 5554 ll,
567 5496 935 5557 cognomento
965 5486 1171 5562 Gelites
1216 5490 1577 5562 (haereticus).
1611 5491 1665 5545 in
1706 5492 1829 5562 ejus

242 5560 426 5614 locum
478 5567 775 5628 promotus
824 5567 931 5623 est,
992 5558 1080 5612 die
1132 5562 1276 5614 ndna
1334 5560 1646 5616 Februarii.
1699 5558 1827 5616 Post

239 5643 418 5683 annos
446 5645 522 5701 vt,
558 5637 617 5701 et
647 5629 767 5683 dies
792 5628 918 5701 223;,
955 5628 1096 5682 obiit
1121 5630 1481 5696 Athanasius,
1522 5648 1667 5687 anno
1698 5633 1827 5701 496,

237 5710 296 5773 et
332 5700 387 5754 in
417 5700 542 5773 ejus
559 5700 767 5773 locum
798 5698 1068 5773 sutl‘ectus
1103 5708 1189 5773 est
1224 5700 1464 5773 Joannes
1490 5702 1649 5773 Mela,
1706 5698 1824 5758 sive

241 5769 496 5844 llemula.
552 5769 712 5825 Sedit
758 5770 847 5823 hic
878 5785 1072 5844 annos
1115 5770 1169 5832 8,
1210 5783 1277 5844 et
1322 5772 1442 5827 dies
1484 5772 1611 5835 225,
1658 5790 1823 5844 quem

238 5844 355 5897 tato
388 5842 654 5897 tunctum
697 5856 845 5895 anno
875 5840 998 5905 503,
1029 5843 1247 5912 excepit
1281 5844 1420 5899 alter
1456 5840 1698 5901 Joannes
1734 5860 1821 5900 co~

1931 5359 2231 5422 gnomento
2266 5351 2528 5407 Nic-aeota.
2581 5351 2782 5407 PAGIUS
2809 5351 2878 5422 ad
2910 5366 3007 5407 eos
3038 5367 3235 5407 annos.

2005 5419 2071 5491 (s)
2098 5422 2430 5492 Παλλαδίῳ
2457 5422 2537 5488 τῷ
2560 5423 2711 5492 μετὰ
2740 5420 2983 5489 Πέτρον.
3008 5423 3203 5477 Petrus
3228 5422 3407 5486 Fullo,
3440 5423 3522 5480 fa-

1929 5490 2061 5545 vore
2094 5490 2333 5546 Zenonis
2373 5495 2513 5563 Aug.
2559 5490 2942 5562 episcopatum
2988 5492 3401 5548 Antiochenum
3435 5503 3520 5550 te-

1930 5563 2053 5634 nuit
2081 5577 2256 5634 usque
2297 5564 2363 5616 ad
2408 5571 2669 5627 mortem,
2718 5580 2841 5633 qua:
2877 5565 3111 5634 contigit
3143 5581 3288 5618 anno
3331 5565 3437 5621 488
3464 5577 3521 5620 et

1930 5631 2238 5687 Palladium
2278 5634 2599 5689 haereticum
2656 5631 3057 5689 successorem'
3083 5636 3299 5690 habuit.
3354 5635 3518 5702 Huic,

1934 5711 2224 5772 postquam
2267 5704 2457 5759 decem
2482 5705 2921 5768 annossederat,
2966 5706 3262 5761 demortuo
3293 5722 3516 5761 succes-

1932 5774 2005 5827 sit
2044 5774 2335 5849 Flavianns
2367 5774 2729 5849 ortliodorgtts,
2763 5792 2907 5830 anno
2934 5776 3057 5831 498.
3096 5780 3244 5849 (Ant.
3290 5778 3414 5833 Pas:
3447 5779 3518 5832 ad

1934 5860 2110 5899 annos
2156 5847 2258 5899 486
2301 5857 2361 5901 ct
2410 5847 2555 5906 496.)
