4096 6470
630 364 768 429 2647

1839 367 2032 427 EVAG
2044 367 2155 425 RII
2198 365 2681 426 SCHOLASTICI

3749 358 3816 418 2f;
3824 354 3892 416 ιδ

632 474 828 542 driam,
879 478 973 547 qui
1007 477 1297 547 synodicas
1334 479 1507 548 ipsius
1555 477 1840 547 perferret.
1890 486 1945 531 et
1986 476 2210 532 Joannis

2319 476 2506 548 θρόνον
2556 474 2979 545 διαδεξαμένου,
3017 476 3293 543 πέμπεται
3345 472 3482 544 πρὸς
3532 469 3701 524 αὑτοῦ
3753 471 3893 523 κατὰ

629 568 874 622 vicissim
907 568 1125 623 litteras
1166 568 1452 640 ﬂagitaret.
1487 571 1614 625 Post
1654 570 1800 623 hune
1823 580 2005 624 autem
2048 569 2212 623 Joan-

632 675 759 713 nem
804 660 947 713 alter
980 660 1229 729 ejusdem
1278 662 1518 717 nominis
1555 663 1793 716 Joannes
1832 661 2199 729 episcopatum

628 750 975 806 Alexandria:
1028 753 1258 807 sortitus
1302 764 1405 807 est.
1460 754 1528 808 Et
1564 754 1679 808 haec
1708 752 1928 822 quidem
1974 754 2041 806 ad
2081 767 2206 806 eum

628 858 790 911 quem
820 843 934 897 dixi
971 845 1195 899 modum
1223 854 1557 908 evenerunt,
1588 860 1763 915 nsque
1795 846 1861 899 ad
1903 844 2207 914 primordia

628 935 976 1004 imperatoris
1004 937 1303 991 Anastasii.
1334 937 1432 991 Hie
1465 937 1612 991 enim
1646 936 1954 1006 Euphemio
1988 937 2203 1005 episco-

627 1034 812 1093 patum
838 1029 1141 1098 abrogavit.
1168 1028 1299 1095 Quae
1334 1029 1557 1097 quidem
1592 1028 1851 1083 continua
1887 1028 2028 1082 serie
2056 1043 2208 1082 com-

628 1131 933 1171 memorare
996 1120 1370 1173 necessarium
1426 1118 1600 1181 duxi,
1637 1130 1752 1172 tum
1798 1118 2206 1187 perspicuitatis

626 1222 813 1271 causa,
850 1218 964 1262 tum
1004 1219 1063 1262 ut
1096 1209 1313 1264 facilius
1347 1211 1624 1264 memoria:
1655 1210 2067 1264 mandarentur.

1219 1346 1373 1400 CAP.
1415 1346 1603 1401 XXIV.

662 1436 737 1489 De
755 1441 892 1491 caede
922 1440 1129 1492 Armati
1157 1440 1246 1507 qni
1269 1449 1522 1508 cognatus
1550 1440 1645 1507 fuit
1674 1440 1876 1492 Vet'ina’
1906 1440 2163 1508 Augusta.

692 1613 964 1668 Caeterum
1021 1616 1169 1669 Zeno
1218 1632 1380 1669 suasu
1416 1618 1515 1678 Illi,
1553 1620 1832 1670 Armatum
1863 1633 2085 1685 quoque
2116 1618 2201 1671 in-

622 1706 860 1767 terfecit,
889 1718 1181 1775 cognatum
1219 1707 1434 1760 Verinze
1462 1708 1718 1775 Augustze
1746 1726 1757 1759 :
1783 1723 1947 1777 quem
1978 1707 2200 1777 quidem

2312 570 2411 641 τὴν
2469 569 2875 637 Ἀλεξάνδρειαν
2920 568 3170 637 Σολομὼν
3213 567 3543 636 Ἀντιοχείας
3599 563 3894 634 πρεσὸύτι-

2317 679 2427 731 ρος.
2463 661 2717 714 συνοδικά
2750 678 2811 713 τε
2853 662 3118 729 κομίζων,
3146 666 3241 712 καὶ
3267 656 3592 728 ἁμοιϐαίους
3621 654 3893 717 συλλαϐὰς

2313 753 2492 823 ζητῶν
2535 754 2782 806 Ἰωάννου
2833 752 2968 821 πρὸς
3010 752 3331 806 Φλαὸιανόν.
3378 748 3488 802 Καὶ
3523 750 3664 817 μετὰ
3708 746 3894 797 Ἰωάνο

2312 859 2408 912 νην
2441 842 2520 905 δὲ,
2549 842 2734 913 ἕτερος
2775 843 3029 913 Ἰωάννης
3063 841 3153 895 τὸν
3202 838 3621 908 Ἀλεξανδρείας
3651 836 3895 904 διαδέχεο

2311 952 2465 1004 χεται
2508 935 2715 1003 θρόνον.
2753 935 2863 989 Καὶ
2909 936 3082 988 ταῦτα
3118 934 3215 1004 μὲν
3260 933 3402 985 οὓτω
3435 930 3894 1000 προυκεχωρήκει

2314 1027 2475 1096 μέχρι
2496 1012 2656 1079 τινῶν
2686 1027 2793 1081 τῶν
2829 1026 3182 1078 Ἀναστασὶου
3216 1024 3440 1094 χρόνων.
3469 1023 3763 1090 Εὐφήμιον
3792 1020 3892 1087 γὰρ

2309 1120 2471 1184 αὐτὸς
2500 1118 2841 1190 ὲκϐεὸλήκεν
2869 1118 3012 1189 ἆπερ
3034 1119 3385 1187 ἠνάγκασμαι
3412 1115 3535 1169 καθ’
3556 1112 3754 1183 εἱρμὸν
3774 1129 3894 1164 συν-

2308 1210 2442 1277 άψαι
2472 1210 2767 1280 σαφηνείας
2804 1228 2863 1264 τε
2902 1212 2996 1265 καὶ
3024 1209 3319 1278 εὐμαθείας
3348 1210 3527 1260 ἕνεκα.

2893 1346 3145 1399 ΚΕΦΔΛ.
3181 1345 3306 1397 KA'.

2308 1440 2444 1506 Περί
2492 1439 2599 1506 τῆς
2623 1440 2987 1506 ἀναιρέσεως
3038 1436 3324 1506 Ἀρμὰτουν
3348 1434 3688 1504 συγγενοῦς
3729 1434 3894 1499 Beri-

2764 1505 2877 1576 smc
2932 1506 3037 1575 τῆς
3081 1505 3426 1571 βασιλίδος.

2394 1622 2453 1676 ὐ
2486 1624 2542 1676 δὲ
2597 1624 2784 1693 Ζήνων
2850 1622 3013 1675 Ἰλλοῦ
3073 1619 3269 1691 γνώμῃ
3321 1619 3414 1671 καὶ
3476 1616 3570 1669 τὸν
3617 1616 3893 1686 Ἀρμάτον

2308 1717 2523 1785 ἀναιρεῖ
2574 1715 2658 1783 (ι).
2698 1715 2936 1783 συγγενῆ
2988 1712 3217 1781 Βερίνης
3247 1710 3348 1779 τῆς
3372 1708 3666 1779 βασιλίδοςο
3702 1707 3764 1761 εν
3799 1707 3891 1759 καὶ

619 1806 781 1849 antea
835 1795 997 1848 donis
1045 1806 1392 1864 corruperat,
1439 1813 1563 1850 cum
1620 1796 1889 1851 adversus
1944 1797 2123 1866 ipsum
2171 1814 2200 1851 a

2316 1807 2772 1876 καταπεμφθέντα
2821 1806 2955 1876 πρὸς
3004 1805 3351 1866 Βασιλίσκου,
3402 1802 3597 1871 δώροις
3649 1802 3891 1869 ὁΖήνων

618 1886 882 1940 Basilisco
921 1892 1120 1942 missus
1155 1888 1369 1950 fuisset,
1404 1898 1458 1940 ct
1489 1904 1589 1957 pro
1611 1890 1769 1943 hoste
1804 1889 2015 1942 socium
2043 1900 2205 1958 atque

618 1978 860 2033 amicum
891 1978 1240 2039 reddiderat;
1276 1978 1445 2033 lilium
1471 1997 1692 2049 quoque
1715 1982 1834 2051 ejus
1862 1980 2203 2043 Basiliscum,

619 2072 675 2124 in
722 2069 860 2123 urbe
896 2070 1077 2124 Νίσαια
1112 2069 1383 2124 Caesarem
1438 2072 1872 2125 renuntiaverat.
1929 2072 2033 2127 Sed
2080 2089 2204 2127 cum

617 2160 1153 2230 ConstantinOpolim
1211 2161 1476 2227 venisset,
1518 2162 1803 2215 Armatum
1856 2163 2080 2232 quidem
2110 2179 2206 2232 per

620 2252 871 2309 fraudem
907 2252 1210 2315 interemit,
1243 2251 1566 2316 Basiliscum
1599 2268 1729 2306 vero
1755 2253 1876 2322 ejus
1919 2252 2111 2317 filium,
2138 2269 2201 2307 ex

618 2345 832 2401 Caesare
865 2346 1246 2417 presbyterum
1284 2343 1557 2409 fecit.Qui
1596 2354 1783 2414 postea
1814 2345 1878 2397 ad
1919 2345 2205 2413 episcopa-

617 2442 727 2493 lem
758 2438 1080 2509 dignitatem
1115 2438 1389 2508 pervenit.

1234 2550 1385 2606 CAP.
1428 2552 1594 2605 XXV.

694 2643 768 2696 De
794 2643 1097 2696 Theoderici
1126 2641 1333 2725 Scytha:
1362 2644 1679 2725 rebellione,
1710 2644 1874 2713 deque
1901 2645 2132 2714 ejusdem

1294 2723 1533 2767 interitu.

692 2825 997 2880 lnsurrexit
1026 2842 1247 2896 quoque
1290 2826 1555 2883 adversus
1593 2830 1869 2883 Zenonem
1902 2828 2204 2884 Theoderi-

618 2934 737 2983 cus,
767 2920 992 2973 natione
1028 2920 1243 2975 Gothus
1276 2938 1289 2973 :
1317 2921 1677 2991 collectisque
1723 2922 1776 2975 in
1813 2922 2049 2977 Thracia
2088 2922 2205 2977 suis

618 3012 814 3081 copiis,
850 3012 1261 3081 expeditionem
1313 3015 1557 3084 suscepit
1604 3015 1868 3069 adversus
1900 3015 2202 3071 Zenonem.

622 3105 688 3158 Et
722 3120 847 3159 cum
886 3116 1082 3160 cuncta
1114 3123 1237 3176 qua:
1272 3108 1433 3162 obvia
1455 3117 1635 3171 erant,
1684 3124 1859 3177 usque
1902 3109 1968 3162 ad
2019 3110 2205 3167 fauces

621 3197 781 3253 Ponti
818 3198 925 3252 late
956 3208 1243 3264 vastasset,
1283 3216 1475 3269 parum
1516 3200 1694 3255 abfuit
1731 3202 1864 3271 quin
1911 3203 2083 3273 ipsam
2116 3220 2209 3257 ur-

622 3290 748 3344 bem
803 3289 1008 3361 regiam
1070 3301 1313 3361 caperet,
1370 3293 1719 3362 cepissetque
1780 3294 2028 3359 omnino,
2098 3296 2204 3350 nisi

620 3380 845 3450 quidam
877 3397 944 3436 ex
974 3382 1095 3452 ejus
1128 3382 1513 3445 familiaribus,
1542 3383 1703 3438 donis
1728 3386 1993 3454 corrupti,
2025 3386 2205 3455 ipsum

623 3470 936 3527 interﬁcere
964 3473 1137 3526 moliti
1165 3482 1369 3528 essent.
1398 3474 1585 3544 itaque
1608 3475 1720 3539 ille,
1746 3476 1963 3545 cognita
1979 3492 2206 3531 suorum

622 3562 1031 3625 malevolentia,
1059 3574 1210 3618 retro
1228 3565 1511 3619 abscessit.
1547 3565 1713 3636 359
1739 3566 1853 3621 Nec
1883 3568 2058 3622 multo
2085 3578 2209 3638 post

621 3654 794 3708 vitam
818 3670 945 3709 cum
974 3663 1152 3711 morte
1179 3657 1559 3710 commutavit.
1592 3657 1783 3712 Mortis
1814 3668 1999 3713 autem
2032 3674 2210 3729 genus

620 3745 783 3816 quale
815 3746 1004 3810 fuerit,
1037 3761 1331 3815 exponam.
1368 3746 1535 3802 Hasta
1582 3755 1857 3803 amentata
1897 3759 2025 3804 ante
2060 3749 2209 3804 illius

2310 1899 2520 1951 ἁλίσκει
2574 1897 2725 1967 (5‘2),
2778 1898 2873 1950 καὶ
2917 1897 3205 1965 σύμμαχον
3255 1896 3417 1948 αὑτὸν
3461 1894 3582 1945 ἀντὶ
3622 1891 3888 1961 πολεμίου

2309 1992 2564 2053 ποιεῖται,
2612 1991 2704 2043 καὶ
2738 1988 3064 2041 Βασιλίσκον
3096 1988 3187 2039 τὸν
3218 1984 3382 2040 αὑτοῦ
3428 1985 3595 2037 παῖδα
3630 1984 3889 2051 Καίσαρα

2308 2082 2604 2149 χειροτονεῖ
2640 2080 2698 2131 ὲν
2731 2079 2936 2149 Νικαίᾳ
2965 2081 3031 2147 τῇ
3076 2077 3251 2129 πόλει.
3285 2076 3576 2146 Παρελθὼν
3610 2075 3668 2127 δὲ
3697 2077 3754 2137 ἒς
3784 2074 3888 2125 Βυ-

2308 2170 2541 2233 ζάντιον,
2574 2171 2666 2223 τὸν
2702 2171 2801 2240 μὲν
2853 2170 3123 2239 Ἀρμάτον
3150 2169 3443 2238 δολοφονεί’
3474 2165 3797 2218 Βασιλίσκον
3829 2165 3888 2216 δὲ

2322 2263 2397 2314 τὸν
2428 2262 2596 2315 αὐτοῦ
2635 2261 2819 2326 παῖδα,
2862 2263 2984 2314 ἀντὶ
3014 2261 3290 2331 Καίσαρος
3323 2259 3472 2329 ἱερέα
3496 2257 3798 2309 δείκνυσινο
3828 2255 3888 2317 ὃς

2308 2355 2535 2423 ὕστερον
2566 2354 2660 2405 καὶ
2692 2352 2793 2422 τῆς
2829 2350 3240 2423 ἀρχιερωσύνης
3275 2350 3492 2420 ἠξίωτο.

2881 2550 3135 2605 ΚΕΦΑΛ.
3168 2552 3292 2603 κεν.

2307 2646 2445 2711 Περὶ
2472 2644 2583 2712 τῆς
2610 2644 3079 2717 ἐπαιήασςάσεως
3105 2646 3461 2717 Θευδερίχοι)
3493 2648 3601 2702 τοῦ
3632 2648 3887 2713 Σκύθου,

2674 2714 2773 2767 καὶ
2804 2713 2917 2782 τῆς
2954 2716 3170 2769 τούτου
3201 2713 3510 2784 τελευτῆς.

2391 2829 2776 2884 Ἐπανίσταται
2820 2831 2878 2884 δὲ
2911 2831 2990 2901 τῷ
3034 2832 3241 2902 Ζήνωνι
3268 2832 3360 2884 καὶ
3389 2832 3709 2901 Θευδέριχος
3749 2830 3892 2884 Σκύ-

2306 2923 2404 2993 θης
2450 2922 2526 2975 ὢν
2556 2924 2733 2991 γένος’
2786 2924 2881 2978 καὶ
2932 2924 3031 2987 τὰς
3082 2924 3287 2988 οἰκείας
3315 2924 3577 2994 δυνάμεις
3633 2924 3736 2977 ἀνὰ
3791 2924 3890 2992 τὴν

2306 3016 2538 3085 Θρᾳκῶν
2568 3014 2851 3087 ἀθροίσας,
2887 3016 3271 3084 ἐπιστρατεύει
3320 3019 3463 3070 κατὰ
3491 3016 3585 3069 τοῦ
3621 3018 3888 3087 Ζήνωνος.

2311 3111 2420 3165 Καὶ
2461 3110 2619 3180 μέχρι
2651 3110 2919 3178 στόματος
2953 3110 3045 3162 τοῦ
3085 3110 3286 3164 Πόντου
3321 3110 3537 3181 δῃώσας
3577 3111 3647 3164 τὰ
3674 3113 3734 3163 ἐν
3765 3113 3891 3165 ποσὶ

2314 3201 2508 3271 χωρία,
2552 3198 2749 3267 μικροῦ
2784 3200 2881 3268 τὴν
2935 3199 3202 3268 βασίλειον
3250 3193 3359 3250 me
3411 3198 3585 3263 πόλιν,
3637 3198 3788 3266 εἴγε
3819 3200 3891 3268 μή

2313 3308 2457 3353 τινες
2493 3290 2601 3342 τῶν
2636 3292 2694 3353 ἐς
2730 3290 2798 3343 τὰ
2825 3290 3060 3360 μάλιστα
3089 3288 3236 3357 αὑτῷ
3272 3290 3597 3357 ἐπιτηδείων
3622 3289 3894 3358 ὑπαχθέν-

2313 3398 2425 3443 τες,
2466 3378 2863 3432 ἐϐουλεύσαντο
2904 3380 3066 3432 αὐτὸν
3098 3378 3328 3434 ἀνελεῖν.
3372 3382 3467 3442 Ὃς
3506 3379 3895 3432 ὲθελοκακοῦν-

2310 3489 2409 3533 τας
2441 3472 2567 3534 τοὺς
2594 3471 2828 3535 οἰκείους
2858 3471 3135 3539 ἐγνωκὼς,
3174 3474 3232 3535 ἐς
3264 3471 3507 3523 τούπίσω
3554 3473 3654 3541 μὲν
3675 3472 3893 3540 ἀποχω-

2319 3567 2419 3634 ρεῖ.
2482 3565 2557 3617 Οὐ
2611 3563 2792 3635 πολλῷ
2837 3564 2895 3618 δὲ
2927 3563 3157 3634 ὕστερον
3185 3566 3296 3628 τοῖς
3339 3563 3638 3617 ἀπελθοῦσι
3672 3581 3891 3634 συναρι-

2316 3657 2556 3729 θμεῖται.
2588 3659 2741 3724 Λέξω
2771 3658 2829 3712 δὲ
2855 3660 2949 3713 καὶ
2988 3659 3077 3712 τὸν
3118 3659 3222 3729 τῆς
3258 3660 3513 3729 τελευτῆς
3543 3661 3771 3730 τρόπον,
3798 3653 3895 3712 ὧδε

2316 3751 2631 3822 γενόμενον·
2675 3751 2813 3823 Δόρυ
2851 3752 3287 3823 διηγκυλημένον
3322 3753 3432 3825 (55)
3476 3753 3587 3825 πρὸ
3612 3756 3716 3826 τῆς
3765 3770 3895 3823 σκη-

1798 3882 1879 3936 VA
1892 3883 2068 3939 LESII
2118 3883 2678 3942 ANNOTATIONES.

697 4003 812 4066 (3‘2)
852 4001 1067 4068 Δώροις
1099 4004 1131 4053 ό
1164 4000 1372 4064 Ζήνων
1400 4002 1659 4054 ilionei.
1698 4002 1848 4054 Zeno
1887 4016 1995 4053 non
2028 4001 2206 4056 solum

626 4072 957 4126 muneribus
986 4087 1051 4125 ac
1076 4071 1259 4134 donis,
1283 4073 1376 4125 sed
1401 4072 1565 4126 etiam
1592 4071 2082 4139 pollicilationibus
2108 4075 2209 4125 Ar-

626 4151 839 4196 matum
882 4142 950 4213 ad
993 4157 1127 4213 snas
1185 4154 1369 4213 partes
1418 4142 1684 4213 traduxit.
1729 4140 2013 4195 Pollicitus
2060 4142 2209 4195 enim

626 4223 714 4267 est
780 4227 838 4265 se
908 4212 1073 4291 simul
1137 4212 1200 4266 ac
1273 4212 1566 4291 imperium
1622 4221 2047 4291 recuperasset,
2104 4213 2211 4266 Ar—

629 4290 837 4337 matum
866 4282 1105 4353 quidem
1147 4282 1464 4353 magistrum
1513 4281 1801 4353 praesentis
1828 4281 2036 4353 militiae
2082 4297 2211 4351 per-

632 4349 896 4422 petuumj
946 4349 1271 4423 Basiliscum
1292 4422 1295 4423 ν
1317 4369 1448 4407 vero
1482 4349 1604 4423 ejus
1636 4351 1825 4423 lilium,
1852 4349 2131 4423 Celsarern
2158 4361 2213 4405 et

631 4421 965 4478 assessorem
992 4422 1095 4476 sibi
1124 4440 1245 4479 esse
1280 4421 1573 4487 facturum,
1608 4431 1669 4475 ut
1697 4421 1891 4476 scribit
1924 4421 2215 4490 TheOpha-

633 4507 733 4546 nes
772 4492 829 4546 in
858 4491 1053 4548 Chron.
1089 4510 1213 4565 pag.
1248 4494 1376 4558 l07;
1407 4495 1564 4562 cujus
1588 4492 1777 4565 verba.
1801 4490 1927 4560 quia
1957 4502 2214 4565 corrupta

633 4571 784 4625 sunt,
845 4578 948 4617 nec
997 4564 1067 4617 ab
1099 4563 1415 4633 interprete
1465 4563 1695 4632 intelligi
1747 4570 2071 4631 potuerunt,
2094 4564 2218 4633 _hic

635 4646 907 4704 apponam
938 4652 950 4686 :
974 4634 1129 4687 Ἀλλὰ
1151 4627 1345 4703 δώροις
1361 4637 1473 4697 τοῖς
1495 4627 1926 4704 παρὰῖήνωνος
1948 4634 2042 4684 καὶ
2062 4627 2217 4695 οὗτος

635 4701 827 4773 ὥςξὲπὶ
853 4704 987 4757 πολὺ
1011 4701 1332 4773 τυφλωθεὶς,
1352 4705 1448 4759 καὶ
1470 4701 1762 4773 ὑποσχέσει
1781 4701 2027 4769 διαδόχου
2053 4720 2220 4772 στρα-

2314 4000 2520 4057 Auctor
2543 4000 2787 4056 Chronici
2811 4000 3161 4055 Alexandrini
3180 4001 3625 4056 emendationem
3651 4013 3894 4058 nostram

2316 4088 2543 4141 prorsus
2577 4071 2885 4126 confirmat.
2920 4070 3125 4125 Scribit
3166 4072 3312 4125 enim
3344 4072 3623 4126 Zenonem
3673 4075 3896 4128 Armate

2317 4143 2664 4211 promisisse,
2699 4157 2757 4196 se
2804 4141 3177 4211 magisteriam
3226 4142 3511 4213 praesentis
3557 4142 3770 4197 militia:
3800 4160 3897 4213 po-

2320 4220 2572 4266 testatem
2606 4213 2658 4267 ei
2700 4226 3093 4265 concessurum
3117 4212 3297 4280 quoad
3334 4213 3566 4275 viveret,
3608 4212 3899 4281 Ἐπαγγει-

2320 4282 2559 4363 λάμενος
2611 4282 2759 4363 αὐτῷ
2822 4281 3023 4363 ιιιρλλὰἱ
3070 4281 3300 4363 καὶκτῂν
3343 4284 3750 4363 στρατηλασίαν
3805 4284 3896 4338 τοῦ

2321 4352 2651 4421 πραισὲντου
2687 4353 2791 4413 ἓως
2821 4351 2921 4420 τῆς
2965 4351 3131 4405 αὑτοῦ
3173 4351 3339 4419 ζωῆς.
3388 4354 3463 4407 De
3523 4351 3628 4407 hoc
3676 4356 3898 4408 Armate

2323 4422 2520 4477 Suidas
2554 4424 2723 4477 multa
2778 4422 2948 4475 refert
2970 4427 3022 4476 in
3045 4438 3180 4477 voce
3210 4423 3500 4492 Ἅρματος,
3524 4440 3647 4491 qua:
3675 4424 3897 4478 desum-

2323 4501 2412 4562 pta
2440 4492 2701 4548 videntur
2727 4508 2793 4547 ex
2818 4493 3102 4563 Damascio
3131 4493 3185 4546 in
3216 4492 3331 4545 Vita
3366 4492 3557 4546 Isidori
3584 4493 3895 4563 philosophi.

2397 4564 2507 4631 (3'5)
2537 4564 2688 4631 Δόρυ
2730 4562 3225 4634 διηγκυλημέιζον.
3283 4563 3339 4616 In
3367 4564 3533 4634 hujus
3555 4562 3710 4617 verbi
3737 4562 3900 4634 etpo-

2325 4633 2525 4704 sitione
2582 4632 2904 4687 hallucinati
2956 4642 3085 4704 sunt
3121 4631 3473 4701 interpretes.
3508 4633 3731 4704 Langus
3773 4631 3895 4704 qui-

2325 4702 2451 4758 dem
2521 4710 2731 4757 hastam
2804 4703 3105 4771 expeditam
3178 4704 3362 4757 vertit.
3421 4702 3705 4758 Muscul‘us
3770 4702 3896 4759 vero

637 4768 1199 4853 τηλατείας,.καὶ’τὸν
1236 4776 1355 4853 ὐέὸν
1391 4775 1556 4853 adeo?
1584 4768 1906 4853 Βασιλξσιεον
1956 4768 2210 4853 Καίσαρα

2326 4790 2426 4827 suo
2462 4790 2638 4853 more,
2665 4789 2791 4827 cum
2823 4768 3081 4826 Latinum
3115 4772 3443 4853 vocabulum
3483 4774 3585 4853 ipsi
3622 4790 3733 4853 non
3767 4790 3895 4853 sup-

640 4843 865 4914 ςιτοιῆσαι
895 4844 989 4897 καὶ
1015 4844 1558 4914 συγκάθεδροναὺτοῦ
1572 4886 1583 4903 ,
1603 4845 1698 4896 σὺν
1716 4843 1863 4912 αὐτῷ
1881 4843 2217 4914 κατὰῌΒασι-

639 4911 825 4984 λίσκου
858 4915 1179 4984 ἐπανῆλθεν.
1233 4911 1304 4968 Μ’
1333 4922 1419 4968 est
1453 4932 1465 4966 :
1499 4914 1686 4967 Verum
1736 4911 1885 4984 donis
1934 4930 1965 4965 (ι
2009 4912 2217 4966 Zenone

642 4983 812 5036 missis
847 4986 956 5054 ipso
993 4983 1197 5054 quoque
1236 4988 1547 5045 obcwcatns,
1592 4993 1640 5036 et
1674 4983 2054 5054 pollicitatione
2096 5000 2219 5054 per-

643 5061 815 5125 petua:
837 5053 1157 5125 magisteria:
1180 5056 1472 5125 potestatis,
1506 5062 1553 5105 et
1577 5059 1714 5123 quod
1736 5053 1876 5106 Zeno
1902 5053 2217 5107 Basiliscum

643 5122 808 5190 ipsius
827 5122 1000 5191 ﬁliam
1022 5122 1286 5181 Caesarem
1318 5138 1478 5194 atque
1506 5122 1822 5178 assessorem
1865 5140 2016 5176 suum
2046 5125 2219 5193 fartu-

645 5208 733 5245 rus
764 5203 916 5259 esset,
953 5213 1061 5248 una
1114 5212 1235 5249 cum
1268 5195 1475 5249 Zenone
1506 5210 1741 5248 reversus
1776 5203 1851 5246 est
1884 5205 2066 5247 contra
2108 5194 2218 5247 Ba-

640 5261 901 5318 siliscum.
922 5265 1118 5321 Scribe
1136 5266 1324 5333 igitur,
1344 5269 1436 5318 καὶ
1455 5266 1748 5333 ὑποσχέσει
1763 5264 2045 5332 ὰδιαδὸχου
2064 5282 2220 5333 στρα-

641 5333 953 5405 τῃλατείας.
1004 5333 1312 5405 Ἀδιάδοχον
1363 5334 1793 5404 στρατηλατείαν
1832 5342 1992 5388 vocat
2041 5335 2221 5389 Theo-

639 5401 853 5471 phanes
898 5401 1250 5476 perpetuam"
1281 5401 1528 5476 magistri
1559 5401 1813 5459 militum
1866 5414 2216 5475 potestatem.

2323 4852 2558 4913 peteret,
2586 4844 2830 4898 Graecam
2867 4857 3056 4896 vocem
3098 4843 3343 4897 retinuit.
3397 4844 3467 4897 At
3504 4841 3894 4913 Christopbor-

2322 4928 2492 4968 sonus
2533 4914 2776 4967 omnium
2806 4913 3041 4982 pessime
3083 4913 3515 4981 interpretatur.
3548 4914 3757 4967 hastam
3808 4932 3896 4969 cu-

2326 4986 2470 5053 spide
2514 4985 2674 5052 bifida
2698 5025 2713 5048 ,
2751 4983 2863 5053 Ego
2898 4992 3224 5036 amentatam
3289 4986 3450 5037 verti.
3488 4985 3729 5052 Ἀγκύλη
3754 4986 3897 5040 enim

2325 5055 2468 5108 idem
2504 5068 2589 5108 est
2633 5054 2778 5122 quod
2810 5064 3081 5106 amentum
3114 5068 3131 5106 :
3164 5068 3355 5107 eorum
3383 5054 3597 5109 scilicet
3643 5071 3755 5124 quo
3785 5056 3902 5109 vin-

2328 5125 2824 5193 ciebanturjacnla
2871 5138 2965 5177 seu
3017 5124 3240 5186 lanceae,
3276 5125 3422 5177 utin
3466 5125 3683 5178 hostem
3727 5127 3901 5181 emitti

2330 5197 2560 5264 poSsint.
2592 5193 2797 5249 Glossaa
2830 5202 3049 5249 veteres
3078 5209 3143 5247 ex
3173 5193 3494 5249 Bibliotheca
3522 5195 3670 5249 Petri
3703 5196 3899 5251 Danie«

2328 5267 2395 5319 lis
2430 5281 2461 5318 a
2485 5265 2743 5318 Turnebo
2774 5264 2952 5317 citata:
2984 5265 3058 5318 ita
3074 5273 3359 5333 exponunt
3393 5282 3406 5317 :
3436 5267 3723 5318 Amentum
3746 5307 3761 5329 ,
3792 5284 3906 5319 cor-

2329 5338 2465 5405 rigia
2496 5334 2716 5393 lancem.
2738 5349 2856 5404 qua:
2888 5336 3051 5388 etiam
3084 5334 3277 5405 ansula
3314 5343 3389 5387 est
3430 5336 3500 5388 ad
3518 5337 3756 5404 jactum.
3805 5337 3902 5392 Ubi

2327 5404 2520 5461 ansula
2546 5415 2631 5460 est
2656 5405 2889 5475 ἀγκύλη,
2923 5421 3031 5475 qua
3059 5404 3272 5460 scilicet
3305 5406 3800 5476 comprehenditur
3824 5418 3905 5462 te-

2100 5515 2482 5575 VARlOIlUM.

708 5609 773 5678 (t)
826 5609 1116 5678 Ἀρμάτον
1139 5610 1385 5677 ἀναιρεῖ.
1425 5612 1632 5667 Auctor
1678 5611 1917 5667 Chronici
1974 5612 2209 5667 Alexan-

638 5680 778 5732 a‘rini
833 5679 909 5733 ait
952 5680 1239 5754 Armatum
1284 5681 1545 5754 Basilisco
1577 5698 1743 5751 supra
1790 5692 2093 5754 memorato
2120 5686 2211 5754 ju-

636 5761 787 5804 rasse
826 5764 993 5835 super
1020 5750 1366 5831 baptismatis
1403 5750 1767 5835 sacramento.
1796 5753 1940 5822 quod
1968 5750 2135 5835 illuni
2154 5764 2212 5809 et

638 5834 723 5877 res
743 5836 869 5876 suas
894 5821 1099 5877 Zenoni
1124 5835 1469 5892 nequaquam
1508 5824 1765 5895 proderet
1793 5843 1802 5877 :
1835 5824 1980 5893 quod
2024 5834 2212 5895 postea

2317 5620 2497 5669 tamen
2514 5612 2871 5668 fecit.Suidas
2886 5614 3170 5669 Armatum
3194 5612 3442 5683 depingit
3460 5622 3521 5665 ut
3552 5611 3903 5675 dissolutum.

2320 5685 2619 5739 Zenonidis
2647 5684 2896 5739 Basilisci
2933 5684 3121 5739 uxoris
3164 5683 3597 5753 adulterumyin
3630 5686 3907 5753 puniendo

2320 5755 2790 5819 crudelissimum,
2835 5756 2971 5810 adeo
3016 5766 3078 5811 ut
3130 5754 3277 5808 cives
3335 5767 3477 5807 cecso
3516 5752 3645 5806 illu’
3680 5756 3903 5811 maxime

2322 5827 2488 5881 iactati
2528 5827 2759 5883 fuerint.
