4096 6474
171 401 300 462 οων

1070 397 1455 458 HISTORIA;
1495 397 2089 458 ΕΕΕιΕΞΙΑΞΤῙΟίΕ
2131 401 2361 460 LIBER
2401 402 2518 461 ΠῘ.

3265 397 3408 460 Ξθῖιξ)

163 513 252 582 νῆς
279 507 422 578 αὖτῷ
466 506 786 578 μετῃώρητο
829 507 1014 575 σχῆμα
1051 505 1406 577 βαρϐαρικόν.
1453 503 1583 560 Εἶτα
1614 507 1728 560 δια-

1831 510 2248 566 tabernaculum
2275 528 2541 582 suspensa
2565 523 2707 577 erat,
2734 527 2886 565 more
2908 510 3218 566 barbarico.
3248 513 3409 568 Forte

165 599 371 669 κινῆσαι
418 597 478 648 τὸ
527 597 682 665 σῶμα
731 595 1031 665 βουληθεὶς,
1075 597 1240 648 ἵππον
1283 596 1510 665 ἀχθῆναι
1553 613 1726 666 προσ-

164 693 378 762 τὲταχεν
399 707 414 722 ο
443 689 696 743 ἀναϐολεῖ
724 690 780 742 δὲ
815 689 912 742 οὐκ
964 687 1168 751 εἰωθὼς
1201 689 1433 760 χρῆσθαι
1475 690 1608 754 (54),
1652 690 1728 759 τῷ

166 787 305 853 ἵππῳ
339 784 666 854 προσήλατο.
711 781 767 835 '0
802 782 880 845 δὲ,
921 782 1173 849 ἀγελαῖός
1203 800 1289 846 τις
1327 782 1405 836 ὢν
1447 784 1542 835 καὶ
1576 783 1728 853 ὑϐρι-

169 874 308 946 στὴς,
351 874 502 927 ούπω
551 873 851 945 περιϐάδην
879 874 1204 944 Θευδερίχου
1249 875 1591 940 καθέσαντος,
1632 893 1726 945 μευ

166 965 402 1036 τεωρίζει
434 965 512 1035 τῷ
543 965 744 1036 πρόσθε
777 966 924 1030 πόδε,
953 967 1030 1035 τῷ
1054 967 1283 1035 ὁπισθὶῳ
1313 967 1459 1038 μόνῳ
1491 968 1727 1036 ἀκροϐα-

165 1058 284 1113 τῶν.
319 1059 405 1121 Ὦς
432 1057 931 1126 διαψιλονεικοῦντα
963 1058 1054 1109 τὸν
1085 1058 1425 1129 Θευδέριχον,
1459 1061 1552 1112 καὶ
1583 1062 1721 1130 μήτε

164 1147 235 1217 τῷ
269 1147 468 1217 Χαλινῷ
515 1147 895 1216 ἀνασειράζειν
927 1149 1036 1214 (⁸55)
1071 1149 1115 1180 ⁷³
1155 1149 1246 1201 τὸν
1282 1149 1447 1202 ἵππον
1490 1149 1729 1220 τολμῶν-

164 1257 243 1302 τα,
272 1238 344 1302 ὡς
385 1238 450 1290 ἂν
484 1241 558 1309 μὴ
587 1241 822 1310 ἐμπέσοι
855 1257 918 1308 γε
959 1240 1130 1310 αύτῷ,
1155 1241 1288 1310 μηδὲ
1317 1241 1414 1311 τῆς
1443 1242 1603 1312 ἕδρας
1637 1242 1728 1312 βε-

171 1331 329 1392 ϐαίως
375 1331 756 1399 ἀντεχόμενον,
788 1331 913 1400 τῇδε
932 1333 1152 1384 κάκεῖσε
1177 1332 1587 1404 περιὸονείσθαι,
1609 1334 1728 1386 δια·
1764 1386 1766 1388 ,

166 1423 329 1473 σεῖσαι
362 1423 459 1490 τὴν
499 1423 728 1491 αἰχμήν.
769 1423 986 1492 Ταύτην
1029 1441 1089 1476 τε
1139 1425 1225 1476 ἐπ’
1250 1424 1411 1476 αὑτὸν
1443 1423 1728 1494 ἐνεχθῆναι

166 1513 406 1580 πλαγίαν,
434 1515 528 1566 καὶ
550 1515 648 1586 τὴν
670 1515 913 1582 πλευρὰν
935 1516 1303 1585 κατατρῶσαι.
1325 1515 1516 1567 Ἔνθεν
1532 1520 1589 1567 τε
1616 1516 1728 1568 κλι-

167 1605 291 1673 νήρη
322 1605 627 1673 γενόμενον,
681 1606 774 1656 καὶ
832 1605 1094 1675 βραχείας
1124 1608 1336 1676 ἡμέρας
1394 1608 1725 1676 ἀρκέσαντα,

164 1693 246 1746 τὸν
273 1696 383 1764 βίον
412 1697 477 1750 ὲκ
515 1695 667 1750 τοῦδε
693 1695 786 1749 τοῦ
817 1697 1132 1768 τραύματος
1159 1699 1561 1768 καταστρέψαι.

723 1895 975 1947 ΚΕΦΛΛ.
1012 1893 1157 1959 Kq'.

161 1983 292 2050 Περὶ
321 1985 425 2051 τῆς
455 1987 802 2059 Μαρκιανοῇ
833 1985 1323 2059 ἑπαγαστᾲσεως,
1348 1987 1448 2041 καὶ
1476 1982 1571 2041 οἶα
1593 1989 1727 2059 περὶ

692 2057 909 2109 τοῦτον
940 2073 1018 2109 συ
1026 2056 1168 2121 νέϐη
1179 2097 1191 2108 .

224 2154 373 2207 Μετά
426 2153 602 2208 ταῦτα
665 2156 960 2226 διενεχθεὶς
1017 2159 1154 2226 πρὸς
1201 2159 1427 2228 Ζήνωνα
1470 2162 1728 2231 Μαρκια-

159 2243 241 2308 νδς
273 2245 421 2314 (56),
455 2248 586 2309 παῖς
633 2247 733 2315 μὲν
760 2248 1049 2318 Ἀνθεμέου
1085 2249 1181 2302 τοῦ
1222 2249 1441 2321 Ῥώμης
1476 2251 1727 2320 βασιλεύ-

164 2352 376 2400 σαντος,
427 2338 588 2406 κῆδος
634 2338 692 2391 δὲ
741 2338 878 2408 πρὸς
924 2339 1129 2393 Λέοντα
1171 2339 1262 2392 τὸν
1309 2341 1729 2414 βεϐασιλευκότα

162 2429 411 2499 πρότερον
464 2429 711 2500 ἐσχηκὼς
738 2471 751 2490 .
813 2431 936 2485 ἐπεὶ
984 2432 1083 2503 τὴν
1119 2435 1389 2503 νεωτέραν
1428 2435 1594 2488 αὑτοῦ
1631 2437 1727 2489 θυ-

162 2522 355 2592 γατέρα
401 2523 660 2576 Λεοντίαν
707 2525 1010 2595 ἐσῳκίσατο
1037 2566 1052 2592 ,
1113 2529 1394 2595 τυραννεῖν
1447 2529 1726 2598 ἐπειρᾶτο.

163 2614 264 2665 Καὶ
304 2615 486 2683 μάχης
531 2617 756 2686 ἰσχυρᾶς
796 2618 925 2685 περὶ
957 2620 1024 2670 τὰ
1056 2617 1302 2686 βασίλεια
1333 2621 1725 2692 συρῤαγείσης,

162 2703 248 2754 καὶ
294 2705 501 2757 πολλῶν
551 2707 892 2778 ἑκατέρωθεν
937 2713 1335 2774 πεπτωκότων,
1368 2712 1562 2782 τρέπει
1602 2717 1728 2778 τοὺς

164 2795 424 2861 ἐναντίους
443 2797 471 2849 ὁ
493 2801 835 2870 Μαρκιανόςο
871 2802 966 2855 καὶ
997 2802 1105 2854 τῶν
1137 2803 1427 2872 βασιλείων
1455 2807 1730 2877 ἐγκρατὴς

159 2887 370 2957 γέγονεν
418 2892 523 2951 ἂν,
580 2895 629 2946 εἰ
682 2893 756 2962 μὴ
789 2895 883 2947 τὸν
917 2897 1110 2966 καιρὸν
1142 2897 1412 2966 παρῆκεν,
1453 2901 1509 2961 ἐς
1541 2897 1730 2970 αὔριον

161 2979 250 3030 τὴν
275 2981 474 3050 πρᾶξιν
503 2982 959 3054 ἀναϐαλλόμενος.
996 2985 1296 3058 Ὀξυπετὴς
1325 2990 1434 3058 γάρ
1463 2990 1490 3040 ὁ
1514 2991 1728 3058 καιρὸς,

160 3068 248 3121 καὶ
297 3074 624 3140 παραπὸδας
669 3077 769 3144 μὲν
816 3075 938 3144 ἰὼν,
980 3078 1112 3141 ἴσως
1149 3079 1466 3133 ἁλίσκεται·
1505 3082 1641 3134 ὲπάν
1673 3084 1730 3136 δὲ

1831 602 1998 674 igitur
2046 618 2169 656 cum
2196 618 2397 672 corpus
2427 618 2688 657 exercere
2712 602 2899 666 vellet,
2939 617 3145 670 equum
3180 600 3282 654 sibi
3315 601 3411 655 ad-

1829 691 1955 747 duci
1986 693 2168 763 jussit.
2195 692 2442 761 Cumque
2469 692 2726 748 stratoris
2754 692 2960 745 auxilio
2981 691 3406 760 haudquaquam

1829 785 1909 839 uti
1943 785 2164 849 soleret,
2195 784 2310 854 ipse
2338 784 2392 838 in
2429 800 2634 854 equum
2671 783 2883 838 insiliit.
2913 784 3103 853 Equus
3138 799 3292 848 vero,
3319 793 3403 837 ut-

1827 888 1956 946 pote
2003 877 2304 932 iudomitus
2349 894 2412 933 ac
2461 878 2635 941 ferox,
2661 893 2783 930 cum
2821 876 3200 930 Theodericus
3232 877 3411 945 ipsum

1829 966 2097 1020 ambabus
2130 967 2280 1020 tibiis
2316 967 2562 1020 nondum
2600 966 2888 1034 amplexus
2915 973 3082 1021 esset.
3115 965 3412 1016 anteriori-

1830 1057 1934 1112 bus
1964 1057 2198 1127 pedibus
2235 1057 2290 1111 in
2336 1058 2571 1111 sublime
2611 1057 2795 1121 elatis,
2832 1055 3237 1125 posterioribus
3276 1055 3415 1108 dun-

1832 1158 1978 1202 taxat
2019 1148 2273 1201 insistere
2297 1157 2463 1216 atque
2505 1147 2714 1218 ingredi
2752 1144 3105 1215 cmpit.Adeo
3135 1153 3198 1198 ut
3231 1143 3413 1197 Theo-

1830 1239 2053 1293 dericus
2103 1255 2228 1293 cum
2279 1255 2422 1308 equo
2481 1255 2582 1294 suo
2634 1247 2875 1299 certans.
2930 1254 2994 1291 ac
3039 1252 3217 1305 neque
3259 1237 3413 1290 illum

1829 1331 1988 1385 freno
2029 1331 2309 1385 retrahere
2343 1345 2532 1395 ausus,
2585 1347 2653 1384 ne
2694 1337 2968 1384 retractus
3005 1345 3175 1398 supra
3233 1328 3412 1396 ipsum

1831 1424 2073 1487 caderet,
2113 1439 2291 1493 neque
2323 1423 2378 1477 in
2423 1424 2556 1478 sella
2606 1424 2841 1476 firmiter
2875 1422 3174 1483 inhaerens,
3203 1421 3306 1474 hac
3359 1429 3415 1474 et

1832 1514 1955 1569 illac
1970 1515 2178 1570 circum
2197 1526 2473 1585 ageretur,
2492 1517 2768 1584 hastzeque
2785 1514 3069 1582 cuspidem
3087 1514 3413 1582 impelleret.

1829 1608 1961 1673 ρυω
1990 1609 2043 1662 in
2069 1625 2195 1662 eum
2231 1609 2453 1677 oblique
2483 1608 2737 1676 impacta,
2764 1607 2907 1659 latus
2936 1607 3056 1676 ejus
3084 1603 3413 1658 vulneravit.

1829 1697 1961 1753 Inde
1997 1698 2164 1768 igitur
2195 1699 2249 1752 in
2283 1699 2482 1752 lectum
2520 1698 2756 1759 delatus,
2790 1712 2915 1751 cum
2954 1710 3161 1764 paucos
3184 1693 3304 1748 dies
3324 1709 3417 1748 su-

1830 1791 2178 1860 pervixisset.
2199 1806 2266 1846 ex
2289 1808 2354 1845 eo
2389 1791 2617 1843 vulnere
2649 1789 2910 1844 decessit.

2441 1902 2593 1955 CAP.
2629 1900 2818 1954 XXVI.

1900 1992 1978 2047 De
2017 1995 2295 2048 rebellione
2326 1994 2611 2058 Marciani,
2643 2003 2691 2045 et
2720 1991 2844 2060 quid
2883 1991 3048 2044 cidem
3075 1988 3343 2042 acciderit.

1902 2173 2032 2226 Post
2077 2173 2192 2226 haec
2239 2171 2586 2232 Marcianus,
2625 2169 2771 2223 filius
2816 2168 3097 2222 Anthemii
3153 2168 3271 2234 ejus
3317 2167 3412 2235 qui

1832 2265 2018 2318 nonne
2075 2264 2387 2332 imperavit.
2442 2261 2618 2316 alliuis
2672 2268 2855 2313 autem
2908 2259 3109 2312 Leonis
3141 2260 3232 2328 qui
3291 2272 3416 2313 ante.

1829 2354 2108 2409 Zenonem
2141 2353 2430 2422 imperium
2456 2360 2671 2405 rexerat
2708 2351 2725 2419 {
2757 2351 2878 2420 ejus
2906 2350 3054 2405 enim
3087 2350 3251 2403 filiam
3284 2359 3415 2401 natu

1830 2447 2102 2501 minorem
2125 2487 2140 2506 .
2175 2446 2458 2499 Leontiam
2511 2445 2759 2506 nomine,
2789 2458 3016 2496 uxorem
3063 2442 3355 2508 duxerat),
3386 2459 3414 2493 a

1830 2538 2050 2592 Zenone
2083 2537 2378 2598 dissidens,
2406 2534 2753 2606 tyrannidem
2776 2533 3033 2603 abripere
3061 2541 3292 2586 conatus
3309 2540 3413 2583 est.

1829 2629 2242 2696 Commissaque
2266 2626 2413 2696 gravi
2444 2641 2627 2694 pugna
2659 2625 2806 2680 circa
2832 2623 3116 2693 palatium.
3160 2631 3217 2676 et
3244 2621 3412 2691 pluri-

1830 2721 1934 2773 mis
1956 2734 2020 2772 ex
2055 2726 2286 2786 utraque
2320 2725 2473 2786 parte
2505 2715 2694 2778 caesis,
2738 2714 3044 2768 Marcianus
3072 2712 3419 2766 adversarios

1832 2812 1887 2866 in
1922 2811 2104 2881 fugam
2138 2809 2324 2871 vertit,
2356 2809 2660 2878 eodemque
2688 2808 2895 2877 impetu
2939 2807 3202 2876 palatium
3249 2821 3418 2860 oecu-

1831 2904 2090 2974 pavisset,
2120 2903 2227 2958 nisi
2260 2918 2322 2957 re
2349 2902 2402 2956 in
2427 2901 2736 2957 crastinum
2763 2901 2908 2955 diem
2938 2901 3127 2961 dilata,
3161 2909 3422 2968 opportun-

1831 2993 2059 3047 nitatem
2093 2993 2256 3063 360
2293 3009 2324 3046 e
2378 2991 2634 3046 manibus
2677 2991 2821 3045 elabi
2870 2990 3110 3044 suisset.
3168 2988 3420 3042 Volueris

1831 3084 1981 3138 enim
2011 3095 2096 3138 est
2123 3084 2361 3148 occasio,
2395 3093 2452 3138 et
2474 3084 2604 3136 dum
2630 3082 2699 3136 ad
2729 3082 2898 3152 pedes
2925 3083 3147 3152 quidem
3181 3081 3419 3143 advofat,

162 3162 251 3230 τὴν
297 3163 466 3236 λαϐὴν
517 3168 830 3236 διαδράσοι,
885 3175 1316 3243 μετεωροπορεῖ,
1353 3173 1484 3244 γελᾷ
1514 3193 1571 3226 τε
1605 3179 1728 3239 τοὺς

1837 3178 2066 3233 forsitan
2087 3177 2426 3247 apprehendi
2461 3188 2677 3247 potest:
2708 3177 2802 3230 ubi
2830 3193 2961 3230 vero
2994 3192 3188 3229 manus
3209 3175 3419 3244 effuge-

137 3252 478 3322 ’διώκοντας,
539 3259 759 3325 ὲφικτὸς
805 3261 993 3325 αὐτοῖς
1039 3262 1226 3315 λοιπὸν
1268 3265 1369 3317 οὐκ
1401 3265 1725 3336 ἀνεχόμενος

163 3340 313 3401 εἶναι.
342 3347 508 3400 Ὅθεν
536 3348 730 3418 ἀμέλει
761 3355 808 3406 οἱ
833 3353 1070 3408 πλᾶσται
1099 3355 1194 3409 καὶ
1218 3356 1519 3427 ζωγράφοι,
1547 3359 1724 3428 κόμην

1838 3268 1931 3334 rit,
1965 3269 2018 3322 in
2052 3269 2289 3324 sublime
2318 3268 2520 3329 avolat,
2559 3266 2814 3336 ridetquc
2837 3283 2934 3320 eos
2963 3267 3053 3334 qui
3083 3269 3251 3335 ipsam
3275 3266 3423 3318 inse-

1834 3370 2104 3430 quuntur,
2170 3374 2275 3414 nec
2324 3358 2562 3428 amplius
2622 3357 2688 3412 ad
2737 3373 2833 3412 eos
2868 3357 3124 3410 advolare
3167 3356 3420 3410 sustinet.

1439 3494 1676 3549 VARI/‘3
1718 3497 2125 3553 LECTIONES.

230 3587 276 3619 ⁷³
303 3587 364 3643 C.
397 3587 460 3645 C.
491 3586 916 3660 ἀνασειροιζειν.

1346 3703 1621 3760 VALESII
1663 3705 2222 3762 ANNOTATIONES.

167 3798 275 3852 lum
317 3807 379 3853 ut
419 3800 671 3869 jaciatur.
703 3799 1010 3869 Hesychius
1052 3798 1434 3869 διηγκυλίσθαι
1483 3802 1733 3869 exponit,

168 3871 458 3940 τδὲνεῖραι
490 3871 620 3931 τοὺς
655 3869 953 3932 δακτύλους
980 3872 1046 3939 τῇ
1074 3869 1286 3940 ἀγκύλῃ
1320 3869 1412 3922 τοῦ
1443 3871 1693 3922 ἀκοντίου
1720 3889 1733 3902 ·

168 3937 378 3993 τίθεται
397 3940 455 3992 δὲ
481 3941 578 3993 καὶ
594 3940 819 4010 ἑπὶῌτοῦ
850 3937 1068 4007 ἕτοιμον
1090 3937 1367 3995 εἶναιζΞίο
1395 3941 1737 4010 ἀγκυλητοὺς

170 4009 458 4080 κοττάϐους
486 4010 628 4065 dixit
666 4008 980 4080 Eschylus,
1010 4010 1334 4080 metaphora
1368 4008 1604 4078 sumpta
1631 4012 1738 4064 ἀπὸ

170 4081 272 4151 τῶν
321 4079 584 4151 δοράτων,
618 4079 1070 4151 ἆπεράγκυλητά
1115 4079 1212 4133 καὶ
1238 4081 1557 4149 μεσάγκυλα
1605 4083 1735 4135 ἐκά-

167 4149 306 4206 low.
335 4149 395 4205 ut
449 4151 644 4205 scribit
687 4150 1010 4205 Eustathius
1055 4152 1122 4204 ad
1168 4151 1371 4205 librum
1430 4151 1736 4205 secundum

169 4219 370 4274 Iliadis.
405 4222 615 4291 Duplex
651 4233 834 4276 autem
866 4229 985 4276 erat
1016 4237 1147 4275 usus
1172 4221 1399 4275 amenti.
1426 4221 1558 4275 Nam
1589 4232 1643 4275 et
1672 4221 1741 4276 ad

172 4291 692 4360 apprehendendum
723 4293 966 4362 jaculum
987 4291 1351 4354 conducebat,
1367 4300 1423 4346 et
1450 4301 1510 4346 ut
1529 4293 1738 4362 majore

172 4362 368 4430 impetu
403 4362 648 4426 ferretur
681 4363 733 4416 in
765 4362 1000 4416 hostem.

237 4432 346 4500 (34)
395 4431 682 4498 Ἀναϐολῇ
709 4432 777 4484 δὲ
805 4434 917 4486 οὐκ
945 4431 1162 4498 εἰωθὼς
1190 4431 1469 4499 χρῆσθαι.
1498 4433 1556 4486 1η
1593 4434 1740 4502 opti-

171 4517 255 4554 mo
281 4501 470 4557 codice
505 4503 826 4556 Florentino
862 4503 1066 4557 diserte
1100 4504 1366 4573 scriptum
1397 4503 1577 4558 iuveni
1606 4501 1739 4558 ἀνα-

173 4573 330 4635 εολεί,
361 4573 833 4642 quemadmodum
885 4573 988 4626 viri
1039 4573 1186 4627 docti
1219 4643 1223 4644 ί
1258 4573 1547 4644 legendum
1614 4590 1739 4628 esse

171 4643 537 4709 eoujecerant.
571 4644 669 4697 Est
723 4653 907 4697 autem
966 4643 1282 4706 ἀναϐολεύς,
1322 4643 1498 4713 quem
1557 4644 1739 4698 Latini

171 4723 459 4767 stratorem
511 4723 734 4775 vocant,
771 4714 866 4781 qui
905 4713 1190 4768 dominum
1232 4715 1288 4768 in
1317 4730 1520 4782 equum
1560 4715 1740 4769 levare

173 4782 325 4847 solet,
361 4794 421 4837 ιιι
456 4791 698 4854 testatur
727 4783 924 4838 Suidas
955 4802 968 4837 :
1004 4785 1147 4853 apud
1180 4801 1343 4854 quem
1373 4793 1551 4839 exstat
1589 4785 1743 4840 locus

171 4855 368 4924 veteris
398 4853 718 4924 scriptoris,
753 4854 846 4923 qui
869 4854 937 4908 de
959 4870 1085 4923 rege
1109 4853 1390 4908 MaSinissa
1422 4855 1494 4908 ita
1524 4855 1742 4920 scribit,

182 4924 238 4974 Ὀ
254 4923 315 4995 δὲ
334 4923 830 4995 Μασσανίσσαςγη
842 4926 1012 4991 ράσας
1036 4925 1204 4977 ἵππου
1237 4926 1410 4995 χωρὶς
1435 4925 1742 4989 ἀναϐολέως

172 4993 468 5064 ἐπέϐαινεν.
491 4995 599 5050 Ubi
619 4993 819 5048 Suidas
833 4995 1163 5049 vocabulum
1182 4993 1446 5050 ἀναϐολέα
1473 4995 1742 5064 sumpsis-

173 5077 228 5116 se
256 5063 472 5136 videtur
496 5080 602 5133 pro
630 5064 774 5136 scala
795 5081 957 5136 quam
987 5067 1150 5136 vulgo
1165 5065 1444 5135 stapedam
1463 5063 1742 5120 vocamus.

240 5132 348 5198 (35)
397 5132 838 5206 Ἀνιισειρζζεινί.
867 5132 1231 5206 δοῖ-ἰὺοιῐόιιηι
1253 5132 1412 5206 ’ρυιο
1445 5137 1740 5204 ἀνασειρά-

174 5202 301 5276 ξειν,
332 5213 390 5260 ut
421 5206 629 5275 legitur
683 5205 738 5258 in
775 5205 968 5260 codice
1001 5202 1332 5260 Telleriano.
1359 5207 1434 5261 lla
1469 5207 1614 5261 enim
1645 5202 1744 5276 ipo-

174 5275 334 5348 stulat
395 5277 672 5346 analogia,
707 5285 773 5348 ut
820 5292 850 5330 a
909 5279 1074 5348 πεῖρα
1109 5279 1169 5330 lit
1212 5277 1515 5348 πειράζειν.
1547 5275 1744 5332 Suidas

174 5345 547 5417 ἀνασειράζειν
572 5345 824 5416 exponit.
848 5346 1152 5410 ἀνθέλκειν,
1175 5347 1547 5417 ἀναχαλινοῦν.
1589 5348 1748 5402 Nice-

175 5414 377 5538 Bhorué
432 5427 618 5471 autem
653 5414 775 5486 ‘pro
816 5417 921 5471 hac
975 5434 1110 5472 voce
1151 5414 1334 5486 posuit
1374 5418 1742 5472 ἀναστέλλειν.

214 5501 338 5538 orro
380 5503 532 5538 mors
562 5487 896 5538 Theoderici
933 5488 1163 5538 contigit
1202 5505 1350 5538 anno
1378 5488 1581 5538 Christi
1617 5489 1741 5538 481-

214 5501 338 5542 orro
380 5503 532 5542 mors
562 5487 896 5542 Theoderici
933 5488 1163 5558 contigit
1202 5505 1350 5543 anno
1378 5488 1581 5543 Christi
1617 5489 1742 5554 48!,

1842 3811 1904 3856 ιιι
1953 3811 2184 3855 testatur
2230 3801 2581 3854 Marcellinus
2634 3803 2687 3854 in
2741 3801 3020 3856 Chronico.
3062 3801 3151 3856 his
3181 3799 3417 3866 verbis;

1847 3871 2090 3926 Placidia
2115 3871 2226 3925 solo
2255 3889 2360 3924 cos.
2399 3873 2739 3925 Theodericus
2775 3872 2971 3926 Triarii
3020 3870 3162 3937 [ilius
3199 3888 3292 3924 rex
3318 3872 3424 3925 Go-

1844 3944 2074 4001 thorum.
2103 3944 2278 3995 ascitis
2303 3944 2409 3995 suis
2453 3958 2614 4012 usque
2659 3943 2728 3994 ad
2765 3942 3035 4006 Auaplum
3063 3984 3076 4003 ,
3109 3951 3302 4004 quarto
3331 3960 3425 3994 ur-

1844 4014 1922 4066 bis
1950 4012 2207 4066 milliaria
2235 4013 2445 4066 advenit
2466 4030 2482 4076 ;
2506 4011 2641 4065 nulli
2661 4022 2836 4064 tamen
2859 4013 3214 4065 Ilmunuorum
3241 4013 3426 4064 noxius

1846 4084 2096 4136 continuo
2136 4099 2372 4136 reversus
2399 4092 2495 4136 est.
2524 4081 2696 4136 Porro
2719 4085 2773 4136 iu
2798 4082 3071 4150 Illyricum
3110 4097 3422 4148 promritus,

1847 4153 1974 4206 dum
2032 4155 2172 4207 inter
2218 4170 2435 4206 suorum
2483 4155 2744 4206 moventia
2781 4153 3023 4222 plaustra
3066 4151 3423 4219 progreditur,

1839 4224 2070 4293 jacentis
2111 4241 2267 4292 super
2295 4233 2601 4292 carpentum
2629 4223 2720 4276 teli
2750 4225 3009 4284 acumine,
3040 4231 3087 4274 et
3144 4237 3424 4288 pavescen-

1850 4295 1916 4347 tis
1958 4296 2076 4364 equi
2100 4295 2180 4348 sui
2213 4294 2530 4364 impulsione
2560 4293 2698 4362 ﬁxus
2748 4294 3307 4362 trausverberutusque
3340 4293 3426 4344 iu-

1850 4365 2012 4418 teriit.

1923 4435 2031 4502 (36)
2064 4433 2223 4488 Μετὰ
2253 4435 2436 4487 ταῦτα
2459 4435 2820 4500 Μαρκιανός.
2840 4434 3205 4503 Theophanes
3221 4440 3428 4503 motum

1849 4504 1996 4558 hunc
2024 4504 2306 4565 Marciani,
2345 4505 2577 4574 perinde
2604 4521 2667 4558 ac
2697 4504 2964 4569 Evagrius
3000 4501 3231 4574 noster:
3255 4501 3426 4574 refert

1847 4575 2030 4629 statim
2065 4584 2187 4644 post
2219 4572 2431 4628 obitum
2463 4575 2784 4628 Theodoriti
2818 4574 3020 4627 Triarii
3055 4573 3173 4626 lilii.
3203 4572 3427 4644 Dissen-

1849 4645 1917 4699 tit
1960 4641 2142 4699 tamen
2207 4645 2450 4699 Malchus
2503 4646 2557 4698 in
2598 4645 2840 4699 Historia
2875 4645 3190 4714 Byzantina.
3227 4641 3431 4714 Scribit

1855 4715 2003 4769 enim
2029 4715 2430 4770 Theodericum
2457 4715 2733 4769 Triarium
2761 4712 2944 4768 audita
2977 4715 3249 4768 seditione
3285 4712 3427 4764 Mar-

1850 4786 2016 4850 ciani,
2053 4785 2199 4841 illiCo
2235 4786 2535 4841 contractis
2558 4785 2871 4854 ingentibus
2895 4785 3090 4854 copiis.
3119 4782 3432 4854 Constanti-

1850 4855 2093 4926 nopolim
2125 4872 2319 4912 versus
2348 4853 2653 4926 profectum
2683 4871 2802 4909 esse
2841 4873 2854 4908 :
2893 4853 3076 4925 specie
3115 4853 3338 4922 quidem
3368 4862 3427 4906 ut

1851 4927 2174 4996 imperatori
2205 4927 2486 4996 suppetias
2519 4926 2692 4979 ferret
2726 4942 2740 4978 :
2777 4940 2965 4996 revera
3009 4935 3191 4996 tamen
3219 4932 3278 4996 ut
3331 4938 3428 4975 ιπε-

1851 4995 1974 5051 hem
2003 4998 2208 5066 regiam
2239 4995 2554 5066 oceuparet.
2578 4996 2752 5051 Verba
2779 4995 2994 5058 Malchi,
3028 4997 3071 5049 si
3102 4995 3426 5066 quislegere

1851 5063 2173 5130 desiderat,
2240 5063 2510 5121 habentur
2569 5082 2690 5136 pag.
2750 5067 2819 5120 86
2899 5066 3164 5121 editionis
3226 5063 3426 5136 ltegim.

1844 5137 1997 5191 Adde
2031 5138 2176 5206 quod
2213 5138 2516 5207 Procopius
2540 5134 2794 5191 Marciani
2841 5137 3030 5190 frater.
3067 5146 3230 5207 capto
3285 5134 3426 5207 Mar-

1845 5209 2006 5279 eiano
2027 5203 2082 5264 et
2106 5203 2530 5279 profligata-ejus
2589 5207 2897 5277 tyrannide,
2930 5208 2996 5262 ad
3023 5203 3428 5279 Tlteodoricum

1849 5277 1903 5332 in
1935 5275 2200 5334 Graeciam
2232 5275 2762 5349 profugit.tCttmque
2783 5279 2930 5332 Zeno
2966 5279 3130 5349 missa
3163 5275 3430 5349 lega_tionc

1851 5365 1978 5402 eum
2022 5351 2127 5404 sibi
2190 5344 2314 5404 dedi
2364 5344 2688 5417 postularet;
2726 5365 3010 5419 nunquam
3075 5348 3128 5419 id
3153 5344 3432 5419 a’Theo-

1849 5419 2041 5474 clerico
2076 5421 2413 5489 impetravit,
2451 5429 2511 5473 ut
2543 5417 3040 5474 scribitCau'didus
3073 5418 3129 5471 in
3153 5417 3297 5472 libro
3339 5429 3430 5468 se-

1851 5491 2056 5557 cundo,
2089 5501 2146 5544 et
2184 5490 2428 5545 Malchus
2459 5491 2514 5543 in
2543 5491 2688 5544 libro
2715 5491 2826 5560 jam
2856 5491 3048 5546 citato.

1621 5601 1704 5652 VA
1715 5597 1926 5656 lllORU
1937 5599 2004 5656 Μ.

240 5698 316 5763 lu)
343 5697 406 5750 El
439 5694 526 5766 μὴ
558 5694 668 5750 τὸν
698 5695 909 5762 καιρὸν
939 5694 1232 5766 παρῆκεν.
1261 5694 1344 5749 Ad
1393 5709 1564 5766 emine
1609 5710 1752 5764 epu-

177 5763 250 5816 las
290 5763 660 5835 somnumque
704 5763 1071 5836 capiendum,
1121 5765 1287 5820 rebus
1325 5765 1568 5836 nondum
1620 5763 1752 5833 per-

175 5837 328 5902 actis,
362 5854 420 5894 se
471 5836 753 5894 convertit
775 5835 851 5892 ’ut
885 5845 1119 5893 testatur
1153 5835 1536 5906 Theophanes.
1577 5838 1750 5891 Porro

1857 5695 2005 5768 hunc
2028 5703 2277 5768 Hmolum
2304 5695 2582 5768 Antonius
2616 5697 2743 5767 Pagi
2775 5696 3074 5768 contigisse
3103 5703 3260 5764 putat
3283 5709 3432 5768 anno

1854 5764 1985 5822 Chr.
2013 5767 2151 5833 478,
2189 5777 2281 5822 aut
2317 5766 2442 5824 479.
2475 5767 2622 5836 (Vid.
2653 5764 2778 5823 eum
2808 5769 2876 5823 ad
2903 5764 3035 5822 ann.
3064 5768 3192 5835 ‘82,
3219 5783 3276 5820 n.
3321 5766 3430 5834 l7.)
