4096 6468
660 413 793 479 2651

1862 423 2179 485 EVAGRII
2220 425 2707 489 SCHOLASTICI

3765 431 3905 496 2652

655 532 847 603 Itaque
883 532 1120 604 pictores
1148 545 1203 590 et
1233 536 1485 591 statuarii
1524 552 1736 592 comam
1773 537 1825 592 ei
1868 554 1898 592 a
1927 538 2107 593 fronte
2141 537 2237 593 de—

2339 540 2647 611 ἔμπροσθεν
2699 541 2956 606 καθέντες
3003 540 3191 612 αὐτῷ,
3242 541 3343 611 τὴν
3389 540 3641 613 κεφαλην
3684 542 3904 597 ὄπισθεν

659 626 903 691 mittunt,
941 636 999 681 et
1048 627 1368 698 occipitium
1411 628 1479 682 ad
1530 639 1712 684 cutem
1760 645 1937 699 usque
1983 628 2231 683 radunt:

658 718 961 787 prudenter
1020 719 1312 775 admodum
1380 720 1793 776 subindicantes
1861 722 2231 785 occasionem,

658 810 901 876 quandiu
948 810 1170 881 quidem
1214 828 1244 866 a
1286 824 1438 883 tergo
1472 813 1743 878 imminet,
1799 829 1955 868 coma
1996 813 2233 868 demissa

658 900 817 955 facile
866 903 1205 973 apprehendi
1260 919 1420 973 posse
1448 922 1461 958 :
1493 903 1712 973 quando
1739 913 1921 957 autem
1948 903 2233 974 prazcedit,

657 993 878 1060 penitus
908 995 1169 1065 elfugere,
1207 996 1411 1050 nullam
1439 1012 1625 1051 ansam
1656 1012 1764 1067 qua
1794 996 2065 1066 capiatur,
2098 1010 2237 1063 prte-

658 1086 878 1140 bentem
924 1088 1373 1156 insequentibus.
1405 1087 1559 1155 Quod
1590 1090 1812 1160 quidem
1854 1099 1985 1143 tunc
2036 1086 2237 1141 accidit

661 1177 935 1235 Marciano
969 1199 982 1235 :
1015 1180 1109 1251 qui
1141 1197 1266 1236 cum
1302 1182 1649 1237 occasionem
1681 1182 1788 1254 ipsi
1820 1183 2059 1236 oblatam
2086 1180 2234 1236 elabi

659 1272 898 1335 sivisset,
936 1272 1188 1327 eamdem
1239 1282 1431 1343 postea
1491 1290 1817 1344 recuperare
1871 1292 1983 1329 non
2030 1277 2232 1345 potuit.

658 1361 887 1415 Postero
909 1361 1057 1415 enim
1086 1361 1175 1415 die
1202 1376 1231 1414 a
1261 1362 1376 1416 suis
1398 1363 1671 1432 proditus,
1704 1372 1760 1418 et
1798 1364 1950 1419 solus
1982 1365 2232 1432 relictus,

657 1452 904 1523 confugit
963 1454 1031 1507 ad
1089 1453 1377 1508 Basilicam
1442 1464 1758 1510 sanctorum
1830 1456 2229 1526 apostolorum.

656 1547 814 1603 Unde
859 1565 957 1619 per
1003 1550 1112 1604 vim
1174 1561 1480 1619 extractus,
1532 1553 1833 1609 Cmsaream
1876 1554 2233 1625 Cappadociae

656 1640 953 1711 relegatur.
984 1642 1063 1696 lbi
1094 1658 1218 1698 cum
1250 1659 1308 1699 se
1334 1646 1624 1701 monachis
1663 1647 1989 1717 quibusdam
2035 1664 2233 1719 aggre-

655 1731 913 1802 gavisset,
961 1742 1149 1803 postea
1184 1735 1365 1805 fugam
1415 1738 1669 1793 meditari
1707 1740 2085 1809 deprehensus
2125 1751 2229 1796 est.

2335 629 2395 682 ἐν
2432 630 2548 701 χρῷ
2589 630 2857 703 ξυρῶσιν·
2909 627 2968 685 εὖ
3011 631 3157 702 μάλα
3196 631 3376 699 σοφῶς
3408 632 3799 701 αἰνιττόμενοι,
3830 634 3906 697 ὡς

2332 723 2662 788 ὀπισθόπους
2695 724 2794 794 μὲν
2824 725 3126 794 τυγχάνων,
3162 722 3240 792 τῷ
3269 722 3577 795 καθειμένῳ
3605 725 3705 796 τῆς
3733 725 3907 795 κόμης

2336 814 2466 879 ἴσως
2493 820 2812 887 κρατεῖται·
2850 817 3264 888 ἐμπροσθὸπους
3290 816 3347 869 δὲ
3377 817 3692 887 γενόμενος,
3722 817 3906 871 τέλεον

2333 908 2656 978 διαφεύγει,
2708 908 2809 961 οὐκ
2855 908 2993 978 ἔχων
3042 909 3149 978 ὅτῳ
3180 908 3478 979 κρατηθείη
3521 907 3603 977 τῷ
3635 907 3905 961 διώκοντι.

2339 1002 2518 1071 Ὅπερ
2550 1000 2644 1054 καὶ
2692 1001 2789 1053 ἐπὶ
2829 1001 3136 1072 Μαρκιανῴ
3179 1004 3392 1069 γέγονε,
3423 1001 3516 1053 τὸν
3557 999 3660 1069 μὲν
3690 999 3910 1052 εὔθετον

2334 1092 2485 1162 αὑτῷ
2516 1093 2707 1163 καιρὸν
2738 1091 3065 1146 ἀπολέσαντι
3084 1132 3100 1158 ,
3149 1093 3389 1163 ἐξευρεῖν
3417 1090 3475 1144 δὲ
3504 1090 3702 1143 τοῦτον
3724 1089 3911 1142 λοιπὸν

2331 1186 2393 1239 οὐ
2437 1184 2737 1255 δυνηθέντι.
2788 1186 2918 1239 Ἀνὰ
2949 1184 3059 1254 γὰρ
3097 1184 3197 1254 τὴν
3225 1184 3351 1255 ἑξῆς
3384 1182 3522 1253 πρὸς
3550 1180 3661 1234 τῶν
3691 1181 3910 1234 οἰκείων

2334 1276 2795 1350 καταπροδοθεὶς,
2855 1277 2950 1330 καὶ
2999 1276 3160 1344 μόνος
3197 1274 3577 1343 ἀποληφθεὶς,
3637 1273 3911 1341 πέφευγεν

2332 1370 2437 1426 ἀνὰ
2451 1372 2513 1425 τὸ
2532 1368 2758 1440 τέμενος
2771 1367 2881 1421 τῶν
2902 1366 3204 1421 θεσπεσίων
3237 1364 3595 1418 Ἀποστόλων·
3622 1363 3837 1416 ἐκεῖθέν
3852 1380 3911 1413 τε

2334 1463 2475 1535 πρὸς
2526 1462 2648 1532 βίας
2694 1458 3056 1530 ἀφελκυσθεὶς
3078 1497 3094 1522 ,
3142 1460 3223 1521 εἰς
3258 1458 3595 1525 Καισάρειαν
3624 1455 3786 1508 πόλιν
3815 1454 3911 1524 τῆς

2334 1554 2724 1610 Καππαδοκῶν
2749 1552 3097 1617 ἐξοικίζεται.
3130 1548 3241 1603 Καί
3267 1566 3376 1602 τισι
3406 1548 3663 1617 μοναχοῖς
3690 1561 3913 1612 συναγεο

2332 1648 2663 1717 λαζόμενος,
2718 1645 2945 1716 ὕστερον
2993 1643 3251 1713 ἐφωράθη
3304 1640 3484 1694 λαθεῖν
3524 1639 3761 1692 ἐθέλων
3817 1636 3911 1689 καὶ

2334 1740 2475 1811 πρὸς
2528 1738 2622 1792 τοῦ
2672 1736 2936 1808 βασιλέως
2998 1736 3056 1797 ἐς
3100 1733 3315 1803 Ταρσὸν
3361 1735 3461 1801 τῆς
3506 1730 3767 1792 Κιλικίας
3821 1730 3911 1780 ἐκ·

655 1819 827 1886 Quam
858 1822 929 1875 ob
982 1838 1202 1877 causam
1249 1825 1319 1878 ab
1364 1826 1695 1895 imperatore
1744 1829 1974 1884 Tarsum
2024 1830 2232 1886 Cilicia:

2339 1832 2642 1903 πεμφθεὶς,
2678 1830 2774 1883 καὶ
2808 1828 2907 1895 τὴν
2935 1827 3113 1897 κόμην
3144 1824 3504 1892 ἀποθέμενος,
3539 1819 3912 1889 πρεσϐύτερος

654 1911 1002 1981 deportatus,
1030 1915 1258 1970 detonsa
1288 1892 1456 1971 coma
1471 1921 1758 1991 presbyter
1796 1931 1881 1976 est
1918 1922 2227 1979 ordinatus.

2339 1892 2745 1993 χειροτονεῖται.
2801 1892 3119 1988 Γέγραπται
3150 1914 3324 1967 ταῦτα
3365 1909 3593 1981 κομψῶς
3627 1906 3911 1975 Εὐσταθὶῳ

652 2003 831 2073 Atque
867 2005 981 2060 haec
1009 2007 1233 2077 quidem
1275 2012 1344 2065 ab
1376 2010 1665 2067 Eustatbio
1703 2013 1839 2085 Syro
1875 2016 2079 2085 scripta
2101 2026 2232 2073 sunt
2329 2015 2408 2087 τῷ
2440 2014 2617 2087 Σύρῳ.

654 2097 953 2167 eleganter.

1236 2215 1391 2269 CAP.
1432 2215 1643 2269 XXVII.

980 2304 1058 2358 De
1109 2307 1391 2376 tyrannide
1429 2306 1519 2360 Illi
1555 2321 1617 2360 ac
1652 2306 1875 2363 Leontii.

723 2416 874 2471 Idem
904 2417 1227 2472 Eustathius
1256 2417 1453 2473 scribit
1494 2419 1772 2475 Zenonem
1801 2421 2117 2476 innumeras
2148 2421 2234 2475 in-

655 2509 825 2565 sidias
869 2509 1136 2564 adversus
1175 2510 1430 2564 Verinam
1478 2526 1699 2565 socrum
1746 2527 1901 2567 suam
1943 2514 2229 2578 struxisse,

655 2600 989 2670 tandemque
1015 2616 1137 2655 eam
1174 2601 1227 2654 in
1256 2601 1505 2656 Ciliciam
1536 2603 1825 2672 relegasse.
1857 2604 2049 2659 Postea
2078 2618 2230 2669 vero,

654 2712 779 2751 cum
810 2696 939 2751 lllus
971 2696 1316 2767 tyrannidem
1346 2704 1707 2765 occupasset,
1748 2696 1949 2751 Verina
1988 2697 2045 2749 in
2076 2696 2236 2765 Papi-

654 2791 803 2844 rium
829 2798 1068 2844 castrum
1106 2788 1383 2859 migravit,
1412 2789 1599 2857 ibique
1632 2788 1871 2843 excessit
1892 2803 1923 2841 e
1952 2788 2087 2841 vita.
2126 2788 2234 2842 Res

654 2890 921 2954 praterea
949 2881 1030 2935 illi
1059 2882 1127 2935 ab
1157 2881 1353 2935 eodem
1392 2881 1661 2950 scriptore
1697 2878 2104 2950 elegantissime
2136 2894 2234 2932 ex-

654 2981 938 3042 ponuntur
971 2990 984 3025 :
1018 2971 1523 3041 quedmadmodum
1554 2988 1678 3025 cum
1706 2987 1736 3025 a
1771 2971 1989 3024 Zenone
2021 2968 2236 3024 insidiis

656 3067 937 3137 appetitus
965 3065 1181 3129 fuisset,
1212 3064 1472 3135 effugerit
1503 3081 1515 3117 :
1546 3072 1716 3131 utque
1736 3062 1884 3115 Zeno
1919 3076 2044 3115 eum
2070 3076 2233 3130 quem

656 3157 726 3211 ad
766 3155 1215 3211 interficiendum
1264 3154 1426 3208 Illum
1477 3152 1843 3219 submiserat,
1884 3152 1981 3205 Illo
2027 3166 2235 3204 necan-

2919 2212 3170 2283 KEQAA.
3206 2211 3336 2263 ιη’.

2439 2304 2578 2372 Περὶ
2611 2301 2719 2370 τῆς
2744 2302 3101 2370 τυραννίδος
3134 2296 3337 2354 Ἰλλοῦ
3366 2294 3463 2349 καὶ
3494 2292 3809 2349 Λεοντιου.

2418 2418 2478 2471 '0
2508 2416 2670 2477 αὐτὸς
2713 2414 2918 2484 γράφει
2957 2412 3049 2467 τὸν
3079 2413 3302 2480 Ζήνωνα
3334 2410 3430 2462 καὶ
3452 2406 3658 2478 Βερινῃ
3689 2407 3754 2475 τῇ
3784 2420 3909 2456 πεν-

2333 2508 2471 2579 θερᾷ
2523 2506 2725 2578 μυρίας
2770 2504 3064 2566 ἐπιϐουλὰς
3099 2502 3271 2572 ῥάψαι
3292 2516 3308 2532 ·
3364 2497 3504 2569 μετὰ
3528 2496 3585 2549 δὲ
3613 2494 3790 2548 ταῦτα
3819 2493 3911 2546 καὶ

2332 2600 2471 2671 πρὸς
2523 2599 2624 2668 τὴν
2668 2596 2910 2650 Κιλίκων
2957 2593 3242 2662 ἐκπέμψαι
3282 2589 3489 2660 χώραν.
3542 2586 3816 2653 ’Υστερον
3856 2583 3911 2635 δὲ

2337 2692 2638 2765 μεταϐῆναι
2664 2688 2867 2757 ταύτην
2895 2686 3029 2755 πρὸς
3054 2686 3115 2737 τὸ
3143 2682 3413 2749 Παπιρίου
3434 2678 3729 2747 λεγόμενον
3752 2674 3913 2747 φρού-

2336 2802 2479 2858 ριον,
2525 2782 2684 2835 Ἰλλοῦ
2734 2779 3168 2849 τυραννήσαντος
3189 2817 3202 2839 ,
3248 2774 3433 2827 αὐτόθι
3464 2789 3523 2825 τε
3554 2771 3648 2823 τὸν
3678 2769 3794 2838 βίον
3821 2769 3911 2820 ἐκ·

2334 2856 2526 2929 λιπεῖν.
2579 2873 2689 2927 Καὶ
2728 2871 2798 2923 τὰ
2835 2868 2979 2922 κατὰ
2998 2866 3193 2920 Ἰλλοῦν
3220 2864 3278 2917 δὲ
3309 2862 3510 2933 γράφει
3546 2860 3694 2931 μάλα
3722 2856 3913 2924 λογίως

2337 2972 2365 3022 6
2400 2966 2694 3027 Εὑστὰθιος
2712 3003 2729 3026 ,
2758 2964 2908 3023 ὅπως
2940 2960 3078 3028 πρὸς
3108 2956 3203 3009 τοῦ
3230 2957 3475 3025 Ζήνωνος
3504 2944 3913 3007 ἐπιϐουλευθεὶς

2336 3061 2558 3129 διέφυγε
2580 3099 2594 3122 ,
2645 3058 2739 3108 καὶ
2785 3056 2935 3115 ὅπως
2979 3052 3005 3103 6
3039 3052 3226 3118 Ζήνων
3256 3047 3350 3100 τὸν
3381 3041 3700 3112 ἀποσφάξαι
3727 3038 3915 3092 τοῦτον

2340 3146 2786 3219 προσταχθέντα,
2846 3146 2904 3207 ἐς
2950 3142 3180 3195 θάνατον
3227 3138 3529 3199 ἐκδέδωκε,
3586 3132 3779 3202 μισθὸν
3819 3132 3915 3198 τῆς

659 3250 792 3304 dum
842 3247 1162 3313 tradiderit;
1224 3246 1423 3315 capitis
1479 3246 1914 3314 amputationem
1970 3242 2237 3295 mercedis

2343 3239 2645 3307 ἀποτυχίας
2666 3238 2764 3305 τὴν
2786 3234 2884 3301 τῆς
2904 3231 3149 3301 κεφαλῆς
3166 3230 3406 3299 ἐκτομὴν
3426 3225 3579 3296 αὑτῷ
3598 3221 3918 3292 παρασχών.

657 3340 783 3395 loco
820 3342 871 3395 ei
902 3339 1232 3410 rependens,
1266 3352 1333 3392 eo
1355 3336 1502 3406 quod
1527 3344 1723 3389 conatu
1749 3333 2060 3389 excidisset.
2083 3333 2239 3385 Illum

661 3447 880 3501 quoque
923 3431 1247 3502 magistrum
1286 3427 1586 3484 Orientalis
1617 3427 1825 3480 militia:
1880 3425 2240 3489 renuntiavit,

660 3521 893 3575 studens
926 3528 984 3573 ut
1014 3519 1245 3572 occulta:
1268 3524 1457 3571 essent
1486 3514 1698 3570 insidia:
1726 3530 1862 3584 quas
1882 3513 1933 3569 ei
1960 3530 2244 3583 compara-

660 3614 764 3667 vit.
791 3613 924 3667 Ilius
991 3626 1161 3675 vero,
1201 3609 1375 3663 ascito
1443 3608 1499 3663 in
1531 3608 1849 3662 societatem
1886 3607 2137 3667 Leontio.
2188 3614 2245 3660 et

662 3704 842 3758 Marso
883 3702 1006 3757 viro
1054 3702 1306 3772 egregio,
1361 3716 1424 3754 ac
1484 3699 1829 3769 Pamprepio,
1880 3700 1947 3752 ad
2005 3699 2245 3753 Orientis

664 3802 855 3865 partes
908 3792 1171 3862 perrexit.
1222 3790 1411 3845 Refert
1457 3789 1657 3846 deinde
1711 3789 1857 3845 idem
1899 3790 2242 3853 Eustathius,

663 3884 944 3955 quomodo
978 3883 1245 3937 Leontius
1272 3882 1416 3951 apud
1450 3882 1681 3936 Tarsum
1711 3880 1917 3937 Cilicia:
1948 3881 2247 3950 imperator

662 3986 1017 4045 nuncupatus
1046 3978 1118 4031 sit
1150 3994 1163 4029 :
1198 3982 1254 4030 et
1294 3990 1457 4044 quem
1508 3974 1601 4029 isti
1636 3973 1945 4045 tyrannidis
1984 3989 2099 4027 sum
2126 3972 2247 4025 fru-

663 4080 815 4125 ctum
853 4070 1219 4140 perceperint.
1266 4067 1402 4124 Cum
1452 4067 1830 4122 Theodericus
1877 4066 1963 4119 vir
2020 4065 2246 4118 natione

662 4163 898 4229 Gothus,
928 4172 986 4218 et
1013 4162 1107 4232 qui
1142 4161 1285 4231 apud
1317 4162 1596 4216 Romanos
1621 4169 1741 4215 erat
1771 4159 2019 4218 illustris.
2051 4157 2248 4211 adver-

664 4270 760 4309 sus
784 4270 880 4311 eos
906 4256 1107 4309 missus
1137 4263 1285 4308 esset
1331 4269 1455 4309 cum
1492 4252 1736 4307 exercitu
1770 4251 2140 4305 Romanorum
2173 4248 2247 4302 si-

666 4347 780 4401 mul
811 4362 875 4401 ac
907 4346 1297 4403 barbarorum.
1326 4347 1477 4403 ldem
1518 4344 1841 4401 Eustathius
1882 4343 2117 4412 eleganti
2148 4342 2246 4395 ad-

666 4440 893 4495 modum
927 4441 1068 4511 ston
1122 4440 1327 4496 caedem
1378 4453 1575 4495 eorum
1617 4434 1904 4499 describit,
1931 4449 2070 4503 quos
2098 4432 2247 4488 Zeno

665 4536 966 4590 crudeliter
997 4534 1180 4589 necari
1204 4534 1385 4604 jussit,
1421 4531 1564 4586 hanc
1585 4529 1667 4585 eis
1694 4526 2004 4582 mercedem
2044 4540 2245 4594 repen-

2351 3330 2447 3381 Ὂν
2479 3329 2574 3379 καὶ
2607 3322 2911 3394 στρατηγὸν
2942 3324 2970 3375 6
2997 3321 3184 3389 Ζήνων
3213 3318 3323 3371 τῶν
3353 3315 3536 3385 Ἐῲων
3568 3311 3917 3367 ἀποδείκνυσι

2342 3420 2645 3486 δυνάμεων,
2674 3418 2734 3468 τὸ
2762 3415 2948 3467 λαθεῖν
2979 3409 3525 3483 πραγματευόμενος.
3563 3405 3622 3457 Ὀ
3647 3404 3725 3467 δὲ,
3758 3402 3919 3455 Λεόν-

2341 3531 2457 3567 τιον
2486 3507 3069 3581 προσεταιρισάμενος,
3102 3504 3327 3572 Μάρσον
3358 3518 3417 3553 τε
3448 3494 3607 3552 06v"
3634 3496 3806 3566 ἄνδρα
3836 3492 3918 3546 δό-

2344 3620 2542 3672 κιμον,
2600 3599 2695 3653 καὶ
2743 3594 3105 3667 Παμπρέπιον
3144 3592 3246 3646 ἀνὰ
3279 3590 3348 3643 τὰ
3380 3592 3478 3658 τῆς
3517 3585 3691 3656 Ἑῴας
3729 3584 3919 3651 γέγονε

2349 3700 2511 3767 μέρη.
2570 3688 2704 3745 Εἶτα
2734 3689 2835 3760 τὴν
2862 3687 3115 3741 Λεοντίου
3152 3684 3456 3755 ἀνάρρησιν
3621 3679 3679 3739 ἐς
3710 3672 3919 3744 Ταρσὸν

2345 3791 2444 3857 τῆς
2477 3786 2730 3846 Κιλικίας
2760 3780 3061 3850 γενομένην
3080 3796 3094 3809 ·
3133 3779 3280 3838 ὅπως
3306 3791 3366 3827 τε
3398 3774 3491 3826 καὶ
3522 3766 3670 3825 οὗτοι
3698 3769 3799 3837 τῆς
3823 3784 3918 3821 τυ-

2349 3876 2590 3950 ραννίδος
2642 3875 2965 3934 ἀπώναντο,
3026 3868 3351 3937 Θευδερίχου
3409 3864 3545 3916 κατ’
3595 3859 3779 3914 αὐτῶν
3831 3861 3921 3915 ἐκτ

2348 3967 2695 4037 πεμφθέντος
2718 4006 2730 4029 ,
2788 3963 2979 4033 ἀνδρὸς
3012 3959 3215 4013 Γότθου
3268 3957 3328 4011 τὸ
3362 3955 3520 4025 γένος
3566 3953 3919 4022 ὑπάρχοντος,

2348 4061 2498 4130 παρὰ
2531 4056 2827 4126 Ῥωμαιοις
2853 4071 2911 4106 τε
2942 4049 3009 4106 αὖ
3041 4050 3317 4119 ἐπισήμου
3340 4089 3354 4111 ,
3388 4047 3527 4117 μετὰ
3552 4044 3844 4115 ἡμεδαπῆς
3865 4058 3923 4095 τε

2348 4153 2443 4204 καὶ
2474 4146 2779 4214 ἀλλοδαπῆς
2812 4142 3113 4211 δυνάμεως.
3131 4138 3473 4215 Ἀναγράφει
3488 4136 3547 4187 δὲ
3576 4133 3725 4203 μᾶλα
3749 4132 3923 4199 copia;

2347 4247 2375 4299 6
2396 4242 2558 4304 αὐτὸς
2580 4238 2898 4301 Εὐστὰθιος,
2922 4235 3017 4288 καὶ
3036 4233 3163 4294 τοὺς
3185 4231 3432 4292 δειλαέως
3456 4226 3841 4300 ἀνῃρημένους
3856 4226 3921 4293 (υ)

2348 4337 2487 4408 πρὸς
2516 4335 2761 4405 Ζήνωνος
2795 4331 2917 4383 ἀντὶ
2942 4329 3040 4398 τῆς
3070 4329 3128 4391 ἐς
3151 4324 3314 4379 αὑτὸν
3344 4322 3557 4383 εὐνοίας
3581 4358 3597 4380 ,
3631 4319 3728 4372 καὶ
3756 4319 3839 4371 ὅτι
3863 4331 3921 4383 γε

2349 4431 2378 4483 6
2400 4426 2726 4495 Θευδέριχος
2747 4423 2845 4492 τῆς
2864 4418 3160 4487 ἐπιϐουλῆς
3178 4417 3424 4487 Ζήνωνος
3448 4411 3775 4479 αἰσθόμενος
3791 4409 3919 4478 (57).

2351 4521 2445 4574 ἐπὶ
2496 4520 2596 4587 τὴν
2651 4513 3029 4587 πρεσϐυτέραν
3064 4507 3285 4578 Ῥώμην
3330 4505 3626 4575 ἀναχωρεῖ.
3683 4501 3839 4563 Τινὲς
3869 4500 3923 4552 δέ

663 4624 803 4679 dens
831 4592 1229 4680 benevolentiae
1262 4638 1371 4693 qua
1396 4622 1576 4693 ipsum
1602 4618 1873 4691 complexi
1906 4592 2125 4673 fuerant
2150 4630 2165 4667 :
2196 4624 2237 4670 el

2354 4628 2541 4681 φασιν,
2574 4610 2651 4672 ὡς
2674 4610 2771 4662 καὶ
2799 4605 3049 4676 ὑποθήκῃ
3072 4602 3319 4674 Ζήνωνος
3344 4594 3479 4669 (58)·
3514 4595 3614 4650 καὶ
3645 4592 3925 4663 Ὀὂόακρον

1960 4726 2205 4785 VAHIE
2246 4723 2661 4783 LECTIONES.

744 4839 789 4871 ⁷³
822 4836 887 4892 C.
917 4834 980 4891 C.
1013 4830 1106 4891 αὖ.

1842 4893 2114 4950 VALESII
2164 4888 2730 4950 ANNOTATIONES.

743 5004 857 5074 ('57)
896 4997 1012 5074 τῇς
1060 4994 1301 5074 ,ϐουλῆς
1362 4994 1742 5074 ιρξιξνθόμιςνεοςἶ
1767 4992 1993 5074 Rectius
2027 4991 2084 5044 in
2106 5061 2119 5074 _
2140 5004 2244 5074 ms.

669 5060 861 5134 coutcé
920 5060 1573 5129 Florentino'scribitur,
1596 5064 1697 5133 τῆς
1725 5061 2026 5131 ἐπιϐουλῆς
2066 5060 2249 5114 αισθά-

677 5162 861 5219 paves.-

745 5201 857 5286 (58)
888 5210 987 5277 Ὠς
1005 5209 1101 5286 καὶ
1128 5206 1403 5286 ὐποθῄκῃ
1438 5202 1945 5286 Ζήνωνοςτ-Ηιῇυε
1972 5201 2092 5283 loci.
2120 5216 2251 5286 sen-

2349 4986 2578 5061 punctio
2630 4981 2807 5061 fraudi
2868 4979 2992 5035 fuit.
3020 4979 3135 5061 Ego
3161 4993 3296 5061 vero
3339 4975 3523 5061 media
3574 4974 3924 5061 distinctiope

2352 5046 2477 5129 post
2523 5053 2850 5129 baac_verb_a
2894 5046 3167 5129 apposita,
3197 5048 3380 5129 lucem
3413 5047 3563 5128 huic.
3595 5046 3924 5129 locgattuli.

2352 5114 2605 5203 Aitenim
2634 5114 3061 5203 Evagriusduas
3084 5116 3511 5203 causas'aﬁ'erri.

2355 5198 2535 5252 ricum
2577 5186 2949 5263 impulissent,
2975 5199 3039 5245 ut
3081 5190 3150 5263 ad
3180 5187 3413 5263 _ltali_am
3461 5186 3921 5263 proficisceretur,

674 5255 1620 5348 suﬁvéoi‘vilfériidi'iiiiériiétes'
1647 5255 2052 5344 qﬁisds‘piav'a'
2080 5271 2257 5325 inter-
2357 5267 2542 5323 Prima
2568 5255 2675 5330 est,
2707 5263 2856 5334 quod
2896 5261 3047 5317 Zeno
3072 5259 3130 5315 ei
3178 5255 3559 5314 insidiaretur.
3595 5255 3707 5311 Alii
3751 5266 3921 5310 autem

2128 5377 2519 5437 VARIORUM.

752 5494 824 5563 (υ)
855 5488 1002 5563 τοὺς
1030 5486 1319 5563 mutue
1360 5483 1793 5563 ιξνηρηιίένους-
1828 5479 2263 5563 Marcellinum
2369 5477 2599 5563 ᾴενίειιε.
2622 5489 2717 5563 να
2749 5463 3930 5563 emiseram1'32“‘£':£""‘-§33’:1'?::

678 5538 1068 5620 (ςιιῖόηξεῖἑυιὶ
1086 5538 1398 5613 ῐὸξέζξιήιίί
1426 5538 1705 5617 ὴίεο
1752 5538 1968 5606 liabet:
2012 5550 2262 5620 Leontius
2368 5549 2425 5620 in
2470 5545 2691 5620 Italiam
2725 5542 2931 5620 __tendi_t.
2992 5540 3369 5620 Theodericus
3428 5538 3574 5620 ιιιρᾷ
3616 5538 3929 5620 cognomine

678 5617 884 5689 interea
908 5646 1003 5684 rea:
1029 5638 1081 5682 et
1113 5627 1245 5682 Ilius
1278 5634 1538 5696 tyrannus
1564 5623 1694 5693 llqui
1725 5620 2070 5693 tyrannidem
2107 5617 2261 5674 abri-
2368 5618 2618 5680 Amalus,
2643 5617 2853 5669 Italiam
2881 5617 3163 5683 ingressus
3186 5619 3270 5665 est
3296 5622 3444 5662 anno
3474 5617 3599 5668 489,
3630 5617 3834 5659 bellum
3860 5617 3928 5658 tut

681 5710 921 5757 nuerant
944 5714 1087 5754 anno
1110 5699 1235 5757 482)
1282 5698 1337 5750 in
1366 5696 1601 5757 Dapyrio
1627 5693 1857 5748 Isauria:
1878 5690 2094 5745 castello
2120 5690 2263 5757 capti
2367 5688 2537 5757 gessit
2567 5700 2691 5741 cum
2724 5682 3161 5757 0doacre_ltalia3
3191 5695 3316 5757 rege
3336 5692 3481 5734 anno
3641 5674 3930 5757 Odoacrem

681 5710 1087 5775 puerantanno
1110 5699 1235 5769 482)
1366 5690 1857 5775 anyrio'lsau'ria:
1878 5690 2094 5775 castello
2120 5707 2180 5775 cu

2368 5618 2618 5680 Amalus,
2643 5615 2853 5669 Italiam
2881 5614 3163 5683 ingressus
3186 5619 3270 5665 est
3296 5622 3444 5662 anno
3474 5606 3606 5683 ὁδε),
3629 5603 3834 5683 bellum
3860 5603 3928 5658 ibi

683 5744 1234 5841 EE?62iEIa5Jé";&iJI
1284 5744 2263 5841 ξίᾳῇἱῖιῖΰι-ενονὶιιὶι-ϐοῃεεαηιίηοεοάιη
2368 5744 2594 5841 ᾆοοίᾶὶι,
2627 5764 2686 5837 et
2715 5769 2943 5841 regnum
2976 5751 3144 5841 [Italiae
3174 5744 3285 5841 sibi
3343 5748 3581 5804 asseruit
3630 5760 3779 5802 anno
3816 5744 3928 5803 495.

686 5843 882 5909 allata,
906 5832 1128 5913 prwﬁxa
1159 5832 1432 5894 hastilibus
1454 5835 1682 5890 tabuerc.
1715 5833 1913 5889 Eodem
1936 5849 2077 5888 anno
2102 5832 2262 5887 Theo-

2362 5830 2518 5902 juxta
2548 5821 2800 5882 rationes
2823 5824 2951 5879 Ant.
2982 5822 3107 5890 Pagi
3133 5821 3199 5876 ad
3232 5835 3329 5878 eos
3356 5834 3550 5874 annos.
