  <div class='ocr_page' id='page_1' title='image "/cluster/home/n/w/nwhite01/storage/ocr_20150623/88 pt.2/uva.x004575615/474.png"; bbox 0 0 4096 6478; ppageno 0'>
   <div class='ocr_carea' id='block_1_1' title="bbox 115 464 249 529">
    <p class='ocr_par' dir='ltr' id='par_1_1' title="bbox 115 464 249 529">
     <span class='ocr_line' id='line_1_1' title="bbox 115 464 249 529; baseline 0.007 -1"><span class='ocrx_word' id='word_1_1' title='bbox 115 464 249 529; x_wconf 76' lang='grc'><strong>⁸2653</strong></span> 
     </span>
    </p>
   </div>
   <div class='ocr_carea' id='block_1_2' title="bbox 1018 475 2470 542">
    <p class='ocr_par' dir='ltr' id='par_1_2' title="bbox 1018 475 2470 542">
     <span class='ocr_line' id='line_1_2' title="bbox 1018 475 2470 542; baseline 0.001 -7"><span class='ocrx_word' id='word_1_2' title='bbox 1018 475 1410 540; x_wconf 64' lang='lat' dir='ltr'><strong>HISTORIA!</strong></span> <span class='ocrx_word' id='word_1_3' title='bbox 1448 480 2045 541; x_wconf 60' lang='lat' dir='ltr'><strong>ECCLESIAS’I‘ICZE</strong></span> <span class='ocrx_word' id='word_1_4' title='bbox 2080 482 2314 542; x_wconf 84' lang='lat' dir='ltr'><strong>LIBER</strong></span> <span class='ocrx_word' id='word_1_5' title='bbox 2354 479 2470 539; x_wconf 92' lang='lat' dir='ltr'>III.</span> 
     </span>
    </p>
   </div>
   <div class='ocr_carea' id='block_1_3' title="bbox 3241 475 3387 543">
    <p class='ocr_par' dir='ltr' id='par_1_3' title="bbox 3241 475 3387 543">
     <span class='ocr_line' id='line_1_3' title="bbox 3241 475 3387 543; baseline -0.027 0"><span class='ocrx_word' id='word_1_6' title='bbox 3241 475 3387 543; x_wconf 65' lang='lat'><strong>2654</strong></span> 
     </span>
    </p>
   </div>
   <div class='ocr_carea' id='block_1_4' title="bbox 120 580 1726 661">
    <p class='ocr_par' dir='ltr' id='par_1_4' title="bbox 120 580 1726 661">
     <span class='ocr_line' id='line_1_4' title="bbox 120 580 1726 661; baseline 0.008 -30"><span class='ocrx_word' id='word_1_7' title='bbox 120 581 259 650; x_wconf 74' lang='grc' dir='ltr'>μάχη</span> <span class='ocrx_word' id='word_1_8' title='bbox 304 580 589 650; x_wconf 75' lang='grc' dir='ltr'><strong>κρατήσας</strong></span> <span class='ocrx_word' id='word_1_9' title='bbox 612 620 626 644; x_wconf 89' lang='grc'><strong>,</strong></span> <span class='ocrx_word' id='word_1_10' title='bbox 682 581 773 650; x_wconf 77' lang='grc' dir='ltr'><strong>ὑφ’</strong></span> <span class='ocrx_word' id='word_1_11' title='bbox 808 581 1000 637; x_wconf 73' lang='grc' dir='ltr'>ἑαυτὸν</span> <span class='ocrx_word' id='word_1_12' title='bbox 1034 588 1135 657; x_wconf 82' lang='grc' dir='ltr'>τὴν</span> <span class='ocrx_word' id='word_1_13' title='bbox 1172 586 1393 661; x_wconf 83' lang='grc' dir='ltr'><strong>Ῥώμην</strong></span> <span class='ocrx_word' id='word_1_14' title='bbox 1422 592 1683 655; x_wconf 87' lang='grc' dir='ltr'>ποιεῖται,</span> <span class='ocrx_word' id='word_1_15' title='bbox 1715 624 1726 650; x_wconf 71' lang='grc' dir='ltr'><em>Α</em></span> 
     </span>
    </p>
   </div>
   <div class='ocr_carea' id='block_1_5' title="bbox 1830 580 3382 661">
    <p class='ocr_par' dir='ltr' id='par_1_5' title="bbox 1830 589 3382 660">
     <span class='ocr_line' id='line_1_5' title="bbox 1830 589 3382 660; baseline 0 -16"><span class='ocrx_word' id='word_1_16' title='bbox 1830 591 2065 645; x_wconf 90' lang='lat' dir='ltr'><strong>uomodo</strong></span> <span class='ocrx_word' id='word_1_17' title='bbox 2090 590 2488 654; x_wconf 89' lang='lat' dir='ltr'><strong>Theodericus,</strong></span> <span class='ocrx_word' id='word_1_18' title='bbox 2512 604 2641 644; x_wconf 86' lang='lat' dir='ltr'><strong>eum</strong></span> <span class='ocrx_word' id='word_1_19' title='bbox 2659 589 3182 659; x_wconf 78' lang='lat' dir='ltr'><strong>Zenonisladversus</strong></span> <span class='ocrx_word' id='word_1_20' title='bbox 3198 590 3382 660; x_wconf 79' lang='lat'><strong>359‘</strong></span> 
     </span>
    </p>
   </div>
   <div class='ocr_carea' id='block_1_6' title="bbox 120 670 949 739">
    <p class='ocr_par' dir='ltr' id='par_1_6' title="bbox 120 670 949 739">
     <span class='ocr_line' id='line_1_6' title="bbox 120 670 949 739; baseline -0.011 -16"><span class='ocrx_word' id='word_1_21' title='bbox 120 670 253 738; x_wconf 76' lang='grc' dir='ltr'><strong>ρἦα</strong></span> <span class='ocrx_word' id='word_1_22' title='bbox 284 671 705 739; x_wconf 81' lang='grc' dir='ltr'>προσονομὰσας</span> <span class='ocrx_word' id='word_1_23' title='bbox 734 672 949 727; x_wconf 61' lang='grc' dir='ltr'><strong>ἑαυτόν⁸</strong></span> 
     </span>
    </p>
   </div>
   <div class='ocr_carea' id='block_1_7' title="bbox 1802 680 3383 750">
    <p class='ocr_par' dir='ltr' id='par_1_7' title="bbox 1802 680 3383 750">
     <span class='ocr_line' id='line_1_7' title="bbox 1802 680 3383 750; baseline 0 -16"><span class='ocrx_word' id='word_1_24' title='bbox 1802 682 1981 750; x_wconf 88' lang='lat' dir='ltr'><strong>ipsum</strong></span> <span class='ocrx_word' id='word_1_25' title='bbox 2034 682 2263 736; x_wconf 86' lang='lat' dir='ltr'><strong>insidias</strong></span> <span class='ocrx_word' id='word_1_26' title='bbox 2311 682 2694 750; x_wconf 77' lang='lat' dir='ltr'><strong>comperisset,</strong></span> <span class='ocrx_word' id='word_1_27' title='bbox 2744 680 2973 735; x_wconf 91' lang='lat' dir='ltr'><strong>Romam</strong></span> <span class='ocrx_word' id='word_1_28' title='bbox 3033 696 3091 735; x_wconf 90' lang='lat' dir='ltr'><strong>se</strong></span> <span class='ocrx_word' id='word_1_29' title='bbox 3126 683 3383 735; x_wconf 87' lang='lat' dir='ltr'><strong>contulit.</strong></span> 
     </span>
    </p>
   </div>
   <div class='ocr_carea' id='block_1_8' title="bbox 118 760 3389 843">
    <p class='ocr_par' dir='ltr' id='par_1_8' title="bbox 118 760 3389 843">
     <span class='ocr_line' id='line_1_8' title="bbox 118 760 3389 843; baseline 0.004 -30"><span class='ocrx_word' id='word_1_30' title='bbox 118 761 216 814; x_wconf 79' lang='lat' dir='ltr'><strong>Alii</strong></span> <span class='ocrx_word' id='word_1_31' title='bbox 250 761 444 816; x_wconf 86' lang='lat' dir='ltr'><strong>dicunt</strong></span> <span class='ocrx_word' id='word_1_32' title='bbox 474 760 715 816; x_wconf 87' lang='lat' dir='ltr'><strong>Zenonis</strong></span> <span class='ocrx_word' id='word_1_33' title='bbox 784 778 949 819; x_wconf 89' lang='lat' dir='ltr'><strong>suasu</strong></span> <span class='ocrx_word' id='word_1_34' title='bbox 983 766 1034 821; x_wconf 91' lang='lat' dir='ltr'><strong>id</strong></span> <span class='ocrx_word' id='word_1_35' title='bbox 1071 782 1101 821; x_wconf 92' lang='lat' dir='ltr'><strong>a</strong></span> <span class='ocrx_word' id='word_1_36' title='bbox 1172 769 1518 827; x_wconf 85' lang='lat' dir='ltr'><strong>Theoderico</strong></span> <span class='ocrx_word' id='word_1_37' title='bbox 1557 771 1763 827; x_wconf 90' lang='lat' dir='ltr'><strong>factum</strong></span> <span class='ocrx_word' id='word_1_38' title='bbox 1806 772 1998 829; x_wconf 80' lang='lat' dir='ltr'><strong>fuisse.</strong></span> <span class='ocrx_word' id='word_1_39' title='bbox 2047 774 2151 839; x_wconf 86' lang='lat' dir='ltr'><strong>Qui</strong></span> <span class='ocrx_word' id='word_1_40' title='bbox 2204 784 2461 829; x_wconf 86' lang='lat' dir='ltr'><strong>conserto</strong></span> <span class='ocrx_word' id='word_1_41' title='bbox 2517 774 2725 843; x_wconf 65' lang='lat' dir='ltr'><strong>praelia,</strong></span> <span class='ocrx_word' id='word_1_42' title='bbox 2761 790 2886 827; x_wconf 88' lang='lat' dir='ltr'><strong>cum</strong></span> <span class='ocrx_word' id='word_1_43' title='bbox 2921 774 3235 830; x_wconf 88' lang='lat' dir='ltr'><strong>Odoacrum</strong></span> <span class='ocrx_word' id='word_1_44' title='bbox 3290 790 3389 829; x_wconf 88' lang='lat' dir='ltr'><strong>su—</strong></span> 
     </span>
    </p>
   </div>
   <div class='ocr_carea' id='block_1_9' title="bbox 117 853 2895 935">
    <p class='ocr_par' dir='ltr' id='par_1_9' title="bbox 117 853 2895 935">
     <span class='ocr_line' id='line_1_9' title="bbox 117 853 2895 935; baseline 0.004 -29"><span class='ocrx_word' id='word_1_45' title='bbox 117 862 375 922; x_wconf 79' lang='lat' dir='ltr'><strong>perasset,</strong></span> <span class='ocrx_word' id='word_1_46' title='bbox 428 853 660 909; x_wconf 83' lang='lat' dir='ltr'><strong>Romam</strong></span> <span class='ocrx_word' id='word_1_47' title='bbox 713 855 817 909; x_wconf 90' lang='lat' dir='ltr'><strong>sub</strong></span> <span class='ocrx_word' id='word_1_48' title='bbox 852 865 1183 925; x_wconf 88' lang='lat' dir='ltr'><strong>potestatem</strong></span> <span class='ocrx_word' id='word_1_49' title='bbox 1237 878 1391 917; x_wconf 89' lang='lat' dir='ltr'><strong>suam</strong></span> <span class='ocrx_word' id='word_1_50' title='bbox 1449 863 1691 935; x_wconf 76' lang='lat' dir='ltr'><strong>redegit,</strong></span> <span class='ocrx_word' id='word_1_51' title='bbox 1732 865 1879 935; x_wconf 79' lang='lat' dir='ltr'><strong>regis</strong></span> <span class='ocrx_word' id='word_1_52' title='bbox 1910 864 2175 920; x_wconf 80' lang='lat' dir='ltr'><strong>duntaxat</strong></span> <span class='ocrx_word' id='word_1_53' title='bbox 2211 866 2439 919; x_wconf 90' lang='lat' dir='ltr'><strong>nomine</strong></span> <span class='ocrx_word' id='word_1_54' title='bbox 2462 865 2567 919; x_wconf 89' lang='lat' dir='ltr'><strong>sibi</strong></span> <span class='ocrx_word' id='word_1_55' title='bbox 2588 875 2895 933; x_wconf 85' lang='lat' dir='ltr'><strong>assumpto.</strong></span> 
     </span>
    </p>
   </div>
   <div class='ocr_carea' id='block_1_10' title="bbox 675 974 1125 1030">
    <p class='ocr_par' dir='ltr' id='par_1_10' title="bbox 675 974 1125 1030">
     <span class='ocr_line' id='line_1_10' title="bbox 675 974 1125 1030; baseline 0.009 -3"><span class='ocrx_word' id='word_1_56' title='bbox 675 974 929 1027; x_wconf 81' lang='grc' dir='ltr'><strong>ΚΕΦΑΛ.</strong></span> <span class='ocrx_word' id='word_1_57' title='bbox 988 978 1125 1030; x_wconf 84' lang='lat' dir='ltr'><strong>KH&#39;.</strong></span> 
     </span>
    </p>
   </div>
   <div class='ocr_carea' id='block_1_11' title="bbox 256 1067 1552 1138">
    <p class='ocr_par' dir='ltr' id='par_1_11' title="bbox 256 1067 1552 1138">
     <span class='ocr_line' id='line_1_11' title="bbox 256 1067 1552 1138; baseline 0.003 -15"><span class='ocrx_word' id='word_1_58' title='bbox 256 1067 395 1135; x_wconf 79' lang='grc' dir='ltr'>Περὶ</span> <span class='ocrx_word' id='word_1_59' title='bbox 428 1068 790 1136; x_wconf 76' lang='grc' dir='ltr'>Μομμιανοῦ</span> <span class='ocrx_word' id='word_1_60' title='bbox 815 1106 830 1128; x_wconf 85' lang='grc'><strong>.</strong></span> <span class='ocrx_word' id='word_1_61' title='bbox 859 1069 955 1121; x_wconf 83' lang='grc' dir='ltr'><strong>καί</strong></span> <span class='ocrx_word' id='word_1_62' title='bbox 984 1068 1105 1122; x_wconf 75' lang='grc' dir='ltr'>τῶν</span> <span class='ocrx_word' id='word_1_63' title='bbox 1132 1071 1323 1138; x_wconf 77' lang='grc' dir='ltr'>ἔργων</span> <span class='ocrx_word' id='word_1_64' title='bbox 1342 1073 1552 1127; x_wconf 82' lang='grc' dir='ltr'>αὐτοῦ.</span> 
     </span>
    </p>
   </div>
   <div class='ocr_carea' id='block_1_12' title="bbox 194 1179 1697 1256">
    <p class='ocr_par' dir='ltr' id='par_1_12' title="bbox 194 1179 1697 1256">
     <span class='ocr_line' id='line_1_12' title="bbox 194 1179 1697 1256; baseline 0.004 -23"><span class='ocrx_word' id='word_1_65' title='bbox 194 1179 328 1233; x_wconf 78' lang='grc' dir='ltr'>Ὑπὸ</span> <span class='ocrx_word' id='word_1_66' title='bbox 348 1180 461 1242; x_wconf 84' lang='grc' dir='ltr'>τοῖς</span> <span class='ocrx_word' id='word_1_67' title='bbox 487 1181 697 1250; x_wconf 70' lang='grc' dir='ltr'>χρόνοις</span> <span class='ocrx_word' id='word_1_68' title='bbox 724 1181 993 1249; x_wconf 84' lang='grc' dir='ltr'>Ζήνωνος,</span> <span class='ocrx_word' id='word_1_69' title='bbox 1020 1183 1225 1251; x_wconf 79' lang='grc' dir='ltr'>ἱστορεῖ</span> <span class='ocrx_word' id='word_1_70' title='bbox 1238 1184 1494 1255; x_wconf 81' lang='grc' dir='ltr'>Ἰωάννης</span> <span class='ocrx_word' id='word_1_71' title='bbox 1520 1187 1547 1238; x_wconf 85' lang='grc' dir='ltr'>ὁ</span> <span class='ocrx_word' id='word_1_72' title='bbox 1571 1186 1697 1256; x_wconf 84' lang='grc' dir='ltr'><strong>Ῥή-</strong></span> 
     </span>
    </p>
   </div>
   <div class='ocr_carea' id='block_1_13' title="bbox 120 1272 1699 1346">
    <p class='ocr_par' dir='ltr' id='par_1_13' title="bbox 120 1272 1699 1346">
     <span class='ocr_line' id='line_1_13' title="bbox 120 1272 1699 1346; baseline 0.003 -21"><span class='ocrx_word' id='word_1_73' title='bbox 120 1291 224 1345; x_wconf 88' lang='grc' dir='ltr'><strong>τωρ</strong></span> <span class='ocrx_word' id='word_1_74' title='bbox 250 1273 583 1342; x_wconf 81' lang='grc' dir='ltr'>Μαμμιανὸν</span> <span class='ocrx_word' id='word_1_75' title='bbox 627 1272 689 1337; x_wconf 72' lang='grc' dir='ltr'><strong>ἐξ</strong></span> <span class='ocrx_word' id='word_1_76' title='bbox 738 1274 1060 1345; x_wconf 74' lang='grc' dir='ltr'>ὲπιδιφρίων</span> <span class='ocrx_word' id='word_1_77' title='bbox 1104 1274 1377 1346; x_wconf 75' lang='grc' dir='ltr'><strong>ἐπίσημον</strong></span> <span class='ocrx_word' id='word_1_78' title='bbox 1408 1276 1577 1346; x_wconf 78' lang='grc' dir='ltr'>ἄνδρα</span> <span class='ocrx_word' id='word_1_79' title='bbox 1607 1294 1699 1345; x_wconf 68' lang='grc' dir='ltr'>γει</span> 
     </span>
    </p>
   </div>
   <div class='ocr_carea' id='block_1_14' title="bbox 123 1365 1701 1438">
    <p class='ocr_par' dir='ltr' id='par_1_14' title="bbox 123 1365 1701 1438">
     <span class='ocr_line' id='line_1_14' title="bbox 123 1365 1701 1438; baseline 0.004 -22"><span class='ocrx_word' id='word_1_80' title='bbox 123 1365 335 1427; x_wconf 83' lang='grc' dir='ltr'>νέσθαι,</span> <span class='ocrx_word' id='word_1_81' title='bbox 377 1366 475 1418; x_wconf 72' lang='lat' dir='ltr'><strong>xal.</strong></span> <span class='ocrx_word' id='word_1_82' title='bbox 504 1365 604 1434; x_wconf 85' lang='grc' dir='ltr'><strong>τῆς</strong></span> <span class='ocrx_word' id='word_1_83' title='bbox 639 1365 946 1436; x_wconf 79' lang='grc' dir='ltr'><strong>συγκλήτου</strong></span> <span class='ocrx_word' id='word_1_84' title='bbox 994 1366 1189 1437; x_wconf 79' lang='grc' dir='ltr'>βουλῆς</span> <span class='ocrx_word' id='word_1_85' title='bbox 1232 1370 1525 1438; x_wconf 82' lang='grc' dir='ltr'>μετασχεῖν</span> <span class='ocrx_word' id='word_1_86' title='bbox 1551 1408 1566 1433; x_wconf 89' lang='grc'><strong>,</strong></span> <span class='ocrx_word' id='word_1_87' title='bbox 1604 1370 1701 1422; x_wconf 79' lang='grc' dir='ltr'><strong>καὶ</strong></span> 
     </span>
    </p>
   </div>
   <div class='ocr_carea' id='block_1_15' title="bbox 123 1441 1727 1532">
    <p class='ocr_par' dir='ltr' id='par_1_15' title="bbox 123 1441 1727 1532">
     <span class='ocr_line' id='line_1_15' title="bbox 123 1441 1727 1532; baseline 0.002 -24"><span class='ocrx_word' id='word_1_88' title='bbox 123 1458 177 1509; x_wconf 83' lang='grc' dir='ltr'>ὲν</span> <span class='ocrx_word' id='word_1_89' title='bbox 209 1457 391 1527; x_wconf 81' lang='grc' dir='ltr'>Δάφνῃ</span> <span class='ocrx_word' id='word_1_90' title='bbox 425 1456 504 1527; x_wconf 85' lang='grc' dir='ltr'>τῷ</span> <span class='ocrx_word' id='word_1_91' title='bbox 536 1458 846 1528; x_wconf 75' lang='grc' dir='ltr'><strong>προαστείῳ</strong></span> <span class='ocrx_word' id='word_1_92' title='bbox 878 1459 969 1511; x_wconf 79' lang='grc' dir='ltr'><strong>τὸν</strong></span> <span class='ocrx_word' id='word_1_93' title='bbox 1030 1458 1366 1529; x_wconf 84' lang='grc' dir='ltr'>καλούμενον</span> <span class='ocrx_word' id='word_1_94' title='bbox 1410 1441 1727 1532; x_wconf 17' lang='grc' dir='ltr'>ἀντίφορονί</span> 
     </span>
    </p>
   </div>
   <div class='ocr_carea' id='block_1_16' title="bbox 127 1549 1701 1622">
    <p class='ocr_par' dir='ltr' id='par_1_16' title="bbox 127 1549 1701 1622">
     <span class='ocr_line' id='line_1_16' title="bbox 127 1549 1701 1622; baseline 0.001 -19"><span class='ocrx_word' id='word_1_95' title='bbox 127 1549 230 1615; x_wconf 78' lang='lat'><strong>(59)</strong></span> <span class='ocrx_word' id='word_1_96' title='bbox 268 1549 733 1619; x_wconf 75' lang='grc' dir='ltr'>οἰκοδομήσασθαι</span> <span class='ocrx_word' id='word_1_97' title='bbox 766 1590 781 1615; x_wconf 94' lang='grc'><strong>,</strong></span> <span class='ocrx_word' id='word_1_98' title='bbox 818 1549 1013 1622; x_wconf 85' lang='grc' dir='ltr'>πρώην</span> <span class='ocrx_word' id='word_1_99' title='bbox 1037 1551 1316 1621; x_wconf 84' lang='grc' dir='ltr'>ἀμπέλους</span> <span class='ocrx_word' id='word_1_100' title='bbox 1341 1552 1660 1622; x_wconf 79' lang='grc' dir='ltr'>δεδεγμένον</span> <span class='ocrx_word' id='word_1_101' title='bbox 1686 1594 1701 1617; x_wconf 92' lang='grc'><strong>,</strong></span> 
     </span>
    </p>
   </div>
   <div class='ocr_carea' id='block_1_17' title="bbox 125 1640 1703 1712">
    <p class='ocr_par' dir='ltr' id='par_1_17' title="bbox 125 1640 1703 1712">
     <span class='ocr_line' id='line_1_17' title="bbox 125 1640 1703 1712; baseline 0.003 -20"><span class='ocrx_word' id='word_1_102' title='bbox 125 1640 372 1710; x_wconf 74' lang='grc' dir='ltr'>καὶπρὸς</span> <span class='ocrx_word' id='word_1_103' title='bbox 397 1641 671 1712; x_wconf 78' lang='grc' dir='ltr'>γεωργίαν</span> <span class='ocrx_word' id='word_1_104' title='bbox 701 1642 1006 1711; x_wconf 75' lang='grc' dir='ltr'>ἐπιτήδειον</span> <span class='ocrx_word' id='word_1_105' title='bbox 1046 1642 1367 1696; x_wconf 85' lang='grc' dir='ltr'>καθεστῶτα</span> <span class='ocrx_word' id='word_1_106' title='bbox 1389 1684 1405 1709; x_wconf 88' lang='grc'><strong>,</strong></span> <span class='ocrx_word' id='word_1_107' title='bbox 1441 1643 1570 1697; x_wconf 77' lang='grc' dir='ltr'>εὐθὺ</span> <span class='ocrx_word' id='word_1_108' title='bbox 1608 1642 1703 1696; x_wconf 81' lang='grc' dir='ltr'>τοῦ</span> 
     </span>
    </p>
   </div>
   <div class='ocr_carea' id='block_1_18' title="bbox 126 1726 1707 1803">
    <p class='ocr_par' dir='ltr' id='par_1_18' title="bbox 126 1726 1707 1803">
     <span class='ocr_line' id='line_1_18' title="bbox 126 1726 1707 1803; baseline 0.002 -21"><span class='ocrx_word' id='word_1_109' title='bbox 126 1731 381 1800; x_wconf 82' lang='grc' dir='ltr'>δημοσίου</span> <span class='ocrx_word' id='word_1_110' title='bbox 417 1731 705 1801; x_wconf 78' lang='grc' dir='ltr'>βαλανείου</span> <span class='ocrx_word' id='word_1_111' title='bbox 741 1748 757 1764; x_wconf 70' lang='grc'><strong>⁸</strong></span> <span class='ocrx_word' id='word_1_112' title='bbox 786 1726 846 1786; x_wconf 72' lang='grc' dir='ltr'>οὗ</span> <span class='ocrx_word' id='word_1_113' title='bbox 881 1732 1219 1803; x_wconf 81' lang='grc' dir='ltr'>Μαμμιανδς</span> <span class='ocrx_word' id='word_1_114' title='bbox 1259 1734 1288 1785; x_wconf 86' lang='grc' dir='ltr'>ὁ</span> <span class='ocrx_word' id='word_1_115' title='bbox 1327 1732 1633 1801; x_wconf 83' lang='grc' dir='ltr'>φιλόπολις,</span> <span class='ocrx_word' id='word_1_116' title='bbox 1674 1733 1707 1801; x_wconf 82' lang='grc' dir='ltr'>ὴ</span> 
     </span>
    </p>
   </div>
   <div class='ocr_carea' id='block_1_19' title="bbox 126 1822 1703 1895">
    <p class='ocr_par' dir='ltr' id='par_1_19' title="bbox 126 1822 1703 1895">
     <span class='ocr_line' id='line_1_19' title="bbox 126 1822 1703 1895; baseline -0.001 -17"><span class='ocrx_word' id='word_1_117' title='bbox 126 1825 295 1895; x_wconf 81' lang='grc' dir='ltr'>χαλκῆ</span> <span class='ocrx_word' id='word_1_118' title='bbox 341 1824 633 1879; x_wconf 79' lang='grc' dir='ltr'>ἀνάκειται</span> <span class='ocrx_word' id='word_1_119' title='bbox 679 1823 865 1880; x_wconf 85' lang='grc' dir='ltr'>είκὼν.</span> <span class='ocrx_word' id='word_1_120' title='bbox 901 1824 1031 1877; x_wconf 79' lang='grc' dir='ltr'><strong>Ἀνὰ</strong></span> <span class='ocrx_word' id='word_1_121' title='bbox 1061 1823 1119 1877; x_wconf 82' lang='grc' dir='ltr'>δὲ</span> <span class='ocrx_word' id='word_1_122' title='bbox 1149 1825 1249 1895; x_wconf 76' lang='grc' dir='ltr'>τὴν</span> <span class='ocrx_word' id='word_1_123' title='bbox 1282 1824 1439 1876; x_wconf 86' lang='grc' dir='ltr'>πόλιν</span> <span class='ocrx_word' id='word_1_124' title='bbox 1474 1824 1569 1877; x_wconf 85' lang='grc' dir='ltr'>δύο</span> <span class='ocrx_word' id='word_1_125' title='bbox 1603 1822 1703 1894; x_wconf 84' lang='grc' dir='ltr'><strong>βα-</strong></span> 
     </span>
    </p>
   </div>
   <div class='ocr_carea' id='block_1_20' title="bbox 128 1915 1710 1987">
    <p class='ocr_par' dir='ltr' id='par_1_20' title="bbox 128 1915 1710 1987">
     <span class='ocr_line' id='line_1_20' title="bbox 128 1915 1710 1987; baseline -0.002 -17"><span class='ocrx_word' id='word_1_126' title='bbox 128 1916 355 1978; x_wconf 86' lang='grc' dir='ltr'>σιλείους</span> <span class='ocrx_word' id='word_1_127' title='bbox 384 1916 725 1987; x_wconf 67' lang='grc' dir='ltr'>ἐργάσασθαι</span> <span class='ocrx_word' id='word_1_128' title='bbox 758 1918 943 1981; x_wconf 73' lang='grc' dir='ltr'>στοὰς,</span> <span class='ocrx_word' id='word_1_129' title='bbox 971 1918 1039 1987; x_wconf 80' lang='grc' dir='ltr'>τῇ</span> <span class='ocrx_word' id='word_1_130' title='bbox 1070 1934 1128 1969; x_wconf 87' lang='grc' dir='ltr'><strong>τε</strong></span> <span class='ocrx_word' id='word_1_131' title='bbox 1160 1915 1443 1986; x_wconf 75' lang='grc' dir='ltr'>οἰκοδομία</span> <span class='ocrx_word' id='word_1_132' title='bbox 1476 1915 1598 1969; x_wconf 83' lang='grc' dir='ltr'>λίαν</span> <span class='ocrx_word' id='word_1_133' title='bbox 1619 1916 1710 1968; x_wconf 80' lang='grc' dir='ltr'>εὑ-</span> 
     </span>
    </p>
   </div>
   <div class='ocr_carea' id='block_1_21' title="bbox 128 2007 1711 2079">
    <p class='ocr_par' dir='ltr' id='par_1_21' title="bbox 128 2007 1711 2079">
     <span class='ocr_line' id='line_1_21' title="bbox 128 2007 1711 2079; baseline -0.003 -17"><span class='ocrx_word' id='word_1_134' title='bbox 128 2013 374 2079; x_wconf 84' lang='grc' dir='ltr'>πρεπείς,</span> <span class='ocrx_word' id='word_1_135' title='bbox 402 2011 500 2063; x_wconf 78' lang='grc' dir='ltr'>καὶ</span> <span class='ocrx_word' id='word_1_136' title='bbox 525 2012 643 2073; x_wconf 89' lang='grc' dir='ltr'>ταῖς</span> <span class='ocrx_word' id='word_1_137' title='bbox 665 2011 731 2062; x_wconf 80' lang='grc' dir='ltr'>ὲκ</span> <span class='ocrx_word' id='word_1_138' title='bbox 753 2009 919 2064; x_wconf 89' lang='grc' dir='ltr'>λίθων</span> <span class='ocrx_word' id='word_1_139' title='bbox 949 2008 1335 2079; x_wconf 82' lang='grc' dir='ltr'>περιφανείαις</span> <span class='ocrx_word' id='word_1_140' title='bbox 1351 2024 1411 2059; x_wconf 88' lang='grc' dir='ltr'><strong>τε</strong></span> <span class='ocrx_word' id='word_1_141' title='bbox 1438 2009 1531 2060; x_wconf 77' lang='grc' dir='ltr'>καὶ</span> <span class='ocrx_word' id='word_1_142' title='bbox 1558 2007 1711 2060; x_wconf 85' lang='grc' dir='ltr'>διαυ-</span> 
     </span>
    </p>
   </div>
   <div class='ocr_carea' id='block_1_22' title="bbox 126 2100 1710 2172">
    <p class='ocr_par' dir='ltr' id='par_1_22' title="bbox 126 2100 1710 2172">
     <span class='ocr_line' id='line_1_22' title="bbox 126 2100 1710 2172; baseline -0.002 -18"><span class='ocrx_word' id='word_1_143' title='bbox 126 2104 299 2170; x_wconf 81' lang='grc' dir='ltr'>γείαις</span> <span class='ocrx_word' id='word_1_144' title='bbox 344 2101 773 2172; x_wconf 81' lang='grc' dir='ltr'>κεκοσμημένας</span> <span class='ocrx_word' id='word_1_145' title='bbox 810 2118 824 2133; x_wconf 88' lang='grc'><strong>·</strong></span> <span class='ocrx_word' id='word_1_146' title='bbox 862 2101 1052 2169; x_wconf 82' lang='grc' dir='ltr'>ὥσπερ</span> <span class='ocrx_word' id='word_1_147' title='bbox 1076 2101 1135 2154; x_wconf 82' lang='grc' dir='ltr'><strong>δέ</strong></span> <span class='ocrx_word' id='word_1_148' title='bbox 1167 2118 1221 2154; x_wconf 86' lang='grc' dir='ltr'><strong>τι</strong></span> <span class='ocrx_word' id='word_1_149' title='bbox 1259 2100 1512 2171; x_wconf 77' lang='grc' dir='ltr'>μεθόριον</span> <span class='ocrx_word' id='word_1_150' title='bbox 1547 2100 1710 2169; x_wconf 81' lang='grc' dir='ltr'>μέσον</span> 
     </span>
    </p>
   </div>
   <div class='ocr_carea' id='block_1_23' title="bbox 127 2193 1709 2265">
    <p class='ocr_par' dir='ltr' id='par_1_23' title="bbox 127 2193 1709 2265">
     <span class='ocr_line' id='line_1_23' title="bbox 127 2193 1709 2265; baseline -0.001 -19"><span class='ocrx_word' id='word_1_151' title='bbox 127 2194 229 2246; x_wconf 88' lang='grc' dir='ltr'><strong>τῶν</strong></span> <span class='ocrx_word' id='word_1_152' title='bbox 255 2194 348 2248; x_wconf 75' lang='grc' dir='ltr'><strong>δύο</strong></span> <span class='ocrx_word' id='word_1_153' title='bbox 377 2194 667 2265; x_wconf 85' lang='grc' dir='ltr'>βασιλείων</span> <span class='ocrx_word' id='word_1_154' title='bbox 690 2193 882 2257; x_wconf 82' lang='grc' dir='ltr'>στοῶν,</span> <span class='ocrx_word' id='word_1_155' title='bbox 914 2193 1253 2264; x_wconf 81' lang='grc' dir='ltr'>τετράπυλον</span> <span class='ocrx_word' id='word_1_156' title='bbox 1285 2193 1362 2264; x_wconf 74' lang='lat' dir='ltr'><strong>(x)</strong></span> <span class='ocrx_word' id='word_1_157' title='bbox 1386 2193 1709 2262; x_wconf 81' lang='grc' dir='ltr'>ἀναστῆσαι,</span> 
     </span>
    </p>
   </div>
   <div class='ocr_carea' id='block_1_24' title="bbox 130 2283 1712 2357">
    <p class='ocr_par' dir='ltr' id='par_1_24' title="bbox 130 2283 1712 2357">
     <span class='ocr_line' id='line_1_24' title="bbox 130 2283 1712 2357; baseline -0.001 -19"><span class='ocrx_word' id='word_1_158' title='bbox 130 2286 263 2339; x_wconf 81' lang='grc' dir='ltr'>κίοσι</span> <span class='ocrx_word' id='word_1_159' title='bbox 295 2304 352 2340; x_wconf 86' lang='grc' dir='ltr'><strong>τε</strong></span> <span class='ocrx_word' id='word_1_160' title='bbox 383 2288 481 2339; x_wconf 77' lang='grc' dir='ltr'><strong>καὶ</strong></span> <span class='ocrx_word' id='word_1_161' title='bbox 512 2289 579 2357; x_wconf 83' lang='grc' dir='ltr'>τῇ</span> <span class='ocrx_word' id='word_1_162' title='bbox 604 2286 670 2339; x_wconf 85' lang='grc' dir='ltr'>ὲκ</span> <span class='ocrx_word' id='word_1_163' title='bbox 695 2283 898 2355; x_wconf 77' lang='grc' dir='ltr'>χαλκοῦ</span> <span class='ocrx_word' id='word_1_164' title='bbox 940 2284 1040 2355; x_wconf 73' lang='grc' dir='ltr'><strong>ὕλῃ</strong></span> <span class='ocrx_word' id='word_1_165' title='bbox 1080 2285 1225 2355; x_wconf 79' lang='grc' dir='ltr'>μάλα</span> <span class='ocrx_word' id='word_1_166' title='bbox 1260 2284 1490 2353; x_wconf 75' lang='grc' dir='ltr'>κομψῶς</span> <span class='ocrx_word' id='word_1_167' title='bbox 1532 2286 1712 2354; x_wconf 70' lang='grc' dir='ltr'>ὴσκηυ</span> 
     </span>
    </p>
   </div>
   <div class='ocr_carea' id='block_1_25' title="bbox 132 2375 1713 2449">
    <p class='ocr_par' dir='ltr' id='par_1_25' title="bbox 132 2375 1713 2449">
     <span class='ocr_line' id='line_1_25' title="bbox 132 2375 1713 2449; baseline -0.002 -17"><span class='ocrx_word' id='word_1_168' title='bbox 132 2380 308 2449; x_wconf 82' lang='grc' dir='ltr'>μένον.</span> <span class='ocrx_word' id='word_1_169' title='bbox 341 2379 452 2433; x_wconf 76' lang='grc' dir='ltr'><strong>Καὶ</strong></span> <span class='ocrx_word' id='word_1_170' title='bbox 478 2379 577 2443; x_wconf 80' lang='grc' dir='ltr'><strong>τὰς</strong></span> <span class='ocrx_word' id='word_1_171' title='bbox 611 2380 710 2449; x_wconf 76' lang='grc' dir='ltr'>μὲν</span> <span class='ocrx_word' id='word_1_172' title='bbox 744 2377 1056 2449; x_wconf 77' lang='grc' dir='ltr'>βασιλείους</span> <span class='ocrx_word' id='word_1_173' title='bbox 1082 2376 1498 2447; x_wconf 79' lang='grc' dir='ltr'>κατειλήφαμεν</span> <span class='ocrx_word' id='word_1_174' title='bbox 1527 2375 1713 2443; x_wconf 79' lang='grc' dir='ltr'>στοὰς,</span> 
     </span>
    </p>
   </div>
   <div class='ocr_carea' id='block_1_26' title="bbox 137 2466 1713 2542">
    <p class='ocr_par' dir='ltr' id='par_1_26' title="bbox 137 2466 1713 2542">
     <span class='ocr_line' id='line_1_26' title="bbox 137 2466 1713 2542; baseline -0.001 -21"><span class='ocrx_word' id='word_1_175' title='bbox 137 2472 271 2539; x_wconf 79' lang='grc' dir='ltr'>μετὰ</span> <span class='ocrx_word' id='word_1_176' title='bbox 301 2471 404 2541; x_wconf 76' lang='grc' dir='ltr'>τῆς</span> <span class='ocrx_word' id='word_1_177' title='bbox 438 2470 816 2542; x_wconf 86' lang='grc' dir='ltr'>προσηγορίας</span> <span class='ocrx_word' id='word_1_178' title='bbox 839 2469 919 2522; x_wconf 78' lang='grc' dir='ltr'>ἔτι</span> <span class='ocrx_word' id='word_1_179' title='bbox 946 2467 1176 2538; x_wconf 82' lang='grc' dir='ltr'>λείψανα</span> <span class='ocrx_word' id='word_1_180' title='bbox 1201 2470 1301 2539; x_wconf 77' lang='grc' dir='ltr'>τῆς</span> <span class='ocrx_word' id='word_1_181' title='bbox 1335 2467 1529 2537; x_wconf 82' lang='grc' dir='ltr'>πρώην</span> <span class='ocrx_word' id='word_1_182' title='bbox 1552 2466 1713 2520; x_wconf 72' lang='grc' dir='ltr'>εὐκοο</span> 
     </span>
    </p>
   </div>
   <div class='ocr_carea' id='block_1_27' title="bbox 132 2557 1716 2633">
    <p class='ocr_par' dir='ltr' id='par_1_27' title="bbox 132 2557 1716 2633">
     <span class='ocr_line' id='line_1_27' title="bbox 132 2557 1716 2633; baseline -0.002 -18"><span class='ocrx_word' id='word_1_183' title='bbox 132 2562 289 2631; x_wconf 79' lang='grc' dir='ltr'>σμίας</span> <span class='ocrx_word' id='word_1_184' title='bbox 341 2562 652 2633; x_wconf 78' lang='grc' dir='ltr'>φερούσας,</span> <span class='ocrx_word' id='word_1_185' title='bbox 705 2562 817 2617; x_wconf 88' lang='grc' dir='ltr'><strong>τῶν</strong></span> <span class='ocrx_word' id='word_1_186' title='bbox 868 2562 934 2615; x_wconf 74' lang='grc' dir='ltr'>ὲκ</span> <span class='ocrx_word' id='word_1_187' title='bbox 988 2560 1367 2631; x_wconf 83' lang='grc' dir='ltr'>Προκοννήσου</span> <span class='ocrx_word' id='word_1_188' title='bbox 1422 2558 1587 2613; x_wconf 89' lang='grc' dir='ltr'>λίθων</span> <span class='ocrx_word' id='word_1_189' title='bbox 1638 2557 1716 2629; x_wconf 80' lang='grc' dir='ltr'>τῷ</span> 
     </span>
    </p>
   </div>
   <div class='ocr_carea' id='block_1_28' title="bbox 130 2649 1716 2724">
    <p class='ocr_par' dir='ltr' id='par_1_28' title="bbox 130 2649 1716 2724">
     <span class='ocr_line' id='line_1_28' title="bbox 130 2649 1716 2724; baseline -0.003 -17"><span class='ocrx_word' id='word_1_190' title='bbox 130 2655 314 2724; x_wconf 65' lang='grc' dir='ltr'>ἐδάφει</span> <span class='ocrx_word' id='word_1_191' title='bbox 346 2653 727 2724; x_wconf 81' lang='grc' dir='ltr'>συγκειμένων</span> <span class='ocrx_word' id='word_1_192' title='bbox 755 2667 770 2682; x_wconf 84' lang='grc'>⁶</span> <span class='ocrx_word' id='word_1_193' title='bbox 794 2652 856 2707; x_wconf 85' lang='grc' dir='ltr'><strong>οὐ</strong></span> <span class='ocrx_word' id='word_1_194' title='bbox 892 2652 999 2724; x_wconf 82' lang='grc' dir='ltr'>μὴν</span> <span class='ocrx_word' id='word_1_195' title='bbox 1026 2651 1125 2723; x_wconf 80' lang='grc' dir='ltr'>τὴν</span> <span class='ocrx_word' id='word_1_196' title='bbox 1150 2650 1463 2721; x_wconf 83' lang='grc' dir='ltr'>οἰκοδομίαν</span> <span class='ocrx_word' id='word_1_197' title='bbox 1487 2649 1716 2721; x_wconf 81' lang='grc' dir='ltr'>ἔχουσάν</span> 
     </span>
    </p>
   </div>
   <div class='ocr_carea' id='block_1_29' title="bbox 131 2741 1716 2817">
    <p class='ocr_par' dir='ltr' id='par_1_29' title="bbox 131 2741 1716 2817">
     <span class='ocr_line' id='line_1_29' title="bbox 131 2741 1716 2817; baseline -0.003 -18"><span class='ocrx_word' id='word_1_198' title='bbox 131 2764 178 2800; x_wconf 88' lang='grc' dir='ltr'><strong>τι</strong></span> <span class='ocrx_word' id='word_1_199' title='bbox 199 2747 307 2799; x_wconf 89' lang='grc' dir='ltr'><strong>τῶν</strong></span> <span class='ocrx_word' id='word_1_200' title='bbox 331 2747 643 2817; x_wconf 75' lang='grc' dir='ltr'>ἐπισήμων.</span> <span class='ocrx_word' id='word_1_201' title='bbox 694 2745 793 2799; x_wconf 83' lang='grc' dir='ltr'>Ἐκ</span> <span class='ocrx_word' id='word_1_202' title='bbox 822 2744 933 2798; x_wconf 91' lang='grc' dir='ltr'><strong>τῶν</strong></span> <span class='ocrx_word' id='word_1_203' title='bbox 966 2742 1354 2814; x_wconf 81' lang='grc' dir='ltr'>γεγενημένων</span> <span class='ocrx_word' id='word_1_204' title='bbox 1393 2741 1503 2815; x_wconf 78' lang='grc' dir='ltr'>γὰρ</span> <span class='ocrx_word' id='word_1_205' title='bbox 1537 2742 1716 2810; x_wconf 77' lang='grc' dir='ltr'>παθηο</span> 
     </span>
    </p>
   </div>
   <div class='ocr_carea' id='block_1_30' title="bbox 133 2835 1719 2911">
    <p class='ocr_par' dir='ltr' id='par_1_30' title="bbox 133 2835 1719 2911">
     <span class='ocr_line' id='line_1_30' title="bbox 133 2835 1719 2911; baseline -0.004 -17"><span class='ocrx_word' id='word_1_206' title='bbox 133 2842 316 2908; x_wconf 79' lang='grc' dir='ltr'>μάτων</span> <span class='ocrx_word' id='word_1_207' title='bbox 368 2841 602 2911; x_wconf 77' lang='grc' dir='ltr'>ἔναγχος</span> <span class='ocrx_word' id='word_1_208' title='bbox 645 2839 748 2910; x_wconf 71' lang='grc' dir='ltr'>τὴν</span> <span class='ocrx_word' id='word_1_209' title='bbox 777 2838 1090 2908; x_wconf 75' lang='grc' dir='ltr'>οἰκοδομίαν</span> <span class='ocrx_word' id='word_1_210' title='bbox 1123 2836 1370 2901; x_wconf 70' lang='grc' dir='ltr'>ἐδέξαντο</span> <span class='ocrx_word' id='word_1_211' title='bbox 1398 2876 1413 2899; x_wconf 92' lang='grc'><strong>,</strong></span> <span class='ocrx_word' id='word_1_212' title='bbox 1458 2835 1613 2889; x_wconf 81' lang='grc' dir='ltr'>οὐδὲν</span> <span class='ocrx_word' id='word_1_213' title='bbox 1661 2836 1719 2899; x_wconf 78' lang='grc' dir='ltr'>ἐς</span> 
     </span>
    </p>
   </div>
   <div class='ocr_carea' id='block_1_31' title="bbox 134 2928 1721 3005">
    <p class='ocr_par' dir='ltr' id='par_1_31' title="bbox 134 2928 1721 3005">
     <span class='ocr_line' id='line_1_31' title="bbox 134 2928 1721 3005; baseline -0.003 -19"><span class='ocrx_word' id='word_1_214' title='bbox 134 2932 470 3005; x_wconf 69' lang='grc' dir='ltr'>κόσμονμο)</span> <span class='ocrx_word' id='word_1_215' title='bbox 509 2932 735 2993; x_wconf 82' lang='grc' dir='ltr'>ταύταις</span> <span class='ocrx_word' id='word_1_216' title='bbox 798 2930 1214 2999; x_wconf 85' lang='grc' dir='ltr'>προστεθέντος.</span> <span class='ocrx_word' id='word_1_217' title='bbox 1265 2928 1374 2981; x_wconf 78' lang='grc' dir='ltr'>Τοῦ</span> <span class='ocrx_word' id='word_1_218' title='bbox 1420 2928 1476 2981; x_wconf 81' lang='grc' dir='ltr'>δὲ</span> <span class='ocrx_word' id='word_1_219' title='bbox 1526 2945 1721 2999; x_wconf 86' lang='grc' dir='ltr'>τετρα-</span> 
     </span>
    </p>
   </div>
   <div class='ocr_carea' id='block_1_32' title="bbox 134 3018 1720 3091">
    <p class='ocr_par' dir='ltr' id='par_1_32' title="bbox 134 3018 1720 3091">
     <span class='ocr_line' id='line_1_32' title="bbox 134 3018 1720 3091; baseline -0.003 -18"><span class='ocrx_word' id='word_1_220' title='bbox 134 3021 299 3073; x_wconf 77' lang='grc' dir='ltr'>πύλου</span> <span class='ocrx_word' id='word_1_221' title='bbox 333 3021 430 3074; x_wconf 81' lang='grc' dir='ltr'>τοῦ</span> <span class='ocrx_word' id='word_1_222' title='bbox 470 3022 575 3074; x_wconf 79' lang='grc' dir='ltr'><strong>ὑπὸ</strong></span> <span class='ocrx_word' id='word_1_223' title='bbox 624 3020 962 3091; x_wconf 76' lang='grc' dir='ltr'>Μαμμιανοῦ</span> <span class='ocrx_word' id='word_1_224' title='bbox 999 3019 1369 3091; x_wconf 85' lang='grc' dir='ltr'>γεγενημένου</span> <span class='ocrx_word' id='word_1_225' title='bbox 1416 3019 1537 3072; x_wconf 79' lang='grc' dir='ltr'>οὐδὲ</span> <span class='ocrx_word' id='word_1_226' title='bbox 1566 3018 1720 3087; x_wconf 77' lang='grc' dir='ltr'>ψιλὸν</span> 
     </span>
    </p>
   </div>
   <div class='ocr_carea' id='block_1_33' title="bbox 136 3114 751 3183">
    <p class='ocr_par' dir='ltr' id='par_1_33' title="bbox 136 3114 751 3183">
     <span class='ocr_line' id='line_1_33' title="bbox 136 3114 751 3183; baseline 0.007 -19"><span class='ocrx_word' id='word_1_227' title='bbox 136 3114 275 3183; x_wconf 74' lang='grc' dir='ltr'>ἴχνος</span> <span class='ocrx_word' id='word_1_228' title='bbox 307 3114 615 3183; x_wconf 76' lang='grc' dir='ltr'>κατειλήφα</span> <span class='ocrx_word' id='word_1_229' title='bbox 624 3130 751 3183; x_wconf 87' lang='grc' dir='ltr'>μεν.</span> 
     </span>
    </p>
   </div>
   <div class='ocr_carea' id='block_1_34' title="bbox 713 3285 1132 3343">
    <p class='ocr_par' dir='ltr' id='par_1_34' title="bbox 713 3285 1132 3343">
     <span class='ocr_line' id='line_1_34' title="bbox 713 3285 1132 3343; baseline 0.005 -2"><span class='ocrx_word' id='word_1_230' title='bbox 713 3289 966 3342; x_wconf 76' lang='grc' dir='ltr'><strong>ΚΕΦΑΛ.</strong></span> <span class='ocrx_word' id='word_1_231' title='bbox 1001 3285 1132 3343; x_wconf 79' lang='grc' dir='ltr'><strong>ΚΘ’.</strong></span> 
     </span>
    </p>
   </div>
   <div class='ocr_carea' id='block_1_35' title="bbox 138 3376 1724 3451">
    <p class='ocr_par' dir='ltr' id='par_1_35' title="bbox 138 3376 1724 3451">
     <span class='ocr_line' id='line_1_35' title="bbox 138 3376 1724 3451; baseline -0.002 -16"><span class='ocrx_word' id='word_1_232' title='bbox 138 3384 276 3451; x_wconf 71' lang='grc' dir='ltr'>Περὶ</span> <span class='ocrx_word' id='word_1_233' title='bbox 325 3381 442 3451; x_wconf 79' lang='grc' dir='ltr'>τῆς</span> <span class='ocrx_word' id='word_1_234' title='bbox 490 3381 786 3449; x_wconf 73' lang='grc' dir='ltr'>τελευτῆς</span> <span class='ocrx_word' id='word_1_235' title='bbox 830 3383 1131 3447; x_wconf 78' lang='grc' dir='ltr'>Ζήνωνος,</span> <span class='ocrx_word' id='word_1_236' title='bbox 1169 3381 1270 3434; x_wconf 77' lang='grc' dir='ltr'>καὶ</span> <span class='ocrx_word' id='word_1_237' title='bbox 1315 3378 1427 3447; x_wconf 82' lang='grc' dir='ltr'>τῆς</span> <span class='ocrx_word' id='word_1_238' title='bbox 1456 3376 1724 3446; x_wconf 54' lang='lat' dir='ltr'><strong>(impoti-</strong></span> 
     </span>
    </p>
   </div>
   <div class='ocr_carea' id='block_1_36' title="bbox 598 3452 1262 3519">
    <p class='ocr_par' dir='ltr' id='par_1_36' title="bbox 598 3452 1262 3519">
     <span class='ocr_line' id='line_1_36' title="bbox 598 3452 1262 3519; baseline -0.003 -13"><span class='ocrx_word' id='word_1_239' title='bbox 598 3468 757 3519; x_wconf 77' lang='grc' dir='ltr'>σεως</span> <span class='ocrx_word' id='word_1_240' title='bbox 828 3452 1165 3507; x_wconf 82' lang='grc' dir='ltr'>Ἀναστασί</span> <span class='ocrx_word' id='word_1_241' title='bbox 1169 3467 1262 3504; x_wconf 89' lang='grc' dir='ltr'><strong>ου.</strong></span> 
     </span>
    </p>
   </div>
   <div class='ocr_carea' id='block_1_37' title="bbox 205 3562 1730 3640">
    <p class='ocr_par' dir='ltr' id='par_1_37' title="bbox 205 3562 1730 3640">
     <span class='ocr_line' id='line_1_37' title="bbox 205 3562 1730 3640; baseline -0.007 -17"><span class='ocrx_word' id='word_1_242' title='bbox 205 3568 314 3623; x_wconf 79' lang='grc' dir='ltr'><strong>Τοῦ</strong></span> <span class='ocrx_word' id='word_1_243' title='bbox 367 3570 621 3640; x_wconf 84' lang='grc' dir='ltr'>Ζήνωνος</span> <span class='ocrx_word' id='word_1_244' title='bbox 677 3567 754 3637; x_wconf 84' lang='lat' dir='ltr'><strong>(y)</strong></span> <span class='ocrx_word' id='word_1_245' title='bbox 794 3567 977 3621; x_wconf 84' lang='grc' dir='ltr'>τοίνυν</span> <span class='ocrx_word' id='word_1_246' title='bbox 1028 3566 1259 3628; x_wconf 81' lang='grc' dir='ltr'>ἄπαιδος</span> <span class='ocrx_word' id='word_1_247' title='bbox 1301 3562 1730 3633; x_wconf 81' lang='grc' dir='ltr'>τελευτήσαντος</span> 
     </span>
    </p>
   </div>
   <div class='ocr_carea' id='block_1_38' title="bbox 142 3654 1733 3733">
    <p class='ocr_par' dir='ltr' id='par_1_38' title="bbox 142 3654 1733 3733">
     <span class='ocr_line' id='line_1_38' title="bbox 142 3654 1733 3733; baseline -0.006 -18"><span class='ocrx_word' id='word_1_248' title='bbox 142 3662 434 3733; x_wconf 72' lang='grc' dir='ltr'>ἐπιληψίας</span> <span class='ocrx_word' id='word_1_249' title='bbox 468 3660 614 3732; x_wconf 87' lang='grc' dir='ltr'>νόσῳ</span> <span class='ocrx_word' id='word_1_250' title='bbox 667 3658 805 3729; x_wconf 85' lang='grc' dir='ltr'>μετὰ</span> <span class='ocrx_word' id='word_1_251' title='bbox 836 3658 1067 3729; x_wconf 78' lang='grc' dir='ltr'>ἒόδομον</span> <span class='ocrx_word' id='word_1_252' title='bbox 1098 3658 1194 3710; x_wconf 75' lang='grc' dir='ltr'>καὶ</span> <span class='ocrx_word' id='word_1_253' title='bbox 1224 3657 1450 3710; x_wconf 85' lang='grc' dir='ltr'>δέκατον</span> <span class='ocrx_word' id='word_1_254' title='bbox 1481 3654 1599 3717; x_wconf 71' lang='grc' dir='ltr'>ἔτος</span> <span class='ocrx_word' id='word_1_255' title='bbox 1630 3654 1733 3721; x_wconf 81' lang='grc' dir='ltr'>τῆς</span> 
     </span>
    </p>
   </div>
   <div class='ocr_carea' id='block_1_39' title="bbox 142 3747 1734 3825">
    <p class='ocr_par' dir='ltr' id='par_1_39' title="bbox 142 3747 1734 3825">
     <span class='ocr_line' id='line_1_39' title="bbox 142 3747 1734 3825; baseline -0.006 -17"><span class='ocrx_word' id='word_1_256' title='bbox 142 3756 300 3808; x_wconf 75' lang='grc' dir='ltr'>αὑτοῦ</span> <span class='ocrx_word' id='word_1_257' title='bbox 343 3753 646 3825; x_wconf 79' lang='grc' dir='ltr'>βασιλείας,</span> <span class='ocrx_word' id='word_1_258' title='bbox 678 3752 876 3822; x_wconf 71' lang='grc' dir='ltr'>ἤλπισε</span> <span class='ocrx_word' id='word_1_259' title='bbox 902 3752 1000 3821; x_wconf 79' lang='grc' dir='ltr'>μὲν</span> <span class='ocrx_word' id='word_1_260' title='bbox 1024 3752 1288 3817; x_wconf 85' lang='grc' dir='ltr'>Λογγῖνος</span> <span class='ocrx_word' id='word_1_261' title='bbox 1311 3751 1338 3801; x_wconf 88' lang='grc' dir='ltr'>ὁ</span> <span class='ocrx_word' id='word_1_262' title='bbox 1358 3748 1549 3800; x_wconf 82' lang='grc' dir='ltr'>τούτου</span> <span class='ocrx_word' id='word_1_263' title='bbox 1578 3747 1734 3799; x_wconf 85' lang='grc' dir='ltr'>ἁδελ-</span> 
     </span>
    </p>
   </div>
   <div class='ocr_carea' id='block_1_40' title="bbox 143 3838 1735 3916">
    <p class='ocr_par' dir='ltr' id='par_1_40' title="bbox 143 3838 1735 3916">
     <span class='ocr_line' id='line_1_40' title="bbox 143 3838 1735 3916; baseline -0.005 -18"><span class='ocrx_word' id='word_1_264' title='bbox 143 3846 239 3913; x_wconf 70' lang='grc' dir='ltr'><strong>φὸς</strong></span> <span class='ocrx_word' id='word_1_265' title='bbox 271 3847 328 3905; x_wconf 77' lang='grc' dir='ltr'>ἐς</span> <span class='ocrx_word' id='word_1_266' title='bbox 354 3846 503 3916; x_wconf 83' lang='grc' dir='ltr'>μέγα</span> <span class='ocrx_word' id='word_1_267' title='bbox 535 3843 819 3914; x_wconf 82' lang='grc' dir='ltr'>δυνάμεως</span> <span class='ocrx_word' id='word_1_268' title='bbox 845 3838 1311 3913; x_wconf 81' lang='grc' dir='ltr'>προκεχωρηκὼς,</span> <span class='ocrx_word' id='word_1_269' title='bbox 1335 3839 1435 3909; x_wconf 77' lang='grc' dir='ltr'><strong>τὴν</strong></span> <span class='ocrx_word' id='word_1_270' title='bbox 1455 3838 1735 3908; x_wconf 84' lang='grc' dir='ltr'>βασιλείαν</span> 
     </span>
    </p>
   </div>
   <div class='ocr_carea' id='block_1_41' title="bbox 142 3932 1731 4011">
    <p class='ocr_par' dir='ltr' id='par_1_41' title="bbox 142 3932 1731 4011">
     <span class='ocr_line' id='line_1_41' title="bbox 142 3932 1731 4011; baseline -0.006 -20"><span class='ocrx_word' id='word_1_271' title='bbox 142 3940 313 4011; x_wconf 79' lang='grc' dir='ltr'>ἑαυτῷ</span> <span class='ocrx_word' id='word_1_272' title='bbox 350 3938 675 4010; x_wconf 83' lang='grc' dir='ltr'>περιθήσειν</span> <span class='ocrx_word' id='word_1_273' title='bbox 723 3954 736 3966; x_wconf 91' lang='grc'><strong>·</strong></span> <span class='ocrx_word' id='word_1_274' title='bbox 769 3936 831 3988; x_wconf 84' lang='grc' dir='ltr'><strong>οὐ</strong></span> <span class='ocrx_word' id='word_1_275' title='bbox 872 3935 978 4006; x_wconf 82' lang='grc' dir='ltr'>μὴν</span> <span class='ocrx_word' id='word_1_276' title='bbox 1009 3934 1117 3987; x_wconf 84' lang='grc' dir='ltr'><strong>τῶν</strong></span> <span class='ocrx_word' id='word_1_277' title='bbox 1146 3932 1485 4003; x_wconf 86' lang='grc' dir='ltr'>δοκηθέντων</span> <span class='ocrx_word' id='word_1_278' title='bbox 1523 3932 1731 4000; x_wconf 79' lang='grc' dir='ltr'>ἔτυχεν.</span> 
     </span>
    </p>
   </div>
   <div class='ocr_carea' id='block_1_42' title="bbox 152 4024 1736 4103">
    <p class='ocr_par' dir='ltr' id='par_1_42' title="bbox 152 4024 1736 4103">
     <span class='ocr_line' id='line_1_42' title="bbox 152 4024 1736 4103; baseline -0.006 -18"><span class='ocrx_word' id='word_1_279' title='bbox 152 4034 213 4085; x_wconf 85' lang='grc' dir='ltr'>Ἡ</span> <span class='ocrx_word' id='word_1_280' title='bbox 239 4034 347 4103; x_wconf 67' lang='grc' dir='ltr'><strong>γὰρ</strong></span> <span class='ocrx_word' id='word_1_281' title='bbox 389 4032 649 4103; x_wconf 82' lang='grc' dir='ltr'>Ἀριάδνη</span> <span class='ocrx_word' id='word_1_282' title='bbox 702 4029 1041 4097; x_wconf 81' lang='grc' dir='ltr'>Ἀναστασίῳ</span> <span class='ocrx_word' id='word_1_283' title='bbox 1069 4026 1161 4079; x_wconf 82' lang='grc' dir='ltr'><strong>τὸν</strong></span> <span class='ocrx_word' id='word_1_284' title='bbox 1211 4025 1475 4094; x_wconf 80' lang='grc' dir='ltr'>στέφανον</span> <span class='ocrx_word' id='word_1_285' title='bbox 1522 4024 1736 4095; x_wconf 84' lang='grc' dir='ltr'>περιτί-</span> 
     </span>
    </p>
   </div>
   <div class='ocr_carea' id='block_1_43' title="bbox 144 4116 1739 4193">
    <p class='ocr_par' dir='ltr' id='par_1_43' title="bbox 144 4116 1739 4193">
     <span class='ocr_line' id='line_1_43' title="bbox 144 4116 1739 4193; baseline -0.005 -17"><span class='ocrx_word' id='word_1_286' title='bbox 144 4123 319 4193; x_wconf 83' lang='grc' dir='ltr'>θησιν,</span> <span class='ocrx_word' id='word_1_287' title='bbox 350 4123 514 4178; x_wconf 76' lang='grc' dir='ltr'>οὔπω</span> <span class='ocrx_word' id='word_1_288' title='bbox 546 4123 646 4192; x_wconf 73' lang='grc' dir='ltr'>μὶν</span> <span class='ocrx_word' id='word_1_289' title='bbox 678 4124 868 4192; x_wconf 78' lang='grc' dir='ltr'>ἥκοντι</span> <span class='ocrx_word' id='word_1_290' title='bbox 893 4122 951 4184; x_wconf 84' lang='grc' dir='ltr'>ὲς</span> <span class='ocrx_word' id='word_1_291' title='bbox 972 4117 1289 4190; x_wconf 82' lang='grc' dir='ltr'>γερουσίαν,</span> <span class='ocrx_word' id='word_1_292' title='bbox 1316 4121 1373 4171; x_wconf 81' lang='grc' dir='ltr'>ὲν</span> <span class='ocrx_word' id='word_1_293' title='bbox 1401 4117 1458 4170; x_wconf 83' lang='grc' dir='ltr'>δὲ</span> <span class='ocrx_word' id='word_1_294' title='bbox 1483 4121 1547 4187; x_wconf 83' lang='grc' dir='ltr'>τῇ</span> <span class='ocrx_word' id='word_1_295' title='bbox 1581 4116 1739 4184; x_wconf 78' lang='grc' dir='ltr'>λεγοο</span> 
     </span>
    </p>
   </div>
   <div class='ocr_carea' id='block_1_44' title="bbox 148 4208 1735 4285">
    <p class='ocr_par' dir='ltr' id='par_1_44' title="bbox 148 4208 1735 4285">
     <span class='ocr_line' id='line_1_44' title="bbox 148 4208 1735 4285; baseline -0.004 -19"><span class='ocrx_word' id='word_1_296' title='bbox 148 4215 281 4285; x_wconf 77' lang='grc' dir='ltr'>μένῃ</span> <span class='ocrx_word' id='word_1_297' title='bbox 340 4214 455 4268; x_wconf 90' lang='grc' dir='ltr'><strong>τῶν</strong></span> <span class='ocrx_word' id='word_1_298' title='bbox 514 4212 902 4283; x_wconf 81' lang='grc' dir='ltr'>Σιλεντιαρίων</span> <span class='ocrx_word' id='word_1_299' title='bbox 936 4209 1100 4280; x_wconf 74' lang='grc' dir='ltr'>σχολῇ</span> <span class='ocrx_word' id='word_1_300' title='bbox 1156 4209 1227 4280; x_wconf 80' lang='lat' dir='ltr'><strong>(z)</strong></span> <span class='ocrx_word' id='word_1_301' title='bbox 1285 4208 1735 4278; x_wconf 60' lang='grc' dir='ltr'>καταλεγομένη).</span> 
     </span>
    </p>
   </div>
   <div class='ocr_carea' id='block_1_45' title="bbox 2384 980 2813 1035">
    <p class='ocr_par' dir='ltr' id='par_1_45' title="bbox 2384 980 2813 1035">
     <span class='ocr_line' id='line_1_45' title="bbox 2384 980 2813 1035; baseline -0.005 0"><span class='ocrx_word' id='word_1_302' title='bbox 2384 980 2535 1035; x_wconf 86' lang='lat' dir='ltr'><strong>CAP.</strong></span> <span class='ocrx_word' id='word_1_303' title='bbox 2576 980 2813 1033; x_wconf 75' lang='lat' dir='ltr'>XXVIII.</span> 
     </span>
    </p>
   </div>
   <div class='ocr_carea' id='block_1_46' title="bbox 1876 1072 3314 1142">
    <p class='ocr_par' dir='ltr' id='par_1_46' title="bbox 1876 1072 3314 1142">
     <span class='ocr_line' id='line_1_46' title="bbox 1876 1072 3314 1142; baseline -0.001 -17"><span class='ocrx_word' id='word_1_304' title='bbox 1876 1072 1953 1125; x_wconf 82' lang='lat' dir='ltr'><strong>De</strong></span> <span class='ocrx_word' id='word_1_305' title='bbox 1975 1072 2322 1138; x_wconf 82' lang='lat' dir='ltr'><strong>Mammiano,</strong></span> <span class='ocrx_word' id='word_1_306' title='bbox 2359 1082 2408 1128; x_wconf 87' lang='lat' dir='ltr'><strong>et</strong></span> <span class='ocrx_word' id='word_1_307' title='bbox 2443 1074 2505 1125; x_wconf 87' lang='lat' dir='ltr'><strong>de</strong></span> <span class='ocrx_word' id='word_1_308' title='bbox 2531 1074 2773 1142; x_wconf 82' lang='lat' dir='ltr'><strong>operibus</strong></span> <span class='ocrx_word' id='word_1_309' title='bbox 2798 1073 2861 1126; x_wconf 90' lang='lat' dir='ltr'><strong>ab</strong></span> <span class='ocrx_word' id='word_1_310' title='bbox 2895 1090 2954 1125; x_wconf 78' lang='lat' dir='ltr'><strong>eo</strong></span> <span class='ocrx_word' id='word_1_311' title='bbox 2977 1074 3314 1126; x_wconf 74' lang='lat' dir='ltr'><strong>constructis.</strong></span> 
     </span>
    </p>
   </div>
   <div class='ocr_carea' id='block_1_47' title="bbox 1876 1184 3390 1257">
    <p class='ocr_par' dir='ltr' id='par_1_47' title="bbox 1876 1184 3390 1257">
     <span class='ocr_line' id='line_1_47' title="bbox 1876 1184 3390 1257; baseline -0.002 -17"><span class='ocrx_word' id='word_1_312' title='bbox 1876 1184 2137 1255; x_wconf 87' lang='lat' dir='ltr'><strong>Ejusdem</strong></span> <span class='ocrx_word' id='word_1_313' title='bbox 2158 1185 2398 1241; x_wconf 85' lang='lat' dir='ltr'><strong>Zenonis</strong></span> <span class='ocrx_word' id='word_1_314' title='bbox 2426 1186 2741 1257; x_wconf 76' lang='lat' dir='ltr'><strong>principatu</strong></span> <span class='ocrx_word' id='word_1_315' title='bbox 2776 1188 3166 1241; x_wconf 87' lang='lat' dir='ltr'><strong>Mammianum</strong></span> <span class='ocrx_word' id='word_1_316' title='bbox 3193 1202 3390 1257; x_wconf 85' lang='lat' dir='ltr'><strong>quem-</strong></span> 
     </span>
    </p>
   </div>
   <div class='ocr_carea' id='block_1_48' title="bbox 1807 1278 3391 1349">
    <p class='ocr_par' dir='ltr' id='par_1_48' title="bbox 1807 1278 3391 1349">
     <span class='ocr_line' id='line_1_48' title="bbox 1807 1278 3391 1349; baseline -0.001 -17"><span class='ocrx_word' id='word_1_317' title='bbox 1807 1278 1931 1333; x_wconf 89' lang='lat' dir='ltr'><strong>dam</strong></span> <span class='ocrx_word' id='word_1_318' title='bbox 1966 1278 2167 1332; x_wconf 81' lang='lat' dir='ltr'><strong>vixisse</strong></span> <span class='ocrx_word' id='word_1_319' title='bbox 2192 1279 2386 1332; x_wconf 84' lang='lat' dir='ltr'><strong>scribit</strong></span> <span class='ocrx_word' id='word_1_320' title='bbox 2405 1279 2645 1333; x_wconf 79' lang='lat' dir='ltr'><strong>Joannes</strong></span> <span class='ocrx_word' id='word_1_321' title='bbox 2669 1279 2882 1342; x_wconf 86' lang='lat' dir='ltr'><strong>rhetor,</strong></span> <span class='ocrx_word' id='word_1_322' title='bbox 2905 1280 3000 1349; x_wconf 87' lang='lat' dir='ltr'><strong>qui</strong></span> <span class='ocrx_word' id='word_1_323' title='bbox 3021 1296 3089 1334; x_wconf 79' lang='lat' dir='ltr'><strong>ex</strong></span> <span class='ocrx_word' id='word_1_324' title='bbox 3109 1280 3391 1333; x_wconf 85' lang='lat' dir='ltr'><strong>sellulario</strong></span> 
     </span>
    </p>
   </div>
   <div class='ocr_carea' id='block_1_49' title="bbox 1808 1369 3391 1440">
    <p class='ocr_par' dir='ltr' id='par_1_49' title="bbox 1808 1369 3391 1440">
     <span class='ocr_line' id='line_1_49' title="bbox 1808 1369 3391 1440; baseline 0.001 -17"><span class='ocrx_word' id='word_1_325' title='bbox 1808 1369 2006 1439; x_wconf 85' lang='lat' dir='ltr'><strong>opifiee</strong></span> <span class='ocrx_word' id='word_1_326' title='bbox 2037 1370 2121 1423; x_wconf 89' lang='lat' dir='ltr'><strong>vir</strong></span> <span class='ocrx_word' id='word_1_327' title='bbox 2156 1370 2386 1440; x_wconf 78' lang='lat' dir='ltr'><strong>insignis</strong></span> <span class='ocrx_word' id='word_1_328' title='bbox 2430 1370 2692 1433; x_wconf 84' lang='lat' dir='ltr'><strong>evaserit,</strong></span> <span class='ocrx_word' id='word_1_329' title='bbox 2724 1378 2779 1423; x_wconf 89' lang='lat' dir='ltr'><strong>et</strong></span> <span class='ocrx_word' id='word_1_330' title='bbox 2813 1370 2881 1425; x_wconf 89' lang='lat' dir='ltr'><strong>ad</strong></span> <span class='ocrx_word' id='word_1_331' title='bbox 2912 1373 3252 1425; x_wconf 90' lang='lat' dir='ltr'><strong>senatorium</strong></span> <span class='ocrx_word' id='word_1_332' title='bbox 3298 1388 3391 1425; x_wconf 80' lang='lat' dir='ltr'><strong>or-</strong></span> 
     </span>
    </p>
   </div>
   <div class='ocr_carea' id='block_1_50' title="bbox 1809 1461 3391 1530">
    <p class='ocr_par' dir='ltr' id='par_1_50' title="bbox 1809 1461 3391 1530">
     <span class='ocr_line' id='line_1_50' title="bbox 1809 1461 3391 1530; baseline -0.001 -14"><span class='ocrx_word' id='word_1_333' title='bbox 1809 1462 1995 1517; x_wconf 89' lang='lat' dir='ltr'><strong>dinem</strong></span> <span class='ocrx_word' id='word_1_334' title='bbox 2045 1462 2383 1530; x_wconf 88' lang='lat' dir='ltr'><strong>pervenerit.</strong></span> <span class='ocrx_word' id='word_1_335' title='bbox 2430 1461 2512 1516; x_wconf 92' lang='lat' dir='ltr'><strong>Ab</strong></span> <span class='ocrx_word' id='word_1_336' title='bbox 2548 1463 2652 1517; x_wconf 90' lang='lat' dir='ltr'><strong>hoc</strong></span> <span class='ocrx_word' id='word_1_337' title='bbox 2702 1463 3054 1527; x_wconf 80' lang='lat' dir='ltr'><strong>Mammiano,</strong></span> <span class='ocrx_word' id='word_1_338' title='bbox 3108 1464 3184 1517; x_wconf 91' lang='lat' dir='ltr'><strong>ait</strong></span> <span class='ocrx_word' id='word_1_339' title='bbox 3223 1461 3391 1518; x_wconf 84' lang='lat' dir='ltr'><strong>Joan-</strong></span> 
     </span>
    </p>
   </div>
   <div class='ocr_carea' id='block_1_51' title="bbox 1808 1553 3393 1623">
    <p class='ocr_par' dir='ltr' id='par_1_51' title="bbox 1808 1553 3393 1623">
     <span class='ocr_line' id='line_1_51' title="bbox 1808 1553 3393 1623; baseline -0.001 -15"><span class='ocrx_word' id='word_1_340' title='bbox 1808 1569 1932 1617; x_wconf 85' lang='lat' dir='ltr'><strong>nes,</strong></span> <span class='ocrx_word' id='word_1_341' title='bbox 1978 1554 2031 1607; x_wconf 95' lang='lat' dir='ltr'><strong>in</strong></span> <span class='ocrx_word' id='word_1_342' title='bbox 2064 1553 2380 1623; x_wconf 88' lang='lat' dir='ltr'><strong>Daphnensi</strong></span> <span class='ocrx_word' id='word_1_343' title='bbox 2432 1554 2655 1622; x_wconf 88' lang='lat' dir='ltr'><strong>quidem</strong></span> <span class='ocrx_word' id='word_1_344' title='bbox 2698 1555 3023 1609; x_wconf 89' lang='lat' dir='ltr'><strong>suburbano</strong></span> <span class='ocrx_word' id='word_1_345' title='bbox 3064 1554 3393 1608; x_wconf 74' lang='lat' dir='ltr'><strong>aediﬁcatum</strong></span> 
     </span>
    </p>
   </div>
   <div class='ocr_carea' id='block_1_52' title="bbox 1810 1644 3396 1716">
    <p class='ocr_par' dir='ltr' id='par_1_52' title="bbox 1810 1644 3396 1716">
     <span class='ocr_line' id='line_1_52' title="bbox 1810 1644 3396 1716; baseline -0.001 -17"><span class='ocrx_word' id='word_1_346' title='bbox 1810 1660 1932 1699; x_wconf 91' lang='lat' dir='ltr'><strong>esse</strong></span> <span class='ocrx_word' id='word_1_347' title='bbox 1990 1645 2311 1709; x_wconf 87' lang='lat' dir='ltr'><strong>antiforum,</strong></span> <span class='ocrx_word' id='word_1_348' title='bbox 2372 1644 2466 1714; x_wconf 88' lang='lat' dir='ltr'><strong>qui</strong></span> <span class='ocrx_word' id='word_1_349' title='bbox 2518 1646 2674 1701; x_wconf 91' lang='lat' dir='ltr'><strong>locus</strong></span> <span class='ocrx_word' id='word_1_350' title='bbox 2730 1646 2885 1716; x_wconf 89' lang='lat' dir='ltr'><strong>prius</strong></span> <span class='ocrx_word' id='word_1_351' title='bbox 2943 1647 3089 1701; x_wconf 84' lang='lat' dir='ltr'><strong>vites</strong></span> <span class='ocrx_word' id='word_1_352' title='bbox 3122 1647 3396 1700; x_wconf 88' lang='lat' dir='ltr'><strong>habuerat</strong></span> 
     </span>
    </p>
   </div>
   <div class='ocr_carea' id='block_1_53' title="bbox 1806 1737 3397 1808">
    <p class='ocr_par' dir='ltr' id='par_1_53' title="bbox 1806 1737 3397 1808">
     <span class='ocr_line' id='line_1_53' title="bbox 1806 1737 3397 1808; baseline 0 -17"><span class='ocrx_word' id='word_1_353' title='bbox 1806 1746 1863 1791; x_wconf 90' lang='lat' dir='ltr'><strong>et</strong></span> <span class='ocrx_word' id='word_1_354' title='bbox 1890 1753 2039 1799; x_wconf 85' lang='lat' dir='ltr'><strong>arva,</strong></span> <span class='ocrx_word' id='word_1_355' title='bbox 2087 1753 2117 1791; x_wconf 89' lang='lat' dir='ltr'><strong>e</strong></span> <span class='ocrx_word' id='word_1_356' title='bbox 2156 1737 2381 1808; x_wconf 81' lang='lat' dir='ltr'><strong>regione</strong></span> <span class='ocrx_word' id='word_1_357' title='bbox 2420 1738 2601 1792; x_wconf 86' lang='lat' dir='ltr'><strong>balnei</strong></span> <span class='ocrx_word' id='word_1_358' title='bbox 2652 1738 2893 1808; x_wconf 86' lang='lat' dir='ltr'><strong>publici;</strong></span> <span class='ocrx_word' id='word_1_359' title='bbox 2943 1739 2999 1792; x_wconf 87' lang='lat' dir='ltr'><strong>in</strong></span> <span class='ocrx_word' id='word_1_360' title='bbox 3050 1753 3163 1808; x_wconf 91' lang='lat' dir='ltr'><strong>quo</strong></span> <span class='ocrx_word' id='word_1_361' title='bbox 3218 1746 3397 1792; x_wconf 87' lang='lat' dir='ltr'><strong>statua</strong></span> 
     </span>
    </p>
   </div>
   <div class='ocr_carea' id='block_1_54' title="bbox 1808 1827 3394 1897">
    <p class='ocr_par' dir='ltr' id='par_1_54' title="bbox 1808 1827 3394 1897">
     <span class='ocr_line' id='line_1_54' title="bbox 1808 1827 3394 1897; baseline 0.002 -18"><span class='ocrx_word' id='word_1_362' title='bbox 1808 1842 1958 1880; x_wconf 66' lang='lat' dir='ltr'><strong>aenea</strong></span> <span class='ocrx_word' id='word_1_363' title='bbox 1987 1827 2162 1896; x_wconf 90' lang='lat' dir='ltr'><strong>posita</strong></span> <span class='ocrx_word' id='word_1_364' title='bbox 2190 1835 2276 1881; x_wconf 87' lang='lat' dir='ltr'><strong>est</strong></span> <span class='ocrx_word' id='word_1_365' title='bbox 2304 1842 2429 1881; x_wconf 91' lang='lat' dir='ltr'><strong>cum</strong></span> <span class='ocrx_word' id='word_1_366' title='bbox 2464 1827 2567 1881; x_wconf 92' lang='lat' dir='ltr'><strong>hac</strong></span> <span class='ocrx_word' id='word_1_367' title='bbox 2591 1828 2953 1897; x_wconf 85' lang='lat' dir='ltr'><strong>inscriptione</strong></span> <span class='ocrx_word' id='word_1_368' title='bbox 2986 1846 2999 1882; x_wconf 90' lang='lat'><strong>:</strong></span> <span class='ocrx_word' id='word_1_369' title='bbox 3029 1828 3394 1883; x_wconf 84' lang='lat' dir='ltr'><strong>Mammianus</strong></span> 
     </span>
    </p>
   </div>
   <div class='ocr_carea' id='block_1_55' title="bbox 1812 1918 3401 1990">
    <p class='ocr_par' dir='ltr' id='par_1_55' title="bbox 1812 1918 3401 1990">
     <span class='ocr_line' id='line_1_55' title="bbox 1812 1918 3401 1990; baseline 0.001 -19"><span class='ocrx_word' id='word_1_370' title='bbox 1812 1926 2028 1971; x_wconf 87' lang='lat' dir='ltr'><strong>amator</strong></span> <span class='ocrx_word' id='word_1_371' title='bbox 2071 1918 2247 1971; x_wconf 88' lang='lat' dir='ltr'><strong>urbis.</strong></span> <span class='ocrx_word' id='word_1_372' title='bbox 2298 1919 2359 1972; x_wconf 85' lang='lat' dir='ltr'><strong>In</strong></span> <span class='ocrx_word' id='word_1_373' title='bbox 2405 1920 2542 1972; x_wconf 87' lang='lat' dir='ltr'><strong>urbe</strong></span> <span class='ocrx_word' id='word_1_374' title='bbox 2588 1935 2721 1973; x_wconf 83' lang='lat' dir='ltr'><strong>vero</strong></span> <span class='ocrx_word' id='word_1_375' title='bbox 2751 1919 2890 1974; x_wconf 89' lang='lat' dir='ltr'><strong>duas</strong></span> <span class='ocrx_word' id='word_1_376' title='bbox 2938 1920 3119 1990; x_wconf 82' lang='lat' dir='ltr'><strong>regias</strong></span> <span class='ocrx_word' id='word_1_377' title='bbox 3150 1922 3401 1989; x_wconf 84' lang='lat' dir='ltr'><strong>porticus</strong></span> 
     </span>
    </p>
   </div>
   <div class='ocr_carea' id='block_1_56' title="bbox 1812 2010 3402 2075">
    <p class='ocr_par' dir='ltr' id='par_1_56' title="bbox 1812 2010 3402 2075">
     <span class='ocr_line' id='line_1_56' title="bbox 1812 2010 3402 2075; baseline 0.002 -12"><span class='ocrx_word' id='word_1_378' title='bbox 1812 2010 1881 2063; x_wconf 93' lang='lat' dir='ltr'><strong>ab</strong></span> <span class='ocrx_word' id='word_1_379' title='bbox 1917 2010 2112 2064; x_wconf 88' lang='lat' dir='ltr'><strong>eodem</strong></span> <span class='ocrx_word' id='word_1_380' title='bbox 2144 2019 2383 2064; x_wconf 88' lang='lat' dir='ltr'><strong>structas</strong></span> <span class='ocrx_word' id='word_1_381' title='bbox 2417 2026 2538 2065; x_wconf 89' lang='lat' dir='ltr'><strong>esse</strong></span> <span class='ocrx_word' id='word_1_382' title='bbox 2570 2010 2765 2075; x_wconf 87' lang='lat' dir='ltr'><strong>refert,</strong></span> <span class='ocrx_word' id='word_1_383' title='bbox 2794 2020 2909 2065; x_wconf 91' lang='lat' dir='ltr'><strong>tum</strong></span> <span class='ocrx_word' id='word_1_384' title='bbox 2954 2012 3202 2067; x_wconf 65' lang='lat' dir='ltr'><strong>fabricae</strong></span> <span class='ocrx_word' id='word_1_385' title='bbox 3230 2029 3402 2066; x_wconf 84' lang='lat' dir='ltr'><strong>venu-</strong></span> 
     </span>
    </p>
   </div>
   <div class='ocr_carea' id='block_1_57' title="bbox 1814 2103 3404 2173">
    <p class='ocr_par' dir='ltr' id='par_1_57' title="bbox 1814 2103 3404 2173">
     <span class='ocr_line' id='line_1_57' title="bbox 1814 2103 3404 2173; baseline 0.001 -17"><span class='ocrx_word' id='word_1_386' title='bbox 1814 2111 1955 2156; x_wconf 89' lang='lat' dir='ltr'><strong>state</strong></span> <span class='ocrx_word' id='word_1_387' title='bbox 2006 2103 2272 2172; x_wconf 81' lang='lat' dir='ltr'><strong>insignes,</strong></span> <span class='ocrx_word' id='word_1_388' title='bbox 2320 2113 2435 2157; x_wconf 85' lang='lat' dir='ltr'><strong>tum</strong></span> <span class='ocrx_word' id='word_1_389' title='bbox 2478 2103 2726 2173; x_wconf 88' lang='lat' dir='ltr'><strong>lapidum</strong></span> <span class='ocrx_word' id='word_1_390' title='bbox 2761 2104 3057 2172; x_wconf 86' lang='lat' dir='ltr'><strong>splendore</strong></span> <span class='ocrx_word' id='word_1_391' title='bbox 3096 2120 3161 2158; x_wconf 90' lang='lat' dir='ltr'><strong>ac</strong></span> <span class='ocrx_word' id='word_1_392' title='bbox 3223 2105 3404 2158; x_wconf 86' lang='lat' dir='ltr'><strong>nitore</strong></span> 
     </span>
    </p>
   </div>
   <div class='ocr_carea' id='block_1_58' title="bbox 1814 2193 3403 2265">
    <p class='ocr_par' dir='ltr' id='par_1_58' title="bbox 1814 2193 3403 2265">
     <span class='ocr_line' id='line_1_58' title="bbox 1814 2193 3403 2265; baseline -0.001 -17"><span class='ocrx_word' id='word_1_393' title='bbox 1814 2194 2124 2249; x_wconf 85' lang='lat' dir='ltr'><strong>decoratas.</strong></span> <span class='ocrx_word' id='word_1_394' title='bbox 2159 2194 2309 2248; x_wconf 87' lang='lat' dir='ltr'><strong>Inter</strong></span> <span class='ocrx_word' id='word_1_395' title='bbox 2334 2193 2475 2249; x_wconf 89' lang='lat' dir='ltr'><strong>duas</strong></span> <span class='ocrx_word' id='word_1_396' title='bbox 2501 2203 2686 2248; x_wconf 91' lang='lat' dir='ltr'><strong>autem</strong></span> <span class='ocrx_word' id='word_1_397' title='bbox 2718 2196 2991 2264; x_wconf 87' lang='lat' dir='ltr'><strong>porticus,</strong></span> <span class='ocrx_word' id='word_1_398' title='bbox 3032 2196 3188 2265; x_wconf 89' lang='lat' dir='ltr'><strong>quasi</strong></span> <span class='ocrx_word' id='word_1_399' title='bbox 3228 2195 3403 2249; x_wconf 83' lang='lat' dir='ltr'><strong>conﬁ-</strong></span> 
     </span>
    </p>
   </div>
   <div class='ocr_carea' id='block_1_59' title="bbox 1814 2285 3403 2357">
    <p class='ocr_par' dir='ltr' id='par_1_59' title="bbox 1814 2285 3403 2357">
     <span class='ocr_line' id='line_1_59' title="bbox 1814 2285 3403 2357; baseline -0.001 -17"><span class='ocrx_word' id='word_1_400' title='bbox 1814 2287 1970 2340; x_wconf 88' lang='lat' dir='ltr'><strong>nium</strong></span> <span class='ocrx_word' id='word_1_401' title='bbox 2010 2285 2290 2355; x_wconf 88' lang='lat' dir='ltr'><strong>quoddam</strong></span> <span class='ocrx_word' id='word_1_402' title='bbox 2321 2286 2389 2340; x_wconf 87' lang='lat' dir='ltr'><strong>ab</strong></span> <span class='ocrx_word' id='word_1_403' title='bbox 2429 2301 2497 2341; x_wconf 91' lang='lat' dir='ltr'><strong>eo</strong></span> <span class='ocrx_word' id='word_1_404' title='bbox 2529 2286 2860 2341; x_wconf 82' lang='lat' dir='ltr'><strong>aedificatum</strong></span> <span class='ocrx_word' id='word_1_405' title='bbox 2892 2303 3015 2343; x_wconf 86' lang='lat' dir='ltr'><strong>esse</strong></span> <span class='ocrx_word' id='word_1_406' title='bbox 3050 2286 3403 2357; x_wconf 88' lang='lat' dir='ltr'><strong>tetrapylum,</strong></span> 
     </span>
    </p>
   </div>
   <div class='ocr_carea' id='block_1_60' title="bbox 1816 2375 3398 2448">
    <p class='ocr_par' dir='ltr' id='par_1_60' title="bbox 1816 2375 3398 2448">
     <span class='ocr_line' id='line_1_60' title="bbox 1816 2375 3398 2448; baseline -0.001 -18"><span class='ocrx_word' id='word_1_407' title='bbox 1816 2376 2092 2430; x_wconf 89' lang='lat' dir='ltr'><strong>columnis</strong></span> <span class='ocrx_word' id='word_1_408' title='bbox 2119 2382 2175 2430; x_wconf 86' lang='lat' dir='ltr'><strong>et</strong></span> <span class='ocrx_word' id='word_1_409' title='bbox 2208 2392 2317 2430; x_wconf 77' lang='lat' dir='ltr'><strong>aere</strong></span> <span class='ocrx_word' id='word_1_410' title='bbox 2348 2376 2645 2431; x_wconf 87' lang='lat' dir='ltr'><strong>admodum</strong></span> <span class='ocrx_word' id='word_1_411' title='bbox 2672 2377 2960 2448; x_wconf 84' lang='lat' dir='ltr'><strong>eleganter</strong></span> <span class='ocrx_word' id='word_1_412' title='bbox 2987 2378 3293 2432; x_wconf 76' lang='lat' dir='ltr'><strong>excultum.</strong></span> <span class='ocrx_word' id='word_1_413' title='bbox 3327 2375 3398 2430; x_wconf 78' lang='lat' dir='ltr'><strong>Et</strong></span> 
     </span>
    </p>
   </div>
   <div class='ocr_carea' id='block_1_61' title="bbox 1817 2468 3408 2540">
    <p class='ocr_par' dir='ltr' id='par_1_61' title="bbox 1817 2468 3408 2540">
     <span class='ocr_line' id='line_1_61' title="bbox 1817 2468 3408 2540; baseline -0.001 -17"><span class='ocrx_word' id='word_1_414' title='bbox 1817 2468 1966 2538; x_wconf 85' lang='lat' dir='ltr'><strong>ipsas</strong></span> <span class='ocrx_word' id='word_1_415' title='bbox 1996 2470 2223 2539; x_wconf 89' lang='lat' dir='ltr'><strong>quidem</strong></span> <span class='ocrx_word' id='word_1_416' title='bbox 2251 2469 2430 2540; x_wconf 83' lang='lat' dir='ltr'><strong>regias</strong></span> <span class='ocrx_word' id='word_1_417' title='bbox 2453 2470 2701 2539; x_wconf 87' lang='lat' dir='ltr'><strong>porticus</strong></span> <span class='ocrx_word' id='word_1_418' title='bbox 2723 2470 2986 2537; x_wconf 88' lang='lat' dir='ltr'><strong>vidimus,</strong></span> <span class='ocrx_word' id='word_1_419' title='bbox 3022 2486 3145 2540; x_wconf 72' lang='lat' dir='ltr'><strong>quas</strong></span> <span class='ocrx_word' id='word_1_420' title='bbox 3199 2477 3257 2525; x_wconf 85' lang='lat' dir='ltr'><strong>et</strong></span> <span class='ocrx_word' id='word_1_421' title='bbox 3306 2484 3408 2522; x_wconf 85' lang='lat' dir='ltr'><strong>no-</strong></span> 
     </span>
    </p>
   </div>
   <div class='ocr_carea' id='block_1_62' title="bbox 1820 2559 3409 2630">
    <p class='ocr_par' dir='ltr' id='par_1_62' title="bbox 1820 2559 3409 2630">
     <span class='ocr_line' id='line_1_62' title="bbox 1820 2559 3409 2630; baseline -0.001 -16"><span class='ocrx_word' id='word_1_422' title='bbox 1820 2576 1945 2615; x_wconf 93' lang='lat' dir='ltr'><strong>men</strong></span> <span class='ocrx_word' id='word_1_423' title='bbox 1971 2561 2268 2629; x_wconf 90' lang='lat' dir='ltr'><strong>pristinum</strong></span> <span class='ocrx_word' id='word_1_424' title='bbox 2298 2570 2354 2615; x_wconf 90' lang='lat' dir='ltr'><strong>et</strong></span> <span class='ocrx_word' id='word_1_425' title='bbox 2378 2562 2643 2630; x_wconf 89' lang='lat' dir='ltr'><strong>reliquias</strong></span> <span class='ocrx_word' id='word_1_426' title='bbox 2668 2562 2871 2615; x_wconf 83' lang='lat' dir='ltr'><strong>vetusti</strong></span> <span class='ocrx_word' id='word_1_427' title='bbox 2890 2561 3204 2630; x_wconf 90' lang='lat' dir='ltr'><strong>splendoris</strong></span> <span class='ocrx_word' id='word_1_428' title='bbox 3226 2559 3409 2614; x_wconf 88' lang='lat' dir='ltr'><strong>adhuc</strong></span> 
     </span>
    </p>
   </div>
   <div class='ocr_carea' id='block_1_63' title="bbox 1818 2652 3410 2722">
    <p class='ocr_par' dir='ltr' id='par_1_63' title="bbox 1818 2652 3410 2722">
     <span class='ocr_line' id='line_1_63' title="bbox 1818 2652 3410 2722; baseline -0.001 -15"><span class='ocrx_word' id='word_1_429' title='bbox 1818 2660 2061 2717; x_wconf 87' lang='lat' dir='ltr'><strong>servant,</strong></span> <span class='ocrx_word' id='word_1_430' title='bbox 2099 2668 2223 2707; x_wconf 89' lang='lat' dir='ltr'><strong>cum</strong></span> <span class='ocrx_word' id='word_1_431' title='bbox 2276 2654 2453 2707; x_wconf 91' lang='lat' dir='ltr'><strong>solum</strong></span> <span class='ocrx_word' id='word_1_432' title='bbox 2484 2669 2674 2707; x_wconf 90' lang='lat' dir='ltr'><strong>earum</strong></span> <span class='ocrx_word' id='word_1_433' title='bbox 2709 2652 3086 2707; x_wconf 88' lang='lat' dir='ltr'><strong>Proconnesio</strong></span> <span class='ocrx_word' id='word_1_434' title='bbox 3130 2666 3410 2722; x_wconf 83' lang='lat' dir='ltr'><strong>marmore</strong></span> 
     </span>
    </p>
   </div>
   <div class='ocr_carea' id='block_1_64' title="bbox 1820 2743 3413 2814">
    <p class='ocr_par' dir='ltr' id='par_1_64' title="bbox 1820 2743 3413 2814">
     <span class='ocr_line' id='line_1_64' title="bbox 1820 2743 3413 2814; baseline -0.003 -14"><span class='ocrx_word' id='word_1_435' title='bbox 1820 2754 2055 2800; x_wconf 88' lang='lat' dir='ltr'><strong>stratum</strong></span> <span class='ocrx_word' id='word_1_436' title='bbox 2114 2746 2204 2799; x_wconf 91' lang='lat' dir='ltr'><strong>sit.</strong></span> <span class='ocrx_word' id='word_1_437' title='bbox 2257 2746 2491 2814; x_wconf 79' lang='lat' dir='ltr'><strong>Reliqua</strong></span> <span class='ocrx_word' id='word_1_438' title='bbox 2543 2760 2678 2799; x_wconf 86' lang='lat' dir='ltr'><strong>vero</strong></span> <span class='ocrx_word' id='word_1_439' title='bbox 2728 2753 3007 2799; x_wconf 86' lang='lat' dir='ltr'><strong>structura</strong></span> <span class='ocrx_word' id='word_1_440' title='bbox 3058 2744 3197 2797; x_wconf 88' lang='lat' dir='ltr'><strong>nihil</strong></span> <span class='ocrx_word' id='word_1_441' title='bbox 3245 2743 3413 2797; x_wconf 81' lang='lat' dir='ltr'><strong>habet</strong></span> 
     </span>
    </p>
   </div>
   <div class='ocr_carea' id='block_1_65' title="bbox 1821 2831 3411 2905">
    <p class='ocr_par' dir='ltr' id='par_1_65' title="bbox 1821 2831 3411 2905">
     <span class='ocr_line' id='line_1_65' title="bbox 1821 2831 3411 2905; baseline -0.004 -14"><span class='ocrx_word' id='word_1_442' title='bbox 1821 2837 2111 2891; x_wconf 77' lang='lat' dir='ltr'><strong>eximium.</strong></span> <span class='ocrx_word' id='word_1_443' title='bbox 2158 2836 2294 2890; x_wconf 87' lang='lat' dir='ltr'><strong>Nam</strong></span> <span class='ocrx_word' id='word_1_444' title='bbox 2341 2844 2468 2905; x_wconf 89' lang='lat' dir='ltr'><strong>post</strong></span> <span class='ocrx_word' id='word_1_445' title='bbox 2522 2835 2837 2904; x_wconf 85' lang='lat' dir='ltr'><strong>superiores</strong></span> <span class='ocrx_word' id='word_1_446' title='bbox 2880 2834 3090 2897; x_wconf 90' lang='lat' dir='ltr'><strong>ruinas,</strong></span> <span class='ocrx_word' id='word_1_447' title='bbox 3122 2848 3301 2901; x_wconf 90' lang='lat' dir='ltr'><strong>nuper</strong></span> <span class='ocrx_word' id='word_1_448' title='bbox 3326 2831 3411 2885; x_wconf 92' lang='lat' dir='ltr'><strong>in-</strong></span> 
     </span>
    </p>
   </div>
   <div class='ocr_carea' id='block_1_66' title="bbox 1822 2924 3413 2991">
    <p class='ocr_par' dir='ltr' id='par_1_66' title="bbox 1822 2924 3413 2991">
     <span class='ocr_line' id='line_1_66' title="bbox 1822 2924 3413 2991; baseline -0.003 -9"><span class='ocrx_word' id='word_1_449' title='bbox 1822 2937 2081 2983; x_wconf 62' lang='lat' dir='ltr'><strong>stauratm</strong></span> <span class='ocrx_word' id='word_1_450' title='bbox 2106 2936 2259 2991; x_wconf 90' lang='lat' dir='ltr'><strong>sunt,</strong></span> <span class='ocrx_word' id='word_1_451' title='bbox 2292 2929 2441 2981; x_wconf 89' lang='lat' dir='ltr'><strong>nulla</strong></span> <span class='ocrx_word' id='word_1_452' title='bbox 2478 2944 2537 2983; x_wconf 88' lang='lat' dir='ltr'><strong>re</strong></span> <span class='ocrx_word' id='word_1_453' title='bbox 2567 2927 2633 2980; x_wconf 90' lang='lat' dir='ltr'><strong>ad</strong></span> <span class='ocrx_word' id='word_1_454' title='bbox 2663 2942 2857 2981; x_wconf 87' lang='lat' dir='ltr'><strong>earum</strong></span> <span class='ocrx_word' id='word_1_455' title='bbox 2890 2934 3282 2980; x_wconf 88' lang='lat' dir='ltr'><strong>ornamentum</strong></span> <span class='ocrx_word' id='word_1_456' title='bbox 3319 2924 3413 2977; x_wconf 90' lang='lat' dir='ltr'><strong>ad-</strong></span> 
     </span>
    </p>
   </div>
   <div class='ocr_carea' id='block_1_67' title="bbox 1818 3014 3415 3087">
    <p class='ocr_par' dir='ltr' id='par_1_67' title="bbox 1818 3014 3415 3087">
     <span class='ocr_line' id='line_1_67' title="bbox 1818 3014 3415 3087; baseline -0.001 -18"><span class='ocrx_word' id='word_1_457' title='bbox 1818 3016 1983 3087; x_wconf 88' lang='lat' dir='ltr'><strong>jecta.</strong></span> <span class='ocrx_word' id='word_1_458' title='bbox 2045 3016 2321 3086; x_wconf 87' lang='lat' dir='ltr'><strong>Tctrapyli</strong></span> <span class='ocrx_word' id='word_1_459' title='bbox 2396 3032 2529 3071; x_wconf 86' lang='lat' dir='ltr'><strong>vero</strong></span> <span class='ocrx_word' id='word_1_460' title='bbox 2599 3018 2720 3085; x_wconf 88' lang='lat' dir='ltr'><strong>ejus</strong></span> <span class='ocrx_word' id='word_1_461' title='bbox 2783 3016 2929 3085; x_wconf 90' lang='lat' dir='ltr'><strong>quod</strong></span> <span class='ocrx_word' id='word_1_462' title='bbox 2995 3032 3025 3068; x_wconf 88' lang='lat' dir='ltr'><strong>a</strong></span> <span class='ocrx_word' id='word_1_463' title='bbox 3084 3014 3415 3068; x_wconf 80' lang='lat' dir='ltr'><strong>Mammiano</strong></span> 
     </span>
    </p>
   </div>
   <div class='ocr_carea' id='block_1_68' title="bbox 1825 3106 3419 3179">
    <p class='ocr_par' dir='ltr' id='par_1_68' title="bbox 1825 3106 3419 3179">
     <span class='ocr_line' id='line_1_68' title="bbox 1825 3106 3419 3179; baseline -0.001 -18"><span class='ocrx_word' id='word_1_464' title='bbox 1825 3117 2207 3163; x_wconf 89' lang='lat' dir='ltr'><strong>constructum</strong></span> <span class='ocrx_word' id='word_1_465' title='bbox 2255 3118 2361 3173; x_wconf 90' lang='lat' dir='ltr'><strong>est,</strong></span> <span class='ocrx_word' id='word_1_466' title='bbox 2412 3125 2481 3163; x_wconf 87' lang='lat' dir='ltr'><strong>ne</strong></span> <span class='ocrx_word' id='word_1_467' title='bbox 2520 3109 2815 3179; x_wconf 76' lang='lat' dir='ltr'><strong>vestigium</strong></span> <span class='ocrx_word' id='word_1_468' title='bbox 2847 3108 3071 3178; x_wconf 88' lang='lat' dir='ltr'><strong>quidem</strong></span> <span class='ocrx_word' id='word_1_469' title='bbox 3106 3106 3419 3178; x_wconf 86' lang='lat' dir='ltr'><strong>deprehen-</strong></span> 
     </span>
    </p>
   </div>
   <div class='ocr_carea' id='block_1_69' title="bbox 1748 3198 2029 3276">
    <p class='ocr_par' dir='ltr' id='par_1_69' title="bbox 1748 3198 2029 3276">
     <span class='ocr_line' id='line_1_69' title="bbox 1748 3198 2029 3276; baseline 0.004 -24"><span class='ocrx_word' id='word_1_470' title='bbox 1748 3220 1791 3276; x_wconf 72' lang='grc' dir='ltr'>ο</span> <span class='ocrx_word' id='word_1_471' title='bbox 1825 3198 2029 3253; x_wconf 81' lang='lat' dir='ltr'><strong>(limus.</strong></span> 
     </span>
    </p>
   </div>
   <div class='ocr_carea' id='block_1_70' title="bbox 2426 3290 2818 3345">
    <p class='ocr_par' dir='ltr' id='par_1_70' title="bbox 2426 3290 2818 3345">
     <span class='ocr_line' id='line_1_70' title="bbox 2426 3290 2818 3345; baseline -0.003 0"><span class='ocrx_word' id='word_1_472' title='bbox 2426 3290 2579 3345; x_wconf 87' lang='lat' dir='ltr'><strong>CAP.</strong></span> <span class='ocrx_word' id='word_1_473' title='bbox 2623 3290 2818 3345; x_wconf 77' lang='lat' dir='ltr'><strong>XXIX.</strong></span> 
     </span>
    </p>
   </div>
   <div class='ocr_carea' id='block_1_71' title="bbox 1823 3379 3419 3463">
    <p class='ocr_par' dir='ltr' id='par_1_71' title="bbox 1823 3379 3419 3463">
     <span class='ocr_line' id='line_1_71' title="bbox 1823 3379 3419 3463; baseline -0.001 -28"><span class='ocrx_word' id='word_1_474' title='bbox 1823 3381 1899 3435; x_wconf 84' lang='lat' dir='ltr'><strong>De</strong></span> <span class='ocrx_word' id='word_1_475' title='bbox 1926 3379 2156 3435; x_wconf 76' lang='lat' dir='ltr'><strong>Zenonis</strong></span> <span class='ocrx_word' id='word_1_476' title='bbox 2199 3382 2365 3446; x_wconf 84' lang='lat' dir='ltr'><strong>obitu,</strong></span> <span class='ocrx_word' id='word_1_477' title='bbox 2400 3392 2447 3434; x_wconf 78' lang='grc' dir='ltr'><strong>ει</strong></span> <span class='ocrx_word' id='word_1_478' title='bbox 2496 3383 2558 3435; x_wconf 84' lang='lat' dir='ltr'><strong>de</strong></span> <span class='ocrx_word' id='word_1_479' title='bbox 2582 3382 2859 3463; x_wconf 70' lang='lat' dir='ltr'><strong>Anastasii</strong></span> <span class='ocrx_word' id='word_1_480' title='bbox 2906 3382 3247 3452; x_wconf 75' lang='lat' dir='ltr'><strong>imperatoris</strong></span> <span class='ocrx_word' id='word_1_481' title='bbox 3283 3397 3419 3434; x_wconf 79' lang='lat' dir='ltr'><strong>nun-</strong></span> 
     </span>
    </p>
   </div>
   <div class='ocr_carea' id='block_1_72' title="bbox 2456 3462 2766 3522">
    <p class='ocr_par' dir='ltr' id='par_1_72' title="bbox 2456 3462 2766 3522">
     <span class='ocr_line' id='line_1_72' title="bbox 2456 3462 2766 3522; baseline 0 -18"><span class='ocrx_word' id='word_1_482' title='bbox 2456 3462 2766 3522; x_wconf 80' lang='lat' dir='ltr'><strong>cupatione.</strong></span> 
     </span>
    </p>
   </div>
   <div class='ocr_carea' id='block_1_73' title="bbox 1899 3562 3415 3635">
    <p class='ocr_par' dir='ltr' id='par_1_73' title="bbox 1899 3562 3415 3635">
     <span class='ocr_line' id='line_1_73' title="bbox 1899 3562 3415 3635; baseline 0 -17"><span class='ocrx_word' id='word_1_483' title='bbox 1899 3562 2171 3618; x_wconf 78' lang='lat' dir='ltr'><strong>Caeterum</strong></span> <span class='ocrx_word' id='word_1_484' title='bbox 2196 3580 2322 3618; x_wconf 89' lang='lat' dir='ltr'><strong>cum</strong></span> <span class='ocrx_word' id='word_1_485' title='bbox 2352 3565 2502 3620; x_wconf 86' lang='lat' dir='ltr'><strong>Zeno</strong></span> <span class='ocrx_word' id='word_1_486' title='bbox 2534 3574 2659 3635; x_wconf 90' lang='lat' dir='ltr'><strong>post</strong></span> <span class='ocrx_word' id='word_1_487' title='bbox 2680 3565 2979 3635; x_wconf 89' lang='lat' dir='ltr'><strong>septimum</strong></span> <span class='ocrx_word' id='word_1_488' title='bbox 3003 3565 3283 3619; x_wconf 90' lang='lat' dir='ltr'><strong>decimum</strong></span> <span class='ocrx_word' id='word_1_489' title='bbox 3311 3564 3415 3618; x_wconf 85' lang='lat' dir='ltr'><strong>im-</strong></span> 
     </span>
    </p>
   </div>
   <div class='ocr_carea' id='block_1_74' title="bbox 1839 3656 3424 3727">
    <p class='ocr_par' dir='ltr' id='par_1_74' title="bbox 1839 3656 3424 3727">
     <span class='ocr_line' id='line_1_74' title="bbox 1839 3656 3424 3727; baseline 0.001 -18"><span class='ocrx_word' id='word_1_490' title='bbox 1839 3657 1977 3724; x_wconf 85' lang='lat' dir='ltr'><strong>perii</strong></span> <span class='ocrx_word' id='word_1_491' title='bbox 2006 3656 2089 3709; x_wconf 91' lang='lat' dir='ltr'><strong>sui</strong></span> <span class='ocrx_word' id='word_1_492' title='bbox 2114 3672 2342 3721; x_wconf 89' lang='lat' dir='ltr'><strong>annum,</strong></span> <span class='ocrx_word' id='word_1_493' title='bbox 2373 3673 2437 3712; x_wconf 83' lang='lat' dir='ltr'><strong>ex</strong></span> <span class='ocrx_word' id='word_1_494' title='bbox 2469 3657 2733 3711; x_wconf 89' lang='lat' dir='ltr'><strong>comitiali</strong></span> <span class='ocrx_word' id='word_1_495' title='bbox 2765 3659 2961 3712; x_wconf 91' lang='lat' dir='ltr'><strong>morbo</strong></span> <span class='ocrx_word' id='word_1_496' title='bbox 2992 3659 3199 3727; x_wconf 86' lang='lat' dir='ltr'><strong>absque</strong></span> <span class='ocrx_word' id='word_1_497' title='bbox 3230 3658 3424 3711; x_wconf 89' lang='lat' dir='ltr'><strong>liberis</strong></span> 
     </span>
    </p>
   </div>
   <div class='ocr_carea' id='block_1_75' title="bbox 1840 3745 3422 3819">
    <p class='ocr_par' dir='ltr' id='par_1_75' title="bbox 1840 3745 3422 3819">
     <span class='ocr_line' id='line_1_75' title="bbox 1840 3745 3422 3819; baseline 0.001 -21"><span class='ocrx_word' id='word_1_498' title='bbox 1840 3745 2198 3810; x_wconf 87' lang='lat' dir='ltr'><strong>decessisset,</strong></span> <span class='ocrx_word' id='word_1_499' title='bbox 2218 3746 2501 3817; x_wconf 81' lang='lat' dir='ltr'><strong>Longinus</strong></span> <span class='ocrx_word' id='word_1_500' title='bbox 2533 3748 2779 3816; x_wconf 86' lang='lat' dir='ltr'><strong>quidem,</strong></span> <span class='ocrx_word' id='word_1_501' title='bbox 2823 3749 2943 3819; x_wconf 87' lang='lat' dir='ltr'><strong>ejus</strong></span> <span class='ocrx_word' id='word_1_502' title='bbox 2978 3748 3168 3813; x_wconf 82' lang='lat' dir='ltr'><strong>frater,</strong></span> <span class='ocrx_word' id='word_1_503' title='bbox 3211 3748 3306 3817; x_wconf 90' lang='lat' dir='ltr'><strong>qui</strong></span> <span class='ocrx_word' id='word_1_504' title='bbox 3355 3748 3422 3801; x_wconf 90' lang='lat' dir='ltr'><strong>ad</strong></span> 
     </span>
    </p>
   </div>
   <div class='ocr_carea' id='block_1_76' title="bbox 1839 3840 3426 3910">
    <p class='ocr_par' dir='ltr' id='par_1_76' title="bbox 1839 3840 3426 3910">
     <span class='ocr_line' id='line_1_76' title="bbox 1839 3840 3426 3910; baseline 0.001 -19"><span class='ocrx_word' id='word_1_505' title='bbox 1839 3854 2091 3907; x_wconf 80' lang='lat' dir='ltr'><strong>magnam</strong></span> <span class='ocrx_word' id='word_1_506' title='bbox 2116 3840 2419 3908; x_wconf 90' lang='lat' dir='ltr'><strong>potentiam</strong></span> <span class='ocrx_word' id='word_1_507' title='bbox 2437 3850 2784 3908; x_wconf 86' lang='lat' dir='ltr'><strong>pervenerat,</strong></span> <span class='ocrx_word' id='word_1_508' title='bbox 2807 3840 2861 3893; x_wconf 89' lang='lat' dir='ltr'><strong>in</strong></span> <span class='ocrx_word' id='word_1_509' title='bbox 2882 3856 3036 3910; x_wconf 91' lang='lat' dir='ltr'><strong>spem</strong></span> <span class='ocrx_word' id='word_1_510' title='bbox 3062 3840 3216 3895; x_wconf 77' lang='lat' dir='ltr'><strong>venit</strong></span> <span class='ocrx_word' id='word_1_511' title='bbox 3240 3840 3426 3910; x_wconf 79' lang='lat'><strong>360&#39;</strong></span> 
     </span>
    </p>
   </div>
   <div class='ocr_carea' id='block_1_77' title="bbox 1840 3930 3427 4000">
    <p class='ocr_par' dir='ltr' id='par_1_77' title="bbox 1840 3930 3427 4000">
     <span class='ocr_line' id='line_1_77' title="bbox 1840 3930 3427 4000; baseline 0 -15"><span class='ocrx_word' id='word_1_512' title='bbox 1840 3946 1899 3985; x_wconf 89' lang='lat' dir='ltr'><strong>se</strong></span> <span class='ocrx_word' id='word_1_513' title='bbox 1932 3931 2225 3999; x_wconf 90' lang='lat' dir='ltr'><strong>imperium</strong></span> <span class='ocrx_word' id='word_1_514' title='bbox 2267 3930 2426 3984; x_wconf 89' lang='lat' dir='ltr'><strong>facile</strong></span> <span class='ocrx_word' id='word_1_515' title='bbox 2456 3940 2860 4000; x_wconf 84' lang='lat' dir='ltr'><strong>occupaturum</strong></span> <span class='ocrx_word' id='word_1_516' title='bbox 2892 3948 3037 3987; x_wconf 80' lang='lat' dir='ltr'><strong>esse.</strong></span> <span class='ocrx_word' id='word_1_517' title='bbox 3085 3931 3190 3986; x_wconf 85' lang='lat' dir='ltr'><strong>Sed</strong></span> <span class='ocrx_word' id='word_1_518' title='bbox 3242 3942 3427 3985; x_wconf 88' lang='lat' dir='ltr'><strong>tamen</strong></span> 
     </span>
    </p>
   </div>
   <div class='ocr_carea' id='block_1_78' title="bbox 1843 4022 3429 4093">
    <p class='ocr_par' dir='ltr' id='par_1_78' title="bbox 1843 4022 3429 4093">
     <span class='ocr_line' id='line_1_78' title="bbox 1843 4022 3429 4093; baseline 0.001 -18"><span class='ocrx_word' id='word_1_519' title='bbox 1843 4023 1958 4076; x_wconf 89' lang='lat' dir='ltr'><strong>voti</strong></span> <span class='ocrx_word' id='word_1_520' title='bbox 1988 4022 2073 4076; x_wconf 91' lang='lat' dir='ltr'><strong>sui</strong></span> <span class='ocrx_word' id='word_1_521' title='bbox 2114 4022 2544 4093; x_wconf 88' lang='lat' dir='ltr'><strong>haudquaquam</strong></span> <span class='ocrx_word' id='word_1_522' title='bbox 2576 4038 2801 4093; x_wconf 88' lang='lat' dir='ltr'><strong>compos</strong></span> <span class='ocrx_word' id='word_1_523' title='bbox 2847 4023 3026 4079; x_wconf 89' lang='lat' dir='ltr'><strong>factus</strong></span> <span class='ocrx_word' id='word_1_524' title='bbox 3068 4033 3174 4079; x_wconf 90' lang='lat' dir='ltr'><strong>est.</strong></span> <span class='ocrx_word' id='word_1_525' title='bbox 3206 4024 3429 4092; x_wconf 84' lang='lat' dir='ltr'><strong>Etenim</strong></span> 
     </span>
    </p>
   </div>
   <div class='ocr_carea' id='block_1_79' title="bbox 1846 4114 3431 4187">
    <p class='ocr_par' dir='ltr' id='par_1_79' title="bbox 1846 4114 3431 4187">
     <span class='ocr_line' id='line_1_79' title="bbox 1846 4114 3431 4187; baseline 0.001 -19"><span class='ocrx_word' id='word_1_526' title='bbox 1846 4114 2088 4168; x_wconf 83' lang='lat' dir='ltr'><strong>Ariadne</strong></span> <span class='ocrx_word' id='word_1_527' title='bbox 2121 4130 2382 4169; x_wconf 90' lang='lat' dir='ltr'><strong>coronam</strong></span> <span class='ocrx_word' id='word_1_528' title='bbox 2418 4116 2687 4186; x_wconf 86' lang='lat' dir='ltr'><strong>imposuit</strong></span> <span class='ocrx_word' id='word_1_529' title='bbox 2714 4116 3029 4180; x_wconf 83' lang='lat' dir='ltr'><strong>Anastasio,</strong></span> <span class='ocrx_word' id='word_1_530' title='bbox 3061 4118 3155 4187; x_wconf 89' lang='lat' dir='ltr'><strong>qui</strong></span> <span class='ocrx_word' id='word_1_531' title='bbox 3184 4118 3431 4172; x_wconf 89' lang='lat' dir='ltr'><strong>nondum</strong></span> 
     </span>
    </p>
   </div>
   <div class='ocr_carea' id='block_1_80' title="bbox 1849 4206 3433 4272">
    <p class='ocr_par' dir='ltr' id='par_1_80' title="bbox 1849 4206 3433 4272">
     <span class='ocr_line' id='line_1_80' title="bbox 1849 4206 3433 4272; baseline 0.003 -13"><span class='ocrx_word' id='word_1_532' title='bbox 1849 4207 1905 4260; x_wconf 89' lang='lat' dir='ltr'><strong>in</strong></span> <span class='ocrx_word' id='word_1_533' title='bbox 1939 4207 2280 4260; x_wconf 90' lang='lat' dir='ltr'><strong>senatorium</strong></span> <span class='ocrx_word' id='word_1_534' title='bbox 2308 4206 2561 4261; x_wconf 90' lang='lat' dir='ltr'><strong>ordinem</strong></span> <span class='ocrx_word' id='word_1_535' title='bbox 2590 4207 2841 4272; x_wconf 85' lang='lat' dir='ltr'><strong>allectus,</strong></span> <span class='ocrx_word' id='word_1_536' title='bbox 2890 4208 2947 4262; x_wconf 90' lang='lat' dir='ltr'><strong>in</strong></span> <span class='ocrx_word' id='word_1_537' title='bbox 2996 4207 3433 4264; x_wconf 88' lang='lat' dir='ltr'><strong>silentiariorum</strong></span> 
     </span>
    </p>
   </div>
   <div class='ocr_carea' id='block_1_81' title="bbox 1342 4343 2238 4401">
    <p class='ocr_par' dir='ltr' id='par_1_81' title="bbox 1342 4343 2238 4401">
     <span class='ocr_line' id='line_1_81' title="bbox 1342 4343 2238 4401; baseline 0 -1"><span class='ocrx_word' id='word_1_538' title='bbox 1342 4344 1616 4400; x_wconf 75' lang='lat' dir='ltr'><strong>VALESII</strong></span> <span class='ocrx_word' id='word_1_539' title='bbox 1671 4343 2238 4401; x_wconf 76' lang='lat' dir='ltr'><strong>ANNOTATIONES.</strong></span> 
     </span>
    </p>
   </div>
   <div class='ocr_carea' id='block_1_82' title="bbox 145 4439 1731 4509">
    <p class='ocr_par' dir='ltr' id='par_1_82' title="bbox 145 4439 1731 4509">
     <span class='ocr_line' id='line_1_82' title="bbox 145 4439 1731 4509; baseline -0.005 -8"><span class='ocrx_word' id='word_1_540' title='bbox 145 4447 400 4503; x_wconf 89' lang='lat' dir='ltr'><strong>dicebant</strong></span> <span class='ocrx_word' id='word_1_541' title='bbox 420 4445 833 4500; x_wconf 84' lang='lat' dir='ltr'><strong>Theodericum</strong></span> <span class='ocrx_word' id='word_1_542' title='bbox 860 4442 1101 4496; x_wconf 84' lang='lat' dir='ltr'><strong>Zenonis</strong></span> <span class='ocrx_word' id='word_1_543' title='bbox 1143 4439 1377 4494; x_wconf 89' lang='lat' dir='ltr'><strong>consilio</strong></span> <span class='ocrx_word' id='word_1_544' title='bbox 1429 4441 1731 4509; x_wconf 90' lang='lat' dir='ltr'><strong>impulsum</strong></span> 
     </span>
    </p>
   </div>
   <div class='ocr_carea' id='block_1_83' title="bbox 147 4511 1734 4579">
    <p class='ocr_par' dir='ltr' id='par_1_83' title="bbox 147 4511 1734 4579">
     <span class='ocr_line' id='line_1_83' title="bbox 147 4511 1734 4579; baseline -0.004 -8"><span class='ocrx_word' id='word_1_545' title='bbox 147 4519 199 4571; x_wconf 94' lang='lat' dir='ltr'><strong>in</strong></span> <span class='ocrx_word' id='word_1_546' title='bbox 228 4519 443 4572; x_wconf 83' lang='lat' dir='ltr'><strong>Italiam</strong></span> <span class='ocrx_word' id='word_1_547' title='bbox 480 4532 540 4571; x_wconf 89' lang='lat' dir='ltr'><strong>se</strong></span> <span class='ocrx_word' id='word_1_548' title='bbox 578 4514 899 4569; x_wconf 87' lang='lat' dir='ltr'><strong>contulisse.</strong></span> <span class='ocrx_word' id='word_1_549' title='bbox 934 4514 1099 4567; x_wconf 87' lang='lat' dir='ltr'><strong>Certe</strong></span> <span class='ocrx_word' id='word_1_550' title='bbox 1142 4511 1197 4564; x_wconf 91' lang='lat' dir='ltr'><strong>in</strong></span> <span class='ocrx_word' id='word_1_551' title='bbox 1222 4511 1499 4579; x_wconf 75' lang='lat' dir='ltr'><strong>excerptis</strong></span> <span class='ocrx_word' id='word_1_552' title='bbox 1530 4511 1734 4564; x_wconf 86' lang='lat' dir='ltr'><strong>veteris</strong></span> 
     </span>
    </p>
   </div>
   <div class='ocr_carea' id='block_1_84' title="bbox 145 4580 1733 4655">
    <p class='ocr_par' dir='ltr' id='par_1_84' title="bbox 145 4580 1733 4655">
     <span class='ocr_line' id='line_1_84' title="bbox 145 4580 1733 4655; baseline -0.005 -14"><span class='ocrx_word' id='word_1_553' title='bbox 145 4590 417 4652; x_wconf 89' lang='lat' dir='ltr'><strong>auctoris,</strong></span> <span class='ocrx_word' id='word_1_554' title='bbox 480 4602 606 4655; x_wconf 61' lang='lat' dir='ltr'><strong>quae</strong></span> <span class='ocrx_word' id='word_1_555' title='bbox 640 4585 707 4655; x_wconf 88' lang='lat' dir='ltr'><strong>ad</strong></span> <span class='ocrx_word' id='word_1_556' title='bbox 743 4586 950 4655; x_wconf 88' lang='lat' dir='ltr'><strong>calcem</strong></span> <span class='ocrx_word' id='word_1_557' title='bbox 984 4580 1256 4636; x_wconf 85' lang='lat' dir='ltr'><strong>Ammiani</strong></span> <span class='ocrx_word' id='word_1_558' title='bbox 1289 4580 1589 4655; x_wconf 47' lang='lat' dir='ltr'><strong>Magcellini</strong></span> <span class='ocrx_word' id='word_1_559' title='bbox 1621 4580 1733 4655; x_wconf 84' lang='lat' dir='ltr'><strong>jam</strong></span> 
     </span>
    </p>
   </div>
   <div class='ocr_carea' id='block_1_85' title="bbox 145 4650 1726 4726">
    <p class='ocr_par' dir='ltr' id='par_1_85' title="bbox 145 4650 1726 4726">
     <span class='ocr_line' id='line_1_85' title="bbox 145 4650 1726 4726; baseline -0.008 -14"><span class='ocrx_word' id='word_1_560' title='bbox 145 4660 357 4726; x_wconf 86' lang='lat' dir='ltr'><strong>pridem</strong></span> <span class='ocrx_word' id='word_1_561' title='bbox 402 4650 587 4717; x_wconf 71' lang='lat' dir='ltr'><strong>edidi,</strong></span> <span class='ocrx_word' id='word_1_562' title='bbox 634 4654 1012 4726; x_wconf 85' lang='lat' dir='ltr'><strong>Theodericus</strong></span> <span class='ocrx_word' id='word_1_563' title='bbox 1064 4666 1337 4726; x_wconf 75' lang='lat' dir='ltr'><strong>consensu</strong></span> <span class='ocrx_word' id='word_1_564' title='bbox 1384 4650 1726 4726; x_wconf 74' lang='lat' dir='ltr'><strong>Zenonis__i_i:</strong></span> 
     </span>
    </p>
   </div>
   <div class='ocr_carea' id='block_1_86' title="bbox 1830 4650 2392 4726">
    <p class='ocr_par' dir='ltr' id='par_1_86' title="bbox 1845 4650 2392 4726">
     <span class='ocr_line' id='line_1_86' title="bbox 1845 4650 2392 4726; baseline 0.002 -25"><span class='ocrx_word' id='word_1_565' title='bbox 1958 4650 2060 4726; x_wconf 65' lang='lat' dir='ltr'><strong>_‘:oﬁ</strong></span> <span class='ocrx_word' id='word_1_566' title='bbox 2131 4651 2392 4726; x_wconf 51' lang='grc' dir='ltr'>δημοσίου</span> 
     </span>
    </p>
   </div>
   <div class='ocr_carea' id='block_1_87' title="bbox 144 4721 1739 4798">
    <p class='ocr_par' dir='ltr' id='par_1_87' title="bbox 144 4721 1739 4798">
     <span class='ocr_line' id='line_1_87' title="bbox 144 4721 1739 4798; baseline -0.008 -14"><span class='ocrx_word' id='word_1_567' title='bbox 144 4721 349 4784; x_wconf 72' lang='lat' dir='ltr'><strong>Italiam</strong></span> <span class='ocrx_word' id='word_1_568' title='bbox 373 4727 665 4798; x_wconf 86' lang='lat' dir='ltr'><strong>profectus</strong></span> <span class='ocrx_word' id='word_1_569' title='bbox 692 4738 811 4778; x_wconf 82' lang='lat' dir='ltr'><strong>esse</strong></span> <span class='ocrx_word' id='word_1_570' title='bbox 851 4724 1075 4798; x_wconf 84' lang='lat' dir='ltr'><strong>dicitur.</strong></span> <span class='ocrx_word' id='word_1_571' title='bbox 1107 4722 1377 4798; x_wconf 48' lang='lat' dir='ltr'><strong>Siccam}</strong></span> <span class='ocrx_word' id='word_1_572' title='bbox 1403 4721 1513 4798; x_wconf 80' lang='lat' dir='ltr'><strong>illic</strong></span> <span class='ocrx_word' id='word_1_573' title='bbox 1538 4721 1739 4798; x_wconf 80' lang='lat' dir='ltr'><strong>scribi-</strong></span> 
     </span>
    </p>
   </div>
   <div class='ocr_carea' id='block_1_88' title="bbox 147 4790 1739 4866">
    <p class='ocr_par' dir='ltr' id='par_1_88' title="bbox 147 4790 1739 4866">
     <span class='ocr_line' id='line_1_88' title="bbox 147 4790 1739 4866; baseline -0.008 -12"><span class='ocrx_word' id='word_1_574' title='bbox 147 4811 278 4854; x_wconf 87' lang='lat' dir='ltr'><strong>tur:</strong></span> <span class='ocrx_word' id='word_1_575' title='bbox 318 4790 463 4853; x_wconf 70' lang='lat' dir='ltr'><strong>Zeno</strong></span> <span class='ocrx_word' id='word_1_576' title='bbox 522 4811 927 4866; x_wconf 82' lang='lat' dir='ltr'><strong>recompensans</strong></span> <span class='ocrx_word' id='word_1_577' title='bbox 989 4790 1250 4866; x_wconf 79' lang='lat' dir='ltr'><strong>beneﬁciis</strong></span> <span class='ocrx_word' id='word_1_578' title='bbox 1320 4791 1696 4866; x_wconf 74' lang='lat' dir='ltr'><strong>Theodericum</strong></span> <span class='ocrx_word' id='word_1_579' title='bbox 1724 4831 1739 4853; x_wconf 92' lang='lat'><strong>,</strong></span> 
     </span>
    </p>
   </div>
   <div class='ocr_carea' id='block_1_89' title="bbox 148 4861 1737 4940">
    <p class='ocr_par' dir='ltr' id='par_1_89' title="bbox 148 4861 1737 4940">
     <span class='ocr_line' id='line_1_89' title="bbox 148 4861 1737 4940; baseline -0.008 -15"><span class='ocrx_word' id='word_1_580' title='bbox 148 4888 296 4940; x_wconf 83' lang='lat' dir='ltr'><strong>quem</strong></span> <span class='ocrx_word' id='word_1_581' title='bbox 321 4870 444 4939; x_wconf 78' lang='lat' dir='ltr'><strong>fecit</strong></span> <span class='ocrx_word' id='word_1_582' title='bbox 470 4861 762 4940; x_wconf 72' lang='lat' dir='ltr'><strong>patricium</strong></span> <span class='ocrx_word' id='word_1_583' title='bbox 785 4862 1151 4940; x_wconf 25' lang='lat' dir='ltr'><strong>eti-consulem,</strong></span> <span class='ocrx_word' id='word_1_584' title='bbox 1176 4862 1381 4915; x_wconf 85' lang='lat' dir='ltr'><strong>donans</strong></span> <span class='ocrx_word' id='word_1_585' title='bbox 1413 4862 1458 4913; x_wconf 91' lang='lat' dir='ltr'><strong>ci</strong></span> <span class='ocrx_word' id='word_1_586' title='bbox 1489 4861 1737 4940; x_wconf 77' lang='lat' dir='ltr'><strong>multum,</strong></span> 
     </span>
    </p>
   </div>
   <div class='ocr_carea' id='block_1_90' title="bbox 148 4934 1738 5001">
    <p class='ocr_par' dir='ltr' id='par_1_90' title="bbox 148 4934 1738 5001">
     <span class='ocr_line' id='line_1_90' title="bbox 148 4934 1738 5001; baseline -0.006 -7"><span class='ocrx_word' id='word_1_587' title='bbox 148 4934 195 4994; x_wconf 79' lang='lat' dir='ltr'><strong>et</strong></span> <span class='ocrx_word' id='word_1_588' title='bbox 238 4934 613 4995; x_wconf 46' lang='lat' dir='ltr'><strong>mittens&#39;eum</strong></span> <span class='ocrx_word' id='word_1_589' title='bbox 644 4938 714 4991; x_wconf 87' lang='lat' dir='ltr'><strong>ad</strong></span> <span class='ocrx_word' id='word_1_590' title='bbox 733 4935 977 4999; x_wconf 84' lang='lat' dir='ltr'><strong>Italiam,</strong></span> <span class='ocrx_word' id='word_1_591' title='bbox 1010 4940 1293 5001; x_wconf 85' lang='lat' dir='ltr'><strong>pactuatus</strong></span> <span class='ocrx_word' id='word_1_592' title='bbox 1316 4940 1415 4993; x_wconf 83' lang='lat' dir='ltr'><strong>est,</strong></span> <span class='ocrx_word' id='word_1_593' title='bbox 1437 4944 1491 4984; x_wconf 87' lang='lat' dir='ltr'><strong>ut</strong></span> <span class='ocrx_word' id='word_1_594' title='bbox 1510 4934 1553 4984; x_wconf 88' lang='lat' dir='ltr'><strong>si</strong></span> <span class='ocrx_word' id='word_1_595' title='bbox 1574 4934 1738 4985; x_wconf 87' lang='lat' dir='ltr'><strong>victus</strong></span> 
     </span>
    </p>
   </div>
   <div class='ocr_carea' id='block_1_91' title="bbox 149 5002 1739 5081">
    <p class='ocr_par' dir='ltr' id='par_1_91' title="bbox 149 5002 1739 5081">
     <span class='ocr_line' id='line_1_91' title="bbox 149 5002 1739 5081; baseline -0.005 -18"><span class='ocrx_word' id='word_1_596' title='bbox 149 5012 329 5081; x_wconf 79' lang='lat' dir='ltr'><strong>fuisset</strong></span> <span class='ocrx_word' id='word_1_597' title='bbox 384 5008 691 5081; x_wconf 78' lang='lat' dir='ltr'><strong>Odoachar,</strong></span> <span class='ocrx_word' id='word_1_598' title='bbox 719 5023 815 5077; x_wconf 90' lang='lat' dir='ltr'><strong>pro</strong></span> <span class='ocrx_word' id='word_1_599' title='bbox 869 5005 1059 5058; x_wconf 86' lang='lat' dir='ltr'><strong>merito</strong></span> <span class='ocrx_word' id='word_1_600' title='bbox 1096 5002 1339 5055; x_wconf 85' lang='lat' dir='ltr'><strong>laborum</strong></span> <span class='ocrx_word' id='word_1_601' title='bbox 1385 5018 1607 5081; x_wconf 57' lang='lat' dir='ltr'><strong>suerunt</strong></span> <span class='ocrx_word' id='word_1_602' title='bbox 1630 5002 1739 5081; x_wconf 74' lang='lat' dir='ltr'><strong>loco</strong></span> 
     </span>
    </p>
   </div>
   <div class='ocr_carea' id='block_1_92' title="bbox 148 5071 1740 5152">
    <p class='ocr_par' dir='ltr' id='par_1_92' title="bbox 148 5071 1740 5152">
     <span class='ocr_line' id='line_1_92' title="bbox 148 5071 1740 5152; baseline -0.006 -17"><span class='ocrx_word' id='word_1_603' title='bbox 148 5071 282 5152; x_wconf 55' lang='lat' dir='ltr'><strong>Ejus,</strong></span> <span class='ocrx_word' id='word_1_604' title='bbox 307 5083 437 5135; x_wconf 86' lang='lat' dir='ltr'><strong>dum</strong></span> <span class='ocrx_word' id='word_1_605' title='bbox 482 5071 774 5152; x_wconf 63' lang='lat' dir='ltr'><strong>adviveret,</strong></span> <span class='ocrx_word' id='word_1_606' title='bbox 826 5083 1085 5152; x_wconf 75' lang='lat' dir='ltr'><strong>tantum,</strong></span> <span class='ocrx_word' id='word_1_607' title='bbox 1124 5071 1740 5152; x_wconf 34' lang='lat' dir='ltr'><strong>prmregnaretznlde-m</strong></span> 
     </span>
    </p>
   </div>
   <div class='ocr_carea' id='block_1_93' title="bbox 150 5141 1738 5223">
    <p class='ocr_par' dir='ltr' id='par_1_93' title="bbox 150 5141 1738 5223">
     <span class='ocr_line' id='line_1_93' title="bbox 150 5141 1738 5223; baseline -0.008 -15"><span class='ocrx_word' id='word_1_608' title='bbox 150 5141 368 5223; x_wconf 71' lang='lat' dir='ltr'><strong>quoque</strong></span> <span class='ocrx_word' id='word_1_609' title='bbox 417 5158 659 5206; x_wconf 85' lang='lat' dir='ltr'><strong>testatur</strong></span> <span class='ocrx_word' id='word_1_610' title='bbox 706 5146 977 5202; x_wconf 69' lang='lat' dir='ltr'><strong>Iordanes</strong></span> <span class='ocrx_word' id='word_1_611' title='bbox 1010 5144 1066 5198; x_wconf 89' lang='lat' dir='ltr'><strong>in</strong></span> <span class='ocrx_word' id='word_1_612' title='bbox 1114 5141 1327 5207; x_wconf 83' lang='lat' dir='ltr'><strong>Geticis,</strong></span> <span class='ocrx_word' id='word_1_613' title='bbox 1354 5151 1411 5195; x_wconf 94' lang='lat' dir='ltr'><strong>et</strong></span> <span class='ocrx_word' id='word_1_614' title='bbox 1443 5144 1497 5196; x_wconf 88' lang='lat' dir='ltr'><strong>in</strong></span> <span class='ocrx_word' id='word_1_615' title='bbox 1520 5142 1619 5196; x_wconf 92' lang='lat' dir='ltr'><strong>lib.</strong></span> <span class='ocrx_word' id='word_1_616' title='bbox 1660 5141 1738 5195; x_wconf 84' lang='lat' dir='ltr'><strong>De</strong></span> 
     </span>
    </p>
   </div>
   <div class='ocr_carea' id='block_1_94' title="bbox 148 5226 1640 5294">
    <p class='ocr_par' dir='ltr' id='par_1_94' title="bbox 148 5226 1640 5294">
     <span class='ocr_line' id='line_1_94' title="bbox 148 5226 1640 5294; baseline 0.006 -20"><span class='ocrx_word' id='word_1_617' title='bbox 148 5226 469 5278; x_wconf 71' lang='lat' dir='ltr'><strong>successione</strong></span> <span class='ocrx_word' id='word_1_618' title='bbox 499 5234 839 5294; x_wconf 34' lang='lat' dir='ltr'><strong>regnorum;</strong></span> <span class='ocrx_word' id='word_1_619' title='bbox 940 5284 975 5294; x_wconf 87' lang='lat'><strong>__</strong></span> <span class='ocrx_word' id='word_1_620' title='bbox 1205 5283 1256 5294; x_wconf 55' lang='grc' dir='ltr'><strong>η</strong></span> <span class='ocrx_word' id='word_1_621' title='bbox 1303 5292 1309 5294; x_wconf 96' lang='lat'>_</span> <span class='ocrx_word' id='word_1_622' title='bbox 1508 5281 1585 5294; x_wconf 52' lang='grc' dir='ltr'>,η</span> <span class='ocrx_word' id='word_1_623' title='bbox 1628 5281 1640 5294; x_wconf 82' lang='grc'><strong>,</strong></span> 
     </span>
    </p>
   </div>
   <div class='ocr_carea' id='block_1_95' title="bbox 219 5281 1743 5366">
    <p class='ocr_par' dir='ltr' id='par_1_95' title="bbox 219 5281 1743 5366">
     <span class='ocr_line' id='line_1_95' title="bbox 219 5281 1743 5366; baseline -0.009 -16"><span class='ocrx_word' id='word_1_624' title='bbox 219 5295 329 5366; x_wconf 69' lang='lat'><strong>(59)</strong></span> <span class='ocrx_word' id='word_1_625' title='bbox 375 5281 753 5359; x_wconf 66' lang='grc' dir='ltr'>Ἁντίςὸορον.</span> <span class='ocrx_word' id='word_1_626' title='bbox 786 5288 879 5343; x_wconf 92' lang='lat' dir='ltr'><strong>Sic</strong></span> <span class='ocrx_word' id='word_1_627' title='bbox 923 5284 1135 5341; x_wconf 90' lang='lat' dir='ltr'><strong>dictum</strong></span> <span class='ocrx_word' id='word_1_628' title='bbox 1167 5283 1389 5339; x_wconf 88' lang='lat' dir='ltr'><strong>videtur</strong></span> <span class='ocrx_word' id='word_1_629' title='bbox 1444 5281 1743 5339; x_wconf 81' lang='lat' dir='ltr'><strong>aediﬁcium</strong></span> 
     </span>
    </p>
   </div>
   <div class='ocr_carea' id='block_1_96' title="bbox 1842 4438 3433 4511">
    <p class='ocr_par' dir='ltr' id='par_1_96' title="bbox 1842 4438 3433 4511">
     <span class='ocr_line' id='line_1_96' title="bbox 1842 4438 3433 4511; baseline 0.001 -18"><span class='ocrx_word' id='word_1_630' title='bbox 1842 4441 2122 4509; x_wconf 88' lang='lat' dir='ltr'><strong>quoddam</strong></span> <span class='ocrx_word' id='word_1_631' title='bbox 2152 4442 2299 4511; x_wconf 90' lang='lat' dir='ltr'><strong>quod</strong></span> <span class='ocrx_word' id='word_1_632' title='bbox 2334 4440 2621 4511; x_wconf 2' lang='lat' dir='ltr'><strong>foriqusum</strong></span> <span class='ocrx_word' id='word_1_633' title='bbox 2654 4438 2970 4511; x_wconf 67' lang='lat' dir='ltr'><strong>praestabat.</strong></span> <span class='ocrx_word' id='word_1_634' title='bbox 2993 4438 3110 4493; x_wconf 85' lang='lat' dir='ltr'><strong>Hoc</strong></span> <span class='ocrx_word' id='word_1_635' title='bbox 3139 4438 3433 4511; x_wconf 77' lang='lat' dir='ltr'><strong>aedificium</strong></span> 
     </span>
    </p>
   </div>
   <div class='ocr_carea' id='block_1_97' title="bbox 1840 4509 3429 4582">
    <p class='ocr_par' dir='ltr' id='par_1_97' title="bbox 1840 4509 3429 4582">
     <span class='ocr_line' id='line_1_97' title="bbox 1840 4509 3429 4582; baseline 0 -18"><span class='ocrx_word' id='word_1_636' title='bbox 1840 4513 1920 4564; x_wconf 84' lang='lat' dir='ltr'><strong>ait</strong></span> <span class='ocrx_word' id='word_1_637' title='bbox 1948 4509 2217 4582; x_wconf 79' lang='lat' dir='ltr'><strong>Evagrius</strong></span> <span class='ocrx_word' id='word_1_638' title='bbox 2245 4511 2416 4564; x_wconf 84' lang='lat' dir='ltr'><strong>fuisse</strong></span> <span class='ocrx_word' id='word_1_639' title='bbox 2446 4509 2852 4582; x_wconf 81' lang='lat' dir='ltr'><strong>in_s_ubu_rbauo</strong></span> <span class='ocrx_word' id='word_1_640' title='bbox 2889 4509 3282 4582; x_wconf 80' lang='lat' dir='ltr'><strong>Daphnensi,e</strong></span> <span class='ocrx_word' id='word_1_641' title='bbox 3338 4528 3429 4565; x_wconf 91' lang='lat' dir='ltr'><strong>re-</strong></span> 
     </span>
    </p>
   </div>
   <div class='ocr_carea' id='block_1_98' title="bbox 1844 4578 3439 4718">
    <p class='ocr_par' dir='ltr' id='par_1_98' title="bbox 1844 4578 3439 4718">
     <span class='ocr_line' id='line_1_98' title="bbox 1844 4578 3439 4661; baseline 0 -28"><span class='ocrx_word' id='word_1_642' title='bbox 1844 4582 2010 4649; x_wconf 84' lang='lat' dir='ltr'><strong>gione</strong></span> <span class='ocrx_word' id='word_1_643' title='bbox 2034 4578 2247 4661; x_wconf 72' lang='lat' dir='ltr'><strong>publici</strong></span> <span class='ocrx_word' id='word_1_644' title='bbox 2281 4580 2482 4633; x_wconf 82' lang='lat' dir='ltr'><strong>balnei.</strong></span> <span class='ocrx_word' id='word_1_645' title='bbox 2512 4578 2569 4631; x_wconf 86' lang='lat' dir='ltr'><strong>Id</strong></span> <span class='ocrx_word' id='word_1_646' title='bbox 2602 4578 2750 4631; x_wconf 87' lang='lat' dir='ltr'><strong>enim</strong></span> <span class='ocrx_word' id='word_1_647' title='bbox 2771 4588 2972 4632; x_wconf 89' lang='lat' dir='ltr'><strong>sonant</strong></span> <span class='ocrx_word' id='word_1_648' title='bbox 2996 4580 3112 4633; x_wconf 66' lang='lat' dir='ltr'><strong>haec</strong></span> <span class='ocrx_word' id='word_1_649' title='bbox 3140 4581 3330 4640; x_wconf 84' lang='lat' dir='ltr'><strong>verba,</strong></span> <span class='ocrx_word' id='word_1_650' title='bbox 3358 4584 3439 4633; x_wconf 85' lang='grc' dir='ltr'><strong>εὑ-</strong></span> 
     </span>
     <span class='ocr_line' id='line_1_99' title="bbox 1845 4648 3437 4718; baseline 0.002 -17"><span class='ocrx_word' id='word_1_651' title='bbox 1845 4652 1909 4703; x_wconf 77' lang='grc' dir='ltr'><strong>θὺ</strong></span> <span class='ocrx_word' id='word_1_652' title='bbox 1967 4669 2060 4703; x_wconf 85' lang='grc' dir='ltr'><strong>του</strong></span> <span class='ocrx_word' id='word_1_653' title='bbox 2131 4651 2392 4718; x_wconf 74' lang='grc' dir='ltr'>δημοσίου</span> <span class='ocrx_word' id='word_1_654' title='bbox 2463 4648 2751 4718; x_wconf 77' lang='grc' dir='ltr'>βαλανείου</span> <span class='ocrx_word' id='word_1_655' title='bbox 2783 4668 2794 4679; x_wconf 79' lang='grc' dir='ltr'><strong><em>ο</em></strong></span> <span class='ocrx_word' id='word_1_656' title='bbox 2860 4649 3144 4703; x_wconf 84' lang='lat' dir='ltr'><strong>Masculus</strong></span> <span class='ocrx_word' id='word_1_657' title='bbox 3212 4652 3437 4718; x_wconf 79' lang='lat' dir='ltr'><strong>quidem</strong></span> 
     </span>
    </p>
   </div>
   <div class='ocr_carea' id='block_1_99' title="bbox 2860 4649 3437 4719">
    <p class='ocr_par' dir='ltr' id='par_1_99' title="bbox 2860 4649 3437 4719">
     <span class='ocr_line' id='line_1_100' title="bbox 2860 4649 3437 4719; baseline 0.007 -18"><span class='ocrx_word' id='word_1_658' title='bbox 2860 4649 3144 4703; x_wconf 84' lang='lat' dir='ltr'><strong>Masculus</strong></span> <span class='ocrx_word' id='word_1_659' title='bbox 3212 4652 3437 4719; x_wconf 79' lang='lat' dir='ltr'><strong>quidem</strong></span> 
     </span>
    </p>
   </div>
   <div class='ocr_carea' id='block_1_100' title="bbox 1845 4719 2506 4775">
    <p class='ocr_par' dir='ltr' id='par_1_100' title="bbox 1845 4719 2506 4775">
     <span class='ocr_line' id='line_1_101' title="bbox 1845 4719 2506 4775; baseline -0.003 -3"><span class='ocrx_word' id='word_1_660' title='bbox 1845 4719 1973 4773; x_wconf 74' lang='grc' dir='ltr'>εὐθύ</span> <span class='ocrx_word' id='word_1_661' title='bbox 2004 4719 2217 4775; x_wconf 85' lang='lat' dir='ltr'><strong>vertit:</strong></span> <span class='ocrx_word' id='word_1_662' title='bbox 2249 4720 2409 4773; x_wconf 83' lang='lat' dir='ltr'><strong>Recta</strong></span> <span class='ocrx_word' id='word_1_663' title='bbox 2438 4720 2506 4771; x_wconf 85' lang='lat' dir='ltr'><strong>ad</strong></span> 
     </span>
    </p>
   </div>
   <div class='ocr_carea' id='block_1_101' title="bbox 2543 4716 3438 4788">
    <p class='ocr_par' dir='ltr' id='par_1_101' title="bbox 2543 4716 3438 4788">
     <span class='ocr_line' id='line_1_102' title="bbox 2543 4716 3438 4788; baseline 0.01 -20"><span class='ocrx_word' id='word_1_664' title='bbox 2543 4716 2811 4788; x_wconf 82' lang='lat' dir='ltr'><strong>publicum</strong></span> <span class='ocrx_word' id='word_1_665' title='bbox 2836 4718 3105 4783; x_wconf 82' lang='lat' dir='ltr'><strong>balneum,</strong></span> <span class='ocrx_word' id='word_1_666' title='bbox 3137 4716 3292 4787; x_wconf 84' lang='lat' dir='ltr'><strong>Quod</strong></span> <span class='ocrx_word' id='word_1_667' title='bbox 3327 4738 3438 4777; x_wconf 88' lang='lat' dir='ltr'><strong>non</strong></span> 
     </span>
    </p>
   </div>
   <div class='ocr_carea' id='block_1_102' title="bbox 1887 4789 3435 4856">
    <p class='ocr_par' dir='ltr' id='par_1_102' title="bbox 1887 4789 3435 4856">
     <span class='ocr_line' id='line_1_103' title="bbox 1887 4789 3435 4856; baseline 0.001 -13"><span class='ocrx_word' id='word_1_668' title='bbox 1887 4792 2041 4845; x_wconf 88' lang='lat' dir='ltr'><strong>robo.</strong></span> <span class='ocrx_word' id='word_1_669' title='bbox 2076 4792 2206 4845; x_wconf 85' lang='lat' dir='ltr'><strong>Nam</strong></span> <span class='ocrx_word' id='word_1_670' title='bbox 2245 4790 2374 4841; x_wconf 72' lang='grc' dir='ltr'>εὐθύ</span> <span class='ocrx_word' id='word_1_671' title='bbox 2410 4790 2555 4844; x_wconf 89' lang='lat' dir='ltr'><strong>idem</strong></span> <span class='ocrx_word' id='word_1_672' title='bbox 2588 4798 2673 4841; x_wconf 88' lang='lat' dir='ltr'><strong>est</strong></span> <span class='ocrx_word' id='word_1_673' title='bbox 2698 4789 2845 4856; x_wconf 86' lang='lat' dir='ltr'><strong>quod</strong></span> <span class='ocrx_word' id='word_1_674' title='bbox 2884 4791 3260 4853; x_wconf 77' lang='grc' dir='ltr'>κατεναντίον,</span> <span class='ocrx_word' id='word_1_675' title='bbox 3294 4802 3435 4846; x_wconf 85' lang='lat' dir='ltr'><strong>teste</strong></span> 
     </span>
    </p>
   </div>
   <div class='ocr_carea' id='block_1_103' title="bbox 1864 4859 3438 4930">
    <p class='ocr_par' dir='ltr' id='par_1_103' title="bbox 1864 4859 3438 4930">
     <span class='ocr_line' id='line_1_104' title="bbox 1864 4859 3438 4930; baseline 0 -15"><span class='ocrx_word' id='word_1_676' title='bbox 1864 4861 2035 4915; x_wconf 76' lang='lat' dir='ltr'><strong>Suida.</strong></span> <span class='ocrx_word' id='word_1_677' title='bbox 2078 4862 2139 4915; x_wconf 90' lang='lat' dir='ltr'><strong>In</strong></span> <span class='ocrx_word' id='word_1_678' title='bbox 2194 4860 2435 4915; x_wconf 87' lang='lat' dir='ltr'><strong>antiforo</strong></span> <span class='ocrx_word' id='word_1_679' title='bbox 2497 4859 2811 4930; x_wconf 78' lang='lat' dir='ltr'><strong>ante_m_ait</strong></span> <span class='ocrx_word' id='word_1_680' title='bbox 2874 4860 3142 4930; x_wconf 79' lang='lat' dir='ltr'><strong>Evagrius</strong></span> <span class='ocrx_word' id='word_1_681' title='bbox 3190 4872 3438 4915; x_wconf 86' lang='lat' dir='ltr'><strong>erectam</strong></span> 
     </span>
    </p>
   </div>
   <div class='ocr_carea' id='block_1_104' title="bbox 1844 4926 3440 5000">
    <p class='ocr_par' dir='ltr' id='par_1_104' title="bbox 1844 4926 3440 5000">
     <span class='ocr_line' id='line_1_105' title="bbox 1844 4926 3440 5000; baseline 0.001 -17"><span class='ocrx_word' id='word_1_682' title='bbox 1844 4931 2013 4986; x_wconf 89' lang='lat' dir='ltr'><strong>fuisse</strong></span> <span class='ocrx_word' id='word_1_683' title='bbox 2042 4940 2278 4987; x_wconf 88' lang='lat' dir='ltr'><strong>statuam</strong></span> <span class='ocrx_word' id='word_1_684' title='bbox 2316 4926 2652 4983; x_wconf 75' lang='lat' dir='ltr'><strong>Mammiaui.</strong></span> <span class='ocrx_word' id='word_1_685' title='bbox 2689 4926 2767 5000; x_wconf 62' lang='lat' dir='ltr'><strong>Ex</strong></span> <span class='ocrx_word' id='word_1_686' title='bbox 2810 4946 2921 5000; x_wconf 88' lang='lat' dir='ltr'><strong>quo</strong></span> <span class='ocrx_word' id='word_1_687' title='bbox 2955 4926 3185 5000; x_wconf 76' lang='lat' dir='ltr'><strong>apparet</strong></span> <span class='ocrx_word' id='word_1_688' title='bbox 3237 4931 3440 4986; x_wconf 84' lang='lat' dir='ltr'><strong>antifo-</strong></span> 
     </span>
    </p>
   </div>
   <div class='ocr_carea' id='block_1_105' title="bbox 1843 4996 3440 5070">
    <p class='ocr_par' dir='ltr' id='par_1_105' title="bbox 1843 4996 3440 5070">
     <span class='ocr_line' id='line_1_106' title="bbox 1843 4996 3440 5070; baseline 0.002 -17"><span class='ocrx_word' id='word_1_689' title='bbox 1843 5017 1963 5055; x_wconf 88' lang='lat' dir='ltr'><strong>rum</strong></span> <span class='ocrx_word' id='word_1_690' title='bbox 2007 5002 2176 5055; x_wconf 90' lang='lat' dir='ltr'><strong>fuisse</strong></span> <span class='ocrx_word' id='word_1_691' title='bbox 2206 5000 2258 5053; x_wconf 90' lang='lat' dir='ltr'><strong>id</strong></span> <span class='ocrx_word' id='word_1_692' title='bbox 2286 5000 2435 5070; x_wconf 90' lang='lat' dir='ltr'><strong>quod</strong></span> <span class='ocrx_word' id='word_1_693' title='bbox 2462 5012 2629 5068; x_wconf 86' lang='lat' dir='ltr'><strong>supra</strong></span> <span class='ocrx_word' id='word_1_694' title='bbox 2674 4996 2809 5053; x_wconf 75' lang='lat' dir='ltr'><strong>dixi.</strong></span> <span class='ocrx_word' id='word_1_695' title='bbox 2829 4996 3201 5056; x_wconf 51' lang='lat' dir='ltr'><strong>&#39;Nam&#39;s&#39;tatuas</strong></span> <span class='ocrx_word' id='word_1_696' title='bbox 3232 5004 3289 5055; x_wconf 86' lang='lat' dir='ltr'><strong>in</strong></span> <span class='ocrx_word' id='word_1_697' title='bbox 3316 5002 3440 5056; x_wconf 90' lang='lat' dir='ltr'><strong>foro</strong></span> 
     </span>
    </p>
   </div>
   <div class='ocr_carea' id='block_1_106' title="bbox 1843 5072 2289 5141">
    <p class='ocr_par' dir='ltr' id='par_1_106' title="bbox 1843 5072 2289 5141">
     <span class='ocr_line' id='line_1_107' title="bbox 1843 5072 2289 5141; baseline -0.007 -16"><span class='ocrx_word' id='word_1_698' title='bbox 1843 5072 1980 5141; x_wconf 82' lang='lat' dir='ltr'><strong>erigi</strong></span> <span class='ocrx_word' id='word_1_699' title='bbox 2015 5073 2289 5126; x_wconf 87' lang='lat' dir='ltr'><strong>solebant.</strong></span> 
     </span>
    </p>
   </div>
   <div class='ocr_carea' id='block_1_107' title="bbox 1921 5140 3443 5213">
    <p class='ocr_par' dir='ltr' id='par_1_107' title="bbox 1921 5140 3443 5213">
     <span class='ocr_line' id='line_1_108' title="bbox 1921 5140 3443 5213; baseline 0.001 -18"><span class='ocrx_word' id='word_1_700' title='bbox 1921 5140 2249 5213; x_wconf 52' lang='grc' dir='ltr'>μολυίιᾷὲν</span> <span class='ocrx_word' id='word_1_701' title='bbox 2276 5141 2341 5204; x_wconf 85' lang='grc' dir='ltr'>ἐς</span> <span class='ocrx_word' id='word_1_702' title='bbox 2371 5140 2621 5213; x_wconf 65' lang='grc' dir='ltr'>κόσμον.</span> <span class='ocrx_word' id='word_1_703' title='bbox 2652 5142 2939 5198; x_wconf 86' lang='lat' dir='ltr'><strong>Assentior</strong></span> <span class='ocrx_word' id='word_1_704' title='bbox 2983 5140 3443 5213; x_wconf 83' lang='lat' dir='ltr'><strong>Christophorso-</strong></span> 
     </span>
    </p>
   </div>
   <div class='ocr_carea' id='block_1_108' title="bbox 1848 5211 3062 5281">
    <p class='ocr_par' dir='ltr' id='par_1_108' title="bbox 1848 5211 3062 5281">
     <span class='ocr_line' id='line_1_109' title="bbox 1848 5211 3062 5281; baseline -0.003 -12"><span class='ocrx_word' id='word_1_705' title='bbox 1848 5229 1921 5269; x_wconf 88' lang='lat' dir='ltr'><strong>no</strong></span> <span class='ocrx_word' id='word_1_706' title='bbox 1945 5220 2003 5267; x_wconf 91' lang='lat' dir='ltr'><strong>ct</strong></span> <span class='ocrx_word' id='word_1_707' title='bbox 2033 5211 2262 5277; x_wconf 88' lang='lat' dir='ltr'><strong>Savilio,</strong></span> <span class='ocrx_word' id='word_1_708' title='bbox 2298 5211 2393 5281; x_wconf 89' lang='lat' dir='ltr'><strong>qui</strong></span> <span class='ocrx_word' id='word_1_709' title='bbox 2424 5212 2639 5277; x_wconf 67' lang='grc' dir='ltr'>οὐδενός</span> <span class='ocrx_word' id='word_1_710' title='bbox 2673 5214 3062 5269; x_wconf 89' lang='lat' dir='ltr'><strong>emendarunt.</strong></span> 
     </span>
    </p>
   </div>
   <div class='ocr_carea' id='block_1_109' title="bbox 1614 5395 2003 5454">
    <p class='ocr_par' dir='ltr' id='par_1_109' title="bbox 1614 5395 2003 5454">
     <span class='ocr_line' id='line_1_110' title="bbox 1614 5395 2003 5454; baseline -0.013 0"><span class='ocrx_word' id='word_1_711' title='bbox 1614 5395 2003 5454; x_wconf 78' lang='lat' dir='ltr'><strong>VARIORUM.</strong></span> 
     </span>
    </p>
   </div>
   <div class='ocr_carea' id='block_1_110' title="bbox 223 5494 1751 5582">
    <p class='ocr_par' dir='ltr' id='par_1_110' title="bbox 223 5494 1751 5582">
     <span class='ocr_line' id='line_1_111' title="bbox 223 5494 1751 5582; baseline -0.013 -24"><span class='ocrx_word' id='word_1_712' title='bbox 223 5498 746 5582; x_wconf 52' lang='lat' dir='ltr'><strong>(1:)Tstpéxglor.</strong></span> <span class='ocrx_word' id='word_1_713' title='bbox 782 5495 1093 5582; x_wconf 50' lang='lat' dir='ltr'><strong>{Ediﬁpiulm&#39;</strong></span> <span class='ocrx_word' id='word_1_714' title='bbox 1111 5502 1356 5582; x_wconf 72' lang='lat' dir='ltr'><strong>quatuor</strong></span> <span class='ocrx_word' id='word_1_715' title='bbox 1409 5494 1577 5582; x_wconf 76' lang='lat' dir='ltr'><strong>partis</strong></span> <span class='ocrx_word' id='word_1_716' title='bbox 1627 5510 1751 5582; x_wconf 53' lang='lat' dir='ltr'><strong>per:</strong></span> 
     </span>
    </p>
   </div>
   <div class='ocr_carea' id='block_1_111' title="bbox 150 5564 1749 5643">
    <p class='ocr_par' dir='ltr' id='par_1_111' title="bbox 150 5564 1749 5643">
     <span class='ocr_line' id='line_1_112' title="bbox 150 5564 1749 5643; baseline -0.009 -12"><span class='ocrx_word' id='word_1_717' title='bbox 150 5564 316 5638; x_wconf 70' lang='lat' dir='ltr'><strong>vium,</strong></span> <span class='ocrx_word' id='word_1_718' title='bbox 343 5564 534 5643; x_wconf 67' lang='lat' dir='ltr'><strong>inquit</strong></span> <span class='ocrx_word' id='word_1_719' title='bbox 566 5570 905 5638; x_wconf 80' lang='lat' dir='ltr'><strong>Dueangius,</strong></span> <span class='ocrx_word' id='word_1_720' title='bbox 940 5566 996 5619; x_wconf 91' lang='lat' dir='ltr'><strong>iu</strong></span> <span class='ocrx_word' id='word_1_721' title='bbox 1028 5564 1273 5621; x_wconf 81' lang='lat' dir='ltr'><strong>Glossar.</strong></span> <span class='ocrx_word' id='word_1_722' title='bbox 1310 5566 1445 5618; x_wconf 86' lang='lat' dir='ltr'><strong>med.</strong></span> <span class='ocrx_word' id='word_1_723' title='bbox 1470 5574 1519 5617; x_wconf 89' lang='lat' dir='ltr'><strong>et</strong></span> <span class='ocrx_word' id='word_1_724' title='bbox 1548 5566 1603 5618; x_wconf 88' lang='lat' dir='ltr'><strong>in</strong></span> <span class='ocrx_word' id='word_1_725' title='bbox 1647 5565 1749 5633; x_wconf 73' lang='lat' dir='ltr'><strong>in].</strong></span> 
     </span>
    </p>
   </div>
   <div class='ocr_carea' id='block_1_112' title="bbox 157 5648 1752 5789">
    <p class='ocr_par' dir='ltr' id='par_1_112' title="bbox 157 5648 1752 5789">
     <span class='ocr_line' id='line_1_113' title="bbox 157 5648 1752 5789; baseline -0.004 -25"><span class='ocrx_word' id='word_1_726' title='bbox 157 5648 441 5789; x_wconf 42' lang='lat' dir='ltr'><strong>“(Eius</strong></span> <span class='ocrx_word' id='word_1_727' title='bbox 474 5710 763 5789; x_wconf 75' lang='grc' dir='ltr'>Ζήνωνος</span> <span class='ocrx_word' id='word_1_728' title='bbox 788 5738 858 5789; x_wconf 8' lang='grc'><strong>7-</strong></span> <span class='ocrx_word' id='word_1_729' title='bbox 896 5705 1336 5789; x_wconf 66' lang='lat' dir='ltr'><strong>Marcellinusin</strong></span> <span class='ocrx_word' id='word_1_730' title='bbox 1368 5703 1752 5789; x_wconf 58' lang='lat' dir='ltr'><strong>Curoniconad.</strong></span> 
     </span>
    </p>
   </div>
   <div class='ocr_carea' id='block_1_113' title="bbox 154 5775 1757 5851">
    <p class='ocr_par' dir='ltr' id='par_1_113' title="bbox 154 5775 1757 5851">
     <span class='ocr_line' id='line_1_114' title="bbox 154 5775 1757 5851; baseline -0.011 -6"><span class='ocrx_word' id='word_1_731' title='bbox 154 5775 295 5844; x_wconf 41' lang='lat' dir='ltr'><strong>and.</strong></span> <span class='ocrx_word' id='word_1_732' title='bbox 322 5785 424 5840; x_wconf 68' lang='grc'><strong>491</strong></span> <span class='ocrx_word' id='word_1_733' title='bbox 468 5775 605 5851; x_wconf 87' lang='lat' dir='ltr'><strong>(quo</strong></span> <span class='ocrx_word' id='word_1_734' title='bbox 652 5788 909 5834; x_wconf 90' lang='lat' dir='ltr'><strong>mortuus</strong></span> <span class='ocrx_word' id='word_1_735' title='bbox 946 5784 1048 5851; x_wconf 80' lang='lat' dir='ltr'><strong>est</strong></span> <span class='ocrx_word' id='word_1_736' title='bbox 1109 5776 1281 5851; x_wconf 76' lang='lat' dir='ltr'><strong>leno)</strong></span> <span class='ocrx_word' id='word_1_737' title='bbox 1342 5777 1537 5851; x_wconf 81' lang='lat' dir='ltr'><strong>scribit</strong></span> <span class='ocrx_word' id='word_1_738' title='bbox 1568 5793 1581 5828; x_wconf 91' lang='lat'><strong>:</strong></span> <span class='ocrx_word' id='word_1_739' title='bbox 1605 5775 1757 5851; x_wconf 84' lang='lat' dir='ltr'><strong>_Zen_o</strong></span> 
     </span>
    </p>
   </div>
   <div class='ocr_carea' id='block_1_114' title="bbox 153 5845 1756 5930">
    <p class='ocr_par' dir='ltr' id='par_1_114' title="bbox 153 5845 1756 5930">
     <span class='ocr_line' id='line_1_115' title="bbox 153 5845 1756 5930; baseline -0.007 -19"><span class='ocrx_word' id='word_1_740' title='bbox 153 5860 291 5930; x_wconf 80' lang='lat' dir='ltr'><strong>Aug.</strong></span> <span class='ocrx_word' id='word_1_741' title='bbox 324 5858 439 5911; x_wconf 79' lang='lat' dir='ltr'><strong>vita</strong></span> <span class='ocrx_word' id='word_1_742' title='bbox 462 5845 710 5930; x_wconf 62' lang='lat' dir='ltr'><strong>decessit,</strong></span> <span class='ocrx_word' id='word_1_743' title='bbox 738 5860 850 5903; x_wconf 86' lang='lat' dir='ltr'><strong>tam</strong></span> <span class='ocrx_word' id='word_1_744' title='bbox 874 5849 957 5930; x_wconf 71' lang='lat' dir='ltr'><strong>sui</strong></span> <span class='ocrx_word' id='word_1_745' title='bbox 984 5847 1197 5916; x_wconf 82' lang='lat' dir='ltr'><strong>imperii</strong></span> <span class='ocrx_word' id='word_1_746' title='bbox 1221 5848 1378 5900; x_wconf 83' lang='lat' dir='ltr'><strong>annis</strong></span> <span class='ocrx_word' id='word_1_747' title='bbox 1406 5864 1568 5917; x_wconf 84' lang='lat' dir='ltr'><strong>quam</strong></span> <span class='ocrx_word' id='word_1_748' title='bbox 1597 5845 1756 5930; x_wconf 70' lang='lat' dir='ltr'><strong>Basi-</strong></span> 
     </span>
    </p>
   </div>
   <div class='ocr_carea' id='block_1_115' title="bbox 162 5917 1757 6001">
    <p class='ocr_par' dir='ltr' id='par_1_115' title="bbox 162 5917 1757 6001">
     <span class='ocr_line' id='line_1_116' title="bbox 162 5917 1757 6001; baseline -0.007 -17"><span class='ocrx_word' id='word_1_749' title='bbox 162 5917 272 5986; x_wconf 76' lang='grc' dir='ltr'><strong>ίίεὲί</strong></span> <span class='ocrx_word' id='word_1_750' title='bbox 307 5923 620 6001; x_wconf 78' lang='lat' dir='ltr'><strong>tyrannidis</strong></span> <span class='ocrx_word' id='word_1_751' title='bbox 647 5920 971 5992; x_wconf 87' lang='lat' dir='ltr'><strong>computatis</strong></span> <span class='ocrx_word' id='word_1_752' title='bbox 1000 5933 1141 5973; x_wconf 84' lang='lat' dir='ltr'><strong>anno</strong></span> <span class='ocrx_word' id='word_1_753' title='bbox 1188 5934 1320 5985; x_wconf 81' lang='lat' dir='ltr'><strong>xvu,</strong></span> <span class='ocrx_word' id='word_1_754' title='bbox 1356 5935 1533 5973; x_wconf 82' lang='lat' dir='ltr'><strong>mense</strong></span> <span class='ocrx_word' id='word_1_755' title='bbox 1560 5934 1635 5974; x_wconf 86' lang='lat' dir='ltr'><strong>vt.</strong></span> <span class='ocrx_word' id='word_1_756' title='bbox 1658 5917 1757 5974; x_wconf 88' lang='lat' dir='ltr'><strong>Dic</strong></span> 
     </span>
    </p>
   </div>
   <div class='ocr_carea' id='block_1_116' title="bbox 1859 5486 3443 5560">
    <p class='ocr_par' dir='ltr' id='par_1_116' title="bbox 1859 5486 3443 5560">
     <span class='ocr_line' id='line_1_117' title="bbox 1859 5486 3443 5560; baseline -0.003 -15"><span class='ocrx_word' id='word_1_757' title='bbox 1859 5507 2005 5545; x_wconf 89' lang='lat' dir='ltr'><strong>nona</strong></span> <span class='ocrx_word' id='word_1_758' title='bbox 2035 5491 2242 5546; x_wconf 90' lang='lat' dir='ltr'><strong>mensis</strong></span> <span class='ocrx_word' id='word_1_759' title='bbox 2275 5490 2483 5560; x_wconf 84' lang='lat' dir='ltr'><strong>Aprilis</strong></span> <span class='ocrx_word' id='word_1_760' title='bbox 2511 5489 2828 5553; x_wconf 87' lang='lat' dir='ltr'><strong>cmortuali,</strong></span> <span class='ocrx_word' id='word_1_761' title='bbox 2858 5486 3039 5560; x_wconf 90' lang='lat' dir='ltr'><strong>inquit</strong></span> <span class='ocrx_word' id='word_1_762' title='bbox 3078 5486 3317 5558; x_wconf 79' lang='lat' dir='ltr'><strong>Pagius;</strong></span> <span class='ocrx_word' id='word_1_763' title='bbox 3351 5490 3443 5557; x_wconf 90' lang='lat' dir='ltr'><strong>qui</strong></span> 
     </span>
    </p>
   </div>
   <div class='ocr_carea' id='block_1_117' title="bbox 1860 5559 3451 5616">
    <p class='ocr_par' dir='ltr' id='par_1_117' title="bbox 1860 5559 3451 5616">
     <span class='ocr_line' id='line_1_118' title="bbox 1860 5559 3451 5616; baseline -0.003 0"><span class='ocrx_word' id='word_1_764' title='bbox 1860 5578 1957 5616; x_wconf 76' lang='lat' dir='ltr'><strong>sex</strong></span> <span class='ocrx_word' id='word_1_765' title='bbox 2020 5577 2239 5616; x_wconf 88' lang='lat' dir='ltr'><strong>menses</strong></span> <span class='ocrx_word' id='word_1_766' title='bbox 2297 5559 2546 5615; x_wconf 84' lang='lat' dir='ltr'><strong>erratum</strong></span> <span class='ocrx_word' id='word_1_767' title='bbox 2615 5577 2737 5615; x_wconf 84' lang='lat' dir='ltr'><strong>esse</strong></span> <span class='ocrx_word' id='word_1_768' title='bbox 2801 5559 3157 5614; x_wconf 89' lang='lat' dir='ltr'><strong>librariorum</strong></span> <span class='ocrx_word' id='word_1_769' title='bbox 3219 5566 3451 5613; x_wconf 83' lang='lat' dir='ltr'><strong>conten-</strong></span> 
     </span>
    </p>
   </div>
   <div class='ocr_carea' id='block_1_118' title="bbox 1862 5628 3450 5702">
    <p class='ocr_par' dir='ltr' id='par_1_118' title="bbox 1862 5628 3450 5702">
     <span class='ocr_line' id='line_1_119' title="bbox 1862 5628 3450 5702; baseline -0.002 -16"><span class='ocrx_word' id='word_1_770' title='bbox 1862 5633 2066 5702; x_wconf 88' lang='lat' dir='ltr'><strong>ditpro</strong></span> <span class='ocrx_word' id='word_1_771' title='bbox 2102 5632 2279 5686; x_wconf 88' lang='lat' dir='ltr'><strong>tribus</strong></span> <span class='ocrx_word' id='word_1_772' title='bbox 2304 5631 2611 5686; x_wconf 87' lang='lat' dir='ltr'><strong>mensibus.</strong></span> <span class='ocrx_word' id='word_1_773' title='bbox 2646 5630 2999 5702; x_wconf 63' lang='lat' dir='ltr'><strong>Anastasius</strong></span> <span class='ocrx_word' id='word_1_774' title='bbox 3027 5628 3160 5697; x_wconf 87' lang='lat' dir='ltr'><strong>imp.</strong></span> <span class='ocrx_word' id='word_1_775' title='bbox 3212 5643 3450 5683; x_wconf 88' lang='lat' dir='ltr'><strong>corona-</strong></span> 
     </span>
    </p>
   </div>
   <div class='ocr_carea' id='block_1_119' title="bbox 1867 5698 3057 5771">
    <p class='ocr_par' dir='ltr' id='par_1_119' title="bbox 1867 5698 3057 5771">
     <span class='ocr_line' id='line_1_120' title="bbox 1867 5698 3057 5771; baseline -0.004 -14"><span class='ocrx_word' id='word_1_776' title='bbox 1867 5698 2068 5757; x_wconf 46' lang='lat' dir='ltr'><strong>tus&#39;est</strong></span> <span class='ocrx_word' id='word_1_777' title='bbox 2094 5702 2184 5757; x_wconf 89' lang='lat' dir='ltr'><strong>die</strong></span> <span class='ocrx_word' id='word_1_778' title='bbox 2214 5703 2513 5771; x_wconf 86' lang='lat' dir='ltr'><strong>undecima</strong></span> <span class='ocrx_word' id='word_1_779' title='bbox 2541 5702 2787 5771; x_wconf 80' lang='lat' dir='ltr'><strong>ejusdem</strong></span> <span class='ocrx_word' id='word_1_780' title='bbox 2829 5698 3057 5769; x_wconf 84' lang='lat' dir='ltr'><strong>Aprilis.</strong></span> 
     </span>
    </p>
   </div>
   <div class='ocr_carea' id='block_1_120' title="bbox 1940 5769 3447 5842">
    <p class='ocr_par' dir='ltr' id='par_1_120' title="bbox 1940 5769 3447 5842">
     <span class='ocr_line' id='line_1_121' title="bbox 1940 5769 3447 5842; baseline -0.002 -16"><span class='ocrx_word' id='word_1_781' title='bbox 1940 5773 2010 5842; x_wconf 67' lang='grc' dir='ltr'><strong>(ι)</strong></span> <span class='ocrx_word' id='word_1_782' title='bbox 2048 5772 2151 5827; x_wconf 82' lang='grc' dir='ltr'><em>Ἐν</em></span> <span class='ocrx_word' id='word_1_783' title='bbox 2195 5770 2270 5839; x_wconf 79' lang='grc' dir='ltr'>τῇ</span> <span class='ocrx_word' id='word_1_784' title='bbox 2300 5769 2599 5842; x_wconf 67' lang='grc' dir='ltr'>λεγομένῃ</span> <span class='ocrx_word' id='word_1_785' title='bbox 2628 5770 2748 5824; x_wconf 78' lang='grc' dir='ltr'>τῶν</span> <span class='ocrx_word' id='word_1_786' title='bbox 2777 5770 3199 5842; x_wconf 63' lang='grc' dir='ltr'>Σιλεντιαρίωγ</span> <span class='ocrx_word' id='word_1_787' title='bbox 3224 5769 3447 5842; x_wconf 65' lang='grc' dir='ltr'>σχολῇ.</span> 
     </span>
    </p>
   </div>
   <div class='ocr_carea' id='block_1_121' title="bbox 1861 5839 3453 5911">
    <p class='ocr_par' dir='ltr' id='par_1_121' title="bbox 1861 5839 3453 5911">
     <span class='ocr_line' id='line_1_122' title="bbox 1861 5839 3453 5911; baseline -0.003 -12"><span class='ocrx_word' id='word_1_788' title='bbox 1861 5839 2204 5899; x_wconf 59' lang='grc' dir='ltr'>Νοιιδοιυιη</span> <span class='ocrx_word' id='word_1_789' title='bbox 2246 5839 2393 5898; x_wconf 54' lang='lat' dir='ltr'><strong>loca&#39;</strong></span> <span class='ocrx_word' id='word_1_790' title='bbox 2422 5842 2519 5897; x_wconf 91' lang='lat' dir='ltr'><strong>ubi</strong></span> <span class='ocrx_word' id='word_1_791' title='bbox 2562 5842 2720 5911; x_wconf 87' lang='lat' dir='ltr'><strong>pueri</strong></span> <span class='ocrx_word' id='word_1_792' title='bbox 2751 5857 2814 5896; x_wconf 85' lang='lat' dir='ltr'><strong>ac</strong></span> <span class='ocrx_word' id='word_1_793' title='bbox 2858 5839 3453 5911; x_wconf 77' lang='lat' dir='ltr'><strong>juvenesliberalibus</strong></span> 
     </span>
    </p>
   </div>
   <div class='ocr_carea' id='block_1_122' title="bbox 1867 5909 3455 5984">
    <p class='ocr_par' dir='ltr' id='par_1_122' title="bbox 1867 5909 3455 5984">
     <span class='ocr_line' id='line_1_123' title="bbox 1867 5909 3455 5984; baseline -0.001 -15"><span class='ocrx_word' id='word_1_794' title='bbox 1867 5913 2070 5971; x_wconf 89' lang='lat' dir='ltr'><strong>studiis</strong></span> <span class='ocrx_word' id='word_1_795' title='bbox 2097 5928 2296 5970; x_wconf 81' lang='lat' dir='ltr'><strong>vacare</strong></span> <span class='ocrx_word' id='word_1_796' title='bbox 2322 5912 2527 5971; x_wconf 84' lang='lat' dir='ltr'><strong>debent</strong></span> <span class='ocrx_word' id='word_1_797' title='bbox 2552 5909 2578 5981; x_wconf 68' lang='grc'><strong>;“</strong></span> <span class='ocrx_word' id='word_1_798' title='bbox 2605 5911 2703 5969; x_wconf 90' lang='lat' dir='ltr'><strong>sed</strong></span> <span class='ocrx_word' id='word_1_799' title='bbox 2727 5921 2783 5968; x_wconf 91' lang='lat' dir='ltr'><strong>et</strong></span> <span class='ocrx_word' id='word_1_800' title='bbox 2806 5909 2870 5968; x_wconf 84' lang='lat' dir='ltr'><strong>ea</strong></span> <span class='ocrx_word' id='word_1_801' title='bbox 2897 5925 3018 5984; x_wconf 66' lang='lat' dir='ltr'><strong>quae</strong></span> <span class='ocrx_word' id='word_1_802' title='bbox 3047 5909 3117 5965; x_wconf 81' lang='lat' dir='ltr'><strong>ad</strong></span> <span class='ocrx_word' id='word_1_803' title='bbox 3142 5910 3248 5965; x_wconf 86' lang='lat' dir='ltr'><strong>alia</strong></span> <span class='ocrx_word' id='word_1_804' title='bbox 3292 5925 3455 5967; x_wconf 80' lang='lat' dir='ltr'><strong>exer-</strong></span> 
     </span>
    </p>
   </div>
  </div>
