4096 6466
669 390 811 454 2655

1874 400 2067 462 EVAG
2078 401 2192 460 RII
2232 397 2715 460 SCHOLASTICI

3779 402 3922 464 2656

669 500 858 556 schola
904 501 1086 557 adhuc
1122 501 1414 560 militabat.
1457 505 1629 559 Porro
1668 506 1990 562 Eustathius
2031 508 2224 562 scribit

2357 504 2588 575 Ἰστορεί
2623 503 2669 556 δ’
2711 500 2803 558 οὖν
2848 509 2874 560 ὁ
2907 508 3207 571 Εύστάοιος
3231 549 3245 572 ,
3304 508 3443 576 μετὰ
3475 507 3578 578 τὴν
3621 508 3794 578 ἀρχὴν
3822 509 3922 576 τῆς

664 593 736 645 ab
777 592 1003 647 exordio
1049 593 1266 663 imperii
1302 595 1628 650 Diocletiani
1662 597 1731 650 ad
1758 597 1995 654 Zenonis
2030 599 2239 653 obitum

666 691 722 736 ιι
746 685 1220 753 nuncupationem
1244 685 1542 751 Anastasii,
1567 703 1742 743 annos
1775 688 1999 744 ﬂuxisse
2032 697 2239 758 septem

664 788 831 842 supra
865 773 1134 830 ducentos
1160 792 1224 829 :a
1249 777 1562 846 principatu
1593 787 1776 833 autem
1795 779 2045 849 Augusti,
2068 793 2242 832 annos

663 864 996 946 quingentos
1023 867 1245 937 triginta
1276 868 1436 932 duos,
1467 885 1529 922 ac
1563 880 1830 938 praeterea
1868 885 2088 924 menses
2116 884 2242 938 sep-

665 964 772 1008 tem
800 974 812 1008 :
836 956 905 1009 ab
944 958 1239 1013 Alexandri
1281 967 1462 1014 autem
1507 961 1818 1017 Macedonis
1853 976 2018 1031 regno
2065 961 2242 1014 octin-

661 1055 854 1113 gentos
903 1057 959 1101 et
1008 1049 1231 1117 triginta
1278 1051 1438 1115 duos,
1486 1052 1742 1106 similiter
1797 1068 1922 1107 cum
1957 1052 2240 1105 mensibus

661 1146 961 1202 septemza
995 1137 1368 1194 Romanorum
1411 1150 1466 1195 et
1509 1143 1730 1196 Romuli
1771 1157 1959 1212 regno,
1994 1141 2141 1196 mille
2182 1152 2238 1194 et

659 1227 1057 1299 quinquaginta
1087 1232 1250 1296 duos,
1300 1249 1362 1287 ac
1404 1242 1665 1302 praeterea
1716 1248 1932 1287 menses
1981 1244 2232 1301 septem:

657 1339 687 1374 ει
717 1321 894 1394 Trajan
920 1325 1160 1396 denique
1189 1329 1618 1397 expugnatione,
1643 1343 1817 1382 annos
1842 1328 1987 1380 mille
2011 1342 2238 1381 sexcen-

658 1423 744 1467 I'DS
769 1415 1046 1484 octoginta
1083 1432 1198 1481 sex,
1228 1432 1352 1470 cum
1388 1417 1670 1471 mensibus
1693 1426 1926 1486 septem.
1961 1417 2059 1470 llic
2090 1417 2237 1470 Ana-

656 1505 856 1559 stasius
883 1517 1038 1560 ortus
1067 1524 1132 1562 ex
1176 1509 1314 1563 urbe
1343 1510 1648 1578 Epidamno
1678 1526 1799 1579 quae
1824 1526 1972 1564 nunc
2007 1510 2235 1579 Dyrra»

655 1595 842 1650 cliium
880 1596 1106 1662 dicitur,
1148 1600 1440 1670 imperium
1467 1601 1630 1654 simul
1660 1611 1715 1655 et
1742 1617 1966 1656 uxorem
1995 1601 2234 1656 Zenonis

653 1683 950 1739 Ariadnem
978 1689 1211 1758 accepit.
1251 1690 1327 1743 Ac
1367 1690 1605 1759 primum
1649 1691 1872 1759 quidem
1923 1691 2232 1762 Longinum

653 1776 891 1833 Zenonis
915 1780 1160 1844 fratrem,
1195 1782 1288 1850 qui
1322 1783 1567 1852 magistri
1624 1782 1946 1853 dignitatem
1983 1784 2228 1852 gerebat,

2341 595 2726 662 Διοκλητιανοῦ
2757 597 3034 666 βασιλείας
3066 603 3122 663 ἐς
3147 599 3247 671 τὴν
3278 601 3522 668 Ζήνωνος
3548 600 3808 669 τελευτὴν
3830 601 3925 652 καὶ

2341 686 2440 754 τὴν
2463 687 2767 757 ἀνάρρησιν
2811 688 3167 742 Ἀναστασεου
3192 729 3208 753 ,
3241 689 3336 758 ἐτη
3379 689 3611 742 διελθεῖν
3644 690 3783 741 ἐπτὰ
3829 690 3924 741 καὶ

2344 776 2599 829 διακόσια
2631 793 2646 807 ·
2682 779 2790 829 ἀπὸ
2818 779 2874 830 δὲ
2902 779 3005 847 τῆς
3034 781 3342 848 Αὐγούστου
3363 780 3685 850 μοναρχίας,
3717 781 3810 850 ἔτη
3835 781 3925 833 δύο

2341 869 2434 920 καὶ
2460 868 2529 926 λ’,
2561 869 2657 921 καὶ
2689 871 3022 924 πεντακόσια
3055 873 3190 942 πρὸς
3217 874 3379 942 μησὶν
3407 872 3708 924 ἑπτάοὰπὸ
3738 874 3794 926 δὲ
3825 873 3923 941 τῆς

2353 957 2706 1028 Ἀλεξάνδρου
2735 959 2828 1011 τοῦ
2848 961 3156 1024 Μακεδόνος
3179 962 3375 1031 ἀρχῆς,
3407 961 3501 1031 ἐτη
3529 961 3625 1014 δύο
3652 963 3745 1014 καὶ
3771 961 3921 1031 τριά-

2339 1067 2525 1115 κοντα,
2587 1052 2679 1104 καὶ
2717 1052 3045 1115 ὀκτακόσια,
3080 1053 3282 1122 ὁμοίως
3334 1053 3470 1122 πρὸς
3519 1056 3690 1124 μησὶν
3735 1054 3874 1107 ἑπτά
3908 1072 3919 1082 ·

2339 1143 2403 1195 ὲκ
2439 1142 2496 1194 δὲ
2528 1143 2624 1207 τῆς
2655 1142 2764 1196 τῶν
2811 1144 3105 1212 Ῥωμαίων
3149 1146 3245 1198 καὶ
3285 1144 3566 1214 Ῥωμύλου
3607 1145 3884 1214 βασιλείας
3907 1186 3922 1210 ,

2338 1233 2432 1304 ἔτη
2457 1235 2550 1288 δύο
2577 1237 2669 1288 καὶ
2696 1236 3037 1305 πεντήκοντα
3069 1236 3166 1290 καὶ
3199 1237 3345 1307 χίλια
3363 1239 3457 1290 καὶ
3492 1237 3630 1307 πρός
3658 1255 3720 1304 γε
3751 1241 3925 1307 μῆνας

2338 1325 2478 1378 ἑπτά
2511 1341 2524 1356 ·
2551 1326 2660 1378 ἀπὸ
2684 1325 2739 1377 δὲ
2773 1324 3029 1388 ἁλώσεως
3051 1326 3273 1397 Τροίας,
3306 1326 3398 1396 ἔτη
3433 1326 3493 1389 ἓξ
3517 1327 3612 1378 καὶ
3634 1326 3924 1394 ὀγδοήκονς

2336 1436 2425 1479 τα,
2468 1419 2561 1470 καὶ
2587 1418 2847 1482 ἑξακόσια
2877 1419 2969 1471 καὶ
3003 1418 3154 1486 χίλια
3195 1418 3332 1487 πρὸς
3367 1419 3534 1487 μησὶν
3562 1419 3724 1470 ἑπτά.
3753 1412 3925 1478 Οὗτος

2334 1510 2363 1560 ὁ
2399 1509 2746 1571 ’Λναστάσιος
2779 1508 3013 1577 πατρίδα
3061 1509 3158 1577 τὴν
3215 1507 3546 1576 Ἐπίδαμνον
3575 1506 3715 1575 ἔχων
3747 1508 3922 1576 (Δυρ-

2337 1600 2524 1670 ράχιον
2554 1599 2648 1652 νῦν
2683 1599 3175 1670 προσηγόρευταιὶ,
3224 1599 3324 1669 τήν
3357 1615 3416 1650 τε
3456 1599 3708 1668 Ζήνωνος
3765 1599 3921 1666 βασι-

2333 1690 2483 1744 λείαν
2506 1693 2598 1745 καὶ
2628 1691 2872 1762 γαμετὴν
2897 1691 2990 1744 τοῦ
3020 1689 3184 1743 αὐτοῦ
3222 1691 3466 1759 Ζήνωνος
3497 1690 3598 1757 τὴν
3637 1689 3921 1758 Ἀριάδνην

2335 1781 2684 1845 ὲσοικὶζεται.
2715 1783 2823 1834 Καὶ
2853 1781 3047 1852 πρῶτα
3078 1781 3177 1851 μὲν
3208 1782 3472 1848 Λογγῖνον
3499 1780 3750 1848 Ζήνωνος
3773 1779 3922 1830 ἀδελ-

652 1885 816 1937 quem
857 1872 1070 1941 antiqui
1113 1873 1430 1942 praefectum
1468 1874 1769 1929 ciliciorum
1815 1876 2002 1945 palatii
2043 1879 2230 1946 appel-

2337 1870 2434 1938 φὺν
2457 1870 2556 1936 (τι),
2590 1872 2690 1940 τὴν
2715 1871 2807 1924 τοῦ
2843 1872 3148 1942 μαγίστρου
3189 1871 3364 1940 ἀρχὴν
3388 1870 3670 1932 διέποντα,
3701 1870 3760 1921 ὃν
3789 1872 3920 1938 ἡγε-

651 1961 860 2027 labant,
885 1963 936 2016 in
959 1965 1191 2032 patriam
1214 1967 1550 2021 amandavit.
1576 1968 1760 2021 Multis
1786 1967 1916 2022 item
1941 1969 2063 2022 aliis
2083 1970 2232 2022 lsau-

651 2053 729 2107 ris
763 2057 855 2124 qui
888 2056 943 2110 id
974 2057 1043 2111 ab
1093 2057 1212 2128 ipso
1246 2059 1548 2128 petierant,
1579 2061 1646 2114 ad
1681 2075 1810 2114 suos
1842 2060 2107 2114 redeundi
2137 2076 2231 2115 co-

650 2147 796 2217 piam
833 2149 983 2204 fecit.

1269 2264 1424 2320 CAP.
1458 2265 1625 2320 XXX.

650 2352 736 2428 De
778 2354 1066 2428 Anastasio
1100 2359 1422 2428 imperatore
1457 2372 1473 2410 :
1506 2367 1554 2409 et
1604 2357 1882 2425 quomodo,
1945 2373 2062 2409 cum
2100 2357 2231 2409 nihil

719 2426 774 2478 in
804 2426 1152 2481 ecclesiastico
1179 2426 1324 2480 statu
1360 2429 1606 2480 innovari
1646 2428 1864 2487 sineret,
1909 2429 2063 2479 totius
2093 2427 2228 2479 orbis

720 2494 970 2566 Ecclesia:
997 2498 1290 2550 innumeris
1326 2498 1806 2566 perturlmtionibus
1840 2497 2052 2564 repleta:
2081 2505 2227 2561 sunt,

720 2564 974 2637 multique
1004 2569 1230 2638 episcopi
1255 2564 1368 2621 eain
1400 2567 1460 2620 ob
1481 2585 1700 2620 causam
1733 2567 1960 2638 expulsi.

716 2821 867 2877 Idem
903 2838 1069 2892 porro
1095 2823 1438 2888 Anastasius,
1469 2833 1657 2892 utpote
1697 2824 1847 2892 pacis
1887 2823 2229 2877 studiosissi-

648 2927 793 2976 mus,
826 2911 961 2965 nihil
991 2914 1221 2966 omnino
1251 2913 1500 2967 innovari
1532 2913 1728 2976 voluit,
1780 2915 2051 2982 praecipue
2099 2929 2228 2968 vero

649 2999 704 3052 in
747 3000 1006 3055 Ecclesiae
1051 3011 1236 3066 statu;
1291 3004 1579 3073 modisque
1613 3004 1874 3058 omnibus
1901 3004 2224 3068 elaboravit,

649 3103 712 3147 ut
743 3101 799 3147 et
837 3094 1198 3149 sanctissima:
1231 3095 1492 3150 Ecclesia:
1523 3096 1730 3164 absque
1773 3095 1881 3148 ulla
1937 3095 2228 3162 perturba-

2341 1962 2478 2032 μόνα
2517 1963 2627 2016 τῶν
2655 1965 2732 2022 ,ὲν
2781 1966 2846 2033 τῇ
2881 1965 3019 2033 αύλῇ
3048 1964 3256 2028 τάξεων
3290 1964 3340 2015 οἱ
3383 1962 3619 2031 πρόσθεν
3668 1963 3917 2023 ἐκάλουν,

2331 2051 2433 2103 ἀνὰ
2465 2053 2562 2120 τὴν
2595 2054 2967 2122 ἑνεγκαμένην
2999 2055 3298 2122 ἐκπέμπει,
3334 2049 3457 2105 εἶτα
3482 2053 3538 2104 δὲ
3571 2052 3667 2104 καὶ
3694 2053 3920 2115 πολλοὺς

2330 2141 2550 2211 ἐτέρους
2592 2143 2888 2214 ἰσαύρους,
2924 2144 3086 2196 τοῦτο
3115 2145 3275 2214 δῆθεν
3305 2145 3670 2213 αἰτήσαντος.

2935 2258 3191 2310 ΚΕΦΛΛ.
3229 2259 3308 2311 Λ’.

2330 2345 2469 2413 Περὶ
2511 2346 2920 2401 Ἀντιστασίου
2958 2349 3064 2402 τοῦ
3096 2348 3409 2414 βασιλέως
3432 2387 3446 2401 .
3477 2346 3575 2400 καὶ
3606 2349 3690 2410 ὡς
3719 2347 3820 2400 διὰ
3851 2346 3915 2398 τὸ

2395 2415 2483 2483 μὴ
2506 2416 2844 2480 βούλεσθαι
2878 2418 3090 2470 τοῦτον
3126 2418 3502 2484 καινοτομεῖν
3542 2435 3596 2470 τι
3641 2418 3776 2484 περὶ
3807 2417 3918 2480 τὴν

2400 2486 2929 2551 ἐκκλησιιιστικὴν
2958 2491 3357 2549 κατάστασιν,
3389 2489 3621 2554 μυρίων
3647 2487 3917 2555 ταραχῶν

2399 2558 2458 2608 ai
2482 2556 2599 2609 ἀνὰ
2622 2557 2736 2623 τὴν
2752 2557 3113 2625 οἰκουμένην
3148 2559 3495 2621 Ἐκκλησιάι
3518 2558 3900 2624 ἐνεπλήσθη-

2402 2640 2526 2678 σαν
2555 2642 2568 2654 ο
2600 2628 2825 2679 πολλοί
2881 2644 2943 2680 τε
3005 2628 3126 2681 τῶν
3181 2627 3535 2680 ἐπισκόπων
3589 2626 3689 2679 διὰ
3743 2628 3917 2681 τοῦτο

2401 2695 2844 2764 ἐξεϐλήθησαν.

2402 2803 2574 2870 Οὗτος
2595 2811 2623 2860 ὁ
2659 2808 3016 2873 ’Δναστάσιος
3059 2811 3336 2880 εἰρηναῖὸς
3369 2827 3454 2872 τις
3482 2809 3558 2862 ὢν
3584 2809 3697 2880 (41)
3727 2851 3742 2869 .
3769 2809 3919 2862 οὐδὲν

2330 2901 2774 2968 καινουργςϊσοαι
2836 2901 3114 2964 παντελῶς
3198 2901 3497 2971 ἠϐούλετο,
3551 2902 3917 2971 διαᾳερὸντως

2330 2993 2456 3061 περὶ
2490 2992 2587 3063 τὴν
2617 2993 3082 3063 ἐκκλησιαστικὴν
3129 2995 3488 3047 κατάστασιν.
3522 2995 3632 3045 Καὶ
3654 2993 3743 3046 διὰ
3783 3011 3916 3047 παν-

2328 3084 2421 3146 τὸς
2459 3084 2545 3153 ᾔει
2567 3083 2796 3152 τρόπον,
2829 3085 2929 3146 τὰς
2964 3101 3023 3136 τε
3056 3085 3371 3150 ἁγιωτάτας
3421 3084 3750 3154 Ἐκκλησῐας
3781 3087 3918 3136 ἀτα-

651 3186 800 3239 tione
826 3196 1198 3249 remanerent,
1229 3195 1284 3241 et
1308 3188 1492 3240 cuncti
1527 3187 1621 3256 qui
1657 3187 1832 3256 ipsius
1869 3188 2101 3255 imperio
2131 3204 2226 3256 pa-

2336 3177 2530 3246 ράχους
2563 3178 2764 3244 μεῖναι,
2799 3175 2944 3230 ἆπαν
2973 3193 3033 3229 τε
3068 3177 3127 3228 τὸ
3157 3177 3395 3246 ὑπήκοον
3428 3175 3650 3246 βαθείας
3679 3177 3918 3246 γαλήνης

649 3279 866 3341 rebant,
921 3277 1184 3332 altissima
1231 3293 1363 3347 pace
1420 3278 1757 3340 fruerentur,
1802 3279 1951 3332 omni
1994 3278 2109 3331 rixa
2171 3288 2226 3332 ct

648 3368 1025 3430 contentione,
1075 3376 1192 3421 tum
1229 3367 1299 3420 ab
1337 3368 1599 3422 Ecclesim
1630 3378 1797 3431 statu,
1845 3377 1959 3421 tum
2001 3384 2029 3421 a
2062 3367 2228 3423 rebus

648 3459 883 3531 publicis
921 3459 1111 3528 procul
1159 3459 1471 3513 amandata.
1509 3459 1574 3512 Et
1610 3459 2077 3514 Chalcedonensis
2100 3459 2225 3529 qui-

646 3551 772 3604 dem
808 3550 1052 3621 synodus
1081 3550 1150 3604 iis
1179 3550 1537 3619 temporibus.
1573 3566 1673 3604 nec
1696 3551 1852 3621 361
1879 3551 2052 3619 palam
2084 3566 2224 3620 pra:-

647 3645 936 3700 dieabatur
963 3645 1019 3699 in
1044 3645 1408 3699 sanctissimis
1443 3645 1724 3709 Ecclesiis,
1757 3661 1859 3699 nec
1883 3646 2110 3699 omnino
2141 3662 2225 3699 re-

645 3737 961 3809 jiciebatur.
1011 3736 1227 3806 Singuli
1283 3735 1429 3790 enim
1476 3751 1667 3789 earum
1714 3736 1996 3805 prmsides,
2058 3745 2226 3806 prout

650 3824 787 3894 ipsis
817 3823 999 3879 visum
1043 3823 1243 3882 fuerat.
1282 3825 1665 3896 agebant.-Et
1700 3825 1950 3881 nonnulli
1996 3826 2220 3896 quidem

2333 3268 2650 3330 ἀπολαύειν,
2676 3271 2857 3340 πάσης
2891 3271 3066 3341 ἔριδος
3094 3273 3190 3325 καὶ
3220 3269 3552 3340 φιλονεικίας
3581 3272 3648 3325 ὲκ
3681 3269 3800 3322 τῶν
3823 3271 3915 3319 ἑκ-

2335 3359 2740 3428 κλησιαστικῶν
2771 3377 2830 3413 τε
2865 3363 2960 3413 καὶ
2979 3361 3274 3414 πολιτικῶν
3304 3361 3648 3432 πραγμάτιον
3673 3357 3918 3412 ἐκποδὼν

2332 3450 2656 3520 γινομένων.
2703 3452 2765 3504 Ἦ
2800 3454 2897 3521 μὲν
2938 3447 3030 3506 οὖν
3077 3454 3137 3506 ὲν
3185 3453 3493 3524 Καλχηδόνι
3541 3451 3760 3515 σύνοδος
3817 3452 3919 3505 ἀνὰ

2331 3541 2554 3603 τούτους
2580 3544 2704 3606 τοὺς
2739 3543 2982 3614 χρόνους,
3011 3543 3133 3597 οὔτε
3157 3545 3462 3614 ἀναφανδὸν
3509 3547 3568 3598 ὲν
3597 3547 3718 3608 ταῖς
3747 3545 3916 3612 ἁγιωο

2330 3636 2521 3700 τάταις
2559 3636 2914 3700 Ἐκκλησέαις
2940 3637 3293 3706 ἐκηρύττετο,
3319 3636 3443 3690 οὔτε
3470 3638 3577 3708 μὴν
3605 3639 3673 3689 ἐκ
3696 3639 3916 3690 πάντων

2345 3729 2782 3798 ἁπεκηρύττετο.
2823 3731 3084 3783 Ἐκαστοι
3115 3730 3173 3782 δὲ
3219 3731 3326 3782 τῶν
3364 3729 3812 3800 προεδρευόντων
3844 3729 3920 3791 ὡς

2327 3823 2474 3899 εῐχον
2496 3827 2786 3899 νομίσεως,
2810 3827 3214 3897 διεπράττοντο.
3243 3825 3360 3880 Κᾶν
3377 3825 3509 3879 ἔνιοι
3533 3827 3634 3896 μὲν
3663 3824 3780 3896 (42)
3811 3824 3917 3878 τῶν

1849 3976 2128 4032 VALESII
2173 3978 2738 4038 ANNOTATIONES.

723 4094 834 4161 (Η)
867 4093 1261 4160 Ἀναστάσιος
1323 4093 1624 4160 εἰρηναῖός
1669 4110 1760 4158 τις
1821 4093 1924 4148 ὢν.
1972 4092 2219 4160 Qualiter

648 4163 881 4219 aﬂectus
929 4163 1094 4218 fuerit
1147 4164 1470 4219 Anastasius
1517 4180 1646 4232 erga
1678 4180 1768 4218 res
1796 4164 2218 4230 ecclesiasticas,

648 4243 706 4290 et
729 4249 836 4303 qua
861 4235 1074 4288 ratione
1094 4251 1151 4289 se
1168 4235 1398 4302 gesserit
1421 4236 1474 4287 in
1509 4250 1700 4287 earum
1719 4233 2219 4298 administratione,

653 4305 816 4359 docet
846 4304 1134 4358 Liberatus
1165 4307 1218 4359 in
1251 4304 1543 4364 Breviario,
1579 4319 1700 4374 cap.
1735 4303 1818 4364 18,
1862 4303 1950 4357 his
1995 4305 2179 4359 verbis
2207 4323 2220 4358 :

650 4374 1011 4431 Ascenderunt
1032 4376 1248 4444 quidam
1273 4386 1319 4427 et
1342 4375 1736 4427 adversantium
1755 4382 1805 4425 et
1830 4375 2226 4428 communican-

652 4447 782 4501 lium
808 4445 853 4496 ei
880 4445 948 4498 ad
975 4445 1336 4498 Anastasium.
1356 4445 1419 4498 Et
1440 4446 1564 4497 dum
1585 4445 1837 4496 haberent
1866 4453 2053 4496 contra
2074 4447 2224 4513 prin-

2325 4097 2465 4166 quorl
2493 4098 2539 4150 si
2567 4097 2914 4164 adjectionem
2940 4098 3106 4150 edicto
3157 4096 3375 4164 faceret,
3410 4095 3700 4149 tumultum
3741 4101 3916 4147 move‘

2328 4175 2407 4220 ret
2435 4166 2705 4228 Ecclesiae,
2750 4179 2797 4220 et
2839 4169 3303 4224 anathematizare
3322 4167 3582 4237 synodum
3625 4174 3758 4237 esset
3811 4166 3913 4216 im-

2330 4237 2616 4306 possibile;
2645 4239 2905 4307 persuasit
2955 4239 3026 4290 eis
3086 4237 3322 4305 sufﬁcere
3354 4235 3631 4289 'unitiuum
3665 4235 3912 4307 edictum,

2332 4302 2857 4360 utcontmunicarent
2886 4302 3178 4360 adinvicem
3217 4307 3336 4369 sibi,
3360 4307 3494 4359 sicut
3530 4316 3579 4358 et
3604 4305 3780 4358 ueteri
3812 4302 3912 4356 Ec-

2333 4377 2618 4430 clesiarum
2654 4378 2897 4446 episcopi.
2933 4377 2996 4429 lt‘t
3024 4393 3141 4429 cum
3170 4393 3276 4429 non
3307 4377 3583 4446 obedirentr
3611 4377 3720 4428 htec
3740 4389 3912 4442 agere,

2337 4446 2469 4500 nihil
2495 4445 2839 4516 impetrantes
2881 4448 3080 4499 dimisit
3159 4446 3238 4500 Ex
3265 4446 3471 4514 quibus
3502 4445 3657 4499 vides
3687 4445 3918 4498 Anasta-

650 4516 816 4581 cipem
833 4518 1213 4586 contentionem
1234 4516 1569 4584 aliisquidem
1588 4515 1991 4586 proponentibus
2009 4493 2232 4568 an'athe-
2267 4493 2310 4548 θ
2338 4518 2481 4571 sium
2525 4493 2912 4586 imperatorem
2949 4515 3187 4569 Zenonis
3210 4493 3455 4570 edictum
3483 4530 3715 4586 prorsus
3753 4528 3911 4586 secu-

653 4586 902 4638 matizari
913 4585 1190 4654 synodum,
1210 4596 1256 4639 et
1271 4587 1344 4638 ita
1361 4583 1748 4639 eomntunicare
1761 4599 1779 4647 ;
1794 4583 1916 4637 aliis
1931 4601 2049 4637 vero
2067 4603 2232 4653 paca-

651 4656 720 4708 tis
741 4657 794 4708 in
821 4657 1014 4708 unitivo
1032 4656 1197 4708 edicto
1229 4657 1390 4725 adjici
1414 4672 1474 4708 ea
1499 4672 1616 4725 qua:
1643 4655 2012 4723 satisfacerent
2037 4657 2115 4708 his
2139 4657 2227 4722 qui

651 4728 1168 4782 communicaverunt
1218 4725 1418 4792 Petro;
1470 4725 1811 4779 considerans
1881 4727 2176 4796 imperator
2208 4767 2223 4788 ,

2343 4596 2457 4641 tum
2513 4584 2656 4650 esse,
2697 4602 2797 4640 nec
2843 4597 3108 4656 praeterea
3158 4584 3770 4656 quidquam'innovari
3818 4599 3910 4636 vo-

2338 4657 2677 4797 “assitme-
2700 4727 2850 4781 ἔνιοι
2873 4725 3012 4796 μέν.
3043 4724 3414 4782 Scribendum
3447 4735 3534 4781 est
3561 4726 3662 4779 καὶ
3690 4724 3844 4777 ἔνιοι.

2096 4858 2483 4917 VARIORUM.

654 4978 787 5033 cilia
839 4976 1112 5030 destinata
1161 4985 1310 5038 sunt,
1335 4977 1466 5032 item
1521 4979 1586 5034 ad
1621 4979 1797 5036 cilicia
1826 4995 1890 5034 ac
1925 4980 2236 5035 ministeria

654 5047 942 5120 principis,
971 5045 1163 5120 schon
1208 5057 1517 5120 vocantur:
1550 5051 1697 5104 unde
1752 5051 1806 5120 in
1863 5050 1986 5104 cod.
2043 5050 2234 5105 schola

652 5117 920 5188 equitum,
970 5117 1239 5186 peditum,
1298 5119 1715 5173 scriniariorum
1760 5119 2230 5184 domesticorum,

653 5189 1112 5259 silentiariorum,
1164 5203 1446 5242 sacrarum
1500 5191 1872 5259 largitionum,
1911 5198 2019 5244 etc.
2042 5191 2118 5244 De
2149 5191 2234 5245 Si-

654 5258 927 5341 lentiariis
984 5258 1201 5328 egimus
1256 5259 1404 5314 notis
1457 5260 1522 5314 ad
1581 5258 1702 5330 eap.
1736 5261 1821 5324 10,
1851 5260 1950 5314 lib.
1987 5276 2045 5314 ιιι
2094 5259 2234 5315 Eva-

691 5347 778 5383 l’ll.

655 5346 807 5469 δηθά)
845 5396 1166 5469 Λογγῖνον
1227 5397 1506 5469 ldum-oc
1571 5399 1862 5466 ἀδελφόν.
1923 5399 2234 5455 Conlundit

657 5463 927 5540 Evagrius
962 5463 1266 5540 Longinum
1297 5463 1620 5540 magistrum
1645 5463 1882 5526 militum
1908 5485 2033 5524 cum
2081 5471 2232 5525 Lon-

657 5537 793 5611 gino'
837 5538 1077 5593 Zenonis
1123 5537 1297 5611 fratre
1329 5557 1348 5611 _:
1377 5537 1473 5608 qui
1512 5549 1692 5595 tamen
1731 5540 1935 5595 diversi
1967 5550 2146 5605 erant,
2179 5548 2239 5594 ut

661 5609 889 5680 apparet
920 5619 1127 5681 tam_ex
1143 5609 1376 5664 historia
1397 5610 1474 5665 rei
1492 5620 1678 5681 gestae,
1701 5626 1873 5681 quam,
1894 5611 2230 5681 auctoritate

660 5679 886 5735 Zonarae
927 5688 983 5733 et
1032 5679 1409 5748 Theophanis.
1444 5679 1732 5736 Pesterior
1751 5683 1830 5736 ait
1864 5680 1919 5734 in
1953 5680 2233 5746 Chronico,

665 5767 793 5822 ann.
825 5749 1129 5822 £84,3ugta
1182 5750 1604 5822 Alexandrinos,
1637 5751 1692 5806 id
1747 5761 1852 5815 est,
1884 5751 2053 5822 A.VC.
2105 5753 2234 5812 491,

667 5819 988 5892 ιιοηείιιυιῐί
1043 5819 1286 5877 Zenonis
1333 5821 1580 5887 fratrem,
1614 5831 1836 5894 propter
1885 5821 2232 5887 seditionem,

2344 4980 2590 5036 exsulem
2613 4980 2682 5034 ab
2711 4980 2998 5035 Anastasio
3024 4979 3410 5036 Alexandriam
3450 4979 3706 5044 missum,
3734 4979 3918 5050 ibique

2343 5050 2730 5121 presbyterum
2771 5051 3088 5105 ordinatum
3126 5069 3140 5104 :
3171 5051 3462 5120 septennio
3515 5059 3664 5119 post.
3691 5060 3916 5121 mortem

2342 5119 2568 5175 obiisse.
2588 5121 2828 5175 Proinde
2846 5123 3089 5190 nequein
3111 5119 3339 5192 patriam
3361 5121 3529 5174 fuisse
3541 5119 3916 5192 antandattim,

2340 5206 2524 5260 neque
2576 5191 2806 5260 posthac
2851 5190 3124 5246 tumultus
3178 5190 3420 5245 excitare
3474 5190 3741 5259 potuisse.
3778 5191 3912 5261 Ergo

2341 5261 2484 5316 alius
2506 5270 2626 5332 erat
2655 5261 2940 5330 Longinus
2969 5262 3230 5332 magister
3251 5261 3510 5332 militum,
3547 5275 3716 5332 quem
3747 5263 3915 5331 magi-

2340 5341 2520 5386 stratu
2577 5331 2864 5400 abrogavit
2891 5331 3236 5391 Anastasius,
3261 5339 3317 5383 et
3372 5331 3427 5383 in
3461 5331 3696 5398 patriam
3728 5346 3915 5384 aman-

2339 5401 2512 5465 davit,
2568 5401 2662 5455 ubi
2719 5412 2906 5472 postea
2945 5402 3210 5455 adversus
3271 5401 3916 5472 imperatoremﬂbfllum

2343 5471 2607 5537 suscepit,
2646 5466 2938 5526 uti'narrat
2969 5472 3257 5541 Evagrius,
3281 5466 3447 5541 infra,
3480 5485 3602 5541 cap.
3629 5470 3719 5524 55.
3745 5466 3920 5526 Erant

2344 5543 2570 5612 omnino
2632 5550 2745 5597 tres
2804 5541 3067 5612 Longini,
3092 5539 3236 5612 unus
3276 5540 3534 5612 Zenonis
3561 5539 3758 5612 frater,
3787 5542 3921 5596 alter

2343 5611 2605 5682 magister
2652 5612 2910 5673 militum,
2930 5610 3146 5667 'tertius
3178 5611 3545 5682 Selinuntius,
3575 5610 3647 5664 ab
3695 5611 3918 5682 Evagrio

2343 5681 2399 5752 in
2421 5680 2618 5738 eodem
2652 5683 2832 5751 capite
2859 5691 3221 5737 memoratus.
3245 5681 3382 5737 Vide
3413 5680 3641 5752 Pagium
3678 5680 3744 5736 ad
3788 5697 3917 5736 ann.

2343 5751 2468 5819 498,
2503 5769 2561 5809 n.
2588 5755 2643 5819 5,
2675 5754 2726 5819 4,
2764 5753 2818 5808 5.
2847 5752 2936 5806 W.
2968 5753 3186 5808 Lowrn.
