4096 6464
158 404 218 466 ΞΞΕ
226 404 285 466 .37

1088 396 1469 456 lllSTORI/E
1509 394 2103 455 ECCIESIASTICE
2142 390 2373 451 LIBER
2414 388 2527 448 ΙΙΙ.

3280 388 3423 451 2658

156 510 575 581 ἑκτεῦειμένων,
606 510 742 578 αὐτῇ
798 508 942 578 μάλα
968 510 1230 576 γεννικῶς
1258 510 1571 579 ἀντείχοντο
1596 551 1609 575 ,
1648 512 1741 563 καὶ

1848 524 2058 571 eorum,
2083 515 2278 559 cuncta
2304 520 2426 575 qua:
2452 504 2505 556 in
2531 502 2625 556 illo
2650 500 2887 555 concilio
2910 501 3155 570 exposita
3181 502 3420 557 fuerant.

158 602 289 673 πρὸς
320 599 587 668 οὐδεμίαν
623 597 925 649 ἐνεδίδοσαν
976 595 1247 665 συλλαϐὴν
1277 595 1384 648 τῶν
1412 595 1740 668 ὁρισθέντων

157 695 282 763 παρ’
325 692 499 758 αὐτῆς
530 732 543 752 ,
576 690 637 742 οὺ
672 689 779 758 μὴν
808 688 1141 757 γράμματος
1172 688 1474 758 ἐναλλαγὴν
1504 687 1737 757 παρεδέ-

159 801 327 855 χοντο.
364 781 531 834 Ἀλλὰ
568 780 663 832 καὶ
696 778 835 847 μετά
862 777 1064 847 πολλῆς
1088 778 1385 847 ἀπεπήδων
1407 778 1507 847 τῆς
1529 779 1743 848 παρρη-

159 879 297 937 σίας,
326 876 421 927 καὶ
448 875 729 926 κοινωνεῖν
776 870 1055 934 παντελῶς
1085 872 1184 923 οὐκ
1213 870 1491 941 ἠνείχοντο
1517 875 1628 933 τοῖς
1667 868 1742 940 μὴ

156 970 466 1040 δεχομένοις
502 968 633 1037 παρ’
684 966 854 1035 αὐτῆς
908 968 978 1018 τὰ
1010 965 1357 1034 ἐκτιθέμενα.
1403 964 1623 1032 ’Έτεροι
1660 963 1739 1027 δὲ,

157 1064 215 1116 οὑ
250 1064 411 1132 μόνον
442 1060 546 1113 οὐκ
572 1058 819 1129 ἐδέχοντο
849 1059 947 1129 τὴν
975 1060 1032 1111 ὲν
1059 1058 1363 1127 Καλχηδόνι
1388 1056 1624 1119 σύνοδον,
1648 1057 1743 1109 καὶ

157 1150 220 1199 τὶ
251 1150 380 1217 παρ’
402 1148 574 1215 αὐτῆς
604 1145 911 1216 ὁρισθένταο
945 1146 1082 1198 ἀλλᾶ
1112 1147 1205 1198 καὶ
1236 1146 1537 1213 ἁναοέματι
1580 1164 1742 1214 περι-

161 1238 346 1288 έῦαλον
373 1235 547 1305 αὐτήν
591 1252 648 1287 τε
680 1236 773 1288 καὶ⁸
799 1237 889 1288 τὸν
918 1236 1143 1299 Λέοντος
1172 1237 1357 1307 τόμον.
1398 1237 1580 1290 Ἀλλοι
1630 1240 1743 1300 τοῖς

173 1326 479 1388 Ἐνωτικοῖς
507 1326 757 1394 Ζήνωνος
785 1325 1186 1395 ὲνισχυρίζοντο
1208 1363 1221 1387 ,
1278 1325 1371 1377 καὶ
1403 1324 1575 1377 ταῦτα
1608 1324 1742 1395 πρὸς

163 1417 423 1484 ἀλλήλους
463 1416 828 1486 διερῤωγότες
861 1418 928 1485 τῇ
960 1432 1016 1466 τε
1049 1417 1146 1485 μιᾷ
1174 1416 1267 1467 καὶ
1311 1417 1430 1478 ταῖς
1459 1414 1551 1468 δύο
1578 1416 1744 1483 φύσε-

162 1522 259 1559 σινσ
276 1507 465 1576 οἱμὲν,
481 1508 547 1577 τῇ
563 1506 920 1579 συνθήκῃμῗι)
934 1506 1040 1558 τῶν
1055 1506 1399 1576 γραμμάτων
1420 1505 1740 1568 κλαπέντεςο

162 1598 208 1650 οἱ
234 1597 291 1649 δὲ
319 1637 334 1661 ,
371 1599 469 1650 καὶ
517 1596 653 1667 πρὸς
690 1597 751 1648 τὸ
796 1596 1219 1667 εἰρηνικώτερον
1261 1595 1463 1667 μᾶλλον
1511 1596 1741 1648 ἀποκλί-

163 1706 344 1753 ναντες
372 1704 387 1720 ο
413 1688 491 1752 ὼς
528 1689 708 1753 πάσας
734 1690 834 1753 τὰς
876 1690 1205 1758 Ἐκκλησίας
1247 1693 1305 1753 ἐς
1338 1690 1473 1753 ἰδίας
1508 1692 1743 1759 ἀποκρι-

163 1779 314 1849 θῆναι
361 1778 583 1848 μοίρας,
632 1779 727 1831 καὶ
787 1780 923 1849 μηδὲ
984 1782 1264 1833 κοινωνεῖν
1318 1780 1568 1848 ἀλλήλοις
1616 1781 1743 1842 τοὺς

1844 597 2286 669 pertinacissime
2334 593 2729 656 defendebant,
2764 609 2867 648 nec
2932 593 2985 646 in
3028 594 3147 663 ejus
3186 592 3427 647 decretis

1844 690 1928 744 vel
1963 704 2125 741 unam
2152 687 2413 759 syllabam
2446 686 2751 749 remittere,
2793 701 2857 739 ac
2897 702 2965 739 ne
2998 686 3164 739 unius
3200 686 3424 755 quidem

1844 781 2041 833 littera:
2102 778 2465 831 mutationem
2520 775 2813 829 admittere
2883 775 3231 828 sustinebant
3278 776 3423 829 :sed

1845 887 2039 941 magna
2081 886 2206 924 cum
2256 869 2454 923 fiducia
2492 868 2825 923 recedebant
2856 868 2925 920 ab
2972 867 3039 919 iis
3076 868 3169 935 qui
3204 867 3424 921 decreta

1846 962 1995 1017 illius
2043 961 2267 1016 concilii
2316 960 2543 1014 minime
2582 959 2956 1028 susciperent,
2990 974 3092 1011 nec
3128 957 3239 1013 illis
3274 973 3429 1012 com-

1845 1055 2133 1109 municare
2171 1054 2283 1107 ullo
2326 1052 2489 1105 modo
2521 1051 2891 1106 sustinebant.
2929 1050 3035 1103 Alii
3070 1065 3221 1113 vero,
3266 1048 3430 1103 Chal-

1845 1146 2213 1200 cedonensem
2249 1143 2517 1215 synodum
2560 1143 2792 1211 ejusque
2833 1142 3056 1194 decreta
3103 1157 3214 1194 non
3264 1140 3431 1194 modo

1846 1254 1954 1292 non
2006 1236 2414 1305 suscipiebant;
2485 1249 2678 1289 verum
2747 1233 2912 1285 etiam
2959 1233 3106 1285 illam
3150 1248 3257 1285 una
3303 1246 3430 1285 cum

1844 1331 2048 1385 Leonis
2089 1330 2322 1400 epistola
2369 1328 2473 1381 sub
2509 1326 2861 1381 anathemate
2914 1324 3270 1378 damnabant.
3323 1323 3430 1377 Alii

1846 1422 2086 1476 Zenonis
2119 1420 2386 1475 llenotico
2416 1418 2698 1472 mordicus
2722 1416 3072 1471 inhaerebant
3104 1433 3116 1469 :
3151 1414 3318 1483 idque
3347 1425 3431 1468 ta-

1848 1516 2007 1569 metsi
2041 1515 2186 1568 inter
2220 1529 2277 1567 se
2318 1512 2655 1567 dissiderent
2693 1510 2760 1564 de
2795 1525 2903 1564 una
2948 1518 3045 1563 aut
3095 1508 3164 1563 de
3217 1508 3432 1562 duabus

1847 1603 2063 1657 naturis
2092 1622 2103 1655 :
2134 1602 2189 1657 hi
2221 1602 2443 1671 quidem
2489 1598 2894 1668 compositione
2934 1596 3307 1666 imperialium
3341 1595 3432 1649 lit-

1850 1706 2091 1749 terarum
2118 1694 2333 1764 decepti
2371 1712 2383 1747 :
2423 1694 2502 1748 illi
2537 1708 2671 1747 vero
2696 1690 2815 1760 paci
2842 1700 2897 1744 et
2922 1688 3237 1743 concordiae
3258 1688 3433 1757 magis

1851 1786 2156 1841 studentes.
2185 1787 2338 1841 Adeo
2373 1794 2433 1839 ut
2460 1786 2632 1839 totius
2668 1784 2821 1838 orbis
2861 1780 3122 1836 Ecclesia:
3157 1780 3211 1833 in
3247 1778 3433 1833 varias

161 1869 610 1939 προεδρεύοντας.
640 1870 924 1923 Ἐντεῦθεν
962 1872 1189 1924 πλεῖστα
1221 1873 1479 1941 χρήματα
1514 1873 1655 1923 κατά
1685 1888 1743 1923 τε

1848 1878 2116 1933 factiones
2140 1878 2331 1932 divisse
2372 1885 2581 1941 essent,
2618 1891 2682 1930 ac
2737 1890 2807 1929 ne
2863 1872 3144 1928 antistites
3205 1870 3430 1940 quidem

160 1964 255 2030 τὴν
291 1961 491 2031 Ἐιξ›αν,
524 1963 629 2015 ἀ.νά
668 1980 729 2015 τε
762 1963 834 2017 τὰ
865 1962 1126 2035 Ἐσπέρια
1170 1965 1310 2034 μέρη
1342 1964 1436 2017 καὶ
1482 1964 1622 2016 κατὰ
1646 1963 1745 2034 τὴν

160 2054 362 2123 Λιϐύην
396 2054 696 2124 ἐτύγχανον
739 2054 888 2121 ὄντα,
916 2055 1041 2108 οὔτε
1075 2056 1183 2109 τῶν
1221 2055 1404 2127 Ἐᾠων
1427 2056 1745 2109 ἐπισκόπων

165 2148 272 2203 τοῖς
316 2143 631 2216 Ἐσπερίοις
656 2145 689 2215 ἢ
713 2146 826 2209 τοῖς
855 2145 1054 2199 Λίὸυσι
1085 2146 1483 2215 σπενδομένων,
1521 2145 1645 2198 οὕτε
1676 2141 1744 2199 αὖ

159 2238 359 2290 τούτων
383 2239 500 2301 τοῖς
533 2236 741 2307 Ἔῴοις.
772 2238 845 2290 Τὸ
868 2238 925 2290 δὲ
952 2238 1141 2309 μεῖζον
1172 2238 1230 2301 ὲς
1263 2238 1496 2290 ἀτοπίαν
1526 2239 1744 2309 προῄει.

163 2330 293 2382 υὺδὲ
352 2332 462 2402 γὰρ
520 2334 705 2399 σφίσιν
755 2333 941 2397 αὐτοῖς
989 2333 1312 2388 ἐκοινώνουν
1340 2335 1391 2386 οἱ
1435 2334 1534 2403 τῆς
1574 2334 1746 2404 Ἑῴας

164 2421 435 2491 πρόεδροι,
481 2424 604 2475 οὐδὲ
643 2423 750 2494 μὴν
780 2424 830 2476 οἱ
866 2424 965 2493 τῆς
998 2423 1273 2497 Εὐρώπης
1303 2424 1336 2496 ἢ
1396 2426 1498 2494 τῆς
1529 2425 1746 2497 Λιϐύης

162 2513 282 2571 τοὺς
316 2513 542 2583 θρόνους
570 2515 847 2580 διέποντες
867 2558 881 2581 ,
924 2518 1057 2587 μήτι
1086 2535 1149 2586 γε
1184 2518 1247 2588 δὴ
1281 2520 1376 2571 καὶ
1408 2519 1741 2591 ὑπερορίοις.

165 2602 335 2672 "Amp
366 2605 394 2656 ὁ
430 2603 690 2674 βασιλεὺς
718 2605 1074 2669 ’Δναστάσιος
1114 2604 1386 2675 Θεώμενος
1412 2647 1429 2672 ,
1455 2606 1583 2669 τοὺς
1606 2622 1745 2658 νεω-

162 2692 478 2762 τερίζοντας
507 2694 615 2747 τῶν
639 2696 957 2749 ἐπισκόπων
988 2695 1263 2761 ὲξωθεῖτο,
1293 2695 1451 2748 εἵπου
1486 2696 1747 2766 κατειλή-

165 2801 271 2850 φει,
299 2784 332 2855 ἢ
366 2786 519 2856 παρὰ
548 2786 609 2839 τὸ
631 2786 823 2850 εἰωθὸς
848 2790 962 2851 τοῖς
990 2789 1177 2851 τόποις
1216 2789 1337 2841 τινὰ
1384 2787 1481 2859 τὴν
1506 2788 1564 2840 ὲν
1598 2788 1745 2842 Καλ-

166 2874 343 2942 χηδόνι
370 2876 593 2929 σύνοδον
620 2876 982 2947 κηρύττοντα,
1013 2878 1047 2949 ἢ
1074 2877 1278 2947 ταύτην
1310 2877 1614 2947 ἀναθέματι
1648 2896 1748 2931 πεσ-

170 2966 460 3034 ριτιθέντα.
487 2969 826 3039 Ἐκὸέὸληκε
860 2971 956 3040 μὲν
999 2966 1092 3024 οὖν
1130 2973 1192 3023 ἐκ
1216 2972 1313 3039 τῆς
1346 2970 1613 3039 βασιλίδος
1638 2972 1746 3023 τῶν

166 3057 387 3122 πόλεων,
411 3060 631 3131 πρῶτον
659 3062 757 3131 μὲν
780 3063 1061 3133 Εὑφήμιον
1084 3062 1178 3133 (b),
1207 3061 1283 3123 ὼς
1307 3061 1743 3131 προγέγραπται,

167 3140 279 3197 εἶτα
301 3148 667 3215 Μακεδόνων,
718 3152 838 3221 μεθ’
870 3151 929 3204 ὃν
974 3151 1239 3222 Τιμόθεος
1272 3152 1515 3219 ἐγεγόνει
1540 3168 1551 3178 ·
1597 3154 1659 3205 ἐκ
1691 3152 1747 3204 δὲ

165 3237 259 3304 τῆς
284 3237 563 3311 Ἀντιόχου
590 3243 915 3296 Φλαῦιανόν.

1846 1969 1951 2023 sibi
1980 1980 2173 2023 mutuo
2207 1969 2703 2032 communicarent.
2732 1966 2873 2021 Hinc
2904 1966 3077 2019 multa
3112 1962 3342 2018 dissidia
3374 1962 3431 2015 in

1846 2060 2086 2116 Q‘ientis
2110 2070 2165 2114 et
2198 2060 2253 2114 in
2288 2059 2609 2114 Occidentis
2641 2058 2916 2128 partibus,
2949 2066 3006 2110 et
3036 2071 3136 2126 per
3186 2053 3429 2109 Africam

1844 2152 2201 2219 exstiterant,
2233 2168 2360 2206 cum
2398 2167 2500 2206 nec
2526 2151 2840 2206 Orientales
2876 2150 3126 2219 episcopi
3158 2148 3432 2203 Occiden-

1847 2245 2051 2299 talibus
2092 2254 2148 2300 et
2188 2245 2336 2300 Afris
2376 2245 2746 2310 sociarentur,
2780 2259 2886 2298 nec
2930 2244 3019 2298 isti
3054 2243 3296 2297 vicissim
3332 2257 3429 2296 co-

1847 2335 1993 2389 irent
2014 2351 2139 2389 cum
2175 2336 2576 2391 Orientalibus.
2604 2335 2748 2401 Quin
2769 2336 2938 2391 etiam
2958 2336 3025 2389 ad
3055 2336 3318 2406 majorem
3337 2334 3433 2389 ab-

1846 2426 2169 2481 surditatem
2204 2442 2291 2481 res
2325 2442 2615 2496 progressa
2650 2435 2755 2481 est.
2789 2428 2926 2483 Nam
2967 2443 3073 2481 nec
3123 2427 3434 2481 Orientales

1847 2518 2125 2573 antistites
2168 2518 2314 2572 inter
2354 2534 2413 2572 se
2455 2518 2557 2587 ipsi
2584 2518 3071 2573 eommunicabant
3096 2536 3109 2573 :
3134 2534 3239 2573 nec
3268 2516 3431 2573 Occi-

1846 2607 2098 2664 dentales
2132 2610 2264 2665 item
2292 2627 2396 2665 nec
2423 2612 2538 2664 Afri
2570 2612 2715 2665 inter
2743 2612 3074 2681 semetipsos
3089 2611 3434 2666 communio-

1848 2717 1974 2755 nem
1998 2699 2278 2769 fovebant,
2323 2702 2526 2757 nedum
2549 2719 2673 2757 cum
2695 2704 3002 2774 peregrinis
3044 2712 3098 2758 et
3129 2703 3429 2758 extraneis.

1846 2794 1977 2859 Quae
2001 2809 2126 2850 cum
2170 2796 2472 2865 imperator
2514 2796 2841 2851 Anastasius
2872 2796 3108 2861 videret,
3142 2795 3435 2865 episcopos

1847 2885 1941 2955 qui
1992 2887 2203 2956 aliquid
2257 2888 2611 2953 innovarent,
2664 2888 2927 2943 Ecclesiis
2983 2886 3339 2948 exturbabat,
3387 2884 3435 2938 si

1848 2990 2014 3044 quem
2033 2974 2173 3030 forte
2197 2976 2666 3046 deprehendisset
2691 2988 2787 3031 aut
2809 2976 3108 3031 concilium
3131 2973 3438 3030 Chalcedo-

1848 3082 2020 3122 nense
2050 3067 2441 3137 prazdicantem
2487 3077 2679 3122 contra
2714 3067 2963 3122 inolitam
3008 3068 3256 3121 locorum
3305 3080 3438 3118 con-

1850 3158 2227 3225 suetudinem,
2253 3167 2351 3213 aut
2374 3160 2518 3214 idem
2542 3160 2644 3216 sub
2680 3161 3031 3213 anathemate
3057 3159 3434 3213 damnantem.

1774 3219 1817 3277 C
1851 3248 1920 3301 Et
1952 3264 2020 3302 ex
2052 3219 2452 3321 regia’quidem
2492 3250 2650 3315 urbe,
2686 3250 2765 3302 uti
2796 3264 2962 3317 supra
2998 3246 3281 3305 diximus;
3319 3242 3435 3312 pri-

168 3341 310 3383 mum
373 3332 543 3401 ejecit
611 3335 1002 3405 Euphemium,
1035 3334 1238 3391 deinde
1279 3334 1682 3400 Macedonium,
1748 3338 1837 3392 cui
1876 3342 2143 3396 successit
2186 3342 2545 3408 Timotheus;
2588 3341 2883 3395 Antiochia
2926 3356 3058 3395 vero
3113 3336 3436 3393 Flavianum

169 3424 393 3493 expulit.

738 3543 988 3595 ΚΕΦΑΛ.
1047 3544 1175 3597 AA'.
1209 3584 1225 3599 .

171 3632 488 3696 Ἐπιστολὴ
530 3628 647 3681 τῶν
674 3629 961 3698 μοναχῶν
993 3629 1413 3684 Παλιιιστινῶν
1450 3630 1600 3698 πρὸς
1622 3631 1749 3685 Ἀλο

306 3704 539 3755 κίσωνα
576 3702 709 3769 περὶ
734 3702 985 3754 Ξενιιίου
1025 3702 1123 3755 καὶ
1159 3702 1379 3769 ἐτέρων
1405 3700 1606 3754 τινῶν.

237 3814 370 3884 Περὶ
402 3813 587 3867 τοίνυν
614 3814 949 3867 Μακεδονίου
996 3815 1090 3867 καὶ
1115 3813 1414 3867 Φλαὸιανοῦ
1436 3816 1664 3884 γράφων
1693 3814 1755 3867 τὸ

173 3907 226 3957 ἐν
257 3908 592 3979 Παλαιστίνῃ
612 3906 894 3976 μοναδικδν
923 3906 1062 3975 πρὸς
1092 3906 1395 3959 Ἀλκίσωνα
1424 3906 1536 3975 (Η)
1562 3906 1758 3959 ἐπ).λέ-

173 4000 302 4061 ξεως
322 3999 470 4068 λέγει
489 3998 681 4053 ταῦτα·
709 3997 917 4068 Πέτρου
940 3997 995 4050 δὲ
1019 3999 1421 4069 κεκοιμημένον
1443 3996 1756 4069 (45),πάλιν

2451 3544 2604 3598 CAP.
2648 3543 2835 3597 XXXI.

1854 3636 2099 3707 Epistola
2138 3637 2511 3707 monachorum
2556 3634 2877 3707 ΡιιίφεςιὶηιιῖΔ
2906 3634 2987 3707 mf
3022 3632 3337 3697 Alcisonem,
3376 3632 3443 3687 de

2196 3706 2403 3759 Xenaia
2430 3716 2479 3758 et
2519 3708 2581 3757 de
2614 3705 2734 3758 aliis
2766 3705 3102 3774 quibusdam.

1927 3814 2004 3868 De
2036 3814 2359 3868 Macedonio
2397 3813 2621 3883 quidem
2655 3823 2710 3867 et
2753 3812 3012 3867 Flaviano
3048 3812 3301 3867 monachi
3340 3814 3443 3867 Pa-

1860 3906 2085 3960 laestinae
2117 3907 2171 3960 in
2216 3906 2420 3961 litteris
2446 3907 2512 3961 ad
2547 3907 2863 3961 Alcisonem
2890 3905 3033 3961 datis
3070 3907 3142 3961 ita
3164 3908 3441 3962 scribunt.

1861 3997 2076 4054 Mortuo
2121 4006 2308 4053 autem
2355 3999 2542 4064 Petro,
2573 3998 2735 4069 362
2772 3999 2915 4052 inter
2954 4014 3014 4052 se
3055 3999 3204 4069 ipsos
3239 4002 3438 4054 iterum

1358 4128 1634 4187 VALESII
1687 4128 2247 4188 ANNOTATIONES.

240 4247 346 4313 (4'5)
385 4244 463 4313 Τῇ
490 4243 771 4311 συνθήκῃ
792 4245 911 4298 τῶν
929 4244 1298 4313 γραμμάτων.
1326 4242 1564 4297 Joannes
1594 4243 1734 4296 Lan-

174 4334 269 4387 gus
312 4318 527 4371 litteras
576 4315 835 4387 Zenonis
862 4314 1311 4387 imperatorisrde
1366 4314 1737 4387 Ecclesiarum

174 4384 502 4441 azlnnatione
557 4387 773 4438 videtur
826 4386 1153 4455 intelligere.
1190 4384 1279 4437 Sic
1332 4384 1479 4437 enim
1522 4385 1736 4455 vertit:

175 4458 218 4510 Ii
248 4459 452 4526 quidem
508 4456 694 4509 litteris
750 4454 1021 4508 insidiose
1048 4456 1346 4524 compositis
1373 4470 1483 4526 per,
1503 4454 1743 4521 fraudem

175 4524 383 4596 decepti.
402 4529 576 4593 Quem
596 4542 815 4579 sensum
834 4534 1057 4583 secutus
1072 4535 1152 4577 est
1175 4526 1338 4596 etiam
1359 4524 1747 4596 Christophor-

1842 4242 1975 4311 Ejus
2000 4244 2251 4298 meminit
2266 4243 2616 4315 Marcellinus
2634 4244 2687 4298 in
2706 4243 2979 4308 Chronico,
2994 4245 3086 4315 qui
3110 4261 3235 4300 eum
3258 4246 3437 4302 Alcis-

1845 4327 1967 4366 sutn
2002 4322 2181 4368 vocat.
2217 4314 2352 4368 Vide
2382 4313 2678 4368 Baroninm
2710 4315 2778 4368 ad
2813 4313 3023 4369 annum
3074 4316 3277 4370 Christi
3310 4318 3434 4372 516.

1921 4383 2035 4454 (45)
2073 4385 2296 4452 Πέτρου
2330 4384 2397 4436 δὲ
2422 4386 2880 4454 κεκοιμημένον.
2912 4385 3047 4440 Cum
3083 4386 3193 4439 duo
3233 4391 3439 4443 Inerint

1850 4452 1997 4507 Petri
2036 4469 2147 4507 uno
2198 4454 2503 4523 eodemque
2555 4452 2821 4524 tempore,
2858 4457 2998 4511 alter
3032 4456 3441 4513 Alexandrinus

1851 4524 2164 4593 episcOpus,
2184 4525 2321 4578 alter
2339 4524 2737 4591 Antiochenus,
2764 4526 3033 4579 incertum
3055 4536 3139 4580 est
3170 4536 3289 4581 uter
3321 4528 3441 4581 illo-

176 4581 351 4651 somis.
386 4581 552 4651 (forte
583 4597 673 4649 hic
736 4581 952 4665 Evagrii
1002 4596 1156 4647 locus
1199 4595 1359 4647 aliter
1384 4581 1743 4665 exponi._n0n
1780 4581 1823 4635 ί)
1855 4581 1975 4647 rum
2026 4581 2117 4648 hic
2153 4581 2529 4663 intelligatur.
2587 4581 2937 4650 Probabilius
2984 4606 3163 4649 tamen
3219 4598 3439 4653 videtur

198 4677 368 4721 totest.
405 4669 550 4721 Duas
582 4667 728 4719 enim
758 4663 953 4720 causas
976 4666 1157 4724 affert,
1183 4681 1282 4718 cur
1302 4663 1752 4733 nonnulliedicto

218 4741 409 4792 enonis
465 4737 908 4805 acquiescerent.
972 4736 1247 4799 Quosdam
1281 4735 1446 4805 igitur
1472 4735 1547 4787 ait
1584 4734 1753 4787 fuisse

179 4806 432 4877 deceptos
473 4804 675 4860 blanda
706 4806 918 4877 illa,met
975 4807 1055 4877 ad
1095 4804 1538 4877 persuadendum
1598 4818 1751 4877 coni-

181 4873 344 4943 βοειιῇ
396 4877 667 4946 principis
718 4875 992 4929 oratione.
1030 4876 1182 4929 Alios
1231 4890 1361 4928 vero
1382 4873 1569 4946 studio
1606 4875 1753 4946 pacis

180 4956 232 5025 et
258 4943 459 5016 quietis
493 4943 868 5002 Ecclesiarum
900 4946 1139 5009 illectos,
1161 4946 1289 4998 huic
1310 4945 1500 4999 edicto
1526 4943 1753 5013 acquie-

182 5030 337 5071 VISSC.

248 5088 356 5155 (ιι)
388 5086 545 5155 Πρὸς
603 5087 960 5142 Ἀλκίσωνα.
1024 5086 1122 5139 llic
1180 5084 1400 5139 Alcison
1452 5083 1755 5155 episcopus

181 5165 292 5225 erat
340 5154 630 5225 Nicopolis
679 5173 800 5225 qua:
844 5157 1159 5225 metropolis
1184 5154 1493 5225 estiveteris
1540 5155 1691 5224 Epiri
1735 5172 1749 5209 :

184 5224 317 5297 inter
348 5224 658 5297 praecipuos
686 5224 1003 5297 defensores
1028 5224 1231 5297 synodi
1256 5224 1747 5297 Chalcedonensis.

184 5295 421 5353 Mortuus
463 5295 550 5352 est
586 5312 731 5351 anno
765 5296 973 5353 Christi
995 5297 1119 5362 5w,
1159 5296 1319 5351 Petro
1352 5296 1469 5350 solo
1500 5296 1750 5352 consule.

1859 4664 2289 4735 Alexandrinum
2318 4666 2537 4719 Petrum
2573 4665 2666 4720 hic
2696 4667 3011 4735 designari;
3046 4684 3113 4722 eo
3138 4668 3285 4735 quod
3322 4684 3439 4721 mo—

1855 4734 2017 4805 nachi
2058 4736 2356 4789 Palrestina:
2390 4736 2574 4789 statim
2607 4734 2908 4805 loquuntur
2966 4738 3033 4790 de
3078 4734 3433 4801 Alexandria,

1854 4804 2004 4879 etde
2029 4805 2280 4879 {Egyth
2304 4822 2369 4859 ac
2410 4804 2838 4879 LihyaaObstat
2874 4818 3051 4861 tamen
3086 4809 3229 4875 quod
3267 4810 3440 4879 subji-

1856 4876 2002 4947 citur
2049 4876 2141 4947 aib'
2179 4876 2375 4929 iisdem
2418 4876 2751 4940 monachis;
2784 4887 2907 4947 post
2946 4888 3176 4931 mortem
3226 4876 3441 4934 scilicet

1856 4945 2001 5017 Petri
2030 4946 2324 5017 Egyptum
2352 4947 2647 5015 separatim
2674 4945 3136 5012 communicasse,
3160 4957 3217 5002 et
3240 4950 3437 5003 Orieno

1858 5016 2078 5070 talesab
2113 5016 2305 5088 eorum
2341 5018 2731 5088 communione
2770 5018 3078 5088 disjunctos
3113 5018 3304 5075 fuisse.
3332 5019 3435 5073 l’e-

1863 5095 1947 5139 tro
2006 5088 2153 5159 enim
2204 5087 2576 5159 Alexandrino
2628 5090 2894 5159 successit
2952 5090 3305 5153 Athanasius,
3342 5090 3437 5159 qui

1861 5156 2153 5279 sj'nodicas
2202 5158 2426 5225 scripsit
2452 5157 2519 5210 ad
2551 5158 2854 5213 Palladium
2884 5160 3205 5229 episcopum
3243 5156 3438 5214 Antio—

1861 5242 1891 5279 e
1913 5228 2261 5279 inmeiusuue
2290 5228 2666 5279 communioni
2686 5230 2929 5279 sociatus
2951 5228 3076 5279 fuit.
3098 5241 3155 5279 ut
3181 5233 3438 5279 superius

1861 5228 2261 5300 chizc.ejusque
2290 5228 2666 5300 communioni
2686 5230 2929 5300 s_ociatus
2951 5228 3155 5292 fuit,’ut
3181 5233 3439 5300 superius

1860 5297 2146 5352 observavi
2198 5313 2265 5351 ex
2319 5298 2552 5369 Evagrio
2600 5307 2656 5353 et
2702 5298 2961 5355 Liberato
2988 5304 3023 5355 ‘.
3058 5297 3271 5355 Rursus
3302 5317 3430 5356 vero

1638 5430 1999 5487 VAlllORUM
2012 5474 2025 5489 .

250 5530 319 5599 (ὁ)
371 5528 738 5594 Ἐκεέόληκε
788 5528 1123 5597 Εὑφήμιον.
1164 5528 1535 5599 Euphemium
1570 5528 1744 5597 episc.

181 5593 239 5651 C.
257 5593 327 5655 '1’.
359 5601 530 5667 ,ΐοιξιο
582 5593 658 5653 ου
702 5593 1009 5669 Anastasio
1036 5600 1167 5669 imp.
1209 5593 1529 5654 accusatum
1582 5593 1748 5669 atque

184 5669 514 5732 damnatum,
549 5670 602 5723 in
666 5670 919 5724 exsilium
982 5668 1208 5724 ductum
1259 5685 1401 5734 esse,
1436 5679 1490 5723 et
1536 5669 1588 5723 in
1629 5668 1751 5738 ejus

185 5740 353 5795 locum
401 5741 784 5796 Macedonium
836 5740 1193 5811 subrogatum
1238 5755 1383 5794 anno
1441 5740 1573 5794 Chr.
1623 5741 1749 5804 496,

183 5812 366 5865 scribit
393 5813 591 5884 l'agius
613 5812 681 5866 ad
712 5826 843 5866 ann.
886 5810 1094 5875 495,n.
1125 5812 1179 5865 5.
1208 5811 1326 5881 Ipse
1353 5820 1537 5867 autem
1570 5810 1749 5868 Macc-

1855 5530 2055 5584 donius
2089 5530 2159 5584 ab
2205 5530 2403 5585 eodem
2445 5530 2576 5601 imp.
2613 5547 2808 5601 pu.sus
2836 5538 2920 5587 est
2961 5548 3106 5586 anno
3147 5532 3272 5586 5H.
3307 5532 3431 5589 Vid.

1857 5602 1997 5655 infra
2031 5618 2150 5671 cap.
2182 5602 2249 5655 ιι
2275 5603 2436 5668 hujus
2462 5603 2559 5656 lib.

1932 5677 1965 5743 ’ν
1989 5673 2063 5726 De
2102 5674 2271 5743 Petro
2301 5673 2492 5743 Moggu
2535 5673 2796 5743 episcopo
2832 5674 3205 5729 Alexandrino
3254 5678 3439 5729 omni-

1862 5758 1934 5797 no
1958 5742 2353 5814 intelligendus
2390 5742 2566 5799 locus.
2613 5742 2865 5801 Schisnia
2902 5747 3050 5801 enim
3095 5747 3165 5801 de
3206 5761 3316 5816 qua
3349 5746 3438 5801 hic
