4096 6470
677 343 821 406 2659

1891 324 2204 389 EVAGRII
2238 319 2725 386 SCHOLASTICI

3793 307 3935 369 2660

682 454 901 513 discissi
926 459 1078 509 sunt.
1106 452 1174 507 Et
1199 448 1530 505 Alexandria
1559 446 1785 518 quidem
1814 452 1873 499 ct
1904 443 2172 515 ASgyptus
2195 456 2259 495 ac

2375 439 2445 500 εἰς
2496 436 2696 499 αὐτοὺς
2739 431 3173 503 ἀπεσχίσθησαν,
3204 426 3589 497 ’Δλεξάνδρειά
3623 442 3685 480 τε
3729 429 3821 479 καὶ
3849 428 3936 477 Δί-

685 546 854 617 Libya
889 544 1033 597 intra
1068 556 1223 597 suam
1266 539 1712 596 communionem
1754 536 2077 609 permansit.
2118 533 2266 589 Reli-

690 652 835 707 quus
865 636 994 691 item
1032 634 1231 690 Oriens
1266 647 1514 689 seorsum
1546 631 1614 684 ab
1638 629 1763 685 aliis
1812 625 2263 691 communicavit,

687 738 978 801 propterea
1006 725 1151 798 quod
1176 724 1555 781 Occidentales
1586 738 1815 791 prorsus
1857 719 2266 774 communicare

688 819 797 876 illis
820 818 1169 879 recusabant,
1199 815 1305 870 nisi
1331 814 1675 877 Nestorium,
1712 812 2013 882 Eutychem
2037 824 2101 862 ac
2136 808 2268 861 Dio-

688 926 906 965 scorum
947 909 1050 963 sub
1082 908 1433 963 anathemate
1465 905 1813 969 damnantes,
1856 904 2080 957 Petrum
2126 916 2271 969 quo-

689 1018 796 1072 que
819 1002 1072 1071 Mongum
1098 1008 1154 1053 et
1182 1000 1440 1053 Acacium
1479 998 1548 1052 iis
1580 997 1901 1066 adiicerent.
1930 994 1987 1047 ln
2018 994 2123 1047 hoc
2165 992 2268 1062 igi-

692 1101 782 1145 tur
810 1106 995 1145 rerum
1023 1098 1166 1144 statu
1193 1105 1319 1143 cum
1362 1095 1550 1143 essent
1584 1088 1752 1140 totius
1794 1085 1948 1139 orbis
1984 1084 2266 1147 Ecclesiae,

690 1181 1020 1253 Eutychiaui
1046 1189 1103 1234 et
1132 1179 1477 1234 Dioscoriani
1502 1178 1567 1231 ad
1605 1177 1863 1246 exiguum
1899 1190 2128 1245 prorsus
2163 1190 2269 1227 nu-

692 1292 904 1329 merum
941 1274 1144 1331 redacti
1178 1283 1327 1327 sunt.
1379 1272 1629 1341 Cumque
1667 1271 1822 1324 brevi
1869 1267 2139 1323 defecturi
2180 1281 2270 1320 es-

692 1376 816 1422 sent
845 1368 918 1420 ita
946 1376 1009 1419 ut
1041 1364 1283 1435 amplius
1309 1364 1363 1417 in
1385 1365 1549 1418 terris
1570 1378 1678 1416 non
1699 1370 2002 1424 exstarent,
2032 1359 2270 1413 Xeuaias

692 1457 936 1527 quidam,
968 1472 1097 1510 vere
1128 1456 1370 1509 nominis
1404 1455 1513 1520 sui,
1546 1453 1599 1509 id
1640 1463 1747 1517 est,
1798 1454 2012 1507 alienus
2043 1468 2070 1505 a
2107 1451 2219 1505 Deo
2255 1470 2269 1507 :

694 1550 881 1603 nescio
915 1566 1026 1618 quo
1056 1549 1309 1611 consilio,
1348 1563 1451 1601 nec
1492 1563 1599 1616 qua
1653 1546 1719 1599 de
1765 1561 1929 1599 causa
1988 1552 2272 1614 susceptas

695 1638 962 1693 adversus
1008 1640 1329 1694 Flavianum
1379 1638 1701 1693 inimicitias
1748 1653 2015 1692 exercens
2068 1655 2080 1691 :
2131 1653 2273 1707 pra!—

696 1740 845 1784 textu
883 1741 1065 1786 tamen
1107 1732 1257 1795 ﬁdei,
1307 1740 1366 1785 ut
1415 1732 1667 1802 plerique
1703 1740 1952 1793 narrant,
2006 1730 2273 1785 adversus

2368 541 2575 595 γυπτος
2603 523 2701 577 καὶ
2744 521 2920 589 Λιϐύη
2961 518 3081 571 καθ’
3130 518 3331 580 ἑαυτάς
3381 516 3740 571 διετέλεσαν·
3778 514 3874 567 καὶ
3908 518 3939 583 ἡ

2366 618 2528 689 λοιπὴ
2560 618 2713 670 πᾶσα
2748 613 3011 684 Ἀνατολὴ
3034 612 3199 666 πάλιν
3228 610 3351 665 καθ’
3383 610 3617 679 ἑαυτὴν,
3650 608 3763 661 τῶν
3790 610 3940 660 Aon-

2366 710 2480 765 κῶν
2512 708 2585 780 μὴ
2607 706 2951 776 ἀνεχομένων
2979 704 3089 776 (46)
3141 702 3321 765 ἄλλως
3348 701 3541 764 αὐταῖς
3587 702 3869 753 κοινωνεῖν
3912 700 3942 767 ἦ

2366 801 2503 871 πρὸς
2533 800 2595 853 τὸ
2623 796 3044 866 ἀναθεματίζειν
3066 794 3362 866 Νεστόριόν
3385 811 3447 846 τε
3470 793 3567 847 καὶ
3590 792 3830 863 Εὐτυχῆ,
3855 792 3945 845 καὶ

2368 892 2684 962 Διόσκορον,
2712 887 3065 957 προστιθέναι
3111 887 3205 939 καὶ
3230 885 3438 956 Πέτρον
3468 883 3563 935 τὸν
3594 881 3819 951 Μογγθν
3855 881 3945 933 καὶ

2368 984 2645 1037 ’Δκάκιον.
2694 982 2785 1033 Ἑν
2829 980 3044 1043 τούτοις
3075 974 3169 1031 οὖν
3196 977 3310 1031 τῶν
3354 976 3460 1031 ἀνά
3490 976 3595 1045 τὴν
3623 973 3947 1041 οἰκουμένην

2369 1075 2547 1130 οὐσῶν
2575 1073 2955 1143 Ἐκκλησιῶν,
3000 1071 3051 1124 οἱ
3099 1072 3314 1141 γνήσιοι
3361 1068 3471 1121 τῶν
3516 1066 3630 1120 ἀπὸ
3658 1064 3948 1133 Διοσκόρου

2376 1171 2468 1223 καὶ
2490 1166 2766 1237 Εὕτυχοῦς
2795 1167 2874 1228 εἰς
2906 1164 3087 1232 πάντη
3125 1162 3410 1233 ἐλάχιστον
3460 1160 3834 1230 περιέστησαν
3864 1157 3951 1207 τὸν

2375 1261 2628 1332 ἀριθμόν.
2678 1260 2785 1313 Καὶ
2820 1257 3122 1328 μελλόντων
3164 1256 3290 1307 ὅσον
3320 1253 3535 1307 οὐδέπω
3566 1252 3813 1304 ἐκλιπεῖν
3845 1248 3951 1301 ἀπὸ

2372 1357 2470 1424 τῆς
2503 1358 2627 1425 γῆς,
2666 1354 2806 1406 ὥστε
2840 1353 2913 1422 μὴ
2953 1351 3223 1421 ὑπάρχειν
3252 1348 3470 1411 αὐτοὺς,
3509 1347 3745 1408 Ξεναῖας
3775 1342 3887 1413 (s7)
3928 1344 3951 1394 ὁ

2373 1447 2465 1500 τοῦ
2494 1446 2628 1499 Θεοῦ
2681 1445 2833 1511 ξένος
2864 1442 3082 1513 άληθῶς
3105 1483 3119 1504 ,
3152 1440 3253 1493 οὐκ
3282 1439 3504 1509 οἴδαμεν
3529 1437 3584 1490 τί
3626 1434 3879 1499 σκοπῶν,
3919 1434 3949 1499 ἢ

2375 1538 2531 1591 ποίαν
2561 1538 2759 1608 ἔχθραν
2790 1537 2927 1606 πρὸς
2950 1532 3248 1587 Φλαὸιανδν
3292 1530 3555 1593 ἐκδικῶν,
3590 1526 3867 1599 προφάσει
3900 1525 3955 1577 δὲ

2376 1629 2475 1698 τῆς
2505 1629 2763 1691 πίστεως,
2799 1628 2874 1689 ὡς
2895 1628 2943 1678 oi
2980 1623 3166 1676 πολλοῖ⁵
3196 1620 3531 1693 διηγοῦνται,
3556 1622 3731 1673 κινεῖν
3766 1616 3811 1647 ⁷⁸
3859 1614 3954 1685 μὲν

2376 1722 2514 1792 πρὸς
2548 1720 2709 1773 αὐτὸν
2737 1719 2830 1772 καί
2852 1718 3159 1772 διαϐάλλειν
3196 1716 3425 1786 ἄρχεται
3454 1714 3533 1779 ὼς
3564 1711 3952 1780 Νεστοριανόν.

694 1836 822 1876 eum
866 1824 1224 1886 commoveri,
1276 1838 1516 1892 eumque
1572 1833 1834 1892 tanquam
1880 1822 2269 1876 Nestorianum

2377 1789 2617 1866 ’ἐκείνου
2651 1813 2707 1865 δὲ
2736 1811 3033 1882 Νεστὸριον
3059 1810 3155 1863 σὺν
3186 1808 3264 1878 τῷ
3292 1808 3602 1878 φρονήματι
3622 1802 3956 1873 ἀναθεματί-

699 1913 1031 1968 calumniari
1074 1914 1260 1983 ccepit.
1296 1912 1406 1968 Sed
1455 1929 1579 1967 cum
1612 1913 1705 1968 ille
1748 1914 2062 1967 Nestorium
2108 1913 2273 1967 simul

697 2002 927 2071 ejusque
992 2002 1309 2072 opinionem
1372 2002 1475 2056 sub
1533 2003 1882 2056 anathemate
1936 2001 2269 2067 damnasset,

698 2093 959 2157 Xenaias,
978 2093 1171 2147 relicto
1198 2093 1474 2157 Nestorio,
1507 2093 1575 2146 ad
1619 2094 1943 2147 Dioscorum
1972 2101 2275 2163 transgres-

700 2202 794 2239 sus
812 2192 918 2247 est,
938 2193 995 2237 et
1016 2185 1083 2237 ad
1113 2183 1464 2238 Theodorum
1491 2199 1554 2238 ac
1578 2181 1997 2245 Thcodoritum,
2028 2182 2270 2245 etlbam,

698 2291 765 2330 ac
785 2274 1009 2347 Cyrum,
1042 2284 1097 2329 et
1142 2274 1547 2338 Eleutherium,
1595 2289 1659 2327 ac
1687 2274 1975 2336 Joannem,
2028 2272 2275 2341 aliosque

701 2366 889 2420 nescio
914 2382 1056 2435 quos
1081 2380 1184 2419 nec
1207 2366 1353 2419 unde
1376 2366 1639 2420 collectos
1670 2382 1683 2419 :
1712 2381 1781 2420 ex
1809 2364 2014 2434 quibus
2049 2364 2276 2434 quidam

700 2457 941 2513 Nestorii
977 2458 1175 2528 dogma
1230 2473 1287 2511 re
1339 2472 1469 2511 vera
1517 2456 1710 2512 sectati
1757 2456 2012 2523 fuerant;
2050 2456 2276 2526 quidam

702 2562 835 2602 vero
859 2562 985 2603 cum
1020 2547 1075 2601 in
1103 2548 1475 2617 suspicionem
1502 2548 1620 2617 ejus
1650 2547 1729 2601 rei
1758 2548 2062 2611 venissent,
2087 2558 2277 2617 postea

703 2639 848 2693 idem
899 2640 1095 2711 dogma
1138 2640 1243 2694 sub
1274 2640 1622 2694 anathemate
1665 2639 2083 2705 damnaverant,
2128 2648 2181 2693 et
2224 2641 2278 2694 in

704 2732 963 2787 Ecclesiae
993 2731 1382 2786 communione
1421 2741 1728 2785 extremum
1772 2731 1915 2785 diem
1946 2732 2275 2785 clauserant.

704 2824 836 2887 Hos,
888 2822 1088 2892 inquit,
1127 2838 1321 2877 omnes
1349 2822 1659 2877 Nestoriani
1684 2821 1954 2892 dogmatis
1979 2832 2281 2876 assertores

704 2914 809 2969 nisi
845 2915 1418 2979 anathematizaveris,
1460 2914 1824 2969 Nestorianus
1869 2929 1953 2979 es,
2009 2913 2139 2968 licet
2170 2913 2281 2967 Ne-

704 3005 938 3058 storium
970 3003 1171 3058 millies
1198 3018 1325 3059 cum
1346 3004 1601 3058 doctrina
1626 3003 1800 3073 ipsius
1824 3002 2276 3057 anathematizes.

2375 1922 2589 1967 σαντος.
2645 1902 2930 1973 μετεϐαινε
2977 1901 3138 1955 πάλιν
3173 1899 3231 1964 ἐξ
3263 1900 3475 1953 ἐκείνου
3528 1896 3620 1949 ἐπὶ
3662 1895 3956 1964 Διόσκορον

2375 1997 2470 2050 καὶ
2502 1994 2774 2063 Θεόδωρον
2812 1992 2924 2065 (48)
2954 1994 3049 2047 καὶ
3094 1990 3427 2061 Θεοδὼριτον
3448 2032 3463 2057 ,
3494 1990 3591 2043 καὶ
3617 1987 3773 2042 Ἴδαν
3793 2024 3811 2051 ,
3863 1985 3957 2037 καὶ

2374 2090 2577 2157 Κῦρον,
2608 2088 2701 2139 καὶ
2720 2084 3060 2155 Ἐλευθέριον
3091 2083 3203 2154 (69)
3226 2123 3239 2146 ,
3270 2084 3365 2136 καὶ
3393 2082 3653 2150 Ἰωάννην
3678 2121 3694 2147 ,
3728 2078 3823 2133 καὶ
3858 2076 3957 2129 οὐκ

2379 2179 2535 2248 ῐσμεν
2565 2177 2820 2239 οὕστινας
2848 2176 2943 2229 καὶ
2995 2174 3119 2228 ὅθεν
3154 2173 3547 2244 συλλεξάμενος
3579 2191 3596 2207 ο
3626 2168 3701 2228 ὧν
3731 2176 3783 2229 οἱ
3815 2175 3915 2245 μὲν
3938 2218 3952 2241 ,

2374 2269 2443 2321 τὰ
2476 2268 2767 2338 Νεστοριου
2813 2266 3031 2337 άληθῶς
3061 2266 3435 2337 ἐπρέσϐευσαν
3463 2279 3477 2292 ·
3514 2266 3562 2318 oi
3584 2266 3671 2329 δὲ,
3728 2267 3955 2335 6mm-

2378 2358 2559 2420 θέντες
2583 2358 3002 2429 ἀνεθεμάτισαν,
3026 2356 3122 2410 καὶ
3143 2358 3201 2409 ὲν
3220 2359 3288 2426 τῇ
3306 2355 3562 2428 κοινωνίᾳ
3590 2356 3689 2424 τῆς
3722 2356 3955 2426 Ἐκκλη-

2382 2452 2501 2515 σίας
2530 2452 2909 2521 κεκοίμηνται.
2961 2449 3199 2513 Τούτους
3244 2450 3453 2514 πάντας
3493 2451 3564 2504 τά
3615 2451 3955 2519 Νεστορίου,

2380 2544 2532 2612 φησι,
2561 2542 2863 2612 νοήσαντας
2885 2579 2901 2606 ,
2937 2541 2985 2594 εῑ
3014 2541 3087 2612 μὴ
3122 2540 3609 2611 άναθεματίσειας,
3644 2542 3715 2595 τὰ
3758 2542 3955 2596 Nem-

2382 2634 2497 2705 ρίου
2529 2635 2765 2702 φρονεῖς,
2798 2632 2903 2686 κᾶν
2926 2631 3185 2703 μυριάκις
3206 2631 3370 2685 αὐτὸν
3399 2632 3538 2700 μετὰ
3564 2631 3660 2684 τοῦ
3681 2634 3959 2703 φρονήμα-

2383 2742 2471 2789 τος
2505 2722 2929 2796 άναθεματίζῃς.
2958 2724 3225 2776 Ἀνεκὶνει
3266 2723 3322 2776 δὲ
3359 2724 3448 2777 διὰ
3486 2724 3836 2794 γραμμάτων
3866 2723 3956 2775 καὶ

2381 2816 2507 2880 τοὺς
2524 2816 2632 2867 ἀπὸ
2664 2817 2958 2886 Διοσκόρου
2984 2815 3077 2869 καὶ
3099 2815 3372 2884 Εὑτυχοῦς
3406 2814 3744 2886 συνηγόρους
3762 2814 3957 2867 πείθων

2383 2907 2719 2977 συνάρασθαι
2755 2908 2851 2978 μὲν
2880 2906 3029 2978 αθ·τῴ
3075 2906 3217 2961 κατὰ
3253 2907 3558 2961 Φλαόιανοῦ
3586 2945 3601 2971 ,
3647 2906 3723 2977 μὴ
3780 2906 3958 2975 μέντοι

2381 3002 2829 3073 ἀναθεματισμδν
2868 3005 3123 3056 ἀπαιτεῖν
3177 3004 3275 3071 τῆς
3327 3002 3555 3054 συνόδου
3584 3039 3600 3065 ,
3663 3000 3802 3054 ἀλλὰ
3856 2998 3959 3051 τῶν

706 3095 939 3165 Scriptis
968 3094 1138 3149 etiam
1172 3094 1375 3149 litteris
1398 3094 1467 3148 ad
1496 3093 1741 3149 fautores
1782 3094 2033 3149 Dioscori
2072 3101 2129 3149 et
2171 3094 2273 3147 Eu-

2389 3098 2802 3166 προειρημένων
2834 3094 3162 3166 προσώπων.
3195 3092 3302 3146 Τοῦ
3318 3093 3376 3147 δὲ
3405 3094 3708 3147 ἐπισκόπου
3728 3090 3956 3144 Φλαὸισ-

707 3184 905 3255 tychis,
926 3199 1022 3237 eos
1045 3184 1367 3247 concitavit,
1399 3182 1641 3237 suadens
1668 3183 1771 3247 eis,
1795 3194 1857 3238 ut
1886 3183 1991 3238 sibi
2014 3182 2273 3239 adversus

2387 3186 2479 3242 νοῦ
2499 3186 2712 3251 τούτοις
2738 3188 2830 3241 ἐπὶ
2863 3188 2999 3241 πολὺ
3028 3188 3429 3248 ὰντιτεῑναντος
3449 3225 3465 3250 ,
3501 3186 3708 3254 ἑτέρων
3732 3200 3792 3237 τε
3827 3182 3960 3253 μετὰ

708 3276 1031 3330 Flavianum
1089 3274 1297 3329 auxilio
1350 3283 1558 3339 essent,
1604 3274 2000 3345 exigerentque
2063 3274 2134 3329 ab
2197 3289 2287 3339 eo,

708 3386 819 3424 non
847 3368 1074 3439 quidem
1098 3367 1349 3438 utipsam
1366 3367 1660 3438 synodum,
1678 3368 1775 3423 sed
1810 3378 1869 3424 ut
1896 3384 1993 3424 eas
2024 3368 2291 3424 duntaxat

2385 3278 2607 3332 Ξεναῖου
2642 3278 3109 3348 συμπλεκομένων
3130 3275 3255 3333 κατ’
3283 3275 3452 3331 αὑτοῦ
3476 3316 3493 3339 ,
3525 3275 3834 3328 Ἐλευσῐνου
3867 3273 3962 3343 μὲν

2387 3370 2693 3425 ὶπισκόπου
2720 3370 2835 3441 (50)
2866 3371 3013 3433 τινὸς
3055 3369 3157 3441 τῆς
3205 3368 3471 3441 δευτέρας
3527 3366 3958 3428 Καππαδοκίας.

2015 3508 2254 3565 ἾΑΒΙᾹΞ
2293 3508 2699 3569 LECTIONES.

782 3604 829 3635 ⁷⁸
862 3604 1023 3655 κινεῖ.

1917 3694 2190 3751 VALESII
2222 3695 2775 3754 ANNOTATIONES.

711 3788 759 3843 si
788 3788 1013 3843 Petrum
1041 3786 1445 3842 Antiochcuum
1479 3788 1586 3842 hoc
1610 3787 1733 3842 loco
1758 3787 2034 3858 designari
2073 3790 2284 3844 dixeri-

713 3874 857 3918 mus,
896 3858 1089 3912 eadem
1118 3858 1227 3911 erit
1252 3858 1563 3913 dillicultas.
1590 3858 1791 3911 Verum
1822 3859 2145 3928 responderi
2191 3875 2289 3928 po-

715 3939 823 4010 test
854 3929 1157 4010 monachos
1189 3928 1280 4010 hic
1317 3930 1464 4010 loqui
1488 3944 1600 4010 non
1637 3928 1705 3982 de
1739 3929 1872 4009 ipsis
1911 3930 2254 4010 patriarchis,

713 3999 808 4053 sed
838 3998 905 4052 de
934 3999 1143 4068 integra
1177 3998 1401 4054 dioecesi
1419 4014 1451 4059 .‘
1474 4009 1531 4054 et
1550 3998 1618 4052 de
1638 3998 1870 4053 maxima
1893 4011 2045 4068 parte
2073 4002 2291 4068 episco-

713 4066 1108 4138 porum.Certe
1131 4078 1253 4137 post
1272 4080 1503 4124 mortem
1529 4068 1674 4122 Petri
1701 4066 2075 4131 Alexandrini,
2100 4066 2291 4125 Orien-

716 4139 853 4192 tales
895 4138 1184 4207 episcopos
1236 4140 1682 4195 communionem
1740 4138 1999 4193 Ecclesiae
2030 4140 2290 4196 Romana:

714 4208 1013 4331 fxlpetiisse
1037 4218 1267 4277 apparet
1281 4225 1346 4264 ex
1369 4210 1604 4281 epistola
1618 4209 1818 4265 Gelasii
1842 4226 1992 4281 papae
2012 4210 2079 4264 ad
2090 4209 2289 4266 Orien-

743 4294 773 4331 a
798 4294 877 4331 es.

719 4289 877 4333 tales.

790 4348 899 4417 (i6)
960 4348 1082 4404 Τῶν
1124 4347 1391 4404 Δυτικῶν
1424 4349 1825 4419 ἀνεχομένων.
1886 4349 2152 4404 Addenda
2206 4360 2289 4406 est

717 4420 916 4490 procul,
958 4420 1129 4475 dubio
1182 4421 1452 4490 particula
1497 4421 1779 4490 negativa,
1809 4422 1913 4475 hoc
1950 4420 2135 4483 modo,
2178 4422 2288 4473 τῶν

718 4489 961 4561 Δυτικῴν
1014 4490 1089 4560 μὴ
1139 4489 1517 4559 ἀνεχομένων,
1567 4489 2036 4561 quemadmodum
2086 4492 2289 4561 legitur

717 4558 862 4628 apud
893 4558 1121 4629 Niceph.
1144 4570 1200 4615 et
1227 4562 1281 4612 in
1310 4558 1503 4615 codice
1527 4558 1857 4616 Telleriano.

790 4629 904 4701 (47)
933 4630 1359 4701 Ξεναΐιις.Ει·οι
1389 4630 1476 4684 hic
1492 4632 1785 4701 episcopus
1818 4630 2285 4700 Hicrapolitanus,

718 4714 749 4751 a
776 4699 940 4754 Petro
978 4701 1203 4754 Fullone
1231 4699 1540 4764 ordinatus,
1572 4699 1817 4770 qui'alio
1847 4699 2069 4755 nomine
2110 4702 2293 4755 Philo-

2319 4600 2365 4657 D

2388 3788 2927 3856 Constantinopolim
2973 3787 3242 3858 synodum
3294 3792 3592 3858 congregat
3627 3800 3641 3834 :
3676 3791 3733 3836 et
3780 3790 3960 3834 contra

2390 3862 2689 3915 Diodorum
2725 3854 3049 3913 Tarsensem
3072 3869 3127 3913 et
3152 3854 3503 3912 Theodorum
3525 3854 3959 3920 Mopsuestenum

2390 3947 2515 3985 cum
2550 3930 2793 4002 scriptis,
2828 3929 3225 4002 'l‘lteodoritum
3245 3925 3395 3997 Cyri,
3421 3924 3572 4002 Ibam
3601 3923 3959 4002 Edesseuum,

2392 3994 2691 4063 Andream,
2730 3998 3087 4071 Eucherium,
3122 3994 3343 4071 Cyrum
3371 4005 3429 4071 et
3453 3994 3724 4071 Joannem
3758 3994 3962 4071 episco-

2435 4086 2516 4134 os,
2540 4061 2879 4137 caeterosque
2911 4070 3045 4123 alios
3074 4061 3185 4139 qui'
3207 4068 3261 4121 in
3284 4065 3679 4139 Christoduas
3711 4061 3963 4139 praedica-

2435 4087 2516 4134 OS,
2540 4087 2879 4137 caeterosque
2911 4087 3045 4123 auos
3074 4087 3169 4139 qm
3207 4087 3261 4121 111
3284 4087 3508 4122 ωπιδιυ
3535 4087 3679 4118 uuas
3711 4087 3961 4132 prxumu-

2393 4087 2527 4195 ἕλοι
2550 4152 2798 4202 naturas,
2829 4139 3077 4209 duasque
3103 4139 3327 4209 formas,
3355 4144 3413 4191 et
3438 4136 3532 4204 qui
3564 4149 3677 4189 non
3702 4130 3961 4209 confiten-

2393 4221 2484 4265 tur
2513 4226 2682 4265 unum
2721 4210 2789 4264 de
2819 4201 3088 4264 Trinitate
3121 4201 3472 4269 cruciﬁxum,
3498 4221 3609 4260 una
3631 4218 3759 4259 cum
3791 4201 3962 4255 Leone

2390 4281 2652 4350 episc0po
2680 4281 2839 4336 Rom.
2861 4290 2918 4335 et
2936 4281 3058 4349 ejus
3078 4288 3249 4341 tomo,
3274 4288 3441 4350 atque
3469 4273 3732 4350 Chalced.
3764 4270 3961 4350 synodo

2395 4331 2608 4405 ista;
2628 4331 2926 4404 iamiam
2944 4331 3255 4419 sagitta;
3286 4331 3443 4403 td'em
3468 4331 3762 4403 conﬁrmat
3792 4331 3961 4395 Theo-

2394 4422 2681 4505 phanesin
2717 4419 2997 4505 Chronico,
3029 4436 3151 4544 pag:
3188 4420 3313 4473 151.

2470 4492 2580 4544 (49)
2619 4492 2725 4544 Ital
2754 4492 2950 4544 Λύρον
2970 4493 3067 4543 καὶ
3152 4488 3313 4544 ὑθέοι

2470 4492 2580 4561 (49)
2619 4492 2725 4545 Καὶ
2754 4492 2950 4561 Κύβον
2970 4486 3067 4543 κάλ
3098 4486 3407 4561 Εὑθέριον.
3444 4488 3634 4561 Victor
3668 4486 3960 4561 Tunonen-

2397 4556 2572 4617 sis'in'
2602 4561 2856 4618 Chronico
2895 4560 3125 4627 Quirum
3149 4569 3205 4615 et
3228 4560 3565 4615 Eucherium
3594 4556 3874 4617 nominat,
3912 4562 3962 4607 ut

2395 4648 2562 4707 supra
2594 4632 2854 4707 vidimus,
2876 4633 2966 4707 ubi
2990 4632 3192 4707 Quirus
3213 4630 3441 4707 ponitur
3464 4628 3961 4707 proCyroaquem-

2393 4698 2704 4776 admodum
2754 4702 2810 4757 in
2853 4703 3106 4776 epistolis
3134 4702 3191 4776 Β.
3214 4698 3501 4776 Ambrosii
3542 4698 3845 4776 Quiuegius
3873 4710 3963 4776 pro

721 4785 919 4855 sepus‘
945 4771 1366 4855 dicebatiir.nDe
1401 4771 1506 4824 hoc
1552 4767 1817 4855 pestifero
1856 4772 2078 4855 homine
2124 4773 2293 4827 multa
2390 4773 2850 4855 Ci.negio_.‘_Por_ro
2880 4767 3110 4853 Niceph.
3146 4773 3252 4826 hoc
3281 4770 3405 4826 loco
3427 4786 3527 4840 pro
3551 4768 3819 4823 Eutherio
3847 4767 3962 4819 sub-

720 4840 927 4894 habent
957 4841 1231 4910 Theoph.,
1252 4840 1515 4903 Cedren.,
1550 4840 1781 4910 Niceph.
1810 4852 1867 4897 et
1893 4842 2007 4897 alii.

794 4910 903 4979 (48)
946 4911 1077 4964 Ἐπὶ
1114 4915 1442 4979 Διόσκορογ
1474 4911 1573 4964 ναι
1606 4912 1927 4979 Θεόδωρον.
1949 4912 2067 4968 Νοη
2090 4911 2289 4966 dubito

720 4981 855 5059 quin
887 4977 1137 5063 Dioscori
1167 4996 1367 5062 nomen
1388 4977 1697 5063 .hoculoco
1728 4977 2026 5063 perperam.
2054 4985 2293 5051 positum

722 5052 797 5104 sit
842 5066 948 5121 pro
1004 5052 1228 5106 Diodori
1255 5052 1497 5106 nomine.
1525 5050 1911 5120 Neque’enim
1970 5050 2289 5107 Dioscorum

722 5123 1058 5192 anathemati
1084 5121 1280 5192 subjici
1306 5122 1529 5176 volebat
1557 5121 1793 5176 Xenaias
1820 5124 2078 5176 inimicus
2128 5124 2293 5177 Chal-

722 5191 1051 5263 cedonensis
1104 5191 1297 5263 synodi
1330 5209 1343 5245 :
1374 5192 1468 5247 sed
1534 5192 1833 5263 Diodorum
1865 5192 2187 5247 Tarsensem
2237 5202 2293 5247 et

724 5263 989 5331 reliquos.
1015 5262 1092 5316 Ita
1124 5262 1273 5317 ecrte
1293 5263 1481 5316 Victor
1516 5262 1866 5316 Tunonensis
1910 5265 1964 5315 in
2008 5264 2287 5317 Chronico.

731 5348 750 5381 ι
780 5331 990 5386 Joanne
1027 5333 1206 5387 Gibbo
1230 5347 1346 5386 cos.
1371 5332 1690 5385 Anastasius
1731 5332 1864 5401 imp.
1892 5332 2150 5387 Flaviano
2178 5334 2291 5387 Au-

727 5402 1006 5468 tiocheno,
1051 5411 1107 5457 et
1142 5402 1447 5457 Philoxeno
1504 5401 1920 5472 Hierapolitano
1964 5405 2293 5473 praesulibus

2393 4843 2577 4898 stituit
2610 4843 3017 4898 Eleutherium.

2464 4914 2574 4982 (50)
2618 4914 2978 4967 Ἐλευσίνου
2999 4913 3115 4981 μὲν
3135 4913 3493 4967 ἐπισκόπου.
3527 4910 3705 4980 Hujus
3744 4906 3961 4982 Eleusi-

2392 4984 2448 5038 ni
2479 4983 2732 5038 meminit
2758 4982 3047 5037 Liberatus
3072 4985 3127 5037 in
3159 4985 3458 5039 Breviario.
3480 4997 3605 5051 cap.
3630 4982 3715 5043 19,
3742 4981 3827 5034 his
3856 4994 3965 5030 ver-

2395 5053 2502 5116 bis,
2534 5054 2600 5108 de
2658 5054 2866 5108 Severo
2898 5053 3169 5122 loquens:
3206 5054 3290 5108 Ila
3336 5063 3393 5106 ut
3424 5054 3485 5107 ob
3529 5055 3625 5106 hoc
3656 5053 3897 5105 scriberet
3922 5058 3964 5099 et

2393 5126 2496 5194 ipsi
2523 5123 2799 5187 Flaviano,
2840 5125 2972 5177 sicut
2992 5126 3155 5194 ipsius
3179 5124 3514 5194 signiﬁcatur
3549 5122 3805 5193 epistolis,
3836 5132 3881 5194 et
3904 5124 3963 5171 ad

2452 5211 2677 5248 aronam
2736 5194 3002 5257 lectorem,
3058 5204 3107 5248 et
3167 5193 3480 5249 Eleusinum
3539 5204 3589 5247 et
3642 5193 3964 5248 Euthreziust

2395 5280 2423 5317 ε
2462 5267 2681 5335 iscopos,
2720 5275 2767 5317 et
2791 5266 2860 5318 ad
2890 5264 3276 5319 OEcumeuium
3307 5265 3684 5319 scholasticam
3731 5263 3961 5317 Isauricr.

2394 5282 2655 5389 E’iusdem
2686 5336 2935 5389 meminit
2967 5336 3333 5389 'l‘heonhanes
3359 5337 3413 5389 in
3448 5335 3727 5389 Chronico.
3774 5349 3828 5389 ι).
3881 5329 3961 5384 ιεε

2437 5352 2455 5404 ,1

2465 5329 2655 5389 usdem
2686 5336 2935 5389 meminit
2967 5336 3333 5405 Theophanes
3359 5337 3413 5389 in
3448 5335 3727 5395 Chronico,
3774 5349 3828 5402 p.
3878 5329 3965 5405 μεθ-8

2395 5403 2658 5459 editionis
2690 5406 2874 5477 Regia:
2904 5424 2919 5473 ;
2952 5408 3111 5477 cujus
3125 5403 3308 5462 verba
3331 5407 3660 5461 Anastasius
3681 5403 3968 5459 Bibliothe-

2160 5513 2549 5570 VARIORUM.

724 5610 972 5683 loquitur
992 5608 1287 5683 Evagrius,
1306 5607 1374 5663 de
1393 5606 2218 5683 separa_tio_ne_Dioscor_itarum,
2240 5618 2301 5663 ut

726 5678 824 5737 eo;
870 5691 1031 5736 vocat
1062 5678 1507 5758 _L'iberatus,-ab
1555 5678 1802 5758 Ecclesia
1816 5678 2294 5758 intelligendum:

728 5767 852 5827 quae
901 5751 1105 5809 mansit
1157 5765 1331 5823 usque
1361 5749 1430 5806 ad
1481 5758 1733 5820 tempora
1765 5748 2296 5820 Dioscori’junioris,

2446 5611 2503 5683 ui
2554 5625 2703 5683 anno
2753 5612 2860 5666 517
2891 5612 3076 5668 sedem
3129 5611 3555 5667 Alexandrinam
3610 5610 3841 5683 adeptus
3868 5622 3965 5667 est.

2405 5680 2543 5734 Vide
2594 5682 2834 5739 Liberali
2883 5683 3219 5739 Breviarium
3255 5725 3270 5751 ,
3329 5684 3400 5738 ad
3462 5683 3653 5752 linem,
3713 5680 3833 5755 cap.
3886 5685 3964 5737 ιδ.

2405 5751 2493 5806 W.
2529 5751 2747 5806 Low'm.

2480 5789 2493 5805 ο
2529 5767 2747 5807 LOW'fﬂ.
