4096 6468
218 344 357 410 9.661

1143 348 1530 411 HISTORIA!
1567 348 2167 411 ECGLESIASTICE
2206 348 2440 409 LIBER
2478 348 2595 409 III.

3361 349 3503 414 2662

222 459 421 515 Νικίου
439 456 500 511 δὲ
518 456 843 521 Λαοδικείας
871 458 969 529 τῆς
989 456 1212 527 Συρίας,
1246 462 1341 513 κα)⁹
1370 459 1547 515 ἄλλων
1572 459 1814 514 ἄλλοθεν·

1922 473 2185 528 personas
2238 475 2377 529 quas
2421 476 2588 530 supra
2636 459 2942 524 nominavi,
2978 459 3083 515 sub
3142 460 3502 517 anathemate

221 546 305 607 ὧν
330 550 429 614 τὰς
455 549 639 612 αἰτίας
669 549 767 619 τῆς
800 549 934 621 πρὸς
956 550 1254 603 Φλαόιανδν
1291 552 1664 622 μικροψυχίας
1692 552 1813 605 ἑτε-

221 663 362 718 ρων,
393 643 510 697 ἀλλ’
534 642 633 712 οὐχ
664 640 822 713 ἡμῶν
854 642 1254 712 διηγήσασθαι·
1280 644 1434 707 τέλος
1458 644 1688 714 νομίσας
1726 645 1815 700 διὰ

221 735 453 796 τούτους
478 732 789 804 εἰρηνεύειν
828 732 939 802 (51)
975 733 1172 795 αὐτοὺς
1194 774 1209 797 ,
1243 728 1386 798 εἶξεν
1418 734 1598 787 αὐτῶν
1628 738 1692 805 τῇ
1727 752 1817 804 φι-

225 821 491 894 Λονεικίᾳ.
523 822 637 875 Καὶ
666 821 961 892 ἐγγράφως
986 821 1055 875 τὰ
1084 821 1354 891 πρόσωπα
1380 821 1813 891 ἁναθεματίσας,

222 914 526 967 ἀπέστειλε
548 913 626 984 τῷ
654 912 867 983 βασιλεῖ
891 926 905 941 ·
932 912 1028 965 καὶ
1054 912 1215 965 αὑτὸν
1243 915 1351 983 γὰρ
1379 914 1499 966 κατ’
1528 913 1695 969 αὑτοῦ
1722 933 1817 967 κε-

223 1004 520 1074 κινήκασιν
574 1004 649 1067 ὡς
698 1004 769 1057 τὰ
813 1002 1112 1073 Νεστορίου
1173 1004 1596 1076 πρεσϐεύοντος.
1665 1004 1817 1074 Μηδὲ

222 1096 413 1164 τούτῳ
437 1089 529 1148 οὖν
561 1095 856 1166 ἀρκεσθεὶς
896 1096 923 1147 ό
953 1092 1180 1158 Ξεναῖας
1205 1135 1221 1160 ,
1253 1098 1352 1165 τῆς
1393 1096 1612 1150 συνόδου
1642 1096 1818 1165 αὐτῆς

222 1187 393 1240 πάλιν
424 1186 873 1255 ἀναθεματισμὺν
904 1224 918 1245 .
954 1185 1049 1238 καὶ
1077 1186 1188 1239 τῶν
1217 1186 1310 1240 δύο
1358 1187 1550 1255 φύσεις
1579 1189 1672 1241 ἐπὶ
1720 1186 1815 1242 τοῦ

222 1279 435 1349 Κυρίου
463 1278 802 1349 εἰρηκότων,
849 1280 950 1349 τῆς
991 1280 1195 1348 σαρκὸς
1238 1280 1333 1331 καὶ
1383 1280 1480 1350 τῆς
1517 1280 1771 1351 θεότητος
1797 1324 1812 1348 ,

222 1370 431 1441 ἀπῄτει
463 1370 552 1423 τὸν
580 1369 906 1424 Φλασιανόν.
939 1372 1031 1441 Μὴ
1066 1371 1478 1434 ὑπακούσαντος
1501 1373 1557 1425 δὲ
1581 1414 1594 1433 .
1623 1373 1816 1444 ὥσπερ

222 1461 599 1533 Νεστοριανοῦ
630 1462 793 1515 πάλιν
822 1463 1143 1535 κατηγόρει.
1180 1463 1397 1517 Πολλῶν
1424 1466 1479 1518 δὲ
1508 1466 1599 1518 ἐπὶ
1639 1466 1817 1537 τούτῳ

222 1552 630 1622 κεκινημένων,
661 1554 755 1607 καὶ
777 1552 871 1606 τοῦ
896 1554 1241 1625 πατριάρχου
1275 1554 1388 1624 (52)
1430 1537 1661 1609 ἔκθεσιν⁸
1688 1557 1816 1625 περὶ

225 1645 467 1708 πίστεως
527 1646 902 1714 πεποιημένου
932 1685 946 1709 ,
991 1646 1050 1698 ὲν
1165 1648 1315 1718 (πρὸς
1365 1647 1683 1719 καθαίρεσιν
1716 1650 1816 1719 μὲν

220 1736 527 1803 Νεστορίου
551 1738 645 1791 καὶ
687 1737 962 1807 Εὐτυχοῦς
990 1740 1091 1809 τὴν
1136 1740 1356 1793 σύνοδον
1386 1742 1639 1811 δέχεσθαι
1668 1742 1816 1813 ὡμο-

1919 553 2229 607 damnaret.
2286 554 2498 619 Quibus
2556 569 2682 608 cum
2731 554 3029 608 Flavianus
3065 554 3359 624 episcopus
3403 554 3503 609 diu

1918 647 2266 715 multumque
2306 646 2621 710 restitisset,
2655 646 2863 716 aliique
2901 662 3096 701 rursus
3122 662 3248 701 cum
3290 646 3503 702 Xenaia

1916 739 2186 795 adversus
2233 738 2388 792 illum
2439 737 2897 805 insurrexissent,
2947 738 3244 793 Eleusinus
3288 739 3505 794 scilicet

1916 832 2142 902 quidam
2179 828 2540 901 Cappadocia:
2565 829 2823 884 secundae
2853 830 3171 899 episcopus,
3204 830 3364 901 363
3404 830 3504 884 Ni-

1916 926 2032 979 cias
2060 921 2344 976 Laodiceae
2372 936 2494 990 quae
2524 930 2610 974 est
2640 920 2697 974 in
2742 918 2919 991 Syria,
2966 929 3022 974 et
3058 936 3124 974 ex
3186 921 3311 975 aliis
3368 920 3505 981 locis

1916 1013 2009 1067 alii
2062 1027 2349 1081 :quorum
2400 1010 2513 1065 odii
2565 1009 2834 1064 adversus
2885 1010 3201 1064 Flavianum
3253 1026 3503 1080 quaenam

1918 1120 2097 1160 causa:
2123 1104 2350 1165 fuerint,
2396 1101 2543 1156 haud
2572 1111 2829 1157 nostrum
2873 1110 2976 1163 est.
3012 1101 3106 1155 sed
3153 1100 3384 1155 aliorum
3412 1118 3507 1156 ex-

1918 1208 2126 1263 ponere
2157 1211 2169 1246 :
2200 1191 2418 1247 tandem
2448 1191 2573 1246 illos
2605 1192 2713 1246 hoc
2743 1192 2892 1245 facto
2936 1191 3228 1261 quieturos
3263 1208 3385 1247 esse
3421 1210 3508 1246 ar-

1919 1283 2179 1347 bitratus,
2201 1281 2366 1335 cessit
2398 1280 2619 1334 illorum
2642 1279 3006 1333 contentioni.
3032 1278 3279 1347 Cumque
3312 1294 3508 1347 supra-

1920 1375 2098 1429 dictas
2132 1389 2399 1444 personas
2432 1372 2639 1442 scripto
2666 1371 3209 1435 anathematizasset,
3254 1371 3507 1426 libellum

1920 1483 2081 1521 suum
2105 1465 2173 1519 ad
2206 1465 2597 1535 imperatorem
2624 1464 2775 1517 misit
2804 1480 2817 1515 :
2844 1480 2969 1516 nam
2996 1471 3052 1516 et
3071 1462 3219 1516 hunc
3241 1462 3510 1517 adversus

1920 1558 2263 1618 Flavianum,
2292 1566 2551 1625 tanquam
2571 1555 2890 1611 Nestoriani
2912 1557 3181 1625 dogmatis
3199 1569 3511 1625 propugna-

1920 1658 2119 1714 torem,
2146 1655 2588 1702 commoverant.
2613 1646 2721 1701 Sed
2754 1662 2937 1715 neque
2981 1646 3085 1700 hac
3132 1662 3190 1700 re
3214 1655 3511 1700 contentus

1920 1742 2179 1802 Xenaias,
2205 1740 2386 1810 exegit
2410 1741 2613 1794 iterum
2656 1755 2684 1793 a
2720 1738 3004 1800 Flaviano.
3039 1746 3101 1791 ut
3129 1747 3187 1791 et
3236 1737 3510 1809 synodum

220 1828 398 1897 λόγει,
424 1830 500 1899 μὴ
543 1830 727 1899 μέντοι
753 1806 843 1892 είς
860 1806 988 1901 θόρον
1014 1806 1108 1883 καὶ
1145 1806 1495 1886 διδασκαλίαν
1536 1806 1773 1897 πίστεως
1794 1875 1810 1900 ,

1924 1831 2121 1900 ipsam,
2156 1839 2211 1885 et
2238 1806 2335 1885 eos
2356 1830 2451 1900 qui
2487 1829 2627 1884 duas
2658 1838 2886 1883 naturas
2913 1829 2969 1882 in
3000 1826 3223 1883 Christo
3244 1806 3513 1898 praedica-

221 1920 392 1975 πάλιν
418 1920 495 1984 ὡς
526 1920 594 1975 τὰ
622 1922 921 1991 Νεστορίου
946 1923 1195 1986 ὑπούλως
1218 1924 1545 1994 φρονοῦντος
1575 1925 1814 1996 ἐπελαμ-

223 2012 476 2077 ϐάνοντο,
517 2016 567 2067 εί
594 2013 675 2091 -μὴ
704 2016 797 2067 καὶ
825 2016 917 2068 τὸν
958 2016 1405 2086 ἁναθεματισμὸν
1438 2017 1504 2069 αὑ
1519 2018 1607 2085 τῆς
1643 2034 1813 2087 προσ-

221 2104 348 2174 θείη
389 2104 491 2174 τῆς
529 2105 768 2171 συνόδου,
796 2106 1019 2160 καὶτῶν
1040 2106 1133 2159 δύο
1156 2110 1347 2177 φύσεις
1372 2110 1465 2161 ἐπὶ
1487 2108 1579 2161 τοῦ
1607 2110 1813 2181 Κυρίου

222 2197 531 2268 εἰρηκότων
563 2198 765 2268 σαρκὸς
804 2199 901 2251 καὶ
947 2198 1223 2271 θεότητος,
1256 2200 1715 2269 Προσυπάγονται
1757 2201 1815 2256 δὲ

222 2288 453 2350 πολλαῖς
483 2287 657 2355 λόγων
686 2287 923 2351 ἀπάταις
954 2289 1048 2342 καὶ
1085 2290 1211 2353 τοὺς
1236 2290 1537 2362 Ἰσαυρίους
1558 2293 1691 2362 (53)’
1720 2295 1815 2345 καὶ

223 2378 558 2447 ποιήσαντες
603 2381 983 2449 γραμματεῖον
1034 2380 1165 2451 περὶ
1208 2380 1451 2445 πίστεως
1478 2423 1493 2448 ,
1550 2384 1608 2435 ὲν
1640 2379 1684 2450 ᾧ
1715 2385 1817 2454 τὴν

223 2470 447 2523 σύνοδον
476 2470 616 2539 μετὰ
637 2470 747 2522 τῶν
776 2470 869 2523 δύο
911 2470 1101 2539 φύσεις
1128 2473 1449 2541 εἰρηκότων,
1480 2474 1514 2543 ἣ
1547 2474 1816 2546 ἰδιότητας

220 2561 765 2631 ἁναθεματίσαντες,
822 2562 1125 2616 Φλασιανοῦ
1176 2566 1278 2632 μὲν
1345 2567 1674 2635 ἀφίστανται
1720 2570 1817 2621 καὶ

222 2654 566 2709 Μακεδονίου
600 2670 614 2683 ο
660 2654 843 2717 ἄλλοις
892 2655 950 2708 δὲ
992 2657 1309 2711 σπένδονται
1339 2658 1690 2728 ύπογράψασι
1742 2658 1817 2729 τῷ

225 2745 621 2817 γραμματείῳ.
652 2746 742 2799 Ἐν
768 2746 979 2810 τούτοις
1026 2747 1236 2801 καὶτὸν
1280 2750 1679 2820 Ἰεροσολύμων
1708 2752 1817 2804 ἀπ-

222 2836 393 2908 ῄτουν
422 2837 699 2910 ἔγγραφον
722 2841 851 2910 περὶ
871 2840 1201 2904 πίστεωςοὸς
1216 2842 1509 2909 ἐκθέμενος
1531 2843 1817 2896 ἀπέστειλε

222 2926 304 2996 τῷ
356 2926 589 2997 βασιλεῖ,
645 2928 713 2980 δι’
748 2929 928 2981 αὐτῶν
973 2929 1083 2983 τῶν
1112 2931 1222 2984 ἀπὸ
1274 2934 1591 3003 Διοσκόρου.
1635 2934 1817 3004 Ὅπερ

222 3018 383 3070 αὐτοὶ
415 3018 514 3087 μὲν
536 3018 907 3089 προφέρουσιν
931 3020 1065 3093 (54),
1087 3022 1536 3093 ἀναθεματισμὸν
1560 3026 1819 3094 περιέχον

222 3109 336 3162 τῶν
363 3108 455 3161 δύο
492 3110 682 3177 φύσεις
714 3112 1036 3181 εἰρηκότων.
1066 3112 1239 3176 Αὐτὸς
1280 3113 1334 3166 δὲ
1362 3115 1389 3165 ό
1429 3114 1820 3185 Ἱεροσολύμων

222 3198 575 3251 νενοθεῦσθαι
603 3200 734 3269 παρ’
762 3200 943 3252 αὐτῶν
964 3200 1466 3272 διαὸεὸαιούμενος,
1508 3204 1638 3259 ἄλλο
1673 3222 1812 3276 προ-

223 3291 386 3361 φέρει
407 3291 532 3361 δίχα
555 3292 802 3345 τοιούτου
829 3293 1303 3367 ἁναθεματισμοῦ.
1337 3297 1449 3350 Καὶ
1487 3298 1547 3350 οὐ
1578 3298 1767 3368 θαῦμα
1793 3314 1809 3330 ⁸

224 3383 324 3435 καὶ
349 3382 458 3452 γὰρ
483 3385 576 3436 καὶ
610 3382 805 3451 λόγους
837 3384 1099 3454 Πατέρων
1132 3386 1398 3451 πολλάκις
1431 3388 1810 3443 νενοθεύκασι·

222 3471 459 3535 πολλοὺς
488 3472 546 3524 δὲ
576 3472 954 3542 Ἀπολινατίου
980 3474 1191 3542 λόγους.
1220 3476 1526 3549 Ἀθανασίῳ
1552 3479 1645 3531 καὶ
1673 3480 1815 3550 Γρη-

222 3567 402 3638 γορίῳ
434 3567 512 3637 τῷ
542 3566 980 3638 Θαυματουργῷ,
1009 3570 1104 3622 καὶ
1134 3568 1341 3639 Ἰουλίῳ
1371 3568 1523 3640 (55),
1568 3571 1657 3625 διὰ
1699 3572 1812 3627 τῶν

221 3660 554 3729 ἐπιγραφῶν
606 3660 1027 3716 ἀνατεθείκασιν
1059 3676 1073 3692 ⁸
1103 3658 1185 3725 οἷς
1232 3662 1471 3733 μάλιστα
1513 3666 1642 3727 τοὺς
1681 3664 1816 3717 πολ-

222 3751 357 3816 λοὺς
388 3753 527 3823 πρὸς
570 3752 671 3817 τὰς
707 3753 845 3817 ιδίας
875 3754 1137 3819 ἀσεϐείας
1194 3756 1633 3831 σφετερίζονται.
1680 3757 1815 3810 Ἀπ-

222 3845 392 3915 ῄτουν
416 3845 473 3896 δὲ
506 3846 601 3897 καὶ
631 3845 966 3899 Μακεδόνων
1006 3846 1283 3917 ἔγγραφον
1317 3851 1446 3919 περὶ
1478 3849 1733 3912 πίστεωςο
1760 3848 1820 3914 ὃς

222 3935 329 3989 καὶ
364 3935 581 3998 ἐξέθετο
609 3936 709 4007 τὴν
741 3937 853 3990 τῶν
892 3944 1002 4008 τιη⁹
1034 3940 1128 3992 καὶ
1157 3939 1266 3991 τῶν
1311 3939 1390 4011 ρν¹
1419 3940 1580 4010 μόνον
1614 3942 1816 3995 εἰδέναι

224 4028 417 4080 πίστιν
445 4027 760 4081 διαῦεὸαιού
770 4046 953 4098 μενος,
988 4030 1402 4099 ἀναθεματίξων
1418 4031 1476 4085 δὲ
1494 4032 1813 4104 Νεστόριον,

223 4119 326 4171 καὶ
350 4117 587 4188 Εὐτυχῆ,
620 4121 716 4171 καὶ
744 4120 872 4183 τοὺς
896 4119 991 4172 δύο
1017 4122 1167 4183 υίοὺς
1199 4120 1231 4190 ἢ
1264 4122 1536 4191 Χριστοὺς
1556 4121 1816 4189 δογματίο

224 4209 452 4276 ζοντας,
487 4212 522 4283 ἢ
554 4213 654 4277 τὰς
686 4212 878 4282 φύσεις
906 4212 1255 4285 διαιροῦντας
1288 4228 1303 4243 '
1338 4214 1477 4283 μήτε
1517 4212 1574 4266 δὲ
1609 4216 1707 4284 τῆς
1755 4213 1815 4266 ὲν

1919 1932 2136 1987 verant,
2161 1922 2390 1977 alteram
2419 1921 2622 1985 carnis,
2642 1922 2869 1975 alteram
2899 1920 3143 1985 deitatis,
3172 1921 3509 1976 anathemati

1922 2015 2243 2085 subiiceret.
2299 2012 2403 2079 Qui
2461 2027 2586 2067 cum
2615 2012 2669 2065 id
2707 2011 2893 2067 facere
2940 2024 3286 2077 recusasset,
3319 2028 3513 2068 rursus

1921 2107 2162 2162 Xenaias
2212 2122 2339 2159 eum
2404 2113 2464 2159 ut
2523 2104 2914 2159 Ncstorianum
2967 2106 3265 2160 accusavit.
3330 2105 3515 2161 Multis

1930 2197 2133 2253 deinde
2176 2196 2415 2267 agitatis,
2448 2211 2572 2249 cum
2612 2195 2927 2263 patriarcha
2954 2196 3355 2263 espositionem
3385 2194 3513 2249 ﬁdei

1923 2288 2211 2351 edidisset,
2242 2287 2294 2340 in
2325 2302 2432 2355 qua
2458 2286 2732 2359 synodum
2764 2286 2819 2338 in
2845 2300 2913 2339 eo
2944 2284 3169 2353 quidem
3208 2284 3357 2354 quod
3390 2300 3515 2353 spe-

1924 2390 2037 2435 ctat
2061 2380 2126 2433 ad
2156 2378 2564 2448 depositionem
2582 2376 2824 2431 Nestorii
2849 2384 3014 2446 atque
3039 2376 3324 2446 Eut‘ychis,
3346 2375 3516 2430 susci-

1923 2490 2055 2544 pere
2087 2488 2143 2526 se
2173 2470 2579 2541 proﬁtebatur:
2613 2480 2883 2539 quantum
2932 2485 3067 2523 vero
3113 2468 3181 2524 ad
3230 2468 3513 2523 deﬁnitio-
3562 2510 3563 2513 η

1926 2581 2051 2619 nem
2083 2572 2138 2617 et
2158 2563 2469 2617 doctrinam
2498 2560 2649 2623 ﬁdei,
2698 2574 3047 2629 nequaquam
3078 2577 3091 2611 :
3119 2574 3313 2613 rursus
3355 2559 3512 2615 illum

1927 2654 2547 2726 tanquamNestoriano
2574 2651 2817 2723 dogmati
2851 2651 3067 2705 occulte
3110 2650 3382 2706 faventem
3428 2650 3517 2704 in-

1926 2748 2280 2809 simularunt,
2307 2744 2412 2799 nisi
2438 2745 2611 2813 ipsam
2636 2758 2857 2814 quoque
2894 2740 3187 2812 synodum,
3213 2751 3270 2794 et
3295 2755 3391 2794 eos
3415 2741 3511 2810 qui

1927 2842 2066 2895 duas
2096 2840 2153 2893 in
2201 2838 2423 2893 Christo
2464 2844 2690 2889 naturas
2720 2834 3006 2895 dixerunt,
3049 2833 3277 2886 alteram
3304 2833 3512 2899 carnis,

1926 2932 2155 2986 altezam
2198 2926 2442 2990 deitatis,
2504 2923 2846 2978 anathemati
2895 2910 3229 2990 ‘subjiceret.
3296 2922 3513 2977 Isauros

1928 3035 2190 3093 praeterea
2216 3018 2506 3088 multiplici
2538 3016 2831 3070 verborum
2885 3013 3079 3068 fraude
3121 3014 3409 3083 deceptos,
3452 3013 3507 3068 in

1929 3113 2261 3167 sententiam
2314 3126 2469 3165 suam
2516 3114 2933 3178 pertraxerunt.
2982 3105 3049 3159 Et
3102 3102 3514 3173 conscriptione

1931 3205 2057 3259 ﬁdei
2097 3204 2267 3267 edita,
2302 3203 2357 3256 in
2388 3218 2495 3271 qua
2523 3200 2795 3271 synodum
2829 3214 2936 3252 una
2985 3213 3109 3251 cum
3144 3196 3214 3250 iis
3248 3195 3341 3265 qui
3375 3195 3513 3249 duas

1932 3300 1987 3352 in
2020 3297 2244 3353 Christo
2285 3304 2514 3350 naturas
2542 3310 2607 3348 ac
2636 3293 3013 3363 proprietates
3057 3305 3180 3344 esse
3230 3288 3509 3348 dixerunt.

1930 3391 2033 3446 sub
2054 3390 2406 3445 anathemate
2449 3386 2807 3448 damnabant,
2849 3400 2878 3437 a
2908 3381 3152 3437 Flaviani
3190 3380 3414 3451 quidem
3453 3388 3511 3432 et

1929 3476 2231 3534 Macedonii
2285 3473 2677 3531 communione
2717 3480 2867 3526 sese
2911 3470 3253 3539 abrumpunt
3310 3484 3324 3520 :
3384 3482 3512 3520 cum

1929 3570 2055 3624 aliis
2067 3584 2198 3623 vero
2213 3566 2308 3639 qui
2324 3563 2725 3635 conscriptioni
2755 3564 3002 3633 ipsorum
3026 3559 3507 3630 subscripsissent,

1925 3658 2150 3716 foederis
2201 3658 2518 3713 societatem
2589 3654 2802 3709 ineunt.
2858 3652 3005 3707 Inter
3040 3651 3171 3715 three
3231 3647 3512 3719 postulant

1924 3750 2094 3807 etiam
2140 3747 2208 3803 ab
2236 3747 2493 3817 episcopo
2536 3743 3064 3813 Hierosolymorum,
3099 3747 3163 3794 ut
3214 3738 3512 3793 formulam

1927 3840 2056 3897 ﬁdei
2082 3854 2194 3895 suae
2220 3837 2551 3893 coxnscribat.
2587 3835 2761 3901 Quam
2786 3834 2877 3888 ille
2912 3848 3040 3888 cum
3070 3831 3359 3891 edidisset,
3410 3844 3512 3900 per

1928 3940 2233 3988 sectatores
2256 3929 2505 3986 Dioscori
2548 3928 2701 3983 misit
2749 3927 2816 3981 ad
2863 3926 3279 3996 imperatorem.
3308 3923 3396 3976 -Ει
3446 3937 3513 3977 ea

1924 4026 2151 4097 quidem
2175 4039 2341 4094 quam
2362 4022 2468 4093 ipsi
2489 4022 2802 4091 proferunt,
2830 4016 3356 4073 anathematismum
3380 4028 3514 4068 con-

1922 4119 2065 4173 tinet
2101 4132 2297 4173 eorum
2350 4115 2445 4185 qui
2480 4114 2620 4169 duas
2645 4114 2701 4167 in
2725 4111 2949 4167 Christo
3000 4118 3226 4164 naturas
3252 4106 3510 4177 praedica-

1922 4218 2077 4265 runt.
2100 4209 2223 4281 Ipse
2253 4223 2386 4263 vero
2410 4204 2923 4276 Hierosolymorum
2942 4200 3266 4271 episc0pus,
3298 4210 3421 4251 eam
3442 4193 3513 4249 ab

1398 4370 1673 4425 VALESll
1731 4366 2301 4425 ANNOTATIONES.

224 4509 423 4583 carius
445 4509 519 4583 ita
547 4511 735 4565 vertit.
766 4510 1080 4583 Anastasius
1111 4513 1282 4583 quiete
1306 4513 1503 4583 potitus
1530 4528 1560 4563 ο
1582 4509 1809 4583 proeliis,

226 4580 608 4634 Macedoniam
633 4582 998 4649 patriarcham
1030 4578 1267 4635 avertere
1296 4578 1361 4635 ab
1400 4578 1692 4635 orthodoxa
1708 4578 1813 4647 ﬁde

223 4649 724 4735 satagebat-Multi
769 4660 947 4735 autem
984 4654 1353 4735 episcoporum
1382 4652 1665 4735 dnastasio
1687 4667 1816 4735 gra-

1926 4508 2129 4561 Verum
2170 4503 2484 4575 Antiquarii
2520 4502 2651 4575 dum
2684 4500 2757 4575 Ain
2802 4496 3097 4575 scribendo
3127 4503 3508 4575 properarent,

1923 4578 2124 4631 iterum
2157 4577 2261 4631 hoc
2299 4570 2420 4630 loco
2465 4573 2791 4643 particulam
2826 4570 3143 4643 negativam
3176 4570 3505 4643 omiserunt.

1922 4647 2097 4701 Porro
2144 4662 2242 4715 per
2286 4635 2479 4699 vocem
2509 4644 2598 4696 διὰ
2628 4642 2851 4715 τούτους
2872 4635 3175 4705 [intelligit
3199 4635 3508 4715 Piodorum

228 4704 381 4775 ἆξαπῖ
399 4730 734 4791 ρνωιιαηεεε,
766 4704 1189 4776 Chalcedo'nensi
1210 4704 1523 4776 resistebant
1551 4704 1774 4775 concilio
1794 4760 1809 4785 ,
1838 4720 1893 4779 D
1919 4704 2271 4777 Tarsensem.
2304 4715 2654 4770 Theodorum
2688 4704 3167 4791 Mopsuesten‘tini.
3199 4704 3507 4791 Theodori-

268 4807 461 4861 uorum
504 4792 704 4861 primus
757 4799 875 4844 erat
925 4792 1211 4861 Elgusinus
1253 4791 1594 4861 Sasiptensis.
1623 4792 1812 4846 Graeca

268 4810 461 4845 uorum
504 4810 704 4861 primus
757 4810 874 4844 erat
925 4810 1211 4846 meusmus
1253 4810 1594 4847 oaumensts.
1623 4810 1811 4846 braca

226 4810 703 4933 sI‘beophanjssic
734 4861 961 4933 habent,
988 4857 1064 4915 ὧν
1102 4864 1322 4933 πρῶτος
1367 4857 1439 4933 ἦν
1472 4861 1811 4933 Ἐλεύσιοςδ

226 4932 487 5001 ἀσήμων.
524 4930 633 4986 Sed
687 4931 1039 4986 scribendum
1084 4930 1188 4996 est,
1234 4930 1558 4993 Ἐλευσίνιος
1595 4931 1624 4983 ὁ
1648 4930 1813 4984 Σασί-

330 5018 379 5064 ν,
417 5001 884 5070 quemadmodum
917 5003 1183 5057 scribitur
1214 5001 1269 5055 in
1292 5001 1489 5056 codice
1522 5002 1811 5057 Vaticano.

315 5079 401 5125 rte
446 5072 702 5125 monachi
777 5072 1079 5127 Palaestinae
1141 5070 1415 5126 afﬁrmant
1491 5071 1813 5126 Eleusinum

232 5141 389 5196 hunc
446 5142 768 5212 episcopum
816 5142 985 5197 fuisse
1016 5144 1271 5197 secunda!
1300 5140 1683 5212 Cappadociae.
1720 5142 1817 5196 Est

232 5158 389 5196 nunc
446 5158 475 5195 e
520 5158 768 5212 iscopum
816 5158 985 5197 luisse
1016 5158 1271 5197 secundae
1300 5158 1683 5211 uappaoocue.
1720 5158 1817 5196 LSI

229 5220 424 5283 autem
470 5158 681 5267 gasima
744 5212 879 5283 urbs
928 5211 1315 5283 Cappadociae
1349 5211 1624 5275 secundm.
1657 5212 1818 5281 cujus

230 5280 369 5353 olim
410 5283 705 5353 episcopus
732 5282 837 5337 fuit
863 5280 1161 5353 Gregorius
1189 5281 1587 5353 Nazianzenus.
1618 5280 1815 5353 quem-

229 5352 538 5475 aduliodum
573 5350 775 5410 docent
794 5350 1016 5409 Notitiae
1046 5362 1284 5418 veteres,
1305 5361 1362 5407 et
1393 5350 1661 5423 imprimis
1684 5350 1816 5407 Hie-

231 5436 336 5475 roc
357 5437 441 5475 es.

231 5436 441 5477 I'OCICS.

308 5491 424 5561 (51)
465 5494 568 5548 Διὰ
595 5494 847 5560 τούτους
873 5494 1227 5562 είρηνεύειν.
1267 5492 1632 5548 Scribendum
1658 5491 1818 5545 vide-

230 5569 329 5617 tur
357 5563 718 5644 είρηνεύσειν,
751 5573 849 5644 aut
885 5564 1101 5644 potius_
1120 5562 1371 5644 addenda
1422 5570 1508 5644 est
1551 5562 1819 5644 particula

228 5632 493 5705 negativa
515 5634 622 5689 hoc
644 5636 809 5690 modo
830 5632 1057 5705 νομίσας
1073 5634 1163 5705 διὰ
1182 5633 1404 5696 τούτους
1425 5636 1497 5703 μὴ
1520 5632 1819 5701 εἰρηνεύειν

227 5704 452 5775 αύτούς.
476 5704 533 5758 ld
562 5714 667 5771 est,
690 5704 909 5760 illorum
939 5706 1116 5775 gratia
1143 5704 1281 5775 ipsos
1316 5720 1419 5775 non
1438 5705 1702 5775 quiescere
1723 5717 1819 5775 a_r-

225 5772 484 5831 bitratus.
529 5775 645 5833 Nec
678 5775 875 5834 dubito
913 5770 1049 5848 quin
1079 5774 1347 5847 Evagrius
1394 5770 1468 5830 ita
1514 5770 1818 5843 scripserit.

1921 4796 2039 4840 tum
2070 4796 2128 4841 et
2164 4770 2393 4840 caeteros
2433 4799 2601 4854 supra
2646 4770 3000 4836 memoratos.
3042 4770 3179 4832 Vide
3214 4774 3508 4843 TheOpha-

1919 4872 2069 4917 nem.
2111 4872 2165 4917 υ.
2206 4856 2328 4908 151.

1996 4872 2384 4991 ἶὲὲθὲοἷῗξξψ
2406 4921 2791 4995 πατριάρχοι).
2832 4918 3153 4995 Elavianum
3171 4913 3507 4995 Antiochen:

1922 4988 2039 5053 sem
2068 4995 2388 5066 episcopum
2418 4988 2689 5066 intelligit.
2718 4988 2873 5066 Quod
2906 5003 3016 5066 non
3053 5001 3365 5066 monerem,
3398 4988 3503 5039 nisi

1924 5070 1981 5123 in
2006 5057 2778 5136 versionc'ChristOphorsoui
2811 5059 3068 5136 mendum
3099 5057 3373 5136 subesset.

1997 5138 2109 5206 (55)
2150 5136 2258 5192 Καὶ
2284 5136 2423 5199 τοὺς
2454 5125 2811 5200 Ἰὀ-αυρίους.
2856 5127 3079 5183 Rectius
3103 5128 3157 5181 in
3189 5125 3505 5194 Nicephoro

1924 5207 2187 5263 seribitur
2220 5206 2517 5275 Ἰσαύρους.

1995 5277 2107 5347 (54)
2133 5278 2318 5343 Ὅπερ
2351 5262 2675 5347 ὰύτοί-μεξν
2715 5268 3141 5347 προφέρουσιν.
3182 5262 3503 5347 _Supplenda

1920 5333 2142 5402 videtur
2188 5333 2505 5416 coniunctio
2536 5333 2590 5397 in
2626 5333 2774 5397 hunc
2819 5333 3041 5394 inodum
3065 5380 3079 5401 ,
3110 5337 3204 5388 καὶ
3237 5335 3375 5404 ὅπερ
3404 5333 3506 5403 μὲν

1921 5419 2683 5491 αὺῖφὶπροφέρρυσξνοειςς..
2774 5478 2793 5491 .
2954 5479 2965 5491 .
3131 5476 3145 5491 .

1990 5488 2103 5556 (55)
2145 5476 2253 5541 kal
2290 5476 2560 5556 ’Ἰουλίφη
2588 5482 2737 5556 Vide
2774 5478 3064 5556 Leontium
3114 5476 3182 5556 de
3231 5476 3397 5556 sectis
3448 5476 3502 5525 in

1919 5546 2139 5632 actione
2165 5566 2380 5632 octava.
2400 5546 2503 5609 Ubi
2532 5554 2694 5632 docet
2713 5552 3023 5632 Acepbalos
3051 5546 3315 5632 epistola8_
3334 5558 3504 5632 (19‘ij

1920 5628 2044 5681 dam
2092 5626 2530 5697 JulioepisCOp.
2579 5624 2736 5679 Rom.
2768 5621 3062 5685 tribuisse,
3094 5632 3217 5689 quas
3262 5630 3324 5671 re
3374 5628 3502 5668 vera

1918 5705 2081 5754 erant
2100 5694 2452 5768 Apollinaris.
