4096 6470
313 349 453 411 2685

1216 356 1605 416 HISTORI/E
1642 356 2239 418 ECCLESIAS'I‘lC/E
2273 353 2508 418 LIBER
2556 361 2667 420 llI.

3443 361 3584 425 2686

319 459 702 530 στρατοπέδων
726 461 1058 519 ἁλισθέντοιν
1086 463 1301 532 πρῶτος
1329 469 1357 518 ὁ
1385 466 1762 532 Κωνστὰντιος
1790 467 1900 536 (88)

2007 467 2307 521 verborum
2357 469 2714 534 persuasione
2759 470 3078 523 Vctranioni
3134 472 3424 540 imperium
3460 474 3590 524 ade-

317 549 726 622 δημηγορήσας,
779 556 881 623 τῆς
925 554 1020 606 τοῦ
1079 557 1286 626 πατρὸς
1340 557 1721 628 ἀνεμίμνησκε
1775 562 1898 622 τοὺς

309 642 661 711 στρατιώτας
706 643 1040 711 φιλοτιμίας,
1069 645 1186 715 μεθ’
1224 642 1284 699 οὗ
1335 648 1566 710 πολλοὺς
1607 649 1899 718 πολεμίους

318 731 666 800 διεπόνησαν,
699 735 794 786 καὶ
834 735 1118 805 μεγίσταις
1151 736 1494 809 ἐτιμήθησαν
1510 739 1738 809 δωρεαῖς
1760 757 1772 770 ·
1807 742 1901 792 καὶ

319 821 395 885 ὡς
411 821 618 876 τούτων
638 826 974 888 ἀκούσαντες
995 829 1042 880 οί
1063 828 1414 897 στρατιῶται,
1441 829 1531 882 τὸν
1557 830 1900 900 Βρετανίωνα

319 914 420 980 τῆς
453 914 682 984 ἐσθῆτος
729 917 1140 986 γυμνώσαντες,
1191 921 1505 991 κατήγαγον
1527 920 1621 973 τοῦ
1657 921 1902 993 βήματος

324 1004 582 1073 ίδιώτηνσ
645 1007 739 1059 καὶ
790 1009 865 1070 ὼς
919 1008 1073 1061 οὐδὲν
1126 1009 1293 1081 ἄχαρι
1340 1012 1475 1080 πρὸς
1521 1013 1901 1065 Κωνσταντίου

320 1099 583 1162 πέπονθε,
618 1099 712 1152 τοῦ
757 1101 906 1172 παρὰ
960 1100 1053 1153 σοῦ
1085 1101 1325 1154 τοσαῦτα
1375 1102 1517 1170 μετὰ
1545 1101 1639 1154 τοῦ
1693 1105 1899 1173 πατρὸς

322 1190 834 1261 βλασφημηθέντος.
893 1191 1014 1254 Πῶς
1047 1193 1225 1245 τοίνυν
1253 1195 1425 1258 ἀξιοῖς
1451 1193 1543 1245 τὸν
1571 1195 1732 1246 αὑτὸν
1760 1194 1900 1247 οὕτω

320 1282 626 1352 φιλότιμον,
679 1281 822 1335 οὕτω
881 1285 1258 1354 μεγαλόδωρον
1317 1286 1594 1352 γενέσθαι,
1634 1288 1722 1338 καὶ
1759 1285 1902 1338 οὕτω

322 1373 688 1440 σμικρολόγον
728 1375 820 1425 καὶ
850 1375 1127 1442 φειδωλὸν,
1155 1377 1229 1438 ώς
1255 1376 1496 1429 τοιοῦτον
1537 1378 1704 1444 ἐναγῆ
1735 1378 1900 1448 πόρον

320 1462 613 1527 ιπιθεῖναι,
655 1465 834 1518 τέλεον
896 1467 1094 1530 ἀγνοῶ.
1148 1467 1268 1518 Ὅτι
1298 1467 1354 1519 δὲ
1417 1469 1538 1521 οὐδὲ
1591 1470 1836 1521 Φαῦσταν
1869 1468 1900 1532 ἦ

319 1555 573 1623 Κρίσπον
625 1555 855 1615 ἀνεῖλεν.
914 1555 1034 1608 οὐδὲ
1085 1556 1238 1625 παρά
1261 1573 1405 1616 τινος
1463 1558 1761 1623 Αἰγυπτίου
1813 1559 1903 1608 δια

319 1643 497 1698 ταῦτα
545 1645 653 1697 τῶν
690 1646 975 1715 ἡμετέρων
1031 1648 1345 1716 μυστηρίων
1393 1648 1678 1717 μετέσχεν,
1736 1649 1900 1701 ἄκουε

321 1735 734 1803 συγγράφοντος
767 1737 1029 1788 Εὐσεὸίου
1054 1737 1148 1790 τοῦ
1171 1739 1480 1808 Παμφίλου,
1515 1741 1901 1807 συνακμάσας)-

2007 558 2195 612 misse.
2217 557 2351 611 Nam
2375 573 2500 613 cum
2529 559 2820 625 utriusque
2847 560 3016 628 partis
3032 562 3308 615 exercitus
3339 561 3394 615 in
3419 577 3588 615 unum

2005 651 2381 714 convenisset,
2411 650 2650 718 priorem
2676 650 3058 706 Constantium
3091 654 3258 707 verba
3301 653 3494 709 fecisse
3521 655 3589 707 ad

2005 739 2232 802 milites,
2267 740 2460 809 eisque
2488 741 2540 793 in
2584 742 2904 794 memoriam
2949 758 3236 797 revocasse
3290 743 3593 798 liberalita-

2006 838 2113 883 tem
2144 831 2388 899 parentis
2423 832 2531 894 sui,
2566 847 2804 900 quocum
2827 834 2996 886 multa
3029 833 3173 887 bella
3199 834 3589 896 confecissent,

2002 931 2057 975 et
2080 938 2108 974 a
2140 938 2251 991 quo
2295 923 2546 976 maximis
2573 923 2733 976 donis
2767 923 2947 978 allecti
2980 937 3184 979 essent.
3213 925 3408 979 Milites
3437 941 3590 990 vero,

2006 1013 2093 1066 bis
2145 1013 2370 1075 auditis,
2437 1014 2760 1067 Velrauioni
2819 1031 3121 1083 purpuram
3178 1018 3480 1078 ademisse.
3535 1033 3593 1070 et

2007 1102 2222 1170 privato
2253 1102 2446 1155 habitu
2503 1103 2756 1159 indutum
2813 1120 2877 1155 ex
2927 1104 3188 1157 tribunali
3233 1104 3589 1159 abstraxisse.

2007 1192 2273 1247 Eumdcm
2306 1206 2488 1248 tamen
2524 1196 2660 1247 nihil
2721 1195 2944 1264 gravius
2969 1211 3185 1264 passum
3218 1211 3338 1249 esse
3369 1212 3398 1249 a
3448 1195 3592 1250 Con-

2005 1284 2229 1342 stantio.
2284 1301 2446 1353 quem
2511 1297 2565 1339 tu
2618 1302 2722 1338 una
2786 1303 2909 1339 cum
2958 1300 3114 1355 patre
3163 1296 3242 1340 tot
3289 1288 3593 1344 maledictis

2006 1377 2286 1429 lacerasti.
2320 1375 2571 1441 Quonam
2602 1377 2769 1444 igitur
2811 1376 2973 1429 modo
3023 1377 3276 1429 eumdem
3314 1377 3592 1429 hominem

2009 1468 2170 1521 simul
2205 1469 2342 1521 adeo
2365 1468 2720 1537 magniﬁcum
2743 1484 2806 1521 ac
2833 1467 3119 1521 iiberalem
3147 1469 3316 1521 fuisse
3332 1469 3589 1529 allirmes,

2005 1565 2060 1610 et
2085 1558 2226 1611 adeo
2251 1574 2480 1627 parcum
2512 1575 2574 1611 ac
2603 1558 2912 1621 sordidum,
2947 1571 3004 1612 ut
3025 1570 3129 1612 tam
3159 1559 3338 1612 dirum
3363 1558 3592 1628 vectigal

2006 1649 2247 1703 subditis
2308 1651 2640 1718 imponeret,
2703 1649 2960 1717 equidem
3018 1666 3128 1702 non
3192 1650 3372 1704 video.
3432 1650 3588 1714 Quod

2006 1750 2190 1794 autem
2213 1756 2315 1793 nec
2342 1741 2595 1799 Faustam
2623 1756 2724 1795 nec
2745 1739 3000 1809 Crispum
3024 1742 3168 1795 idem
3195 1742 3590 1796 Constantinus

317 1842 411 1888 τος
443 1827 838 1898 Κωνσταντίνῳ
885 1831 975 1880 καὶ
1027 1830 1282 1900 Κρίσπῳ,
1347 1834 1438 1883 καὶ
1505 1831 1900 1900 συγγενομένου

2006 1833 2298 1896 occiderit,
2334 1848 2434 1888 nec
2461 1834 2534 1886 ob
2562 1849 2681 1886 eam
2719 1849 2939 1886 causam
2967 1834 3036 1886 ab
3069 1835 3290 1888 homine
3338 1834 3592 1906 [Egyptio

315 1916 550 1979 τούτοις.
607 1919 677 1971 Σὺ
733 1919 843 1988 γὰρ
886 1920 1007 1973 οὐδὲ
1051 1921 1219 1991 ἀκοὴν
1263 1923 1519 1990 γράφεις,
1568 1925 1698 1991 μήτι
1741 1941 1802 1990 γε
1840 1924 1904 1991 δὴ

316 2007 602 2077 ἀλήθειαν,
665 2011 880 2073 πολλοῖς
931 2011 1160 2082 ὕστερον
1217 2013 1431 2081 χρόνοις
1471 2017 1564 2066 ἐπὶ
1617 2016 1902 2081 ’Λρκαδίου

317 2099 417 2148 καί
457 2098 716 2168 Ὀνωρίου
762 2102 922 2170 μέχρι
980 2103 1072 2154 σοῦ
1117 2104 1405 2172 γέγραφας
1428 2103 1560 2172 (89),
1591 2107 1622 2173 ἢ
1656 2106 1748 2156 καὶ
1786 2106 1902 2173 μετ’

316 2193 518 2255 αὐτοὺς
548 2191 809 2259 γεγονώς.
847 2191 1054 2261 Γράφει
1079 2194 1135 2245 δὲ
1174 2194 1266 2245 ἐπὶ
1291 2194 1489 2257 λέξεως
1512 2194 1705 2259 ταῦτα,
1731 2199 1788 2248 ὲν
1828 2195 1904 2266 τῷ

315 2291 490 2360 ὀγδόῳ
516 2291 658 2362 λόγῳ
681 2293 791 2362 ('90)
814 2294 910 2362 τῆς
943 2294 1108 2347 αὐτοῦ
1159 2295 1703 2364 Ἐκκλησιαστικῆς
1744 2303 1902 2352 ιστο-

311 2383 453 2447 ρίας
539 2383 746 2458 Χρόνου
791 2384 845 2436 δὲ
902 2387 962 2436 οὐ
1013 2385 1265 2438 πλείστου
1323 2389 1526 2456 μεταξὺ
1585 2391 1899 2458 γενομένου,

319 2471 577 2542 βασιλεὺς
640 2476 1017 2537 Κωνστάντιος
1069 2477 1158 2535 τὸν
1198 2477 1377 2530 πάντα
1439 2478 1555 2547 βίον
1595 2482 1900 2548 πραότατα,

318 2565 410 2615 καὶ
447 2566 558 2626 τοῖς
619 2566 880 2632 ὑπηκόοις
923 2567 1307 2630 εὐνοϊκώτατα,
1362 2570 1439 2638 τῷ
1470 2587 1529 2621 τε.
1572 2569 1704 2640 Θείῳ
1759 2572 1903 2644 λόγῳ

318 2656 761 2724 προσφιλέστατα
797 2657 1137 2726 διαθέμενος,
1167 2661 1332 2712 παῖδα
1361 2663 1587 2729 γνήσιον
1621 2665 1902 2717 Κώνσταν-

315 2749 462 2797 τῖνον
504 2747 881 2817 αὐτοκράτορα
936 2750 1198 2802 σεϐαστδν
1242 2752 1359 2804 ἀνθ’
1413 2752 1609 2805 ἑαυτοῦ
1679 2756 1902 2808 καταλι-

316 2835 458 2902 πὼν,
486 2839 648 2908 κοινῷ
679 2839 892 2907 φύσεως
921 2843 1070 2910 νόμῳ
1092 2843 1316 2912 τελευτᾷ
1352 2844 1443 2897 τὸν
1468 2845 1602 2912 βίον.
1639 2849 1749 2900 Καὶ
1769 2850 1900 2916 μεθ’

311 2925 508 2997 lupa.
543 2931 742 2982 Τούτου
784 2936 912 2994 παῖς
950 2935 1322 2997 Κώνσταντιος
1363 2936 1526 2999 εὒθυς
1575 2939 1900 3008 ἀρχόμενος,

319 3019 576 3089 βασιλεὺς
601 3021 929 3084 τελεώτατος
983 3025 1075 3075 καὶ⁸
1112 3024 1374 3088 σεϐαστὸς
1415 3027 1552 3095 πρὸς
1596 3026 1702 3079 τῶν
1734 3046 1901 3088 στρα-

319 3113 581 3177 τοπέδων,
617 3116 708 3167 καὶ
737 3115 816 3166 ἔτι
846 3117 978 3169 πολὺ
1005 3117 1211 3169 τούτων
1246 3119 1510 3189 πρότερον
1549 3121 1684 3191 πρὸς
1733 3120 1898 3172 αὑτοῦ
1928 3146 1974 3206 c

318 3204 412 3257 τοῦ
482 3205 870 3273 παμϐασιλέως
953 3207 1088 3260 Θεοῦ
1167 3210 1579 3280 ἀναγορευθείς,
1649 3211 1900 3281 ζηλωτὴν

319 3296 516 3348 ἑαυτὸν
546 3297 646 3365 τῆς
673 3298 948 3368 πατρικῆς
977 3301 1105 3369 περὶ
1138 3301 1228 3351 τὸν
1261 3302 1530 3371 ἡμέτερον
1562 3303 1718 3369 λόγον
1748 3305 1901 3355 εὐσε-

320 3387 472 3451 ϐείας
502 3389 891 3459 κατεστήσατο.
917 3391 1026 3442 Καὶ
1061 3391 1192 3461 πρὸς
1218 3390 1295 3461 τῷ
1329 3393 1472 3445 τέλει
1501 3393 1558 3445 δὲ
1590 3392 1685 3459 τῆς
1711 3394 1902 3449 Ἰστο-

314 3480 473 3544 ριας,
530 3481 741 3543 τούτοις
790 3481 922 3548 φησὶ
961 3485 1071 3544 τοῖς
1111 3484 1405 3551 ὀνόμασιν·
1463 3485 1522 3534 '0
1579 3485 1674 3548 δὲ,
1729 3488 1899 3557 ἀρετῇ

323 3571 475 3642 πάσῃ
534 3569 848 3635 Θεοσεὸείας
923 3574 1237 3642 ὲκπρέπων,
1307 3573 1605 3643 μέγιστος,
1680 3576 1906 3645 νικητὴς

323 3661 732 3724 Κωνσταντίνος
790 3665 886 3714 σὺν
928 3663 1080 3717 παιδ)⁸
1129 3664 1361 3735 Κρίσπῳ
1412 3666 1623 3735 βασιλεῖ
1663 3667 1905 3734 θεοφιλε-

322 3751 524 3821 στάτῳ,
549 3753 643 3806 καὶ
667 3755 807 3805 κατᾶ
833 3755 1008 3806 πάντα
1032 3754 1124 3807 τοῦ
1147 3756 1352 3826 πατρὸς
1385 3756 1556 3826 ὁμοίῳ
1578 3758 1676 3828 τὴν
1697 3758 1905 3809 οἰκείαν

323 3843 466 3912 ἑῴαν
498 3845 900 3914 ἀπελάμϐανον.
953 3846 1065 3898 Οὐκ
1106 3845 1172 3898 ἂν
1200 3845 1255 3899 δὲ
1298 3846 1326 3898 ὁ
1359 3845 1623 3909 Εὐσέὀιος
1657 3849 1907 3917 Κρίσπον

321 3931 497 3994 οὓτως
529 3931 812 4002 ἐπῄνεσεν,
851 3935 898 3985 εἰ
933 3933 1067 4003 πρὸς
1117 3933 1213 3986 τοῦ
1247 3934 1451 4004 πατρὸς
1485 3935 1749 4006 ἀνῄρητο,
1780 3938 1903 3986 ἐπι-

323 4023 528 4088 διώσας
561 4025 636 4094 τῷ
658 4026 1080 4098 ,Κωνσταντίνῳ
1132 4026 1187 4080 Ὀ
1217 4026 1272 4078 δὲ
1304 4026 1634 4099 Θεοδώριτος
1669 4029 1906 4095 ἱστορῶν

393 4169 412 4197 ⁶
452 4166 654 4220 Euseb.
687 4183 808 4236 pag.
847 4169 970 4224 492.

2008 1932 2420 1978 sacramentum
2449 1933 2650 1978 nostra:
2698 1924 2986 1992 religionis
3016 1925 3310 1993 acceperit,
3342 1927 3492 1990 audi,
3545 1927 3591 1979 si

2016 2017 2217 2084 placet,
2254 2023 2546 2070 testantem
2610 2015 2902 2068 Eusebium
2958 2016 3246 2084 Pamphili.
3281 2017 3441 2086 375
3497 2021 3589 2087 qui

2011 2108 2208 2161 iisdem
2241 2108 2587 2176 temporibus
2611 2106 2796 2160 ﬂoruit
2846 2107 3049 2175 quibus
3102 2106 3498 2161 Constantinus
3535 2119 3593 2167 et

2004 2199 2234 2268 CriSpuS
2264 2203 2479 2263 vixere,
2515 2210 2571 2254 et
2615 2200 2862 2269 quicum
2895 2199 3088 2253 iisdem
3139 2214 3282 2269 saepe
3344 2210 3594 2256 versatus

2004 2301 2108 2344 est.
2137 2291 2215 2344 Tu
2245 2293 2392 2345 enim
2422 2307 2488 2346 ne
2549 2292 2834 2345 auditione
2883 2292 3108 2360 quidem
3146 2293 3243 2346 abs
3277 2303 3328 2348 te
3363 2303 3592 2362 accepta

2005 2382 2230 2447 scribis,
2263 2383 2465 2436 nedum
2490 2399 2641 2437 vera.
2667 2384 2882 2452 Quippe
2900 2385 2992 2452 qui
3030 2385 3340 2454 principatu
3368 2387 3590 2440 Arcadii

2004 2484 2060 2528 ct
2095 2473 2342 2537 Honorii,
2387 2475 2452 2528 ad
2483 2491 2720 2543 quorum
2763 2492 2937 2543 usque
2996 2485 3243 2544 tempora
3300 2476 3591 2531 historiam

2012 2573 2164 2617 tuam
2227 2565 2558 2633 perduxisti,
2593 2576 2688 2617 aut
2747 2566 2914 2618 etiam
2946 2577 3068 2634 post
3115 2567 3239 2620 illos
3287 2567 3506 2620 vixeris.
3544 2567 3594 2622 Is

2006 2656 2177 2720 igitur
2202 2658 2256 2710 in
2290 2665 2488 2710 octavo
2524 2657 2911 2712 Ecclesiasticw
2942 2658 3192 2711 Historia'
3214 2674 3324 2712 sua:
3356 2658 3498 2713 libro
3522 2659 3591 2713 ad

2006 2747 2242 2800 verbum
2284 2748 2357 2800 ita
2405 2748 2629 2801 scribit:
2691 2749 2844 2802 Haud
2895 2749 3068 2802 multo
3116 2759 3242 2818 post
3291 2750 3594 2818 imperator

2006 2837 2384 2903 Constantius,
2413 2839 2496 2892 vir
2527 2839 2580 2892 in
2617 2839 2766 2893 omni
2797 2840 2904 2893 vita
2929 2839 3364 2907 placidissimus;
3391 2842 3483 2910 qui
3537 2852 3594 2897 et

2005 2931 2302 2984 clementia
2329 2931 2381 2983 in
2409 2931 2686 2995 subditos,
2755 2941 2809 2985 et
2834 2932 3099 3001 singulari
3127 2949 3252 3002 erga
3294 2933 3457 2987 ﬁdem
3491 2949 3597 2988 uo-

2011 3029 2182 3074 stram
2216 3021 2599 3082 benevolentia
2625 3029 2897 3090 perpetuo
2933 3021 3194 3090 praeditus
3219 3021 3420 3089 fuerat,
3445 3023 3595 3078 Con-

2005 3113 2306 3167 stantinum
2341 3114 2628 3182 proprium
2665 3111 2839 3165 [ilium
2877 3114 2993 3166 vice
3054 3129 3152 3166 sua
3202 3114 3592 3182 imperatorem

2007 3215 2171 3273 atque
2201 3207 2507 3272 Augustum
2551 3204 2892 3274 relinquens,
2913 3205 3063 3257 fatali
3094 3215 3268 3257 morte
3299 3206 3595 3262 defunctus

2003 3305 2108 3349 est.
2165 3294 2228 3347 Et
2261 3296 2419 3365 paulo
2444 3305 2595 3363 post:
2649 3293 2820 3365 Hujus
2880 3295 3026 3348 titius
3064 3294 3484 3359 Constantinus,
3523 3299 3594 3350 ab

2007 3388 2125 3456 ipso
2151 3389 2333 3442 statim
2361 3388 2594 3442 exordio
2624 3403 2916 3456 supremus
2947 3388 3269 3457 imperator,
3303 3399 3358 3443 et
3406 3391 3592 3459 Augu-

2006 3488 2146 3543 stus,
2180 3495 2206 3532 a
2235 3479 2528 3542 militibus,
2561 3479 2770 3548 diuque
2792 3491 2952 3532 antea
2977 3478 3049 3531 ab
3075 3480 3324 3534 omnium
3355 3480 3594 3549 impera-

2009 3581 2188 3624 torum
2211 3571 2322 3625 Deo
2345 3572 2717 3630 renuntiatus,
2745 3579 2986 3639 paterna:
3005 3583 3136 3640 erga
3160 3570 3320 3625 tidem
3350 3581 3592 3624 nostram

2011 3664 2231 3732 pietatis
2249 3664 2628 3717 aemulatorem
2657 3680 2713 3718 se
2735 3665 3008 3732 prmstitit.
3057 3664 3202 3717 Idem
3237 3664 3508 3718 Eusebius
3538 3665 3591 3717 in

2005 3755 2113 3810 ﬁne
2147 3755 2398 3809 Historia:
2423 3766 2442 3785 °
2473 3756 2560 3808 his
2589 3755 2762 3808 utitur
2791 3755 3006 3808 verbis:
3037 3754 3432 3809 Constantinus
3461 3770 3592 3806 vero

2017 3847 2271 3899 uunibus
2332 3847 2616 3916 religionis
2661 3845 2962 3898 virtutibus
3006 3855 3258 3902 ornatus.
3311 3855 3368 3898 et
3417 3845 3592 3898 victor

2007 3940 2299 4000 .naximus,
2334 3955 2440 3992 una
2464 3954 2590 3991 cum
2622 3936 2733 3989 ﬁlio
2763 3935 2959 4004 Crispo
3013 3935 3248 3999 Caesare,
3297 3936 3408 3989 Deo
3457 3935 3589 3989 cha-

2008 4030 2228 4084 rissimo
2260 4041 2316 4084 et
2359 4031 2501 4100 patri
2545 4029 2912 4098 undequaque
2956 4029 3261 4093 simillimo.
3307 4030 3588 4086 Orientem

1513 4281 1773 4339 VALESII
1812 4284 2368 4341 ANNOTATIUNES.

400 4381 506 4453 (88)
539 4377 784 4453 ΔΠρὼτ-ος
816 4381 862 4453 όΔ
889 4376 1324 4453 Κῳν·στςιτῖνο‹,ξἶ
1375 4376 1744 4453 Scribendum
1806 4387 1890 4431 est

325 4446 724 4508 Κώνστὰντιος,
754 4457 815 4500 ut
851 4448 1051 4516 legitur
1103 4449 1158 4500 in
1204 4446 1394 4501 codice
1441 4447 1775 4506 Telleriano,
1839 4458 1890 4499 et

1995 4380 2194 4430 simum
2246 4377 2445 4429 vixisse
2517 4377 2861 4443 temporibus
2943 4366 3241 4428 Theodosii
3312 4372 3580 4434 Junioris.

2002 4447 2206 4500 Neuter
2242 4457 2421 4499 tamen
2451 4446 2503 4497 id
2534 4445 2600 4498 de
2626 4445 2845 4499 Zosimo
2873 4444 3031 4498 dixit.
3059 4445 3163 4499 Sed
3199 4456 3409 4499 tantum
3433 4448 3588 4506 aiunt

322 4493 484 4588 amr
503 4493 1158 4588 iviié'ﬁiibﬁinl'i’ii'iibr'é'
1199 4493 1470 4588 ἑνί-ἦρί
1489 4493 1898 4588 ῖίῗέἷῖειυῖὸ
1931 4493 1975 4548 ι)
2002 4493 3585 4588 una."animos;uincitis"q1;i'i,,;;"in;2.'a;;;

326 4586 446 4658 post
467 4589 555 4640 ubi
595 4586 792 4656 legitur
813 4588 1038 4658 πολλοὺς
1070 4586 1900 4658 πολεμίους,διεπόνησανκξςτὶ-

326 4655 566 4714 bendqu
625 4655 710 4709 est
768 4656 1040 4726 πολέμους
1099 4695 1112 4716 ,
1183 4665 1242 4709 ut
1294 4655 1464 4710 habet
1528 4655 1670 4716 idem
1738 4655 1898 4709 Nice-

321 4730 555 4799 phorus.

396 4799 505 4862 (89)
543 4798 727 4862 Μέχρι
757 4796 873 4848 σοῦ
930 4795 1245 4862 γέγραφας.
1300 4795 1497 4849 Procul
1545 4795 1717 4851 dubio
1761 4796 1898 4847 Scri-

322 4858 563 4926 beudum
589 4858 681 4920 θεῖ
703 4865 894 4933 μέχρις
925 4858 1589 4936 οὗῖίὶῆυηριίεηγοοὶὺυε.
1628 4867 1800 4932 Atque
1829 4865 1900 4918 ita

318 4941 453 5007 legit
477 4936 840 5007 NjCi-phorus,
876 4935 1338 5002 quihmc'Evagrii
1369 4935 1533 4988 verba
1569 4937 1646 4988 sic
1672 4949 1899 5007 expres-

319 5004 422 5062 sit:
461 5004 553 5068 Οἷς
587 5007 677 5057 καὶ
707 5005 805 5070 τὴν
835 5007 1158 5074 συγγραφὴν
1210 5006 1464 5072 ἕστησας.
1507 5007 1679 5072 Quem
1736 5004 1898 5056 Nice-

321 5079 482 5147 phori
515 5078 698 5147 locum
743 5076 997 5147 goannes
1029 5074 1247 5147 Langus
1305 5091 1413 5127 non
1465 5075 1756 5147 intellexit.
1807 5074 1898 5128 Sic

317 5144 468 5202 enim
498 5145 660 5200 vertit
696 5163 708 5198 :
739 5145 812 5198 Tu
850 5161 1077 5213 namque
1102 5145 1273 5197 solum
1294 5161 1559 5197 rumorem
1592 5144 1897 5196 mutilatum

319 5219 545 5270 mandas
573 5217 790 5277 litteris,
822 5231 923 5267 non
953 5217 1226 5267 ueritatem
1261 5216 1451 5276 ipsum,
1483 5217 1571 5281 qui
1608 5213 1761 5282 longo
1784 5225 1896 5282 post

315 5302 554 5356 tempore
586 5287 678 5340 sub
733 5287 963 5339 Honorio
1016 5294 1064 5336 et
1106 5284 1331 5338 Arcadio
1382 5286 1566 5353 quibus
1620 5285 1896 5337 historiam

313 5371 469 5411 tuam
502 5358 775 5419 dedicasti,
801 5367 848 5409 et
877 5357 1100 5423 fortasse
1129 5364 1242 5423 post
1273 5371 1453 5408 eorum
1478 5356 1636 5406 etiam
1657 5366 1894 5421 tempora

314 5429 524 5496 longius
549 5429 758 5480 vixeris.
787 5427 893 5480 Sed
926 5427 1248 5478 vertendum
1280 5437 1441 5496 erat;
1482 5423 1680 5488 Quibus
1733 5426 1894 5496 Ιιὶετοτ

312 5495 473 5551 riain'
510 5506 657 5550 tuam
714 5498 1032 5549 tcrminasti.
1062 5496 1276 5548 Etenim
1324 5495 1576 5548 Zosimus
1622 5510 1793 5562 usque
1826 5495 1891 5548 ad

307 5568 781 5637 expugnationem
828 5567 986 5620 urbis
1049 5567 1232 5637 Romae
1280 5564 1348 5637 ab
1392 5565 1624 5637 Δἐμοι-ιω
1669 5566 1888 5627 factam,

309 5633 632 5707 opussuum
661 5637 938 5707 perduxit,
975 5645 1127 5707 utiex
1161 5635 1339 5707 Photii
1385 5633 1706 5707 bibliotheca
1753 5650 1890 5707 con-

311 5704 442 5764 stat.
484 5704 756 5763 Caeterum
793 5706 993 5772 exhoc
1035 5705 1250 5773 Evagrii
1284 5721 1345 5758 ac
1405 5704 1696 5773 Nicéphori
1749 5706 1889 5766 loco,

317 5779 564 5844 Vossius,
600 5779 653 5833 in
686 5779 826 5833 libro
867 5777 940 5830 De
977 5776 1246 5830 Historiris
1281 5774 1494 5838 Crmcis,
1527 5775 1753 5829 aliirmat
1787 5774 1890 5825 Im

2005 4601 2157 4639 suam
2185 4585 2516 4644 terminavit.
2556 4587 2835 4639 autetiam
2881 4585 2974 4636 diu
3009 4594 3130 4652 post
3161 4585 3303 4643 illos,
3359 4588 3581 4643 vixisse.

2003 4656 2163 4710 Certe
2194 4654 2471 4706 Zosirnum
2518 4655 2686 4716 hunc,
2718 4657 2861 4707 circa
2907 4655 3181 4706 Anastasii
3233 4656 3584 4722 imperatoris

2005 4737 2252 4793 tempora
2308 4724 2510 4777 vixisse
2540 4724 2814 4776 existimo.
2853 4724 2982 4776 Nam
3025 4735 3081 4776 et
3120 4725 3577 4793 Olympiodorum

2003 4796 2300 4849 Thebaeum
2321 4794 2476 4856 citat,
2499 4795 2591 4861 qui
2617 4794 2720 4845 sub
2740 4793 3049 4847 Theodosio
3067 4795 3293 4848 Juniore
3307 4796 3583 4852 historiam

2003 4881 2157 4918 suam
2197 4863 2438 4929 scripsit,
2478 4872 2537 4915 ut
2593 4872 2824 4916 testatur
2870 4864 3125 4925 Photius;
3188 4873 3242 4917 et
3292 4863 3582 4934 Syrianum

2004 4933 2694 5008 philosophumnominat,
2731 4934 2823 5008 qui
2872 4934 3048 4987 Procli
3107 4933 3368 5008 Diadoehi
3406 4953 3570 5008 mag.-

2002 5002 2114 5058 ister
2143 5005 2263 5057 fuit.
2289 5002 2637 5074 Vixitauﬁtem
2669 5004 2893 5056 Proclus
2920 5005 3262 5074 temporibus
3283 5002 3576 5062 Anastasii.

2003 5075 2247 5142 Denique
2276 5073 2473 5125 Suidas
2499 5073 2778 5125 Zosimum
2812 5073 3116 5141 sophistam
3157 5077 3354 5128 vixisse
3386 5077 3582 5133 scribit

2004 5156 2267 5212 regnante
2297 5144 2604 5196 Anastasio.
2641 5145 2814 5207 Quem
2855 5144 3078 5211 quidem
3132 5145 3388 5198 existimo
3421 5163 3578 5200 euin-

2001 5217 2124 5267 dem
2191 5230 2309 5266 esse
2375 5227 2498 5284 cum
2568 5213 2785 5266 Zosimo
2853 5213 3210 5268 historiarum
3282 5218 3572 5284 scriptore.

1999 5285 2226 5337 Plurimi
2254 5284 2400 5338 enim
2438 5282 2688 5336 rhetores
2715 5299 2776 5336 ac
2817 5284 3099 5351 suphistw,
3127 5285 3192 5338 ad
3225 5282 3576 5340 scribendam

2000 5355 2287 5407 historiam
2326 5366 2383 5407 se
2409 5353 2788 5412 contulerunt.
2813 5362 2870 5404 ut
2899 5367 3012 5406 tum
3035 5370 3101 5408 ex
3130 5355 3388 5424 Dionysio
3425 5355 3578 5410 Hali-

1998 5439 2326 5485 carnasseo,
2389 5435 2502 5477 tum
2552 5440 2618 5476 ex
2672 5425 2795 5476 aliis
2855 5424 3163 5478 innumeris
3212 5435 3449 5479 constat.
3513 5428 3576 5481 Et

1997 5494 2250 5547 advocati
2287 5495 2399 5550 fisci
2460 5493 2700 5562 dignitas
2733 5509 2839 5562 qua
2874 5508 3105 5549 ornatur
3161 5495 3431 5560 Zosiiuus,
3465 5512 3574 5551 non

1997 5566 2232 5618 multum
2271 5565 2533 5619 abhorret
2557 5581 2586 5616 a
2617 5562 2944 5632 Saphistica.

2067 5635 2177 5710 (9i!)
2209 5637 2304 5687 Ἐν
2331 5635 2410 5710 τώ
2435 5633 2624 5710 dress.)
2646 5635 2825 5703 Mm).
2869 5633 2966 5690 llic
2997 5634 3227 5710 Eusebii
3248 5635 3404 5710 locus
3439 5637 3575 5710 legi-

2000 5706 2419 5777 turiueap.28
2467 5704 2592 5758 libri
2647 5710 2763 5769 vur',
2798 5719 2866 5757 ex
2919 5722 3030 5776 quo
3084 5707 3448 5777 corrigendus
3490 5704 3574 5764 est

2000 5776 2262 5844 Evagrius
2281 5785 2485 5832 noster.
