4096 6482
302 417 440 483 9ἑ39

1245 418 1629 480 ΗΙΞΤΟΒΙιΕ
1671 417 2266 479 ECCLESIASTICIE
2306 407 2536 477 LIBER
2579 417 2690 478 III.

3426 425 3567 487 26913

309 529 545 600 πομινη.
588 528 880 597 ’Δρμένειά
903 544 960 581 τε
981 531 1074 580 καὶ
1102 529 1170 583 τὰ
1188 528 1556 600 πλησιάζοντα
1589 527 1715 596 ἔθνη
1762 527 1877 580 Ῥωι

1996 525 2290 596 Egyptum
2349 527 2512 593 rexit,
2568 539 2627 584 ut
2680 529 2749 586 ab
2805 532 3162 588 historiarum
3218 536 3582 603 scriptoribus

307 621 490 690 μσίοις
521 620 852 691 προσετέθη,
897 619 1017 689 μεθ’
1055 620 1256 692 ἑτέρων
1291 624 1546 689 ἱστορεῖς.
1583 619 1797 690 Μικροῦ
1830 619 1886 669 δέ

305 729 373 777 με
405 711 651 764 διέλαθεν
686 709 721 763 ἃ
752 712 816 763 σὺ
863 712 1089 780 γράφεις
1134 712 1224 764 τὸν
1255 713 1668 764 Κωνσταντῖνον
1720 728 1886 764 κατα·

303 803 640 874 πράξασθαι,
676 803 820 870 μάλα
864 803 1134 870 γεννικῶς
1179 807 1270 858 καὶ
1311 804 1572 872 ἀνδρείως
1604 805 1703 872 τῆς
1750 805 1886 856 Ῥω-

305 897 483 964 μαίων
542 896 958 964 ἐξηγησάμενον
1033 899 1210 967 ἀρχῆς
1271 898 1408 966 μετὰ
1458 897 1557 965 τῆς
1611 896 1886 966 ἡμετέρας

301 986 626 1057 θρησκείας,
666 988 760 1038 καὶ
805 983 893 1039 οἷα
934 986 1205 1040 πέπονθεν
1256 987 1542 1050 Ἰουλιανὸς
1587 990 1614 1040 6
1654 989 1744 1049 σὸς
1794 988 1885 1039 καὶ

297 1079 414 1132 τῶν
444 1078 552 1130 σῶν
578 1078 782 1148 ὀργίων
814 1077 1109 1148 Θιασὼτης,
1139 1077 1444 1146 τηλικαῦτα
1486 1078 1776 1146 τραύματα
1815 1083 1882 1146 τῇ

301 1170 554 1240 πολιτείᾳ
587 1169 1018 1233 καταλελοιπώς,
1051 1171 1112 1221 Ei
1147 1169 1202 1221 δέ
1251 1188 1303 1221 τι
1333 1170 1442 1220 τῶν
1476 1168 1878 1238 προφητευοένο

296 1277 411 1314 των
453 1262 580 1328 περὶ
638 1260 738 1328 τῆς
791 1261 887 1312 τοῦ
938 1261 1147 1328 κόσμου
1193 1261 1449 1329 τελευτῆς
1508 1260 1541 1329 ἢ
1597 1259 1882 1327 προοίμιον

300 1353 549 1422 εἴληφεν,
608 1351 641 1422 ἢ
681 1354 776 1404 καὶ
822 1353 883 1404 τὸ
933 1353 1105 1422 πέρας
1152 1352 1384 1414 δέξεται,
1435 1350 1679 1420 μείζονος
1736 1353 1882 1402 ἐστιν

297 1444 637 1514 οἰκονομίας,
679 1443 713 1512 ἢ
769 1443 910 1496 κατὰ
965 1444 1046 1496 σέ.
1113 1443 1492 1510 Ἑξετασωμεν
1539 1441 1594 1492 δὲ
1622 1443 1669 1492 εί
1712 1441 1878 1500 δοκεῖ,

296 1540 448 1598 ὅπως
471 1537 521 1588 οἱ
550 1535 616 1587 τὰ
663 1534 933 1602 Ἐλλήνων
980 1534 1420 1604 πρεσϐεύσαντες
1474 1533 1735 1601 βασιλεῖς.
1790 1534 1882 1584 καὶ

295 1633 447 1694 ὅπως
503 1633 552 1683 οἱ
591 1630 667 1684 τὰ.
708 1630 802 1682 τοῦ
838 1631 1078 1699 Χριστοῦ
1137 1628 1503 1692 ζηλώσαντες,
1573 1631 1672 1698 τὴν
1733 1629 1880 1698 βασι-

295 1723 454 1776 λείαν
491 1720 780 1774 ἀπέθεντο.
809 1721 882 1772 Ού
936 1720 1154 1790 πρῶτος
1213 1722 1371 1780 Γαῖος
1425 1720 1640 1781 Ἰούλιος
1668 1722 1881 1787 Καῖσαρ

300 1814 680 1883 μοναρχήσας,
731 1810 1111 1880 δολοφονηθείς
1165 1810 1254 1862 τὸν
1299 1811 1412 1878 βίον
1475 1809 1883 1878 κατέστρεψεη

292 1906 358 1956 οὐ
393 1904 647 1970 δεύτερον
683 1902 780 1955 τὸν
811 1901 1035 1968 ἔκγονον
1059 1901 1311 1970 Τεϐερίου
1349 1901 1509 1953 Γάϊον
1533 1901 1642 1952 τῶν
1674 1901 1729 1952 ἐν
1771 1902 1882 1962 τοῖς

296 1995 712 2065 στρατεύμασιν
748 1993 878 2046 ἔνιοι
938 1991 1115 2059 ξίφεσι
1156 1992 1545 2060 διεχρήσαντος
1596 1991 1654 2043 οὐ
1692 1992 1881 2056 Νέρων

295 2086 434 2154 πρός
469 2101 616 2147 τινος
655 2083 766 2135 τῶν
805 2084 1023 2135 οἰκείων
1085 2083 1366 2152 ἀνῃρέοης
1411 2082 1480 2140 ,οὐ
1550 2082 1758 2143 Γάλϐας
1815 2083 1884 2132 τὰ

301 2179 654 2248 παραπλήσια
717 2177 1018 2239 πέπονθενς
1071 2175 1252 2228 Ὄοων
1281 2193 1338 2227 τε
1376 2175 1491 2227 καὶι
1523 2174 1794 2235 Βιτέλλιος
1829 2175 1877 2225 οἱ

291 2271 445 2339 τρεῖς
475 2265 899 2337 βασιλεύσαντες
930 2265 1124 2335 μόνους
1154 2265 1451 2318 ἑκκαίδεκα
1490 2266 1685 2333 μῆνας.
1722 2265 1880 2317 Τῖτον

292 2360 352 2412 δὲ
396 2359 822 2429 βασιλεύσαντα,
843 2358 903 2410 οὐ
936 2357 1262 2427 Δομετιανὸς
1315 2359 1631 2427 φαρμάκοις
1656 2355 1882 2425 ἀδελφὸν

289 2449 426 2504 ὄντα
474 2467 538 2518 γε
596 2449 787 2514 αὐτοῦ,
836 2449 1085 2514 ἀνεῖλεν;
1122 2451 1181 2502 οὗ
1233 2450 1560 2517 Δομετιανὸς
1620 2448 1755 2517 πρὸς
1787 2446 1879 2499 τοῦ

291 2541 569 2608 Στεφάνου
602 2541 852 2604 δειλαίως
870 2542 977 2592 τῶν
1008 2541 1262 2594 ἐντεῦθεν
1294 2539 1571 2610 μετέστης
1615 2541 1680 2592 Τί
1707 2538 1763 2590 δὲ
1787 2539 1884 2592 καὶ

289 2630 424 2697 περὶ
453 2628 698 2698 Κομόδου
716 2629 822 2697 φής
853 2644 868 2692 ;
893 2630 1004 2697 Οὐχ
1034 2624 1186 2690 οὗτος
1215 2629 1318 2681 ὑπὸ
1340 2629 1652 2699 Ναρκίσσου
1668 2628 1882 2697 τὸνβίον

289 2719 598 2784 duilium;
663 2717 935 2788 Περτίναξ
959 2719 1026 2785 ⁸⁸,
1051 2721 1145 2771 καὶ
1164 2721 1469 2786 Ἰουλιανὸς,
1487 2723 1547 2773 οὐ
1575 2720 1682 2772 τῶν
1703 2722 1882 2772 αὐτῶν

288 2807 512 2877 ἔτυχονς
555 2810 872 2873 ’Λντωνίνος
908 2810 962 2861 δὲ
992 2813 1020 2863 6
1052 2813 1318 2880 Σευῆρον,
1339 2812 1398 2863 οὐ
1433 2813 1600 2864 Γέταν
1617 2813 1707 2864 τὸν
1727 2811 1882 2868 ἀδελ-

288 2899 393 2966 φὸν
446 2899 758 2969 διέφθειρε,
821 2899 892 2952 τὰ
942 2901 1300 2971 παραπλήσια
1338 2903 1433 2955 καὶ
1482 2903 1644 2965 αὐτὸς
1692 2903 1880 2955 παθὼν

288 2987 398 3038 ὑπὸ
427 2987 768 3058 Μαρτιαλίου
795 3006 810 3054 ;
839 2989 904 3040 Τί
937 2989 994 3041 δὲ
1025 2989 1121 3042 καὶ
1163 2991 1466 3060 Μακρῖνος,
1510 2993 1570 3044 οὐ
1604 2994 1730 3062 περὶ
1772 2993 1877 3046 Βυ-

287 3075 508 3136 ζῆντιον
557 3077 914 3148 αἰχμαλώτου
973 3079 1130 3148 δίκην
1185 3081 1525 3150 περιαχθεὶς,
1589 3084 1729 3152 πρὸς
1770 3085 1878 3135 τίν

287 3168 574 3238 σφετέρων
617 3170 970 3240 στρατιωτῶν
1029 3173 1429 3243 ὲμιαιφονήθης
1471 3175 1579 3228 Καὶ
1608 3176 1876 3245 Αὐρήλιος
1904 3219 1945 3276 C

283 3259 345 3311 δὲ
387 3259 704 3324 Ἀντωνῖνος
735 3265 763 3314 6
810 3262 871 3326 ἐξ
939 3263 1194 3334 Ἐμέσης,
1226 3265 1286 3317 οὐ
1334 3266 1471 3334 μετὰ
1515 3268 1612 3336 τῆς
1669 3268 1876 3339 μητρὸς

284 3349 646 3418 κατεσφάγη;
681 3350 741 3402 Ὀ
772 3349 829 3401 δέ
855 3367 918 3417 γε
954 3351 1070 3420 μετ’
1091 3352 1252 3404 αὑτὸν
1295 3353 1667 3422 Ἀλέξανδρος,
1703 3355 1765 3406 οὐ
1799 3353 1876 3424 τῷ

285 3437 442 3506 αὐτῷ
477 3439 576 3490 σὺν
615 3443 680 3510 τῇ
739 3441 910 3510 μητρὶ
960 3443 1351 3510 περιπέπτωκε
1383 3443 1660 3514 δράματις
1705 3446 1769 3498 Τί
1808 3445 1874 3498 ἂν

282 3529 538 3597 εἰποιμεν
562 3530 657 3582 καὶ
683 3533 811 3600 περὶ
831 3532 1161 3600 Μαξιμίνου,
1190 3534 1325 3601 πρὸς
1355 3535 1451 3603 τῆς
1468 3535 1675 3598 οἰκείας
1705 3553 1875 3605 στρα-

285 3621 412 3680 τιᾶς
468 3622 944 3691 ἀναιρεθέντος,ἢ
1013 3623 1306 3694 Γορδιανοῦ
1371 3625 1871 3696 ἐπιϐουλεύμασι⁸¹

281 3711 561 3764 Φιλίππου
598 3714 702 3765 ὑπὸ
744 3714 854 3766 τῶν
894 3716 1113 3768 οἰκείων
1152 3718 1504 3784 στρατιωτῶν
1541 3711 1638 3787 τῆν
1671 3719 1874 3773 τέλειον

283 3803 613 3867 ύττελθὸντος
643 3806 892 3874 ήμέραν;
917 3807 1056 3874 Λέγε
1081 3807 1138 3858 δὲ
1187 3807 1275 3868 σὺ,
1307 3808 1452 3870 ὅπως
1499 3825 1556 3860 τε
1586 3809 1870 3874 Φίλιππος,

281 3893 440 3948 καὶὸ
477 3897 595 3964 μετ’
647 3897 811 3948 αὑτὸν
868 3898 1080 3960 Δέκιος,
1137 3901 1236 3969 οὐχ
1291 3899 1398 3951 ὑπὸ
1447 3899 1558 3952 τῶν
1597 3902 1873 3970 πολεμίων

278 3984 659 4062 διτςθάρησαν
689 4004 704 4052 ;
742 3988 837 4040 καὶ
875 3988 1074 4052 Γάλλος
1118 3990 1174 4042 δὲ
1206 3992 1299 4042 καὶ
1329 3989 1740 4056 Βουλουσιανὸς,
1774 3994 1871 4063 οὐχ

280 4077 390 4128 ὑπὸ
420 4077 530 4128 τῶν
571 4079 787 4131 οἰκείων
830 4080 1113 4150 δυνάμεων
1161 4081 1261 4151 τῆς
1288 4082 1438 4151 σφῶν
1463 4083 1606 4152 ζωῆς
1632 4084 1871 4154 ἐξώσθη-

283 4185 388 4220 σαν
415 4185 428 4228 ;
453 4169 516 4220 Τί
537 4169 651 4229 δαὶ,
677 4171 768 4222 καὶ
801 4173 1138 4240 Αἰμιλιανὸς,
1172 4176 1231 4226 ού
1268 4179 1381 4236 τοῖς
1424 4177 1610 4239 αὐτοῖς
1644 4180 1876 4245 περιπέ-

281 4274 538 4325 πτωκενς
575 4259 943 4329 Οὐαλεριανὸς
975 4262 1052 4327 δὲ,
1089 4263 1148 4314 οὗ
1185 4263 1522 4333 δορυάλωτος
1558 4267 1869 4333 γενόμενος,

277 4349 391 4400 ὑπὸ
431 4349 660 4420 Περσῶν
695 4351 1025 4422 περιήγετο;
1061 4353 1354 4424 Γαλλιήνου
1381 4354 1435 4406 δὲ
1487 4355 1871 4425 δολοςονηῡέν-

275 4455 395 4500 τος,
431 4439 527 4490 καὶ⁷
561 4441 804 4508 Καρίνου
832 4443 1289 4510 σφαγιασθέντος,
1315 4447 1372 4504 ὲς
1395 4445 1774 4514 Διοκλητιανὺν
1805 4447 1869 4498 τὰ

1997 614 2262 666 traditum
2299 623 2403 670 est.
2433 613 2550 668 Jam
2573 632 2706 671 vero
2731 629 2865 688 quot
2899 622 3153 691 regiones
3172 622 3442 690 adempta:
3471 622 3580 678 sint

1995 704 2179 760 Persis
2211 720 2241 758 a
2267 705 2527 759 Ventidio
2557 716 2612 760 et
2640 724 2668 761 a
2698 707 3017 765 Corbulone
3066 711 3303 766 Neronis
3333 714 3506 767 duce:
3549 729 3578 768 a

1996 796 2203 850 Severo
2242 798 2372 850 item
2404 813 2467 850 ac
2497 799 2734 867 Trajano
2759 811 2814 855 et
2844 801 3019 863 Caro;
3052 818 3080 856 a
3115 802 3307 858 Cassio
3358 821 3580 874 quoque

1994 897 2050 942 et
2076 887 2378 942 Odaenatho
2408 890 2736 960 Palmyreno
2770 901 2824 946 et
2871 895 3166 963 Apollonio
3215 905 3271 950 et
3322 896 3391 949 ab
3424 897 3576 950 aliis:

1998 980 2218 1050 quoties
2253 992 2520 1050 praeterea
2541 983 2793 1038 Seleucia
2823 996 2880 1039 et
2901 985 3202 1057 Ctesiphon
3225 989 3391 1042 urbes
3406 999 3580 1056 capta:

1991 1073 2138 1136 sint;
2171 1075 2391 1141 quoties
2421 1075 2651 1137 Nisibis,
2685 1093 2833 1131 nunc
2863 1078 2928 1131 ad
2972 1079 3270 1142 Romanos,
3329 1096 3479 1132 nunc
3510 1079 3576 1133 ad

1992 1165 2186 1218 Persas
2247 1167 2556 1229 transiens;
2611 1167 2864 1221 Armenia
2927 1169 3168 1238 denique
3215 1185 3278 1224 ac
3336 1170 3578 1224 ﬁnitima:

1991 1265 2182 1324 gentes
2218 1257 2468 1312 Romano
2500 1259 2734 1328 imperio
2775 1261 3050 1330 adjuncta;
3079 1262 3312 1327 fuerint;
3349 1273 3404 1316 tu
3472 1279 3577 1318 una

1991 1363 2115 1401 eum
2162 1349 2390 1418 reliquis
2420 1350 2789 1418 scriptoribus
2821 1353 3016 1405 refers.
3057 1351 3162 1405 Sed
3225 1369 3363 1421 pene
3386 1355 3580 1407 omise-

1994 1454 2108 1491 ram
2143 1455 2204 1490 ea
2240 1456 2360 1506 quae
2383 1447 2437 1491 tu
2477 1441 2677 1492 scribis
2709 1441 2960 1494 confecta
2982 1457 3103 1496 esse
3127 1458 3155 1494 a
3190 1442 3576 1502 Constantino,

1991 1529 2085 1598 qui
2112 1545 2236 1582 enm
2264 1541 2505 1584 nostram
2534 1533 2856 1600 religionem
2885 1532 3259 1599 profiteretur,
3288 1533 3576 1599 imperium

1991 1617 2300 1670 Romanum
2348 1628 2574 1672 strenue
2633 1636 2694 1671 ac
2751 1620 2970 1671 fortiter
3014 1620 3425 1672 administiavit
3465 1639 3476 1672 :
3522 1630 3580 1675 et

1990 1718 2192 1778 quanta
2244 1725 2540 1778 perpessus
2590 1709 2660 1763 sit
2713 1710 2964 1764 Julianus
3014 1721 3176 1773 tuus,
3253 1710 3575 1764 eorumdem

1993 1809 2174 1854 tecum
2209 1799 2597 1868 mysteriorum
2647 1799 2943 1868 particeps,
2990 1800 3085 1868 qui
3148 1809 3226 1853 tot
3277 1817 3339 1854 ac
3399 1810 3577 1856 tantas

1921 1878 1961 1932 Β
1988 1891 2384 1944 eladesintulit
2415 1891 2754 1959 reipublicae.
2793 1891 2987 1946 Utrum
3028 1907 3160 1945 vero
3207 1908 3400 1946 eorum
3453 1909 3576 1962 qua

1985 1984 2052 2036 de
2088 1984 2277 2036 mundi
2301 1983 2452 2035 exitu
2479 1983 2739 2051 praadieta
2767 1992 2916 2044 sunt,
2953 1984 3417 2052 autaliquodjam
3447 2001 3575 2053 pro-

1989 2073 2203 2128 ludinm
2232 2074 2532 2142 acceperit,
2565 2082 2660 2125 aut
2694 2074 2857 2127 tinem
2889 2075 3190 2128 sortiturus
3236 2078 3327 2138 sit,
3362 2076 3580 2131 altioris

1985 2173 2070 2217 est
2111 2164 2566 2232 dispensationis,
2599 2181 2760 2232 quam
2790 2175 2848 2218 ut
2903 2181 2960 2219 tu
2997 2183 3192 2237 capere
3227 2169 3425 2236 possis.
3468 2169 3578 2222 Ex-

1985 2256 2292 2326 pondamus
2322 2265 2530 2319 autem,
2562 2261 2604 2309 si
2641 2257 2840 2325 placet,
2865 2273 3104 2326 quonam
3134 2259 3298 2310 modo
3334 2259 3574 2326 impera-

1985 2356 2137 2401 tores
2167 2347 2262 2415 qui
2310 2347 2602 2415 gentilium
2656 2349 3110 2416 superstitionem
3149 2348 3572 2416 profitebantur,

1983 2449 2038 2494 et
2071 2454 2311 2508 quonam
2367 2439 2532 2492 modo
2554 2441 2646 2508 qui
2696 2441 3023 2504 religionem
3076 2440 3285 2495 Christi
3333 2441 3571 2510 amplexi

1983 2539 2135 2595 sunt,
2175 2532 2443 2601 regnandi
2503 2533 2669 2586 simul
2726 2549 2790 2586 ac
2826 2534 3049 2587 vivendi
3101 2535 3265 2587 finem
3309 2533 3567 2588 fecerint.

1985 2624 2182 2677 Annon
2213 2623 2380 2678 Caius
2421 2624 2604 2677 Julius
2649 2623 2850 2687 Caesar,
2885 2627 2980 2694 qui
3029 2626 3242 2694 primus
3294 2626 3570 2693 singulare

1982 2712 2275 2781 imperium
2334 2713 2596 2775 obtinuit.
2661 2730 2769 2783 per,
2807 2714 3061 2768 fraudem
3135 2725 3302 2784 atque
3344 2715 3574 2768 insidias

1983 2801 2336 2868 interfectus,
2368 2820 2434 2857 ex
2463 2803 2568 2857 hac
2601 2804 2722 2858 luce
2756 2805 3046 2874 migravit?
3094 2805 3292 2858 Annon
3328 2805 3570 2858 alterum

1980 2893 2175 2948 Caium
2242 2895 2450 2948 Tiberii
2505 2902 2786 2963 nepotem,
2835 2895 3060 2964 quidam
3127 2895 3332 2949 milites
3375 2895 3576 2962 gladiis

1980 2987 2396 3040 obtruncarunt
2419 2988 2442 3038 ?
2465 2987 2726 3055 Nunquid
2752 2987 2898 3040 Nero
2936 3003 2963 3040 a
2997 2986 3234 3054 quodam
3265 3002 3330 3038 ex
3385 2987 3573 3040 domev

1982 3080 2142 3133 sticis
2173 3077 2486 3132 trucidatus
2507 3077 2624 3130 est?
2664 3077 2860 3130 Annon
2883 3077 3055 3130 Galba
3085 3075 3321 3128 similem
3357 3075 3570 3128 exitum

1981 3173 2107 3226 vita:
2153 3171 2349 3224 habuit
2387 3188 2400 3222 :
2442 3167 2588 3224 Otho
2643 3169 2774 3221 item
2821 3183 2885 3222 ac
2912 3168 3170 3222 Vitellius
3207 3184 3221 3220 :
3283 3169 3378 3236 qui
3435 3177 3574 3230 tres.

1979 3262 2220 3318 sedecim
2287 3260 2556 3314 duntaxat
2621 3260 2896 3313 mensium
2970 3258 3149 3327 spatio
3209 3257 3570 3326 imperarunt.

1978 3355 2165 3408 Titum
2192 3367 2418 3422 quoque
2464 3353 2859 3419 imperatorem
2917 3349 3170 3417 nunquid
3227 3348 3574 3402 Domitianus

1976 3448 2097 3517 ejus
2127 3446 2300 3500 frater
2330 3460 2544 3499 veneno
2564 3441 2881 3497 interfecit?
2913 3441 3032 3509 lpse
3055 3455 3188 3493 vero
3226 3439 3575 3493 Domitianus

1977 3537 2228 3606 nunquid
2251 3552 2279 3589 a
2300 3535 2587 3604 Stephano
2603 3541 2850 3593 necatus,
2879 3530 3183 3585 miserabili
3204 3531 3355 3584 exitu
3382 3527 3574 3599 periit?

1976 3628 2120 3696 Quid
2145 3627 2213 3682 de
2245 3624 2550 3682 Commodo
2579 3621 2773 3678 dices?
2806 3621 3002 3675 Annon
3030 3620 3108 3674 illi
3151 3619 3314 3690 377
3345 3619 3567 3672 Narcis-

1977 3736 2074 3776 sus
2107 3719 2382 3773 violentas
2409 3731 2608 3770 manus
2654 3714 2874 3770 intulit?
2935 3714 3192 3768 Pertinax
3243 3727 3462 3780 quoque
3513 3717 3596 3764 et.

1973 3813 2254 3872 Julianus,
2301 3809 2552 3876 nunquid
2589 3807 2790 3862 similia
2843 3806 2985 3875 passi
3031 3803 3200 3857 sunt?
3255 3802 3374 3857 Jam
3435 3816 3569 3856 vero

1973 3905 2286 3959 Antoninus
2311 3901 2497 3956 Severi
2532 3899 2700 3957 ﬁlius.
2725 3913 2910 3952 nonne
2933 3896 3123 3952 Getam
3147 3896 3370 3949 fratrem
3392 3893 3573 3946 inter-

1973 3994 2126 4053 fecit,
2151 4002 2208 4047 et
2240 3993 2357 4062 ipse
2391 3999 2581 4060 postea
2621 3989 2787 4042 simili
2831 3987 3027 4041 mortis
3057 4001 3258 4056 genere
3316 3984 3574 4039 sublatus

1973 4094 2057 4137 est
2089 4102 2117 4136 a
2147 4080 2437 4136 Martiale?
2473 4079 2615 4144 Quid
2641 4077 2939 4139 Macrinus,
2968 4092 3151 4130 nonne
3183 4076 3329 4128 circa
3355 4073 3566 4142 Byzan-

1977 4173 2112 4226 tium
2151 4171 2353 4240 eaptivi
2389 4169 2562 4222 instar
2581 4167 3021 4228 circumductus,
3049 4181 3077 4218 a
3131 4165 3247 4218 suis
3297 4163 3569 4215 niiiiiibns

1977 4265 2186 4318 nefarie
2214 4261 2526 4316 trucidatus
2583 4261 2703 4313 est?
2757 4258 3017 4312 Aurelius
3073 4257 3202 4310 item
3252 4253 3575 4307 Antoninus

1972 4366 2131 4410 ortus
2161 4371 2225 4409 ex
2253 4354 2390 4408 urbe
2423 4354 2642 4414 Emesa,
2670 4365 2854 4403 nonne
2887 4365 2993 4402 una
3041 4363 3164 4403 cum
3208 4356 3384 4400 matre
3430 4359 3568 4397 con-

1975 4449 2158 4502 fossus
2209 4445 2458 4499 interiit?
2513 4445 2576 4496 Et
2631 4442 2723 4511 qui
2780 4441 2858 4494 illi
2906 4439 3175 4494 successit
3223 4437 3562 4494 Alexander.

277 4527 591 4598 πράγματα
629 4531 916 4600 περιέστη,
946 4533 1040 4586 καὶ
1065 4533 1160 4596 οὓς
1189 4533 1350 4597 αὐτὸς
1382 4535 1556 4587 εἵλετο
1584 4537 1869 4606 συνάρχειν

1980 4553 2159 4592 nonne
2192 4535 2358 4590 simili
2391 4535 2543 4588 exitu
2575 4549 2680 4586 una
2716 4548 2840 4590 eum
2875 4541 3048 4586 matre
3107 4530 3352 4583 interiit?
3409 4530 3548 4595 Qui]

275 4621 468 4689 αὐτῷ·
502 4622 562 4686 ἐξ
587 4616 663 4675 ὧν
711 4623 1024 4694 Ἐρκούλιος
1053 4625 1399 4694 Μαξιμιανὸς
1445 4627 1536 4678 καὶ
1570 4627 1866 4692 Μαξέντιος

270 4718 304 4765 6
336 4713 531 4766 τούτου
566 4717 717 4779 παῖς,
749 4716 845 4768 καὶ
867 4717 1141 4780 Λικίννιος
1170 4718 1250 4778 δὲ,
1278 4719 1332 4780 ἐς
1354 4717 1555 4788 ἔσχατα
1579 4719 1868 4790 διεφθάρη-

275 4802 632 4870 σαν.⁹Εξοτου
660 4807 717 4860 δὲ
753 4810 1164 4872 Κωνσταντίνος
1194 4813 1222 4862 6
1278 4811 1632 4880 παναοίδιμος
1671 4829 1866 4881 παρει-

269 4899 443 4969 λήφει
497 4899 597 4970 τὴν
661 4900 857 4970 ἀρχὴν,
913 4903 1008 4954 καὶ
1054 4902 1154 4973 τὴν
1191 4902 1480 4972 ἐπώνυμον
1521 4904 1669 4973 αὑτῴ
1714 4905 1865 4957 πόλιν

307 4991 613 5060 ειμάμενος
643 4993 723 5062 τῷ
755 4993 977 5063 Χριστῷ
1008 4994 1383 5059 ἀνατέθεικεν,
1415 4994 1654 5064 ἄθρειδή
1696 5012 1785 5062 μοι
1818 4997 1871 5048 εἴ

270 5099 362 5143 τις
390 5083 500 5134 τών
539 5084 601 5134 ἐν
625 5084 764 5152 αὐτῇ
797 5083 1084 5152 βασιλέων,
1124 5085 1417 5138 Ἰουλιανοῦ
1444 5087 1568 5157 δίχα
1596 5086 1690 5138 τοῦ
1731 5089 1871 5157 ἱερο-

271 5173 490 5238 φάντου
515 5190 613 5226 σου
640 5175 737 5226 καὶ
764 5173 1056 5245 βασιλέως,
1089 5175 1123 5247 ἢ
1165 5177 1303 5246 πρὸς
1324 5175 1434 5228 τῶν
1462 5177 1733 5248 οίκείωνῆ
1765 5178 1873 5229 τῶν

269 5264 542 5319 ἐναντίων
571 5264 867 5336 διεφθάρη,
890 5265 924 5336 ἦ
951 5267 1089 5331 ὅλως
1127 5267 1394 5338 τύραννος
1435 5267 1702 5338 βασιλέως
1735 5285 1855 5321 κατ-

270 5355 702 5423 εδυνᾶστευσεν,
750 5357 783 5426 ἢ
834 5360 993 5427 μόνον
1059 5357 1386 5414 Βασιλίσκου
1411 5361 1526 5440 (962
1567 5361 1870 5428 ὲξώσαντος

1970 4629 2149 4683 dicam
2185 4628 2252 4682 de
2282 4627 2602 4688 Maximino,
2639 4625 2790 4694 quia
2815 4624 3056 4694 propriis
3093 4623 3362 4676 militibus
3412 4623 3548 4676 inte-

1969 4732 2219 4790 remptus
2252 4719 2374 4772 est?
2406 4719 2547 4785 Quid
2573 4717 2639 4772 de
2670 4717 2974 4777 Gordiano,
3019 4717 3112 4786 qui
3151 4716 3371 4769 insidiis
3425 4714 3544 4768 Phi-

1968 4817 2102 4888 lippi
2127 4833 2153 4887 a_
2187 4814 2460 4867 militibus
2478 4812 2592 4866 suis
2612 4822 2844 4864 necatus
2868 4811 3126 4864 ultimum
3151 4809 3297 4863 diem
3323 4805 3564 4860 Clausit?-

1965 4910 2084 4965 Jam
2115 4921 2247 4958 vero
2305 4904 2595 4972 Philippus
2638 4912 2695 4956 ot
2742 4903 2964 4961 Decius.
3022 4901 3112 4955 dic
3154 4899 3314 4962 mihi,
3348 4896 3553 4968 quaeso,

1973 5013 2156 5052 annon
2195 4996 2262 5050 ab
2294 4993 2548 5048 hostibus
2581 4991 2857 5047 interfecti
2884 4991 3050 5048 sunt?
3081 4990 3270 5044 Gallus
3302 4998 3484 5042 autem
3505 4999 3566 5042 et

1973 5089 2311 5145 Volusianus
2363 5101 2551 5141 nonne
2587 5101 2617 5139 a
2651 5085 2769 5139 suis
2797 5085 3138 5139 exercitibus
3165 5091 3295 5137 sunt
3338 5082 3516 5135 necati
3538 5079 3573 5133 τ

1971 5180 2306 5236 ΛΕιηίιίιιηιιε
2362 5194 2584 5248 quoque
2639 5191 2826 5231 nonne
2887 5177 3054 5230 simili
3112 5175 3264 5229 exitu
3323 5169 3575 5226 interiit?

1971 5271 2090 5326 Jam
2130 5268 2477 5330 Valerianus,
2515 5281 2700 5321 nonne
2735 5267 2788 5320 in
2829 5267 3016 5335 pra'lio
3044 5276 3258 5334 captus,
3287 5279 3318 5317 a
3380 5261 3574 5318 Persis

1971 5360 2392 5415 circumductus
2428 5357 2829 5428 estinenique
2870 5357 3122 5413 Gallieno
3158 5373 3255 5428 per
3310 5354 3563 5409 fraudem

1563 5476 1799 5532 νΑῐζΙΑῐ
1837 5474 1996 5530 LEC'I
2015 5473 2236 5529 IUNliS.

416 5569 477 5623 C.
500 5567 564 5623 C.
586 5569 856 5640 Περτίναξ
884 5588 965 5624 τε.
1045 5572 1166 5628 “C.
1195 5572 1256 5630 C.
1313 5573 1766 5642 ὲπιὸουλεύματι.

1490 5687 1757 5743 VALESH
1801 5682 2357 5738 ANNOTATIONES.

373 5778 465 5832 96)
532 5779 604 5830 Ἦ

350 5781 465 5845 (96)
532 5781 604 5830 Ἦ
675 5781 869 5846 μόνον
925 5781 1322 5840 Bato-etiamet).
1383 5783 1438 5835 ln
1490 5797 1633 5834 mam

272 5865 434 5903 orsu.
465 5848 678 5902 Mallem
714 5859 896 5902 tamen
918 5849 1122 5912 dicere,
1159 5852 1298 5920 πλὴν
1333 5854 1494 5921 μόνον
1525 5863 1633 5902 etc.

675 5780 869 5846 μόνον
925 5781 1322 5840 Bato-etiamet).
1383 5783 1438 5835 ln
1490 5780 1868 5847 manuscripto

1980 5776 2102 5830 dice
2136 5775 2446 5830 Telleriano
2507 5778 2777 5845 scriptum
2839 5770 3046 5834 inveni,
3074 5770 3108 5840 ἢ
3149 5767 3311 5836 μόνου
3346 5765 3569 5822 Basilio
