4096 6488
225 414 367 477 2705

1119 410 1505 471 HISTORLE
1546 410 2140 470 ECULEDLADtlU/‘E
2182 410 2413 469 LIBER
2456 410 2549 467 ιν.

3365 405 3505 466 9706

227 523 448 596 μεγάλα
486 522 696 586 δίδωσι,
761 523 1034 590 διανεῖμαι
1087 521 1349 584 κελεύσας
1400 523 1512 584 τοῖς
1565 522 1622 583 ές
1652 520 1812 572 τοῦτο

1922 519 2014 586 qui
2053 520 2118 573 ad
2144 519 2286 572 hanc
2313 535 2425 571 rem
2459 516 2857 571 conﬁciendam
2891 525 3048 568 erant
3088 516 3292 574 idonei,
3325 526 3380 567 et
3407 518 3501 583 qui

220 615 472 684 μάλιστα
520 611 886 682 ἐπιτηδείοις,
948 612 1081 673 οἵοις
1136 629 1192 662 τε
1251 609 1371 663 οὖσι
1427 613 1489 662 τὸ
1550 610 1818 680 ἁλουργὲς

227 704 424 774 σχῆμα
457 705 534 774 τῷ
565 705 842 774 Θεοκρίτῳ
879 705 1204 774 περιθεῖναι.
1242 708 1337 768 Ὃς
1377 707 1488 757 εἴτε
1518 705 1607 756 τὸν
1646 704 1817 772 δῆμον

224 799 346 857 τοῖς
375 797 655 866 χρήμασιν
689 795 1126 864 ἐξωνησάμενος,
1180 798 1290 848 εῐτε
1333 797 1432 866 τὴν
1465 796 1576 847 τῶν
1618 797 1817 848 καλου-

229 886 414 956 μένων
446 883 900 954 ἑκσκουὸιτὼρων
941 884 1174 946 εὔνοιαν,
1205 885 1338 954 φασὶ
1375 886 1484 956 γὰρ
1517 887 1603 937 ἐπ’
1636 885 1818 954 ἀμφό-

223 995 388 1048 τερα,
419 979 517 1047 τὴν
542 976 711 1047 ἀρχὴν
741 977 1116 1047 περιεϐάλετο.
1150 978 1359 1030 Αὐτίκα
1388 977 1522 1044 γοῦν
1555 977 1675 1046 μεθ’
1707 977 1820 1030 ἑτέ-

228 1087 369 1139 ρων,
414 1069 506 1121 τόν
543 1085 603 1120 τε
667 1069 958 1138 Ἀμάντιον
994 1067 1288 1138 Θεόκριτόν
1323 1085 1383 1121 τε
1427 1068 1487 1133 ἐξ
1513 1067 1819 1138 ἀνθρώπων

227 1160 518 1228 ἠφάνισεν.

829 1274 1080 1328 ΚΕΦΑΛ.
1141 1273 1213 1327 Γν.

276 1359 371 1427 Ὠς
406 1364 770 1420 Βιταλιανὸν
797 1365 1004 1419 ἀνεῖλε
1032 1365 1192 1432 δόλῳ
1243 1367 1276 1420 ό
1321 1366 1655 1434 ἰουστῖνος
1683 1367 1778 1438 (r).

301 1477 409 1527 Τὸν
458 1475 516 1529 δέ
567 1493 630 1544 γε
679 1475 1002 1529 Βιταλιανὸν
1035 1477 1128 1530 ἐπὶ
1161 1476 1262 1546 τῆς
1285 1477 1511 1550 Θρᾴκης
1553 1480 1822 1549 ποιούμε-

227 1585 319 1619 νον
354 1567 488 1635 (15).
515 1567 574 1627 ὃς
622 1567 975 1620 Ἀναστάσιον
999 1567 1199 1633 ἐξῶσαι
1225 1567 1325 1637 τῆς
1360 1567 1638 1637 βασιλείας
1664 1571 1819 1623 ἐϐουο

223 1659 391 1728 λήθη.
430 1659 567 1729 πρὸς
615 1660 710 1728 τὴν
749 1658 1162 1718 Κωνσταντίνου
1215 1659 1605 1729 μετακαλεῖται
1640 1662 1816 1729 πόλιν,

223 1751 412 1812 δείσας
446 1751 544 1820 μὲν
578 1749 743 1802 αὺτοῦ
779 1751 880 1819 τὴν
932 1751 1166 1820 δύναμιν
1211 1750 1308 1804 καὶ
1367 1750 1467 1822 τὴν
1496 1754 1640 1821 ἀμφὶ
1691 1753 1818 1816 τοὺς

1920 610 2217 665 Theocrito
2262 625 2563 678 purpuram
2609 609 2902 662 conciliare
2939 618 3212 677 poterant.
3256 607 3504 660 Justinus

1918 716 2073 765 vero,
2105 703 2220 756 sive
2244 701 2429 770 populi
2461 700 2742 770 sulfragia,
2773 699 2888 753 sive
2919 701 3305 753 excubitorum
3334 699 3503 752 bene-

1920 793 2215 847 volentiam
2258 809 2322 847 ea
2363 792 2597 861 pecunia
2808 791 3169 852 redemisset,
3209 799 3504 858 utrumque

1919 885 2069 939 enim
2112 885 2354 944 dicitur.
2415 885 2708 954 imperium
2756 883 3075 951 assumpsit.
3111 883 3210 948 Qui
3242 884 3506 937 continuo

1919 978 2233 1032 Amantium
2265 987 2321 1032 et
2349 978 2702 1035 Theocritum
2735 990 2860 1030 cum
2891 977 3016 1030 aliis
3035 976 3314 1030 nonnullis
3340 992 3369 1029 e
3392 990 3506 1029 me-

1920 1069 2014 1123 dio
2050 1071 2295 1125 sustulit.

2569 1267 2720 1324 CAP.
2764 1268 2854 1322 Ill.

1923 1361 2194 1428 Quomodo
2215 1361 2456 1415 Justinus
2483 1361 2809 1417 Vitalianum
2841 1379 2932 1433 per
2957 1363 3199 1432 fraudem
3220 1361 3506 1416 interemit.

1990 1473 2327 1531 Vitalianum
2369 1491 2500 1531 vero
2545 1477 2600 1531 in
2632 1478 2871 1532 Thracia
2903 1477 3221 1548 degentem,
3251 1477 3347 1546 qui
3367 1477 3511 1530 Ana-

1921 1564 2154 1620 stasium
2180 1549 2427 1634 imperio
2459 1581 2664 1621 exuere
2698 1577 2930 1622 conatus
2969 1568 3169 1630 fuerat,
3195 1566 3512 1622 Constanti-

1919 1658 2162 1727 nopolim
2195 1660 2448 1713 evocavit
2475 1677 2488 1712 :
2520 1659 2821 1730 potentiam
2849 1661 3073 1730 quidem
3116 1662 3238 1730 ejus
3265 1671 3321 1714 et
3359 1659 3512 1729 peri-.

1920 1747 2055 1802 tiam
2098 1749 2177 1803 rei
2212 1749 2489 1814 militaris,
2533 1751 2918 1820 pervulgatam
2949 1766 3172 1820 quoque
3213 1751 3358 1819 apud
3387 1766 3506 1802 om-

223 1841 498 1908 πολέμους
532 1842 850 1909 ἐμπειρίαν,
907 1840 969 1892 τό
1000 1858 1060 1893 τε
1114 1841 1270 1909 παρὰ
1321 1843 1456 1893 πᾶσι
1502 1841 1683 1905 κλέος,
1721 1844 1814 1894 καὶ

1920 1861 2020 1900 nes
2052 1845 2296 1900 nominis
2333 1847 2453 1916 ejus
2499 1846 2725 1909 famam,
2775 1856 2831 1901 et
2877 1845 3247 1915 adispiscendi
3290 1845 3502 1913 imperii

225 1935 297 2000 ἣν
348 1927 462 2000 εἶχε
504 1935 631 2000 περὶ
679 1933 779 2001 τὴν
825 1931 1108 2000 βασιλείαν
1165 1934 1373 2001 ἔφεσιν.
1400 1933 1720 1995 Εὐθυϐόλως
1758 1933 1815 1986 δὲ

227 2027 558 2093 ἐπιστήσας,
593 2026 668 2088 ὡς
689 2028 787 2094 οὐχ
819 2026 1020 2095 ἑτέρως
1050 2025 1212 2078 αὑτοῦ
1240 2026 1578 2096 περιέσεται,
1615 2027 1814 2098 μήτιγε

220 2119 378 2186 φίλος
407 2114 544 2172 εἶναι
580 2118 1034 2186 προσποιήσαιτο,
1061 2116 1157 2170 καὶ
1184 2117 1263 2188 τῷ
1285 2117 1424 2188 δόλῳ
1459 2121 1810 2188 προσωπεῖον

221 2209 621 2277 ἀνεξέλεγκτον
678 2209 950 2279 περιθεὶς,
987 2210 1294 2280 στρατηγὸν
1339 2210 1502 2264 αὑτὸν
1544 2212 1662 2275 ἐνὸς
1704 2213 1813 2264 τῶν

221 2302 578 2370 χχλουμένων
599 2301 944 2371 πραισέντων
983 2302 1095 2367 (Η)
1125 2301 1528 2356 ἀναδείκνυσιν.
1558 2302 1735 2356 Πλείω
1755 2304 1810 2357 δὲ

219 2397 288 2461 τῇ
323 2391 498 2445 πειθοῖ
520 2391 564 2423 ⁸⁸
589 2392 774 2461 χώραν
808 2391 1008 2454 διδοὺς,
1039 2392 1127 2443 ἐπ’
1160 2390 1409 2460 ἐξαπάτῃ
1455 2391 1688 2460 μείζονι.
1715 2393 1812 2444 καὶ

220 2487 279 2544 ἐς
332 2483 569 2546 ὑπάτους
598 2485 689 2536 τὸν
740 2481 1061 2536 Βιταλιανὸν
1107 2482 1452 2546 ἀναϐιόἀζει.
1497 2477 1670 2546 οὖτος
1711 2484 1810 2555 τῆς

220 2575 486 2635 ὑπατείας
533 2578 790 2644 ἐχόμενος
845 2573 982 2642 (15),
1013 2574 1204 2643 ἐπειδὴ
1251 2573 1395 2626 κατὰ
1453 2575 1522 2627 τὰ
1560 2574 1811 2645 βασίλεια

219 2669 471 2734 γέγονεν.
517 2666 573 2719 ἐν
608 2684 710 2719 τινι
752 2665 1057 2736 μεταυλείῳ
1092 2665 1233 2736 Θύρᾳ
1281 2664 1392 2736 (16)
1430 2665 1812 2736 δολοφονηθεὶς

1921 1937 2284 2008 cupiditatem
2353 1937 2739 1992 reformidans.
2810 1938 3085 1993 Caeterum
3145 1953 3270 1992 eum
3329 1936 3507 2007 sagaci

1923 2028 2108 2083 animo
2147 2029 2492 2098 praevidisset
2537 2043 2595 2084 se
2649 2044 2932 2098 nunquam
2976 2029 3128 2083 illum
3171 2030 3226 2082 iu
3266 2035 3508 2098 potesta-

1923 2128 2031 2174 tem
2081 2135 2237 2174 suam
2287 2121 2645 2176 redacturum
2691 2135 2836 2182 esse,
2879 2119 2988 2173 nisi
3036 2120 3334 2174 amicitiam
3381 2135 3509 2188 erga

1919 2226 2047 2266 eum
2090 2212 2398 2277 simularet,
2456 2213 2709 2267 fraudem
2754 2213 2911 2266 vultu
2947 2222 3166 2282 tegens,
3203 2212 3276 2266 ita
3318 2219 3379 2264 ut
3407 2211 3505 2265 de-

1919 2302 2190 2372 prehendi
2237 2318 2346 2357 non
2404 2312 2628 2372 posset,
2684 2319 2811 2357 eum
2864 2303 3189 2372 magistrum
3230 2302 3392 2355 unius
3440 2318 3507 2354 ex

1921 2390 2137 2448 duobus
2197 2391 2537 2446 exercitibus
2596 2392 2888 2460 praesentis
2941 2392 3150 2445 militia:
3197 2392 3504 2445 constituit.

1917 2483 2057 2537 Dein
2096 2485 2443 2553 persuasioni
2491 2484 2664 2554 magis
2717 2485 3001 2554 magisque
3061 2500 3249 2538 ansam
3301 2483 3510 2538 submi-

1917 2574 2199 2641 nistrans,
2248 2590 2360 2644 quo
2406 2575 2741 2630 Vitalianum
2797 2575 3034 2644 amplius
3085 2575 3388 2641 deciperet,
3439 2573 3507 2626 ad

1918 2667 2269 2722 consulatum
2299 2683 2427 2721 eum
2473 2667 2750 2736 promovit
2781 2683 2797 2724 ;
2832 2665 3140 2721 Vitalianus
3177 2666 3345 2736 igitur
3375 2681 3507 2719 con-

1491 2802 1730 2859 VABIIE
1783 2804 2194 2862 LECTIONES.

304 2872 430 2928 "C.
448 2872 508 2928 C.
546 2873 652 2926 Eni
680 2875 866 2927 πλεῖον
907 2873 966 2928 δὲ
991 2873 1090 2945 τὴν
1117 2875 1317 2929 πειθοῖ.

1402 2963 1678 3020 VALESII
1720 2964 2286 3023 ANNOTATIONES.

296 3057 410 3126 (15)
441 3056 577 3110 Ἐπὶ
607 3055 718 3123 τῆς
747 3058 983 3126 Θρᾴκης
1036 3057 1422 3130 ποιούμενον.
1460 3057 1818 3130 Nicephorus
1907 3061 2086 3130 janua
2152 3060 2273 3114 dolo
2331 3061 2607 3119 occiditur.
2659 3058 3200 3128 Christophorsonus
3252 3076 3385 3115 vero
3437 3065 3506 3118 ita

224 3132 281 3185 in
310 3131 406 3182 lib.
433 3145 566 3190 xvii,
600 3143 721 3196 cap.
754 3131 805 3189 l,
839 3144 940 3198 pro
964 3128 1142 3198 verbo
1194 3127 1543 3196 ποιούμενον,
1605 3128 1817 3198 substi-

225 3203 333 3255 tuit
355 3201 628 3262 διάγοντα.
660 3197 936 3267 Ego‘vero
960 3197 1252 3267 Evagrium
1290 3198 1580 3266 scripsisse
1624 3197 1819 3253 existi-

223 3287 319 3324 nm
352 3269 448 3326 τὰς
477 3267 758 3336 διατριϐὰς
788 3268 1134 3338 ποιούμενον.
1175 3267 1282 3322 Sed
1319 3284 1347 3321 a
1392 3268 1638 3322 librariis
1681 3269 1820 3324 duas

1920 3131 2355 3200 interpretatur:
2389 3130 2452 3183 In
2482 3141 2637 3200 porta
2666 3130 2900 3200 quadam
2931 3139 3044 3196 post
3089 3131 3270 3183 aulam
3311 3135 3507 3198 posita,

1917 3209 2027 3254 etc.
2059 3199 2300 3255 Joannes
2323 3210 2505 3253 autem
2545 3200 2763 3268 Langus
2793 3199 2886 3266 qui
2913 3200 3284 3268 Nicephorum
3316 3201 3508 3256 Latine

1920 3270 2322 3340 interpretatus
2342 3278 2448 3340 est.
2468 3270 2559 3340 ita
2589 3271 2794 3340 vertit:
2829 3269 3226 3340 Adiquantdam
3253 3272 3305 3322 in
3335 3274 3509 3325 media

222 3342 445 3408 priores
479 3353 639 3411 voces
685 3338 920 3392 omissas
967 3353 1110 3392 esse.
1180 3338 1374 3393 Posset
1421 3339 1589 3392 ctiam
1643 3339 1814 3394 scribi
1843 3353 1886 3411 ο
1923 3338 2340 3411 αυιιιξίαηιιαιη
2375 3339 2507 3411 dolo
2569 3339 2844 3392 occiditur.
2912 3339 3138 3411 Scilicet
3198 3343 3508 3408 exprimere

224 3409 744 3476 σκηνοποιούμενον.

299 3479 412 3546 (Η)
459 3479 632 3539 Ἐνὴς
665 3477 782 3529 τῶν
808 3477 1203 3546 καλουμένων
1241 3477 1645 3544 πραισέντων.
1694 3476 1812 3533 Duo

221 3547 678 3602 erantexercitus
707 3548 760 3601 in
817 3549 1078 3602 comitatu
1118 3548 1497 3618 imperatoris
1554 3549 1810 3612 Romani,

222 3621 317 3698 qui
352 3629 649 3685 [H‘RESCIHOS
675 3619 1067 3698 _dieebant_ur,.
1097 3617 1303 3698 CrteHCis
1344 3619 1404 3670 τὸ
1456 3620 1810 3698 πραισέντον.

225 3691 621 3755 llis-praeerant
657 3689 767 3743 duo
824 3689 1069 3758 magistri
1111 3690 1373 3748 militum.
1422 3688 1518 3757 qui
1575 3688 1629 3742 in
1673 3704 1815 3757 prae-

222 3759 392 3819 senti,
428 3773 521 3811 seu
545 3760 899 3826 przrsentales
937 3761 1303 3813 vocabantur.
1343 3760 1409 3812 Et
1461 3758 1515 3811 in
1545 3758 1812 3812 Orientali

223 3831 452 3896 quidem
483 3828 736 3896 imperio,
765 3830 904 3883 alter
921 3846 987 3882 ex
1011 3830 1077 3884 iis
1099 3840 1218 3884 erat
1250 3829 1506 3898 magister
1538 3828 1810 3896 peditum,

223 3900 368 3952 alter
397 3900 668 3967 equilmn.
713 3900 770 3952 lu
799 3899 1138 3954 Occidentali
1171 3909 1354 3954 autem
1395 3899 1632 3966 imperio
1663 3909 1814 3951 uter—

220 3987 333 4036 que
376 3979 495 4022 erat
548 3970 808 4037 magister
866 3970 1112 4038 equitum
1173 3985 1235 4024 ac
1296 3969 1566 4037 peditum.
1616 3969 1692 4022 De
1747 3969 1814 4022 iis

221 4041 446 4092 duobus
485 4039 762 4109 magistris
819 4040 1054 4093 militum
1105 4039 1516 4109 pratsentalium
1566 4038 1814 4109 loquitur

221 4111 470 4192 {ll-alebus
507 4107 1272 4192 inexcerptisALegationuni,
1301 4124 1421 4192 pag.
1469 4109 1571 4162 9'5:
1620 4107 1725 4160 Τὸν
1746 4109 1811 4190 δὲ

218 4181 552 4250 Ηευδὲριχον
588 4181 952 4231 καθίστασθαι
972 4179 1292 4250 στρατηγὸν
1336 4179 1430 4230 δύο
1465 4179 1811 4250 στρατηγιῶν

217 4251 502 4320 τίῖινίάμφὶ
525 4248 771 4320 βασιλέα,
810 4250 984 4320 ἀἵπερ
1042 4251 1149 4302 εἰσὶ
1181 4248 1483 4316 μέγισται.
1537 4248 1810 4303 Caeterum

215 4319 496 4373 Jurdanes
535 4320 588 4372 in
655 4319 800 4373 libro
835 4319 912 4372 De
956 4319 1293 4374 successione
1344 4335 1650 4388 regnorum,
1684 4334 1810 4372 cum

220 4389 455 4459 Evagrio
479 4397 696 4459 nostro;
727 4390 1026 4455 consentit,
1087 4391 1156 4444 de
1197 4388 1417 4444 Justino
1475 4390 1811 4457 imperatore

218 4460 296 4512 ita
329 4457 612 4513 scribens:
651 4457 948 4528 Faedusque
977 4477 1094 4512 cum
1127 4460 1392 4513 Vitaliano
1431 4461 1708 4528 percussit,
1761 4471 1810 4511 et

216 4530 290 4581 ad
323 4547 378 4582 se
426 4538 696 4581 evocatura
752 4533 1065 4599 magistrum
1120 4531 1349 4584 militum
1403 4537 1722 4599 prtesentem
1763 4539 1812 4582 et

220 4600 495 4652 consulem
527 4598 863 4652 ordinarium
893 4601 1031 4668 fecit.
1065 4601 1202 4655 Vide
1237 4600 1538 4664 Meursium
1573 4599 1627 4652 in
1660 4598 1813 4654 Clos-

1921 3409 2142 3480 volebat
2159 3409 2488 3480 vocabulum
2515 3426 2625 3479 quo
2651 3425 2785 3462 usus
2811 3418 2895 3462 est
2921 3409 3285 3478 Nicephorus,
3309 3429 3510 3480 μεσαυ-

1919 3478 2070 3548 λείῳ.
2128 3479 2303 3533 Grteci
2366 3479 2504 3532 duas
2539 3478 2748 3548 portas
2811 3480 2865 3532 in
2915 3480 3128 3533 aedibus
3187 3478 3508 3549 pedeplanis

1921 3550 2218 3604 habebant.
2257 3549 2496 3614 Quarum
2531 3551 2727 3618 prima,
2763 3565 2886 3617 quae
2941 3550 3176 3617 plateam
3204 3553 3506 3617 spectabat,

1921 3620 2212 3674 dicebatur
2267 3619 2479 3690 αὔλειος
2535 3619 2698 3687 θύρα.
2772 3628 2832 3672 ut
2886 3619 3049 3672 docet
3110 3619 3504 3690 llarpocratiu:

1920 3691 2163 3744 secunda
2195 3705 2348 3753 vero,
2384 3689 2652 3757 μέσαυλος
2694 3705 2789 3744 seu
2837 3690 3181 3757 μεσαύλειος,
3226 3689 3306 3743 eo
3361 3696 3505 3760 quod

1921 3760 2100 3813 media
2131 3768 2277 3814 esset
2319 3761 2463 3813 inter
2493 3761 2829 3814 vestibulum
2861 3768 2917 3812 et
2957 3762 3182 3821 atrium,
3225 3763 3309 3814 vel
3360 3764 3505 3830 quod

1921 3831 2067 3883 inter
2105 3831 2420 3900 ἀνδρωνῖτιν
2480 3839 2536 3883 et
2577 3833 2959 3895 γυναικωνῖτιν
3000 3831 3181 3884 media
3228 3843 3396 3893 esset,
3451 3843 3509 3886 ut

1919 3901 2089 3954 tradit
2114 3910 2309 3969 auctor
2333 3900 2710 3969 Etymologici.
2734 3900 3033 3968 Utriusque
3066 3911 3238 3967 portze
3269 3904 3507 3955 mentio-

1918 3985 2046 4024 nem
2079 3971 2208 4023 facit
2239 3968 2428 4039 Lysias
2474 3969 2527 4022 in
2564 3968 2815 4024 oratione
2871 3986 2973 4038 pro
3033 3971 3405 4025 Eratosthene
3442 3973 3510 4027 de

1918 4040 2089 4114 caede,
2121 4041 2208 4114 his
2227 4039 2417 4114 verbis
2439 4057 2465 4114 :_
2497 4039 2988 4114 Ἀναμνῃσάμενος
3018 4041 3072 4092 δὲ
3112 4043 3200 4114 λὸτι
3234 4044 3293 4093 ὲν
3316 4043 3509 4114 έκείνῃ

1915 4113 1984 4180 τῇ
2014 4111 2170 4162 νυκτὶ
2223 4109 2413 4176 ἐψόφει
2443 4112 2476 4179 ἠ
2536 4111 2801 4178 μέταυλος
2849 4109 2989 4178 Θύρα
3037 4112 3131 4162 καὶ
3183 4113 3214 4179 ὴ
3271 4109 3504 4174 αὖλειοξξ

1917 4179 2285 4250 Seribendunt
2327 4181 2518 4249 ρυιοὴ
2559 4182 2825 4249 μέταυλος
2859 4184 2953 4232 καὶ
2996 4182 3028 4250 ἠ
3086 4179 3298 4242 αὔλειος
3347 4182 3504 4250 Οὖρα.

1919 4249 2338 4321 Heliodorusin
2370 4250 2468 4303 lib.
2504 4266 2585 4310 ιιι,
2637 4251 2705 4304 ad
2751 4251 2976 4311 calcem,
3038 4251 3103 4304 ad
3155 4267 3282 4306 eum
3333 4249 3510 4321 LySiae

1917 4320 2101 4374 locum
2125 4319 2342 4384 alludit,
2369 4336 2496 4374 cum
2523 4321 2621 4381 ait,
2654 4321 2845 4388 ἐψόφει
2875 4337 2931 4370 τε
2961 4323 2990 4386 ἡ
3021 4322 3305 4388 μέταυὶος.
3334 4319 3507 4386 Quem

1917 4390 2100 4444 locum
2129 4391 2406 4458 interpres
2434 4391 2506 4444 ita
2533 4390 2721 4452 vertit,
2751 4390 3120 4458 Pcrstrcpebnt
3142 4395 3332 4445 ostium
3359 4395 3507 4445 atrii.

1914 4459 2092 4514 Elius
2129 4461 2423 4530 Dionysius
2476 4462 2528 4512 in
2586 4461 2790 4515 Lexico
2845 4463 2988 4529 apud
3048 4463 3398 4516 Eustathium
3450 4463 3502 4515 iu

1915 4530 2176 4594 Ἰλιάδος
2202 4531 2231 4581 λ
2251 4569 2264 4589 .
2295 4546 2418 4600 pag.
2448 4531 2589 4584 862:
2633 4532 2869 4582 Ἀττικοὶ
2891 4533 2990 4599 μὲν
3013 4533 3108 4598 τὴν
3138 4533 3309 4601 μέσην
3339 4533 3511 4595 θύραν

1919 4601 2188 4672 μέσαυλόν
2217 4617 2370 4672 φασι,
2406 4601 2642 4672 μάλιστα
2673 4602 2770 4669 μὲν
2800 4603 2896 4670 τὴν
2928 4602 3101 4672 μέσην
3120 4605 3265 4654 δυοῖν
3293 4604 3502 4663 αὑλαῖιο,

214 4672 364 4722 surio
382 4670 580 4747 βιχεεο
614 4668 858 4747 Barbare
890 4671 943 4747 in
965 4686 1098 4723 voce
1118 4672 1404 4747 πραίσενς.
1427 4670 1485 4723 lu
1519 4670 1808 4747 actiones,
1843 4693 1890 4747 ι)
1917 4668 1992 4734 ὣς
2024 4687 2191 4747 φησιν
2221 4668 2731 4747 Λῖλιοςᾈιονυσιος.
2768 4673 2832 4740 ἣν
2857 4668 2982 4747 οιαὶ⁸
3021 4668 3287 4738 μέταυλον
3348 4675 3508 4734 αὐτὸς

215 4742 416 4810 synodi
451 4739 1076 4810 Constantinopolitana:
1113 4735 1218 4794 sub
1276 4735 1445 4802 Mena,
1469 4755 1523 4808 p.
1555 4740 1680 4801 75l,
1703 4741 1810 4791 Καὶ

213 4809 334 4871 τοῖς
398 4813 730 4876 στρατηγοῖς
798 4809 891 4860 τοῦ
951 4809 1095 4862 Θείου
1158 4814 1488 4879 πραισέντου
1543 4809 1812 4878 ἑκατέρας

213 4881 520 4944 δυνάμεως.

290 4951 406 5012 (15)
435 4944 623 5012 Οὗτος
654 4947 766 5015 τῆς
792 4951 1084 5013 ὑπατείας
1127 4950 1479 5017 ὲχόμενοςκ
1508 4948 1566 5002 1η
1619 4950 1814 5004 codice

214 5018 533 5073 Tellcriano
592 5020 667 5072 ita
720 5014 986 5073 Scribitur
1045 5014 1372 5084 hic—locus,
1423 5014 1578 5082 οὗτος
1623 5021 1680 5074 δὲ
1736 5023 1814 5083 εἰς

214 5089 432 5150 ὑπάτας
463 5089 746 5157 ἐχόμενος.

288 5159 401 5226 (16)
446 5160 559 5211 Ἕν
593 5177 708 5211 τινι
735 5158 1069 5226 μεταυλείῳ
1099 5161 1267 5224 θύρᾳ.
1331 5159 1613 5214 Musculus
1666 5161 1816 5215 hunc

212 5229 402 5283 locum
456 5228 536 5282 sic
603 5231 800 5284 vertit:
855 5231 920 5283 In
977 5231 1276 5283 obscuriore
1325 5230 1561 5300 quadam
1615 5231 1816 5285 Palatii

1923 4758 2074 4809 φησι.
2103 4741 2254 4794 ldem
2283 4741 2476 4794 scribit
2504 4742 2826 4795 scholiastes
2849 4741 3147 4809 Apollonii,
3191 4744 3255 4796 ad
3300 4744 3395 4796 lib.
3429 4761 3504 4803 ιιι,

1921 4812 2208 4865 Μέσαυλον
2235 4811 2312 4871 δὲ,
2356 4813 2558 4880 inquit,
2588 4814 2636 4862 οἱ
2673 4813 2909 4863 Ἀττικοὶ
2959 4813 3056 4880 τὴν
3101 4815 3377 4880 φέρουσαν
3431 4814 3508 4874 εἷς

1921 4898 1979 4952 τε
2006 4881 2102 4951 τὴν
2129 4881 2448 4952 ἀνδρωνῖτιν
2479 4885 2573 4932 καὶ
2603 4885 3006 4952 γυναικωνῖτιν.
3042 4883 3108 4935 Ει
3143 4885 3258 4936 inec
3283 4884 3504 4952 quidem

1923 4951 1991 5004 de
2013 4951 2348 5021 proprietate
2362 4953 2524 5020 hujus
2550 4951 2802 5004 vocabuli
2827 4951 3086 5006 adnotata
3112 4955 3242 5006 sint.
3271 4951 3321 5007 in
3352 4956 3508 5021 cujus

1923 5022 2272 5089 expositione
2311 5020 2479 5074 falsus
2501 5031 2586 5076 est
2621 5022 3002 5090 llarpocratio,
3055 5026 3146 5092 qui
3188 5042 3286 5090 pro
3352 5020 3508 5077 certe

1925 5092 2061 5163 illud
2091 5094 2328 5163 positum
2354 5107 2475 5146 esse
2501 5111 2531 5145 a
2561 5092 2720 5163 Lysia
2754 5093 3111 5147 existimavit.
3176 5095 3330 5147 Num:
3377 5112 3508 5147 vero

1925 5161 1992 5216 ad
2025 5177 2138 5215 rem
2173 5162 2400 5231 pr0pius
2423 5161 2772 5216 accedamus.
2803 5163 3004 5216 Scribit
3032 5166 3221 5217 Victor
3281 5166 3505 5218 'l‘ltunu~

1924 5234 2114 5287 nensis
2145 5234 2198 5285 in
2220 5232 2501 5296 Chronico,
2539 5233 2775 5287 Maximo
2820 5233 2884 5286 V.
2919 5235 2978 5288 (2.
3024 5254 3166 5288 coss.
3215 5236 3508 5288 l'italianm

1668 5342 2057 5398 VARlOllUM.

286 5429 356 5496 (r)
397 5430 493 5496 Ὠς
547 5431 908 5484 Βιταλιανὸν
935 5432 1141 5487 ἀνεῖλε
1168 5432 1330 5500 δόλῳ
1363 5437 1396 5487 ό
1456 5435 1806 5499 Ἰουστῖνος.

207 5502 811 5564 Justinianus,Jtistini
849 5503 980 5572 imp.
1011 5519 1204 5566 nepos,
1245 5504 1601 5567 Vitalianum,
1659 5506 1803 5558 veri-

213 5584 308 5625 tus
339 5573 537 5644 negsibi
573 5573 974 5640 impedimento
1027 5575 1168 5626 foret
1227 5574 1292 5626 ad
1351 5576 1642 5644 imperium
1683 5587 1808 5644 post

205 5642 430 5714 Justini
452 5649 682 5714 mortem
712 5645 1192 5714 consequendum,
1229 5642 1450 5697 Justino
1484 5642 1805 5714 suspectum

207 5712 483 5771 reddidit,
516 5724 584 5763 ac
605 5711 672 5764 de
701 5713 882 5765 medio
904 5715 1203 5766 tollendum
1251 5717 1466 5767 curavit
1497 5711 1642 5769 anno
1674 5718 1806 5767 (2hr.

208 5783 558 5844 5:0,Juslini
593 5783 723 5854 intp.
754 5784 804 5835 5.
831 5785 1132 5852 Procopius
1167 5786 1218 5835 in
1244 5785 1376 5836 Hist.
1402 5803 1625 5848 arcana,
1647 5805 1696 5854 ιι.
1719 5788 1807 5842 5".

205 5855 361 5908 (κε’-(10
384 5853 628 5905 Amantii
675 5865 892 5906 narrata
917 5897 929 5918 ,
959 5871 1123 5922 quam
1162 5855 1330 5908 etiam
1380 5853 1692 5910 .iustiniano
1727 5867 1806 5909 at-

1922 5436 2139 5507 tribuit.
2173 5436 2288 5490 lizec
2322 5435 2541 5490 subdit:
2579 5437 2730 5490 Illico
2749 5449 2992 5490 vocatum
3020 5438 3178 5490 mittit
3213 5438 3470 5507 [.itlsliltia

1909 5507 2036 5577 nus]
2071 5505 2396 5559 Vitalianum
2433 5516 2723 5576 tyrannum
2749 5509 2856 5573 fide
2888 5509 3131 5576 publica.
3193 5505 3509 5572 inmani/tut»

1911 5578 2194 5645 promissa,
2231 5587 2278 5628 ct
2311 5595 2416 5628 una
2449 5583 2702 5645 susceptis
2725 5579 3151 5632 Christianorum
3188 5587 3446 5646 ntust-itis-
3494 5603 3506 5633 ,-

1911 5647 2073 5719 ῃαιιιο
2112 5649 2300 5698 deinde
2329 5659 2464 5715 post.
2499 5651 2624 5700 (luto
2666 5653 2951 5717 suspicioni
3005 5663 3164 5717 atque
3215 5654 3443 5719 4i;]'.-ii.mn-
3471 5673 3506 5717 ι,

1915 5718 2044 5776 loro,
2078 5734 2195 5768 eum
2223 5736 2282 5769 ιιι·
2317 5722 2636 5771 ttcri'ssurim
2669 5724 2719 5772 in
2749 5721 2872 5771 ttltld
2910 5723 3067 5786 illi’llt'
3095 5718 3298 5774 (mttrut
3319 5731 3379 5773 ιηῖ
3411 5745 3495 5782 ιιι¹

1916 5788 2045 5838 nihil
2077 5790 2266 5840 t'etitus
2293 5791 2446 5851 [it/sm
2482 5791 2668 5857 [ul/rw
2696 5803 2804 5844 tum
2844 5792 3260 5859 furtnitlumlint.
