  <div class='ocr_page' id='page_1' title='image "/cluster/home/n/w/nwhite01/storage/ocr_20150623/88 pt.2/uva.x004575615/503.png"; bbox 0 0 4096 6502; ppageno 0'>
   <div class='ocr_carea' id='block_1_1' title="bbox 599 364 737 429">
    <p class='ocr_par' dir='ltr' id='par_1_1' title="bbox 599 364 737 429">
     <span class='ocr_line' id='line_1_1' title="bbox 599 364 737 429; baseline 0 -1"><span class='ocrx_word' id='word_1_1' title='bbox 599 364 737 429; x_wconf 71' lang='grc'><strong>2711</strong></span> 
     </span>
    </p>
   </div>
   <div class='ocr_carea' id='block_1_2' title="bbox 1760 374 2657 441">
    <p class='ocr_par' dir='ltr' id='par_1_2' title="bbox 1760 374 2657 441">
     <span class='ocr_line' id='line_1_2' title="bbox 1760 374 2657 441; baseline 0.003 -5"><span class='ocrx_word' id='word_1_2' title='bbox 1760 418 1763 421; x_wconf 61' lang='grc' dir='ltr'><strong>η</strong></span> <span class='ocrx_word' id='word_1_3' title='bbox 1808 375 2128 437; x_wconf 71' lang='lat' dir='ltr'><strong>EVAGRII</strong></span> <span class='ocrx_word' id='word_1_4' title='bbox 2168 374 2657 441; x_wconf 75' lang='lat' dir='ltr'><strong>SCHOLASTICI</strong></span> 
     </span>
    </p>
   </div>
   <div class='ocr_carea' id='block_1_3' title="bbox 3720 374 3878 439">
    <p class='ocr_par' dir='ltr' id='par_1_3' title="bbox 3720 374 3878 439">
     <span class='ocr_line' id='line_1_3' title="bbox 3720 374 3878 439; baseline -0.013 0"><span class='ocrx_word' id='word_1_5' title='bbox 3720 374 3878 439; x_wconf 68' lang='lat'><strong>2712</strong></span> 
     </span>
    </p>
   </div>
   <div class='ocr_carea' id='block_1_4' title="bbox 597 472 2201 555">
    <p class='ocr_par' dir='ltr' id='par_1_4' title="bbox 597 472 2191 541">
     <span class='ocr_line' id='line_1_4' title="bbox 597 472 2191 541; baseline 0.006 -14"><span class='ocrx_word' id='word_1_6' title='bbox 597 482 656 527; x_wconf 90' lang='lat' dir='ltr'><strong>et</strong></span> <span class='ocrx_word' id='word_1_7' title='bbox 697 472 851 541; x_wconf 87' lang='lat' dir='ltr'><strong>quasi</strong></span> <span class='ocrx_word' id='word_1_8' title='bbox 902 473 1193 530; x_wconf 83' lang='lat' dir='ltr'><strong>exordium</strong></span> <span class='ocrx_word' id='word_1_9' title='bbox 1239 484 1597 532; x_wconf 79' lang='lat' dir='ltr'><strong>venturarum</strong></span> <span class='ocrx_word' id='word_1_10' title='bbox 1646 480 2044 537; x_wconf 68' lang='lat' dir='ltr'><strong>calamitatum.</strong></span> <span class='ocrx_word' id='word_1_11' title='bbox 2090 483 2191 537; x_wconf 86' lang='lat' dir='ltr'><strong>Et-</strong></span> 
     </span>
    </p>
   </div>
   <div class='ocr_carea' id='block_1_5' title="bbox 2300 472 3866 555">
    <p class='ocr_par' dir='ltr' id='par_1_5' title="bbox 2300 483 3866 555">
     <span class='ocr_line' id='line_1_5' title="bbox 2300 483 3866 555; baseline 0.001 -18"><span class='ocrx_word' id='word_1_12' title='bbox 2300 485 2469 538; x_wconf 82' lang='grc' dir='ltr'>τάτων</span> <span class='ocrx_word' id='word_1_13' title='bbox 2504 486 2730 549; x_wconf 83' lang='grc' dir='ltr'>κλόνων,</span> <span class='ocrx_word' id='word_1_14' title='bbox 2756 484 2853 539; x_wconf 64' lang='grc' dir='ltr'><strong>καί⁷</strong></span> <span class='ocrx_word' id='word_1_15' title='bbox 2883 483 3174 555; x_wconf 81' lang='grc' dir='ltr'>προοίμιον</span> <span class='ocrx_word' id='word_1_16' title='bbox 3223 485 3337 548; x_wconf 74' lang='grc' dir='ltr'>τοῖς</span> <span class='ocrx_word' id='word_1_17' title='bbox 3376 484 3671 555; x_wconf 83' lang='grc' dir='ltr'>παθήμασι</span> <span class='ocrx_word' id='word_1_18' title='bbox 3717 503 3866 554; x_wconf 63' lang='grc' dir='ltr'>παρη</span> 
     </span>
    </p>
   </div>
   <div class='ocr_carea' id='block_1_6' title="bbox 596 562 2185 642">
    <p class='ocr_par' dir='ltr' id='par_1_6' title="bbox 596 562 2185 642">
     <span class='ocr_line' id='line_1_6' title="bbox 596 562 2185 642; baseline 0.006 -25"><span class='ocrx_word' id='word_1_19' title='bbox 596 564 749 618; x_wconf 90' lang='lat' dir='ltr'><strong>enim</strong></span> <span class='ocrx_word' id='word_1_20' title='bbox 783 562 939 618; x_wconf 86' lang='lat' dir='ltr'><strong>brevi</strong></span> <span class='ocrx_word' id='word_1_21' title='bbox 970 573 1096 634; x_wconf 87' lang='lat' dir='ltr'><strong>post</strong></span> <span class='ocrx_word' id='word_1_22' title='bbox 1128 574 1399 635; x_wconf 87' lang='lat' dir='ltr'><strong>tempore.</strong></span> <span class='ocrx_word' id='word_1_23' title='bbox 1437 583 1584 623; x_wconf 90' lang='lat' dir='ltr'><strong>anno</strong></span> <span class='ocrx_word' id='word_1_24' title='bbox 1628 569 1843 639; x_wconf 88' lang='lat' dir='ltr'><strong>imperii</strong></span> <span class='ocrx_word' id='word_1_25' title='bbox 1887 571 2057 642; x_wconf 72' lang='lat'><strong>388</strong></span> <span class='ocrx_word' id='word_1_26' title='bbox 2095 587 2185 627; x_wconf 81' lang='lat' dir='ltr'><strong>se-</strong></span> 
     </span>
    </p>
   </div>
   <div class='ocr_carea' id='block_1_7' title="bbox 598 654 2183 732">
    <p class='ocr_par' dir='ltr' id='par_1_7' title="bbox 598 654 2183 732">
     <span class='ocr_line' id='line_1_7' title="bbox 598 654 2183 732; baseline 0.005 -23"><span class='ocrx_word' id='word_1_27' title='bbox 598 654 807 724; x_wconf 90' lang='lat' dir='ltr'><strong>ptimo,</strong></span> <span class='ocrx_word' id='word_1_28' title='bbox 860 668 1050 710; x_wconf 80' lang='lat' dir='ltr'><strong>mense</strong></span> <span class='ocrx_word' id='word_1_29' title='bbox 1098 654 1348 724; x_wconf 84' lang='lat' dir='ltr'><strong>decimo;</strong></span> <span class='ocrx_word' id='word_1_30' title='bbox 1399 659 1606 715; x_wconf 85' lang='lat' dir='ltr'><strong>mensis</strong></span> <span class='ocrx_word' id='word_1_31' title='bbox 1652 658 1967 725; x_wconf 80' lang='lat' dir='ltr'><strong>Artemisii,</strong></span> <span class='ocrx_word' id='word_1_32' title='bbox 2019 676 2183 732; x_wconf 86' lang='lat' dir='ltr'><strong>quem</strong></span> 
     </span>
    </p>
   </div>
   <div class='ocr_carea' id='block_1_8' title="bbox 596 744 2182 815">
    <p class='ocr_par' dir='ltr' id='par_1_8' title="bbox 596 744 2182 815">
     <span class='ocr_line' id='line_1_8' title="bbox 596 744 2182 815; baseline 0.006 -13"><span class='ocrx_word' id='word_1_33' title='bbox 596 744 801 802; x_wconf 77' lang='lat' dir='ltr'><strong>Maium</strong></span> <span class='ocrx_word' id='word_1_34' title='bbox 850 746 1085 803; x_wconf 78' lang='lat' dir='ltr'><strong>Romani</strong></span> <span class='ocrx_word' id='word_1_35' title='bbox 1140 759 1356 815; x_wconf 81' lang='lat' dir='ltr'><strong>vocant,</strong></span> <span class='ocrx_word' id='word_1_36' title='bbox 1405 751 1495 806; x_wconf 85' lang='lat' dir='ltr'><strong>die</strong></span> <span class='ocrx_word' id='word_1_37' title='bbox 1544 766 1693 807; x_wconf 92' lang='lat' dir='ltr'><strong>nono</strong></span> <span class='ocrx_word' id='word_1_38' title='bbox 1741 768 1807 808; x_wconf 87' lang='lat' dir='ltr'><strong>ac</strong></span> <span class='ocrx_word' id='word_1_39' title='bbox 1853 754 2118 811; x_wconf 80' lang='lat' dir='ltr'><strong>vicesimo</strong></span> <span class='ocrx_word' id='word_1_40' title='bbox 2166 774 2182 810; x_wconf 91' lang='lat'><strong>:</strong></span> 
     </span>
    </p>
   </div>
   <div class='ocr_carea' id='block_1_9' title="bbox 599 838 2185 906">
    <p class='ocr_par' dir='ltr' id='par_1_9' title="bbox 599 838 2185 906">
     <span class='ocr_line' id='line_1_9' title="bbox 599 838 2185 906; baseline 0.007 -14"><span class='ocrx_word' id='word_1_41' title='bbox 599 849 755 893; x_wconf 82' lang='lat' dir='ltr'><strong>sexta</strong></span> <span class='ocrx_word' id='word_1_42' title='bbox 796 838 934 894; x_wconf 90' lang='lat' dir='ltr'><strong>feria</strong></span> <span class='ocrx_word' id='word_1_43' title='bbox 982 840 1372 906; x_wconf 90' lang='lat' dir='ltr'><strong>hebdomadis,</strong></span> <span class='ocrx_word' id='word_1_44' title='bbox 1418 852 1557 898; x_wconf 66' lang='lat' dir='ltr'><strong>aestu</strong></span> <span class='ocrx_word' id='word_1_45' title='bbox 1604 844 1859 901; x_wconf 84' lang='lat' dir='ltr'><strong>meridiei</strong></span> <span class='ocrx_word' id='word_1_46' title='bbox 1888 846 2185 903; x_wconf 83' lang='lat' dir='ltr'><strong>ferventis—</strong></span> 
     </span>
    </p>
   </div>
   <div class='ocr_carea' id='block_1_10' title="bbox 601 934 2183 1011">
    <p class='ocr_par' dir='ltr' id='par_1_10' title="bbox 601 934 2183 1011">
     <span class='ocr_line' id='line_1_10' title="bbox 601 934 2183 1011; baseline 0.006 -23"><span class='ocrx_word' id='word_1_47' title='bbox 601 934 765 999; x_wconf 88' lang='lat' dir='ltr'><strong>simo,</strong></span> <span class='ocrx_word' id='word_1_48' title='bbox 809 937 1096 992; x_wconf 79' lang='lat' dir='ltr'><strong>successio</strong></span> <span class='ocrx_word' id='word_1_49' title='bbox 1138 944 1196 992; x_wconf 91' lang='lat' dir='ltr'><strong>et</strong></span> <span class='ocrx_word' id='word_1_50' title='bbox 1228 946 1391 993; x_wconf 72' lang='lat' dir='ltr'><strong>terra:</strong></span> <span class='ocrx_word' id='word_1_51' title='bbox 1423 947 1607 994; x_wconf 88' lang='lat' dir='ltr'><strong>motus</strong></span> <span class='ocrx_word' id='word_1_52' title='bbox 1631 939 1753 995; x_wconf 85' lang='lat' dir='ltr'><strong>urbi</strong></span> <span class='ocrx_word' id='word_1_53' title='bbox 1777 943 2183 1011; x_wconf 78' lang='lat' dir='ltr'><strong>supervenien-</strong></span> 
     </span>
    </p>
   </div>
   <div class='ocr_carea' id='block_1_11' title="bbox 604 1026 2185 1099">
    <p class='ocr_par' dir='ltr' id='par_1_11' title="bbox 604 1026 2185 1099">
     <span class='ocr_line' id='line_1_11' title="bbox 604 1026 2185 1099; baseline 0.003 -21"><span class='ocrx_word' id='word_1_54' title='bbox 604 1032 711 1087; x_wconf 88' lang='lat' dir='ltr'><strong>tes,</strong></span> <span class='ocrx_word' id='word_1_55' title='bbox 739 1040 879 1094; x_wconf 91' lang='lat' dir='ltr'><strong>pene</strong></span> <span class='ocrx_word' id='word_1_56' title='bbox 924 1026 1236 1081; x_wconf 82' lang='lat' dir='ltr'><strong>universam</strong></span> <span class='ocrx_word' id='word_1_57' title='bbox 1269 1034 1710 1099; x_wconf 81' lang='lat' dir='ltr'><strong>prostraverunt.</strong></span> <span class='ocrx_word' id='word_1_58' title='bbox 1737 1027 1987 1084; x_wconf 59' lang='lat' dir='ltr'><strong>Posthac</strong></span> <span class='ocrx_word' id='word_1_59' title='bbox 2022 1043 2185 1083; x_wconf 81' lang='lat' dir='ltr'><strong>secu-</strong></span> 
     </span>
    </p>
   </div>
   <div class='ocr_carea' id='block_1_12' title="bbox 605 1116 2188 1189">
    <p class='ocr_par' dir='ltr' id='par_1_12' title="bbox 605 1116 2188 1189">
     <span class='ocr_line' id='line_1_12' title="bbox 605 1116 2188 1189; baseline 0.004 -20"><span class='ocrx_word' id='word_1_60' title='bbox 605 1122 698 1170; x_wconf 84' lang='lat' dir='ltr'><strong>tus</strong></span> <span class='ocrx_word' id='word_1_61' title='bbox 736 1123 822 1171; x_wconf 89' lang='lat' dir='ltr'><strong>est</strong></span> <span class='ocrx_word' id='word_1_62' title='bbox 868 1116 1026 1186; x_wconf 89' lang='lat' dir='ltr'><strong>ignis,</strong></span> <span class='ocrx_word' id='word_1_63' title='bbox 1058 1117 1215 1187; x_wconf 88' lang='lat' dir='ltr'><strong>quasi</strong></span> <span class='ocrx_word' id='word_1_64' title='bbox 1248 1118 1617 1173; x_wconf 75' lang='lat' dir='ltr'><strong>calamitatem</strong></span> <span class='ocrx_word' id='word_1_65' title='bbox 1646 1132 1773 1174; x_wconf 83' lang='lat' dir='ltr'><strong>cum</strong></span> <span class='ocrx_word' id='word_1_66' title='bbox 1808 1118 1917 1174; x_wconf 82' lang='lat' dir='ltr'><strong>illis</strong></span> <span class='ocrx_word' id='word_1_67' title='bbox 1952 1119 2188 1189; x_wconf 89' lang='lat' dir='ltr'><strong>partitus</strong></span> 
     </span>
    </p>
   </div>
   <div class='ocr_carea' id='block_1_13' title="bbox 602 1207 2187 1279">
    <p class='ocr_par' dir='ltr' id='par_1_13' title="bbox 602 1207 2187 1279">
     <span class='ocr_line' id='line_1_13' title="bbox 602 1207 2187 1279; baseline 0.005 -19"><span class='ocrx_word' id='word_1_68' title='bbox 602 1215 771 1261; x_wconf 82' lang='lat' dir='ltr'><strong>esset.</strong></span> <span class='ocrx_word' id='word_1_69' title='bbox 804 1207 1155 1279; x_wconf 68' lang='lat' dir='ltr'><strong>Qumcunque</strong></span> <span class='ocrx_word' id='word_1_70' title='bbox 1180 1211 1326 1265; x_wconf 88' lang='lat' dir='ltr'><strong>enim</strong></span> <span class='ocrx_word' id='word_1_71' title='bbox 1352 1212 1471 1266; x_wconf 90' lang='lat' dir='ltr'><strong>loca</strong></span> <span class='ocrx_word' id='word_1_72' title='bbox 1500 1227 1530 1265; x_wconf 92' lang='lat' dir='ltr'><strong>a</strong></span> <span class='ocrx_word' id='word_1_73' title='bbox 1554 1210 1911 1269; x_wconf 88' lang='lat' dir='ltr'><strong>succussione</strong></span> <span class='ocrx_word' id='word_1_74' title='bbox 1940 1221 1996 1269; x_wconf 90' lang='lat' dir='ltr'><strong>et</strong></span> <span class='ocrx_word' id='word_1_75' title='bbox 2025 1222 2187 1268; x_wconf 67' lang='lat' dir='ltr'><strong>terra</strong></span> 
     </span>
    </p>
   </div>
   <div class='ocr_carea' id='block_1_14' title="bbox 601 1300 2185 1375">
    <p class='ocr_par' dir='ltr' id='par_1_14' title="bbox 601 1300 2185 1375">
     <span class='ocr_line' id='line_1_14' title="bbox 601 1300 2185 1375; baseline 0.004 -22"><span class='ocrx_word' id='word_1_76' title='bbox 601 1309 756 1355; x_wconf 91' lang='lat' dir='ltr'><strong>motu</strong></span> <span class='ocrx_word' id='word_1_77' title='bbox 786 1300 1051 1356; x_wconf 87' lang='lat' dir='ltr'><strong>subversa</strong></span> <span class='ocrx_word' id='word_1_78' title='bbox 1081 1316 1191 1357; x_wconf 90' lang='lat' dir='ltr'><strong>non</strong></span> <span class='ocrx_word' id='word_1_79' title='bbox 1218 1301 1456 1368; x_wconf 82' lang='lat' dir='ltr'><strong>fuerant,</strong></span> <span class='ocrx_word' id='word_1_80' title='bbox 1499 1304 1641 1375; x_wconf 84' lang='lat' dir='ltr'><strong>ignis</strong></span> <span class='ocrx_word' id='word_1_81' title='bbox 1668 1304 1974 1375; x_wconf 85' lang='lat' dir='ltr'><strong>depascens</strong></span> <span class='ocrx_word' id='word_1_82' title='bbox 2018 1305 2074 1360; x_wconf 90' lang='lat' dir='ltr'><strong>in</strong></span> <span class='ocrx_word' id='word_1_83' title='bbox 2101 1306 2185 1361; x_wconf 90' lang='lat' dir='ltr'><strong>ci-</strong></span> 
     </span>
    </p>
   </div>
   <div class='ocr_carea' id='block_1_15' title="bbox 600 1391 2187 1465">
    <p class='ocr_par' dir='ltr' id='par_1_15' title="bbox 600 1391 2187 1465">
     <span class='ocr_line' id='line_1_15' title="bbox 600 1391 2187 1465; baseline 0.004 -20"><span class='ocrx_word' id='word_1_84' title='bbox 600 1407 795 1446; x_wconf 89' lang='lat' dir='ltr'><strong>nerem</strong></span> <span class='ocrx_word' id='word_1_85' title='bbox 846 1407 910 1447; x_wconf 93' lang='lat' dir='ltr'><strong>ac</strong></span> <span class='ocrx_word' id='word_1_86' title='bbox 942 1391 1156 1447; x_wconf 80' lang='lat' dir='ltr'><strong>favillas</strong></span> <span class='ocrx_word' id='word_1_87' title='bbox 1194 1392 1424 1465; x_wconf 78' lang='lat' dir='ltr'><strong>redegit.</strong></span> <span class='ocrx_word' id='word_1_88' title='bbox 1474 1394 1652 1450; x_wconf 89' lang='lat' dir='ltr'><strong>Porro</strong></span> <span class='ocrx_word' id='word_1_89' title='bbox 1698 1404 1822 1465; x_wconf 70' lang='lat' dir='ltr'><strong>quin</strong></span> <span class='ocrx_word' id='word_1_90' title='bbox 1865 1396 2019 1451; x_wconf 89' lang='lat' dir='ltr'><strong>urbis</strong></span> <span class='ocrx_word' id='word_1_91' title='bbox 2066 1398 2187 1452; x_wconf 87' lang='lat' dir='ltr'><strong>loca</strong></span> 
     </span>
    </p>
   </div>
   <div class='ocr_carea' id='block_1_16' title="bbox 601 1471 2190 1552">
    <p class='ocr_par' dir='ltr' id='par_1_16' title="bbox 601 1471 2190 1552">
     <span class='ocr_line' id='line_1_16' title="bbox 601 1471 2190 1552; baseline 0.004 -17"><span class='ocrx_word' id='word_1_92' title='bbox 601 1481 932 1537; x_wconf 83' lang='lat' dir='ltr'><strong>labefactata</strong></span> <span class='ocrx_word' id='word_1_93' title='bbox 958 1471 1190 1547; x_wconf 78' lang='lat' dir='ltr'><strong>fuerint,</strong></span> <span class='ocrx_word' id='word_1_94' title='bbox 1221 1490 1277 1538; x_wconf 88' lang='lat' dir='ltr'><strong>et</strong></span> <span class='ocrx_word' id='word_1_95' title='bbox 1297 1492 1431 1552; x_wconf 90' lang='lat' dir='ltr'><strong>quot</strong></span> <span class='ocrx_word' id='word_1_96' title='bbox 1462 1485 1750 1540; x_wconf 85' lang='lat' dir='ltr'><strong>hominum</strong></span> <span class='ocrx_word' id='word_1_97' title='bbox 1782 1486 1958 1540; x_wconf 73' lang='lat' dir='ltr'><strong>millia</strong></span> <span class='ocrx_word' id='word_1_98' title='bbox 1998 1486 2190 1543; x_wconf 80' lang='lat' dir='ltr'><strong>incen-</strong></span> 
     </span>
    </p>
   </div>
   <div class='ocr_carea' id='block_1_17' title="bbox 602 1574 2189 1649">
    <p class='ocr_par' dir='ltr' id='par_1_17' title="bbox 602 1574 2189 1649">
     <span class='ocr_line' id='line_1_17' title="bbox 602 1574 2189 1649; baseline 0.003 -21"><span class='ocrx_word' id='word_1_99' title='bbox 602 1574 699 1628; x_wconf 90' lang='lat' dir='ltr'><strong>dio</strong></span> <span class='ocrx_word' id='word_1_100' title='bbox 742 1588 808 1628; x_wconf 93' lang='lat' dir='ltr'><strong>ac</strong></span> <span class='ocrx_word' id='word_1_101' title='bbox 839 1582 1001 1629; x_wconf 82' lang='lat' dir='ltr'><strong>terrae</strong></span> <span class='ocrx_word' id='word_1_102' title='bbox 1045 1575 1326 1639; x_wconf 81' lang='lat' dir='ltr'><strong>motibus,</strong></span> <span class='ocrx_word' id='word_1_103' title='bbox 1377 1576 1523 1630; x_wconf 89' lang='lat' dir='ltr'><strong>sicut</strong></span> <span class='ocrx_word' id='word_1_104' title='bbox 1578 1576 1874 1632; x_wconf 80' lang='lat' dir='ltr'><strong>verisimile</strong></span> <span class='ocrx_word' id='word_1_105' title='bbox 1916 1586 2022 1643; x_wconf 89' lang='lat' dir='ltr'><strong>est,</strong></span> <span class='ocrx_word' id='word_1_106' title='bbox 2057 1593 2189 1649; x_wconf 89' lang='lat' dir='ltr'><strong>per-</strong></span> 
     </span>
    </p>
   </div>
   <div class='ocr_carea' id='block_1_18' title="bbox 603 1665 2187 1739">
    <p class='ocr_par' dir='ltr' id='par_1_18' title="bbox 603 1665 2187 1739">
     <span class='ocr_line' id='line_1_18' title="bbox 603 1665 2187 1739; baseline 0.003 -20"><span class='ocrx_word' id='word_1_107' title='bbox 603 1665 773 1719; x_wconf 86' lang='lat' dir='ltr'><strong>ierint</strong></span> <span class='ocrx_word' id='word_1_108' title='bbox 800 1682 815 1718; x_wconf 89' lang='lat'><strong>:</strong></span> <span class='ocrx_word' id='word_1_109' title='bbox 842 1680 966 1735; x_wconf 64' lang='lat' dir='ltr'><strong>quae</strong></span> <span class='ocrx_word' id='word_1_110' title='bbox 997 1665 1127 1719; x_wconf 89' lang='lat' dir='ltr'><strong>item</strong></span> <span class='ocrx_word' id='word_1_111' title='bbox 1171 1665 1492 1722; x_wconf 84' lang='lat' dir='ltr'><strong>admiranda</strong></span> <span class='ocrx_word' id='word_1_112' title='bbox 1516 1668 1855 1739; x_wconf 77' lang='lat' dir='ltr'><strong>contigerint</strong></span> <span class='ocrx_word' id='word_1_113' title='bbox 1881 1676 1939 1722; x_wconf 88' lang='lat' dir='ltr'><strong>et</strong></span> <span class='ocrx_word' id='word_1_114' title='bbox 1965 1684 2187 1724; x_wconf 88' lang='lat' dir='ltr'><strong>omnem</strong></span> 
     </span>
    </p>
   </div>
   <div class='ocr_carea' id='block_1_19' title="bbox 603 1756 2189 1831">
    <p class='ocr_par' dir='ltr' id='par_1_19' title="bbox 603 1756 2189 1831">
     <span class='ocr_line' id='line_1_19' title="bbox 603 1756 2189 1831; baseline 0.003 -21"><span class='ocrx_word' id='word_1_115' title='bbox 603 1756 827 1812; x_wconf 87' lang='lat' dir='ltr'><strong>dicendi</strong></span> <span class='ocrx_word' id='word_1_116' title='bbox 858 1757 969 1811; x_wconf 87' lang='lat' dir='ltr'><strong>vim</strong></span> <span class='ocrx_word' id='word_1_117' title='bbox 1004 1758 1165 1828; x_wconf 85' lang='lat' dir='ltr'><strong>longe</strong></span> <span class='ocrx_word' id='word_1_118' title='bbox 1196 1759 1517 1828; x_wconf 88' lang='lat' dir='ltr'><strong>superantia</strong></span> <span class='ocrx_word' id='word_1_119' title='bbox 1550 1775 1565 1812; x_wconf 88' lang='lat'>:</span> <span class='ocrx_word' id='word_1_120' title='bbox 1596 1758 1818 1829; x_wconf 85' lang='lat' dir='ltr'><strong>lugubri</strong></span> <span class='ocrx_word' id='word_1_121' title='bbox 1848 1759 1991 1831; x_wconf 86' lang='lat' dir='ltr'><strong>ston</strong></span> <span class='ocrx_word' id='word_1_122' title='bbox 2020 1760 2189 1816; x_wconf 88' lang='lat' dir='ltr'><strong>Joan-</strong></span> 
     </span>
    </p>
   </div>
   <div class='ocr_carea' id='block_1_20' title="bbox 2285 574 3879 649">
    <p class='ocr_par' dir='ltr' id='par_1_20' title="bbox 2285 574 3879 649">
     <span class='ocr_line' id='line_1_20' title="bbox 2285 574 3879 649; baseline 0.002 -20"><span class='ocrx_word' id='word_1_123' title='bbox 2285 577 2552 645; x_wconf 79' lang='grc' dir='ltr'>εχόμενοι.</span> <span class='ocrx_word' id='word_1_124' title='bbox 2578 576 2737 631; x_wconf 74' lang='grc' dir='ltr'>Μετὰ</span> <span class='ocrx_word' id='word_1_125' title='bbox 2748 575 2858 648; x_wconf 82' lang='grc' dir='ltr'>γὰρ</span> <span class='ocrx_word' id='word_1_126' title='bbox 2877 576 3084 648; x_wconf 85' lang='grc' dir='ltr'>βραχύν</span> <span class='ocrx_word' id='word_1_127' title='bbox 3100 593 3228 629; x_wconf 77' lang='grc' dir='ltr'>τινα</span> <span class='ocrx_word' id='word_1_128' title='bbox 3240 575 3456 647; x_wconf 80' lang='grc' dir='ltr'>καιρὸν,</span> <span class='ocrx_word' id='word_1_129' title='bbox 3476 579 3534 630; x_wconf 79' lang='grc' dir='ltr'><strong>ἐν</strong></span> <span class='ocrx_word' id='word_1_130' title='bbox 3553 574 3633 648; x_wconf 83' lang='grc' dir='ltr'>τῷ</span> <span class='ocrx_word' id='word_1_131' title='bbox 3656 578 3879 649; x_wconf 72' lang='grc' dir='ltr'><strong>ἑϐδόμῳ</strong></span> 
     </span>
    </p>
   </div>
   <div class='ocr_carea' id='block_1_21' title="bbox 2284 666 3879 739">
    <p class='ocr_par' dir='ltr' id='par_1_21' title="bbox 2284 666 3879 739">
     <span class='ocr_line' id='line_1_21' title="bbox 2284 666 3879 739; baseline 0.001 -18"><span class='ocrx_word' id='word_1_132' title='bbox 2284 668 2396 721; x_wconf 77' lang='grc' dir='ltr'>ετει</span> <span class='ocrx_word' id='word_1_133' title='bbox 2422 669 2520 739; x_wconf 86' lang='grc' dir='ltr'><strong>τῆς</strong></span> <span class='ocrx_word' id='word_1_134' title='bbox 2551 667 2717 722; x_wconf 83' lang='grc' dir='ltr'>αὐτοῦ</span> <span class='ocrx_word' id='word_1_135' title='bbox 2742 667 3044 738; x_wconf 86' lang='grc' dir='ltr'>βασιλείας,</span> <span class='ocrx_word' id='word_1_136' title='bbox 3071 669 3203 739; x_wconf 74' lang='grc' dir='ltr'>μην).</span> <span class='ocrx_word' id='word_1_137' title='bbox 3233 666 3448 737; x_wconf 74' lang='grc' dir='ltr'>δεκάτῳ</span> <span class='ocrx_word' id='word_1_138' title='bbox 3484 667 3622 737; x_wconf 74' lang='grc'>(25),</span> <span class='ocrx_word' id='word_1_139' title='bbox 3653 668 3756 721; x_wconf 78' lang='grc' dir='ltr'>ἀνὰ</span> <span class='ocrx_word' id='word_1_140' title='bbox 3779 670 3879 722; x_wconf 67' lang='grc' dir='ltr'><strong>τὸν</strong></span> 
     </span>
    </p>
   </div>
   <div class='ocr_carea' id='block_1_22' title="bbox 2297 758 3879 830">
    <p class='ocr_par' dir='ltr' id='par_1_22' title="bbox 2297 758 3879 830">
     <span class='ocr_line' id='line_1_22' title="bbox 2297 758 3879 830; baseline -0.001 -18"><span class='ocrx_word' id='word_1_141' title='bbox 2297 758 2645 829; x_wconf 81' lang='grc' dir='ltr'>Ἀρτεμίσιον</span> <span class='ocrx_word' id='word_1_142' title='bbox 2677 758 2821 830; x_wconf 83' lang='grc' dir='ltr'>μῆνα</span> <span class='ocrx_word' id='word_1_143' title='bbox 2853 758 2974 828; x_wconf 78' lang='grc' dir='ltr'>ἦτοι</span> <span class='ocrx_word' id='word_1_144' title='bbox 3025 758 3223 824; x_wconf 82' lang='grc' dir='ltr'>Μάῖον,</span> <span class='ocrx_word' id='word_1_145' title='bbox 3266 759 3465 830; x_wconf 80' lang='grc' dir='ltr'>ἐννάτῃ</span> <span class='ocrx_word' id='word_1_146' title='bbox 3514 759 3615 811; x_wconf 76' lang='grc' dir='ltr'><strong>καὶ</strong></span> <span class='ocrx_word' id='word_1_147' title='bbox 3644 760 3879 829; x_wconf 72' lang='grc' dir='ltr'>εἰκοστῇ</span> 
     </span>
    </p>
   </div>
   <div class='ocr_carea' id='block_1_23' title="bbox 2284 848 3882 922">
    <p class='ocr_par' dir='ltr' id='par_1_23' title="bbox 2284 848 3882 922">
     <span class='ocr_line' id='line_1_23' title="bbox 2284 848 3882 922; baseline 0 -20"><span class='ocrx_word' id='word_1_148' title='bbox 2284 849 2452 903; x_wconf 82' lang='grc' dir='ltr'>αὑτοῦ</span> <span class='ocrx_word' id='word_1_149' title='bbox 2482 850 2666 919; x_wconf 73' lang='grc' dir='ltr'>ήμέρςι</span> <span class='ocrx_word' id='word_1_150' title='bbox 2688 850 2811 904; x_wconf 77' lang='grc' dir='ltr'>κατ’</span> <span class='ocrx_word' id='word_1_151' title='bbox 2836 848 2971 903; x_wconf 80' lang='grc' dir='ltr'>αὐτὸ</span> <span class='ocrx_word' id='word_1_152' title='bbox 2995 849 3099 920; x_wconf 81' lang='grc' dir='ltr'>τῆς</span> <span class='ocrx_word' id='word_1_153' title='bbox 3131 849 3481 922; x_wconf 76' lang='grc' dir='ltr'>μεσημϐρίας</span> <span class='ocrx_word' id='word_1_154' title='bbox 3506 850 3572 903; x_wconf 76' lang='grc' dir='ltr'>τὸ</span> <span class='ocrx_word' id='word_1_155' title='bbox 3594 849 3882 917; x_wconf 75' lang='grc' dir='ltr'>σταθεριῦ-</span> 
     </span>
    </p>
   </div>
   <div class='ocr_carea' id='block_1_24' title="bbox 2284 938 3878 1012">
    <p class='ocr_par' dir='ltr' id='par_1_24' title="bbox 2284 938 3878 1012">
     <span class='ocr_line' id='line_1_24' title="bbox 2284 938 3878 1012; baseline 0 -20"><span class='ocrx_word' id='word_1_156' title='bbox 2284 956 2469 1003; x_wconf 89' lang='grc' dir='ltr'>τατον,</span> <span class='ocrx_word' id='word_1_157' title='bbox 2490 939 2590 1010; x_wconf 82' lang='grc' dir='ltr'>τῆς</span> <span class='ocrx_word' id='word_1_158' title='bbox 2614 940 2779 1011; x_wconf 66' lang='grc' dir='ltr'>ἕκτης</span> <span class='ocrx_word' id='word_1_159' title='bbox 2796 938 3013 1012; x_wconf 66' lang='grc' dir='ltr'>ἡμέρας</span> <span class='ocrx_word' id='word_1_160' title='bbox 3038 940 3140 1009; x_wconf 78' lang='grc' dir='ltr'>τῆς</span> <span class='ocrx_word' id='word_1_161' title='bbox 3173 939 3519 1011; x_wconf 71' lang='grc' dir='ltr'><strong>καλουμένης</strong></span> <span class='ocrx_word' id='word_1_162' title='bbox 3548 938 3878 1009; x_wconf 70' lang='grc' dir='ltr'>ἑϐδομάδος,</span> 
     </span>
    </p>
   </div>
   <div class='ocr_carea' id='block_1_25' title="bbox 2288 1028 3882 1103">
    <p class='ocr_par' dir='ltr' id='par_1_25' title="bbox 2288 1028 3882 1103">
     <span class='ocr_line' id='line_1_25' title="bbox 2288 1028 3882 1103; baseline 0.001 -21"><span class='ocrx_word' id='word_1_163' title='bbox 2288 1028 2532 1101; x_wconf 80' lang='grc' dir='ltr'>βρασμδς</span> <span class='ocrx_word' id='word_1_164' title='bbox 2559 1032 2655 1085; x_wconf 80' lang='grc' dir='ltr'>καὶ</span> <span class='ocrx_word' id='word_1_165' title='bbox 2709 1031 2937 1103; x_wconf 78' lang='grc' dir='ltr'>σεισμὸς</span> <span class='ocrx_word' id='word_1_166' title='bbox 2979 1028 3301 1094; x_wconf 80' lang='grc' dir='ltr'>ἐπελθόντες</span> <span class='ocrx_word' id='word_1_167' title='bbox 3327 1032 3397 1101; x_wconf 78' lang='grc' dir='ltr'><strong>τῇ</strong></span> <span class='ocrx_word' id='word_1_168' title='bbox 3439 1029 3619 1092; x_wconf 82' lang='grc' dir='ltr'>πόλει,</span> <span class='ocrx_word' id='word_1_169' title='bbox 3670 1028 3882 1100; x_wconf 79' lang='grc' dir='ltr'><strong>μικρώ</strong></span> 
     </span>
    </p>
   </div>
   <div class='ocr_carea' id='block_1_26' title="bbox 2287 1116 3879 1194">
    <p class='ocr_par' dir='ltr' id='par_1_26' title="bbox 2287 1116 3879 1194">
     <span class='ocr_line' id='line_1_26' title="bbox 2287 1116 3879 1194; baseline 0.001 -20"><span class='ocrx_word' id='word_1_170' title='bbox 2287 1124 2468 1176; x_wconf 66' lang='grc' dir='ltr'>πᾶσαν</span> <span class='ocrx_word' id='word_1_171' title='bbox 2493 1122 2901 1194; x_wconf 76' lang='grc' dir='ltr'>ἀνατρέψαντες</span> <span class='ocrx_word' id='word_1_172' title='bbox 2928 1124 3247 1194; x_wconf 75' lang='grc' dir='ltr'>γατήγαγον</span> <span class='ocrx_word' id='word_1_173' title='bbox 3265 1139 3283 1155; x_wconf 89' lang='grc'><strong>·</strong></span> <span class='ocrx_word' id='word_1_174' title='bbox 3301 1116 3385 1187; x_wconf 75' lang='grc' dir='ltr'>οἷς</span> <span class='ocrx_word' id='word_1_175' title='bbox 3405 1125 3503 1177; x_wconf 83' lang='grc' dir='ltr'><strong>καὶ</strong></span> <span class='ocrx_word' id='word_1_176' title='bbox 3530 1122 3646 1192; x_wconf 81' lang='grc' dir='ltr'><strong>πῦρ</strong></span> <span class='ocrx_word' id='word_1_177' title='bbox 3661 1124 3879 1186; x_wconf 75' lang='grc' dir='ltr'>εἵπετο,</span> 
     </span>
    </p>
   </div>
   <div class='ocr_carea' id='block_1_27' title="bbox 2286 1210 3882 1285">
    <p class='ocr_par' dir='ltr' id='par_1_27' title="bbox 2286 1210 3882 1285">
     <span class='ocr_line' id='line_1_27' title="bbox 2286 1210 3882 1285; baseline 0 -21"><span class='ocrx_word' id='word_1_178' title='bbox 2286 1210 2477 1282; x_wconf 83' lang='grc' dir='ltr'>ὥσπερ</span> <span class='ocrx_word' id='word_1_179' title='bbox 2508 1212 2607 1283; x_wconf 80' lang='grc' dir='ltr'>τὴν</span> <span class='ocrx_word' id='word_1_180' title='bbox 2633 1214 2921 1285; x_wconf 75' lang='grc' dir='ltr'>συμφορὰν</span> <span class='ocrx_word' id='word_1_181' title='bbox 2966 1212 3086 1284; x_wconf 83' lang='grc' dir='ltr'>μετ’</span> <span class='ocrx_word' id='word_1_182' title='bbox 3116 1212 3297 1266; x_wconf 84' lang='grc' dir='ltr'>αὐτῶν</span> <span class='ocrx_word' id='word_1_183' title='bbox 3316 1211 3762 1283; x_wconf 76' lang='grc' dir='ltr'>διανειμάμενον.</span> <span class='ocrx_word' id='word_1_184' title='bbox 3805 1212 3882 1264; x_wconf 78' lang='grc' dir='ltr'><strong>’Δ</strong></span> 
     </span>
    </p>
   </div>
   <div class='ocr_carea' id='block_1_28' title="bbox 2286 1304 3883 1375">
    <p class='ocr_par' dir='ltr' id='par_1_28' title="bbox 2286 1304 3883 1375">
     <span class='ocr_line' id='line_1_28' title="bbox 2286 1304 3883 1375; baseline -0.001 -18"><span class='ocrx_word' id='word_1_185' title='bbox 2286 1304 2398 1374; x_wconf 77' lang='grc' dir='ltr'>γὰρ</span> <span class='ocrx_word' id='word_1_186' title='bbox 2448 1305 2645 1358; x_wconf 75' lang='grc' dir='ltr'>ἐκεῖνοι</span> <span class='ocrx_word' id='word_1_187' title='bbox 2680 1305 2743 1358; x_wconf 85' lang='grc' dir='ltr'>οὐ</span> <span class='ocrx_word' id='word_1_188' title='bbox 2777 1304 3098 1370; x_wconf 73' lang='grc' dir='ltr'>κατέλαϐον,</span> <span class='ocrx_word' id='word_1_189' title='bbox 3142 1304 3205 1358; x_wconf 76' lang='grc' dir='ltr'><strong>τὸ</strong></span> <span class='ocrx_word' id='word_1_190' title='bbox 3247 1304 3359 1375; x_wconf 82' lang='grc' dir='ltr'>πῦρ</span> <span class='ocrx_word' id='word_1_191' title='bbox 3423 1304 3883 1374; x_wconf 76' lang='grc' dir='ltr'>ἀμφινεμόμενον</span> 
     </span>
    </p>
   </div>
   <div class='ocr_carea' id='block_1_29' title="bbox 2288 1392 3884 1465">
    <p class='ocr_par' dir='ltr' id='par_1_29' title="bbox 2288 1392 3884 1465">
     <span class='ocr_line' id='line_1_29' title="bbox 2288 1392 3884 1465; baseline 0.004 -18"><span class='ocrx_word' id='word_1_192' title='bbox 2288 1392 2675 1465; x_wconf 75' lang='grc' dir='ltr'>ἐξηνθράκωσέ</span> <span class='ocrx_word' id='word_1_193' title='bbox 2708 1412 2791 1461; x_wconf 83' lang='grc' dir='ltr'><strong>τε,</strong></span> <span class='ocrx_word' id='word_1_194' title='bbox 2812 1396 2912 1450; x_wconf 76' lang='grc' dir='ltr'><strong>καὶ</strong></span> <span class='ocrx_word' id='word_1_195' title='bbox 2939 1396 3319 1465; x_wconf 67' lang='grc' dir='ltr'>ἀπεστεφρωσε.</span> <span class='ocrx_word' id='word_1_196' title='bbox 3352 1396 3465 1449; x_wconf 80' lang='grc' dir='ltr'><strong>Καὶ</strong></span> <span class='ocrx_word' id='word_1_197' title='bbox 3498 1396 3604 1449; x_wconf 85' lang='grc' dir='ltr'>ὅσα</span> <span class='ocrx_word' id='word_1_198' title='bbox 3638 1396 3739 1465; x_wconf 76' lang='grc' dir='ltr'><strong>μὲν</strong></span> <span class='ocrx_word' id='word_1_199' title='bbox 3771 1394 3884 1465; x_wconf 77' lang='grc' dir='ltr'>τῆς</span> 
     </span>
    </p>
   </div>
   <div class='ocr_carea' id='block_1_30' title="bbox 2288 1485 3885 1557">
    <p class='ocr_par' dir='ltr' id='par_1_30' title="bbox 2288 1485 3885 1557">
     <span class='ocr_line' id='line_1_30' title="bbox 2288 1485 3885 1557; baseline -0.001 -18"><span class='ocrx_word' id='word_1_200' title='bbox 2288 1486 2499 1550; x_wconf 81' lang='grc' dir='ltr'>πόλεως</span> <span class='ocrx_word' id='word_1_201' title='bbox 2532 1486 2821 1553; x_wconf 80' lang='grc' dir='ltr'>πέπονθεν,</span> <span class='ocrx_word' id='word_1_202' title='bbox 2844 1488 2960 1541; x_wconf 82' lang='grc' dir='ltr'><strong>ὅσοι</strong></span> <span class='ocrx_word' id='word_1_203' title='bbox 2987 1503 3045 1539; x_wconf 83' lang='grc' dir='ltr'><strong>τε</strong></span> <span class='ocrx_word' id='word_1_204' title='bbox 3070 1485 3166 1540; x_wconf 81' lang='grc' dir='ltr'><strong>τοῦ</strong></span> <span class='ocrx_word' id='word_1_205' title='bbox 3187 1485 3361 1557; x_wconf 79' lang='grc' dir='ltr'>πυρὸς</span> <span class='ocrx_word' id='word_1_206' title='bbox 3388 1485 3616 1540; x_wconf 77' lang='grc' dir='ltr'>καὶτῶν</span> <span class='ocrx_word' id='word_1_207' title='bbox 3632 1486 3885 1556; x_wconf 73' lang='grc' dir='ltr'>σεισμῶν</span> 
     </span>
    </p>
   </div>
   <div class='ocr_carea' id='block_1_31' title="bbox 2289 1575 3884 1647">
    <p class='ocr_par' dir='ltr' id='par_1_31' title="bbox 2289 1575 3884 1647">
     <span class='ocr_line' id='line_1_31' title="bbox 2289 1575 3884 1647; baseline 0 -18"><span class='ocrx_word' id='word_1_208' title='bbox 2289 1578 2450 1647; x_wconf 73' lang='grc' dir='ltr'>ἔργον</span> <span class='ocrx_word' id='word_1_209' title='bbox 2488 1578 2800 1646; x_wconf 86' lang='grc' dir='ltr'>γεγόνασιν,</span> <span class='ocrx_word' id='word_1_210' title='bbox 2834 1577 2911 1642; x_wconf 83' lang='grc' dir='ltr'><strong>ὡς</strong></span> <span class='ocrx_word' id='word_1_211' title='bbox 2930 1577 2993 1631; x_wconf 82' lang='grc' dir='ltr'>τὸ</span> <span class='ocrx_word' id='word_1_212' title='bbox 3024 1576 3173 1641; x_wconf 80' lang='grc' dir='ltr'>εἰκὸς</span> <span class='ocrx_word' id='word_1_213' title='bbox 3200 1576 3452 1641; x_wconf 81' lang='grc' dir='ltr'>ὑπέθετο,</span> <span class='ocrx_word' id='word_1_214' title='bbox 3486 1575 3651 1630; x_wconf 82' lang='grc' dir='ltr'>ὁποῖά</span> <span class='ocrx_word' id='word_1_215' title='bbox 3680 1593 3742 1629; x_wconf 90' lang='grc' dir='ltr'><strong>τε</strong></span> <span class='ocrx_word' id='word_1_216' title='bbox 3766 1594 3884 1629; x_wconf 86' lang='grc' dir='ltr'>πα-</span> 
     </span>
    </p>
   </div>
   <div class='ocr_carea' id='block_1_32' title="bbox 2292 1668 3884 1741">
    <p class='ocr_par' dir='ltr' id='par_1_32' title="bbox 2292 1668 3884 1741">
     <span class='ocr_line' id='line_1_32' title="bbox 2292 1668 3884 1741; baseline -0.001 -18"><span class='ocrx_word' id='word_1_217' title='bbox 2292 1668 2489 1740; x_wconf 84' lang='grc' dir='ltr'>ράδοξα</span> <span class='ocrx_word' id='word_1_218' title='bbox 2525 1669 2621 1723; x_wconf 69' lang='grc' dir='ltr'><strong>καὶ</strong></span> <span class='ocrx_word' id='word_1_219' title='bbox 2667 1670 2830 1740; x_wconf 84' lang='grc' dir='ltr'>λόγου</span> <span class='ocrx_word' id='word_1_220' title='bbox 2875 1671 3113 1739; x_wconf 75' lang='grc' dir='ltr'><strong>κρείττω</strong></span> <span class='ocrx_word' id='word_1_221' title='bbox 3160 1669 3503 1741; x_wconf 80' lang='grc' dir='ltr'>συμϐέϐηκε,</span> <span class='ocrx_word' id='word_1_222' title='bbox 3549 1669 3884 1740; x_wconf 78' lang='grc' dir='ltr'>περιπαθῶς</span> 
     </span>
    </p>
   </div>
   <div class='ocr_carea' id='block_1_33' title="bbox 2290 1753 3885 1831">
    <p class='ocr_par' dir='ltr' id='par_1_33' title="bbox 2290 1753 3885 1831">
     <span class='ocr_line' id='line_1_33' title="bbox 2290 1753 3885 1831; baseline 0.001 -21"><span class='ocrx_word' id='word_1_223' title='bbox 2290 1759 2574 1829; x_wconf 78' lang='grc' dir='ltr'>ἀφήγηται</span> <span class='ocrx_word' id='word_1_224' title='bbox 2617 1759 2840 1831; x_wconf 83' lang='grc' dir='ltr'><strong>Ἰωάννῃ</strong></span> <span class='ocrx_word' id='word_1_225' title='bbox 2869 1760 2951 1830; x_wconf 83' lang='grc' dir='ltr'>τῷ</span> <span class='ocrx_word' id='word_1_226' title='bbox 2986 1760 3200 1831; x_wconf 79' lang='grc' dir='ltr'>ῥήτορι.</span> <span class='ocrx_word' id='word_1_227' title='bbox 3230 1753 3334 1814; x_wconf 84' lang='grc' dir='ltr'>ὧδε</span> <span class='ocrx_word' id='word_1_228' title='bbox 3370 1760 3473 1829; x_wconf 84' lang='grc' dir='ltr'>τῆς</span> <span class='ocrx_word' id='word_1_229' title='bbox 3503 1760 3752 1830; x_wconf 75' lang='grc' dir='ltr'>ἱστορίας</span> <span class='ocrx_word' id='word_1_230' title='bbox 3774 1775 3885 1812; x_wconf 78' lang='grc' dir='ltr'><strong>κα.-</strong></span> 
     </span>
    </p>
   </div>
   <div class='ocr_carea' id='block_1_34' title="bbox 603 1848 2201 1924">
    <p class='ocr_par' dir='ltr' id='par_1_34' title="bbox 603 1848 2188 1918">
     <span class='ocr_line' id='line_1_34' title="bbox 603 1848 2188 1918; baseline 0.003 -17"><span class='ocrx_word' id='word_1_231' title='bbox 603 1863 705 1901; x_wconf 91' lang='lat' dir='ltr'><strong>nes</strong></span> <span class='ocrx_word' id='word_1_232' title='bbox 738 1848 929 1903; x_wconf 89' lang='lat' dir='ltr'><strong>rhetor</strong></span> <span class='ocrx_word' id='word_1_233' title='bbox 959 1848 1234 1918; x_wconf 82' lang='lat' dir='ltr'><strong>exposuit,</strong></span> <span class='ocrx_word' id='word_1_234' title='bbox 1264 1863 1328 1903; x_wconf 89' lang='lat' dir='ltr'><strong>ea</strong></span> <span class='ocrx_word' id='word_1_235' title='bbox 1359 1850 1675 1905; x_wconf 88' lang='lat' dir='ltr'><strong>narratione</strong></span> <span class='ocrx_word' id='word_1_236' title='bbox 1706 1849 1995 1905; x_wconf 84' lang='lat' dir='ltr'><strong>historiam</strong></span> <span class='ocrx_word' id='word_1_237' title='bbox 2032 1866 2188 1906; x_wconf 89' lang='lat' dir='ltr'><strong>suam</strong></span> 
     </span>
    </p>
   </div>
   <div class='ocr_carea' id='block_1_35' title="bbox 2300 1848 3884 1924">
    <p class='ocr_par' dir='ltr' id='par_1_35' title="bbox 2300 1848 3884 1924">
     <span class='ocr_line' id='line_1_35' title="bbox 2300 1848 3884 1924; baseline 0.001 -22"><span class='ocrx_word' id='word_1_238' title='bbox 2300 1850 2603 1921; x_wconf 80' lang='grc' dir='ltr'>ιαλήξαντι.</span> <span class='ocrx_word' id='word_1_239' title='bbox 2643 1852 2889 1923; x_wconf 77' lang='grc' dir='ltr'>Τελευτᾷ</span> <span class='ocrx_word' id='word_1_240' title='bbox 2919 1852 2965 1905; x_wconf 79' lang='grc' dir='ltr'>δ’</span> <span class='ocrx_word' id='word_1_241' title='bbox 3003 1848 3099 1907; x_wconf 75' lang='grc' dir='ltr'>οὖν</span> <span class='ocrx_word' id='word_1_242' title='bbox 3133 1852 3246 1924; x_wconf 68' lang='lat'><strong>(26)</strong></span> <span class='ocrx_word' id='word_1_243' title='bbox 3277 1851 3728 1922; x_wconf 78' lang='grc' dir='ltr'>ἐγκαταληφθεὶς</span> <span class='ocrx_word' id='word_1_244' title='bbox 3762 1854 3884 1914; x_wconf 81' lang='grc' dir='ltr'>τοῖς</span> 
     </span>
    </p>
   </div>
   <div class='ocr_carea' id='block_1_36' title="bbox 605 1938 2186 2013">
    <p class='ocr_par' dir='ltr' id='par_1_36' title="bbox 605 1938 2186 2013">
     <span class='ocr_line' id='line_1_36' title="bbox 605 1938 2186 2013; baseline 0.004 -21"><span class='ocrx_word' id='word_1_245' title='bbox 605 1938 891 1994; x_wconf 86' lang='lat' dir='ltr'><strong>claudens.</strong></span> <span class='ocrx_word' id='word_1_246' title='bbox 960 1941 1246 1996; x_wconf 90' lang='lat' dir='ltr'><strong>Postremo</strong></span> <span class='ocrx_word' id='word_1_247' title='bbox 1299 1941 1642 2012; x_wconf 85' lang='lat' dir='ltr'><strong>Euphrasius</strong></span> <span class='ocrx_word' id='word_1_248' title='bbox 1700 1957 1921 2013; x_wconf 87' lang='lat' dir='ltr'><strong>quoque</strong></span> <span class='ocrx_word' id='word_1_249' title='bbox 1994 1943 2186 1998; x_wconf 90' lang='lat' dir='ltr'><strong>eadem</strong></span> 
     </span>
    </p>
   </div>
   <div class='ocr_carea' id='block_1_37' title="bbox 603 2031 2189 2102">
    <p class='ocr_par' dir='ltr' id='par_1_37' title="bbox 603 2031 2189 2102">
     <span class='ocr_line' id='line_1_37' title="bbox 603 2031 2189 2102; baseline 0.004 -18"><span class='ocrx_word' id='word_1_250' title='bbox 603 2031 767 2086; x_wconf 87' lang='lat' dir='ltr'><strong>ruina</strong></span> <span class='ocrx_word' id='word_1_251' title='bbox 800 2047 1118 2102; x_wconf 89' lang='lat' dir='ltr'><strong>oppressus,</strong></span> <span class='ocrx_word' id='word_1_252' title='bbox 1147 2032 1303 2087; x_wconf 89' lang='lat' dir='ltr'><strong>urbis</strong></span> <span class='ocrx_word' id='word_1_253' title='bbox 1330 2033 1696 2088; x_wconf 82' lang='lat' dir='ltr'><strong>calamitatem</strong></span> <span class='ocrx_word' id='word_1_254' title='bbox 1728 2034 1901 2098; x_wconf 81' lang='lat' dir='ltr'><strong>auxit,</strong></span> <span class='ocrx_word' id='word_1_255' title='bbox 1926 2047 2054 2089; x_wconf 89' lang='lat' dir='ltr'><strong>cum</strong></span> <span class='ocrx_word' id='word_1_256' title='bbox 2086 2050 2189 2091; x_wconf 83' lang='lat' dir='ltr'><strong>ne-</strong></span> 
     </span>
    </p>
   </div>
   <div class='ocr_carea' id='block_1_38' title="bbox 605 2125 2009 2198">
    <p class='ocr_par' dir='ltr' id='par_1_38' title="bbox 605 2125 2009 2198">
     <span class='ocr_line' id='line_1_38' title="bbox 605 2125 2009 2198; baseline 0.003 -21"><span class='ocrx_word' id='word_1_257' title='bbox 605 2139 698 2178; x_wconf 90' lang='lat' dir='ltr'><strong>mo</strong></span> <span class='ocrx_word' id='word_1_258' title='bbox 732 2134 1047 2194; x_wconf 88' lang='lat' dir='ltr'><strong>superesset</strong></span> <span class='ocrx_word' id='word_1_259' title='bbox 1071 2126 1166 2195; x_wconf 89' lang='lat' dir='ltr'><strong>qui</strong></span> <span class='ocrx_word' id='word_1_260' title='bbox 1195 2141 1283 2180; x_wconf 89' lang='lat' dir='ltr'><strong>res</strong></span> <span class='ocrx_word' id='word_1_261' title='bbox 1305 2125 1649 2181; x_wconf 88' lang='lat' dir='ltr'><strong>necessarias</strong></span> <span class='ocrx_word' id='word_1_262' title='bbox 1670 2126 2009 2198; x_wconf 74' lang='lat' dir='ltr'><strong>provideret.</strong></span> 
     </span>
    </p>
   </div>
   <div class='ocr_carea' id='block_1_39' title="bbox 1255 2237 1537 2295">
    <p class='ocr_par' dir='ltr' id='par_1_39' title="bbox 1255 2237 1537 2295">
     <span class='ocr_line' id='line_1_39' title="bbox 1255 2237 1537 2295; baseline 0 -1"><span class='ocrx_word' id='word_1_263' title='bbox 1255 2237 1405 2294; x_wconf 82' lang='lat' dir='ltr'><strong>CAP.</strong></span> <span class='ocrx_word' id='word_1_264' title='bbox 1451 2238 1537 2295; x_wconf 84' lang='lat' dir='ltr'><strong>VI.</strong></span> 
     </span>
    </p>
   </div>
   <div class='ocr_carea' id='block_1_40' title="bbox 854 2329 1940 2401">
    <p class='ocr_par' dir='ltr' id='par_1_40' title="bbox 854 2329 1940 2401">
     <span class='ocr_line' id='line_1_40' title="bbox 854 2329 1940 2401; baseline 0.006 -19"><span class='ocrx_word' id='word_1_265' title='bbox 854 2329 931 2382; x_wconf 88' lang='lat' dir='ltr'><strong>De</strong></span> <span class='ocrx_word' id='word_1_266' title='bbox 963 2329 1265 2399; x_wconf 70' lang='lat' dir='ltr'><strong>Ephrwmio</strong></span> <span class='ocrx_word' id='word_1_267' title='bbox 1302 2330 1591 2401; x_wconf 78' lang='lat' dir='ltr'><strong>Euphrasii</strong></span> <span class='ocrx_word' id='word_1_268' title='bbox 1625 2348 1940 2387; x_wconf 77' lang='lat' dir='ltr'><strong>successore.</strong></span> 
     </span>
    </p>
   </div>
   <div class='ocr_carea' id='block_1_41' title="bbox 682 2418 2190 2493">
    <p class='ocr_par' dir='ltr' id='par_1_41' title="bbox 682 2418 2190 2493">
     <span class='ocr_line' id='line_1_41' title="bbox 682 2418 2190 2493; baseline 0.005 -22"><span class='ocrx_word' id='word_1_269' title='bbox 682 2419 885 2472; x_wconf 83' lang='lat' dir='ltr'><strong>Verum</strong></span> <span class='ocrx_word' id='word_1_270' title='bbox 918 2418 1176 2473; x_wconf 81' lang='lat' dir='ltr'><strong>salutaris</strong></span> <span class='ocrx_word' id='word_1_271' title='bbox 1204 2418 1690 2489; x_wconf 80' lang='lat' dir='ltr'><strong>Deiprovidentia,</strong></span> <span class='ocrx_word' id='word_1_272' title='bbox 1719 2436 1862 2491; x_wconf 70' lang='lat' dir='ltr'><strong>quae,</strong></span> <span class='ocrx_word' id='word_1_273' title='bbox 1896 2430 2190 2493; x_wconf 87' lang='lat' dir='ltr'><strong>antequam</strong></span> 
     </span>
    </p>
   </div>
   <div class='ocr_carea' id='block_1_42' title="bbox 608 2509 2190 2584">
    <p class='ocr_par' dir='ltr' id='par_1_42' title="bbox 608 2509 2190 2584">
     <span class='ocr_line' id='line_1_42' title="bbox 608 2509 2190 2584; baseline 0.003 -20"><span class='ocrx_word' id='word_1_274' title='bbox 608 2510 791 2576; x_wconf 79' lang='lat' dir='ltr'><strong>feriat,</strong></span> <span class='ocrx_word' id='word_1_275' title='bbox 824 2509 1065 2565; x_wconf 87' lang='lat' dir='ltr'><strong>remedia</strong></span> <span class='ocrx_word' id='word_1_276' title='bbox 1111 2524 1309 2580; x_wconf 88' lang='lat' dir='ltr'><strong>parare</strong></span> <span class='ocrx_word' id='word_1_277' title='bbox 1355 2510 1518 2575; x_wconf 88' lang='lat' dir='ltr'><strong>solet,</strong></span> <span class='ocrx_word' id='word_1_278' title='bbox 1548 2520 1606 2566; x_wconf 90' lang='lat' dir='ltr'><strong>et</strong></span> <span class='ocrx_word' id='word_1_279' title='bbox 1652 2512 1749 2566; x_wconf 72' lang='lat' dir='ltr'><strong>irre</strong></span> <span class='ocrx_word' id='word_1_280' title='bbox 1792 2526 1903 2567; x_wconf 73' lang='lat' dir='ltr'><strong>suae</strong></span> <span class='ocrx_word' id='word_1_281' title='bbox 1948 2513 2190 2584; x_wconf 85' lang='lat' dir='ltr'><strong>gladium</strong></span> 
     </span>
    </p>
   </div>
   <div class='ocr_carea' id='block_1_43' title="bbox 609 2602 2193 2673">
    <p class='ocr_par' dir='ltr' id='par_1_43' title="bbox 609 2602 2193 2673">
     <span class='ocr_line' id='line_1_43' title="bbox 609 2602 2193 2673; baseline 0.003 -16"><span class='ocrx_word' id='word_1_282' title='bbox 609 2602 904 2658; x_wconf 87' lang='lat' dir='ltr'><strong>clementia</strong></span> <span class='ocrx_word' id='word_1_283' title='bbox 948 2602 1120 2668; x_wconf 89' lang='lat' dir='ltr'><strong>acuit,</strong></span> <span class='ocrx_word' id='word_1_284' title='bbox 1154 2612 1212 2657; x_wconf 89' lang='lat' dir='ltr'><strong>et</strong></span> <span class='ocrx_word' id='word_1_285' title='bbox 1247 2602 1552 2673; x_wconf 78' lang='lat' dir='ltr'><strong>deSperatis</strong></span> <span class='ocrx_word' id='word_1_286' title='bbox 1580 2602 1768 2669; x_wconf 88' lang='lat' dir='ltr'><strong>rebus,</strong></span> <span class='ocrx_word' id='word_1_287' title='bbox 1799 2604 2193 2662; x_wconf 59' lang='lat' dir='ltr'><strong>misericordiae</strong></span> 
     </span>
    </p>
   </div>
   <div class='ocr_carea' id='block_1_44' title="bbox 611 2693 2192 2763">
    <p class='ocr_par' dir='ltr' id='par_1_44' title="bbox 611 2693 2192 2763">
     <span class='ocr_line' id='line_1_44' title="bbox 611 2693 2192 2763; baseline 0.002 -16"><span class='ocrx_word' id='word_1_288' title='bbox 611 2708 724 2747; x_wconf 66' lang='lat' dir='ltr'><strong>sum</strong></span> <span class='ocrx_word' id='word_1_289' title='bbox 755 2693 904 2747; x_wconf 90' lang='lat' dir='ltr'><strong>fores</strong></span> <span class='ocrx_word' id='word_1_290' title='bbox 926 2693 1128 2762; x_wconf 88' lang='lat' dir='ltr'><strong>aperit,</strong></span> <span class='ocrx_word' id='word_1_291' title='bbox 1157 2693 1529 2763; x_wconf 67' lang='lat' dir='ltr'><strong>Ephrarmium</strong></span> <span class='ocrx_word' id='word_1_292' title='bbox 1560 2701 1694 2749; x_wconf 90' lang='lat' dir='ltr'><strong>tunc</strong></span> <span class='ocrx_word' id='word_1_293' title='bbox 1722 2694 1980 2750; x_wconf 89' lang='lat' dir='ltr'><strong>comitem</strong></span> <span class='ocrx_word' id='word_1_294' title='bbox 2005 2696 2192 2750; x_wconf 83' lang='lat' dir='ltr'><strong>orien-</strong></span> 
     </span>
    </p>
   </div>
   <div class='ocr_carea' id='block_1_45' title="bbox 611 2786 2193 2858">
    <p class='ocr_par' dir='ltr' id='par_1_45' title="bbox 611 2786 2193 2858">
     <span class='ocr_line' id='line_1_45' title="bbox 611 2786 2193 2858; baseline 0 -16"><span class='ocrx_word' id='word_1_295' title='bbox 611 2788 685 2845; x_wconf 82' lang='lat' dir='ltr'><strong>tis</strong></span> <span class='ocrx_word' id='word_1_296' title='bbox 717 2786 999 2852; x_wconf 81' lang='lat' dir='ltr'><strong>excitavit,</strong></span> <span class='ocrx_word' id='word_1_297' title='bbox 1027 2795 1090 2840; x_wconf 89' lang='lat' dir='ltr'><strong>ut</strong></span> <span class='ocrx_word' id='word_1_298' title='bbox 1116 2786 1269 2840; x_wconf 91' lang='lat' dir='ltr'><strong>omni</strong></span> <span class='ocrx_word' id='word_1_299' title='bbox 1309 2801 1441 2840; x_wconf 90' lang='lat' dir='ltr'><strong>cura</strong></span> <span class='ocrx_word' id='word_1_300' title='bbox 1474 2801 1540 2840; x_wconf 91' lang='lat' dir='ltr'><strong>ac</strong></span> <span class='ocrx_word' id='word_1_301' title='bbox 1570 2786 1947 2842; x_wconf 87' lang='lat' dir='ltr'><strong>sollicitudine</strong></span> <span class='ocrx_word' id='word_1_302' title='bbox 1975 2790 2193 2858; x_wconf 90' lang='lat' dir='ltr'><strong>prospi-</strong></span> 
     </span>
    </p>
   </div>
   <div class='ocr_carea' id='block_1_46' title="bbox 609 2876 2192 2949">
    <p class='ocr_par' dir='ltr' id='par_1_46' title="bbox 609 2876 2192 2949">
     <span class='ocr_line' id='line_1_46' title="bbox 609 2876 2192 2949; baseline 0.002 -17"><span class='ocrx_word' id='word_1_303' title='bbox 609 2886 783 2943; x_wconf 85' lang='lat' dir='ltr'><strong>ceret,</strong></span> <span class='ocrx_word' id='word_1_304' title='bbox 815 2893 885 2932; x_wconf 90' lang='lat' dir='ltr'><strong>ne</strong></span> <span class='ocrx_word' id='word_1_305' title='bbox 930 2892 999 2932; x_wconf 80' lang='lat' dir='ltr'><strong>ex</strong></span> <span class='ocrx_word' id='word_1_306' title='bbox 1047 2876 1215 2932; x_wconf 87' lang='lat' dir='ltr'><strong>rebus</strong></span> <span class='ocrx_word' id='word_1_307' title='bbox 1262 2877 1592 2933; x_wconf 88' lang='lat' dir='ltr'><strong>necessariis</strong></span> <span class='ocrx_word' id='word_1_308' title='bbox 1630 2878 1931 2949; x_wconf 88' lang='lat' dir='ltr'><strong>quidquam</strong></span> <span class='ocrx_word' id='word_1_309' title='bbox 1983 2880 2192 2935; x_wconf 88' lang='lat' dir='ltr'><strong>civitati</strong></span> 
     </span>
    </p>
   </div>
   <div class='ocr_carea' id='block_1_47' title="bbox 610 2968 2195 3035">
    <p class='ocr_par' dir='ltr' id='par_1_47' title="bbox 610 2968 2195 3035">
     <span class='ocr_line' id='line_1_47' title="bbox 610 2968 2195 3035; baseline 0.004 -14"><span class='ocrx_word' id='word_1_310' title='bbox 610 2969 852 3023; x_wconf 86' lang='lat' dir='ltr'><strong>deesset.</strong></span> <span class='ocrx_word' id='word_1_311' title='bbox 895 2968 1067 3035; x_wconf 85' lang='lat' dir='ltr'><strong>Quem</strong></span> <span class='ocrx_word' id='word_1_312' title='bbox 1115 2968 1372 3024; x_wconf 87' lang='lat' dir='ltr'><strong>admirati</strong></span> <span class='ocrx_word' id='word_1_313' title='bbox 1420 2969 1563 3024; x_wconf 89' lang='lat' dir='ltr'><strong>hanc</strong></span> <span class='ocrx_word' id='word_1_314' title='bbox 1608 2969 1679 3024; x_wconf 93' lang='lat' dir='ltr'><strong>ob</strong></span> <span class='ocrx_word' id='word_1_315' title='bbox 1731 2985 1954 3026; x_wconf 88' lang='lat' dir='ltr'><strong>causam</strong></span> <span class='ocrx_word' id='word_1_316' title='bbox 1996 2972 2195 3028; x_wconf 80' lang='lat' dir='ltr'><strong>Antio-</strong></span> 
     </span>
    </p>
   </div>
   <div class='ocr_carea' id='block_1_48' title="bbox 609 3059 2195 3137">
    <p class='ocr_par' dir='ltr' id='par_1_48' title="bbox 609 3059 2195 3137">
     <span class='ocr_line' id='line_1_48' title="bbox 609 3059 2195 3137; baseline 0.004 -22"><span class='ocrx_word' id='word_1_317' title='bbox 609 3059 797 3125; x_wconf 86' lang='lat' dir='ltr'><strong>ehcni,</strong></span> <span class='ocrx_word' id='word_1_318' title='bbox 842 3061 1161 3131; x_wconf 89' lang='lat' dir='ltr'><strong>episcopum</strong></span> <span class='ocrx_word' id='word_1_319' title='bbox 1211 3061 1364 3116; x_wconf 89' lang='lat' dir='ltr'><strong>urbis</strong></span> <span class='ocrx_word' id='word_1_320' title='bbox 1395 3063 1675 3116; x_wconf 91' lang='lat' dir='ltr'><strong>communi</strong></span> <span class='ocrx_word' id='word_1_321' title='bbox 1722 3062 1982 3135; x_wconf 81' lang='lat' dir='ltr'><strong>suﬂ‘ragio</strong></span> <span class='ocrx_word' id='word_1_322' title='bbox 2012 3065 2195 3137; x_wconf 87' lang='lat' dir='ltr'><strong>elege-</strong></span> 
     </span>
    </p>
   </div>
   <div class='ocr_carea' id='block_1_49' title="bbox 612 3153 2193 3225">
    <p class='ocr_par' dir='ltr' id='par_1_49' title="bbox 612 3153 2193 3225">
     <span class='ocr_line' id='line_1_49' title="bbox 612 3153 2193 3225; baseline 0.004 -19"><span class='ocrx_word' id='word_1_323' title='bbox 612 3162 765 3208; x_wconf 78' lang='lat' dir='ltr'><strong>runt.</strong></span> <span class='ocrx_word' id='word_1_324' title='bbox 815 3154 985 3223; x_wconf 86' lang='lat' dir='ltr'><strong>lgitur</strong></span> <span class='ocrx_word' id='word_1_325' title='bbox 1029 3153 1375 3224; x_wconf 76' lang='lat' dir='ltr'><strong>Ephrzemius</strong></span> <span class='ocrx_word' id='word_1_326' title='bbox 1416 3154 1773 3225; x_wconf 87' lang='lat' dir='ltr'><strong>apostolicam</strong></span> <span class='ocrx_word' id='word_1_327' title='bbox 1819 3156 2029 3223; x_wconf 80' lang='lat' dir='ltr'><strong>sedem,</strong></span> <span class='ocrx_word' id='word_1_328' title='bbox 2070 3166 2193 3212; x_wconf 81' lang='lat' dir='ltr'><strong>tan-</strong></span> 
     </span>
    </p>
   </div>
   <div class='ocr_carea' id='block_1_50' title="bbox 2294 1942 3885 2017">
    <p class='ocr_par' dir='ltr' id='par_1_50' title="bbox 2294 1942 3885 2017">
     <span class='ocr_line' id='line_1_50' title="bbox 2294 1942 3885 2017; baseline -0.001 -21"><span class='ocrx_word' id='word_1_329' title='bbox 2294 1942 2555 2012; x_wconf 82' lang='grc' dir='ltr'>πτώμασι</span> <span class='ocrx_word' id='word_1_330' title='bbox 2584 1944 2679 1997; x_wconf 76' lang='grc' dir='ltr'><strong>καὶ</strong></span> <span class='ocrx_word' id='word_1_331' title='bbox 2706 1946 2735 1997; x_wconf 81' lang='grc' dir='ltr'><strong>ὁ</strong></span> <span class='ocrx_word' id='word_1_332' title='bbox 2767 1944 3098 2015; x_wconf 83' lang='grc' dir='ltr'>Εὐφράσιος,</span> <span class='ocrx_word' id='word_1_333' title='bbox 3148 1945 3283 2017; x_wconf 72' lang='grc' dir='ltr'>ἄλλη</span> <span class='ocrx_word' id='word_1_334' title='bbox 3336 1944 3438 2015; x_wconf 84' lang='grc' dir='ltr'>τῆς</span> <span class='ocrx_word' id='word_1_335' title='bbox 3486 1943 3702 2007; x_wconf 80' lang='grc' dir='ltr'>πόλεως</span> <span class='ocrx_word' id='word_1_336' title='bbox 3734 1959 3885 2013; x_wconf 77' lang='grc' dir='ltr'>συμ-</span> 
     </span>
    </p>
   </div>
   <div class='ocr_carea' id='block_1_51' title="bbox 2292 2033 3599 2111">
    <p class='ocr_par' dir='ltr' id='par_1_51' title="bbox 2292 2033 3599 2111">
     <span class='ocr_line' id='line_1_51' title="bbox 2292 2033 3599 2111; baseline 0 -19"><span class='ocrx_word' id='word_1_337' title='bbox 2292 2038 2455 2109; x_wconf 84' lang='grc' dir='ltr'>φορὰ,</span> <span class='ocrx_word' id='word_1_338' title='bbox 2496 2039 2582 2093; x_wconf 82' lang='grc' dir='ltr'>ἵνα</span> <span class='ocrx_word' id='word_1_339' title='bbox 2619 2038 2695 2111; x_wconf 81' lang='grc' dir='ltr'><strong>μὴ</strong></span> <span class='ocrx_word' id='word_1_340' title='bbox 2727 2038 2835 2093; x_wconf 85' lang='grc' dir='ltr'><strong>τῶν</strong></span> <span class='ocrx_word' id='word_1_341' title='bbox 2856 2040 3180 2111; x_wconf 76' lang='grc' dir='ltr'>ἐπιτηδείων</span> <span class='ocrx_word' id='word_1_342' title='bbox 3208 2042 3237 2093; x_wconf 84' lang='grc' dir='ltr'><strong>δ</strong></span> <span class='ocrx_word' id='word_1_343' title='bbox 3265 2038 3513 2110; x_wconf 83' lang='grc' dir='ltr'>προνοῶν</span> 
     </span>
    </p>
   </div>
   <div class='ocr_carea' id='block_1_52' title="bbox 2893 2234 3269 2304">
    <p class='ocr_par' dir='ltr' id='par_1_52' title="bbox 2893 2234 3269 2304">
     <span class='ocr_line' id='line_1_52' title="bbox 2893 2234 3269 2304; baseline 0.005 -13"><span class='ocrx_word' id='word_1_344' title='bbox 2893 2236 3151 2291; x_wconf 68' lang='grc' dir='ltr'>ιιεοΑΑ.</span> <span class='ocrx_word' id='word_1_345' title='bbox 3176 2234 3269 2304; x_wconf 72' lang='grc' dir='ltr'><strong>ς’.</strong></span> 
     </span>
    </p>
   </div>
   <div class='ocr_carea' id='block_1_53' title="bbox 2460 2324 3715 2397">
    <p class='ocr_par' dir='ltr' id='par_1_53' title="bbox 2460 2324 3715 2397">
     <span class='ocr_line' id='line_1_53' title="bbox 2460 2324 3715 2397; baseline -0.001 -15"><span class='ocrx_word' id='word_1_346' title='bbox 2460 2328 2603 2397; x_wconf 79' lang='grc' dir='ltr'>Περὶ</span> <span class='ocrx_word' id='word_1_347' title='bbox 2644 2327 2987 2397; x_wconf 70' lang='grc' dir='ltr'>Ἐφραιμίου</span> <span class='ocrx_word' id='word_1_348' title='bbox 3020 2327 3129 2381; x_wconf 82' lang='grc' dir='ltr'>τοῦ</span> <span class='ocrx_word' id='word_1_349' title='bbox 3153 2326 3304 2396; x_wconf 81' lang='grc' dir='ltr'>μετὰ</span> <span class='ocrx_word' id='word_1_350' title='bbox 3336 2324 3715 2395; x_wconf 67' lang='grc' dir='ltr'><strong>Εὐφράσιον.</strong></span> 
     </span>
    </p>
   </div>
   <div class='ocr_carea' id='block_1_54' title="bbox 2372 2413 3879 2491">
    <p class='ocr_par' dir='ltr' id='par_1_54' title="bbox 2372 2413 3879 2491">
     <span class='ocr_line' id='line_1_54' title="bbox 2372 2413 3879 2491; baseline -0.004 -18"><span class='ocrx_word' id='word_1_351' title='bbox 2372 2413 2517 2474; x_wconf 81' lang='grc' dir='ltr'>Ἀλλ’</span> <span class='ocrx_word' id='word_1_352' title='bbox 2550 2421 2582 2491; x_wconf 83' lang='grc' dir='ltr'>ἡ</span> <span class='ocrx_word' id='word_1_353' title='bbox 2612 2419 2722 2473; x_wconf 84' lang='grc' dir='ltr'>τῶν</span> <span class='ocrx_word' id='word_1_354' title='bbox 2757 2419 3062 2490; x_wconf 81' lang='grc' dir='ltr'>ἀνθρώπων</span> <span class='ocrx_word' id='word_1_355' title='bbox 3115 2417 3353 2489; x_wconf 83' lang='grc' dir='ltr'>σώτειρα</span> <span class='ocrx_word' id='word_1_356' title='bbox 3403 2416 3500 2470; x_wconf 81' lang='grc' dir='ltr'>τοῦ</span> <span class='ocrx_word' id='word_1_357' title='bbox 3535 2415 3675 2469; x_wconf 80' lang='grc' dir='ltr'>Θεοῦ</span> <span class='ocrx_word' id='word_1_358' title='bbox 3712 2413 3879 2486; x_wconf 80' lang='grc' dir='ltr'>κηδε-</span> 
     </span>
    </p>
   </div>
   <div class='ocr_carea' id='block_1_55' title="bbox 2297 2507 3881 2583">
    <p class='ocr_par' dir='ltr' id='par_1_55' title="bbox 2297 2507 3881 2583">
     <span class='ocr_line' id='line_1_55' title="bbox 2297 2507 3881 2583; baseline -0.004 -19"><span class='ocrx_word' id='word_1_359' title='bbox 2297 2511 2475 2582; x_wconf 82' lang='grc' dir='ltr'>μονία,</span> <span class='ocrx_word' id='word_1_360' title='bbox 2503 2513 2538 2581; x_wconf 81' lang='grc' dir='ltr'><strong>ἡ</strong></span> <span class='ocrx_word' id='word_1_361' title='bbox 2568 2512 2675 2583; x_wconf 82' lang='grc' dir='ltr'>πρὸ</span> <span class='ocrx_word' id='word_1_362' title='bbox 2702 2512 2802 2581; x_wconf 83' lang='grc' dir='ltr'>τῆς</span> <span class='ocrx_word' id='word_1_363' title='bbox 2842 2510 3063 2581; x_wconf 82' lang='grc' dir='ltr'>πληγῆς</span> <span class='ocrx_word' id='word_1_364' title='bbox 3100 2509 3169 2564; x_wconf 76' lang='grc' dir='ltr'>τὰ</span> <span class='ocrx_word' id='word_1_365' title='bbox 3224 2510 3491 2580; x_wconf 83' lang='grc' dir='ltr'>φάρμακα</span> <span class='ocrx_word' id='word_1_366' title='bbox 3538 2507 3881 2572; x_wconf 84' lang='grc' dir='ltr'>πλάττουσα,</span> 
     </span>
    </p>
   </div>
   <div class='ocr_carea' id='block_1_56' title="bbox 2293 2598 3882 2673">
    <p class='ocr_par' dir='ltr' id='par_1_56' title="bbox 2293 2598 3882 2673">
     <span class='ocr_line' id='line_1_56' title="bbox 2293 2598 3882 2673; baseline -0.003 -18"><span class='ocrx_word' id='word_1_367' title='bbox 2293 2602 2387 2656; x_wconf 75' lang='grc' dir='ltr'><strong>καὶ</strong></span> <span class='ocrx_word' id='word_1_368' title='bbox 2408 2602 2791 2673; x_wconf 79' lang='grc' dir='ltr'>φιλανθρωπία</span> <span class='ocrx_word' id='word_1_369' title='bbox 2809 2601 2869 2654; x_wconf 83' lang='grc' dir='ltr'>τὸ</span> <span class='ocrx_word' id='word_1_370' title='bbox 2898 2601 3052 2669; x_wconf 77' lang='grc' dir='ltr'>ξίφος</span> <span class='ocrx_word' id='word_1_371' title='bbox 3071 2601 3171 2671; x_wconf 84' lang='grc' dir='ltr'>τῆς</span> <span class='ocrx_word' id='word_1_372' title='bbox 3195 2600 3366 2672; x_wconf 82' lang='grc' dir='ltr'>ὀργῆς</span> <span class='ocrx_word' id='word_1_373' title='bbox 3387 2600 3655 2670; x_wconf 80' lang='grc' dir='ltr'>θήγουσα,</span> <span class='ocrx_word' id='word_1_374' title='bbox 3690 2600 3725 2669; x_wconf 79' lang='grc' dir='ltr'><strong>ἡ</strong></span> <span class='ocrx_word' id='word_1_375' title='bbox 3744 2598 3882 2668; x_wconf 76' lang='grc' dir='ltr'>παρ’</span> 
     </span>
    </p>
   </div>
   <div class='ocr_carea' id='block_1_57' title="bbox 2294 2691 3887 2769">
    <p class='ocr_par' dir='ltr' id='par_1_57' title="bbox 2294 2691 3887 2769">
     <span class='ocr_line' id='line_1_57' title="bbox 2294 2691 3887 2769; baseline -0.004 -19"><span class='ocrx_word' id='word_1_376' title='bbox 2294 2696 2462 2767; x_wconf 78' lang='grc' dir='ltr'>αὐτὴν</span> <span class='ocrx_word' id='word_1_377' title='bbox 2492 2696 2592 2769; x_wconf 81' lang='grc' dir='ltr'>τὴν</span> <span class='ocrx_word' id='word_1_378' title='bbox 2654 2695 2973 2763; x_wconf 84' lang='grc' dir='ltr'>ἀπόγνωσιν</span> <span class='ocrx_word' id='word_1_379' title='bbox 3032 2698 3134 2764; x_wconf 79' lang='grc' dir='ltr'>τὴν</span> <span class='ocrx_word' id='word_1_380' title='bbox 3163 2694 3373 2747; x_wconf 83' lang='grc' dir='ltr'>οἰκείαν</span> <span class='ocrx_word' id='word_1_381' title='bbox 3407 2691 3711 2761; x_wconf 78' lang='grc' dir='ltr'>ἀνοιγνῦσα</span> <span class='ocrx_word' id='word_1_382' title='bbox 3740 2708 3887 2760; x_wconf 82' lang='grc' dir='ltr'>συμ-</span> 
     </span>
    </p>
   </div>
   <div class='ocr_carea' id='block_1_58' title="bbox 2296 2780 3885 2859">
    <p class='ocr_par' dir='ltr' id='par_1_58' title="bbox 2296 2780 3885 2859">
     <span class='ocr_line' id='line_1_58' title="bbox 2296 2780 3885 2859; baseline 0.003 -18"><span class='ocrx_word' id='word_1_383' title='bbox 2296 2788 2548 2854; x_wconf 80' lang='grc' dir='ltr'>πάθειαν,</span> <span class='ocrx_word' id='word_1_384' title='bbox 2583 2788 2912 2859; x_wconf 79' lang='grc' dir='ltr'>Ἐφραίμιον</span> <span class='ocrx_word' id='word_1_385' title='bbox 2956 2786 3281 2857; x_wconf 85' lang='grc' dir='ltr'>διανέστησε</span> <span class='ocrx_word' id='word_1_386' title='bbox 3330 2786 3431 2854; x_wconf 77' lang='grc' dir='ltr'>τῆς</span> <span class='ocrx_word' id='word_1_387' title='bbox 3472 2784 3647 2857; x_wconf 83' lang='grc' dir='ltr'>Ἐῴας</span> <span class='ocrx_word' id='word_1_388' title='bbox 3702 2780 3885 2853; x_wconf 69' lang='grc' dir='ltr'>ἀρχῆς</span> 
     </span>
    </p>
   </div>
   <div class='ocr_carea' id='block_1_59' title="bbox 2294 2874 3887 2950">
    <p class='ocr_par' dir='ltr' id='par_1_59' title="bbox 2294 2874 3887 2950">
     <span class='ocr_line' id='line_1_59' title="bbox 2294 2874 3887 2950; baseline -0.003 -19"><span class='ocrx_word' id='word_1_389' title='bbox 2294 2878 2394 2942; x_wconf 87' lang='grc' dir='ltr'>τὰς</span> <span class='ocrx_word' id='word_1_390' title='bbox 2424 2878 2583 2949; x_wconf 75' lang='grc' dir='ltr'>ἡνίας</span> <span class='ocrx_word' id='word_1_391' title='bbox 2605 2878 2863 2933; x_wconf 79' lang='grc' dir='ltr'>διέποντα</span> <span class='ocrx_word' id='word_1_392' title='bbox 2894 2878 3030 2950; x_wconf 72' lang='lat'><strong>(27),</strong></span> <span class='ocrx_word' id='word_1_393' title='bbox 3070 2878 3256 2931; x_wconf 80' lang='grc' dir='ltr'>πᾶσαν</span> <span class='ocrx_word' id='word_1_394' title='bbox 3290 2874 3680 2942; x_wconf 75' lang='grc' dir='ltr'>ἀναζώσασθαι</span> <span class='ocrx_word' id='word_1_395' title='bbox 3714 2891 3887 2945; x_wconf 82' lang='grc' dir='ltr'>φρον-</span> 
     </span>
    </p>
   </div>
   <div class='ocr_carea' id='block_1_60' title="bbox 2295 2966 3881 3043">
    <p class='ocr_par' dir='ltr' id='par_1_60' title="bbox 2295 2966 3881 3043">
     <span class='ocr_line' id='line_1_60' title="bbox 2295 2966 3881 3043; baseline -0.002 -20"><span class='ocrx_word' id='word_1_396' title='bbox 2295 2970 2439 3037; x_wconf 88' lang='grc' dir='ltr'>τίδα,</span> <span class='ocrx_word' id='word_1_397' title='bbox 2493 2970 2660 3043; x_wconf 76' lang='grc' dir='ltr'>μηδὲν</span> <span class='ocrx_word' id='word_1_398' title='bbox 2694 2971 2805 3024; x_wconf 86' lang='grc' dir='ltr'><strong>τῶν</strong></span> <span class='ocrx_word' id='word_1_399' title='bbox 2856 2969 3184 3039; x_wconf 78' lang='grc' dir='ltr'>ἐπιτηδείων</span> <span class='ocrx_word' id='word_1_400' title='bbox 3244 2968 3521 3022; x_wconf 76' lang='grc' dir='ltr'>ἐπιλιπεῖν</span> <span class='ocrx_word' id='word_1_401' title='bbox 3572 2968 3672 3037; x_wconf 80' lang='grc' dir='ltr'><strong>τὴν</strong></span> <span class='ocrx_word' id='word_1_402' title='bbox 3702 2966 3881 3020; x_wconf 79' lang='grc' dir='ltr'>πόλιν.</span> 
     </span>
    </p>
   </div>
   <div class='ocr_carea' id='block_1_61' title="bbox 2303 3052 3886 3133">
    <p class='ocr_par' dir='ltr' id='par_1_61' title="bbox 2303 3052 3886 3133">
     <span class='ocr_line' id='line_1_61' title="bbox 2303 3052 3886 3133; baseline -0.003 -17"><span class='ocrx_word' id='word_1_403' title='bbox 2303 3052 2399 3117; x_wconf 83' lang='grc' dir='ltr'>Ὃν</span> <span class='ocrx_word' id='word_1_404' title='bbox 2449 3063 2744 3117; x_wconf 81' lang='grc' dir='ltr'>κάντεῦθεν</span> <span class='ocrx_word' id='word_1_405' title='bbox 2790 3063 3134 3133; x_wconf 80' lang='grc' dir='ltr'>ἀγασάμενοι</span> <span class='ocrx_word' id='word_1_406' title='bbox 3180 3062 3501 3132; x_wconf 80' lang='grc' dir='ltr'>Ἀντιοχέων</span> <span class='ocrx_word' id='word_1_407' title='bbox 3544 3061 3756 3127; x_wconf 79' lang='grc' dir='ltr'>παῖδες,</span> <span class='ocrx_word' id='word_1_408' title='bbox 3822 3061 3886 3123; x_wconf 80' lang='grc' dir='ltr'><strong>ἐς</strong></span> 
     </span>
    </p>
   </div>
   <div class='ocr_carea' id='block_1_62' title="bbox 2299 3138 3886 3228">
    <p class='ocr_par' dir='ltr' id='par_1_62' title="bbox 2299 3138 3886 3228">
     <span class='ocr_line' id='line_1_62' title="bbox 2299 3138 3886 3228; baseline -0.003 -19"><span class='ocrx_word' id='word_1_409' title='bbox 2299 3155 2450 3227; x_wconf 82' lang='grc' dir='ltr'>ίερέα</span> <span class='ocrx_word' id='word_1_410' title='bbox 2492 3138 2854 3228; x_wconf 70' lang='grc' dir='ltr'>ψηφίξονται*</span> <span class='ocrx_word' id='word_1_411' title='bbox 2905 3156 3003 3211; x_wconf 79' lang='grc' dir='ltr'><strong>καὶ</strong></span> <span class='ocrx_word' id='word_1_412' title='bbox 3053 3155 3146 3210; x_wconf 82' lang='grc' dir='ltr'>τὸν</span> <span class='ocrx_word' id='word_1_413' title='bbox 3204 3154 3568 3209; x_wconf 83' lang='grc' dir='ltr'>ἀποστολικδν</span> <span class='ocrx_word' id='word_1_414' title='bbox 3619 3152 3886 3223; x_wconf 73' lang='grc' dir='ltr'>λαγχάνει</span> 
     </span>
    </p>
   </div>
   <div class='ocr_carea' id='block_1_63' title="bbox 613 3244 2201 3321">
    <p class='ocr_par' dir='ltr' id='par_1_63' title="bbox 613 3244 2194 3317">
     <span class='ocr_line' id='line_1_63' title="bbox 613 3244 2194 3317; baseline 0.003 -20"><span class='ocrx_word' id='word_1_415' title='bbox 613 3258 779 3313; x_wconf 86' lang='lat' dir='ltr'><strong>quam</strong></span> <span class='ocrx_word' id='word_1_416' title='bbox 806 3244 1090 3314; x_wconf 58' lang='lat' dir='ltr'><strong>premium</strong></span> <span class='ocrx_word' id='word_1_417' title='bbox 1116 3260 1181 3299; x_wconf 89' lang='lat' dir='ltr'><strong>ac</strong></span> <span class='ocrx_word' id='word_1_418' title='bbox 1204 3245 1515 3299; x_wconf 89' lang='lat' dir='ltr'><strong>mercedem</strong></span> <span class='ocrx_word' id='word_1_419' title='bbox 1539 3261 1652 3300; x_wconf 69' lang='lat' dir='ltr'><strong>suae</strong></span> <span class='ocrx_word' id='word_1_420' title='bbox 1674 3261 1803 3317; x_wconf 86' lang='lat' dir='ltr'><strong>erga</strong></span> <span class='ocrx_word' id='word_1_421' title='bbox 1829 3246 2021 3301; x_wconf 90' lang='lat' dir='ltr'><strong>urbem</strong></span> <span class='ocrx_word' id='word_1_422' title='bbox 2044 3247 2194 3301; x_wconf 91' lang='lat' dir='ltr'><strong>illam</strong></span> 
     </span>
    </p>
   </div>
   <div class='ocr_carea' id='block_1_64' title="bbox 2300 3244 3884 3321">
    <p class='ocr_par' dir='ltr' id='par_1_64' title="bbox 2301 3245 3884 3321">
     <span class='ocr_line' id='line_1_64' title="bbox 2301 3245 3884 3321; baseline -0.003 -18"><span class='ocrx_word' id='word_1_423' title='bbox 2301 3249 2489 3321; x_wconf 84' lang='grc' dir='ltr'>θρόνον</span> <span class='ocrx_word' id='word_1_424' title='bbox 2519 3250 2621 3319; x_wconf 87' lang='grc' dir='ltr'>(ιι),</span> <span class='ocrx_word' id='word_1_425' title='bbox 2666 3248 2857 3321; x_wconf 81' lang='grc' dir='ltr'>ὥσπερ</span> <span class='ocrx_word' id='word_1_426' title='bbox 2892 3247 3083 3321; x_wconf 79' lang='grc' dir='ltr'>μισθὸν</span> <span class='ocrx_word' id='word_1_427' title='bbox 3130 3247 3228 3302; x_wconf 78' lang='grc' dir='ltr'>καὶ</span> <span class='ocrx_word' id='word_1_428' title='bbox 3261 3247 3435 3319; x_wconf 78' lang='grc' dir='ltr'>γέρας</span> <span class='ocrx_word' id='word_1_429' title='bbox 3470 3247 3571 3317; x_wconf 84' lang='grc' dir='ltr'>τῆς</span> <span class='ocrx_word' id='word_1_430' title='bbox 3609 3245 3884 3314; x_wconf 82' lang='grc' dir='ltr'>τοσαύτης</span> 
     </span>
    </p>
   </div>
   <div class='ocr_carea' id='block_1_65' title="bbox 614 3333 2201 3413">
    <p class='ocr_par' dir='ltr' id='par_1_65' title="bbox 614 3334 2197 3409">
     <span class='ocr_line' id='line_1_65' title="bbox 614 3334 2197 3409; baseline 0.006 -23"><span class='ocrx_word' id='word_1_431' title='bbox 614 3334 978 3403; x_wconf 75' lang='lat' dir='ltr'><strong>providentia:</strong></span> <span class='ocrx_word' id='word_1_432' title='bbox 1024 3335 1252 3390; x_wconf 85' lang='lat' dir='ltr'><strong>sortitus</strong></span> <span class='ocrx_word' id='word_1_433' title='bbox 1297 3344 1402 3391; x_wconf 87' lang='lat' dir='ltr'><strong>est.</strong></span> <span class='ocrx_word' id='word_1_434' title='bbox 1458 3336 1671 3406; x_wconf 89' lang='lat' dir='ltr'><strong>Elapsis</strong></span> <span class='ocrx_word' id='word_1_435' title='bbox 1727 3337 1925 3393; x_wconf 86' lang='lat' dir='ltr'><strong>deinde</strong></span> <span class='ocrx_word' id='word_1_436' title='bbox 1971 3339 2197 3409; x_wconf 83' lang='lat' dir='ltr'><strong>triginta</strong></span> 
     </span>
    </p>
   </div>
   <div class='ocr_carea' id='block_1_66' title="bbox 2300 3333 3885 3413">
    <p class='ocr_par' dir='ltr' id='par_1_66' title="bbox 2303 3333 3885 3413">
     <span class='ocr_line' id='line_1_66' title="bbox 2303 3333 3885 3413; baseline -0.004 -19"><span class='ocrx_word' id='word_1_437' title='bbox 2303 3341 2559 3413; x_wconf 81' lang='grc' dir='ltr'>προνοίας</span> <span class='ocrx_word' id='word_1_438' title='bbox 2586 3340 2778 3395; x_wconf 85' lang='grc' dir='ltr'>τοῦτον</span> <span class='ocrx_word' id='word_1_439' title='bbox 2821 3338 3268 3412; x_wconf 77' lang='grc' dir='ltr'>κληρωσάμενος.</span> <span class='ocrx_word' id='word_1_440' title='bbox 3304 3338 3549 3393; x_wconf 77' lang='grc' dir='ltr'>Πέπονθε</span> <span class='ocrx_word' id='word_1_441' title='bbox 3583 3337 3679 3389; x_wconf 73' lang='grc' dir='ltr'><strong>καὶ</strong></span> <span class='ocrx_word' id='word_1_442' title='bbox 3722 3333 3885 3397; x_wconf 81' lang='grc' dir='ltr'>αὖθις</span> 
     </span>
    </p>
   </div>
   <div class='ocr_carea' id='block_1_67' title="bbox 616 3425 2201 3505">
    <p class='ocr_par' dir='ltr' id='par_1_67' title="bbox 616 3427 2197 3493">
     <span class='ocr_line' id='line_1_67' title="bbox 616 3427 2197 3493; baseline 0.006 -15"><span class='ocrx_word' id='word_1_443' title='bbox 616 3427 933 3493; x_wconf 86' lang='lat' dir='ltr'><strong>mensibus,</strong></span> <span class='ocrx_word' id='word_1_444' title='bbox 992 3428 1185 3484; x_wconf 86' lang='lat' dir='ltr'><strong>eadem</strong></span> <span class='ocrx_word' id='word_1_445' title='bbox 1242 3428 1437 3485; x_wconf 79' lang='lat' dir='ltr'><strong>civitas</strong></span> <span class='ocrx_word' id='word_1_446' title='bbox 1500 3439 1662 3485; x_wconf 79' lang='lat' dir='ltr'><strong>terrae</strong></span> <span class='ocrx_word' id='word_1_447' title='bbox 1716 3430 1959 3487; x_wconf 90' lang='lat' dir='ltr'><strong>motibus</strong></span> <span class='ocrx_word' id='word_1_448' title='bbox 2013 3431 2197 3487; x_wconf 88' lang='lat' dir='ltr'><strong>denuo</strong></span> 
     </span>
    </p>
   </div>
   <div class='ocr_carea' id='block_1_68' title="bbox 2300 3425 3882 3505">
    <p class='ocr_par' dir='ltr' id='par_1_68' title="bbox 2304 3425 3882 3505">
     <span class='ocr_line' id='line_1_68' title="bbox 2304 3425 3882 3505; baseline -0.005 -17"><span class='ocrx_word' id='word_1_449' title='bbox 2304 3434 2411 3488; x_wconf 80' lang='grc' dir='ltr'><strong>ὑπὸ</strong></span> <span class='ocrx_word' id='word_1_450' title='bbox 2442 3433 2688 3505; x_wconf 82' lang='grc' dir='ltr'>σεισμῶν</span> <span class='ocrx_word' id='word_1_451' title='bbox 2716 3434 2856 3505; x_wconf 83' lang='grc' dir='ltr'>μετὰ</span> <span class='ocrx_word' id='word_1_452' title='bbox 2888 3434 3064 3504; x_wconf 82' lang='grc' dir='ltr'>μῆνας</span> <span class='ocrx_word' id='word_1_453' title='bbox 3091 3429 3159 3487; x_wconf 85' lang='grc' dir='ltr'><strong>λ’.</strong></span> <span class='ocrx_word' id='word_1_454' title='bbox 3177 3431 3312 3485; x_wconf 84' lang='grc' dir='ltr'>Τότε</span> <span class='ocrx_word' id='word_1_455' title='bbox 3339 3430 3435 3485; x_wconf 77' lang='grc' dir='ltr'><strong>καὶ</strong></span> <span class='ocrx_word' id='word_1_456' title='bbox 3449 3429 3745 3492; x_wconf 75' lang='grc' dir='ltr'>Θεοὺπολις</span> <span class='ocrx_word' id='word_1_457' title='bbox 3765 3425 3882 3498; x_wconf 77' lang='lat'><strong>(28)</strong></span> 
     </span>
    </p>
   </div>
   <div class='ocr_carea' id='block_1_69' title="bbox 1824 3545 2695 3606">
    <p class='ocr_par' dir='ltr' id='par_1_69' title="bbox 1824 3545 2695 3606">
     <span class='ocr_line' id='line_1_69' title="bbox 1824 3545 2695 3606; baseline 0.001 -4"><span class='ocrx_word' id='word_1_458' title='bbox 1824 3545 2098 3603; x_wconf 73' lang='lat' dir='ltr'><strong>VALESII</strong></span> <span class='ocrx_word' id='word_1_459' title='bbox 2134 3547 2695 3606; x_wconf 78' lang='lat' dir='ltr'><strong>ANNOTATIONES.</strong></span> 
     </span>
    </p>
   </div>
   <div class='ocr_carea' id='block_1_70' title="bbox 690 3636 3883 3712">
    <p class='ocr_par' dir='ltr' id='par_1_70' title="bbox 690 3636 3883 3712">
     <span class='ocr_line' id='line_1_70' title="bbox 690 3636 3883 3712; baseline 0 -19"><span class='ocrx_word' id='word_1_460' title='bbox 690 3638 800 3712; x_wconf 65' lang='lat'><strong>(9.5)</strong></span> <span class='ocrx_word' id='word_1_461' title='bbox 835 3638 987 3712; x_wconf 66' lang='grc' dir='ltr'>Μηνὶ</span> <span class='ocrx_word' id='word_1_462' title='bbox 1019 3639 1266 3705; x_wconf 79' lang='grc' dir='ltr'>δεκάτῳ.</span> <span class='ocrx_word' id='word_1_463' title='bbox 1323 3641 1480 3696; x_wconf 85' lang='lat' dir='ltr'><strong>Hunc</strong></span> <span class='ocrx_word' id='word_1_464' title='bbox 1515 3642 1721 3712; x_wconf 89' lang='lat' dir='ltr'><strong>locum</strong></span> <span class='ocrx_word' id='word_1_465' title='bbox 1769 3656 1879 3695; x_wconf 90' lang='lat' dir='ltr'><strong>non</strong></span> <span class='ocrx_word' id='word_1_466' title='bbox 1927 3641 2202 3696; x_wconf 70' lang='lat' dir='ltr'><strong>intellexit</strong></span> <span class='ocrx_word' id='word_1_467' title='bbox 2307 3642 2430 3706; x_wconf 68' lang='lat'><strong>525,</strong></span> <span class='ocrx_word' id='word_1_468' title='bbox 2462 3642 2532 3696; x_wconf 92' lang='lat' dir='ltr'><strong>ab</strong></span> <span class='ocrx_word' id='word_1_469' title='bbox 2558 3641 2795 3712; x_wconf 81' lang='lat' dir='ltr'><strong>Evagrio</strong></span> <span class='ocrx_word' id='word_1_470' title='bbox 2824 3641 2879 3695; x_wconf 90' lang='lat' dir='ltr'><strong>in</strong></span> <span class='ocrx_word' id='word_1_471' title='bbox 2903 3655 3150 3712; x_wconf 83' lang='lat' dir='ltr'><strong>errorem</strong></span> <span class='ocrx_word' id='word_1_472' title='bbox 3176 3637 3459 3712; x_wconf 75' lang='lat' dir='ltr'><strong>inductus.</strong></span> <span class='ocrx_word' id='word_1_473' title='bbox 3480 3636 3653 3712; x_wconf 81' lang='lat' dir='ltr'><strong>Porro</strong></span> <span class='ocrx_word' id='word_1_474' title='bbox 3676 3637 3741 3712; x_wconf 78' lang='lat' dir='ltr'><strong>in</strong></span> <span class='ocrx_word' id='word_1_475' title='bbox 3773 3652 3883 3712; x_wconf 82' lang='lat' dir='ltr'><strong>ms.</strong></span> 
     </span>
    </p>
   </div>
   <div class='ocr_carea' id='block_1_71' title="bbox 616 3707 3885 3782">
    <p class='ocr_par' dir='ltr' id='par_1_71' title="bbox 616 3707 3885 3782">
     <span class='ocr_line' id='line_1_71' title="bbox 616 3707 3885 3782; baseline -0 -19"><span class='ocrx_word' id='word_1_476' title='bbox 616 3707 1177 3782; x_wconf 19' lang='lat' dir='ltr'><strong>Ch‘ristophorsonus,</strong></span> <span class='ocrx_word' id='word_1_477' title='bbox 1202 3721 1264 3765; x_wconf 92' lang='lat' dir='ltr'><strong>ut</strong></span> <span class='ocrx_word' id='word_1_478' title='bbox 1293 3726 1357 3765; x_wconf 82' lang='lat' dir='ltr'><strong>ex</strong></span> <span class='ocrx_word' id='word_1_479' title='bbox 1383 3711 1637 3765; x_wconf 84' lang='lat' dir='ltr'><strong>versione</strong></span> <span class='ocrx_word' id='word_1_480' title='bbox 1666 3712 1786 3782; x_wconf 82' lang='lat' dir='ltr'><strong>ejus</strong></span> <span class='ocrx_word' id='word_1_481' title='bbox 1825 3720 2073 3782; x_wconf 79' lang='lat' dir='ltr'><strong>apparet.</strong></span> <span class='ocrx_word' id='word_1_482' title='bbox 2108 3712 2201 3766; x_wconf 88' lang='lat' dir='ltr'><strong>Sic</strong></span> <span class='ocrx_word' id='word_1_483' title='bbox 2305 3713 2495 3766; x_wconf 89' lang='lat' dir='ltr'><strong>codice</strong></span> <span class='ocrx_word' id='word_1_484' title='bbox 2528 3707 2850 3766; x_wconf 69' lang='lat' dir='ltr'><strong>Florentino</strong></span> <span class='ocrx_word' id='word_1_485' title='bbox 2869 3750 2884 3771; x_wconf 88' lang='lat'><strong>.</strong></span> <span class='ocrx_word' id='word_1_486' title='bbox 2941 3710 3008 3782; x_wconf 87' lang='lat' dir='ltr'><strong>ad</strong></span> <span class='ocrx_word' id='word_1_487' title='bbox 3046 3710 3162 3763; x_wconf 67' lang='lat' dir='ltr'><strong>haec</strong></span> <span class='ocrx_word' id='word_1_488' title='bbox 3193 3707 3691 3782; x_wconf 63' lang='lat' dir='ltr'><strong>Evagriiverbajd</strong></span> <span class='ocrx_word' id='word_1_489' title='bbox 3719 3708 3885 3782; x_wconf 73' lang='lat' dir='ltr'><strong>scho-</strong></span> 
     </span>
    </p>
   </div>
   <div class='ocr_carea' id='block_1_72' title="bbox 617 3779 2199 3862">
    <p class='ocr_par' dir='ltr' id='par_1_72' title="bbox 617 3779 2199 3862">
     <span class='ocr_line' id='line_1_72' title="bbox 617 3779 2199 3862; baseline 0.003 -32"><span class='ocrx_word' id='word_1_490' title='bbox 617 3779 766 3833; x_wconf 82' lang='lat' dir='ltr'><strong>enim</strong></span> <span class='ocrx_word' id='word_1_491' title='bbox 798 3779 984 3862; x_wconf 72' lang='lat' dir='ltr'><strong>vertit.</strong></span> <span class='ocrx_word' id='word_1_492' title='bbox 1034 3780 1189 3862; x_wconf 66' lang='lat' dir='ltr'><strong>Anno</strong></span> <span class='ocrx_word' id='word_1_493' title='bbox 1236 3782 1636 3862; x_wconf 39' lang='lat' dir='ltr'><strong>septimo‘regni</strong></span> <span class='ocrx_word' id='word_1_494' title='bbox 1696 3779 1956 3862; x_wconf 51' lang='lat' dir='ltr'><strong>ejusdem.</strong></span> <span class='ocrx_word' id='word_1_495' title='bbox 1980 3780 2199 3862; x_wconf 53' lang='lat' dir='ltr'><strong>fascini,</strong></span> 
     </span>
    </p>
   </div>
   <div class='ocr_carea' id='block_1_73' title="bbox 618 3849 2201 3915">
    <p class='ocr_par' dir='ltr' id='par_1_73' title="bbox 618 3849 2201 3915">
     <span class='ocr_line' id='line_1_73' title="bbox 618 3849 2201 3915; baseline 0.003 -14"><span class='ocrx_word' id='word_1_496' title='bbox 618 3864 800 3902; x_wconf 78' lang='lat' dir='ltr'><strong>mense</strong></span> <span class='ocrx_word' id='word_1_497' title='bbox 830 3849 1050 3912; x_wconf 83' lang='lat' dir='ltr'><strong>decimo,</strong></span> <span class='ocrx_word' id='word_1_498' title='bbox 1088 3850 1371 3904; x_wconf 79' lang='lat' dir='ltr'><strong>Artemisio</strong></span> <span class='ocrx_word' id='word_1_499' title='bbox 1400 3850 1660 3913; x_wconf 80' lang='lat' dir='ltr'><strong>videlicet,</strong></span> <span class='ocrx_word' id='word_1_500' title='bbox 1706 3849 1758 3903; x_wconf 85' lang='lat' dir='ltr'><strong>id</strong></span> <span class='ocrx_word' id='word_1_501' title='bbox 1803 3858 1876 3903; x_wconf 81' lang='lat' dir='ltr'><strong>est</strong></span> <span class='ocrx_word' id='word_1_502' title='bbox 1900 3849 2063 3915; x_wconf 80' lang='lat' dir='ltr'><strong>Maio,</strong></span> <span class='ocrx_word' id='word_1_503' title='bbox 2092 3860 2201 3906; x_wconf 90' lang='lat' dir='ltr'><strong>etc.</strong></span> 
     </span>
    </p>
   </div>
   <div class='ocr_carea' id='block_1_74' title="bbox 619 3918 2202 3989">
    <p class='ocr_par' dir='ltr' id='par_1_74' title="bbox 619 3918 2202 3989">
     <span class='ocr_line' id='line_1_74' title="bbox 619 3918 2202 3989; baseline 0.002 -18"><span class='ocrx_word' id='word_1_504' title='bbox 619 3918 843 3989; x_wconf 75' lang='lat' dir='ltr'><strong>Putavit</strong></span> <span class='ocrx_word' id='word_1_505' title='bbox 866 3919 1080 3974; x_wconf 90' lang='lat' dir='ltr'><strong>scilicet</strong></span> <span class='ocrx_word' id='word_1_506' title='bbox 1098 3918 1634 3989; x_wconf 80' lang='lat' dir='ltr'><strong>Christophorsouus</strong></span> <span class='ocrx_word' id='word_1_507' title='bbox 1660 3920 2202 3980; x_wconf 83' lang='lat' dir='ltr'><strong>mensemdecimum</strong></span> 
     </span>
    </p>
   </div>
   <div class='ocr_carea' id='block_1_75' title="bbox 620 3988 2199 4046">
    <p class='ocr_par' dir='ltr' id='par_1_75' title="bbox 620 3988 2199 4046">
     <span class='ocr_line' id='line_1_75' title="bbox 620 3988 2199 4046; baseline 0.003 -7"><span class='ocrx_word' id='word_1_508' title='bbox 620 3988 714 4040; x_wconf 86' lang='lat' dir='ltr'><strong>hic</strong></span> <span class='ocrx_word' id='word_1_509' title='bbox 751 3990 939 4042; x_wconf 79' lang='lat' dir='ltr'><strong>vocari</strong></span> <span class='ocrx_word' id='word_1_510' title='bbox 969 3988 1349 4045; x_wconf 57' lang='lat' dir='ltr'><strong>Artemisium.</strong></span> <span class='ocrx_word' id='word_1_511' title='bbox 1375 3989 1483 4045; x_wconf 89' lang='lat' dir='ltr'><strong>Sed</strong></span> <span class='ocrx_word' id='word_1_512' title='bbox 1515 4006 1624 4045; x_wconf 89' lang='lat' dir='ltr'><strong>non</strong></span> <span class='ocrx_word' id='word_1_513' title='bbox 1664 3989 1739 4043; x_wconf 86' lang='lat' dir='ltr'><strong>ita</strong></span> <span class='ocrx_word' id='word_1_514' title='bbox 1780 4005 1839 4044; x_wconf 87' lang='lat' dir='ltr'><strong>se</strong></span> <span class='ocrx_word' id='word_1_515' title='bbox 1871 4005 1959 4044; x_wconf 90' lang='lat' dir='ltr'><strong>res</strong></span> <span class='ocrx_word' id='word_1_516' title='bbox 2012 3991 2199 4046; x_wconf 84' lang='lat' dir='ltr'><strong>habet.</strong></span> 
     </span>
    </p>
   </div>
   <div class='ocr_carea' id='block_1_76' title="bbox 620 4057 2206 4127">
    <p class='ocr_par' dir='ltr' id='par_1_76' title="bbox 620 4057 2206 4127">
     <span class='ocr_line' id='line_1_76' title="bbox 620 4057 2206 4127; baseline 0.002 -15"><span class='ocrx_word' id='word_1_517' title='bbox 620 4057 812 4127; x_wconf 86' lang='lat' dir='ltr'><strong>Neque</strong></span> <span class='ocrx_word' id='word_1_518' title='bbox 846 4058 993 4112; x_wconf 92' lang='lat' dir='ltr'><strong>enim</strong></span> <span class='ocrx_word' id='word_1_519' title='bbox 1029 4059 1359 4114; x_wconf 80' lang='lat' dir='ltr'><strong>Artemisius</strong></span> <span class='ocrx_word' id='word_1_520' title='bbox 1382 4060 1632 4115; x_wconf 91' lang='lat' dir='ltr'><strong>decimus</strong></span> <span class='ocrx_word' id='word_1_521' title='bbox 1661 4058 1769 4113; x_wconf 86' lang='lat' dir='ltr'><strong>fuit</strong></span> <span class='ocrx_word' id='word_1_522' title='bbox 1796 4060 2001 4114; x_wconf 87' lang='lat' dir='ltr'><strong>mensis</strong></span> <span class='ocrx_word' id='word_1_523' title='bbox 2029 4060 2206 4115; x_wconf 86' lang='lat' dir='ltr'><strong>Mace-</strong></span> 
     </span>
    </p>
   </div>
   <div class='ocr_carea' id='block_1_77' title="bbox 622 4127 2206 4199">
    <p class='ocr_par' dir='ltr' id='par_1_77' title="bbox 622 4127 2206 4199">
     <span class='ocr_line' id='line_1_77' title="bbox 622 4127 2206 4199; baseline 0.003 -17"><span class='ocrx_word' id='word_1_524' title='bbox 622 4127 852 4199; x_wconf 74' lang='lat' dir='ltr'><strong>donum.</strong></span> <span class='ocrx_word' id='word_1_525' title='bbox 918 4128 1033 4183; x_wconf 82' lang='lat' dir='ltr'><strong>Hoc</strong></span> <span class='ocrx_word' id='word_1_526' title='bbox 1090 4128 1261 4199; x_wconf 82' lang='lat' dir='ltr'><strong>igitur</strong></span> <span class='ocrx_word' id='word_1_527' title='bbox 1314 4138 1529 4183; x_wconf 88' lang='lat' dir='ltr'><strong>tantum</strong></span> <span class='ocrx_word' id='word_1_528' title='bbox 1587 4129 1725 4184; x_wconf 90' lang='lat' dir='ltr'><strong>dicit</strong></span> <span class='ocrx_word' id='word_1_529' title='bbox 1776 4129 2042 4197; x_wconf 83' lang='lat' dir='ltr'><strong>Evagrius</strong></span> <span class='ocrx_word' id='word_1_530' title='bbox 2098 4130 2206 4186; x_wconf 90' lang='lat' dir='ltr'><strong>hoc</strong></span> 
     </span>
    </p>
   </div>
   <div class='ocr_carea' id='block_1_78' title="bbox 622 4196 2205 4281">
    <p class='ocr_par' dir='ltr' id='par_1_78' title="bbox 622 4196 2205 4281">
     <span class='ocr_line' id='line_1_78' title="bbox 622 4196 2205 4281; baseline 0.003 -30"><span class='ocrx_word' id='word_1_531' title='bbox 622 4196 767 4281; x_wconf 67' lang='lat' dir='ltr'><strong>loco,</strong></span> <span class='ocrx_word' id='word_1_532' title='bbox 787 4208 950 4253; x_wconf 67' lang='lat' dir='ltr'><strong>terrae</strong></span> <span class='ocrx_word' id='word_1_533' title='bbox 976 4196 1186 4253; x_wconf 79' lang='lat' dir='ltr'><strong>motum</strong></span> <span class='ocrx_word' id='word_1_534' title='bbox 1204 4200 1364 4281; x_wconf 71' lang='lat' dir='ltr'><strong>illum</strong></span> <span class='ocrx_word' id='word_1_535' title='bbox 1400 4199 1708 4281; x_wconf 63' lang='lat' dir='ltr'><strong>Antiochiae</strong></span> <span class='ocrx_word' id='word_1_536' title='bbox 1726 4199 2037 4281; x_wconf 54' lang='lat' dir='ltr'><strong>contigisse</strong></span> <span class='ocrx_word' id='word_1_537' title='bbox 2058 4215 2205 4281; x_wconf 76' lang='lat' dir='ltr'><strong>anno</strong></span> 
     </span>
    </p>
   </div>
   <div class='ocr_carea' id='block_1_79' title="bbox 624 4268 2205 4339">
    <p class='ocr_par' dir='ltr' id='par_1_79' title="bbox 624 4268 2205 4339">
     <span class='ocr_line' id='line_1_79' title="bbox 624 4268 2205 4339; baseline 0.003 -18"><span class='ocrx_word' id='word_1_538' title='bbox 624 4269 883 4339; x_wconf 80' lang='lat' dir='ltr'><strong>septimo,</strong></span> <span class='ocrx_word' id='word_1_539' title='bbox 954 4284 1140 4339; x_wconf 83' lang='lat' dir='ltr'><strong>mense</strong></span> <span class='ocrx_word' id='word_1_540' title='bbox 1184 4268 1403 4324; x_wconf 86' lang='lat' dir='ltr'><strong>decimo</strong></span> <span class='ocrx_word' id='word_1_541' title='bbox 1456 4269 1673 4339; x_wconf 87' lang='lat' dir='ltr'><strong>imperii</strong></span> <span class='ocrx_word' id='word_1_542' title='bbox 1720 4268 1945 4324; x_wconf 79' lang='lat' dir='ltr'><strong>Justini.</strong></span> <span class='ocrx_word' id='word_1_543' title='bbox 2004 4270 2084 4324; x_wconf 77' lang='lat' dir='ltr'><strong>Ac</strong></span> <span class='ocrx_word' id='word_1_544' title='bbox 2135 4269 2205 4325; x_wconf 86' lang='lat' dir='ltr'><strong>de</strong></span> 
     </span>
    </p>
   </div>
   <div class='ocr_carea' id='block_1_80' title="bbox 625 4337 2205 4407">
    <p class='ocr_par' dir='ltr' id='par_1_80' title="bbox 625 4337 2205 4407">
     <span class='ocr_line' id='line_1_80' title="bbox 625 4337 2205 4407; baseline 0.003 -18"><span class='ocrx_word' id='word_1_545' title='bbox 625 4352 770 4392; x_wconf 91' lang='lat' dir='ltr'><strong>anno</strong></span> <span class='ocrx_word' id='word_1_546' title='bbox 794 4338 1017 4407; x_wconf 90' lang='lat' dir='ltr'><strong>quidem</strong></span> <span class='ocrx_word' id='word_1_547' title='bbox 1051 4337 1191 4393; x_wconf 86' lang='lat' dir='ltr'><strong>infra</strong></span> <span class='ocrx_word' id='word_1_548' title='bbox 1224 4337 1557 4403; x_wconf 69' lang='lat' dir='ltr'><strong>videbimus,</strong></span> <span class='ocrx_word' id='word_1_549' title='bbox 1593 4354 1661 4393; x_wconf 89' lang='lat' dir='ltr'><strong>an</strong></span> <span class='ocrx_word' id='word_1_550' title='bbox 1695 4348 1842 4393; x_wconf 88' lang='lat' dir='ltr'><strong>recte</strong></span> <span class='ocrx_word' id='word_1_551' title='bbox 1881 4348 2205 4395; x_wconf 88' lang='lat' dir='ltr'><strong>numeretur</strong></span> 
     </span>
    </p>
   </div>
   <div class='ocr_carea' id='block_1_81' title="bbox 626 4408 2202 4478">
    <p class='ocr_par' dir='ltr' id='par_1_81' title="bbox 626 4408 2202 4478">
     <span class='ocr_line' id='line_1_81' title="bbox 626 4408 2202 4478; baseline 0.003 -18"><span class='ocrx_word' id='word_1_552' title='bbox 626 4410 919 4478; x_wconf 78' lang='lat' dir='ltr'><strong>septimus.</strong></span> <span class='ocrx_word' id='word_1_553' title='bbox 954 4408 1155 4463; x_wconf 82' lang='lat' dir='ltr'><strong>Mensis</strong></span> <span class='ocrx_word' id='word_1_554' title='bbox 1190 4423 1325 4464; x_wconf 82' lang='lat' dir='ltr'><strong>vero</strong></span> <span class='ocrx_word' id='word_1_555' title='bbox 1365 4409 1615 4464; x_wconf 88' lang='lat' dir='ltr'><strong>decimus</strong></span> <span class='ocrx_word' id='word_1_556' title='bbox 1664 4420 1815 4463; x_wconf 87' lang='lat' dir='ltr'><strong>recte</strong></span> <span class='ocrx_word' id='word_1_557' title='bbox 1864 4409 2093 4478; x_wconf 85' lang='lat' dir='ltr'><strong>ponitur</strong></span> <span class='ocrx_word' id='word_1_558' title='bbox 2131 4409 2202 4464; x_wconf 88' lang='lat' dir='ltr'><strong>ab</strong></span> 
     </span>
    </p>
   </div>
   <div class='ocr_carea' id='block_1_82' title="bbox 625 4467 2283 4548">
    <p class='ocr_par' dir='ltr' id='par_1_82' title="bbox 625 4467 2283 4548">
     <span class='ocr_line' id='line_1_82' title="bbox 625 4467 2283 4548; baseline 0.001 -16"><span class='ocrx_word' id='word_1_559' title='bbox 625 4467 882 4547; x_wconf 68' lang='lat' dir='ltr'><strong>Evagrio.</strong></span> <span class='ocrx_word' id='word_1_560' title='bbox 904 4479 1039 4533; x_wconf 89' lang='lat' dir='ltr'><strong>Nam</strong></span> <span class='ocrx_word' id='word_1_561' title='bbox 1066 4487 1229 4535; x_wconf 72' lang='lat' dir='ltr'><strong>terra:</strong></span> <span class='ocrx_word' id='word_1_562' title='bbox 1248 4487 1431 4534; x_wconf 89' lang='lat' dir='ltr'><strong>motus</strong></span> <span class='ocrx_word' id='word_1_563' title='bbox 1459 4481 1550 4533; x_wconf 92' lang='lat' dir='ltr'><strong>ille</strong></span> <span class='ocrx_word' id='word_1_564' title='bbox 1573 4478 1808 4548; x_wconf 88' lang='lat' dir='ltr'><strong>contigit</strong></span> <span class='ocrx_word' id='word_1_565' title='bbox 1833 4467 2020 4548; x_wconf 77' lang='lat' dir='ltr'><strong>mense</strong></span> <span class='ocrx_word' id='word_1_566' title='bbox 2041 4478 2202 4545; x_wconf 83' lang='lat' dir='ltr'><strong>Maio,</strong></span> <span class='ocrx_word' id='word_1_567' title='bbox 2230 4467 2283 4526; x_wconf 84' lang='lat' dir='ltr'><strong>D</strong></span> 
     </span>
    </p>
   </div>
   <div class='ocr_carea' id='block_1_83' title="bbox 628 4546 2209 4619">
    <p class='ocr_par' dir='ltr' id='par_1_83' title="bbox 628 4546 2209 4619">
     <span class='ocr_line' id='line_1_83' title="bbox 628 4546 2209 4619; baseline 0.003 -19"><span class='ocrx_word' id='word_1_568' title='bbox 628 4558 689 4601; x_wconf 89' lang='lat' dir='ltr'><strong>ut</strong></span> <span class='ocrx_word' id='word_1_569' title='bbox 751 4546 985 4619; x_wconf 75' lang='lat' dir='ltr'><strong>testatur</strong></span> <span class='ocrx_word' id='word_1_570' title='bbox 1036 4548 1303 4619; x_wconf 84' lang='lat' dir='ltr'><strong>Evagrius</strong></span> <span class='ocrx_word' id='word_1_571' title='bbox 1349 4558 1406 4604; x_wconf 92' lang='lat' dir='ltr'><strong>et</strong></span> <span class='ocrx_word' id='word_1_572' title='bbox 1459 4546 1848 4619; x_wconf 81' lang='lat' dir='ltr'><strong>Theophanes.</strong></span> <span class='ocrx_word' id='word_1_573' title='bbox 1891 4546 1992 4619; x_wconf 78' lang='lat' dir='ltr'><strong>llic</strong></span> <span class='ocrx_word' id='word_1_574' title='bbox 2022 4556 2209 4605; x_wconf 89' lang='lat' dir='ltr'><strong>autem</strong></span> 
     </span>
    </p>
   </div>
   <div class='ocr_carea' id='block_1_84' title="bbox 628 4618 2204 4689">
    <p class='ocr_par' dir='ltr' id='par_1_84' title="bbox 628 4618 2204 4689">
     <span class='ocr_line' id='line_1_84' title="bbox 628 4618 2204 4689; baseline 0.002 -19"><span class='ocrx_word' id='word_1_575' title='bbox 628 4618 834 4671; x_wconf 89' lang='lat' dir='ltr'><strong>mensis</strong></span> <span class='ocrx_word' id='word_1_576' title='bbox 854 4618 1105 4673; x_wconf 83' lang='lat' dir='ltr'><strong>decimus</strong></span> <span class='ocrx_word' id='word_1_577' title='bbox 1123 4618 1244 4673; x_wconf 91' lang='lat' dir='ltr'><strong>erat</strong></span> <span class='ocrx_word' id='word_1_578' title='bbox 1283 4619 1499 4689; x_wconf 86' lang='lat' dir='ltr'><strong>imperii</strong></span> <span class='ocrx_word' id='word_1_579' title='bbox 1524 4619 1751 4674; x_wconf 85' lang='lat' dir='ltr'><strong>Justini.</strong></span> <span class='ocrx_word' id='word_1_580' title='bbox 1774 4618 2204 4689; x_wconf 80' lang='lat' dir='ltr'><strong>Justinusenim</strong></span> 
     </span>
    </p>
   </div>
   <div class='ocr_carea' id='block_1_85' title="bbox 630 4686 2212 4755">
    <p class='ocr_par' dir='ltr' id='par_1_85' title="bbox 630 4686 2212 4755">
     <span class='ocr_line' id='line_1_85' title="bbox 630 4686 2212 4755; baseline 0.001 -15"><span class='ocrx_word' id='word_1_581' title='bbox 630 4688 929 4755; x_wconf 85' lang='lat' dir='ltr'><strong>imperium</strong></span> <span class='ocrx_word' id='word_1_582' title='bbox 959 4689 1276 4755; x_wconf 85' lang='lat' dir='ltr'><strong>auspicatus</strong></span> <span class='ocrx_word' id='word_1_583' title='bbox 1296 4686 1379 4744; x_wconf 76' lang='lat' dir='ltr'><strong>est</strong></span> <span class='ocrx_word' id='word_1_584' title='bbox 1409 4689 1498 4744; x_wconf 88' lang='lat' dir='ltr'><strong>die</strong></span> <span class='ocrx_word' id='word_1_585' title='bbox 1523 4704 1672 4743; x_wconf 90' lang='lat' dir='ltr'><strong>nono</strong></span> <span class='ocrx_word' id='word_1_586' title='bbox 1700 4688 1906 4742; x_wconf 90' lang='lat' dir='ltr'><strong>mensis</strong></span> <span class='ocrx_word' id='word_1_587' title='bbox 1941 4686 2093 4751; x_wconf 83' lang='lat' dir='ltr'><strong>Julii,</strong></span> <span class='ocrx_word' id='word_1_588' title='bbox 2151 4697 2212 4742; x_wconf 94' lang='lat' dir='ltr'><strong>ut</strong></span> 
     </span>
    </p>
   </div>
   <div class='ocr_carea' id='block_1_86' title="bbox 627 4757 2209 4826">
    <p class='ocr_par' dir='ltr' id='par_1_86' title="bbox 627 4757 2209 4826">
     <span class='ocr_line' id='line_1_86' title="bbox 627 4757 2209 4826; baseline 0 -15"><span class='ocrx_word' id='word_1_589' title='bbox 627 4767 786 4811; x_wconf 82' lang='lat' dir='ltr'><strong>uolat</strong></span> <span class='ocrx_word' id='word_1_590' title='bbox 817 4767 1011 4813; x_wconf 88' lang='lat' dir='ltr'><strong>auctor</strong></span> <span class='ocrx_word' id='word_1_591' title='bbox 1037 4757 1287 4813; x_wconf 85' lang='lat' dir='ltr'><strong>Chronici</strong></span> <span class='ocrx_word' id='word_1_592' title='bbox 1320 4758 1692 4815; x_wconf 75' lang='lat' dir='ltr'><strong>Alexandrini.</strong></span> <span class='ocrx_word' id='word_1_593' title='bbox 1718 4757 1954 4811; x_wconf 86' lang='lat' dir='ltr'><strong>Proinde</strong></span> <span class='ocrx_word' id='word_1_594' title='bbox 1970 4773 2209 4826; x_wconf 89' lang='lat' dir='ltr'><strong>sequen-</strong></span> 
     </span>
    </p>
   </div>
   <div class='ocr_carea' id='block_1_87' title="bbox 631 4826 2207 4897">
    <p class='ocr_par' dir='ltr' id='par_1_87' title="bbox 631 4826 2207 4897">
     <span class='ocr_line' id='line_1_87' title="bbox 631 4826 2207 4897; baseline 0.002 -18"><span class='ocrx_word' id='word_1_595' title='bbox 631 4826 703 4879; x_wconf 75' lang='lat' dir='ltr'><strong>tis</strong></span> <span class='ocrx_word' id='word_1_596' title='bbox 733 4831 860 4881; x_wconf 86' lang='lat' dir='ltr'><strong>anni</strong></span> <span class='ocrx_word' id='word_1_597' title='bbox 899 4832 1104 4883; x_wconf 87' lang='lat' dir='ltr'><strong>mensis</strong></span> <span class='ocrx_word' id='word_1_598' title='bbox 1134 4830 1328 4894; x_wconf 87' lang='lat' dir='ltr'><strong>Maius,</strong></span> <span class='ocrx_word' id='word_1_599' title='bbox 1357 4830 1610 4884; x_wconf 86' lang='lat' dir='ltr'><strong>decimus</strong></span> <span class='ocrx_word' id='word_1_600' title='bbox 1630 4828 1952 4897; x_wconf 87' lang='lat' dir='ltr'><strong>estimperii</strong></span> <span class='ocrx_word' id='word_1_601' title='bbox 1976 4826 2207 4882; x_wconf 81' lang='lat' dir='ltr'><strong>Justini.</strong></span> 
     </span>
    </p>
   </div>
   <div class='ocr_carea' id='block_1_88' title="bbox 630 4897 2209 4968">
    <p class='ocr_par' dir='ltr' id='par_1_88' title="bbox 630 4897 2209 4968">
     <span class='ocr_line' id='line_1_88' title="bbox 630 4897 2209 4968; baseline 0 -17"><span class='ocrx_word' id='word_1_602' title='bbox 630 4898 700 4951; x_wconf 84' lang='lat' dir='ltr'><strong>Et</strong></span> <span class='ocrx_word' id='word_1_603' title='bbox 730 4898 845 4953; x_wconf 68' lang='lat' dir='ltr'><strong>haac</strong></span> <span class='ocrx_word' id='word_1_604' title='bbox 865 4899 1092 4968; x_wconf 88' lang='lat' dir='ltr'><strong>quidem</strong></span> <span class='ocrx_word' id='word_1_605' title='bbox 1137 4901 1204 4953; x_wconf 89' lang='lat' dir='ltr'><strong>de</strong></span> <span class='ocrx_word' id='word_1_606' title='bbox 1263 4915 1453 4954; x_wconf 91' lang='lat' dir='ltr'><strong>mense</strong></span> <span class='ocrx_word' id='word_1_607' title='bbox 1538 4897 1941 4953; x_wconf 85' lang='lat' dir='ltr'><strong>dubitationem</strong></span> <span class='ocrx_word' id='word_1_608' title='bbox 1974 4897 2209 4968; x_wconf 88' lang='lat' dir='ltr'><strong>nullam</strong></span> 
     </span>
    </p>
   </div>
   <div class='ocr_carea' id='block_1_89' title="bbox 630 4967 2209 5039">
    <p class='ocr_par' dir='ltr' id='par_1_89' title="bbox 630 4967 2209 5039">
     <span class='ocr_line' id='line_1_89' title="bbox 630 4967 2209 5039; baseline 0.002 -19"><span class='ocrx_word' id='word_1_609' title='bbox 630 4967 953 5022; x_wconf 83' lang='lat' dir='ltr'><strong>admittunt.</strong></span> <span class='ocrx_word' id='word_1_610' title='bbox 980 4969 1060 5023; x_wconf 85' lang='lat' dir='ltr'><strong>Ad</strong></span> <span class='ocrx_word' id='word_1_611' title='bbox 1094 4984 1298 5024; x_wconf 86' lang='lat' dir='ltr'><strong>annum</strong></span> <span class='ocrx_word' id='word_1_612' title='bbox 1318 4969 1467 5039; x_wconf 87' lang='lat' dir='ltr'><strong>quod</strong></span> <span class='ocrx_word' id='word_1_613' title='bbox 1500 4978 1735 5037; x_wconf 88' lang='lat' dir='ltr'><strong>spectat,</strong></span> <span class='ocrx_word' id='word_1_614' title='bbox 1768 4969 1908 5039; x_wconf 85' lang='lat' dir='ltr'><strong>male</strong></span> <span class='ocrx_word' id='word_1_615' title='bbox 1940 4967 2209 5039; x_wconf 76' lang='lat' dir='ltr'><strong>Evagrius</strong></span> 
     </span>
    </p>
   </div>
   <div class='ocr_carea' id='block_1_90' title="bbox 631 5038 2211 5106">
    <p class='ocr_par' dir='ltr' id='par_1_90' title="bbox 631 5038 2211 5106">
     <span class='ocr_line' id='line_1_90' title="bbox 631 5038 2211 5106; baseline 0.001 -15"><span class='ocrx_word' id='word_1_616' title='bbox 631 5048 826 5091; x_wconf 88' lang='lat' dir='ltr'><strong>noster</strong></span> <span class='ocrx_word' id='word_1_617' title='bbox 854 5039 1003 5093; x_wconf 88' lang='lat' dir='ltr'><strong>hunc</strong></span> <span class='ocrx_word' id='word_1_618' title='bbox 1053 5047 1216 5094; x_wconf 71' lang='lat' dir='ltr'><strong>terra:</strong></span> <span class='ocrx_word' id='word_1_619' title='bbox 1252 5038 1460 5094; x_wconf 83' lang='lat' dir='ltr'><strong>motum</strong></span> <span class='ocrx_word' id='word_1_620' title='bbox 1487 5040 1656 5093; x_wconf 83' lang='lat' dir='ltr'><strong>refert</strong></span> <span class='ocrx_word' id='word_1_621' title='bbox 1684 5053 1827 5092; x_wconf 87' lang='lat' dir='ltr'><strong>anno</strong></span> <span class='ocrx_word' id='word_1_622' title='bbox 1858 5038 2078 5106; x_wconf 90' lang='lat' dir='ltr'><strong>imperii</strong></span> <span class='ocrx_word' id='word_1_623' title='bbox 2109 5038 2211 5092; x_wconf 85' lang='lat' dir='ltr'><strong>Ju-</strong></span> 
     </span>
    </p>
   </div>
   <div class='ocr_carea' id='block_1_91' title="bbox 633 5106 2212 5177">
    <p class='ocr_par' dir='ltr' id='par_1_91' title="bbox 633 5106 2212 5177">
     <span class='ocr_line' id='line_1_91' title="bbox 633 5106 2212 5177; baseline -0.001 -16"><span class='ocrx_word' id='word_1_624' title='bbox 633 5109 763 5161; x_wconf 78' lang='lat' dir='ltr'><strong>stini</strong></span> <span class='ocrx_word' id='word_1_625' title='bbox 794 5109 1049 5177; x_wconf 79' lang='lat' dir='ltr'><strong>septimo,</strong></span> <span class='ocrx_word' id='word_1_626' title='bbox 1080 5124 1202 5163; x_wconf 92' lang='lat' dir='ltr'><strong>cum</strong></span> <span class='ocrx_word' id='word_1_627' title='bbox 1235 5120 1490 5164; x_wconf 87' lang='lat' dir='ltr'><strong>octavum</strong></span> <span class='ocrx_word' id='word_1_628' title='bbox 1528 5109 1713 5177; x_wconf 89' lang='lat' dir='ltr'><strong>potius</strong></span> <span class='ocrx_word' id='word_1_629' title='bbox 1768 5108 1952 5162; x_wconf 87' lang='lat' dir='ltr'><strong>dicere</strong></span> <span class='ocrx_word' id='word_1_630' title='bbox 1982 5106 2212 5161; x_wconf 83' lang='lat' dir='ltr'><strong>debuis-</strong></span> 
     </span>
    </p>
   </div>
   <div class='ocr_carea' id='block_1_92' title="bbox 633 5177 2217 5247">
    <p class='ocr_par' dir='ltr' id='par_1_92' title="bbox 633 5177 2217 5247">
     <span class='ocr_line' id='line_1_92' title="bbox 633 5177 2217 5247; baseline 0 -16"><span class='ocrx_word' id='word_1_631' title='bbox 633 5187 737 5231; x_wconf 80' lang='lat' dir='ltr'><strong>set.</strong></span> <span class='ocrx_word' id='word_1_632' title='bbox 771 5177 871 5231; x_wconf 91' lang='lat' dir='ltr'><strong>llic</strong></span> <span class='ocrx_word' id='word_1_633' title='bbox 909 5180 1058 5233; x_wconf 87' lang='lat' dir='ltr'><strong>enim</strong></span> <span class='ocrx_word' id='word_1_634' title='bbox 1103 5190 1265 5235; x_wconf 66' lang='lat' dir='ltr'><strong>terra:</strong></span> <span class='ocrx_word' id='word_1_635' title='bbox 1303 5188 1480 5235; x_wconf 89' lang='lat' dir='ltr'><strong>motus</strong></span> <span class='ocrx_word' id='word_1_636' title='bbox 1510 5178 1744 5247; x_wconf 86' lang='lat' dir='ltr'><strong>contigit</strong></span> <span class='ocrx_word' id='word_1_637' title='bbox 1789 5178 2096 5231; x_wconf 83' lang='lat' dir='ltr'><strong>indictione</strong></span> <span class='ocrx_word' id='word_1_638' title='bbox 2154 5178 2217 5238; x_wconf 76' lang='grc'>4,</span> 
     </span>
    </p>
   </div>
   <div class='ocr_carea' id='block_1_93' title="bbox 633 5247 2213 5316">
    <p class='ocr_par' dir='ltr' id='par_1_93' title="bbox 633 5247 2213 5316">
     <span class='ocr_line' id='line_1_93' title="bbox 633 5247 2213 5316; baseline -0.001 -14"><span class='ocrx_word' id='word_1_639' title='bbox 633 5248 861 5316; x_wconf 75' lang='lat' dir='ltr'><strong>Olybrio</strong></span> <span class='ocrx_word' id='word_1_640' title='bbox 881 5250 1000 5302; x_wconf 92' lang='lat' dir='ltr'><strong>solo</strong></span> <span class='ocrx_word' id='word_1_641' title='bbox 1028 5259 1235 5311; x_wconf 71' lang='lat' dir='ltr'><strong>(‘05.,lll</strong></span> <span class='ocrx_word' id='word_1_642' title='bbox 1260 5258 1496 5304; x_wconf 73' lang='lat' dir='ltr'><strong>testatur</strong></span> <span class='ocrx_word' id='word_1_643' title='bbox 1528 5247 1879 5301; x_wconf 83' lang='lat' dir='ltr'><strong>Marcellinus</strong></span> <span class='ocrx_word' id='word_1_644' title='bbox 1900 5262 2107 5310; x_wconf 86' lang='lat' dir='ltr'><strong>comes,</strong></span> <span class='ocrx_word' id='word_1_645' title='bbox 2154 5256 2213 5300; x_wconf 92' lang='lat' dir='ltr'><strong>et</strong></span> 
     </span>
    </p>
   </div>
   <div class='ocr_carea' id='block_1_94' title="bbox 634 5316 2208 5388">
    <p class='ocr_par' dir='ltr' id='par_1_94' title="bbox 634 5316 2208 5388">
     <span class='ocr_line' id='line_1_94' title="bbox 634 5316 2208 5388; baseline 0 -18"><span class='ocrx_word' id='word_1_646' title='bbox 634 5318 1001 5387; x_wconf 86' lang='lat' dir='ltr'><strong>Theophanes</strong></span> <span class='ocrx_word' id='word_1_647' title='bbox 1032 5320 1084 5371; x_wconf 90' lang='lat' dir='ltr'><strong>iu</strong></span> <span class='ocrx_word' id='word_1_648' title='bbox 1112 5318 1397 5373; x_wconf 79' lang='lat' dir='ltr'><strong>Chronico:</strong></span> <span class='ocrx_word' id='word_1_649' title='bbox 1434 5319 1523 5388; x_wconf 88' lang='lat' dir='ltr'><strong>qui</strong></span> <span class='ocrx_word' id='word_1_650' title='bbox 1550 5318 1845 5372; x_wconf 87' lang='lat' dir='ltr'><strong>fuitannus</strong></span> <span class='ocrx_word' id='word_1_651' title='bbox 1865 5316 2208 5388; x_wconf 69' lang='lat' dir='ltr'><strong>Christifiilti.</strong></span> 
     </span>
    </p>
   </div>
   <div class='ocr_carea' id='block_1_95' title="bbox 635 5386 2282 5457">
    <p class='ocr_par' dir='ltr' id='par_1_95' title="bbox 635 5386 2282 5457">
     <span class='ocr_line' id='line_1_95' title="bbox 635 5386 2282 5457; baseline -0.001 -16"><span class='ocrx_word' id='word_1_652' title='bbox 635 5391 760 5453; x_wconf 73' lang='lat' dir='ltr'><strong>Quo</strong></span> <span class='ocrx_word' id='word_1_653' title='bbox 802 5386 1033 5457; x_wconf 86' lang='lat' dir='ltr'><strong>quidem</strong></span> <span class='ocrx_word' id='word_1_654' title='bbox 1079 5404 1224 5443; x_wconf 88' lang='lat' dir='ltr'><strong>anno</strong></span> <span class='ocrx_word' id='word_1_655' title='bbox 1281 5386 1509 5443; x_wconf 81' lang='lat' dir='ltr'><strong>octavus</strong></span> <span class='ocrx_word' id='word_1_656' title='bbox 1567 5388 1816 5456; x_wconf 86' lang='lat' dir='ltr'><strong>ejusdem</strong></span> <span class='ocrx_word' id='word_1_657' title='bbox 1864 5387 2084 5456; x_wconf 88' lang='lat' dir='ltr'><strong>imperii</strong></span> <span class='ocrx_word' id='word_1_658' title='bbox 2142 5386 2211 5440; x_wconf 89' lang='lat' dir='ltr'><strong>ad</strong></span> <span class='ocrx_word' id='word_1_659' title='bbox 2280 5447 2282 5449; x_wconf 18' lang='grc' dir='ltr'>ν</span> 
     </span>
    </p>
   </div>
   <div class='ocr_carea' id='block_1_96' title="bbox 635 5457 2212 5528">
    <p class='ocr_par' dir='ltr' id='par_1_96' title="bbox 635 5457 2212 5528">
     <span class='ocr_line' id='line_1_96' title="bbox 635 5457 2212 5528; baseline -0.001 -18"><span class='ocrx_word' id='word_1_660' title='bbox 635 5473 883 5528; x_wconf 81' lang='lat' dir='ltr'><strong>mensem</strong></span> <span class='ocrx_word' id='word_1_661' title='bbox 916 5474 1090 5528; x_wconf 88' lang='lat' dir='ltr'><strong>usque</strong></span> <span class='ocrx_word' id='word_1_662' title='bbox 1114 5459 1320 5513; x_wconf 82' lang='lat' dir='ltr'><strong>Julium</strong></span> <span class='ocrx_word' id='word_1_663' title='bbox 1358 5459 1633 5512; x_wconf 79' lang='lat' dir='ltr'><strong>currebat.</strong></span> <span class='ocrx_word' id='word_1_664' title='bbox 1680 5459 1799 5511; x_wconf 86' lang='lat' dir='ltr'><strong>Non</strong></span> <span class='ocrx_word' id='word_1_665' title='bbox 1844 5470 1993 5512; x_wconf 86' lang='lat' dir='ltr'><strong>recte</strong></span> <span class='ocrx_word' id='word_1_666' title='bbox 2021 5457 2212 5528; x_wconf 72' lang='lat' dir='ltr'><strong>igitur</strong></span> 
     </span>
    </p>
   </div>
   <div class='ocr_carea' id='block_1_97' title="bbox 637 5526 2209 5584">
    <p class='ocr_par' dir='ltr' id='par_1_97' title="bbox 637 5526 2209 5584">
     <span class='ocr_line' id='line_1_97' title="bbox 637 5526 2209 5584; baseline -0.001 -3"><span class='ocrx_word' id='word_1_667' title='bbox 637 5527 910 5582; x_wconf 73' lang='lat' dir='ltr'><strong>Duronius</strong></span> <span class='ocrx_word' id='word_1_668' title='bbox 942 5526 1087 5584; x_wconf 86' lang='lat' dir='ltr'><strong>hunc</strong></span> <span class='ocrx_word' id='word_1_669' title='bbox 1130 5539 1287 5583; x_wconf 70' lang='lat' dir='ltr'><strong>terra:</strong></span> <span class='ocrx_word' id='word_1_670' title='bbox 1330 5539 1528 5584; x_wconf 87' lang='lat' dir='ltr'><strong>motum</strong></span> <span class='ocrx_word' id='word_1_671' title='bbox 1589 5529 1778 5582; x_wconf 82' lang='lat' dir='ltr'><strong>retulit</strong></span> <span class='ocrx_word' id='word_1_672' title='bbox 1831 5543 1976 5582; x_wconf 87' lang='lat' dir='ltr'><strong>anno</strong></span> <span class='ocrx_word' id='word_1_673' title='bbox 2004 5526 2209 5581; x_wconf 87' lang='lat' dir='ltr'><strong>Christi</strong></span> 
     </span>
    </p>
   </div>
   <div class='ocr_carea' id='block_1_98' title="bbox 2303 3777 3887 3848">
    <p class='ocr_par' dir='ltr' id='par_1_98' title="bbox 2303 3777 3887 3848">
     <span class='ocr_line' id='line_1_98' title="bbox 2303 3777 3887 3848; baseline -0.004 -12"><span class='ocrx_word' id='word_1_674' title='bbox 2303 3783 2441 3837; x_wconf 88' lang='lat' dir='ltr'><strong>lium</strong></span> <span class='ocrx_word' id='word_1_675' title='bbox 2468 3782 2791 3836; x_wconf 88' lang='lat' dir='ltr'><strong>adnotatum</strong></span> <span class='ocrx_word' id='word_1_676' title='bbox 2830 3788 2954 3835; x_wconf 90' lang='lat' dir='ltr'><strong>erat</strong></span> <span class='ocrx_word' id='word_1_677' title='bbox 2988 3781 3041 3833; x_wconf 94' lang='lat' dir='ltr'><strong>in</strong></span> <span class='ocrx_word' id='word_1_678' title='bbox 3073 3777 3343 3848; x_wconf 80' lang='lat' dir='ltr'><strong>margine,</strong></span> <span class='ocrx_word' id='word_1_679' title='bbox 3367 3779 3492 3831; x_wconf 76' lang='grc' dir='ltr'><strong>Ὀτι</strong></span> <span class='ocrx_word' id='word_1_680' title='bbox 3525 3780 3553 3831; x_wconf 83' lang='grc' dir='ltr'><strong>ὁ</strong></span> <span class='ocrx_word' id='word_1_681' title='bbox 3585 3778 3760 3839; x_wconf 58' lang='lat' dir='ltr'><strong>Mite;</strong></span> <span class='ocrx_word' id='word_1_682' title='bbox 3799 3777 3887 3829; x_wconf 79' lang='grc' dir='ltr'><strong>δέ·</strong></span> 
     </span>
    </p>
   </div>
   <div class='ocr_carea' id='block_1_99' title="bbox 2306 3848 3889 3922">
    <p class='ocr_par' dir='ltr' id='par_1_99' title="bbox 2306 3848 3889 3922">
     <span class='ocr_line' id='line_1_99' title="bbox 2306 3848 3889 3922; baseline -0.003 -18"><span class='ocrx_word' id='word_1_683' title='bbox 2306 3869 2472 3915; x_wconf 79' lang='grc' dir='ltr'>κατος</span> <span class='ocrx_word' id='word_1_684' title='bbox 2491 3850 2854 3922; x_wconf 39' lang='grc' dir='ltr'>μὴν-λέγεται.</span> <span class='ocrx_word' id='word_1_685' title='bbox 2875 3850 2930 3903; x_wconf 92' lang='lat' dir='ltr'><strong>Id</strong></span> <span class='ocrx_word' id='word_1_686' title='bbox 2947 3856 3033 3922; x_wconf 78' lang='lat' dir='ltr'><strong>est</strong></span> <span class='ocrx_word' id='word_1_687' title='bbox 3066 3849 3203 3922; x_wconf 69' lang='lat' dir='ltr'><strong>Noto</strong></span> <span class='ocrx_word' id='word_1_688' title='bbox 3216 3848 3418 3922; x_wconf 68' lang='lat' dir='ltr'><strong>Maium</strong></span> <span class='ocrx_word' id='word_1_689' title='bbox 3430 3848 3611 3922; x_wconf 73' lang='lat' dir='ltr'><strong>vocari</strong></span> <span class='ocrx_word' id='word_1_690' title='bbox 3623 3848 3889 3922; x_wconf 69' lang='lat' dir='ltr'><strong>decimam</strong></span> 
     </span>
    </p>
   </div>
   <div class='ocr_carea' id='block_1_100' title="bbox 2310 3917 3886 3989">
    <p class='ocr_par' dir='ltr' id='par_1_100' title="bbox 2310 3917 3886 3989">
     <span class='ocr_line' id='line_1_100' title="bbox 2310 3917 3886 3989; baseline -0.003 -14"><span class='ocrx_word' id='word_1_691' title='bbox 2310 3917 2565 3975; x_wconf 66' lang='lat' dir='ltr'><strong>mensem.</strong></span> <span class='ocrx_word' id='word_1_692' title='bbox 2597 3917 2704 3976; x_wconf 90' lang='lat' dir='ltr'><strong>Sed</strong></span> <span class='ocrx_word' id='word_1_693' title='bbox 2736 3920 2945 3974; x_wconf 85' lang='lat' dir='ltr'><strong>fallitur</strong></span> <span class='ocrx_word' id='word_1_694' title='bbox 2978 3919 3069 3973; x_wconf 88' lang='lat' dir='ltr'><strong>hic</strong></span> <span class='ocrx_word' id='word_1_695' title='bbox 3105 3919 3358 3989; x_wconf 83' lang='lat' dir='ltr'><strong>quisquis</strong></span> <span class='ocrx_word' id='word_1_696' title='bbox 3396 3917 3886 3989; x_wconf 75' lang='lat' dir='ltr'><strong>fuitscholiastes.</strong></span> 
     </span>
    </p>
   </div>
   <div class='ocr_carea' id='block_1_101' title="bbox 2308 3987 3889 4061">
    <p class='ocr_par' dir='ltr' id='par_1_101' title="bbox 2308 3987 3889 4061">
     <span class='ocr_line' id='line_1_101' title="bbox 2308 3987 3889 4061; baseline -0.004 -15"><span class='ocrx_word' id='word_1_697' title='bbox 2308 3991 2500 4061; x_wconf 80' lang='lat' dir='ltr'><strong>Neque</strong></span> <span class='ocrx_word' id='word_1_698' title='bbox 2531 3990 2679 4045; x_wconf 89' lang='lat' dir='ltr'><strong>enim</strong></span> <span class='ocrx_word' id='word_1_699' title='bbox 2731 3990 2906 4061; x_wconf 83' lang='lat' dir='ltr'><strong>Maius</strong></span> <span class='ocrx_word' id='word_1_700' title='bbox 2931 3987 3264 4061; x_wconf 56' lang='lat' dir='ltr'><strong>simpliciter</strong></span> <span class='ocrx_word' id='word_1_701' title='bbox 3294 3996 3360 4061; x_wconf 90' lang='lat' dir='ltr'><strong>et_</strong></span> <span class='ocrx_word' id='word_1_702' title='bbox 3384 3987 3639 4042; x_wconf 87' lang='lat' dir='ltr'><strong>absolute</strong></span> <span class='ocrx_word' id='word_1_703' title='bbox 3677 3988 3889 4061; x_wconf 81' lang='lat' dir='ltr'><strong>mensis</strong></span> 
     </span>
    </p>
   </div>
   <div class='ocr_carea' id='block_1_102' title="bbox 2308 4058 3891 4130">
    <p class='ocr_par' dir='ltr' id='par_1_102' title="bbox 2308 4058 3891 4130">
     <span class='ocr_line' id='line_1_102' title="bbox 2308 4058 3891 4130; baseline -0.003 -15"><span class='ocrx_word' id='word_1_704' title='bbox 2308 4058 2561 4117; x_wconf 85' lang='lat' dir='ltr'><strong>decimus</strong></span> <span class='ocrx_word' id='word_1_705' title='bbox 2594 4060 2798 4115; x_wconf 91' lang='lat' dir='ltr'><strong>dicitur</strong></span> <span class='ocrx_word' id='word_1_706' title='bbox 2845 4059 2915 4114; x_wconf 91' lang='lat' dir='ltr'><strong>ab</strong></span> <span class='ocrx_word' id='word_1_707' title='bbox 2960 4059 3218 4130; x_wconf 80' lang='lat' dir='ltr'><strong>Evagrio,</strong></span> <span class='ocrx_word' id='word_1_708' title='bbox 3268 4058 3364 4113; x_wconf 89' lang='lat' dir='ltr'><strong>sed</strong></span> <span class='ocrx_word' id='word_1_709' title='bbox 3415 4065 3630 4130; x_wconf 79' lang='lat' dir='ltr'><strong>tantum</strong></span> <span class='ocrx_word' id='word_1_710' title='bbox 3680 4059 3891 4113; x_wconf 87' lang='lat' dir='ltr'><strong>mensis</strong></span> 
     </span>
    </p>
   </div>
   <div class='ocr_carea' id='block_1_103' title="bbox 2309 4127 3817 4205">
    <p class='ocr_par' dir='ltr' id='par_1_103' title="bbox 2309 4127 3817 4205">
     <span class='ocr_line' id='line_1_103' title="bbox 2309 4127 3817 4205; baseline -0.004 -20"><span class='ocrx_word' id='word_1_711' title='bbox 2309 4131 2575 4205; x_wconf 56' lang='lat' dir='ltr'><strong>decimus</strong></span> <span class='ocrx_word' id='word_1_712' title='bbox 2594 4130 2823 4205; x_wconf 70' lang='lat' dir='ltr'><strong>imperii</strong></span> <span class='ocrx_word' id='word_1_713' title='bbox 2844 4127 3370 4205; x_wconf 40' lang='lat' dir='ltr'><strong>Justiniz‘utfupra</strong></span> <span class='ocrx_word' id='word_1_714' title='bbox 3399 4127 3534 4205; x_wconf 80' lang='lat' dir='ltr'><strong>dixi.</strong></span> <span class='ocrx_word' id='word_1_715' title='bbox 3779 4194 3817 4205; x_wconf 81' lang='lat'>__</span> 
     </span>
    </p>
   </div>
   <div class='ocr_carea' id='block_1_104' title="bbox 2380 4194 3889 4273">
    <p class='ocr_par' dir='ltr' id='par_1_104' title="bbox 2380 4194 3889 4273">
     <span class='ocr_line' id='line_1_104' title="bbox 2380 4194 3889 4273; baseline -0.003 -18"><span class='ocrx_word' id='word_1_716' title='bbox 2380 4201 2493 4273; x_wconf 75' lang='lat'><strong>(26)</strong></span> <span class='ocrx_word' id='word_1_717' title='bbox 2532 4194 2892 4273; x_wconf 69' lang='grc' dir='ltr'>Τελεύτᾳῖον</span> <span class='ocrx_word' id='word_1_718' title='bbox 2918 4197 2987 4252; x_wconf 81' lang='grc' dir='ltr'>δὲ</span> <span class='ocrx_word' id='word_1_719' title='bbox 3004 4194 3409 4273; x_wconf 67' lang='lat' dir='ltr'><strong>[lectius</strong></span> <span class='ocrx_word' id='word_1_720' title='bbox 3451 4199 3506 4273; x_wconf 78' lang='lat' dir='ltr'><strong>it_t</strong></span> <span class='ocrx_word' id='word_1_721' title='bbox 3536 4210 3641 4250; x_wconf 89' lang='lat' dir='ltr'><strong>ms.</strong></span> <span class='ocrx_word' id='word_1_722' title='bbox 3693 4194 3889 4273; x_wconf 79' lang='lat' dir='ltr'><strong>codice</strong></span> 
     </span>
    </p>
   </div>
   <div class='ocr_carea' id='block_1_105' title="bbox 2308 4266 3889 4338">
    <p class='ocr_par' dir='ltr' id='par_1_105' title="bbox 2308 4266 3889 4338">
     <span class='ocr_line' id='line_1_105' title="bbox 2308 4266 3889 4338; baseline -0.003 -13"><span class='ocrx_word' id='word_1_723' title='bbox 2308 4266 2627 4325; x_wconf 83' lang='lat' dir='ltr'><strong>Florentino</strong></span> <span class='ocrx_word' id='word_1_724' title='bbox 2647 4269 2913 4325; x_wconf 88' lang='lat' dir='ltr'><strong>scribitur</strong></span> <span class='ocrx_word' id='word_1_725' title='bbox 2940 4268 3170 4338; x_wconf 81' lang='grc' dir='ltr'>τελευτᾷ</span> <span class='ocrx_word' id='word_1_726' title='bbox 3193 4266 3273 4329; x_wconf 80' lang='grc' dir='ltr'>δέ,</span> <span class='ocrx_word' id='word_1_727' title='bbox 3309 4275 3420 4322; x_wconf 92' lang='lat' dir='ltr'><strong>etc.</strong></span> <span class='ocrx_word' id='word_1_728' title='bbox 3474 4266 3751 4338; x_wconf 69' lang='lat' dir='ltr'><strong>Pori-ode</strong></span> <span class='ocrx_word' id='word_1_729' title='bbox 3782 4266 3889 4321; x_wconf 87' lang='lat' dir='ltr'><strong>hoc</strong></span> 
     </span>
    </p>
   </div>
   <div class='ocr_carea' id='block_1_106' title="bbox 2306 4334 3890 4409">
    <p class='ocr_par' dir='ltr' id='par_1_106' title="bbox 2306 4334 3890 4409">
     <span class='ocr_line' id='line_1_106' title="bbox 2306 4334 3890 4409; baseline -0.003 -15"><span class='ocrx_word' id='word_1_730' title='bbox 2306 4348 2468 4396; x_wconf 69' lang='lat' dir='ltr'><strong>terra:</strong></span> <span class='ocrx_word' id='word_1_731' title='bbox 2497 4349 2647 4394; x_wconf 92' lang='lat' dir='ltr'><strong>motu</strong></span> <span class='ocrx_word' id='word_1_732' title='bbox 2688 4354 2799 4409; x_wconf 91' lang='lat' dir='ltr'><strong>quo</strong></span> <span class='ocrx_word' id='word_1_733' title='bbox 2823 4338 3115 4393; x_wconf 83' lang='lat' dir='ltr'><strong>Antiochia</strong></span> <span class='ocrx_word' id='word_1_734' title='bbox 3139 4334 3333 4409; x_wconf 60' lang='lat' dir='ltr'><strong>eversa</strong></span> <span class='ocrx_word' id='word_1_735' title='bbox 3359 4345 3445 4409; x_wconf 84' lang='lat' dir='ltr'><strong>est</strong></span> <span class='ocrx_word' id='word_1_736' title='bbox 3468 4334 3671 4393; x_wconf 84' lang='lat' dir='ltr'><strong>Justini</strong></span> <span class='ocrx_word' id='word_1_737' title='bbox 3711 4334 3890 4409; x_wconf 82' lang='lat' dir='ltr'><strong>impe-</strong></span> 
     </span>
    </p>
   </div>
   <div class='ocr_carea' id='block_1_107' title="bbox 2313 4406 3890 4479">
    <p class='ocr_par' dir='ltr' id='par_1_107' title="bbox 2313 4406 3890 4479">
     <span class='ocr_line' id='line_1_107' title="bbox 2313 4406 3890 4479; baseline -0.003 -15"><span class='ocrx_word' id='word_1_738' title='bbox 2313 4411 2519 4464; x_wconf 88' lang='lat' dir='ltr'><strong>ratoris</strong></span> <span class='ocrx_word' id='word_1_739' title='bbox 2559 4406 2950 4479; x_wconf 63' lang='lat' dir='ltr'><strong>temporibus,</strong></span> <span class='ocrx_word' id='word_1_740' title='bbox 2984 4417 3185 4477; x_wconf 64' lang='lat' dir='ltr'><strong>praeter</strong></span> <span class='ocrx_word' id='word_1_741' title='bbox 3229 4406 3625 4479; x_wconf 68' lang='lat' dir='ltr'><strong>Theophanem</strong></span> <span class='ocrx_word' id='word_1_742' title='bbox 3651 4421 3735 4471; x_wconf 84' lang='lat' dir='ltr'><strong>ac</strong></span> <span class='ocrx_word' id='word_1_743' title='bbox 3762 4408 3890 4479; x_wconf 80' lang='lat' dir='ltr'><strong>_Ce-</strong></span> 
     </span>
    </p>
   </div>
   <div class='ocr_carea' id='block_1_108' title="bbox 2309 4475 3889 4548">
    <p class='ocr_par' dir='ltr' id='par_1_108' title="bbox 2309 4475 3889 4548">
     <span class='ocr_line' id='line_1_108' title="bbox 2309 4475 3889 4548; baseline -0.003 -16"><span class='ocrx_word' id='word_1_744' title='bbox 2309 4480 2569 4544; x_wconf 87' lang='lat' dir='ltr'><strong>drenum,</strong></span> <span class='ocrx_word' id='word_1_745' title='bbox 2600 4475 2847 4548; x_wconf 78' lang='lat' dir='ltr'><strong>loquitur</strong></span> <span class='ocrx_word' id='word_1_746' title='bbox 2880 4475 3059 4548; x_wconf 74' lang='lat' dir='ltr'><strong>etiam</strong></span> <span class='ocrx_word' id='word_1_747' title='bbox 3079 4475 3418 4548; x_wconf 53' lang='lat' dir='ltr'><strong>Procopius,</strong></span> <span class='ocrx_word' id='word_1_748' title='bbox 3460 4477 3515 4537; x_wconf 89' lang='lat' dir='ltr'><strong>in</strong></span> <span class='ocrx_word' id='word_1_749' title='bbox 3548 4477 3647 4548; x_wconf 82' lang='lat' dir='ltr'><strong>lib.</strong></span> <span class='ocrx_word' id='word_1_750' title='bbox 3698 4494 3712 4530; x_wconf 96' lang='lat' dir='ltr'><strong>l</strong></span> <span class='ocrx_word' id='word_1_751' title='bbox 3740 4475 3889 4548; x_wconf 74' lang='lat' dir='ltr'><strong>Per-</strong></span> 
     </span>
    </p>
   </div>
   <div class='ocr_carea' id='block_1_109' title="bbox 2311 4545 3889 4620">
    <p class='ocr_par' dir='ltr' id='par_1_109' title="bbox 2311 4545 3889 4620">
     <span class='ocr_line' id='line_1_109' title="bbox 2311 4545 3889 4620; baseline -0.004 -16"><span class='ocrx_word' id='word_1_752' title='bbox 2311 4552 2565 4611; x_wconf 84' lang='lat' dir='ltr'><strong>sicorum,</strong></span> <span class='ocrx_word' id='word_1_753' title='bbox 2616 4545 2742 4620; x_wconf 77' lang='lat' dir='ltr'><strong>pag.</strong></span> <span class='ocrx_word' id='word_1_754' title='bbox 2798 4547 2866 4602; x_wconf 84' lang='lat'><strong>67</strong></span> <span class='ocrx_word' id='word_1_755' title='bbox 2906 4555 2964 4601; x_wconf 89' lang='lat' dir='ltr'><strong>et</strong></span> <span class='ocrx_word' id='word_1_756' title='bbox 3003 4547 3093 4620; x_wconf 88' lang='lat'><strong>_68,</strong></span> <span class='ocrx_word' id='word_1_757' title='bbox 3151 4545 3245 4620; x_wconf 74' lang='lat' dir='ltr'><strong>ubi</strong></span> <span class='ocrx_word' id='word_1_758' title='bbox 3300 4554 3552 4620; x_wconf 82' lang='lat' dir='ltr'><strong>trecenta</strong></span> <span class='ocrx_word' id='word_1_759' title='bbox 3599 4546 3889 4600; x_wconf 83' lang='lat' dir='ltr'><strong>hominum</strong></span> 
     </span>
    </p>
   </div>
   <div class='ocr_carea' id='block_1_110' title="bbox 2316 4615 3532 4674">
    <p class='ocr_par' dir='ltr' id='par_1_110' title="bbox 2316 4615 3532 4674">
     <span class='ocr_line' id='line_1_110' title="bbox 2316 4615 3532 4674; baseline -0.003 0"><span class='ocrx_word' id='word_1_760' title='bbox 2316 4620 2489 4674; x_wconf 91' lang='lat' dir='ltr'><strong>millia</strong></span> <span class='ocrx_word' id='word_1_761' title='bbox 2535 4615 2795 4674; x_wconf 55' lang='lat' dir='ltr'><strong>cetera</strong></span> <span class='ocrx_word' id='word_1_762' title='bbox 2827 4626 2977 4671; x_wconf 93' lang='lat' dir='ltr'><strong>motu</strong></span> <span class='ocrx_word' id='word_1_763' title='bbox 3002 4615 3281 4671; x_wconf 89' lang='lat' dir='ltr'><strong>interiisse</strong></span> <span class='ocrx_word' id='word_1_764' title='bbox 3315 4615 3532 4670; x_wconf 82' lang='lat' dir='ltr'><strong>scribit.</strong></span> 
     </span>
    </p>
   </div>
   <div class='ocr_carea' id='block_1_111' title="bbox 2386 4683 3888 4757">
    <p class='ocr_par' dir='ltr' id='par_1_111' title="bbox 2386 4683 3888 4757">
     <span class='ocr_line' id='line_1_111' title="bbox 2386 4683 3888 4757; baseline -0.005 -13"><span class='ocrx_word' id='word_1_765' title='bbox 2386 4691 2499 4755; x_wconf 73' lang='grc'>(27)</span> <span class='ocrx_word' id='word_1_766' title='bbox 2560 4689 2904 4757; x_wconf 77' lang='grc' dir='ltr'>Ἐςρραίμιον</span> <span class='ocrx_word' id='word_1_767' title='bbox 2949 4686 3063 4753; x_wconf 83' lang='grc' dir='ltr'>τῆς</span> <span class='ocrx_word' id='word_1_768' title='bbox 3101 4683 3293 4757; x_wconf 19' lang='grc' dir='ltr'>[Εῴαςᾼ</span> <span class='ocrx_word' id='word_1_769' title='bbox 3332 4684 3529 4757; x_wconf 80' lang='grc' dir='ltr'>ἀρχῆς</span> <span class='ocrx_word' id='word_1_770' title='bbox 3572 4686 3752 4757; x_wconf 76' lang='grc' dir='ltr'>ἡνίας</span> <span class='ocrx_word' id='word_1_771' title='bbox 3804 4684 3888 4737; x_wconf 83' lang='grc' dir='ltr'>δι-</span> 
     </span>
    </p>
   </div>
   <div class='ocr_carea' id='block_1_112' title="bbox 2313 4753 3891 4826">
    <p class='ocr_par' dir='ltr' id='par_1_112' title="bbox 2313 4753 3891 4826">
     <span class='ocr_line' id='line_1_112' title="bbox 2313 4753 3891 4826; baseline -0.002 -14"><span class='ocrx_word' id='word_1_772' title='bbox 2313 4753 2557 4812; x_wconf 75' lang='grc' dir='ltr'>έποντα.</span> <span class='ocrx_word' id='word_1_773' title='bbox 2582 4753 2639 4813; x_wconf 87' lang='lat' dir='ltr'><strong>ld</strong></span> <span class='ocrx_word' id='word_1_774' title='bbox 2662 4753 2776 4819; x_wconf 72' lang='lat' dir='ltr'><strong>est,</strong></span> <span class='ocrx_word' id='word_1_775' title='bbox 2810 4757 3065 4811; x_wconf 80' lang='lat' dir='ltr'><strong>Comitem</strong></span> <span class='ocrx_word' id='word_1_776' title='bbox 3091 4753 3344 4826; x_wconf 72' lang='lat' dir='ltr'><strong>Orientis,</strong></span> <span class='ocrx_word' id='word_1_777' title='bbox 3374 4756 3469 4808; x_wconf 78' lang='lat' dir='ltr'><strong>sub</strong></span> <span class='ocrx_word' id='word_1_778' title='bbox 3514 4757 3685 4826; x_wconf 59' lang='lat' dir='ltr'><strong>cujus.</strong></span> <span class='ocrx_word' id='word_1_779' title='bbox 3718 4756 3891 4826; x_wconf 78' lang='lat' dir='ltr'><strong>dispo-</strong></span> 
     </span>
    </p>
   </div>
   <div class='ocr_carea' id='block_1_113' title="bbox 2312 4822 3892 4894">
    <p class='ocr_par' dir='ltr' id='par_1_113' title="bbox 2312 4822 3892 4894">
     <span class='ocr_line' id='line_1_113' title="bbox 2312 4822 3892 4894; baseline -0.002 -12"><span class='ocrx_word' id='word_1_780' title='bbox 2312 4831 2503 4883; x_wconf 79' lang='lat' dir='ltr'><strong>sitione</strong></span> <span class='ocrx_word' id='word_1_781' title='bbox 2533 4836 2686 4881; x_wconf 86' lang='lat' dir='ltr'><strong>erant</strong></span> <span class='ocrx_word' id='word_1_782' title='bbox 2709 4827 2992 4894; x_wconf 76' lang='lat' dir='ltr'><strong>provincia:</strong></span> <span class='ocrx_word' id='word_1_783' title='bbox 3014 4840 3193 4879; x_wconf 78' lang='lat' dir='ltr'><strong>omnes</strong></span> <span class='ocrx_word' id='word_1_784' title='bbox 3212 4822 3464 4885; x_wconf 81' lang='lat' dir='ltr'><strong>Orientis,</strong></span> <span class='ocrx_word' id='word_1_785' title='bbox 3491 4834 3550 4877; x_wconf 88' lang='lat' dir='ltr'><strong>ut</strong></span> <span class='ocrx_word' id='word_1_786' title='bbox 3572 4822 3747 4879; x_wconf 59' lang='lat' dir='ltr'><strong>&#39;docet</strong></span> <span class='ocrx_word' id='word_1_787' title='bbox 3786 4822 3892 4879; x_wconf 73' lang='lat' dir='ltr'><strong>No-</strong></span> 
     </span>
    </p>
   </div>
   <div class='ocr_carea' id='block_1_114' title="bbox 2316 4894 3891 4968">
    <p class='ocr_par' dir='ltr' id='par_1_114' title="bbox 2316 4894 3891 4968">
     <span class='ocr_line' id='line_1_114' title="bbox 2316 4894 3891 4968; baseline -0.001 -16"><span class='ocrx_word' id='word_1_788' title='bbox 2316 4900 2435 4952; x_wconf 77' lang='lat' dir='ltr'><strong>uua</strong></span> <span class='ocrx_word' id='word_1_789' title='bbox 2456 4899 2667 4968; x_wconf 84' lang='lat' dir='ltr'><strong>imperii</strong></span> <span class='ocrx_word' id='word_1_790' title='bbox 2694 4896 2942 4968; x_wconf 81' lang='lat' dir='ltr'><strong>Romani.</strong></span> <span class='ocrx_word' id='word_1_791' title='bbox 2969 4895 3081 4968; x_wconf 73' lang='lat' dir='ltr'><strong>Hac</strong></span> <span class='ocrx_word' id='word_1_792' title='bbox 3106 4894 3707 4968; x_wconf 73' lang='lat' dir='ltr'><strong>dignitate_pr:editum_</strong></span> <span class='ocrx_word' id='word_1_793' title='bbox 3725 4895 3891 4950; x_wconf 83' lang='lat' dir='ltr'><strong>fuisse</strong></span> 
     </span>
    </p>
   </div>
   <div class='ocr_carea' id='block_1_115' title="bbox 2314 4964 3890 5037">
    <p class='ocr_par' dir='ltr' id='par_1_115' title="bbox 2314 4964 3890 5037">
     <span class='ocr_line' id='line_1_115' title="bbox 2314 4964 3890 5037; baseline -0.004 -14"><span class='ocrx_word' id='word_1_794' title='bbox 2314 4964 2711 5037; x_wconf 67' lang='lat' dir='ltr'><strong>Ephrmmiutn.</strong></span> <span class='ocrx_word' id='word_1_795' title='bbox 2732 4965 2894 5037; x_wconf 59' lang='lat' dir='ltr'><strong>docet</strong></span> <span class='ocrx_word' id='word_1_796' title='bbox 2919 4965 3086 5019; x_wconf 91' lang='lat' dir='ltr'><strong>etiam</strong></span> <span class='ocrx_word' id='word_1_797' title='bbox 3112 4964 3353 5037; x_wconf 75' lang='lat' dir='ltr'><strong>Joannes</strong></span> <span class='ocrx_word' id='word_1_798' title='bbox 3383 4964 3663 5037; x_wconf 79' lang='lat' dir='ltr'><strong>Moschus,</strong></span> <span class='ocrx_word' id='word_1_799' title='bbox 3694 4965 3750 5018; x_wconf 88' lang='lat' dir='ltr'><strong>in</strong></span> <span class='ocrx_word' id='word_1_800' title='bbox 3773 4980 3890 5033; x_wconf 84' lang='lat' dir='ltr'><strong>cap.</strong></span> 
     </span>
    </p>
   </div>
   <div class='ocr_carea' id='block_1_116' title="bbox 2313 5032 3893 5103">
    <p class='ocr_par' dir='ltr' id='par_1_116' title="bbox 2313 5032 3893 5103">
     <span class='ocr_line' id='line_1_116' title="bbox 2313 5032 3893 5103; baseline -0.004 -10"><span class='ocrx_word' id='word_1_801' title='bbox 2313 5032 2382 5093; x_wconf 75' lang='lat'><strong>57</strong></span> <span class='ocrx_word' id='word_1_802' title='bbox 2417 5036 2754 5093; x_wconf 85' lang='lat' dir='ltr'><strong>Limonarii:</strong></span> <span class='ocrx_word' id='word_1_803' title='bbox 2792 5035 2871 5088; x_wconf 89' lang='lat' dir='ltr'><strong>Eo</strong></span> <span class='ocrx_word' id='word_1_804' title='bbox 2905 5042 3158 5103; x_wconf 81' lang='lat' dir='ltr'><strong>tempore,</strong></span> <span class='ocrx_word' id='word_1_805' title='bbox 3185 5032 3386 5103; x_wconf 64' lang='lat' dir='ltr'><strong>inquit,</strong></span> <span class='ocrx_word' id='word_1_806' title='bbox 3428 5035 3513 5087; x_wconf 75' lang='lat' dir='ltr'><strong>vir</strong></span> <span class='ocrx_word' id='word_1_807' title='bbox 3572 5034 3821 5097; x_wconf 75' lang='lat' dir='ltr'><strong>clemens,</strong></span> <span class='ocrx_word' id='word_1_808' title='bbox 3842 5032 3893 5086; x_wconf 74' lang='lat' dir='ltr'><strong>et</strong></span> 
     </span>
    </p>
   </div>
   <div class='ocr_carea' id='block_1_117' title="bbox 2315 5102 3892 5173">
    <p class='ocr_par' dir='ltr' id='par_1_117' title="bbox 2315 5102 3892 5173">
     <span class='ocr_line' id='line_1_117' title="bbox 2315 5102 3892 5173; baseline -0.003 -12"><span class='ocrx_word' id='word_1_809' title='bbox 2315 5108 2684 5162; x_wconf 60' lang='lat' dir='ltr'><strong>misericordia?</strong></span> <span class='ocrx_word' id='word_1_810' title='bbox 2734 5104 2975 5170; x_wconf 78' lang='lat' dir='ltr'><strong>operibus</strong></span> <span class='ocrx_word' id='word_1_811' title='bbox 3014 5102 3269 5173; x_wconf 64' lang='lat' dir='ltr'><strong>deditus</strong></span> <span class='ocrx_word' id='word_1_812' title='bbox 3294 5102 3664 5173; x_wconf 66' lang='grc' dir='ltr'><strong>ΔΕρίιιίεεηιὶιιε</strong></span> <span class='ocrx_word' id='word_1_813' title='bbox 3731 5120 3892 5157; x_wconf 73' lang='lat' dir='ltr'><strong>comes</strong></span> 
     </span>
    </p>
   </div>
   <div class='ocr_carea' id='block_1_118' title="bbox 2315 5170 3892 5243">
    <p class='ocr_par' dir='ltr' id='par_1_118' title="bbox 2315 5170 3892 5243">
     <span class='ocr_line' id='line_1_118' title="bbox 2315 5170 3892 5243; baseline -0.004 -12"><span class='ocrx_word' id='word_1_814' title='bbox 2315 5176 2543 5231; x_wconf 81' lang='lat' dir='ltr'><strong>Orientis</strong></span> <span class='ocrx_word' id='word_1_815' title='bbox 2574 5184 2710 5235; x_wconf 84' lang='lat' dir='ltr'><strong>erat.</strong></span> <span class='ocrx_word' id='word_1_816' title='bbox 2747 5191 2809 5228; x_wconf 89' lang='lat' dir='ltr'><strong>ac</strong></span> <span class='ocrx_word' id='word_1_817' title='bbox 2832 5190 2927 5243; x_wconf 88' lang='lat' dir='ltr'><strong>per</strong></span> <span class='ocrx_word' id='word_1_818' title='bbox 2948 5174 3123 5241; x_wconf 81' lang='lat' dir='ltr'><strong>ipsum</strong></span> <span class='ocrx_word' id='word_1_819' title='bbox 3171 5170 3399 5239; x_wconf 69' lang='lat' dir='ltr'><strong>(edi/icio</strong></span> <span class='ocrx_word' id='word_1_820' title='bbox 3424 5172 3635 5242; x_wconf 81' lang='lat' dir='ltr'><strong>publica</strong></span> <span class='ocrx_word' id='word_1_821' title='bbox 3678 5189 3892 5243; x_wconf 73' lang='lat' dir='ltr'><strong>repara-</strong></span> 
     </span>
    </p>
   </div>
   <div class='ocr_carea' id='block_1_119' title="bbox 2314 5242 3892 5301">
    <p class='ocr_par' dir='ltr' id='par_1_119' title="bbox 2314 5242 3892 5301">
     <span class='ocr_line' id='line_1_119' title="bbox 2314 5242 3892 5301; baseline -0.001 -2"><span class='ocrx_word' id='word_1_822' title='bbox 2314 5249 2510 5301; x_wconf 81' lang='lat' dir='ltr'><strong>bantur</strong></span> <span class='ocrx_word' id='word_1_823' title='bbox 2561 5262 2579 5300; x_wconf 90' lang='lat'><strong><em>:</em></strong></span> <span class='ocrx_word' id='word_1_824' title='bbox 2624 5247 2806 5299; x_wconf 78' lang='lat' dir='ltr'><strong>civitas</strong></span> <span class='ocrx_word' id='word_1_825' title='bbox 2836 5242 2839 5243; x_wconf 47' lang='grc'><strong><em>⁷</em></strong></span> <span class='ocrx_word' id='word_1_826' title='bbox 2867 5243 3005 5296; x_wconf 83' lang='lat' dir='ltr'><strong>enim</strong></span> <span class='ocrx_word' id='word_1_827' title='bbox 3054 5250 3211 5295; x_wconf 79' lang='lat' dir='ltr'><strong>terra:</strong></span> <span class='ocrx_word' id='word_1_828' title='bbox 3248 5251 3392 5294; x_wconf 79' lang='lat' dir='ltr'><strong>metu</strong></span> <span class='ocrx_word' id='word_1_829' title='bbox 3424 5243 3708 5297; x_wconf 82' lang='lat' dir='ltr'><strong>ceciderat.</strong></span> <span class='ocrx_word' id='word_1_830' title='bbox 3750 5242 3892 5297; x_wconf 83' lang='lat' dir='ltr'><strong>Idem</strong></span> 
     </span>
    </p>
   </div>
   <div class='ocr_carea' id='block_1_120' title="bbox 2314 5310 3837 5386">
    <p class='ocr_par' dir='ltr' id='par_1_120' title="bbox 2314 5310 3837 5386">
     <span class='ocr_line' id='line_1_120' title="bbox 2314 5310 3837 5386; baseline -0.004 -15"><span class='ocrx_word' id='word_1_831' title='bbox 2314 5332 2537 5386; x_wconf 91' lang='lat' dir='ltr'><strong>quoque</strong></span> <span class='ocrx_word' id='word_1_832' title='bbox 2569 5324 2807 5386; x_wconf 85' lang='lat' dir='ltr'><strong>testatur</strong></span> <span class='ocrx_word' id='word_1_833' title='bbox 2836 5312 3073 5386; x_wconf 87' lang='lat' dir='ltr'><strong>Photius</strong></span> <span class='ocrx_word' id='word_1_834' title='bbox 3098 5312 3153 5365; x_wconf 89' lang='lat' dir='ltr'><strong>in</strong></span> <span class='ocrx_word' id='word_1_835' title='bbox 3188 5310 3532 5386; x_wconf 58' lang='lat' dir='ltr'><strong>Bibliotheca,</strong></span> <span class='ocrx_word' id='word_1_836' title='bbox 3564 5310 3837 5386; x_wconf 30' lang='lat' dir='ltr'><strong>canam.</strong></span> 
     </span>
    </p>
   </div>
   <div class='ocr_carea' id='block_1_121' title="bbox 2388 5381 3891 5455">
    <p class='ocr_par' dir='ltr' id='par_1_121' title="bbox 2388 5381 3891 5455">
     <span class='ocr_line' id='line_1_121' title="bbox 2388 5381 3891 5455; baseline -0.004 -16"><span class='ocrx_word' id='word_1_837' title='bbox 2388 5381 2501 5455; x_wconf 66' lang='lat'><strong>(28)</strong></span> <span class='ocrx_word' id='word_1_838' title='bbox 2547 5388 2685 5441; x_wconf 81' lang='grc' dir='ltr'>Τότε</span> <span class='ocrx_word' id='word_1_839' title='bbox 2710 5384 2807 5438; x_wconf 83' lang='grc' dir='ltr'>καί</span> <span class='ocrx_word' id='word_1_840' title='bbox 2831 5384 3185 5455; x_wconf 64' lang='grc' dir='ltr'>Θεούσζολις.</span> <span class='ocrx_word' id='word_1_841' title='bbox 3213 5381 3430 5455; x_wconf 69' lang='lat' dir='ltr'><strong>Mallem</strong></span> <span class='ocrx_word' id='word_1_842' title='bbox 3466 5382 3891 5455; x_wconf 67' lang='lat' dir='ltr'><strong>legere_6:e_xa‘.</strong></span> 
     </span>
    </p>
   </div>
   <div class='ocr_carea' id='block_1_122' title="bbox 2315 5451 3892 5524">
    <p class='ocr_par' dir='ltr' id='par_1_122' title="bbox 2315 5451 3892 5524">
     <span class='ocr_line' id='line_1_122' title="bbox 2315 5451 3892 5524; baseline -0.001 -19"><span class='ocrx_word' id='word_1_843' title='bbox 2315 5451 2634 5519; x_wconf 66' lang='grc' dir='ltr'>θεούτιολις,</span> <span class='ocrx_word' id='word_1_844' title='bbox 2666 5452 3137 5524; x_wconf 88' lang='lat' dir='ltr'><strong>quemadmodum</strong></span> <span class='ocrx_word' id='word_1_845' title='bbox 3167 5452 3437 5524; x_wconf 76' lang='lat' dir='ltr'><strong>scribitur</strong></span> <span class='ocrx_word' id='word_1_846' title='bbox 3463 5453 3520 5504; x_wconf 90' lang='lat' dir='ltr'><strong>in</strong></span> <span class='ocrx_word' id='word_1_847' title='bbox 3552 5451 3749 5524; x_wconf 76' lang='lat' dir='ltr'><strong>codice</strong></span> <span class='ocrx_word' id='word_1_848' title='bbox 3776 5451 3892 5524; x_wconf 69' lang='lat' dir='ltr'><strong>Tel-</strong></span> 
     </span>
    </p>
   </div>
   <div class='ocr_carea' id='block_1_123' title="bbox 2315 5522 3890 5593">
    <p class='ocr_par' dir='ltr' id='par_1_123' title="bbox 2315 5522 3890 5593">
     <span class='ocr_line' id='line_1_123' title="bbox 2315 5522 3890 5593; baseline -0.003 -13"><span class='ocrx_word' id='word_1_849' title='bbox 2315 5525 2550 5590; x_wconf 89' lang='lat' dir='ltr'><strong>leriano,</strong></span> <span class='ocrx_word' id='word_1_850' title='bbox 2591 5534 2647 5580; x_wconf 89' lang='lat' dir='ltr'><strong>et</strong></span> <span class='ocrx_word' id='word_1_851' title='bbox 2680 5522 2733 5578; x_wconf 79' lang='lat' dir='ltr'><strong>in</strong></span> <span class='ocrx_word' id='word_1_852' title='bbox 2770 5523 3107 5593; x_wconf 88' lang='lat' dir='ltr'><strong>Nicephoro,</strong></span> <span class='ocrx_word' id='word_1_853' title='bbox 3139 5522 3232 5591; x_wconf 91' lang='lat' dir='ltr'><strong>qui</strong></span> <span class='ocrx_word' id='word_1_854' title='bbox 3266 5529 3536 5590; x_wconf 83' lang='lat' dir='ltr'><strong>regnante</strong></span> <span class='ocrx_word' id='word_1_855' title='bbox 3586 5522 3890 5577; x_wconf 79' lang='lat' dir='ltr'><strong>Justiniano</strong></span> 
     </span>
    </p>
   </div>
   <div class='ocr_carea' id='block_1_124' title="bbox 2066 5644 2452 5700">
    <p class='ocr_par' dir='ltr' id='par_1_124' title="bbox 2066 5644 2452 5700">
     <span class='ocr_line' id='line_1_124' title="bbox 2066 5644 2452 5700; baseline -0.005 -1"><span class='ocrx_word' id='word_1_856' title='bbox 2066 5645 2204 5700; x_wconf 73' lang='lat' dir='ltr'><strong>VAR</strong></span> <span class='ocrx_word' id='word_1_857' title='bbox 2217 5644 2375 5700; x_wconf 78' lang='lat' dir='ltr'><strong>lORU</strong></span> <span class='ocrx_word' id='word_1_858' title='bbox 2387 5644 2427 5697; x_wconf 62' lang='lat' dir='ltr'><strong>il</strong></span> <span class='ocrx_word' id='word_1_859' title='bbox 2439 5685 2452 5697; x_wconf 90' lang='lat'><strong>.</strong></span> 
     </span>
    </p>
   </div>
   <div class='ocr_carea' id='block_1_125' title="bbox 710 5736 2212 5807">
    <p class='ocr_par' dir='ltr' id='par_1_125' title="bbox 710 5736 2212 5807">
     <span class='ocr_line' id='line_1_125' title="bbox 710 5736 2212 5807; baseline 0.001 -17"><span class='ocrx_word' id='word_1_860' title='bbox 710 5738 793 5806; x_wconf 77' lang='grc' dir='ltr'>(ιι)</span> <span class='ocrx_word' id='word_1_861' title='bbox 839 5737 950 5791; x_wconf 80' lang='grc' dir='ltr'><strong>Τὸν</strong></span> <span class='ocrx_word' id='word_1_862' title='bbox 977 5737 1389 5793; x_wconf 74' lang='grc' dir='ltr'>ἁποστολικὸν</span> <span class='ocrx_word' id='word_1_863' title='bbox 1414 5739 1703 5807; x_wconf 75' lang='grc' dir='ltr'>λαγχάνει</span> <span class='ocrx_word' id='word_1_864' title='bbox 1734 5738 1972 5804; x_wconf 71' lang='grc' dir='ltr'>θρόνον.</span> <span class='ocrx_word' id='word_1_865' title='bbox 2024 5736 2212 5803; x_wconf 84' lang='lat' dir='ltr'><strong>Quan-</strong></span> 
     </span>
    </p>
   </div>
   <div class='ocr_carea' id='block_1_126' title="bbox 644 5808 2218 5881">
    <p class='ocr_par' dir='ltr' id='par_1_126' title="bbox 644 5808 2218 5881">
     <span class='ocr_line' id='line_1_126' title="bbox 644 5808 2218 5881; baseline 0 -19"><span class='ocrx_word' id='word_1_866' title='bbox 644 5823 808 5879; x_wconf 79' lang='lat' dir='ltr'><strong>quam</strong></span> <span class='ocrx_word' id='word_1_867' title='bbox 836 5809 1180 5878; x_wconf 77' lang='lat' dir='ltr'><strong>Euphrasius</strong></span> <span class='ocrx_word' id='word_1_868' title='bbox 1211 5811 1375 5881; x_wconf 85' lang='lat' dir='ltr'><strong>periit</strong></span> <span class='ocrx_word' id='word_1_869' title='bbox 1403 5820 1563 5864; x_wconf 69' lang='lat' dir='ltr'><strong>terrm</strong></span> <span class='ocrx_word' id='word_1_870' title='bbox 1595 5817 1745 5864; x_wconf 89' lang='lat' dir='ltr'><strong>motu</strong></span> <span class='ocrx_word' id='word_1_871' title='bbox 1784 5809 1910 5862; x_wconf 85' lang='lat' dir='ltr'><strong>anni</strong></span> <span class='ocrx_word' id='word_1_872' title='bbox 1963 5808 2063 5860; x_wconf 68' lang='lat'><strong>3‘26</strong></span> <span class='ocrx_word' id='word_1_873' title='bbox 2085 5845 2098 5871; x_wconf 93' lang='lat'><strong>,</strong></span> <span class='ocrx_word' id='word_1_874' title='bbox 2132 5822 2218 5862; x_wconf 86' lang='lat' dir='ltr'><strong>or-</strong></span> 
     </span>
    </p>
   </div>
   <div class='ocr_carea' id='block_1_127' title="bbox 2320 5730 3888 5803">
    <p class='ocr_par' dir='ltr' id='par_1_127' title="bbox 2320 5730 3888 5803">
     <span class='ocr_line' id='line_1_127' title="bbox 2320 5730 3888 5803; baseline 0.001 -15"><span class='ocrx_word' id='word_1_875' title='bbox 2320 5736 2531 5790; x_wconf 90' lang='lat' dir='ltr'><strong>dinatio</strong></span> <span class='ocrx_word' id='word_1_876' title='bbox 2563 5744 2743 5789; x_wconf 86' lang='lat' dir='ltr'><strong>tamen</strong></span> <span class='ocrx_word' id='word_1_877' title='bbox 2772 5732 3066 5802; x_wconf 64' lang='lat' dir='ltr'><strong>Ephrmmii</strong></span> <span class='ocrx_word' id='word_1_878' title='bbox 3095 5731 3149 5785; x_wconf 87' lang='lat' dir='ltr'><strong>in</strong></span> <span class='ocrx_word' id='word_1_879' title='bbox 3189 5730 3319 5786; x_wconf 86' lang='lat' dir='ltr'><strong>anni</strong></span> <span class='ocrx_word' id='word_1_880' title='bbox 3346 5733 3637 5803; x_wconf 87' lang='lat' dir='ltr'><strong>sequentis</strong></span> <span class='ocrx_word' id='word_1_881' title='bbox 3684 5732 3888 5789; x_wconf 85' lang='lat' dir='ltr'><strong>initium</strong></span> 
     </span>
    </p>
   </div>
   <div class='ocr_carea' id='block_1_128' title="bbox 2330 5803 3810 5874">
    <p class='ocr_par' dir='ltr' id='par_1_128' title="bbox 2330 5803 3810 5874">
     <span class='ocr_line' id='line_1_128' title="bbox 2330 5803 3810 5874; baseline -0.001 -14"><span class='ocrx_word' id='word_1_882' title='bbox 2330 5805 2660 5870; x_wconf 59' lang='lat' dir='ltr'><strong>differenda,</strong></span> <span class='ocrx_word' id='word_1_883' title='bbox 2702 5804 2880 5874; x_wconf 80' lang='lat' dir='ltr'><strong>inquit</strong></span> <span class='ocrx_word' id='word_1_884' title='bbox 2909 5812 3018 5857; x_wconf 82' lang='lat' dir='ltr'><strong>aut.</strong></span> <span class='ocrx_word' id='word_1_885' title='bbox 3049 5803 3198 5872; x_wconf 79' lang='lat' dir='ltr'><strong>Pagi,</strong></span> <span class='ocrx_word' id='word_1_886' title='bbox 3230 5803 3297 5860; x_wconf 83' lang='lat' dir='ltr'><strong>ad</strong></span> <span class='ocrx_word' id='word_1_887' title='bbox 3330 5819 3461 5857; x_wconf 86' lang='lat' dir='ltr'><strong>ann.</strong></span> <span class='ocrx_word' id='word_1_888' title='bbox 3490 5804 3617 5869; x_wconf 71' lang='lat'><strong>526,</strong></span> <span class='ocrx_word' id='word_1_889' title='bbox 3646 5820 3701 5859; x_wconf 91' lang='lat' dir='ltr'><strong>n.</strong></span> <span class='ocrx_word' id='word_1_890' title='bbox 3734 5804 3810 5859; x_wconf 67' lang='grc' dir='ltr'>ιι.</span> 
     </span>
    </p>
   </div>
  </div>
