4096 6456
194 352 326 417 97R

1109 371 1498 436 HISTORIA!
1534 377 2132 448 ECCLESIASTIC/E
2173 387 2406 447 LIBER
2447 390 2544 450 IV.

3335 397 3476 462 271‘

193 472 558 585 q.‘Av1t6‘xou.
587 483 1008 556 προσηγορεύθη
1047 489 1225 554 πόλις,
1261 494 1355 548 καὶ
1409 497 1580 568 ἄλλης
1623 517 1760 570 προ-

1868 514 2119 574 quassata
2150 515 2254 560 est.
2293 506 2413 572 Quo
2437 507 2663 576 quidem
2713 517 2964 580 tempore
3009 512 3310 585 Theopolis
3345 535 3472 574 mu-

180 565 324 628 νοὶας
357 567 494 636 πρὸς
524 570 618 623 τοῦ
651 571 921 641 βασιλέως
952 578 1213 648 τυχοῦσα.

797 778 1052 839 ΚΕΦΔΛ.
1077 785 1155 841 Z'.

797 783 978 834 ΚΕΦΔ
1035 823 1052 839 .
1120 785 1155 841 '.

215 860 349 930 Περὶ
379 862 625 933 Ζωσιμᾶ
652 868 749 921 καί
770 783 1056 928 Venire-2v
1077 785 1208 930 ἰῶν
1235 879 1729 954 θαυματωρπῦν.

242 975 389 1029 Ἀλλ’
423 978 548 1032 ἐπεὶ
580 978 692 1033 τῶν
712 980 760 1013 ⁸⁸
791 984 1100 1056 εἰρημένων
1116 989 1476 1063 ἐμνήσθημεν
1504 995 1768 1069 παθημά-

181 1084 300 1133 των,
330 1069 475 1160 ’φερε
498 1071 594 1124 καὶ
621 1071 784 1144 ἔτερα
806 1075 945 1160 ἀττα
960 1078 1069 1133 τῶν
1086 1081 1384 1151 ἀξιολόγων
1440 1087 1519 1158 τῷ
1543 1089 1772 1160 παρόντι

188 1158 512 1230 προσθῶμεν
576 1162 746 1232 πόνῳ,
788 1157 935 1239 ἅπερ
987 1170 1047 1234 ἐς
1088 1171 1238 1242 ἡμᾶς
1275 1177 1342 1229 ὲκ
1392 1157 1504 1233 τῶν
1549 1157 1771 1253 ἱστορη-

182 1255 386 1307 σάντων
417 1255 728 1326 ἐνήνεκται.
753 1261 1014 1331 Ζωσιμᾶς
1046 1266 1210 1336 ἀνὴρ,
1254 1270 1410 1336 γένος
1441 1273 1644 1339 Φοίνιξ,
1671 1277 1771 1346 τῆς

176 1346 478 1419 7εγομένης
528 1350 840 1419 παραλίας,
874 1353 1067 1425 κώμην
1125 1358 1319 1429 Σίνδην
1363 1365 1596 1434 πατρίδα
1633 1366 1769 1437 κλη-

177 1440 514 1509 ρωσάμενος,
581 1442 872 1513 διέχουσαν
913 1449 1013 1517 τῆς
1050 1449 1162 1502 τῶν
1209 1452 1426 1522 Τυρίων
1469 1454 1586 1509 οὕτι
1638 1473 1769 1511 στα-

179 1528 315 1592 δίου-ς
361 1537 429 1594 κ’,
457 1532 551 1585 τὸν
588 1536 800 1605 μονήρη
836 1537 1137 1594 διαθλεύων
1166 1541 1213 1575 ’⁸
1262 1543 1398 1614 βίον.
1430 1541 1598 1609 Οὗτος
1645 1551 1768 1613 ταῖς

178 1636 230 1670 τε
278 1622 503 1690 ἀφέξεσι
549 1625 645 1678 καὶ
683 1627 938 1694 μεθέξεσι
969 1631 1081 1684 τῶν
1111 1633 1352 1702 τροφῶν.
1387 1637 1482 1689 καὶ
1520 1640 1642 1702 ταῖς
1671 1639 1766 1692 ἄλ-

179 1712 289 1772 λαις
337 1715 566 1784 ἀρεταῖς
606 1715 701 1769 τοῦ
733 1717 872 1788 βίου,
903 1713 997 1772 τὸν
1027 1722 1160 1777 Θεὸν
1192 1726 1630 1798 ἐσοικισάμενος,
1689 1730 1767 1795 ὠς

1870 607 1984 652 tato
2027 600 2254 652 nomine
2296 601 2567 669 appellata
2595 610 2700 665 est,
2734 611 2786 656 et
2819 603 3119 673 imperator
3156 608 3309 662 omni
3340 625 3473 665 cura

1868 706 1934 746 ac
1965 691 2253 762 diligentia
2291 693 2342 747 ei
2374 695 2680 763 prospexit.

2398 802 2565 873 339
2611 803 2768 858 CAP.
2815 806 2931 862 vn.

1939 890 2018 947 De
2047 891 2263 948 Zosima
2293 902 2346 947 et
2363 894 2574 948 Joanne
2603 896 2695 964 qui
2735 897 3014 952 miraculis
3056 907 3394 956 claruerunt.

1940 1004 2050 1062 Sed
2087 1007 2350 1077 quoniam
2399 1008 2753 1076 superiorum
2804 1010 3178 1065 calamitatum
3228 1013 3469 1068 mentio-

1872 1112 1998 1154 nem
2045 1099 2299 1166 fecimus,
2334 1117 2484 1156 nunc
2532 1101 2637 1156 alia
2680 1102 2929 1171 quaedam
2963 1104 3117 1173 operi
3147 1113 3338 1159 nostro
3381 1113 3467 1159 at-

1871 1199 2142 1256 texamus,
2173 1203 2480 1248 memoratu
2529 1193 2582 1248 in
2634 1195 2834 1263 primis
2861 1195 3048 1265 digna,
3087 1212 3209 1265 quae
3252 1197 3321 1251 ab
3361 1197 3471 1252 illis

1872 1282 2009 1352 ipsis
2051 1285 2146 1354 qui
2178 1300 2242 1338 ea
2292 1285 2548 1340 viderant
2580 1287 2918 1355 accepimus.
2965 1287 3214 1342 Zosimas
3241 1289 3468 1357 quidem

1869 1377 1974 1432 fuit
2024 1378 2349 1442 monachus,
2394 1389 2551 1433 ortus
2597 1395 2665 1433 ex
2709 1380 2972 1434 Phoenice
3021 1396 3144 1449 qua:
3190 1381 3471 1434 maritima

1871 1468 2078 1522 dicitur
2105 1487 2117 1521 :
2148 1468 2387 1522 Patriam
2413 1469 2609 1522 habuit
2633 1452 2881 1534 Sindem,
2904 1471 3086 1525 vicum
3117 1471 3211 1540 qui
3238 1471 3307 1525 ab
3332 1471 3468 1525 urbe

1870 1558 2016 1631 Tyro
2058 1560 2251 1630 viginti
2303 1561 2418 1615 fere
2469 1561 2662 1616 stadiis
2709 1561 2898 1617 distat.
2949 1563 3000 1617 ls
3050 1572 3165 1617 tum
3215 1563 3469 1616 ciborum

1870 1653 2203 1708 abstinentia
2236 1662 2293 1708 et
2322 1669 2446 1717 usu,
2484 1662 2602 1708 tum
2647 1654 2770 1708 aliis
2804 1655 3126 1720 virtutibus,
3178 1656 3249 1710 ita
3293 1656 3468 1709 Deum

1869 1744 1975 1798 sibi
1999 1744 2418 1809 conciliaverat,
2449 1755 2512 1798 ut
2547 1761 2656 1799 non
2683 1746 2848 1800 modo
2867 1762 2929 1800 ea
2958 1762 3079 1816 qua
3102 1747 3283 1800 futura
3306 1755 3469 1800 erant

179 1804 245 1869 μὴ
268 1806 427 1912 μόείον
440 1805 622 1878 διορᾷν
634 1808 704 1861 τὰ
722 1811 1161 1878 μέλλοντα,ἀλλά
1177 1818 1271 1869 καὶ
1284 1819 1467 1895 πάσης
1488 1821 1763 1886 ἀπαθείας

1868 1836 2229 1906 ρηενίόετει.
2273 1852 2467 1892 verum
2514 1839 2681 1892 etiam
2722 1838 2792 1893 ab
2846 1839 2996 1893 omni
3046 1839 3468 1908 perturbatione

179 1894 329 1961 χάριν
355 1893 563 1958 λαϐεῖν,
581 1897 745 1964 συνῆν
769 1900 878 1952 τῶν
895 1919 1000 1955 τινι
1019 1905 1182 1975 ὲπισή
1194 1925 1309 1976 μων
1320 1893 1423 1962 ἀνὰ
1441 1910 1537 1981 τὴν
1555 1911 1764 1966 Καίσα-

177 2001 262 2051 ρος
291 1986 448 2074 πόλιν
473 1988 606 2059 (29),
631 1991 664 2060 ή
690 1993 819 2060 μιᾶς
837 1994 945 2047 τῶν
965 1996 1341 2052 Παλαιστίνων
1362 2002 1598 2070 ἡγεῖται·
1618 1999 1686 2074 ἦν
1709 2003 1766 2057 δὲ

176 2075 205 2124 5
212 2093 274 2145 ρα
291 2073 446 2143 οὗτος
462 2080 837 2151 Ἀρκεσίλαος,
853 2085 992 2158 ἀνὴρ
1010 2089 1344 2161 εὐπατρίδης
1358 2110 1416 2145 τε
1443 2093 1539 2145 καὶ
1561 2073 1763 2162 λόγιος,

176 2163 228 2217 εὖ
253 2185 307 2220 τε
326 2165 657 2241 ἀξιωμάτων
680 2176 777 2226 καὶ
806 2177 914 2230 τῶν
929 2177 1136 2230 λοιπῶν
1170 2179 1279 2232 τῶν
1306 2183 1652 2251 κοσμούντων
1669 2188 1767 2239 ἁν-

174 2256 292 2325 δρὸς
309 2259 422 2328 βίον
441 2259 791 2332 ἦκων.οὗτος
811 2267 1108 2339 όΖωσιμᾶς
1131 2274 1188 2323 ὲν
1211 2271 1287 2342 τῷ
1309 2276 1508 2345 ἀκαρεῖ
1531 2277 1628 2345 τῆς
1645 2277 1768 2328 Ἀνο

174 2350 346 2417 τιόχου
371 2352 635 2417 πτώσεως
659 2354 860 2424 ἀθρόον
891 2360 1324 2428 ἐπιστυγνάσας,
1365 2354 1767 2436 ὀλοφυρόμενός

175 2446 348 2502 τε,καὶ
369 2445 562 2514 μύχιόν
579 2448 912 2518 ἀνοιμώξας,
934 2452 1150 2522 δάκρυά
1170 2472 1228 2507 τε
1248 2455 1487 2511 τοσαῦτα
1511 2459 1763 2523 σπείσας,

175 2534 244 2598 ὡς
256 2536 348 2588 καὶ
370 2538 468 2608 τὴν
493 2539 599 2608 γῆν
621 2542 930 2614 ὲπιὸρέξαι,
951 2544 1317 2620 Θυμιατήριον
1333 2550 1657 2623 ἐξῃτήσατο,
1674 2553 1765 2606 καὶ

175 2627 347 2680 πάντα
375 2629 466 2682 τὸν
504 2631 681 2702 χῶρον
712 2635 769 2687 ἐν
798 2628 843 2703 ᾧ
875 2637 1336 2709 καθειστήκεισαν
1372 2643 1762 2713 ἐπιθυμιάσας,

175 2717 262 2770 ἰπὶ
285 2720 390 2789 γῆς
419 2724 614 2778 ἑαυτὸν
654 2725 858 2796 ῥίπτει,
897 2735 1233 2801 προσευχαῖς
1263 2751 1323 2786 τε
1357 2735 1451 2787 καὶ
1476 2736 1648 2801 λιταῖς
1675 2739 1764 2790 τὸν

175 2805 304 2860 Θεὸν
351 2811 684 2881 ίλεούμενος.
743 2812 879 2871 Εἶτα
926 2820 1338 2891 πυνθανομένου
1383 2823 1475 2877 τοῦ
1511 2825 1766 2894 Ἀρκεσι-

177 2900 322 2961 λάου.
363 2904 416 2956 τί
450 2905 559 2974 ἆρα
579 2907 642 2959 τὸ
681 2907 825 2962 οὕτω
855 2909 1192 2982 διαταράξαν
1225 2914 1334 2986 εῐη,
1366 2915 1666 2989 διαρρήδην
1689 2911 1764 2970 εῖ-

179 3011 263 3055 πε,
295 2995 393 3066 τὴν
424 2998 562 3069 ἠχὴν
589 3001 689 3070 τῆς
713 3003 989 3074 Ἀντιόχου
1033 3005 1298 3072 πτώσεως
1336 3009 1535 3062 αὐτίκα
1562 3011 1629 3064 τὰ
1651 3005 1766 3065 ὦτά

176 3078 222 3138 οἳ
265 3089 693 3161 περιϐομσῆσαι.
754 3094 918 3149 ’Ὥστε
961 3097 1054 3150 τὸν
1113 3100 1468 3170 Ἀρκεσίλαον
1512 3103 1609 3156 καὶ
1638 3104 1766 3166 τοὺς

1869 1930 2040 1984 animi
2075 1946 2174 2000 per
2202 1929 2301 1984 Dei
2334 1931 2566 2000 gratiam
2613 1932 2756 1985 liber
2789 1939 2956 1986 esset.
2987 1931 3125 1986 Cum
3161 1931 3327 2000 igitur
3364 1931 3466 1984 ali-

1868 2021 2091 2091 quando
2130 2011 2275 2075 esset
2319 2023 2375 2075 in
2420 2021 2557 2075 urbe
2588 2021 2836 2077 Caesarea
2864 2037 2986 2092 qua:
3030 2021 3354 2089 metropolis
3382 2029 3468 2074 est

1869 2112 2035 2166 unius
2064 2129 2094 2166 e
2129 2112 2309 2168 tribus
2356 2113 2685 2176 Palaestinis,
2724 2114 2778 2167 in
2819 2113 3033 2167 aedibus
3080 2112 3466 2182 spectatissimi

1868 2202 2153 2272 cujusdam
2199 2202 2308 2257 viri
2341 2220 2354 2255 :
2393 2202 2438 2255 is
2477 2212 2596 2257 erat
2629 2203 2966 2266 Arcesilaus,
3011 2202 3098 2255 vir
3160 2201 3366 2255 nobilis
3409 2208 3468 2255 et

1866 2292 2143 2358 eruditus,
2185 2293 2369 2363 quiet
2402 2294 2712 2348 honoribus
2755 2309 2895 2363 quos
2937 2303 3204 2364 gesserat,
3235 2301 3292 2346 et
3334 2293 3466 2346 reli-

1867 2385 1994 2453 quis
2034 2385 2163 2438 viue
2206 2385 2547 2440 ornamentis
2605 2388 2939 2454 conspicuus
3001 2386 3355 2441 habebatur:
3397 2400 3465 2437 eo

1869 2476 1988 2546 ipso
2023 2477 2286 2546 temporis
2333 2477 2567 2530 articulo
2612 2493 2723 2546 quo
2767 2477 3060 2531 Antiochia
3109 2487 3272 2532 teme
3313 2487 3465 2532 motu

1867 2570 2137 2625 subversa
2184 2580 2290 2631 est,
2345 2579 2573 2638 repente
2627 2580 2839 2624 mutato
2889 2574 3044 2625 vultu
3099 2573 3467 2643 ingemiscens

1868 2669 2032 2729 atque
2073 2659 2244 2713 altum
2275 2661 2582 2728 suspirans,
2622 2669 2830 2714 tantam
2860 2662 3224 2732 lacrymarum
3252 2663 3464 2732 c0piam

1865 2749 2084 2812 eﬂudit,
2119 2757 2179 2803 ut
2223 2750 2400 2802 solum
2447 2750 2840 2805 madefaceret.
2896 2751 3070 2806 Simul
3121 2752 3468 2807 thurihulum

1866 2837 2140 2904 poposcit,
2175 2851 2385 2904 perque
2415 2837 2739 2892 universum
2786 2839 2968 2894 locum
3001 2841 3056 2894 in
3091 2857 3201 2910 quo
3228 2843 3465 2905 stabant,

1867 2941 1992 2979 cum
2027 2925 2153 2979 thus
2187 2926 2540 2988 adolevisset,
2578 2930 2731 2983 humi
2763 2946 2822 2985 se
2853 2933 3174 3000 prostravit,
3211 2934 3468 3000 precibus

1866 3030 1930 3068 ac
1974 3015 2487 3084 supplicationibus
2531 3019 2704 3072 Deum
2758 3020 3102 3088 placaturus.
3151 3021 3468 3076 Sciscitauti

1869 3108 2070 3164 deinde
2099 3110 2403 3175 Arcesilao,
2442 3111 2707 3181 quidnam
2739 3125 2886 3169 esset
2918 3117 3066 3185 quod
3097 3117 3250 3171 illum
3284 3126 3465 3171 tanto-

178 3195 247 3229 πα
255 3183 618 3250 ρατετυχότας
635 3187 1126 3258 ἐκπεπληγμένους
1139 3191 1456 3262 ἀναγράψαι
1470 3193 1568 3264 τὴν
1584 3195 1755 3265 ὥραν,

1868 3214 1995 3270 pere
2070 3202 2492 3267 conturbasset,
2557 3204 2764 3260 diserte
2841 3183 3131 3277 respondit
3192 3209 3466 3278 fragorem

177 3270 347 3340 εὑρεῖν
377 3290 434 3326 τε
472 3276 527 3338 ἐς
560 3275 790 3348 ὕστερον
825 3279 999 3346 οὕτως
1031 3283 1107 3346 ὡς
1133 3286 1161 3337 ὁ
1191 3285 1447 3355 Ζωσιμᾶς
1473 3286 1761 3355 ἀπεφήνα-

177 3379 254 3418 το.
288 3365 385 3418 Διά
416 3366 610 3421 τούτου
647 3370 843 3424 πολλαί
869 3389 930 3424 τε
969 3375 1063 3427 καὶ⁵
1094 3374 1283 3446 ἕτεραι
1316 3376 1640 3449 θεοσημεῖαι
1666 3395 1762 3446 γε-

178 3454 412 3524 γόνασιν,
445 3453 522 3515 ὧν
553 3460 613 3514 τὸ
660 3461 867 3532 πλῆθος
911 3467 1129 3535 παρεὶς,
1159 3468 1282 3520 ἐπεὶ
1316 3470 1410 3523 καὶ
1457 3470 1764 3541 κρείττ>νος

1870 3292 2084 3346 ruentis
2132 3293 2442 3349 Antiochia:
2479 3296 2707 3353 auribus
2747 3299 2864 3354 suis
2908 3301 3076 3354 modo
3129 3301 3465 3356 insenuisse.

1869 3384 2022 3439 Adeo
2059 3394 2121 3439 ut
2151 3385 2468 3442 Arcesilaus
2512 3397 2569 3442 ct
2613 3390 2708 3458 qui
2759 3400 2877 3446 tum
2926 3393 3194 3456 aderant,
3241 3401 3466 3462 stupore

1870 3474 2138 3545 perculsi,
2161 3476 2354 3532 horam
2383 3477 2794 3548 adnotaverint,
2827 3494 3132 3555 posteaque
3155 3484 3466 3559 deprehen-

1458 3614 1693 3671 VARIAE
1726 3616 2139 3676 LECTIONES.

249 3698 291 3727 "
311 3695 372 3752 C.
405 3696 469 3753 C.
500 3700 718 3773 ἐπειδή.
799 3703 845 3735 ⁸ο
862 3703 1334 3778 διαθριαμὸεύων.

1380 3825 1651 3883 VALESII
1686 3830 2250 3890 ANNOTATIONES.

183 3915 232 3970 id
259 3923 686 3984 cognomentum
716 3915 1030 3975 Antiochize
1085 3921 1329 3977 inditum
1369 3939 1492 3980 esse
1547 3926 1765 3981 scribit.

183 3985 325 4065 idem
352 3986 519 4065 etiam
547 3994 783 4065 testatur
809 3989 1151 4065 _Steph_anu_s
1202 3993 1501 4065 Byzantius
1536 3995 1593 4050 in
1632 4012 1768 4052 voce

181 4055 490 4137 Θεούπολις,
520 4064 576 4109 et
610 4055 982 4127 Theophanes
1009 4055 1377 4137 iacui-anim,
1407 4063 1652 4137 Contigit
1677 4068 1770 4123 hic

183 4125 452 4197 posterior
478 4135 640 4181 terra:
677 4125 860 4183 motus
916 4132 1124 4187 mensis
1143 4133 1476 4191 Novembris
1498 4125 1602 4191 die”
1617 4153 1768 4193 nono

183 4215 242 4252 ac
263 4197 548 4277 vicesimo,
589 4198 895 4255 indictione
917 4203 1174 4277 septima,
1215 4206 1444 4277 biennio
1468 4216 1592 4276 post
1616 4209 1770 4277 prio-

186 4285 295 4350 rem
323 4276 484 4322 terra:
517 4277 837 4350 motuui._nt
865 4273 1060 4326 scribit
1124 4274 1271 4350 idem
1310 4273 1582 4350 _The_oph.
1616 4273 1764 4350 _pag.

187 4341 303 4418 ﬁl.
335 4354 432 4392 seu
459 4339 649 4406 potius
693 4341 919 4409 triginta
964 4345 1251 4418 mensibus
1276 4339 1542 4418 elapsis'a
1573 4339 1765 4418 prioFe

187 4411 275 4488 illo
328 4419 487 4463 terra:
523 4420 701 4468 motu.
751 4420 812 4464 ut
864 4422 1016 4467 recte
1071 4415 1267 4488 scribit
1323 4411 1611 4488 Evagrius.
1663 4420 1767 4475 Tot

185 4483 327 4534 enim
365 4489 740 4554 tinmerantnr
775 4497 993 4554 menses
1060 4501 1089 4539 a
1133 4486 1222 4540 die
1266 4489 1336 4542 ‘29
1371 4483 1576 4544 mensis
1614 4489 1761 4554 Maii,

189 4567 326 4623 anno
369 4549 603 4623 Christi
640 4551 764 4613 525,
795 4552 864 4604 ad
928 4555 1073 4609 diem
1108 4556 1178 4611 ‘29
1234 4558 1582 4623 Novembris,
1631 4546 1760 4616 anni
1799 4546 1840 4601 [δ

186 4621 383 4699 ριπὶδιί
570 4619 692 4685 Quo
723 4623 946 4690 quidem
996 4642 1143 4699 anno
1198 4627 1432 4684 indictio
1466 4619 1700 4699 septima
1731 4649 1761 4687 a

189 4691 493 4770 Septembri
546 4707 743 4770 mense
776 4698 1056 4770 numerari
1084 4707 1353 4770 coeperat.
1412 4700 1489 4753 Ex
1519 4691 1629 4769 quo
1661 4718 1761 4770 ap-

191 4773 337 4838 paret
365 4760 716 4838 verissimum
743 4778 864 4818 esse
902 4765 954 4818 id
981 4767 1126 4835 quod
1156 4760 1415 4838 superius
1441 4760 1759 4836 obs-erravi,

191 4834 424 4897 priorem
485 4831 642 4885 illum
691 4841 855 4888 terrm
889 4831 1100 4890 motum
1140 4831 1452 4895 Antiochia:
1491 4831 1760 4898 accidisse

190 4917 326 4954 anno
347 4901 556 4957 Christi
585 4903 708 4964 526,
744 4919 854 4957 non
894 4915 1099 4972 autem,
1153 4919 1214 4962 ut
1249 4911 1520 4964 Baronius
1567 4913 1761 4966 existi-

192 4973 370 5032 mavit,
402 4972 529 5026 525.
568 4973 942 5028 Posteriorem
972 4985 1154 5035 tamen
1185 4988 1347 5034 terra:
1377 4990 1584 5034 motum
1612 4992 1760 5038 recte

191 5040 450 5120 Baronius
507 5043 702 5120 retulit
769 5060 912 5120 anno
938 5045 1142 5120 Christi
1199 5051 1323 5112 5:28,
1382 5052 1526 5120 quod
1565 5069 1758 5107 verum

189 5121 286 5164 est.
322 5113 453 5166 Nam
479 5128 608 5166 cum
638 5112 854 5190 Evagrii
877 5118 1120 5190 calculos
1148 5112 1436 5190 sequatur,
1465 5138 1592 5176 eum
1648 5132 1760 5177 ter-

189 5192 479 5262 rai-motum
503 5199 656 5238 anno
678 5185 782 5239 527
835 5186 1041 5262 referre
1073 5185 1364 5262 debuerat
1405 5185 1428 5245 :7
1480 5194 1757 5262 siquidem

190 5253 334 5372 Brion
357 5253 449 5334 ille
472 5262 636 5335 terrae
668 5266 852 5335 motus
873 5259 1200 5326 Antiocbim,
1231 5277 1378 5316 anno
1399 5262 1502 5317 59.5
1551 5253 1758 5320 natalis

233 5335 453 5372 omnmc:
489 5333 834 5372 contigisset.

233 5323 453 5394 ominici
489 5325 834 5394 contigisset.

257 5391 362 5472 Q9)
413 5394 560 5472 Idne
609 5391 747 5472 fcrt
769 5397 1084 5464 ἐπισήμων
1146 5402 1262 5454 ἀνὰ
1307 5401 1420 5469 τὴν
1454 5406 1758 5472 Καίσαρος

189 5461 697 5537 πόλιῃ-Μυςουιυς
735 5467 834 5521 has
885 5461 1195 5537 postremas
1246 5461 1410 5526 voces
1469 5461 1662 5529 retulit
1686 5461 1754 5530 ad

192 5534 512 5614 vocabulum
538 5537 855 5614 ἐπισήμων.
888 5534 981 5614 Sic
1030 5541 1179 5593 enim
1214 5544 1416 5597 vertit:
1475 5545 1574 5598 llic
1623 5547 1756 5614 jun-

191 5606 297 5652 ctus
319 5613 433 5655 erat
462 5603 623 5658 nobili
674 5607 887 5661 cuidam
942 5609 1276 5666 Cresariensi.
1326 5615 1502 5668 Aliter
1573 5603 1756 5673 tamen

196 5682 301 5724 tum:
335 5675 497 5754 verba
549 5679 860 5754 construxit
885 5679 1230 5754 Nicephorius
1263 5692 1319 5736 et
1363 5685 1756 5754 Christophor-

192 5752 375 5824 nntius,
401 5751 455 5797 ct
488 5761 550 5800 ca
579 5747 770 5824 retulit
791 5749 855 5800 all
887 5747 1116 5824 verbum
1150 5757 1335 5821 συνῆν,
1379 5758 1522 5822 quod
1553 5747 1754 5824 prmus-

197 5809 288 5864 dit.
319 5813 490 5880 Quam
514 5816 738 5885 quidem
765 5823 1098 5875 sententiam
1129 5809 1299 5893 magis
1326 5809 1526 5893 prbho.
1553 5809 1749 5882 Illuhi-

1876 3929 2146 4005 tationem
2169 3940 2351 4005 tamen
2385 3930 2549 4005 aﬂ‘ert
2570 3930 2626 3986 id
2657 3930 2806 4005 quod
2835 3933 3091 4002 sequitur
3115 3932 3171 3988 in
3201 3933 3463 4005 Evagrio,

1873 3998 2508 4073 Zosiiiiam‘scilicetgah
2539 3998 2858 4058 astantibus
2915 3998 3235 4073 postulasse
3290 3998 3469 4061 thuriL

1876 4068 2092 4123 bulum.
2126 4069 2264 4124 Nam
2319 4073 2366 4126 si
2394 4071 2645 4127 Zosimas
2693 4081 2816 4128 erat
2883 4068 2937 4127 in
2981 4074 3148 4128 domo
3197 4075 3466 4135 Arcesilai

1872 4139 2021 4214 laici,
2059 4141 2340 4214 quomodo
2360 4143 2723 4214 ithuribulum
2745 4143 2876 4214 illic
2910 4146 3218 4214 quaerebat,
3255 4161 3380 4200 cum
3409 4149 3468 4203 in

1872 4209 2040 4285 domo
2071 4209 2197 4266 laici
2232 4213 2403 4266 moris
2426 4229 2536 4267 non
2569 4214 2640 4268 sit
2669 4213 2876 4268 habere
2902 4209 3188 4269 thuribula
3211 4220 3232 4269 ζ’
3253 4214 3470 4285 [Scien-

1875 4281 2004 4335 dum
2041 4290 2226 4336 tamen
2253 4291 2338 4337 est
2381 4285 2553 4338 moris
2580 4284 2738 4337 illum
2774 4285 2945 4339 fuisse
2979 4297 3037 4340 ut
3065 4281 3370 4341 Christiani
3409 4290 3464 4343 in

1876 4353 2111 4420 privatis
2145 4353 2360 4408 aedibus
2388 4354 2677 4408 incensum
2705 4355 2998 4418 haberent,
3039 4369 3096 4410 et
3153 4367 3281 4410 ante
3333 4375 3466 4412 ora-

1876 4423 2082 4478 tionem
2139 4424 2552 4494 thurilicatione
2603 4434 2931 4490 uterentur;
2997 4428 3466 4494 quemadmodum

1876 4493 2405 4568 obscrvathannes
2435 4495 2606 4560 Bona,
2635 4497 2805 4549 inlih.
2848 4513 2882 4550 ιι
2935 4493 3132 4550 Rerum
3183 4499 3467 4568 liturgica-

1874 4580 2012 4626 rum,
2042 4565 2254 4636 cap.9,
2284 4565 2448 4636 nullo
2482 4577 2663 4619 tamen
2691 4568 2812 4635 ejus
2852 4568 2928 4620 rei
2957 4570 3172 4636 prolato
3206 4565 3465 4623 testimo-

1866 4636 1981 4687 nio.
2039 4635 2112 4687 De
2171 4635 2326 4688 laicis
2376 4637 2429 4688 in
2485 4637 2718 4689 ecclesia
2776 4641 2906 4691 thus
2933 4635 3292 4691 all-olentibus
3334 4650 3465 4695 ante

1866 4704 2178 4776 orationem
2205 4705 2466 4760 locusest
2494 4707 2728 4776 insignis
2767 4707 2908 4760 infra
2941 4709 2996 4760 in
3041 4709 3138 4762 lib.
3167 4726 3219 4772 ν,
3267 4710 3360 4764 ubi
3393 4712 3462 4765 de

1867 4775 2039 4852 signis
2075 4775 2295 4852 imperii
2323 4793 2445 4852 qua:
2486 4775 2776 4852 .‘ilatti‘icio
2805 4779 3181 4852 contigerunt.
3224 4780 3462 4852 Chorip-

1864 4860 1969 4913 pus
1995 4847 2045 4897 in
2075 4846 2171 4898 lib.
2201 4862 2236 4898 ll
2266 4847 2341 4897 lle
2368 4847 2611 4900 laudibus
2636 4847 2838 4901 Justini
2889 4846 3147 4903 minoris:

2009 4937 2161 5012 llicet
2185 4939 2410 5012 angelici
2434 4956 2654 5012 pergens
2673 4941 2743 4992 ad
2773 4940 2961 4994 limina
3005 4943 3210 5012 templi,

2001 5008 2268 5134 (Igpqsuit
2301 5011 2390 5080 pia
2415 5012 2572 5064 thura
2598 5011 2745 5079 focis,
2779 5028 3032 5082 cerasque
3071 5008 3328 5066 micantes

2082 5087 2135 5131 tu
2166 5081 2225 5133 it.
2259 5120 2272 5133 .

2082 5081 2225 5133 tulit.
2259 5120 2272 5133 .

1863 5197 1920 5250 In
1947 5197 2063 5250 Vita
2095 5197 2380 5267 Pup/mutii
2409 5198 2612 5252 abbatis
2644 5214 2765 5268 qua:
2795 5209 2975 5255 exstat
3008 5200 3156 5255 inter
3180 5201 3324 5255 Vitas
3352 5201 3462 5256 Pa-

1863 5277 2025 5330 trum,
2057 5284 2183 5338 pag.
2239 5269 2360 5328 105.
2402 5269 2728 5338 Onuphrius
2776 5271 2951 5325 abbas
3003 5272 3122 5325 hmc
3164 5275 3457 5327 mandasse

1861 5338 2070 5391 dicitur
2098 5339 2413 5406 Paphuutio
2441 5356 2453 5390 :
2493 5339 2547 5393 Si
2586 5343 2701 5409 quis
2728 5358 2821 5393 nec
2853 5341 3176 5394 oblationem
3201 5360 3293 5394 nec
3320 5344 3461 5396 elee-

1862 5426 2138 5478 mosgnunt
2161 5420 2330 5479 potest
2361 5411 2568 5479 oﬁerre,
2597 5427 2692 5479 pro
2723 5413 2987 5464 charitate
3041 5429 3156 5466 mea
3185 5415 3459 5467 incensum

1860 5479 2088 5531 Domino
2118 5479 2223 5532 Deo
2261 5491 2440 5533 nostro
2491 5483 2544 5533 in
2585 5483 2800 5534 adorent
2847 5486 3131 5536 suavitatis
3179 5485 3454 5536 detrudat.

1860 5550 2124 5623 Et‘paulo
2151 5560 2315 5623 post:
2359 5549 2415 5604 Si
2449 5553 2721 5623 incensum
2753 5569 2844 5604 nec
2878 5555 2993 5623 quis
3023 5555 3198 5614 habet,
3249 5570 3338 5605 nec
3369 5555 3456 5619 {a—

1860 5620 2070 5672 cultutis
2100 5620 2309 5693 aliquid
2373 5622 2510 5673 unde
2570 5623 2738 5674 Deum
2786 5620 3003 5691 placare
3047 5633 3239 5692 potest,
3269 5634 3456 5693 surgat

1861 5693 1929 5741 ml
1961 5689 2370 5751 immolandum.
2399 5703 2446 5741 et
2473 5710 2659 5744 manus
2678 5689 2804 5745 suas
2857 5695 2925 5745 ad
2954 5689 3238 5745 Dominum
3267 5689 3453 5746 (τα-[ἑνι-

1859 5761 1971 5821 (lat,
2008 5771 2087 5811 (cr
2126 5762 2452 5814 llominicam
2481 5761 2789 5832 Orationem
2835 5782 2928 5832 pro
2979 5781 3057 5815 mc
3089 5782 3205 5817 cum
3249 5767 3452 5818 intmla

1863 5841 2031 5882 mcnlc
2063 5839 2109 5882 ct
2139 5832 2190 5882 in
2223 5833 2434 5884 nomine
2468 5831 2522 5884 S.
2569 5831 2840 5888 Trinitatis
2885 5834 3134 5903 psallat]
