4096 6476
223 370 369 434 2717

1187 375 1592 437 HISTORIA}
1613 377 2213 440 ECCI.ESIASTIC/E
2240 380 2474 442 LIBER
2514 385 2615 444 ιν.

3380 385 3527 449 2718

224 487 400 554 κορὴς
449 483 481 536 6
523 481 664 536 λέων
695 482 762 536 ἐκ
797 484 896 554 τῆς
928 483 1110 554 θοίνης
1137 483 1232 538 τοῦ
1268 485 1407 549 ζώου
1435 488 1657 554 γέγονε·
1689 487 1825 556 προς

1927 485 2258 542 Chuzibitm.
2299 487 2469 558 quue
2519 489 2592 543 ita
2645 489 2850 550 evenit,
2903 490 3173 544 ambobus
3223 489 3342 553 illis
3361 491 3523 561 iustis

222 577 287 629 ὃν
307 573 642 641 ἐπιγελάσας
665 577 695 628 6
727 577 985 644 Ζωσιμᾶς
1011 591 1199 646 φησιν,
1224 576 1360 629 ἀλλὰ
1380 577 1508 646 γὰρ,
1544 570 1589 628 ὦ
1614 579 1820 646 ἑταῖρε,

222 665 296 718 τὰ
328 666 431 735 τῆς
450 665 678 736 πορείας
699 665 824 732 ἐμοὶ
841 663 1220 727 διακέκοπται,
1237 665 1445 735 πάχητί
1471 682 1531 718 τε
1558 665 1822 735 ὅντιβὶ),

222 758 426 829 πόρρω
457 774 517 810 τε
552 757 648 827 τῆς
683 756 903 826 ἡλικίας
939 757 1250 827 ἀφιγμένῳ,
1303 759 1395 812 καὶ
1429 757 1505 829 μὴ
1538 754 1824 830 δυναμένῳ

223 853 566 920 νωτοφορεῖν
598 839 668 902 τὰ
696 851 792 904 ἐπὶ
819 849 916 903 τοῦ
942 849 1065 904 ὄνου
1107 849 1442 918 σεσαγμένα.
1472 850 1824 922 Ἀχθοφορεῖν

226 938 325 994 οὖν
354 943 572 1009 ἀνάγκη
609 957 668 994 σε
693 941 842 1010 παρᾶ
879 941 970 994 τὸν
1011 941 1214 1011 θεσμὸν
1251 944 1351 1012 τῆς
1380 941 1622 1012 φύσεως,
1664 943 1824 1013 εἰπερ

223 1031 440 1094 ἐθέλεις
463 1030 574 1083 τῶν
609 1030 884 1096 ἐντεῦθεν,
927 1031 1017 1083 τὸν
1056 1033 1316 1100 Ζωσιμᾶν
1359 1032 1840 1095 ἀπαλλάττεσθαι,

227 1126 330 1178 καὶ
361 1123 554 1192 θηρίον
589 1120 751 1186 αὖθις
791 1118 955 1178 εἶναι.
997 1120 1055 1176 Ὀ
1085 1123 1164 1189 δὲ,
1204 1122 1300 1176 τοῦ
1346 1123 1532 1193 θυμοιῖ
1565 1123 1824 1189 καθάπαξ

221 1213 682 1283 ἐπιλελησμένος,
726 1213 1014 1278 ὑπέσαινε,
1059 1215 1154 1266 xa’t
1198 1213 1275 1284 τῷ
1308 1216 1536 1286 Ζωσιμᾷ
1564 1215 1640 1278 ὡς
1671 1216 1826 1286 ἐτρε-

221 1323 286 1376 χε
321 1307 441 1372 (35)
465 1306 657 1376 πράως
707 1306 892 1370 εὐθὺς,
928 1307 1024 1360 καὶ
1052 1306 1140 1359 διὰ
1167 1307 1262 1360 τοῦ
1296 1308 1579 1376 σχήματος
1609 1309 1738 1363 ἐϐόα
1763 1309 1825 1362 τὸ

220 1392 604 1468 ﬂuentova
627 1398 872 1468 περιθεὶς
895 1400 924 1451 6
944 1400 1201 1468 Ζωσιμᾶς
1227 1398 1322 1452 τοῦ
1341 1399 1464 1453 ὕνου
1493 1400 1554 1452 τὸ
1581 1401 1821 1472 φορτίον,

223 1489 393 1560 μέχρι
423 1489 534 1543 τῶν
576 1489 760 1543 πυλῶν
798 1488 900 1558 τῆς
924 1490 1204 1560 Καίσαρος
1244 1491 1445 1561 ἡγαγε,
1485 1491 1702 1555 δεικνὺς
1727 1490 1822 1544 τοῦ

218 1580 362 1635 Θεοῦ
395 1582 495 1649 τὴν
541 1581 798 1651 δύναμιν,
850 1581 948 1634 καὶ
989 1581 1066 1644 ὡς
1094 1582 1311 1635 ἅπαντα
1353 1585 1467 1646 τοῖς
1513 1581 1823 1654 ἀνθρώποις

215 1671 387 1724 δοῦλά
420 1688 480 1723 τε
511 1670 607 1724 καὶ
650 1671 929 1741 πειθήνια,
957 1669 1035 1724 ὅτ’
1062 1670 1128 1724 ἂν
1159 1669 1308 1740 αὐτῷ
1343 1669 1550 1738 ζῶμεν,
1595 1669 1690 1722 καὶ
1722 1669 1822 1739 τὴν

216 1760 520 1830 δεδομένην
538 1761 672 1830 ἡμῖν
688 1761 850 1831 χάριν
869 1761 932 1813 οὐ
954 1759 1458 1829 παραχαράττομεν
1474 1774 1488 1788 ⁸
1506 1759 1620 1812 ἀλλ’
1635 1759 1722 1813 ἵνα
1747 1759 1821 1831 μὴ

1927 577 2099 636 simul
2145 577 2470 632 miraculum
2529 580 3001 649 perpetrantibus.
3068 579 3218 635 ldem
3277 580 3527 636 Zosimas

1925 681 2051 720 cum
2097 667 2395 738 aliquando
2429 671 2884 740 protlcisceretur
2925 670 3259 734 Catsaream,
3291 673 3525 726 asellum

1929 758 2156 814 trahens
2209 759 2296 814 cui
2349 775 2440 815 res
2491 761 2758 830 quasdam
2809 761 2914 816 sibi
2966 762 3310 817 necessarias
3345 764 3545 832 impo—‘

1925 861 2134 916 suerat,
2165 854 2380 908 leonem
2419 853 2645 908 obvium
2693 854 2949 917 offendit,
2980 854 3073 923 qui
3125 854 3180 908 in
3231 853 3412 922 ipsum
3444 855 3525 906 ir-

1926 959 2116 1009 ruens,
2151 954 2308 1016 rapto
2337 947 2529 1010 asello,
2562 947 2817 1016 protinus
2847 946 3138 1001 abscessit.
3165 945 3338 1011 Quem
3367 945 3525 1000 Zosi-

1925 1052 2042 1092 mas
2089 1054 2187 1108 per
2234 1038 2428 1092 silvam
2478 1037 2764 1094 insecutus
2815 1047 2932 1102 cst,
2981 1038 3162 1107 quoad
3217 1053 3392 1106 usque
3437 1036 3526 1091 leo

1923 1127 2078 1181 aselli
2101 1126 2363 1182 carnibus
2389 1136 2670 1182 saturatus
2694 1127 2908 1182 fuisset.
2938 1126 3076 1180 Tum
3104 1126 3354 1180 Zosimas
3378 1125 3524 1180 leoni

1925 1218 2217 1273 arridens:
2245 1219 2334 1282 At,
2365 1234 2398 1272 o
2433 1218 2629 1283 amice,
2662 1218 2865 1287 inquit,
2900 1218 3012 1288 jam
3057 1219 3162 1272 iter
3194 1216 3328 1270 mihi
3372 1217 3527 1286 peni-

1927 1315 2016 1361 tus
2050 1307 2412 1362 intcrclusum
2461 1318 2566 1370 est,
2610 1308 2815 1378 quippe
2849 1307 2945 1378 qui
2981 1315 3036 1360 et
3080 1321 3228 1376 aegro
3257 1306 3361 1360 sim
3402 1321 3522 1358 cor-

1924 1412 2080 1468 pore,
2113 1408 2168 1453 et
2201 1409 2458 1468 provecta
2496 1401 2608 1469 jam
2650 1409 2842 1465 aetate;
2877 1415 2982 1454 nec
3009 1415 3151 1452 onus
3177 1397 3325 1468 quod
3355 1395 3527 1450 asello

1924 1498 2044 1544 erat
2084 1489 2400 1559 impositum
2424 1531 2438 1554 ,
2485 1490 2603 1560 ipse
2633 1489 2791 1560 391
2830 1488 3081 1542 humeris
3128 1494 3350 1556 portare
3399 1497 3528 1552 pos-

1925 1579 2051 1634 sim.
2109 1580 2347 1636 Proinde
2417 1580 2464 1636 si
2509 1580 2784 1635 Zosimam
2843 1580 2976 1634 hinc
3041 1577 3343 1634 abscedere
3403 1577 3524 1640 vis,

1923 1669 2196 1724 sarcinam
2239 1668 2433 1724 contra
2483 1678 2694 1724 natura:
2731 1681 2838 1723 tuae
2870 1665 3336 1723 consuetudinem
3383 1663 3527 1718 feras

1924 1775 2152 1814 necesse
2183 1767 2290 1826 est,
2322 1760 2390 1815 ad
2418 1762 2696 1830 prepriam
2730 1758 3009 1813 feritatem
3049 1769 3236 1827 postea
3267 1769 3526 1810 reversu-

219 1851 338 1911 τοῖς
368 1848 582 1900 πλείοσι
607 1847 703 1918 τὴν
741 1848 988 1918 ἱστορίαν
1012 1845 1506 1918 παραμηκύνωμεν
1525 1885 1539 1908 ,
1565 1845 1822 1910 ἐπάνειμι

1927 1867 2042 1905 rus.
2079 1851 2176 1906 His
2211 1847 2396 1916 dictis,
2427 1852 2535 1916 leo,
2569 1860 2830 1920 tanquam
2860 1850 3066 1905 furoris
3110 1849 3335 1920 penitus
3376 1845 3526 1900 obli-

216 1941 346 1994 δθεν
370 1941 470 2010 τὴν
493 1940 722 2012 ἐκϐολὴν
743 1940 1108 2011 ἐποιησάμην.

1930 1948 2041 2003 tus,
2073 1940 2306 1996 Zosimaa
2336 1940 2576 1995 blandiri
2607 1941 2797 2009 caepit,
2825 1950 2882 1994 et
2919 1939 2988 1993 ad
3022 1953 3148 1993 eum
3175 1936 3358 1992 statim
3388 1933 3528 1988 leni-

219 2045 311 2088 ter
345 2050 664 2098 accurrens,
726 2033 848 2104 ipso
909 2043 1066 2104 gestu
1134 2033 1466 2103 obsequium
1502 2048 1664 2088 suum
1710 2031 2078 2102 significabat.
2129 2033 2378 2089 Zosimas
2429 2033 2620 2104 igitur,
2676 2049 2802 2088 cum
2852 2032 3006 2086 aseili
3056 2031 3330 2086 sarcinam
3375 2026 3524 2082 leoni

219 2126 602 2196 imposuisset.
637 2126 706 2180 ad
740 2135 929 2196 portas
969 2141 1146 2196 usque
1196 2125 1359 2181 urbis"
1381 2124 1644 2181 Caesareae
1690 2140 1817 2180 eum
1857 2125 2038 2188 duxit,
2066 2127 2368 2182 ostendens
2397 2127 2504 2182 hoc
2528 2125 2695 2191 facto,
2724 2133 2929 2196 quanta
2957 2126 3029 2179 sit
3091 2124 3187 2178 Dei
3252 2121 3522 2193 potentia,

214 2227 278 2275 et
311 2218 554 2288 qualiter
582 2217 770 2272 omnia
822 2215 1159 2270 famulantur
1188 2224 1356 2285 atque
1405 2214 1675 2269 obediunt
1719 2213 2041 2270 hominibus
2067 2217 2163 2285 qui
2230 2216 2345 2270 Deo
2382 2214 2599 2279 vivunt,
2648 2230 2752 2268 nec
2811 2212 3072 2268 donatam
3141 2209 3245 2267 sibi
3285 2212 3520 2282 gratiam

215 2323 616 2384 corruperunt.
652 2314 857 2370 Verum
896 2329 986 2380 ne,
1023 2314 1070 2368 si
1097 2313 1257 2384 plura
1321 2327 1855 2380 commemoravero,
1889 2313 2124 2370 historia
2189 2313 2458 2386 prolixior
2500 2314 2794 2378 eﬂiciatur,
2843 2329 2911 2369 eo
2950 2321 3201 2368 revertar
3245 2312 3389 2367 uiide
3437 2310 3523 2366 ili-

215 2421 448 2482 gressus
477 2422 622 2463 sum.

843 2523 1096 2577 ΚΕΦΑΛ.
1140 2524 1225 2576 H'.

565 2615 705 2685 Περὶ
736 2614 1074 2670 καθολικῶν
1104 2613 1488 2684 παθημάτων.

295 2729 392 2790 Ἐς
420 2726 815 2782 ἐτιἸουστίνου
847 2727 946 2797 τὴν
966 2728 1347 2798 αὐτοκράτορα
1375 2727 1706 2792 διιθύνοντος
1732 2729 1830 2797 ἀρ·

217 2822 350 2893 χὴν,
381 2829 441 2874 το
493 2819 590 2873 νῦν
637 2819 736 2889 μέθ
783 2819 1110 2890 Δυρρἁιον,
1141 2819 1471 2888 Ἐπίδαμνος
1524 2820 1581 2873 δέ
1634 2819 1827 2885 πάλαι,

223 2912 501 2967 πέπονθεν
527 2912 633 2964 ὑπὸ
661 2912 854 2964 κλόνου
876 2910 974 2980 τῆς
1006 2912 1132 2980 γῆς.
1177 2911 1454 2976 Ὡσαύτως
1487 2913 1543 2964 δὲ
1585 2914 1679 2965 καὶ
1709 2913 1822 2965 Κό-

223 3006 410 3076 ρινθος
431 3005 520 3057 ἐπὶ
547 3005 643 3074 τῆς
675 3003 926 3065 Ἐλλίδος
947 3003 1203 3072 κειμένη,
1224 2999 1343 3056 εἶτα
1366 3006 1460 3056 καὶ
1484 3003 1823 3074 Ἀνάζαρϐος

215 3099 282 3150 τὸ
313 3097 576 3165 τέταρτον
606 3093 798 3159 πάθος.
826 3095 860 3165 ἢ
884 3095 978 3147 τοῦ
1001 3096 1257 3166 δευτέρου
1283 3094 1392 3149 τῶν
1420 3095 1660 3148 Κιλίκων
1680 3096 1826 3165 ἡγεῖ-

216 3207 315 3242 ται
355 3189 544 3252 ἔθνους
566 3207 576 3218 ·
612 3187 680 3251 ἃς
705 3190 733 3240 ὁ
756 3188 1044 3247 ’1ουστίνος
1080 3189 1296 3248 πολλοῖς
1322 3189 1665 3257 ἀνεκτήσατο
1687 3188 1826 3258 χρή-

2553 2517 2707 2573 CAP.
2752 2517 2891 2571 VIII.

2279 2606 2359 2662 De
2390 2610 2547 2663 totius
2579 2609 2716 2662 Urbis
2748 2608 3167 2662 calamitatibus.

1998 2722 2204 2777 Eodem
2246 2723 2465 2779 Justino
2501 2723 2794 2792 imperium
2836 2722 3147 2776 Romanum
3190 2723 3372 2781 adhuc
3419 2725 3522 2781 ad-

1928 2814 2307 2879 ministrante,
2338 2815 2471 2868 urhs
2494 2814 2858 2886 Dyrrachium
2885 2830 3008 2884 qum
3027 2815 3158 2869 olim
3184 2815 3525 2880 E;.idamnus

1926 2901 2246 2967 dicebatur,
2298 2912 2458 2958 terra:
2516 2913 2666 2958 motu
2716 2903 2982 2958 subversa
3027 2914 3130 2958 est.
3157 2905 3426 2960 Similiter
3467 2919 3525 2963 et

1926 2995 2251 3059 Corinthus,
2284 3010 2407 3064 quae
2437 2996 2541 3050 sita
2568 3005 2652 3050 est
2683 2996 2736 3049 in
2773 2997 3004 3050 Achaia.
3038 2997 3362 3052 Anazarbus
3389 3017 3528 3070 quo-

1927 3099 2057 3155 que,
2108 3085 2428 3153 metropolis
2459 3086 2716 3142 secunda:
2749 3086 2987 3152 Cicilite;
3019 3100 3217 3154 quarto
3257 3089 3310 3143 id
3352 3107 3528 3161 genus

1927 3174 2257 3230 calamitatis
2312 3183 2560 3245 experta.
2620 3177 2729 3231 Eas
2786 3177 2956 3232 urbes
3012 3177 3266 3232 Justinus
3329 3197 3526 3248 magna

224 3300 386 3352 μασι.
413 3283 570 3335 Κατᾶ
594 3283 721 3344 τοὺς
762 3280 962 3343 αὐτοὺς
993 3281 1225 3350 χρόνους
1259 3281 1354 3332 καὶ
1385 3281 1416 3349 ἡ
1458 3280 1692 3332 Ἔδεσσα
1727 3281 1825 3332 πόα

1930 3269 2293 3337 pecuniarum
2325 3270 2375 3323 vi
2423 3281 2642 3340 erogata
2686 3270 3034 3326 instauravit.
3070 3273 3266 3327 Iisdem
3305 3283 3525 3345 tempo-

219 3375 307 3437 λις
339 3373 438 3442 τῆς
461 3375 504 3405 ⁹¹
539 3372 851 3442 Ὀσροηνῶν
885 3374 1117 3442 μεγίστη
1155 3389 1214 3424 τε
1248 3373 1341 3424 καὶ
1391 3372 1686 3440 εὐδαίμων,
1711 3371 1825 3440 ’τῆς

219 3466 320 3519 tot?
347 3465 756 3535 παραρρέοντος
793 3465 1019 3534 Σκίρτου
1047 3465 1350 3534 χειμάρρου
1376 3462 1531 3517 ὕδασι
1558 3481 1828 3517 κατεπον-

219 3558 411 3622 τώθη,
443 3556 583 3610 ὥστε
633 3557 728 3610 καὶ
776 3556 846 3609 τὰ
895 3555 1066 3609 πολλὰ
1111 3555 1218 3608 τῶν
1273 3555 1593 3624 οἰκοδομιῶν
1637 3571 1824 3625 παρα-

225 3645 486 3713 συρῆναι.
522 3643 620 3696 καὶ
658 3643 864 3712 πλῆθος
897 3643 1276 3713 ἀναρίθμητον
1304 3643 1605 3697 ἀπολέσθαι
1638 3645 1704 3708 ”,
1732 3634 1825 3708 οὒς

221 3739 288 3789 τὸ
324 3734 470 3804 ὕδωρ
501 3735 666 3788 λαϐὸν
699 3737 776 3801 (π)
803 3734 994 3806 ᾤχετο.
1031 3731 1470 3805 Μετεκ>.ήοησαν
1505 3736 1686 3788 τοίνυν
1724 3735 1830 3788 ὑπὸ

222 3826 327 3880 τοῦ
357 3827 525 3880 αὑτοῦ
573 3827 867 3881 Ίονστίνου
900 3829 933 3897 ἠ
962 3827 1204 3880 Ἔδεσσα
1225 3827 1319 3880 καὶ
1351 3827 1707 3898 Ἀνάζαρὸος,
1734 3827 1830 3880 καὶ

223 3923 440 3975 τούτων
482 3923 720 3993 ἑκατέρα
750 3925 816 3993 τῇ
865 3919 1033 3975 αὑτοῦ
1079 3917 1429 3993 προσηγορίᾳ
1475 3923 1830 3993 κατεκοσμή-

228 4015 431 4082 θησαν.

847 4125 1100 4178 ΚΕΦΑΛ.
1138 4125 1214 4179 6'.

238 4213 342 4277 Ὠς
391 4213 728 4278 Ἰουστῒνος
797 4215 883 4268 ἔτι
939 4215 1072 4275 ζῖὖν,
1121 4216 1599 4278 συμϐασιλεύειν
1669 4212 1832 4278 αὑτῷ

685 4287 1126 4340 Ἰουστινιανὸν
1159 4287 1378 4340 εἵλετο.

305 4402 498 4471 Τούτῳ
541 4400 621 4471 τῷ
676 4398 952 4468 Ἰουστίνῳ
985 4399 1170 4463 ὄγδοον
1226 4398 1348 4461 ἔτος
1401 4399 1502 4468 τῆς
1551 4398 1833 4467 βασιλείας

228 4497 424 4564 ἄγοντι
448 4493 606 4549 ἐννέα
642 4509 702 4546 τε
744 4495 921 4562 μῆνας
950 4489 1089 4560 πρὸς
1120 4491 1300 4561 τρισὶν
1325 4491 1560 4561 ἡμέραις
1592 4491 1702 4559 (54)
1731 4491 1830 4561 (y),

1933 3359 2089 3414 ribus
2118 3360 2343 3424 Edessa,
2369 3361 2567 3416 civitas
2593 3360 2893 3418 Osdroena:
2924 3364 3158 3418 maxima
3198 3375 3255 3420 et
3289 3368 3527 3436 epulen-

1932 3451 2167 3515 tissima,
2208 3450 2371 3510 Scirti
2407 3453 2668 3508 torrentis
2699 3452 2794 3524 qui
2822 3470 2942 3509 eam
2983 3456 3330 3525 prmterﬂuit,
3366 3459 3527 3513 inun-

1932 3541 2156 3595 datione
2208 3541 2494 3597 submersa
2540 3552 2664 3598 est:
2712 3543 2850 3600 adeo
2887 3554 2948 3600 ut
2992 3545 3226 3616 plurima
3269 3548 3526 3617 aedilicia,

1931 3646 1988 3691 et
2019 3637 2439 3694 innumerabilis
2482 3639 2769 3695 hominum
2813 3643 3133 3708 multitudo,
3166 3661 3434 3714 aquarum
3472 3649 3524 3703 vi

1928 3730 2177 3800 abrepta,
2208 3731 2456 3787 funditus
2491 3733 2830 3788 interierint.
2862 3735 3082 3790 Edess'e
3108 3738 3334 3806 quidem
3359 3750 3526 3809 atque

1927 3822 2216 3877 Anazarbo
2293 3821 2549 3879 Justinus
2625 3826 2924 3896 pristinum
2989 3844 3189 3884 nomen
3263 3833 3519 3888 mulavit.

1929 3915 2232 3986 Utramque
2268 3918 2417 3972 enim
2451 3935 2518 3973 ex
2554 3935 2655 3973 suo
2685 3921 2908 3976 nomine
2941 3921 3334 3994 Justinopolim
3365 3926 3533 3980 dein-’

1929 4023 2058 4078 ceps
2082 4010 2346 4079 appellari
2377 4012 2562 4082 jussit.

2577 4128 2729 4184 CAP.
2769 4128 2860 4183 IX.

1933 4215 2206 4280 Quomodo
2249 4218 2507 4294 Justinus
2538 4223 2710 4294 adhuc
2753 4223 2962 4285 vivens,
3009 4222 3270 4294 collegam
3319 4223 3528 4290 imperii

2368 4289 2739 4344 Iustinianum
2773 4294 3080 4363 assumpsit.

2002 4405 2177 4458 Porro
2231 4419 2356 4458 cum
2416 4403 2670 4459 Justinus
2721 4421 2928 4460 annum
2994 4407 3210 4477 imperii
3265 4418 3524 4461 octavum

1934 4494 2312 4565 transegisset,
2357 4509 2420 4548 ac
2467 4504 2734 4564 praeterea
2785 4511 3004 4552 menses
3055 4512 3254 4552 novem
3305 4506 3360 4552 et
3407 4495 3528 4552 dies

1527 4633 1763 4689 VARI/IS
1784 4632 2196 4690 LECTIONES.

299 4726 500 4784 ⁹³τῶν.
572 4727 698 4783 "C.
723 4726 786 4784 C.
825 4727 1112 4784 ἀπολέσαι.

1453 4818 1727 4874 VALESII
1763 4819 2328 4875 ANNOTATIONES.

305 4916 419 4982 (3‘2)
463 4915 696 4983 Πάχητί
716 4933 780 4969 τε
808 4914 956 4971 ὄντι.
987 4916 1115 4970 Haec
1139 4917 1312 4972 verba
1338 4916 1623 4975 Musculus
1649 4915 1702 4967 in
1739 4914 1822 4967 iu-
1858 4919 1898 4970 D
1929 4915 2146 4978 scribit,
2180 4913 2441 4981 Διαφέρει
2474 4913 2655 4982 πάχνης
2691 4913 2786 4966 καὶ
2830 4912 3031 4984 παχύς.
3069 4912 3259 4981 "in;
3288 4913 3385 4981 μὲν
3416 4914 3525 4983 γὰρ

230 4990 638 5055 terpretatione
681 5002 779 5040 sua
840 4987 1215 5054 praetermisit,
1267 4986 1820 5054 Christophorsonus

227 5073 369 5111 vero
398 5057 470 5129 ita
498 5057 704 5129 vertit:
737 5056 944 5125 Quippe
962 5061 1265 5129 omnuunis
1315 5058 1561 5129 plurimis
1601 5067 1820 5129 onustus

226 5131 354 5182 sim.
386 5127 521 5193 Quae
552 5128 940 5195 interpretatio
973 5127 1103 5180 lerri
1136 5144 1244 5181 non
1294 5127 1512 5198 potest;
1560 5128 1818 5194 sequitur

227 5200 380 5252 enim
414 5208 460 5250 et
473 5207 640 5268 rwtate
663 5198 947 5250 admodum
973 5209 1266 5267 provectus.
1293 5199 1440 5254 Idem
1475 5198 1823 5268 igiturputro-

231 5267 403 5336 hique
453 5267 666 5322 diceret
716 5266 1004 5338 Evagrius.
1063 5270 1320 5338 Πάχητας
1374 5266 1571 5322 voca—ut
1619 5266 1818 5338 Graeci,

231 5338 490 5409 homines
513 5353 733 5392 crassos
767 5347 822 5390 et
857 5339 1056 5392 obesus
1109 5355 1172 5393 ac
1217 5339 1468 5409 pingues.
1511 5337 1670 5409 Quod
1727 5353 1822 5406 ge-

230 5423 340 5462 nus
379 5408 665 5463 hominum
692 5409 855 5462 molle
891 5425 954 5463 ac
985 5409 1283 5463 delicatum
1307 5407 1412 5464 est.
1448 5428 1550 5462 nec
1579 5407 1642 5461 ad
1679 5423 1821 5460 onus

229 5479 569 5549 portandum
622 5479 907 5533 idoneum.
963 5478 1160 5535 Suidas
1207 5480 1263 5534 in
1322 5496 1458 5535 voce
1511 5481 1702 5546 παχεῖς
1747 5477 1818 5532 ita

1928 4985 2145 5050 λέγεται
2179 4987 2205 5037 ὁ
2235 4984 2499 5051 λιπαρός·
2569 4985 2748 5052 παχὺς
2788 4984 2845 5035 δὲ
2894 4985 2922 5035 ὁ
2957 4984 3302 5052 ἀναίσθητοτ.
3356 4985 3526 5037 Nice-

1929 5056 2146 5125 phorus
2176 5070 2400 5124 quoque
2434 5055 2539 5108 hoc
2583 5055 2816 5125 verbum
2885 5070 2994 5125 non
3040 5054 3335 5108 intellexit.
3392 5055 3527 5121 Ejus

1927 5124 2078 5179 enim
2114 5125 2240 5180 loco
2268 5127 2374 5179 ista
2407 5124 2721 5188 substituit,
2775 5125 2870 5176 καὶ
2924 5124 2995 5176 δι’
3022 5125 3236 5176 ἔνδειαν
3294 5127 3526 5193 ἐκτετη-

1931 5213 2140 5264 γμενῳ.

2003 5266 2114 5333 (55)
2151 5265 2246 5329 Ὧς
2279 5265 2505 5332 ἔτρεχε.
2549 5266 2748 5319 Procul
2801 5265 2972 5320 dubio
3027 5264 3390 5319 scribendum
3442 5274 3532 5318 est

1929 5336 2289 5404 προσέτρεχε.
2348 5336 2503 5404 Apud
2562 5336 2936 5403 Nicephorum
2981 5337 3182 5405 legitur
3232 5336 3528 5403 ὑπέτρεχε.

1931 5406 2036 5460 Sed
2069 5417 2252 5460 nostra
2281 5405 2599 5459 emendatio
2624 5409 2821 5459 melior
2850 5407 2900 5458 vi
2929 5408 3092 5459 ictttr.

2004 5477 2113 5543 (51)
2153 5475 2365 5529 Ἐννέα
2393 5493 2453 5529 τε
2479 5475 2677 5545 μῆνας
2703 5478 2852 5546 πρές
2888 5476 3089 5544 τρισὶν
3129 5475 3393 5544 ἡμέραις.
3426 5475 3533 5528 Au-

1694 5601 1782 5657 V'A
1796 5600 2006 5656 ιιιοιιιῖ
2020 5601 2081 5653 λι.

303 5688 384 5755 (εν)
410 5687 832 5762 ’ίΥδωρλαϐςῖτα
873 5691 1016 5762 Lege
1048 5692 1269 5761 λάερον.
1296 5694 1403 5757 (W.
1435 5695 1678 5750 [οτι-γη.)

307 5762 384 5829 (g)
423 5758 632 5831 Ἐννέα
675 5760 880 5828 μῆνας
929 5759 1077 5828 apd/3
1123 5758 1324 5828 (brain
1361 5768 1629 5831 ἡμέραις.
1661 5767 1822 5819 .quta

226 5830 708 5900 computationem
735 5833 954 5888 Antonii
987 5835 1133 5903 Pagi,
1169 5830 1420 5890 Justinus
1454 5837 1700 5906 regnavit
1726 5855 1824 5890 auo

1939 5713 2036 5748 uos
2070 5697 2100 5745 εξ
2131 5709 2351 5748 menses
2377 5693 2428 5749 8.
2467 5693 2587 5747 dies
2613 5694 2701 5746 ‘25.
2742 5692 2866 5745 V'id.
2909 5691 3166 5746 Critirum
3222 5690 3274 5745 in
3325 5688 3528 5744 Ilamn.

1937 5766 2001 5818 :ul
2032 5783 2161 5820 nun.
2202 5766 2325 5828 528,
2361 5783 2413 5818 n.
2443 5766 2493 5818 2}.
2535 5763 2643 5831 (κν.
2675 5763 2920 5832 Ιιυιγιίῐ.)
