4096 6460
619 364 770 429 ’9719

1836 361 2151 424 EVAGRII
2190 361 2682 423 SCHOLASTICI

3751 363 3901 430 2720

627 490 760 537 tres.
790 474 1137 530 Justinianus
1180 473 1388 528 sororis
1439 474 1561 544 ejus
1611 471 1776 535 filius,
1821 489 1930 526 una
1961 488 2086 528 cum
2118 473 2209 527 illo

2319 473 2699 536 Ἰουστινιανὸς
2739 472 3058 541 ἀδελφιδοῦς
3086 473 3254 527 αὑτοῦ
3289 473 3705 544 συμϐασιλεύει,
3733 479 3905 550 ἀναῤ-

625 567 954 636 imperavit;
985 565 1266 634 Augustus
1295 574 1650 635 nuncupatus
1677 565 1768 619 die
1799 564 1976 634 primo
2006 565 2212 620 mensis

624 658 908 719 Xanthici.
943 655 996 709 id
1041 667 1126 711 est
1170 655 1433 711 Kalendis
1460 656 1688 725 Aprilis,
1721 671 1868 710 anno
1897 657 2052 711 urbis
2095 657 2210 710 An-

626 750 846 805 tiochiae.
894 748 1340 817 quingentesimo
1380 749 1788 818 septuagesimo
1821 750 2038 819 quinto.
2074 748 2211 815 Qui-

623 842 731 896 bus
782 842 856 896 ita
900 843 1139 910 peractis
1181 840 1435 896 Justinus
1479 857 1546 895 ex
1587 841 1748 912 392
1796 843 1901 896 hoc
1945 857 2112 913 regno
2142 842 2212 896 ad

625 927 852 980 caeleste
882 927 1177 996 imperium
1210 927 1490 998 migravit,
1522 928 1673 984 fatali
1702 939 1876 986 morte
1918 930 2214 986 defunctus

624 1022 806 1090 primo
831 1020 918 1076 die
947 1021 1153 1076 mensis
1183 1021 1304 1085 Loi.
1332 1022 1386 1076 id
1413 1030 1498 1078 est
1520 1021 1781 1078 Kalendis
1802 1024 2055 1094 Augusti,
2085 1040 2210 1078 cum

625 1114 970 1183 imperasset.
1023 1130 1131 1168 una
1185 1114 1411 1184 quidem
1458 1130 1584 1168 cum
1629 1115 1943 1171 Iustiniano
1993 1132 2213 1172 menses

624 1211 892 1270 quatuor;
924 1203 977 1256 in
1017 1203 1340 1258 universum
1372 1220 1507 1258 vero
1536 1214 1646 1259 tam
1675 1206 1844 1272 solus,
1889 1221 2054 1276 quam
2084 1222 2210 1262 eum

622 1295 853 1363 collega,
907 1310 1006 1364 per
1039 1310 1214 1350 annos
1258 1310 1459 1350 novem
1507 1311 1571 1350 ac
1608 1297 1729 1352 dies
1760 1308 1874 1353 tres
1918 1299 2210 1369 imperium

623 1409 640 1435 ι
663 1384 974 1438 btinuisset.
1005 1385 1177 1438 Porro
1209 1401 1339 1439 cum
1370 1386 1717 1441 Justinianus
1757 1388 1868 1459 jam
1902 1390 2055 1444 solus
2087 1391 2213 1445 uni-

625 1491 671 1525 vc
696 1490 844 1526 rsum
883 1475 1174 1544 imjerium
1210 1477 1510 1546 regendum
1557 1479 1914 1548 suscepisset,
1944 1490 2003 1536 et
2043 1480 2210 1536 Chal-

622 1565 951 1619 cedonensns
983 1568 1224 1636 synodus
1247 1584 1313 1622 ex
1345 1579 1622 1638 prmeepto
1663 1569 1864 1624 Justini
1906 1571 2209 1641 imperato-

623 1658 720 1714 ris.
753 1658 895 1711 sicut
926 1668 1084 1713 antea
1114 1660 1303 1723 retuli,
1352 1677 1452 1730 per
1482 1677 1676 1717 omnes
1703 1663 1981 1718 Ecclesias
2007 1665 2209 1734 praedi-

622 1757 878 1809 mretur.
932 1751 1313 1806 ecclesiastica
1365 1767 1472 1822 pax
1521 1754 1579 1808 in
1635 1753 1964 1824 quibusdam
2027 1756 2210 1810 adhuc

2318 563 2502 634 ῥηθεὶς
2535 567 2599 634 τῇ
2625 562 2817 636 πρώτῃ
2840 563 2933 617 τοῦ
2950 564 3232 618 Ξανθικοῦ
3255 567 3424 636 ἡγουν
3443 567 3758 638 ’Δπριλλίου
3796 587 3906 641 μη-

2316 657 2426 721 νὸς,
2455 655 2558 709 ἀνὰ
2581 655 2644 708 τὸ
2669 657 2926 724 πέμπτον
2958 657 3053 710 καί⁵
3081 657 3486 727 ἑϐδομηκοστὸν
3520 661 3615 712 καὶ
3642 677 3906 714 πεντακο-

2320 749 2536 802 σιοστὺν
2566 749 2687 811 ἔτος
2718 750 2816 802 τοῦ
2853 750 3246 819 χρηματισμοῦ
3273 752 3371 822 τῆς
3407 752 3759 822 Ἀντιοχείας.
3792 754 3908 807 Καὶ

2315 838 2526 891 τούτων
2547 833 2650 892 ὦδε
2673 840 3075 909 προελθόντων,
3111 841 3396 905 Ἰουστῖνος
3429 843 3758 910 μεθίσταται
3807 843 3908 912 τῆς

2314 932 2564 986 ἐντεῦθεν
2595 932 2894 1004 βασιλείας,
2929 932 3180 986 ὑπελθὼν
3219 933 3320 1004 τὴν
3369 935 3576 989 τέλειον
3613 935 3660 968 ⁸³
3690 934 3910 1005 ἡμέραν

2313 1025 2416 1078 ἀνὰ
2440 1025 2539 1098 τὴν
2584 1024 2810 1096 πρώτην
2837 1027 3052 1096 ἡμέραν
3102 1024 3196 1077 τοῦ
3228 1024 3403 1088 Λώου,
3434 1026 3528 1080 τοῦ
3557 1026 3653 1080 καὶ
3695 1025 3911 1094 Αὐγού-

2315 1134 2441 1170 στου
2471 1117 2662 1188 μηνὸς,
2713 1117 3161 1188 συμϐασιλεύσας
3195 1118 3294 1187 μὲν
3330 1119 3700 1187 Ἰουστινιανῷ
3730 1121 3908 1189 μῆνας

2311 1211 2600 1282 τέτταρας,
2632 1212 2701 1265 τὰ
2729 1211 2824 1264 ὅλα
2853 1210 2909 1263 δὲ
2939 1210 3034 1282 ἐτη
3062 1210 3160 1280 τὴν
3180 1209 3617 1281 αὐτοκρατορίαν
3642 1210 3754 1279 ('55)
3782 1211 3907 1264 δια-

2311 1299 2480 1364 νύσας
2510 1301 2687 1372 ἀρχὴν
2710 1301 2866 1353 ὲννὲα
2890 1300 3026 1370 πρὸς
3051 1300 3230 1368 τρισὶν
3259 1299 3496 1369 ἡμέραις
3522 1297 3632 1367 ('56)
3653 1295 3748 1367 η·
3773 1297 3911 1350 Ἰου-

2314 1395 2586 1448 στινιανοῦ
2631 1395 2686 1448 δὲ
2740 1394 2902 1464 μόνου
2954 1394 3054 1464 τὴν
3091 1393 3218 1460 ὅλην
3246 1393 3422 1463 ἀρχὴν
3471 1392 3571 1455 τῆς
3615 1391 3912 1460 Ῥωμαίων

2312 1483 2669 1553 ἐπικρατείας
2703 1483 3083 1554 περιθεμένου,
3115 1483 3214 1553 ἠδη
3248 1499 3306 1533 τε
3329 1481 3431 1550 τῆς
3483 1481 3542 1532 ἐν
3587 1479 3908 1549 Χαλκηδόνι

2313 1577 2532 1628 συνόδου
2557 1576 2971 1647 κηρυττομένης
2996 1574 3100 1627 ἀνὰ
3129 1574 3226 1636 τὰς
3257 1571 3570 1640 ἁγιωτάτας
3607 1571 3912 1638 ἐκκλησίας

2312 1656 2646 1734 κελεύμαᾶιν
2680 1665 2974 1719 Ἰουστίνου
3001 1661 3147 1714 καθά
3175 1677 3266 1730 μοι
3297 1661 3575 1732 διήγηται,
3613 1660 3696 1712 ἔτι
3717 1659 3784 1712 τὰ
3805 1660 3911 1724 τῆς

2311 1758 2775 1830 ἑκκλησιαστικῆς
2806 1759 3200 1819 καταστάσεως
3237 1755 3294 1807 ἐν
3322 1773 3432 1807 τισι
3465 1755 3577 1806 τῶν
3612 1751 3900 1823 ὲπαρχιῶν

621 1840 922 1907 provinciis
950 1842 1313 1908 turbabatur;
1346 1847 1625 1915 praecipue
1649 1862 1784 1900 vero
1812 1846 2204 1903 Constantino-

2313 1851 2697 1920 περιεδονεττο,
2728 1849 2823 1902 καὶ
2857 1848 3099 1919 μάλιστά
3129 1864 3192 1915 γε
3213 1847 3354 1901 κατὰ
3393 1845 3492 1916 τὴν
3524 1844 3789 1914 βασιλέως
3813 1843 3912 1895 καὶ

622 1931 733 1996 poli
765 1940 820 1984 et
855 1933 1201 1988 Alexandriae
1228 1953 1240 1988 :
1283 1934 1950 2007 Constantinopolitanam
1981 1939 2204 2009 quidem

2312 1942 2452 2022 κατα
2482 1942 2588 2010 τὴν
2615 1939 2969 2010 Ἀλεξάνδρου
2998 1939 3152 1992 πόλιν
3171 1954 3184 1967 ·
3211 1938 3309 2007 τῆς
3353 1937 3452 2006 μὲν
3508 1935 3781 2006 βασιλίδος
3806 1933 3911 2003 τὴν

621 2022 922 2076 Ecclesiam
978 2025 1401 2081 administrante
1443 2027 1730 2091 Anthimo,
1778 2021 2204 2085 Alexandrinam

2312 2033 2612 2105 ἐπισκοπὴν
2635 2032 3068 2102 πρυτανεύοντος
3088 2030 3352 2100 ’Λνθίμου
3393 2029 3498 2098 (a),
3533 2027 3637 2096 τῆς
3668 2027 3724 2079 δὲ
3757 2026 3910 2078 Ἀλε-

620 2128 755 2165 vero
792 2113 1126 2170 Theodosio.
1169 2116 1346 2172 Ambo
1375 2118 1524 2173 enim
1555 2119 1644 2174 isti
1675 2134 1840 2174 unam
1888 2119 1944 2176 in
1983 2119 2205 2176 Christo

2312 2125 2580 2194 Εανδρέων
2610 2122 2940 2192 Ἐκκλησίας
2992 2121 3299 2191 ἡγουμένου
3345 2120 3655 2173 Θεοδοσίου.
3703 2118 3911 2188 ’Δμφω

621 2214 874 2256 naturam
910 2206 1090 2260 inesse
1123 2206 1469 2263 asserebant.

1289 2319 1442 2376 CAP.
1479 2321 1548 2378 X.

623 2409 867 2489 Qualiter
895 2413 1233 2489 Justmianus
1267 2415 1478 2484 quidem
1501 2432 1600 2489 eos
1627 2417 1843 2471 amabat
1872 2419 1961 2489 qui
1991 2418 2208 2474 Chalce-

717 2482 993 2534 donensem
1045 2482 1305 2551 synodum
1363 2485 1813 2553 amplecterentur
1860 2482 1894 2542 ε’
1937 2489 2205 2542 Theodoro

715 2567 835 2604 vero
867 2569 951 2604 eos
980 2554 1068 2621 qui
1098 2553 1356 2624 synodum
1386 2555 1540 2609 illam
1572 2557 1956 2627 improbarent.

712 2663 776 2716 Et
811 2664 1160 2721 Justinianus
1195 2667 1449 2737 quidem.
1489 2685 1586 2724 eos
1630 2670 1725 2740 qui
1769 2670 2205 2730 Chalcedonensi

620 2755 829 2824 synodo
852 2767 1249 2820 convenerant.
1281 2768 1336 2814 et
1362 2776 1707 2830 quaecunque
1735 2763 1804 2816 ab
1833 2763 1944 2817 illis
1987 2763 2208 2819 fuerant

619 2848 897 2915 exposita,
954 2849 1158 2904 acriter
1211 2849 1563 2907 defendebat.
1628 2853 1758 2923 Ejus
1815 2868 1949 2907 vero
2004 2857 2207 2926 conjux

623 2939 912 2994 Theodora
939 2941 1009 2994 ab
1051 2942 1270 2996 illorum
1315 2943 1570 3012 partibus
1613 2944 1791 2997 stabat
1824 2944 1918 3013 qui
1957 2960 2120 2998 unam
2149 2947 2205 2999 in

619 3030 845 3084 Christo
870 3042 1121 3086 naturam
1155 3041 1466 3088 assererem
1500 3073 1517 3100 ,
1555 3035 1670 3089 sive
1701 3034 1848 3104 quod
1882 3035 1982 3104 ipsi
2015 3051 2206 3090 revera

621 3122 695 3175 ira
739 3123 1072 3191 sentiebant;
1133 3140 1255 3178 nam
1299 3127 1742 3196 quotiescunque
1774 3128 1953 3196 agitur
1980 3129 2047 3183 de
2075 3129 2202 3194 fide,

2304 2233 2366 2270 τε
2394 2215 2503 2287 γὰρ
2525 2216 2625 2286 τὴν
2661 2216 2790 2286 μίαν
2821 2211 3149 2281 ὲδοξαζέτην
3173 2213 3358 2280 φύσιν.

2923 2327 3180 2380 ΚΕΦΑΛ.
3231 2327 3292 2381 I'.

2307 2422 2440 2476 Ὀτι
2473 2419 2915 2486 Ἰουστινιανὸς
2959 2419 3076 2487 μὲν
3137 2417 3282 2482 τοὺς
3333 2416 3468 2487 ,τῆν’
3496 2413 3910 2487 Καλχῃβόνφιξ

2377 2491 2646 2546 σύνοδον
2692 2483 3178 2557 ἀποδεχομένους
3224 2486 3430 2556 ἠγάπα
3455 2502 3470 2516 ⁵
3539 2485 3808 2552 Θεοδώρα
3838 2483 3911 2536 δὲ

2376 2563 2520 2628 τοὺς
2545 2562 2863 2626 ἐναντίους
2887 2560 3193 2627 ἔστεργεν.

2379 2675 2758 2738 ’1ουστινιανὸς
2813 2673 2914 2744 μὲν
2957 2668 3052 2726 οὖν
3092 2672 3201 2725 τῶν
3234 2673 3293 2724 ἐν
3342 2671 3652 2742 Καλχηδόνι
3681 2670 3909 2738 συνελη-

2308 2765 2686 2830 λυθότων,καὶ
2732 2765 2842 2817 τῶν
2867 2765 2997 2833 παρ’
3045 2763 3226 2816 αὐτῶν
3275 2763 3698 2832 ἐκτεθειμίνων,
3759 2761 3908 2831 μάλα

2309 2858 2574 2928 γεννικῶς
2607 2857 2910 2927 ἀντείχετο.
2951 2855 3204 2926 Θεοδώρα
3240 2855 3314 2924 (b)
3344 2855 3399 2907 δὲ
3430 2855 3461 2922 ἡ
3505 2853 3699 2906 τούτου
3728 2853 3907 2906 σύνοι-

2309 2962 2426 3008 κος,
2449 2944 2559 2998 τῶν
2597 2946 2727 3015 μίαν
2755 2946 2920 3014 φύσιν
2951 2944 3244 3012 λεγόντων,
3277 2944 3385 2996 εἴτε
3427 2946 3522 2996 καὶ
3553 2943 3666 2994 τῶν
3687 2943 3905 3012 άληθῶς

2308 3037 2483 3101 οὕτως
2536 3038 2770 3107 ἐχόντων
2819 3037 2954 3107 (37).
3030 3035 3222 3088 Ἡνίκα
3260 3035 3371 3105 γὰρ
3408 3037 3436 3087 ὁ
3482 3034 3614 3104 περὶ
3666 3035 3908 3099 πίστεως

2311 3128 2599 3198 πρόκειται
2621 3127 2780 3194 λόγος
2807 3125 3044 3196 πατέρες
3059 3142 3118 3177 τε
3141 3124 3277 3196 πρὸς
3310 3124 3524 3189 παῖδας,
3552 3125 3740 3186 παῖδές
3752 3141 3807 3177 τε
3831 3125 3902 3178 αὖ

621 3224 805 3282 patres
851 3231 878 3267 a
930 3216 1055 3270 filiis
1095 3224 1152 3269 et
1190 3216 1287 3271 filii
1339 3217 1610 3272 dissident
1654 3234 1685 3272 a
1733 3219 2090 3288 parentibus:
2145 3229 2200 3275 et

2312 3219 2442 3290 πρὸς
2471 3227 2596 3282 τοὺς
2625 3220 2830 3288 φύντας
2854 3217 3175 3282 διίστανται,
3198 3217 3336 3288 γυνή
3373 3233 3432 3270 τε
3475 3217 3609 3287 πρὸς
3648 3217 3740 3270 τὸν
3771 3217 3905 3270 ἰδιον

622 3323 761 3359 uxor
791 3307 1013 3376 quidem
1046 3325 1076 3363 a
1107 3309 1329 3374 marito,
1363 3310 1598 3365 maritus
1630 3325 1766 3365 vero
1797 3311 1866 3365 ab
1907 3327 2077 3367 uxore
2108 3329 2207 3369 sua

620 3396 928 3452 dissentit:
991 3401 1112 3454 sive
1161 3415 1260 3469 per
1309 3400 1603 3471 quamdam
1661 3399 2070 3455 simulationem
2130 3401 2206 3456 ita

2314 3312 2582 3380 γαμετήν·
2609 3311 2749 3380 ἁνήρ
2773 3325 2832 3362 τε
2865 3308 2935 3363 αὖ
2958 3308 3119 3361 πάλιν
3143 3307 3280 3379 πρὸς
3300 3308 3400 3378 τὴν
3437 3307 3576 3363 ἰδίαν
3625 3315 3899 3380 γαμετήν·

2315 3402 2427 3455 εἴτε
2460 3403 2553 3454 καὶ
2579 3401 2724 3455 κατά
2751 3417 2874 3454 τινα
2907 3399 3260 3468 συγκείμενοι
3299 3400 3622 3469 οἰκονομίαν
3663 3401 3794 3469 ('58),
3834 3403 3904 3454 iv‘

1918 3540 2004 3596 VA
2016 3539 2152 3596 Rl/E
2185 3541 2482 3597 LECTION
2493 3542 2596 3597 ES.

1834 3680 2112 3737 VALESll
2144 3681 2701 3737 ANNOTATIONES.

706 3611 754 3644 ⁹²
771 3611 1010 3669 τελείαν.

621 3785 742 3847 ctor
781 3775 1024 3832 Chronici
1085 3777 1436 3833 Alexandrini
1483 3791 1582 3847 pro
1613 3778 1778 3832 tribus
1828 3779 2006 3832 diebus
2036 3778 2206 3832 habet

621 3846 876 3916 quinque,
912 3848 1286 3919 Justinianum
1333 3846 1492 3901 enim
1532 3863 1560 3900 a
1619 3849 1838 3919 Iustino
1887 3849 2196 3918 Augustum

623 3919 832 3970 factum
863 3934 983 3973 esse
1022 3918 1237 3977 scribit.
1272 3926 1396 3986 post
1449 3933 1624 3972 annos
1673 3926 1804 3972 octo
1855 3935 1919 3974 ac
1977 3933 2200 3972 menses

623 4002 862 4058 novem,
895 4005 958 4043 ac
993 3989 1114 4042 dies
1141 3988 1385 4058 quinque
1419 3988 1637 4056 imperii
1664 3989 1891 4051 Justini,
1946 3988 2206 4044 Kalendis

622 4057 848 4122 Aprilis.
877 4057 1447 4113 Mavortio’consule:
1483 4059 1576 4125 qui
1615 4057 1721 4112 fuit
1771 4075 1950 4114 annus
1997 4059 2204 4114 Christi

622 4126 984 4199 527._Verum
1010 4139 1203 4199 auctor
1233 4128 1383 4182 illius
1406 4126 1652 4199 Chronici
1689 4145 1718 4182 a
1762 4131 2062 4199 semetipso
2091 4130 2206 4183 dis-

623 4196 825 4269 sentit;
863 4215 988 4253 nam
1054 4198 1334 4254 Justinum
1385 4197 1611 4269 quidem
1661 4196 1978 4269 imperium
2011 4198 2203 4253 iniisse

623 4266 932 4323 scribitdie
970 4285 1118 4322 nono
1135 4269 1340 4322 mensis
1376 4266 1530 4330 Julii.
1573 4266 1986 4325 anno’Natalis
2012 4271 2203 4324 Domi-

625 4336 732 4409 niei
765 4337 890 4394 5l8.
914 4340 957 4394 A
984 4356 1094 4408 quo
1127 4348 1375 4407 tempore
1407 4339 1471 4393 ad
1500 4339 1773 4393 Kalendas
1812 4341 2021 4409 Aprilis
2071 4340 2203 4394 anni

625 4407 750 4470 5:27,
783 4411 910 4463 anni
943 4407 1070 4464 sunt
1097 4419 1243 4471 octo.
1273 4424 1336 4462 ac
1390 4425 1610 4463 menses
1635 4407 1891 4471 totidem.
1921 4426 2047 4465 cum
2079 4410 2202 4463 die-

625 4475 728 4550 bus
759 4494 870 4534 uno
901 4490 956 4533 et
981 4481 1196 4550 viginti.
1246 4479 1402 4545 Quod
1451 4479 1494 4532 si
1548 4479 1862 4534 Cedrenum
1915 4481 2204 4549 sequimur

2304 3777 2553 3847 ejusdem
2595 3775 2726 3830 anni
2755 3819 2767 3839 ,
2796 3775 3062 3830 transacti
3106 3776 3545 3847 fuerintmnovem
3589 3776 3720 3831 anni
3773 3794 3899 3832 cum

2306 3846 2418 3901 uno
2465 3862 2653 3900 mense
2700 3863 2765 3901 ac
2814 3847 3011 3900 diebus
3060 3847 3261 3900 tribus.
3320 3846 3399 3900 Ex
3443 3862 3555 3915 quo
3617 3848 3897 3916 colligitur

2305 3918 2600 3972 exordium
2634 3917 2854 3985 imperii
2886 3917 3088 3971 Justini
3123 3917 3248 3971 duci
3281 3932 3311 3970 a
3339 3917 3427 3970 die
3455 3917 3722 3971 vicesimo
3749 3929 3900 3972 octa-

2305 4004 2374 4041 vo
2401 3987 2610 4042 mensis
2633 3987 2807 4053 Junii,
2834 3989 2986 4056 juxta
3021 3987 3240 4057 Evagrii
3294 3987 3647 4041 sententiam.

2309 4059 2418 4126 (37)
2462 4057 2596 4110 Εῑτε
2628 4058 2724 4109 καί
2762 4057 2880 4110 τῶν
2911 4056 3156 4123 ἀληθῶς(
3181 4057 3371 4121 οὕτως
3403 4057 3689 4124 ἐχόντων.
3746 4056 3898 4111 Scri-

2307 4127 2549 4182 bendum
2582 4138 2718 4196 puto
2740 4127 2851 4178 εῐτε
2886 4129 2983 4179 καὶ
3012 4127 3192 4179 αὐτῶν
3223 4126 3458 4193 ἀληθῶς,
3497 4136 3630 4190 etc.;
3663 4127 3719 4179 id
3748 4129 3896 4182 enim

2303 4213 2503 4253 sensus
2531 4197 2794 4266 postulat.
2849 4197 3201 4265 Nicephorus
3275 4197 3516 4265 quidem
3561 4198 3728 4267 hujus
3785 4199 3894 4252 loci

2305 4283 2530 4322 sensum
2587 4267 2817 4321 minime
2859 4267 3155 4322 intellexit.
3216 4267 3505 4322 Musculus
3571 4283 3710 4322 vero
3765 4284 3896 4322 eum

2303 4340 2510 4407 optime
2578 4337 2837 4406 exposuit
2893 4338 3002 4390 hoc
3035 4337 3220 4391 modo.
3280 4335 3402 4390 Sive
3427 4347 3610 4392 autem
3657 4339 3734 4391 sic
3777 4356 3898 4391 vere

2301 4409 2620 4470 sentiebant,
2667 4408 2774 4460 sive
2795 4409 2869 4460 sic
2903 4409 3299 4477 dispensatione
3327 4409 3564 4477 quadam
3586 4411 3731 4461 inter
3755 4409 3897 4478 ipsos

2303 4487 2638 4532 convenerat.
2673 4478 2979 4532 Musculum
3008 4488 3236 4532 secutus
3282 4488 3370 4531 est
3428 4478 3897 4548 Christopliorso-

624 4547 1133 4630 qni‘}u_st_in‘ianitm
1159 4566 1188 4603 a
1215 4550 1432 4605 Justino
1452 4551 1772 4630 Augustum.
1813 4566 1950 4630 esse.
1989 4547 2197 4630 factum
2233 4575 2276 4630 υ
2307 4559 2511 4630 pus,et
2547 4564 2747 4630 novam
2805 4549 3093 4630 periodum
3130 4549 3197 4601 ab
3244 4548 3331 4602 his
3381 4548 3571 4630 verbis
3592 4549 3896 4630 inchoavit

625 4619 796 4700 tradit
833 4623 894 4700 ιι
925 4621 1152 4700 Aprilis.
1181 4629 1290 4673 tum
1333 4621 1671 4694 computatio
1704 4620 1999 4674 Alexandri
2025 4620 2197 4675 Chro-

625 4691 728 4741 nici
769 4694 874 4746 erit
907 4691 1238 4745 certissima.

704 4760 814 4820 (35)
887 4763 1007 4827 Τὴν
1061 4761 1553 4827 αὐτοκρατορίαν.
1614 4760 1672 4814 In
1736 4775 1842 4814 nis.
1887 4760 2013 4815 cod.
2056 4759 2199 4814 Tell.

624 4832 894 4902 scriptum
928 4833 1138 4897 inveni,
1167 4832 1264 4902 τὴν
1294 4832 1722 4900 αὑτοκρατικὴν,
1745 4840 1877 4895 etc.,
1910 4830 2058 4900 quod
2091 4847 2206 4884 ma-

661 4900 705 4952 is
731 4902 926 4967 placet.

1004 4970 1182 5025 ἐννέα
1209 4971 1359 5040 πρὸς
1400 4969 1597 5038 τρισὶν
1625 4970 1891 5038 ἡμέραις.
1927 4972 2004 5025 Ex
2029 4971 2206 5040 ipsius

625 5039 840 5110 Evagrii
868 5043 1083 5096 calculo
1116 5039 1257 5096 satis
1307 5050 1534 5110 apparet
1568 5039 1884 5095 addendum
1935 5043 2027 5096 hic
2055 5039 2206 5094 esse

623 5125 868 5180 mensem
896 5128 1086 5167 unum.
1123 5113 1257 5166 Nam
1290 5127 1414 5165 cum
1447 5111 1612 5180 paulo
1648 5122 1773 5165 ante
1818 5112 2044 5177 dixerit,
2099 5111 2205 5164 Ka-

623 5178 802 5235 lendis
835 5184 1041 5250 Aprilis
1094 5184 1258 5248 hujus
1306 5178 1734 5235 anni—exactum
1797 5183 1964 5236 fuisse
1999 5196 2207 5236 annum

623 5261 878 5304 octavum
909 5255 1124 5320 imperii
1157 5253 1382 5314 Justini,
1411 5261 1466 5305 et
1489 5267 1686 5305 novem
1725 5252 1950 5320 insuper
1991 5267 2209 5306 menses

621 5334 686 5375 ac
719 5321 836 5376 dies
876 5332 1020 5386 tres;
1059 5338 1406 5394 consequens
1447 5332 1534 5377 est
1571 5329 1632 5375 ut
1665 5321 1926 5378 Kalendis
1974 5320 2206 5393 Augusti

2310 4620 2417 4671 hoc
2450 4619 2650 4672 modo:
2685 4617 2802 4672 Sive
2840 4619 3004 4687 igitur
3052 4623 3128 4670 ita
3183 4634 3363 4670 revera
3415 4619 3736 4683 sentiebant,
3785 4628 3890 4673 etc.

2310 4689 2422 4744 Nos
2456 4705 2588 4742 vero
2605 4690 2721 4742 haec
2751 4704 2874 4742 cum
2902 4688 3771 4758 przecedentibusconjunximus.

2385 4759 2498 4827 (38)
2539 4760 2675 4812 Κατ’
2710 4757 3078 4824 οἰκονομίαν.
3123 4757 3403 4811 Musculus
3463 4759 3689 4826 quidem
3718 4760 3896 4812 inter-

2354 4838 2582 4893 retatur,
2631 4845 2724 4898 per
2773 4830 3239 4897 dispensationem.
3302 4827 3458 4892 Quod
3519 4845 3632 4882 non
3692 4830 3890 4898 probo.

2354 4845 2582 4893 retatur,
2631 4845 2724 4898 per
2773 4845 3239 4897 dispensationem.
3302 4845 3458 4892 unua
3519 4845 3632 4882 non
3692 4845 3890 4898 prono.

2314 4845 2555 4954 goannes
2581 4907 2764 4953 autem
2792 4899 3009 4967 Longus
3041 4899 3229 4962 vertit,
3258 4915 3322 4950 ex
3351 4901 3662 4967 composito.
3725 4899 3890 4953 Chri-

2309 4970 2712 5037 stophorsonus
2742 4979 2949 5030 autem.
2980 4969 3159 5039 dedita
3211 4969 3530 5039 opera._Ego
3558 4985 3653 5039 per
3673 4970 3898 5022 simula—

2309 5035 2501 5094 tionem
2526 5039 2694 5092 malui
2724 5046 2962 5092 vertere.
3005 5035 3317 5106 Opponitur
3336 5035 3484 5092 enini
3511 5035 3580 5108 τῇ
3639 5041 3893 5109 ἀληθεία.

2308 5112 2412 5165 Per
2445 5109 2696 5163 fraudem
2727 5109 2894 5178 igitur
2925 5124 2989 5162 ac
3020 5109 3432 5164 simulationem
3469 5109 3521 5162 id
3559 5119 3748 5163 actum
3775 5125 3896 5164 esse

2309 5182 2455 5234 inter
2481 5179 2857 5233 Iustinianum
2895 5195 2956 5231 ac
3005 5179 3354 5233 Theodoram
3413 5180 3672 5233 nonnulli
3710 5180 3898 5233 existi-

2309 5259 2552 5312 marunt,
2587 5259 2646 5301 ut
2685 5250 2824 5301 alter
2846 5248 3166 5312 Catholicis,
3200 5251 3340 5303 alter
3378 5249 3678 5318 Aceplialis
3711 5251 3896 5304 adlue-

2309 5329 2477 5385 reret,
2509 5320 2714 5375 Gallice
2741 5319 3072 5384 dixerimus,
3100 5334 3205 5385 par
3235 5318 3513 5389 politique.

2055 5435 2442 5491 VARlORUM.

693 5529 765 5595 (ε)
808 5528 962 5595 Πρὸς
991 5529 1190 5597 τρισὶν
1214 5529 1481 5597 ἡμέραις.
1535 5528 1738 5582 lterum
1774 5544 1874 5599 pro
1905 5529 2104 5599 τρισίν,
2136 5527 2206 5580 25

621 5597 754 5667 legit
790 5600 984 5666 l’agins
1023 5602 1154 5654 Ibid.
1186 5600 1294 5667 (ΝΥ,
1341 5601 1582 5664 ἰιωντιι.)

695 5676 772 5746 μί)
843 5671 1216 5746 ’ᾼνθίμοιζῖ
1254 5670 1596 5722 Θεοδοσίου.
1655 5669 1904 5724 Ordinati
1961 5679 2088 5722 sunt
2145 5668 2198 5721 ili

625 5741 866 5810 episcopi
903 5757 1046 5793 anno
1079 5741 1199 5793 55ἰὶ.

695 5811 767 5878 (ιι)
813 5811 1099 5878 θεοδάγα.
1142 5811 1395 5865 l'lnrilms
1431 5810 1481 5864 in
1510 5825 1629 5864 cum
1664 5811 1942 5864 invehitur
2000 5810 2194 5863 Proco-

2315 5525 2438 5593 pius
2468 5525 2519 5577 in
2555 5526 2788 5578 Historia
2811 5541 3034 5586 arcana,
3061 5525 3152 5577 ubi
3186 5534 3374 5577 narrat
3393 5541 3512 5578 eam
3539 5522 3705 5578 filiam
3729 5521 3898 5577 fuisse

2315 5595 2622 5662 cujusdam.
2659 5598 2751 5663 qui
2786 5595 3030 5663 Byzantii
3061 5597 3254 5647 bestiis
3299 5597 3363 5647 ad
3406 5595 3896 5662 amphitheatrales

2315 5665 2670 5718 l‘rasinnrnm
2728 5667 3054 5718 venationes
3117 5665 3330 5717 alendis
3405 5668 3701 5734 praefectus
3760 5674 3896 5726 erat.

2316 5752 2474 5803 quem
2513 5745 2705 5787 vneam
2738 5735 3045 5795 lfrsatium.
3079 5751 3199 5803 pag.
3233 5738 3316 5788 κιο.

3779 5831 3807 5842 Ὦ
