4096 6476
165 431 296 497 2725

1088 429 1476 488 HISTORle
1518 427 2115 486 ECCl.ESl-\STlC.E
2167 429 2399 488 ΗΒΕῆ
2448 431 2538 488 ιν.

3300 430 3405 493 2τὲ

167 545 288 596 σιῶν
325 541 715 610 κηρύττεσθαι,
754 541 978 610 πρώτην
1007 541 1102 610 μὲν
1128 540 1228 610 τὴν
1255 541 1312 591 ἐν
1365 539 1592 608 Nimia,
1626 535 1746 590 εἶτα

1853 539 2175 606 palr'arclue
2231 539 2377 591 inter
2425 554 2481 592 se
2527 548 2954 602 consenserunt,
3002 549 3059 594 et
3102 540 3442 610 singularum

164 633 256 703 τὴν
277 635 332 685 ὲν
358 631 960 692 Κωνσταντινουπόλει,
994 631 1187 700 τρίτην
1210 631 1310 696 τὴν
1340 633 1398 682 ὲν
1442 630 1654 697 Ἐφέσῳ
1680 632 1741 679 τὴ

165 726 443 795 πρότερον,
467 727 730 795 τέταρτον
759 724 859 792 τὴν
884 725 941 775 ὲν
971 723 1306 801 Καλχηδόνι·
1344 723 1535 790 γέγονε
1557 723 1613 774 δὲ
1650 721 1744 774 καὶ

166 812 380 881 πέμπτη
418 811 638 874 σύνοδος
669 811 811 864 κατὰ
842 811 1094 863 κέλευσιν
1131 810 1539 862 Ὶουστινιανοῦ.
1601 810 1741 875 Περὶ

163 899 225 972 ἧς
249 904 312 955 τὰ
337 903 647 972 πρόσφορα,
701 904 758 954 ὲν
788 905 902 963 τοῖς
942 901 1278 971 προσφόροις
1341 900 1452 969 ἐρῶ
1505 903 1740 968 καιροῖς.

166 996 299 1056 τέως
343 997 453 1046 τῶν
504 994 607 1046 ἀνὰ
642 994 810 1062 μέρος
863 992 1216 1064 πραχθέντων
1256 993 1362 1043 ὑπὸ
1414 995 1524 1053 τοῖς
1560 993 1743 1052 αὐτοῖς

165 1086 388 1153 χρόνοις,
441 1084 601 1151 λόγου
660 1102 721 1137 τε
751 1086 918 1147 ἀξίων
952 1082 1340 1145 καθεστώτων,
1395 1085 1461 1152 τῇ
1489 1081 1744 1153 παρούσῃ

166 1177 634 1244 συνυᾳαινομένων
656 1177 884 1247 ἱστορίᾳ.

1851 629 2068 682 urbium
2129 631 2372 698 epismpi
2426 629 2693 683 exarchos
2744 646 2873 684 suos
2926 631 3103 684 secuti
3167 642 3337 686 sunt:
3388 641 3446 686 et

1850 729 2088 788 quatuor
2139 722 2333 790 synodi
2377 723 2428 773 in
2472 721 2733 775 Ecelcsiis
2767 731 2898 774 sunt
2939 723 3290 790 praedicata:
3335 725 3445 794 pri-

1852 828 1960 875 ma,
2019 829 2142 882 quae
2180 813 2380 868 Nicmae‘
2424 814 2702 867 celebrata
2752 823 2878 867 est:
2934 813 3058 884 past
3107 816 3250 869 hanc
3295 816 3440 872 Con-

1852 905 2345 974 stantinopolitano
2379 924 2390 955 :
2428 905 2632 958 dehinc
2676 903 2954 972 Ephesina
3010 906 3199 974 prior:
3245 917 3442 975 quarto

1852 997 1974 1049 loco
2027 995 2516 1050 Chalcedonensis.
2572 996 2697 1049 Fuit
2739 997 2905 1049 etiam
2959 996 3151 1065 quinta
3202 1000 3442 1067 synodus

1851 1085 2148 1140 Iustiniani
2181 1086 2450 1155 principis
2495 1087 2650 1155 jussu
2699 1096 3051 1156 congregata.
3094 1088 3169 1141 De
3210 1104 3318 1154 qua
3357 1088 3410 1141 di

1857 1192 1972 1232 eam
2013 1193 2113 1231 suo
2162 1180 2285 1232 loco
2331 1192 2396 1231 ea
2437 1194 2560 1247 quae
2604 1177 2837 1232 dicenda
2897 1185 3048 1232 sunt.
3108 1178 3332 1232 Interim
3379 1193 3443 1231 ea

165 1287 278 1338 qua:
307 1281 440 1324 tunc
475 1271 741 1339 temporis
774 1267 1096 1340 singillatim
1164 1276 1318 1340 gesta
1395 1279 1545 1334 sunt,
1619 1279 1676 1324 et
1736 1274 2264 1327 commemoratione
2315 1273 2476 1343 digna
2517 1289 2640 1328 esse
2684 1273 2967 1340 videntur,
3024 1274 3156 1330 huic
3202 1274 3446 1330 historiae

167 1375 480 1420 attexamus.

741 1484 996 1538 ΚΕΦΑΛ.
1038 1483 1138 1537 lB'.

181 1571 271 1628 Ἐκ
312 1573 419 1641 τῆς
468 1576 738 1645 ἱστορίας
787 1576 1130 1642 Προκοπιόυ
1179 1577 1545 1642 Καισαρέως,
1610 1575 1743 1643 περὶ

230 1647 505 1700 Καϐἀδου
546 1647 653 1700 τοῦ
700 1645 951 1714 Περσῶν
975 1645 1307 1710 βασιλέως,
1335 1647 1434 1698 καὶ
1472 1647 1745 1712 Χοσρόου

234 1717 365 1770 υιοῦ
394 1717 604 1770 αὐτοῦ.

2481 1486 2636 1541 CAP.
2683 1486 2801 1540 Xll.

1849 1576 1928 1630 De
1965 1577 2174 1632 Cavade
2205 1576 2490 1630 Persarum
2539 1596 2674 1648 rege,
2707 1589 2756 1631 et
2783 1579 2846 1631 de
2883 1578 2997 1648 ﬁlio
3032 1577 3145 1636 eius
3194 1575 3442 1641 Chosroc,

1996 1663 2061 1699 ex
2094 1648 2243 1700 libris
2276 1647 2619 1701 historiarum
2657 1649 2908 1718 Procom'i
2937 1647 3300 1702 Ca‘sariensis.

233 1833 550 1903 Γέγραπται
577 1831 872 1901 Προκοπίῳ
914 1830 991 1900 τῷ
1025 1832 1213 1901 ῥήτορι
1261 1831 1328 1882 τὰ
1368 1829 1510 1882 κατὰ
1556 1829 1746 1881 Βελισ-

1923 1826 2228 1896 Procopius
2258 1827 2470 1892 rhetor,
2505 1843 2592 1882 res
2642 1843 2668 1882 a
2722 1827 2985 1882 Belisario
3020 1827 3447 1898 gestas-descri-

171 1923 348 1991 σάριον
403 1922 514 1992 (c)°
552 1923 626 1984 ὼς
661 1921 921 1990 Καὸἁδης
975 1923 1002 1974 ὁ
1053 1921 1280 1990 Περσῶν
1337 1920 1589 1989 βασιλεὺς
1641 1921 1746 1972 Χο-

171 2014 298 2088 σρόῃ
321 2013 397 2083 τῷ
428 2014 578 2066 παιδὶ
620 2014 872 2084 νεωτέρῳ
916 2012 1024 2064 τῶν
1068 2013 1245 2066 ἄλλων
1277 2011 1409 2062 υἱῶν
1441 2012 1553 2063 ὄντι
1589 2027 1747 2077 περι-

171 2105 336 2158 Θεῑναι
365 2106 466 2176 τὴν
498 2105 779 2175 βασιλείαν
819 2104 1122 2172 βουληοεῖς,
1165 2104 1413 2174 βούλεται
1448 2103 1596 2187 ῥ’)στε
1634 2101 1744 2171 (47)

170 2196 245 2267 τῷ
266 2197 478 2267 βασιλεῖ
510 2197 800 2265 Ῥωμαίων
820 2198 875 2259 ἐς
909 2196 1064 2250 θετὸν
1091 2196 1206 2248 υἱὸν
1256 2195 1551 2249 ἐπιδιδόναι
1581 2197 1625 2227 ’³
1655 2199 1747 2247 τὸν

169 2287 434 2359 Χοσρόην,
486 2289 574 2340 ἵνα
605 2287 857 2340 ὶνταῦθεν
895 2286 1280 2355 ἀσφαλέστατα
1334 2284 1483 2354 αὑτῷ
1533 2287 1566 2354 ὴ
1603 2285 1746 2355 ἀρχὴ

169 2378 455 2450 διατεθείη.
516 2378 736 2450 Ἐπειδὴ
786 2378 971 2435 τοίνυν
1033 2377 1209 2447 τούτῳ
1256 2378 1581 2448 διήμαρτον,
1631 2379 1746 2429 εἰσ-

171 2472 361 2541 ηγήσει
400 2471 670 2540 Πρόκλου,
700 2471 759 2532 ὂς
785 2470 1140 2540 παρεδρεύων
1164 2468 1530 2538 Ἰουστινιανῷ
1571 2468 1747 2522 κοιαί-

170 2580 311 2633 στωρ
351 2563 728 2634 καθειστήκει,
779 2563 871 2616 ἐπὶ
911 2565 1084 2634 μείζω
1108 2563 1208 2634 τὴν
1257 2561 1394 2631 πρὸς
1441 2561 1749 2631 Ῥωμαίους

169 2654 360 2724 ἔχθραν
388 2655 678 2724 ἐξήγαγον.
727 2654 1147 2708 Φιλοπονώτατα
1197 2652 1492 2723 τοιγαροῦν
1520 2652 1747 2721 κομψῶς

167 2763 222 2798 τε
255 2750 348 2800 καὶ
381 2747 578 2815 λογίως
607 2747 916 2800 ὲκτέθειται
969 2745 1047 2817 τῷ
1082 2744 1230 2815 αὐτῷ
1268 2745 1580 2814 Προκοπίῳ,
1610 2745 1646 2798 ἃ
1683 2745 1745 2815 δὴ

170 2836 477 2906 πέπρακται
509 2837 613 2888 ὑπὸ
641 2836 950 2906 Βελισαρίῳ
1002 2835 1399 2906 στρατηγοῦντι
1445 2833 1554 2887 τῶν
1596 2833 1747 2904 ἑῴων

167 2926 443 2996 δυνάμεων
485 2928 780 2995 Ῥωμαίοις
817 2945 876 2981 τε
903 2927 996 2980 καὶ
1037 2928 1276 2997 Πέρσαις
1318 2925 1454 2995 πρὸς
1482 2926 1749 2996 ἀλλήλους

168 3019 480 3089 πολεμοῦσι.
512 3019 745 3090 Πρώτην
770 3020 868 3089 μὲν
895 3019 989 3073 οὖν
1014 3019 1169 3089 νίκην
1186 3019 1474 3091 Ῥωμαίων
1507 3019 1748 3088 ἀναγρά-

169 3126 252 3177 φει
281 3113 410 3180 περὶ
451 3111 518 3163 τὰ
550 3113 726 3182 χωρία
756 3111 938 3178 Δάρας
967 3129 1027 3164 τε
1065 3115 1158 3165 καὶ
1187 3111 1481 3174 Νισίϐεως,
1513 3109 1746 3162 Belica-

1851 1920 2009 1985 bens,
2040 1930 2228 1973 narrat
2263 1919 2536 1974 Cavadem
2569 1921 2860 1974 Persarum
2903 1935 3109 1990 regem,
3147 1935 3271 1973 cum
3302 1918 3449 1974 Cho-

1851 2012 1962 2065 sroi
1991 2012 2228 2065 ﬁliorum
2255 2027 2482 2064 suorum
2515 2020 2645 2064 natu
2677 2012 2908 2065 minimo
2951 2026 3179 2081 regnum
3220 2012 3441 2066 tradere

1848 2103 2034 2166 vellet,
2068 2104 2375 2170 postulasse
2419 2103 2580 2172 395
2627 2102 2695 2156 ab
2739 2103 3072 2171 imperatore
3097 2103 3350 2156 Romano
3385 2111 3445 2156 ut

1851 2207 1976 2246 eum
2025 2192 2131 2246 sibi
2181 2192 2352 2247 ﬁlium
2405 2192 2722 2262 adoptaret,
2774 2201 2833 2246 ut
2877 2176 3088 2246 scilicet
3133 2191 3239 2245 hoc
3285 2200 3448 2260 pacto

1851 2285 2063 2341 ﬁrmius
2106 2287 2185 2340 illi
2235 2302 2462 2356 regnum
2504 2295 2811 2355 pararetur.
2850 2284 2956 2340 Sed
2989 2300 3115 2340 cum
3167 2286 3446 2354 repulsam

1849 2393 2046 2446 passus
2093 2387 2241 2432 esset
2282 2376 2551 2442 Cavades,
2603 2393 2767 2430 suasu
2812 2376 3013 2440 Procli,
3063 2376 3156 2446 qui
3206 2387 3447 2446 quaestor

1849 2468 2163 2524 Justiniano
2221 2469 2459 2539 principi
2521 2468 2837 2533 assidebat,
2893 2468 3023 2523 hinc
3075 2469 3265 2522 odium
3324 2470 3448 2537 ejus

1850 2559 2114 2614 adversus
2155 2561 2434 2615 Romanos
2465 2569 2684 2614 auctum
2713 2559 2905 2614 fuisse.
2939 2561 3110 2614 Porro
3137 2559 3280 2614 idem
3309 2560 3446 2615 Pro-

1853 2654 2049 2723 copius
2074 2653 2497 2723 diligentissime
2518 2653 2682 2706 simul
2714 2660 2771 2705 et
2793 2652 3200 2722 elegantissime
3223 2654 3450 2719 exponit

1849 2763 1915 2802 ea
1961 2763 2084 2816 qua:
2137 2756 2290 2816 gesta
2338 2757 2468 2800 sunt
2515 2761 2544 2799 a
2588 2744 2855 2799 Belisario
2901 2743 3194 2816 orientalis
3235 2744 3448 2798 militia:

1851 2840 2140 2910 magistro,
2189 2838 2454 2893 Romanis
2495 2847 2551 2892 et
2591 2837 2776 2890 Persis
2812 2837 2954 2889 inter
3001 2851 3059 2890 se
3098 2835 3300 2888 bellum
3349 2852 3445 2904 ge-

1850 2931 2124 2986 rentibus.
2159 2930 2399 2985 Primam
2430 2930 2596 3000 igitur
2627 2929 3003 2982 Romauorum
3036 2925 3322 2980 victoriam
3360 2942 3448 2978 rc-

1849 3022 1954 3077 fert
2012 3023 2160 3078 circa
2214 3023 2386 3076 Daras
2437 3037 2501 3076 ac
2554 3021 2804 3084 Nisibin,
2865 3035 2991 3074 cum
3042 3018 3339 3072 Belisaiius
3393 3028 3450 3072 et

1850 3115 2226 3185 Hermogenes
2261 3115 2516 3168 Romano
2550 3112 2819 3184 exercitui
2848 3119 3171 3180 prazessent.
3207 3110 3451 3180 Sulajun-

172 3201 282 3267 ρίου
329 3180 688 3272 Ἑρμογένους
741 3221 802 3255 τε
855 3199 922 3257 αὖ
953 3203 1020 3256 τὰ
1057 3203 1350 3274 Ῥωμαίων
1405 3203 1746 3273 στρατόπεδα

1851 3208 1928 3279 git
1958 3180 2159 3262 deinde
2193 3223 2282 3262 res
2317 3207 2372 3260 in
2403 3206 2659 3260 armenia
2690 3180 2892 3275 gestas,
2925 3204 3258 3274 quantisque
3286 3201 3449 3255 malis

167 3291 623 3363 διακοσμούντων.
657 3290 751 3357 Οἷς
804 3295 1169 3348 ὲπισυνάπτει
1203 3296 1297 3348 καὶ
1327 3297 1427 3348 ὅσα
1458 3295 1600 3348 κατὰ
1648 3302 1747 3364 τὴν

180 3385 477 3456 Ἀρμενίων
499 3388 690 3455 γέγονε
721 3387 929 3458 χώραν,
950 3383 1039 3441 οἶά
1061 3405 1120 3440 τε
1149 3388 1293 3441 κατὰ
1320 3388 1420 3458 τὴν
1462 3387 1748 3456 Ῥωμαίων

168 3479 459 3549 εἰργάσατο
502 3479 607 3550 γῆν
644 3481 1081 3552 Ἀλαμούνδαρος
1141 3481 1250 3533 τῶν
1280 3481 1570 3552 Σκηνητὼν
1603 3481 1750 3550 Βαρ-

167 3569 344 3641 ὀάρων
372 3571 705 3642 ἡγούμενος·
735 3573 794 3636 ὃς
822 3573 914 3626 καὶ
940 3573 1318 3644 Τιμόστρατον
1337 3572 1427 3625 τὸν
1464 3572 1747 3640 Ῥουφίνου

167 3663 388 3731 ἀδελφὸν
415 3664 515 3717 σὺν
542 3667 654 3728 τοῖς
680 3666 818 3735 ἀμφ’
849 3666 1014 3718 αὐτὸν
1047 3665 1411 3736 στρατιώταις
1439 3663 1745 3735 ἐζώγρησε,

168 3754 256 3806 καὶ
290 3755 591 3826 χρημάτων
627 3755 852 3824 ὓστερον
880 3756 1138 3826 μεγάλων
1164 3755 1418 3820 ἀπέδοτο⁸

772 3869 1024 3924 ΚΕΦΑΛ.
1047 3870 1152 3923 ⁴ΙΓ’.

167 3960 302 4028 Περὶ
369 3962 894 4032 Ἀλαμουνδάιιου,
947 3962 1048 4016 καὶ
1107 3959 1428 4084 Ἆζαΐέθου,
1479 3963 1575 4016 καί
1643 3960 1750 4028 τῆς

232 4032 300 4083 ἐν
327 4031 632 4084 Βυζαντία)
665 4033 941 4084 στάσεως
998 4030 1107 4084 tric-
1133 4031 1210 4083 ἐπ
1238 4035 1396 4084 κλην
1438 4034 1749 4084 λαϐούσῃ(-

232 4032 300 4154 et;
324 4030 632 4156 ξῗζαντίῳ
665 4033 941 4099 στάσεως
998 4030 1107 4100 τῆς
1133 4030 1396 4099 ἐπίκλην
1438 4034 1749 4100 λαϐούσης

231 4118 260 4152 τ
403 4120 501 4156 ια.

231 4194 564 4263 neptium};
589 4195 817 4265 διεξίησι
851 4197 946 4249 καὶ
982 4195 1080 4265 τὴν
1139 4194 1234 4249 τοῦ
1273 4193 1602 4264 λελεγμένου
1660 4211 1748 4264 μοι

177 4281 614 4354 Ἀλαμουνδάρου
671 4288 765 4340 καὶ
807 4285 1107 4355 Ἄζαρέοου
1151 4286 1292 4339 κατὰ
1327 4285 1427 4354 τῆς
1461 4284 1747 4355 Ῥωμαίων

165 4371 262 4442 γῆς
297 4375 506 4442 ἕφοδον,
534 4377 684 4438 ὅπως
714 4393 774 4428 τε
803 4375 1014 4439 τούτοις
1052 4375 1152 4444 τὴν
1182 4374 1378 4442 ἄφοδον
1407 4375 1502 4426 ἐπὶ
1522 4375 1588 4427 τὰ
1619 4373 1748 4442 σφέ-

163 4482 293 4536 τερα
314 4469 661 4538 ποιουμένοις
690 4469 826 4539 πρὸς
855 4468 978 4538 βίας
1008 4468 1097 4521 τοῦ
1135 4468 1338 4521 οἰκείου
1375 4467 1630 4537 στρατοῦ,
1656 4469 1749 4521 ἐπὶ

1853 3299 2169 3369 provincias
2229 3299 2606 3352 Romanorum
2665 3295 2943 3350 attriverit
3004 3294 3447 3356 Alamundarus,

1856 3393 2199 3449 Scenitarum
2232 3392 2597 3447 Barbarorum
2629 3389 2873 3459 regulus.
2911 3388 3014 3454 Qui
3051 3389 3217 3442 etiam
3254 3387 3446 3440 Timo-

1853 3493 2088 3538 stratum
2140 3483 2324 3539 Ruﬁni
2379 3468 2607 3537 fratrem
2660 3497 2786 3535 cum
2847 3481 3126 3535 universis
3181 3479 3451 3533 militibus

1852 3591 1992 3645 quos
2019 3574 2302 3636 ductabat,
2334 3573 2520 3627 vivum
2558 3572 2728 3641 cepit,
2771 3586 3077 3642 magnaque
3110 3568 3360 3639 pecuniae
3399 3567 3449 3622 vi

1853 3677 1978 3737 post
2010 3667 2127 3722 haec
2155 3667 2502 3736 redemptum
2534 3664 2766 3718 dimisit.

2478 3866 2630 3922 CAP.
2676 3865 2816 3920 Xlll.

1853 3959 1930 4014 De
1955 3958 2327 4015 Alamundaro
2354 3966 2402 4010 et
2432 3959 2695 4012 Azaretlio
2723 3967 2809 4010 :et
2841 3957 2904 4008 de
2928 3957 3188 4009 seditione
3209 3971 3324 4024 quia
3355 3971 3444 4009 or-

1924 4039 1993 4153 ἲς.
2010 4039 2086 4083 est
2113 4028 2598 4099 Constantinopoli,
2635 4029 2718 4080 cui
2756 4044 3044 4097 cognomen
3075 4028 3306 4080 inditum
3348 4026 3449 4096 fuit

1980 4118 2089 4153 ικα.

1980 4118 2089 4153 ικα.

1926 4193 2074 4247 ldem
2111 4192 2416 4262 supradicti
2450 4189 2812 4246 Alamundari
2858 4200 2914 4245 et
2953 4188 3213 4243 Azarethi
3255 4186 3448 4241 incur-

1855 4287 2069 4342 sionem
2098 4288 2150 4340 in
2187 4286 2504 4357 provincias
2530 4285 2749 4355 imperii
2779 4284 3010 4338 Romani
3043 4283 3324 4338 luculente
3353 4276 3450 4336 ad-

1857 4377 2082 4431 modum
2123 4385 2356 4430 narrat:
2401 4386 2456 4430 et
2484 4374 2956 4446 quemadmodum
3001 4373 3304 4428 Belisarius
3351 4387 3449 4426 co-

1855 4479 2020 4541 gente
2051 4471 2231 4540 ipsum
2260 4470 2530 4532 exercitu,
2548 4484 2644 4523 eos
2664 4469 2715 4522 in
2735 4468 3014 4538 regionem
3037 4483 3190 4521 suam
3214 4466 3452 4522 redeun-

1463 4603 1696 4661 νΑΒΙίΕ
1742 4604 2145 4660 LECTIONES.

234 4703 281 4733 "
306 4701 368 4757 C.
397 4701 460 4757 C.
498 4699 796 4755 ἐπιδοῦναι.

1379 4813 1652 4870 VALESII
1691 4814 2139 4872 ΑΝΝΟΤΛΤΙΟΝ
2149 4817 2249 4871 ES.

167 4951 380 5005 porum.
421 4934 578 5005 Tenet
625 4933 765 4986 enim
798 4933 960 4986 vicem
1005 4928 1375 5005 apostolicam,
1416 4939 1464 4981 et
1507 4929 1755 4998 prmidet

168 5001 284 5086 tant
295 5004 745 5086 __met10po‘litanisn
765 5001 1229 5086 quam_episco'pis.

1121 5068 1264 5124 lacet
1296 5069 1616 5138 conjectura
1653 5068 1751 5122 do-

238 5075 348 5145 (87)
389 5071 682 5129 Bormann
713 5071 889 5145 ὥστε.
933 5071 1053 5125 Non

1378 5139 1750 5193 emendarunt

238 5086 348 5145 (Π)
389 5086 682 5129 δουλεῖαι
713 5088 889 5125 wars.
933 5086 1053 5125 non
1121 5086 1264 5124 Iacet
1296 5086 1319 5124 ε

168 5152 382 5200 ctorum
432 5145 706 5207 virorum,
761 5142 856 5211 qui
913 5156 1018 5211 pro
1069 5086 1319 5211 ἑούλεται

1867 4930 2202 5002 βουλεύεται.
2225 4931 2416 5002 Neque
2448 4931 2596 4985 enim
2627 4931 2818 4986 Grzece
2843 4930 2954 4985 dici
2986 4943 3166 5000 potest
3197 4933 3451 5002 βουλεύε-

1861 5017 1950 5075 ται
1985 5001 2144 5075 ibo-te,
2169 5013 2278 5056 etc.
2309 5001 2742 5075 Nicephorusin
2781 5003 2878 5075 lib.
2916 5020 3041 5064 xm.
3070 5020 3192 5073 cap.
3235 5005 3314 5066 l0,
3350 5023 3450 5075 pro

1862 5071 1948 5192 blis
1987 5071 2206 5125 duobus
2240 5073 2528 5126 vocabulis
2581 5073 2749 5126 habet
2784 5074 3060 5140 διενοεῖτο,
3099 5071 3244 5145 quod
3279 5071 3452 5147 magis

1862 5157 1894 5194 ι)
1917 5151 2061 5194 aret.

1860 5157 2061 5209 piaret.

1616 5285 1702 5337 VA
1713 5282 2000 5340 RIORUM.

235 5374 302 5443 (ε)
342 5376 505 5446 Κατὰ
533 5374 958 5442 Βελισσὰριοικ
997 5374 1228 5429 Ducebat
1268 5375 1558 5429 Brlisurius
1593 5377 1754 5446 origi-

168 5461 284 5498 nem
315 5462 380 5499 ea:
419 5445 708 5502 Germania
735 5462 854 5511 qua:
895 5448 1034 5498 inter
1071 5447 1300 5500 Thracas
1325 5455 1374 5498 et
1407 5446 1619 5516 Illyrios
1650 5445 1752 5500 sita

168 5523 260 5598 est,
297 5517 485 5598 inquit
510 5516 851 5598 Procopius,
888 5516 1032 5598 lib.“|
1069 5516 1292 5598 .Va‘nda‘l.
1319 5533 1451 5598 cap.
1481 5518 1567 5598 ll.
1601 5517 1751 5598 ldem

169 5585 466 5658 Procopius
509 5585 669 5641 initio
701 5587 828 5658 libri
861 5603 918 5658 ιιι
961 5585 1037 5639 De
1065 5586 1202 5640 bello
1232 5585 1608 5658 Colle—laudes
1635 5587 1754 5658 ejus

169 5655 420 5726 pluribus
466 5657 842 5726 persequitur,
873 5657 1063 5726 aitque
1095 5657 1384 5726 pneditum
1421 5673 1547 5712 eum
1579 5655 1753 5712 fuisse

170 5723 432 5795 singulari
466 5723 848 5790 continentia,
902 5723 1282 5780 muniﬁcentia
1317 5729 1371 5780 in
1419 5728 1643 5790 milites,
1696 5729 1752 5781 in

173 5793 338 5850 rebus
385 5797 647 5867 omnibus
681 5795 945 5861 solertia;
984 5797 1038 5850 in
1082 5796 1331 5851 adversis
1385 5797 1754 5867 imperturba-

175 5871 284 5920 tum
333 5866 580 5922 animum
646 5867 992 5933 ostendisse,
1042 5867 1097 5922 in
1158 5866 1746 5939 prosperis’superbia

1864 5394 1972 5432 non
2015 5379 2242 5432 clatum.
2286 5379 2472 5434 (“ulla
2507 5381 2572 5434 de
2620 5380 2882 5434 Belisario
2930 5379 3226 5448 descripsit
3254 5380 3452 5435 Snidns

1862 5464 1928 5519 ex
1979 5460 2286 5503 memorato
2340 5451 2593 5519 Procopii
2638 5452 2826 5519 libro.)
2861 5451 3450 5506 Cmterumexeaecatio

1864 5518 2134 5575 Belisarii.
2158 5520 2508 5590 elecmosyua
2525 5518 2598 5573 ab
2623 5537 2689 5574 eo
2719 5518 2912 5589 petita,
2937 5522 3153 5590 aliaque
3186 5521 3236 5574 id
3255 5535 3449 5590 genus,

1862 5605 1986 5658 qua:
2027 5606 2093 5644 ex
2125 5590 2335 5645 Joanne
2386 5590 2584 5645 Tzetze
2627 5604 2783 5659 poeta
2827 5592 3040 5654 Graeco,
3075 5592 3306 5658 aliisque
3364 5608 3451 5645 re-

1863 5660 2206 5714 centioribus
2253 5662 2528 5716 Baronius
2568 5663 2783 5726 recitat,
2810 5672 3119 5716 commenta
3154 5671 3302 5724 sunt,
3327 5663 3455 5729 qui-

1861 5729 1984 5793 bus,
2037 5732 2371 5785 reclamautc
2403 5732 2758 5800 antiquitate,
2809 5735 2957 5786 nulla
2995 5733 3131 5787 ﬁdes
3169 5732 3448 5799 habenda,

1861 5800 2041 5871 inquit
2080 5805 2206 5855 .-\nl.
2246 5802 2395 5869 l'agi,
2435 5803 2500 5856 ad
2544 5821 2670 5856 ann.
2707 5805 2830 5867 51d,
2871 5820 2923 5856 ιι.
2972 5806 3021 5857 7.
