4096 6460
642 398 780 460 2727

1866 390 2180 458 EVAGRII
2221 389 2712 450 SCHOLASTH‘J

3785 387 3915 450 2728

643 525 749 572 tes,
775 509 931 579 juxta
985 508 1158 576 ripam
1219 507 1520 576 Euphratis
1563 521 1852 576 aggressus
1909 505 2001 567 sit,
2051 503 2234 557 immi-

2341 503 2457 563 ταῖς
2505 502 2651 569 ὴῖόσι
2713 499 2806 551 τοῦ
2870 498 3158 567 Εὐφράτου
3214 497 3541 563 Βελισὰριος
3591 497 3908 564 συνεπλάκη.

645 606 810 654 nente
843 599 932 651 die
965 597 1106 649 festo
1132 595 1358 650 Paschte
1393 613 1406 647 :
1443 605 1611 664 utque
1649 596 2024 648 Romanorum
2056 591 2228 661 copiae

643 692 840 745 deleta:
864 688 1089 752 fuerint,
1124 703 1251 742 cum
1285 687 1538 742 Belisarii
1574 687 1824 740 consiliis
1867 686 2093 739 minime
2128 684 2224 739 ob-

646 791 1089 850 temperassent:
1117 779 1356 849 denique
1388 777 1678 847 quomodo
1707 775 1957 830 Bullinus
1996 783 2052 829 et
2085 774 2226 829 lier-

645 888 903 941 mogenes
947 888 1136 942 pacem
1171 887 1293 925 eam
1327 887 1448 940 quae
1484 868 1912 924 interminabilis
1942 867 2087 921 dicta
2119 874 2224 930 est,

643 980 767 1016 cum
799 964 982 1017 Persis
1018 960 1350 1030 pepigerint.
1385 960 1635 1014 Posthaec
1657 958 1944 1030 subjungit
1977 962 2046 1013 de
2078 959 2224 1012 sedi-

644 1058 794 1109 tione
827 1055 1003 1124 plebis
1029 1053 1680 1122 Constantinopolitanae,
1729 1053 1820 1107 cui
1875 1051 2226 1122 popularium

644 1157 850 1200 tessera
884 1144 1216 1198 vocabulum
1261 1143 1435 1197 dedit.
1473 1143 1603 1197 Nica
1650 1142 1800 1197 enim
1854 1143 1972 1200 haec
2026 1142 2228 1196 seditio

642 1234 1031 1305 cognominata
1074 1241 1180 1295 est,
1214 1246 1280 1284 eo
1314 1230 1460 1300 quod
1508 1232 1748 1301 populus
1793 1231 1848 1284 in
1877 1247 2045 1284 unum
2098 1245 2230 1283 con-

641 1334 918 1395 gregatus,
965 1319 1376 1375 internOScendi
1408 1322 1494 1374 sui
1547 1337 1712 1376 causa
1765 1329 2033 1375 tesseram
2088 1320 2229 1372 hanc

642 1417 743 1469 sibi
776 1424 969 1468 mutuo
998 1412 1266 1466 dediSSet.
1298 1412 1416 1479 Qua
1463 1413 1520 1466 in
1560 1412 1837 1467 seditione
1869 1412 2139 1482 llypatius
2173 1419 2230 1465 et

642 1506 957 1575 Pompeius,
989 1489 1222 1572 cogente
1255 1503 1807 1574 plebe,tyrannidem
1844 1502 2226 1571 arripuerunt.

642 1600 750 1653 Sed
788 1615 914 1651 mox
945 1597 1161 1651 devicta
1199 1596 1381 1665 plebe,
1419 1605 1656 1665 uterque
1701 1610 1898 1649 eorum
1929 1593 2227 1649 Justiniani

637 1692 793 1761 jussu
829 1706 858 1743 a
888 1687 1374 1757 militibuscapite
1402 1688 1639 1741 truncati
1659 1697 1716 1742 et
1741 1701 1794 1738 In
1819 1701 1970 1741 mare
2013 1685 2233 1739 demer-

641 1785 686 1837 si
718 1792 871 1836 sunt.
903 1782 1148 1852 Triginta
1177 1797 1351 1851 porro
1388 1780 1677 1834 hominum
1704 1778 1879 1833 millia
1922 1778 1979 1832 in
2005 1777 2113 1832 hoc
2137 1786 2229 1833 tu-

641 1876 817 1929 multu
841 1873 1170 1928 occubuisse
1202 1872 1509 1942 Procopius
1541 1870 1757 1926 scribit.

1267 2002 1425 2059 CAP.
1461 2003 1602 2059 XIV.

643 2123 718 2176 De
750 2123 1011 2176 flunerico
1037 2121 1400 2176 Vandalorum
1428 2137 1568 2191 rege,
1596 2128 1645 2174 et
1668 2120 1733 2174 de
1753 2119 2072 2174 Christianis
2109 2120 2221 2190 qui-

1011 2193 1105 2245 bus
1149 2191 1389 2262 linguam
1431 2191 1648 2263 prwcidi
1685 2191 1868 2259 jussit.

719 2387 776 2440 In
801 2401 869 2439 eo
892 2395 1077 2439 autem
1109 2387 1257 2440 libro
1278 2401 1390 2455 quo
1413 2402 1502 2440 res
1521 2385 1846 2442 Vandalicas
1867 2387 2114 2458 exponit,
2140 2403 2230 2442 res

647 2477 914 2529 maximas
951 2475 1143 2534 refert.
1181 2491 1522 2545 prorsusque
1559 2476 1752 2547 dignas
1784 2493 1906 2547 qua:
1937 2479 2230 2548 sempiter-

646 2585 729 2622 nre
767 2568 1050 2620 hominum
1091 2568 1374 2622 memoriae
1403 2569 1888 2626 'commendentur.
1925 2559 2032 2626 Eas
2061 2571 2228 2641 igitur

645 2661 751 2714 hoc
779 2661 902 2713 loco
930 2660 1400 2714 commemorabo.
1436 2659 1769 2730 Hunericus,
1792 2662 1886 2732 qui
1913 2670 2038 2731 post
2073 2662 2230 2718 Gise-

649 2753 826 2822 ricum
856 2749 1210 2805 haareditatio
1228 2751 1358 2820 jure
1383 2767 1616 2822 regnum
1641 2753 1905 2815 obtinuit,
1928 2769 2054 2807 cum
2083 2764 2231 2808 esset

647 2842 812 2911 396
835 2841 1094 2903 Arianus,
1136 2841 1482 2897 Christianos
1507 2844 1561 2898 in
1591 2844 1773 2898 Africa
1806 2845 2072 2916 degentes
2098 2861 2228 2900 cru-

647 2937 928 2990 delissime
962 2936 1183 2990 vexavit
1214 2953 1228 2988 :
1266 2952 1362 2991 eos
1389 2938 1486 3007 qui
1518 2947 1725 2993 rectam
1763 2939 1890 2993 fidei
1923 2940 2230 2995 doctrinam

648 3029 1050 3096 sequebantur,
1099 3044 1199 3098 per
1239 3029 1350 3083 vim
1395 3045 1596 3100 cogens
1641 3030 1709 3084 ad
1745 3029 1863 3084 Arii
1911 3032 2230 3100 opinionem

649 3118 965 3172 deflectere.
994 3118 1051 3172 Si
1083 3119 1177 3188 qui
1207 3134 1340 3173 vero
1369 3121 1646 3174 mandatis
1695 3122 1818 3191 ejus
1871 3122 2102 3179 minime
2129 3122 2230 3175 ob-

651 3219 1076 3278 temperassent,
1118 3225 1217 3265 eos
1251 3211 1345 3265 ille
1374 3222 1472 3266 aut
1502 3211 1758 3277 ﬂammis,
1785 3223 1881 3268 aut
1905 3213 2014 3267 alio
2039 3214 2234 3267 mortis
2263 3252 2306 3307 ο

651 3325 854 3379 genere
889 3309 1282 3364 intcrllciebat.
1310 3308 1652 3374 Quibusdam
1677 3325 1809 3363 vero
1841 3309 2057 3378 linguas
2073 3309 2238 3378 jussit

652 3401 923 3456 abscindi.
962 3399 1073 3455 Hos
1103 3402 1172 3455 ab
1206 3417 1264 3456 se
1299 3404 1450 3456 visos
1485 3416 1609 3455 esse
1644 3409 1878 3455 testatur
1912 3402 2235 3470 Procopius,

652 3510 778 3547 cum
814 3492 1028 3562 profugi
1055 3493 1344 3547 venissent
1367 3492 1946 3562 Constantinopolim;
1976 3506 2146 3561 seque
2177 3491 2240 3544 il-

655 3588 736 3640 los
781 3585 1014 3655 perinde
1067 3585 1359 3653 loquentes
1393 3584 1674 3638 audivisse
1723 3599 1786 3638 ac
1825 3583 1871 3638 si
1919 3584 2060 3637 nihil
2093 3584 2239 3653 passi

649 3687 856 3733 essent.
901 3677 969 3730 Et
1028 3678 1248 3746 linguas
1316 3677 1541 3745 quidem
1585 3676 1668 3730 eis
1702 3675 1970 3730 radicitus
2027 3658 2240 3729 excisas

652 3771 823 3824 fuisse
853 3787 866 3822 :
907 3785 1099 3822 vocem
1137 3776 1319 3822 tamen
1364 3783 1460 3821 eos
1489 3767 1835 3820 articulatam
1866 3766 2153 3829 habuisse,
2176 3781 2240 3820 ac

653 3865 916 3919 distincte
947 3864 1166 3917 locutos
1202 3879 1350 3923 esse.
1389 3877 1534 3915 novo
1564 3872 1730 3930 atque
1767 3861 2036 3916 inusitato
2074 3861 2242 3915 mira-

653 3959 800 4012 culo.
844 3957 1052 4010 llorum
1096 3955 1306 4008 mentio
1364 3953 1424 4007 lit
1475 3954 1642 4008 etiam
1706 3953 1762 4005 in
1819 3951 2235 4008 Constitutione

653 4049 977 4105 Iustiniani.
1007 4049 1087 4102 Ex
1124 4048 1330 4117 quibus
1355 4046 1515 4119 \duos
1547 4047 1730 4115 lapsos
1770 4061 1892 4099 esse
1936 4045 2241 4114 Procopius

653 4143 872 4197 scribit.
919 4142 1056 4196 Nam
1097 4139 1362 4210 quoniam
1403 4155 1529 4194 eum
1574 4139 1906 4193 mulieribus
1961 4137 2239 4192 commisti

656 4237 899 4300 fuerant,
936 4250 1128 4288 vocem
1156 4233 1381 4303 penitus
1404 4232 1740 4298 amiserunt,
1779 4232 2032 4303 martyrii
2065 4229 2242 4301 gratia

655 4329 727 4384 ah
754 4328 862 4381 illis
893 4327 1149 4397 protinus
1176 4323 1493 4381 recedente.

2330 596 2688 663 ἐπικειμένης
2715 593 2815 660 τῆς
2839 590 3152 660 Πασχαλίας
3179 590 3416 659 ἡμέρας,
3441 589 3539 640 καὶ
3560 589 3711 651 ὅπως
3738 592 3766 639 ὸ
3791 589 3910 640 Ῥω-

2333 686 2512 757 μαίων
2535 685 2803 754 διεφθάρη
2833 683 3088 754 στρατὸς,
3129 683 3239 734 τῶν
3267 682 3594 752 Βελισαρίου
3620 681 3907 751 βουλευμά-

2329 767 2438 834 των
2475 780 2575 833 οὐκ
2609 778 2979 849 ἀνασχόμενος
3000 794 3014 807 ·
3051 778 3200 838 ὅπως
3231 793 3292 830 τε
3343 777 3631 845 Ῥουφῖνος
3663 775 3758 827 καὶ
3798 773 3908 842 Ἐρ-

2334 870 2568 941 μογένης
2603 871 2700 940 τὴν
2756 869 3104 938 καλουμένην
3151 867 3464 936 ἀπέραντον
3513 868 3742 938 εἰρήνην
3785 866 3908 935 πρὸς

2332 961 2547 1032 Πέρσας
2575 961 2853 1030 διέθηκαν.
2885 956 2982 1024 Οἷς
3037 960 3234 1028 ἐπάγει
3262 961 3361 1030 τὴν
3386 960 3493 1014 άνά
3531 960 3593 1012 τὸ
3632 959 3909 1022 Βυζάντιον

2329 1055 2632 1123 γενομένην
2662 1052 2771 1106 τῶν
2822 1053 3076 1122 δημοτῶν
3125 1054 3338 1117 στάσιν,
3458 1051 3831 1120 προσηγορίαν
3860 1049 3911 1100 τὸ

2333 1146 2578 1216 σύνθεμα
2608 1145 2718 1198 τῶν
2772 1145 2964 1214 δήμων
2995 1145 3218 1197 δέδωκε.
3249 1143 3324 1194 Τὸ
3353 1143 3502 1194 Νίκα
3534 1141 3612 1212 (d)
3661 1141 3773 1210 γάρ
3802 1141 3910 1192 ἐπί-

2332 1243 2528 1308 κλησιν
2552 1235 2789 1297 ποιοῦσι.
2826 1235 2983 1287 τοῦτο
3010 1236 3122 1288 τῶν
3142 1235 3333 1304 δήμων
3345 1232 3600 1301 ἀλληλοις
3626 1232 3912 1300 συναφθέν-

2330 1347 2439 1382 των
2492 1328 2736 1398 σύνθεμα
2762 1327 2964 1380 δόντων
2987 1328 3084 1395 τῆς
3112 1329 3170 1388 ὲς
3193 1324 3454 1396 ἀλλήλους
3479 1323 3756 1391 γνώσεως.
3784 1323 3907 1375 Καθ’

2330 1417 2670 1490 ἠνὙπάτιός
2700 1434 2759 1470 τε
2787 1421 2879 1470 καὶ
2904 1419 3189 1487 Πομπήῖος
3224 1416 3528 1486 βιασθὴτην
3547 1414 3650 1483 μὲν
3678 1415 3784 1466 ὑπὸ
3814 1413 3909 1464 τῶν

2329 1514 2518 1583 δήμων
2553 1513 2691 1584 πρὸς
2719 1513 2820 1581 τὴν
2870 1511 3182 1580 τυραννίδι.
3229 1509 3512 1578 Ἐκατέρῳ
3554 1507 3611 1559 δὲ
3649 1506 3786 1576 πρὸς
3811 1505 3909 1556 τῶν

2334 1603 2685 1676 στρατιωτῶν
2717 1603 3056 1673 κελεύμασιν
3101 1598 3485 1655 ’1ουστινιανοῦ
3520 1600 3622 1670 τὴν
3679 1597 3911 1667 κεφαλὴν

2331 1696 2676 1767 ἀποθεμένῳ,
2709 1693 3126 1765 κατεποντώθη,
3155 1694 3264 1747 τῶν
3317 1693 3508 1762 δήμων
3547 1690 3907 1762 ἡσσηθέντων.

2332 1789 2466 1842 Ὅτε
2490 1787 2584 1840 καὶ
2613 1788 2906 1855 τριάκοντα
2930 1786 3176 1856 χιλιάδας
3209 1786 3268 1839 ἂν
3298 1783 3380 1853 τῷ
3408 1785 3558 1854 πόνῳ
3581 1782 3786 1852 τούτῳ,
3815 1797 3912 1850 φη-

2263 1879 2312 1938 Β
2342 1883 2428 1934 σὶν
2459 1882 2488 1934 ό
2511 1880 2819 1950 Προκόπιος
2853 1878 3161 1953 ἀνθρώπων
3191 1876 3512 1931 ἀπολέσθαι.

2948 2015 3200 2068 ΚΕΦΔΛ.
3233 2012 3336 2068 1Δ’.

2335 2121 2480 2202 Περί
2539 2121 2863 2202 Ὀτωρίχου
2912 2122 3028 2202 tot-)-
3077 2123 3392 2202 Bardgwr
3443 2122 3789 2202 ἄρχοντος-,⁵
3819 2123 3906 2202 καί

2408 2191 2529 2273 τῶς·
2557 2191 3189 2262 γλωσσοτομηθέντων
3235 2191 3611 2262 Χριστιανῶν
3651 2194 3789 2263 παρ’
3812 2196 3910 2248 οὐ·

2406 2279 2537 2316 του.
3384 2304 3385 2307 η

2407 2398 2498 2469 Τῷ
2526 2397 2676 2469 αὒτῷ
2712 2398 2781 2451 τά
2828 2397 2971 2452 κατὰ
3004 2397 3293 2462 Βανδίλους
3340 2400 3631 2470 γράφοντι,
3693 2398 3912 2471 μέγιστα

2333 2491 2594 2553 τέθειται,
2642 2491 2737 2545 καὶ
2769 2493 2993 2562 μνήμης
3026 2493 3082 2555 ες
3137 2492 3224 2544 ἀεὶ
3251 2491 3662 2563 διασωζομένης
3711 2493 3852 2557 ἄξια.
3880 2491 3913 2544 ἃ

2334 2585 2506 2651 λέξων
2528 2583 2784 2654 ἔρχομαι.
2828 2583 3118 2654 Ὀνὼριχος
3155 2583 3224 2656 (ε)
3258 2585 3357 2654 τὴν
3381 2583 3664 2653 βασιλείαν
3680 2586 3749 2637 ἐκ
3780 2585 3914 2648 Γιζε-

2337 2678 2492 2748 ρίχου
2514 2677 2921 2748 διαδεξάμενος,
2954 2679 3023 2732 τά
3055 2694 3116 2730 τε
3158 2679 3369 2750 Ἀρείου
3394 2677 3746 2749 θρησκεύων,
3779 2678 3907 2747 ὠμόι

2335 2788 2474 2823 τατα
2530 2770 2797 2824 διετίθετο
2852 2756 3000 2840 ἀμφὶ
3029 2771 3162 2834 τοὺς
3215 2773 3274 2824 ὲν
3309 2770 3486 2842 Λιΰύῃ
3544 2772 3914 2842 Χριστιανοὺς,

2336 2862 2464 2925 τοὺς
2485 2861 2559 2915 τὰ
2598 2861 2736 2932 ὀρθά
2774 2862 3184 2933 πρεσὸεύοντας
3217 2862 3466 2931 δόγματα
3503 2862 3823 2933 βιαζόμενος
3865 2865 3915 2924 ις

2337 2953 2436 3022 τὴν
2465 2954 2764 3023 Ἀρειανῶν
2830 2953 3219 3024 μετατίθεσθαι
3269 2955 3453 3022 δόξαν⁸
3484 2955 3580 3008 καὶ
3603 2956 3732 3020 τούς
3759 2974 3818 3010 τε
3851 2956 3916 3025 μὴ

2340 3044 2695 3108 ὑπείκοντας,
2762 3045 2896 3116 πυρί
2946 3062 3009 3098 τε
3059 3047 3158 3098 καὶ
3205 3046 3432 3117 μυρίαις
3478 3045 3732 3100 θανάτων
3766 3047 3916 3109 ίδέαις

2340 3136 2596 3207 ἔφθειρεν
2617 3151 2632 3166 ο
2666 3135 2844 3200 ἐνίους
2879 3137 2944 3200 ,δὲ
2973 3139 3074 3200 τὰς
3099 3137 3355 3205 γλώσσας
3391 3139 3668 3208 ἀφείλετο.
3693 3140 3914 3201 Τούτους

2340 3228 2435 3281 καὶ
2461 3229 2525 3296 τῇ
2554 3226 2654 3296 θέᾳ
2687 3227 3025 3297 παραϐαλεῖν
3080 3227 3194 3300 (48)
3248 3231 3276 3282 ό
3306 3230 3614 3300 Προκόπιος
3642 3231 3770 3302 ἔφη,
3799 3232 3916 3301 πρὸς

2339 3318 2438 3386 τὴν
2489 3317 2758 3386 βασιλέως
2806 3319 3136 3386 γενομένους
3178 3320 3334 3372 πόλιν
3359 3321 3554 3374 αὐτόσε
3587 3324 3917 3394 διαδράντας,

2340 3412 2584 3479 ἐντυχεῖν
2617 3427 2680 3462 τε
2723 3411 2907 3475 αὐτοῖς
2933 3411 3022 3464 ίσα
3051 3413 3168 3476 τοῖς
3210 3413 3377 3484 μηδὲν
3408 3416 3708 3468 πεπονθόσι
3765 3416 3920 3485 φθεγ-

2341 3507 2616 3576 γομένοις.
2654 3507 2769 3560 Καὶ
2798 3508 2897 3570 τὰς
2957 3510 3058 3580 μὲν
3090 3508 3344 3577 γλώσσας
3391 3509 3452 3574 ἐξ
3505 3509 3676 3564 αὑτοῦ
3708 3510 3800 3564 τοῦ
3828 3527 3923 3561 πυ-

2343 3599 2537 3669 θμένος
2576 3600 2954 3669 ἀνακεκάρθαι
2977 3616 2992 3630 ⁸
3027 3601 3129 3671 τὴν
3159 3600 3216 3653 δὲ
3242 3600 3426 3672 φωνὴν
3455 3601 3639 3662 αὐτοῖς
3677 3600 3923 3672 ἔναρθρον

2345 3685 2506 3754 εἶναι,
2543 3689 2640 3742 καὶ
2681 3689 2904 3760 εὖσημα
2969 3689 3356 3757 διαλέγεσθαι·
3414 3688 3600 3758 θαῦμα
3637 3691 3824 3742 καινόν
3873 3706 3922 3739 τε

2347 3781 2443 3834 καὶ
2483 3780 2789 3851 παράδοξον
2809 3797 2824 3812 °
2855 3773 2932 3833 ὧν
2959 3780 3058 3834 καὶ
3119 3781 3408 3834 ’1ουστίνου
3461 3781 3704 3846 διάταξις
3732 3798 3924 3851 μνημο-

2345 3871 2514 3927 νεύει.
2557 3871 2649 3935 Ἐξ
2702 3865 2778 3924 ὧν
2821 3873 2916 3925 καὶ
2954 3871 3050 3924 δύο
3088 3873 3591 3942 παρολισθησάτην,
3643 3872 3720 3935 ὡς
3774 3872 3931 3934 aii-:9);

2345 3963 2658 4034 ἀναγράφει
2701 3964 3029 4035 Προκόπιος.
3075 3965 3294 4034 Ἐπειδὴ
3345 3966 3455 4035 γὰρ
3514 3964 3768 4033 γυναιξὶν
3815 3966 3922 4032 ὀμι-

2346 4053 2460 4107 λεῖν
2515 4054 2926 4127 ὲόουληθήτην,
2979 4055 3080 4125 τὴν
3145 4056 3332 4127 φωνὴν
3381 4056 3741 4127 ἁφῃρεθήτην
3767 4096 3782 4118 ,
3838 4055 3923 4106 τοῦ

2353 4147 2657 4218 μαρτυρίου
2699 4147 2802 4218 τῆς
2849 4149 3076 4218 χάριτος
3114 4149 3301 4202 αὑτοῖν
3349 4150 3552 4219 μηκέτι
3586 4148 3926 4219 παραμεινά-

2351 4253 2471 4307 σης.

1861 4479 2130 4535 VALESII
2173 4478 2736 4536 ANNOTATIONES.

727 4627 840 4750 $48)
885 4624 964 4694 Τῇ
995 4625 1099 4692 θέᾳ
1128 4623 1518 4690 παραϐαλεῖν.
1560 4620 1928 4676 Scribendum
1955 4627 2042 4674 est
2063 4637 2245 4689 παρα-

652 4699 720 4751 ’λα
763 4701 863 4751 εῖν.
908 4707 968 4749 ιιι
1015 4697 1122 4751 iam
1168 4695 1264 4748 alii
1310 4702 1438 4747 ante
1491 4708 1595 4746 nos
1633 4694 2027 4746 observarunt.
2069 4690 2243 4744 Porro

677 4717 720 4752 .α

2355 4618 2751 4674 Thunonensis
2788 4618 2840 4670 in
2872 4619 3152 4685 Chronica,
3184 4628 3474 4675 consmatu
3505 4623 3674 4676 tertio
3699 4621 3920 4677 Zenonis

763 4689 863 4758 εῖν,
908 4689 968 4749 ut
1009 4689 1122 4764 jain
1168 4689 1264 4748 alii
1310 4702 1438 4747 ante
1491 4708 1595 4764 nos
1633 4694 2027 4764 observarunt.
2069 4690 2243 4764 Porro
2277 4695 2320 4749 ἰ)
2350 4690 2608 4764 Augusti.
2652 4689 2721 4743 Et
2749 4689 3219 4764 Vlc_mr_\'_itensis
3253 4690 3307 4764 in
3334 4691 3433 4764 lib.
3472 4690 3546 4764 De
3579 4695 3921 4764 persecutione

655 4772 724 4824 de
760 4769 846 4822 his
879 4761 1294 4821 confessoribus
1335 4763 1629 4820 Africanis.
1683 4762 1889 4831 quibus
1927 4761 2245 4831 Hunericus

659 4855 755 4893 rex
809 4837 1176 4892 Vandalorum
1217 4835 1462 4904 linguam
1506 4830 1728 4904 praecidi
1757 4830 2243 4904 jussera_t,_ethqui

660 4908 1012 4980 postmodum
1061 4900 1369 4980 loqui__non
1405 4900 1774 4980 _d_estiter_unt,
1823 4901 2071 4980 praecisis
2115 4900 2248 4980 licet

660 4969 885 5047 linguis,
932 4969 1186 5047 loquitur
1221 4975 1574 5047 Marcellinus
1617 4969 1910 5047 Gamesjin
1964 4969 2244 5047 Chronico,

657 5041 1019 5102 'l‘heodorico'
1042 5055 1098 5100 et
1147 5045 1423 5101 Venantio
1458 5058 1576 5098 cos.
1622 5043 1716 5096 ubi
1755 5043 1922 5096 etiam
1975 5041 2246 5112 quosdam

657 5135 726 5173 ex
754 5119 866 5172 illis
905 5134 935 5171 a
964 5133 1022 5172 se
1045 5119 1194 5171 visos
1222 5130 1345 5170 esse
1379 5121 1633 5169 testatur.
1671 5112 1818 5167 Idem
1840 5111 2035 5167 scribit
2059 5111 2249 5166 Victor

2352 4759 2768 4831 Vandalorum‘;
2827 4759 3180 4831 AJustinianus
3234 4760 3480 4830 denique
3534 4759 3832 4831 imperator
3875 4761 3920 4813 in

2344 4830 2464 4899 lege
2514 4832 2546 4900 lg
2585 4830 2655 4884 de
2695 4829 2877 4900 cilicio
2921 4830 3166 4898 praefecti
3210 4829 3471 4900 praetorio
3505 4829 3722 4887 Africa.
3765 4833 3920 4899 Quam

2348 4898 2647 4971 Iustiniani
2683 4898 3151 4971 constitutionem
3191 4898 3357 4971 paulo
3402 4912 3524 4971 post
3577 4903 3766 4956 laudat
3795 4898 3922 4957 Eva-

2349 4916 2647 4955 Jusumam
2683 4916 3151 4954 uonsmuuonem
3191 4916 3357 5024 paulo
3402 4916 3524 4971 post
3577 4916 3766 4956 laudat
3797 4916 3922 4957 uva-

2349 4970 2502 5040 grius
2524 4978 2716 5024 noster
2747 4969 2802 5023 in
2833 4970 2940 5041 hoc
2960 4971 3162 5039 capite,
3214 4974 3324 5026 icet
3345 4971 3548 5027 Justiui
3583 4988 3788 5026 nomen
3813 4985 3922 5041 per:

2389 5055 2549 5112 eram
2567 5041 2836 5109 scriptum
2859 5037 3065 5112 sit‘pro
3084 5041 3419 5112 Justiniano.
3442 5043 3608 5097 Plura
3641 5042 3766 5097 vide
3793 5037 3920 5112 apud

2433 5110 2674 5176 ronium,
2710 5125 2858 5165 anno
2899 5109 3105 5165 Christi
3147 5111 3274 5166 ιει.

2090 5269 2485 5327 VARIORUM.

737 5421 811 5491 (Δ)
861 5421 930 5474 Τὸ
963 5421 1139 5474 Νίκα.
1181 5420 1334 5491 lianc
1381 5418 1718 5491 seditionem
1773 5413 2077 5491 Procopius
2125 5413 2248 5467 fuse

660 5485 1020 5562 prosequitur
1073 5492 1110 5544 Ι.
1159 5507 1174 5562 ι
1206 5489 1340 5542 Bell.
1372 5490 1524 5562 Pera.
1562 5489 1903 5562 allirmatque
1938 5485 2083 5562 iI_i__ea
2113 5499 2252 5562 οξιςεο

661 5554 1054 5615 Ῑ“υἰεδο’(]ί)οὶί
1105 5561 1324 5630 triginta
1377 5554 1911 5630 hominumhmillia.
1967 5556 2084 5609 Nic.
2125 5554 2255 5607 Ale-

662 5647 899 5686 tnannus
936 5633 990 5684 in
1040 5628 1199 5684 Notis
1236 5631 1302 5684 ad
1337 5631 1588 5698 Procopii
1638 5628 1947 5698 Historiam
1973 5641 2253 5688 arcanam,

707 5741 720 5753 .
755 5703 844 5762 62,
893 5702 1144 5754 exhibuit
1190 5696 1579 5770 Fragmentum
1627 5696 1985 5765 Theophanis
2015 5712 2080 5748 ex
2119 5710 2254 5747 mss.

663 5719 788 5822 eat.
841 5773 1003 5822 codd.
1057 5773 1111 5822 in
1155 5787 1264 5822 ouo
1305 5770 1473 5822 veluti
1509 5770 1560 5821 in
1603 5770 1789 5821 tabula
1821 5765 2009 5818 videre
2039 5773 2122 5818 est
2155 5765 2254 5816 im-

697 5772 788 5824 l'at.
841 5773 1003 5824 codd.
1057 5773 1111 5824 in
1155 5787 1264 5838 quo
1303 5765 1473 5824 i‘eluti
1509 5770 1560 5821 in
1603 5770 1789 5821 tabula
1821 5765 2009 5838 videre
2039 5773 2122 5818 est
2155 5765 2257 5816 im-

666 5842 808 5912 perii
866 5845 1011 5896 circa
1055 5842 1107 5894 id
1159 5836 1374 5912 tempus
1423 5851 1646 5902 statum,
1699 5836 1994 5892 Justiniaui
2050 5850 2252 5897 mores,

2360 5411 2494 5466 circi
2547 5419 2603 5465 et
2647 5411 2850 5466 theatri
2891 5411 3197 5476 licentiam,
3245 5419 3302 5467 et
3351 5427 3514 5481 quam
3555 5426 3724 5482 parva
3775 5408 3920 5482 iurgii

2361 5482 2596 5535 scintilla
2654 5491 2867 5536 tantum
2925 5483 3244 5538 incendium
3301 5479 3577 5537 excitarit}
3624 5479 3819 5552 Incipit
3866 5479 3922 5533 ab

2363 5552 2451 5605 llis
2491 5552 2679 5622 verbis
2709 5570 2720 5604 :
2760 5553 2991 5616 Γέγονεν
3028 5555 3059 5620 ἠ
3091 5555 3358 5621 ἁνταρσία
3383 5553 3502 5622 τοῦ
3534 5554 3682 5605 Νίκα
3708 5591 3724 5613 ,
3764 5556 3918 5622 τρίτῳ

2362 5622 2613 5690 τοιούτῳ,
2657 5621 2893 5675 Rebellio
2918 5639 3036 5690 quae
3058 5622 3198 5676 dicta
3245 5631 3320 5675 est
3357 5621 3548 5686 Vince,
3581 5625 3660 5676 ita
3707 5621 3921 5690 contigit-

2436 5694 2504 5762 (ε)
2539 5691 3219 5763 Ὀνώριχος.ίίυηετὶοιιε
3247 5693 3550 5763 Genserico
3605 5695 3746 5763 patri
3817 5707 3922 5745 sm-

2364 5763 2534 5817 cessit
2564 5761 2619 5815 in
2653 5778 2822 5830 regno
2854 5763 3075 5827 Africae,
3116 5780 3264 5817 anno
3286 5762 3418 5817 Chr.
3454 5765 3579 5817 477.
3606 5761 3696 5818 ’οο
3730 5763 3920 5820 duabus

2364 5835 2485 5903 ejus
2531 5833 2588 5886 in
2629 5831 2978 5889 Christianos
3022 5833 3220 5890 edictis
3249 5835 3360 5905 jam
3391 5835 3628 5905 egimus.
