4096 6500
197 412 345 472 27ίὸ

1099 414 1490 473 ΙΙΙΞΤΟΙΠΔΕ
1532 415 2130 476 ECCLESIASTICE
2177 419 2402 476 LIBER
2455 419 2548 477 IV.
3347 420 3450 483 277i

199 524 356 585 ἄξιον
395 519 756 588 καθέστηκεν.
794 521 920 572 Ὅτε
946 519 1044 589 τὴν
1096 522 1372 591 Ἀντιόχου
1402 523 1801 593 πυρπολεῖσθαι

1911 526 1998 587 bo,
2029 525 2233 594 quippe
2261 526 2409 595 quod
2447 526 2572 579 huic
2604 525 2757 594 Operi
2784 536 2972 582 nostro
2998 527 3163 580 inseri
3191 543 3488 584 mereatur.

197 616 315 664 τῶν
373 613 668 681 ’Λπαμέων
700 613 751 664 οἱ
808 612 997 674 παῖδες
1051 612 1391 681 ἐγνώκεσαν,
1444 614 1687 666 ἱκέτευον
1711 618 1798 667 τὸν

196 703 536 773 λελεγμένον
575 720 664 772 μοι
715 702 942 771 Θωμᾶν,
975 703 1038 755 τὸ
1075 706 1345 773 σωτήριον
1396 705 1492 756 καὶ
1537 704 1799 766 ζωοποιδν

200 795 302 848 τοῦ
339 793 575 866 σταυροῦ
609 794 764 858 ξύλον
821 794 970 864 παρὰ
1023 795 1085 846 τὸ
1113 795 1306 858 εἰωθὸς
1357 799 1712 865 προενεγκεῖν
1742 813 1799 847 τε

205 887 303 938 καὶ
343 885 647 957 προθεῖναι,
705 885 780 947 ὡς
824 884 890 938 ἂν
933 886 1002 938 τὰ
1049 886 1339 940 τελευταῖα
1385 887 1558 957 ὁρῷέν
1612 906 1670 939 τε
1706 889 1800 940 καὶ

204 977 676 1042 κατασπάζοιντο,
699 977 797 1045 τὴν
832 977 1000 1048 μόνην
1027 977 1136 1031 τῶν
1161 977 1468 1046 ἀνθρώπιον
1497 980 1798 1050 σωτηρίαν,

204 1069 427 1134 sedate»;
451 1086 510 1120 τε
541 1068 757 1121 λάϐοιεν
775 1069 874 1138 τῆς
899 1069 1094 1138 ἑτέρας
1137 1067 1342 1138 βιοτῆς,
1375 1070 1800 1140 διαπορεύοντος

204 1161 418 1224 αὐτοὺς
441 1159 531 1213 τοῦ
563 1159 746 1229 τιμίου
797 1160 1033 1230 σταυροῦ
1072 1161 1209 1232 πρὸς
1251 1161 1350 1230 τὴν
1382 1162 1592 1230 ἀμείνω
1627 1163 1798 1234 λῆξιν.

212 1256 280 1302 Ἳ)
309 1251 374 1320 δὴ
422 1250 518 1304 καὶ
552 1250 855 1322 πεπραχὼς
887 1253 914 1304 ὁ
955 1251 1180 1321 Θωμᾶς,
1235 1253 1504 1323 προφέρει
1546 1255 1605 1306 τὺ
1664 1255 1802 1316 ζωο-

207 1342 369 1394 ττοιδν
402 1342 580 1406 ξύλον,
621 1344 792 1412 ῥητὰς
841 1342 1178 1410 ἐπαγγείλας
1229 1342 1440 1412 ἡμέρας
1472 1343 1568 1412 τῆς
1605 1344 1801 1415 προθέ-

209 1451 378 1495 σεως,
405 1435 479 1496 ὡς
512 1434 577 1486 ἂν
608 1433 703 1503 ἐξῇ
733 1434 829 1492 ,καὶ
857 1434 991 1486 πᾶσι
1021 1437 1138 1496 τοῖς
1165 1433 1552 1502 ἁστυγείτοσιν
1581 1435 1804 1504 άλισθῆ-

206 1543 327 1582 ναι,
362 1526 456 1576 καὶ
482 1527 583 1594 τῆς
611 1524 864 1576 ἐντεῦθεν
900 1526 1179 1595 σωτηρίας
1209 1526 1540 1582 ἀπόνασθαι.
1567 1528 1800 1580 Φοιτὼσι

208 1614 346 1680 γοῦν
373 1616 510 1683 μετὰ
532 1613 643 1666 τῶν
680 1614 856 1666 ἄλλων
885 1615 981 1666 καὶ
1002 1607 1058 1668 ὀί
1107 1615 1165 1679 ἐς
1203 1615 1320 1683 φῶς
1360 1633 1426 1686 με
1459 1616 1803 1686 προαγαγὸνο

206 1724 324 1767 τες,
353 1708 408 1766 ἐς
440 1706 947 1775 χαμαιδιδασκάλου
984 1707 1259 1775 φοιτῶντά
1283 1726 1350 1777 με
1386 1708 1796 1778 περιαγόμενος.

220 1800 310 1861 Ὡς
344 1799 389 1850 δ’
419 1799 511 1852 οὖν
540 1801 912 1868 προσκυνῆσαί
956 1816 1016 1850 τε
1062 1799 1159 1853 καὶ
1197 1799 1660 1854 κατασπάσασθαι
1711 1800 1800 1851 τὸν

1902 615 2038 670 Cum
2075 618 2266 669 urbem
2312 616 2664 671 Antiochiam
2693 634 2721 670 a
2746 617 2993 672 Chosroe
3061 619 3339 674 incensam
3368 637 3491 675 esse

1904 709 2228 763 didicissent
2275 711 2633 778 Apamenses,
2692 709 3040 778 postularunt
3093 712 3418 779 suppliciter
3461 731 3490 767 a

1905 800 2137 864 Tltoma,
2187 802 2344 870 cujus
2397 816 2562 868 supra
2618 801 2955 856 mentionem
2990 800 3115 864 feci,
3150 812 3210 856 ut
3251 804 3493 856 salutare

1905 907 1966 945 ac
1993 891 2271 945 vivificum
2303 892 2488 944 crucis
2528 891 2735 958 lignum
2776 901 2976 960 praeter
3011 905 3337 946 consuetum
3377 910 3492 946 mu-

1909 997 2020 1035 rem
2050 982 2325 1050 proferret
2375 993 2539 1050 atque
2566 983 2812 1035 omnimn
2840 983 3017 1037 oculis
3053 995 3346 1052 exponeret
3395 1003 3406 1036 :
3436 995 3494 1037 ut

1907 1073 2123 1126 unicam
2181 1073 2322 1126 hanc
2352 1074 2664 1125 mortalium
2713 1075 2942 1127 salutem
2991 1085 3327 1144 postremum
3376 1094 3492 1130 eer-

1906 1179 2039 1217 nere
2074 1179 2136 1218 ac
2164 1164 2471 1218 deosculari
2501 1164 2633 1232 ipsis
2662 1165 2874 1224 liceret,
2924 1174 3088 1234 atque
3113 1167 3215 1219 hoe
3248 1167 3380 1236 ipsis
3424 1167 3488 1219 ad

1906 1254 2132 1308 alteram
2169 1258 2337 1308 vitam
2390 1265 2535 1309 esset
2590 1256 2888 1320 viaticum,
2921 1257 3235 1309 veneranda
3283 1257 3494 1311 scilicrt

1905 1361 2070 1400 cruce
2108 1347 2256 1415 ipsos
2284 1346 2348 1399 ad
2381 1348 2662 1401 meliorem
2687 1357 2889 1400 sortem
2922 1356 3350 1416 transportantc.
3387 1352 3495 1402 An-

1908 1439 2030 1492 nuit
2058 1454 2252 1492 eorum
2283 1441 2543 1508 precibus
2583 1440 2848 1504 Thomas,
2877 1450 2931 1495 et
2961 1441 3238 1496 viviticum
3287 1443 3492 1510 lignum

1907 1530 2269 1600 deprompsit,
2296 1532 2520 1586 indictis
2549 1535 2714 1587 certis
2749 1533 2946 1587 diebus
2983 1534 3186 1603 quibus
3224 1551 3498 1602 propone—

1909 1633 2084 1686 retur,
2130 1632 2190 1676 ut
2232 1640 2426 1678 omnes
2475 1625 2693 1679 ﬁnitimi
2741 1641 2806 1679 eo
2853 1625 3159 1688 conﬂuere,
3203 1635 3257 1678 et
3302 1625 3498 1678 salutis

1910 1713 2036 1768 inde
2073 1714 2452 1782 promanantis
2506 1716 2806 1784 participes
2843 1715 2956 1768 fieri
3003 1724 3245 1783 possent.
3287 1715 3363 1767 Eo
3399 1713 3498 1784 igi-

1910 1814 2000 1858 tur
2043 1816 2298 1874 parentes
2332 1806 2436 1860 mei
2472 1823 2576 1860 una
2608 1823 2733 1861 cum
2767 1807 2995 1876 reliquis
3028 1821 3084 1859 se
3117 1805 3495 1867 contulerunt,

205 1889 397 1957 τίμιον
456 1888 770 1958 ἠξιώθημεν
816 1888 1074 1959 σταυρὸν,
1128 1888 1271 1960 ἄρας
1325 1889 1354 1945 ό
1403 1889 1608 1958 Θωμᾶς
1638 1889 1805 1958 ἄμφω

1911 1909 1998 1947 me
2023 1909 2244 1962 quoque
2298 1895 2389 1963 qui
2433 1904 2563 1948 tunc.
2596 1896 3080 1964 grammaticorum
3139 1893 3354 1947 scholas
3387 1893 3499 1946 frc-

205 1981 279 2046 τέι
308 1981 328 2005 ⁷
354 1983 527 2050 χεῖρε,
561 1981 620 2033 τὸ
647 1984 747 2046 τῆς
804 1980 1042 2050 ἀρχαίας
1098 1981 1348 2051 κατάρας
1382 1981 1802 2050 ὲξαλειπτήριον

207 2071 308 2123 τοῦ
370 2071 604 2142 σταυροῦ
677 2071 833 2134 ξύλον
886 2073 1195 2138 ἐπεδείκνυ,
1247 2070 1425 2142 πάντη
1474 2071 1582 2126 τῶν
1644 2072 1804 2125 θείων

209 2164 538 2234 ἀνακτόρων
563 2164 924 2235 περινοστῶν,
975 2163 1164 2234 ὥσπερ
1195 2166 1252 2216 ἐν
1284 2166 1403 2227 ταῖς
1429 2163 1648 2233 κυρίαις
1695 2162 1805 2216 τῶν

215 2255 651 2326 προσκυνήσεως)
683 2253 923 2325 ἡμέραις
965 2254 1195 2308 εἴθιστο.
1223 2256 1420 2308 Εἵπετο
1443 2255 1498 2308 δὲ
1532 2255 1609 2324 τῷ
1632 2255 1806 2325 Θωμᾷ

213 2346 606 2417 μεθισταμένῳ
638 2347 808 2416 πυρὸς
848 2345 992 2416 μέγα
1013 2364 1065 2398 τι
1089 2347 1281 2417 χρῆμα
1313 2346 1711 2414 σελαγίζοντος,
1742 2347 1805 2399 οὐ

211 2439 632 2505 κατακαίοντος,
669 2437 746 2498 ὡς
779 2437 962 2494 πάντα
992 2439 1085 2490 τὸν
1143 2438 1322 2510 χῶρον
1355 2438 1484 2492 ἔνθα
1514 2438 1808 2507 παρεστὼς

209 2532 307 2583 τὸν
336 2531 517 2600 τίμιον
550 2530 834 2605 ἐπεδείκνυ
867 2529 1123 2599 σταυρδν,
1185 2530 1573 2600 ὲμπίπρασθαι
1603 2530 1804 2585 δοκεῖν.

213 2624 332 2692 Kak
360 2622 584 2691 γέγονεν
621 2623 722 2692 οὐχ
748 2623 917 2687 ἅπαξ,
953 2624 1013 2673 οὐ
1045 2621 1150 2684 δὶς,
1199 2622 1337 2675 ἀλλὰ
1381 2623 1476 2675 καὶ
1523 2621 1805 2686 πολλάκις,

211 2715 309 2768 τοῦ
345 2714 539 2785 ἱερέως
582 2714 758 2772 πάντα
795 2715 884 2766 τὸν
907 2713 1102 2767 αὐτόσε
1131 2713 1309 2784 χῶρον
1347 2713 1673 2782 περιϊόντος,
1715 2715 1810 2766 καὶ

213 2805 315 2857 τοῦ
345 2803 728 2875 ἁθροισθέντος
763 2803 871 2856 λεὼ
911 2802 1070 2855 τοῦτο
1115 2802 1373 2870 γενέσθαι
1425 2802 1630 2873 Θωμᾶν
1685 2804 1811 2855 δυσ-

215 2894 522 2958 ωποῦντος.
558 2895 736 2964 Ὅπερ
763 2895 856 2947 καὶ
902 2893 1003 2964 τὴν
1062 2893 1367 2962 γενομένην
1397 2893 1672 2964 σωτηρίαν
1699 2895 1812 2957 τοῖς

232 2988 546 3058 Ἀπαμεῦσι
567 2990 1002 3059 προεφήτευσεν.
1046 2985 1304 3054 Ἀνετέθη
1330 2984 1507 3038 τοίνυν
1538 2986 1632 3038 καὶ
1649 2985 1813 3040 εἰκὼν

215 3084 326 3137 av)
356 3082 446 3133 τὸν
465 3082 660 3152 apo-sev
694 3081 803 3133 τῶν
841 3079 1178 3149 ἁ·.ακτόρων.
1205 3078 1381 3131 ταῦτα
1417 3081 1530 3142 τοῖς
1555 3077 1812 3144 ἀγνοοῦσι

216 3179 286 3245 τῇ
350 3179 534 3245 γραφῇ
601 3175 1000 3241 διαγγέλλουσα
1053 3172 1189 3240 (56).
1247 3174 1280 3242 ἣ
1334 3174 1428 3224 καὶ⁵
1488 3172 1652 3242 μέχρι
1714 3174 1813 3241 τῆς

1904 1988 2260 2056 quentnhatn,
2289 2004 2476 2042 secum
2511 1989 2873 2042 deducentes.
2910 1987 3098 2056 itaque
3141 2002 3208 2040 eo
3252 1996 3500 2056 tempore

1904 2096 2014 2149 quo
2047 2081 2418 2135 venerandam
2440 2097 2660 2135 erucem
2689 2082 2919 2134 adorare
2953 2096 3016 2133 ac
3043 2079 3349 2134 deosculari
3386 2095 3502 2133 tue-

1906 2171 2140 2236 ruimus,
2195 2172 2440 2226 Thomas
2487 2173 2649 2226 elatis
2687 2189 2908 2226 sursum
2968 2171 3246 2235 manibus,
3289 2171 3498 2241 lignum

1906 2263 2092 2316 crucis
2121 2261 2269 2330 quod
2307 2271 2548 2316 vett-rem
2582 2262 3025 2316 maledictiouem
3074 2261 3336 2321 abolevit.
3380 2263 3502 2313 uni-

1905 2368 2120 2407 versam
2151 2353 2324 2407 azdem
2375 2368 2587 2407 sacram
2641 2352 2805 2424 405
2856 2352 3189 2406 circumiens
3232 2351 3499 2419 ostendit,

1907 2443 2052 2496 sicut
2089 2443 2144 2495 in
2174 2442 2515 2495 solemnibus
2555 2441 2943 2494 adorationum
2981 2438 3180 2492 diebus
3216 2437 3334 2489 ﬁeri
3369 2451 3501 2490 con-

1909 2541 2187 2587 sueverat.
2249 2532 2699 2602 Progredicntem
2745 2546 2875 2585 vero
2908 2530 3178 2583 Thomam
3227 2527 3498 2597 sequeba-

1911 2633 2000 2677 tur
2031 2624 2224 2693 ingens
2256 2625 2493 2686 ﬂantntrt,
2530 2639 2637 2676 non
2676 2623 2767 2675 illa
2793 2621 3016 2691 quidem
3051 2621 3372 2674 amburens.
3405 2620 3499 2674 sed

1909 2729 2210 2769 coruscans
2244 2715 2422 2768 :adeo
2462 2723 2520 2768 ut
2573 2723 2721 2767 totus
2768 2713 2858 2766 ille
2894 2714 3050 2767 locus
3081 2713 3137 2766 in
3170 2727 3280 2781 quo
3318 2711 3504 2765 consi-

1911 2817 2064 2864 stens
2093 2808 2355 2872 Thomas,
2415 2808 2792 2862 venerandam
2849 2822 3072 2861 erucem
3130 2804 3500 2871 ostendebat,

1913 2905 2252 2974 conﬂagrare
2290 2902 2599 2957 videretur.
2636 2902 2824 2972 Neque
2851 2902 2956 2954 hoc
2990 2901 3161 2954 semel
3190 2909 3358 2968 atque
3397 2899 3502 2952 ite-

1915 3013 2059 3060 rum,
2089 2996 2183 3051 sed
2220 2996 2421 3065 saepius
2453 2995 2658 3049 factum
2683 3004 2788 3056 est,
2815 3008 2942 3048 cum
2961 2992 3257 3061 episcopus
3284 2991 3506 3044 univer-

1914 3104 2036 3142 sum
2064 3087 2215 3140 illum
2262 3087 2443 3141 locum
2469 3085 2758 3146 circuiret,
2781 3093 2837 3139 et
2867 3084 3104 3153 populus
3139 3083 3251 3136 illic
3271 3097 3506 3151 congre-

1917 3188 2074 3249 gatus
2097 3179 2365 3232 Thomam
2415 3177 2576 3231 enixe
2619 3186 2838 3246 rogaret
2873 3184 2934 3228 ut
2979 3175 3030 3228 id
3091 3174 3268 3229 ﬂeret.
3307 3174 3382 3227 Ea
3416 3190 3507 3227 res

236 3267 759 3338 ’Λδααρμάνου(57)
819 3268 914 3319 καὶ
949 3265 1175 3336 Περσῶν
1241 3265 1436 3333 ἐφόδου
1497 3266 1805 3330 διεσώζετο.

1915 3272 2154 3325 futuram
2199 3269 2603 3338 Apamensibus
2638 3268 2875 3320 salutem
2933 3265 3204 3335 pra-dixit.
3244 3264 3507 3318 Dedicata

224 3357 543 3427 Συνεκαύθη
579 3358 636 3410 δὲ
680 3360 745 3428 τῇ
791 3357 988 3410 αὐτόσε
1043 3357 1178 3427 ἁγίᾳ
1215 3356 1310 3409 τοῦ
1359 3357 1495 3409 Θεοῦ
1544 3357 1810 3427 ἐκκλησία

225 3453 370 3522 μετὰ
399 3453 498 3520 τῆς
527 3451 656 3521 ὅλης
686 3450 917 3513 πόλεως.
959 3452 1069 3503 Καὶ
1123 3449 1300 3502 ταῦτα
1358 3450 1457 3519 μὲν
1484 3444 1586 3503 ὦδε
1617 3450 1810 3517 ἐγεγό-

221 3559 330 3596 νει.
379 3543 436 3594 ’0
464 3543 520 3595 δὲ
552 3543 801 3611 Χοσρόης
837 3540 981 3594 κατὰ
1024 3540 1126 3611 τὴν
1173 3541 1375 3610 ἄφοδον
1421 3541 1814 3610 παρασπονδή-

227 3652 330 3697 σας
357 3635 426 3686 tit
488 3635 856 3701 συγκείμενα,
907 3634 1031 3686 ἐπεὶ
1076 3634 1172 3685 καὶ
1213 3631 1470 3701 τηνικάδε
1515 3631 1812 3695 συνεδόκει,

223 3727 395 3796 ¹ἐτερα.
428 3725 701 3794 πέπραχε,
727 3724 803 3794 τῷ
838 3725 936 3793 μὲν
957 3722 1187 3776 ἀσταθεῖ
1216 3721 1384 3776 αὐτοῦ
1436 3722 1532 3774 καὶ
1565 3720 1812 3790 ἀϐεϐαίῳ

222 3818 417 3887 τρόπῳ
450 3815 844 3885 συμϐαίνοντα,
875 3816 1078 3885 ἣκιστα
1125 3815 1179 3867 δὲ
1215 3814 1369 3884 ἀνδρὶ
1401 3813 1627 3882 λογικῷ,
1680 3813 1814 3883 μήτι

223 3928 290 3979 γε
338 3909 404 3979 δὴ
454 3909 668 3980 βασιλεῖ
720 3910 1023 3980 πρέποντα,
1072 3907 1230 3975 λόγον
1271 3911 1377 3960 τῶν
1437 3907 1816 3977 συγκειμένων

228 4020 385 4057 πιιιου
395 4004 562 4071 μένῳ.

1915 3370 1999 3415 est
2032 3359 2199 3428 igitur
2235 3360 2414 3427 imago
2459 3359 2513 3412 in
2562 3357 2814 3411 lacunari
2861 3356 2996 3410 aedis
3025 3371 3214 3419 sacrae,
3250 3371 3372 3424 qua:
3404 3355 3511 3408 hoc

1917 3454 2242 3508 miraculum
2277 3454 2493 3523 pictura
2526 3467 2849 3521 expressum
2883 3450 3264 3504 nescientibus
3299 3448 3508 3502 indica—

1920 3553 2022 3597 ret.
2051 3542 2357 3612 Mansitque
2381 3543 2594 3612 integra
2637 3543 2750 3595 ha:c
2786 3542 2985 3609 imago,
3023 3540 3091 3593 ad
3135 3539 3508 3593 incursionem

1923 3649 2096 3703 usque
2129 3633 2490 3687 Adaarmanis
2536 3641 2591 3685 et
2619 3633 2933 3686 Persarum.
2960 3630 3081 3695 Quo
3125 3639 3374 3696 tempore
3403 3644 3513 3681 una

1922 3740 2046 3780 cum
2075 3733 2425 3779 sacrosancta
2455 3724 2548 3777 Dei
2575 3723 2818 3777 Ecclesia
2849 3731 2905 3774 et
2925 3737 3050 3774 eum
3087 3720 3345 3772 universa
3377 3717 3512 3771 civi—

1927 3826 2038 3873 tate
2074 3816 2309 3871 ﬂammis
2339 3817 2630 3884 absumpta
2672 3823 2775 3868 est.
2816 3813 2993 3882 Atque
3028 3811 3144 3864 haec
3171 3809 3397 3880 quidem
3437 3809 3508 3861 ita

1923 3917 2250 3964 evenerunt.
2298 3906 2575 3962 Chosroes
2643 3922 2777 3959 vero
2820 3905 2952 3959 dum
3007 3904 3233 3966 rediret,
3293 3902 3512 3956 violatis

1927 3998 2386 4068 pactis(qu:cdam
2421 3998 2570 4052 enim
2615 4007 2747 4051 tunc
2769 3995 3187 4066 spoponderat),
3220 3996 3380 4062 longe
3405 3994 3508 4054 alia

223 4094 471 4158 admisit,
507 4111 629 4164 qua:
671 4094 1052 4150 inconstantia:
1092 4091 1319 4164 quidem
1359 4093 1481 4163 ejus
1511 4108 1575 4147 ac
1604 4092 1815 4146 levitati
1853 4092 2294 4157 conveniebant,
2365 4093 2483 4145 viro
2509 4100 2694 4145 autem
2762 4090 2973 4142 ratione
3006 4089 3270 4157 przedito,
3309 4087 3510 4140 nedum

228 4189 366 4259 regi,
393 4198 680 4258 pactorum
709 4203 935 4244 suorum
972 4187 1242 4253 rationem
1267 4185 1492 4239 ducenti
1513 4225 1526 4246 .
1562 4187 1819 4240 indecora
1849 4201 2079 4254 prorsus
2101 4194 2279 4239 erant.

802 4279 1056 4334 ΚΕΦΛΛ.
1117 4279 1242 4331 KZ'.

304 4375 445 4442 Περὶ
469 4373 580 4442 τῆς
603 4375 690 4438 εις
717 4373 1022 4426 Ἔδεσσαν
1047 4372 1442 4438 ἐκστρατείας
1472 4373 1765 4439 Χοσρόου.

316 4465 650 4536 Ἀναγράφει
709 4465 737 4516 ὁ
789 4464 953 4528 αὐτὸς
1023 4463 1333 4534 Προκόπιος
1382 4464 1475 4515 καὶ
1553 4462 1622 4514 τά
1687 4463 1818 4532 περὶ

2512 4276 2664 4331 CAP.
2707 4276 2918 4331 XXVII.

2053 4369 2126 4423 De
2156 4369 2400 4424 Chosrois
2463 4369 2794 4439 expeditione
2824 4370 3073 4424 adversus
3105 4371 3385 4424 Edessam.

1997 4460 2193 4514 Narrat
2217 4461 2382 4514 etiam
2416 4459 2560 4514 idem
2587 4459 2889 4528 Procopius
2908 4473 2972 4513 ea
2994 4477 3115 4530 qua:
3139 4461 3206 4515 de
3233 4461 3432 4514 Edessa
3457 4469 3514 4512 ct

242 4533 500 4628 Ἐδέσσης
520 4533 591 4626 (υ)
621 4555 715 4608 καὶ
751 4554 1022 4624 Ἀγϐάρου
1042 4533 1155 4618 τοῖς
1180 4554 1427 4618 παλαιοίς
1447 4553 1804 4624 ἱστορημένα,

1913 4552 1981 4606 de
2014 4552 2233 4622 Agbaro
2260 4552 2329 4606 ab
2363 4551 2608 4620 antiquis
2637 4560 2767 4605 sunt
2796 4551 3034 4620 prodita,
3064 4561 3121 4607 et
3153 4552 3513 4623 quemadmo.

1532 4667 1765 4724 VARIAZ
1806 4666 2220 4728 LECTIONES.

1444 4810 1714 4866 VALESII
1755 4807 2320 4866 ANNOTATIONES.

306 4907 420 4978 (56)
465 4904 548 4972 Τῇ
578 4905 773 4978 τραφῇ
796 4905 1266 4978 διαγγέλλουσα.
1291 4904 1530 4978 Dubium
1548 4913 1655 4965 est,
1687 4903 1820 4978 quid
1856 4906 1901 4959 Ι)
1927 4919 1990 4958 ea
2037 4904 2084 4978 si
2128 4903 2314 4978 imago
2369 4913 2490 4978 erat
2529 4905 2608 4978 _in
2644 4904 2946 4978 testudine.
2995 4906 3245 4971 ubinam,
3298 4923 3511 4978 qua-so,

308 4746 326 4774 ⁷
350 4743 413 4799 C.
439 4743 501 4797 C.
528 4743 628 4796 τώ.

232 4980 342 5032 hoc
362 4977 486 5048 loco
519 4976 1025 5048 ypaqﬂgsigniﬂcet,
1054 4986 1242 5048 utrum
1269 4976 1543 5048 picturam
1598 4983 1654 5027 et
1686 4976 1824 5027 ima-

233 5049 422 5118 ginem
448 5046 683 5118 ﬂamma;
708 5047 858 5101 illius
876 5063 1013 5118 qua;
1032 5046 1219 5101 crucis
1264 5047 1471 5118 lignum
1530 5053 1825 5118 prosecuta

232 5116 420 5172 fuerat
441 5155 456 5176 ,
483 5132 552 5169 an
580 5116 939 5186 scripturam.
967 5117 1252 5172 Musculus
1295 5117 1523 5185 quidem
1559 5131 1660 5183 pro
1683 5116 1823 5186 scri-

234 5198 404 5257 ptura
428 5185 672 5255 accepit,
703 5185 1181 5256 quemadmodum
1213 5187 1380 5241 etiam
1427 5185 1825 5253 Cbristophor-

232 5272 431 5327 sonus.
464 5257 558 5325 qui
585 5259 665 5310 sic
699 5258 906 5312 vertit:
956 5257 1030 5311 0b
1061 5274 1226 5327 quam
1258 5273 1482 5310 causam
1542 5257 1723 5324 imago
1768 5257 1822 5312 in

234 5326 500 5381 testudine
541 5329 842 5381 sanctuarii
893 5326 1100 5381 statuta
1125 5327 1252 5450 [πίῃ
1307 5343 1426 5395 qua:
1471 5328 1820 5397 inscriptione

234 5401 290 5450 iu
337 5398 455 5450 basi
507 5399 698 5450 incisa.
755 5400 851 5450 hoc
913 5400 1117 5450 miracu
1146 5415 1234 5450 um
1284 5397 1392 5450 illis
1435 5398 1524 5450 aui
1579 5398 1817 5450 eiusdem

233 5401 290 5450 iu
337 5398 455 5450 basi
507 5399 698 5460 incisa,
755 5400 851 5451 hoc
913 5397 1234 5451 miraculum
1284 5397 1392 5450 illis
1435 5398 1524 5466 qui
1579 5398 1817 5467 ejusdem

231 5467 419 5538 ignari
442 5476 619 5538 erant,
643 5470 1096 5522 commonstravit.
1137 5469 1338 5523 Verum
1377 5469 1493 5522 haec
1546 5467 1820 5538 interpre-

233 5538 373 5593 tatio
399 5537 532 5592 ferri
565 5554 674 5592 non
705 5547 904 5608 potest.
929 5539 1112 5593 Primo
1135 5539 1284 5595 enim
1310 5539 1456 5592 basis
1479 5555 1585 5593 non
1619 5537 1822 5594 dieitur

231 5609 306 5663 de
339 5608 578 5679 imagine
605 5608 892 5678 pieta,sed
927 5609 996 5665 de
1039 5618 1221 5664 statua
1265 5610 1551 5669 duntaxat.
1588 5611 1821 5665 Perter-

1929 4975 2113 5043 posita
2144 4985 2266 5046 erat
2303 4975 2641 5046 basis?rl£go
2673 4991 2805 5030 vero
2839 4977 3006 5046 hujus
3055 4975 3331 5033 miraculi‘
3375 4979 3513 5032 ima—

1925 5046 2108 5112 ginem
2139 5045 2421 5113 depictam
2447 5045 2617 5099 fuisse
2644 5045 2925 5099 existimo
2945 5047 2996 5100 in
3026 5049 3274 5102 lacunari
3332 5048 3513 5102 cccle-

1925 5116 2042 5189 siag,
2075 5116 2166 5189 cui
2222 5117 2491 5189 fortasse
2522 5117 2775 5189 inscripti
2829 5127 2990 5171 erant
3041 5119 3254 5189 aliquot
3295 5134 3514 5183 versus,

1925 5185 2021 5254 qui
2052 5185 2381 5239 miraculum
2439 5187 2576 5239 illud
2617 5185 3150 5243 commemorarent.—
3176 5191 3402 5243 Similes
3434 5189 3519 5242 in-

1925 5255 2262 5326 scriptiones
2320 5257 2581 5326 leguntur
2637 5259 2691 5311 in
2745 5257 3015 5312 Thesauro
3053 5259 3303 5324 Gruteri,
3360 5273 3418 5314 ct
3461 5261 3517 5313 in

1929 5325 2185 5397 Epistolis
2212 5327 2456 5397 Paulini.

2001 5398 2109 5469 (>57)
2156 5396 2776 5469 Τῆς-Ἀδεερμάνου.1η
2812 5400 3148 5469 Nicephoro,
3173 5410 3229 5454 et
3251 5401 3305 5454 in
3327 5400 3519 5454 codice

1929 5467 2244 5525 Telleriano
2301 5468 2502 5538 legitur
2570 5467 2975 5539 ’Δδααρμάνουζ
3036 5471 3111 5525 De
3156 5472 3261 5524 hoc
3304 5471 3519 5524 Adam--

1931 5553 2088 5612 mane
2115 5539 2407 5612 Per_sarum
2437 5539 2602 5603 duce,
2627 5540 2871 5612 ejusque
2891 5540 2944 5594 in
2968 5540 3183 5612 Syriam
3209 5542 3520 5611 irruptione

1931 5609 2172 5679 loquitur
2199 5609 2471 5681 Evagrius
2502 5623 2694 5664 uoster
2728 5611 2782 5664 in
2818 5611 2916 5665 lib.
2939 5628 3012 5665 Vl.

1695 5702 2078 5759 VARIORUM.

310 5792 384 5855 (ιι)
429 5793 504 5847 Τὰ
528 5792 664 5860 περὶ
701 5793 1012 5861 Ἐδέσσης.
1038 5797 1308 5862 Quartum
1351 5795 1403 5848 in
1457 5794 1686 5850 lioiiiani
1725 5798 1826 5850 into

240 5863 383 5935 perii
421 5864 689 5930 ditiones,
720 5865 934 5920 scilicet
983 5867 1036 5921 in
1083 5866 1556 5935 Μυςι,›ιιι›ι;ιιηίιιιιι,
1631 5868 1824 5938 irrupit

1937 5798 2211 5875 tlhosrocs
2241 5815 2386 5852 anno
2418 5798 2516 5853 διε
2545 5809 2595 5849 vt
2630 5799 2892 5852 Edessam
2930 5798 3195 5854 diuturna
3229 5798 3520 5854 obsidione

1945 5879 2136 5923 ('IIIXIL
