4096 6476
616 416 754 483 2811

1840 391 2153 477 EVAGRII
2189 415 2673 477 SCHOLASTICI

3736 422 3884 485 281!

619 531 886 601 dignitate
918 528 1093 589 exuit,
1117 543 1242 583 cum
1269 528 1404 582 nihil
1426 544 1487 582 ea
1513 528 1581 582 de
1612 543 1669 581 re
1697 528 1967 583 militibus
1997 545 2194 584 renun-

2304 531 2697 597 καταγέλαστον
2717 530 3032 600 πολιορκίαν
3057 531 3337 595 λύσαντες.
3357 534 3412 584 Ὀ
3437 533 3534 601 μὲν
3551 529 3643 586 οὖν
3657 534 3884 605 ’Δδααρ-

620 622 830 677 tiasset.
870 617 1242 675 Centuriones
1299 634 1431 674 vero
1491 630 1545 674 et
1602 620 1858 673 ord'rnum
1915 619 2196 682 ductores,

618 718 909 781 postquam
940 711 1182 779 peractis
1209 710 1412 779 vigiliis
1454 708 1649 763 ducem
1684 725 1842 763 suum
1875 720 2201 764 exauctora-

619 808 736 853 tum
768 814 892 853 esse
928 799 1264 861 didicerunt,
1294 814 1402 852 non
1444 800 1681 868 amplius
1720 810 2109 869 processerunt
2142 803 2197 854 in

619 890 902 964 publicum
933 909 945 943 :
977 891 1071 945 sed
1102 891 1295 960 dilapsi
1320 890 1422 945 hac
1473 891 1610 944 illac-
1654 890 1842 961 fugere
1887 899 2197 961 crepet-unt,

621 982 913 1035 ridiculam
947 982 1095 1035 illam
1140 983 1487 1036 obsidionem
1534 982 1929 1051 relinquentes.
1974 982 2196 1036 Interim

621 1074 1014 1137 Adaarmanes,
1047 1074 1141 1142 qui
1173 1075 1469 1127 Persarum
1493 1081 1548 1127 et
1580 1072 1929 1126 Secuitarum
1957 1072 2197 1125 Arabum

622 1166 899 1235 ingentem
956 1165 1193 1220 habebat
1242 1166 1572 1225 exercitum,
1604 1164 1909 1219 Circesium
1970 1175 2201 1233 prreter-

611 1275 862 1329 gressus,
927 1261 1297 1313 Romanorum
1352 1260 1619 1312 ditionem
1655 1258 1909 1312 incendio
1953 1274 2025 1313 ac'
2055 1258 2203 1313 ferro

621 1360 679 1406 et
709 1351 857 1405 omni
887 1352 1207 1404 vastationis
1240 1367 1439 1421 genere
1469 1352 1764 1419 populatus
1791 1359 1895 1414 est,
1929 1350 2064 1403 nibil
2088 1366 2203 1405 nte-

622 1443 812 1497 diocrc
834 1443 1022 1497 animo
1051 1442 1347 1512 designans
1381 1447 1475 1496 aut
1523 1458 1740 1513 gerens.
1769 1440 2006 1497 Castella
2035 1443 2203 1497 etiam

621 1532 769 1600 cepit
808 1540 863 1586 et
897 1532 1045 1586 vicos
1080 1546 1245 1601 quam
1282 1532 1573 1600 plurimos,
1602 1530 1839 1587 nemine.
1863 1531 2153 1586 resistente
2186 1534 2213 1563 ·“

620 1624 858 1693 primum
880 1624 1126 1693 quidem,
1144 1624 1272 1692 quia
1288 1625 1476 1677 nullus
1500 1633 1631 1677 tunc
1655 1635 1773 1677 erat
1794 1622 1904 1677 dux
1929 1623 2205 1678 Romano-

622 1714 769 1770 rum.
795 1714 1000 1769 Deinde
1038 1730 1104 1769 eo
1124 1714 1270 1784 quod
1302 1714 1569 1767 militibus
1607 1713 1871 1767 Romanis
1901 1728 1927 1765 τι
1955 1712 2204 1769 Cbosroe

625 1807 767 1861 intra
822 1806 1088 1876 oppidum
1143 1806 1319 1860 Daras
1357 1804 1653 1865 conclusis.
1714 1804 2100 1874 pabulationes
2149 1814 2207 1861 et

2304 622 2478 691 μάνης
2531 622 2669 697 ἔχων
2719 622 2995 691 ἀξιόλογον
3049 625 3276 697 στρατὸν
3303 625 3532 695 Περσῶν
3571 640 3627 677 τε
3659 627 3886 678 καὶτῶν

2302 712 2595 784 Σκηνητῶν
2619 713 2941 783 Βαρϐάρων,
2968 716 3087 767 ἐπεὶ
3120 717 3182 768 τὸ
3208 717 3511 785 Κιρκήσιον
3540 719 3881 787 παρήμειψε,

2302 804 2569 867 παντοίως
2596 806 2708 869 τοῖς
2743 806 3031 876 Ῥωμαίων
3064 808 3375 878 ἐλυμήνατο
3408 809 3749 879 πράγμασιν,
3782 812 3887 879 ἐμ-

2303 895 2515 965 πιπρὰς
2534 939 2547 963 ,
2585 898 2948 963 ἀποκτιννὺς,
2985 898 3137 952 οὐδὲν
3168 900 3391 971 μέτριον
3417 901 3616 954 ἐννοῶν
3644 902 3679 973 ἢ
3709 904 3885 973 πράτ-

2301 1004 2410 1042 των
2431 1003 2446 1019 ⁸
2499 990 2649 1060 αἱρεῖ
2682 1006 2741 1042 τε
2782 990 3019 1060 φρούρια
3051 990 3147 1043 καὶ
3177 991 3371 1061 κώμας
3400 990 3600 1054 πολλὰς
3621 1033 3636 1056 ,
3672 994 3891 1057 οὐδενὸς

2303 1081 2773 1145 ἀντιστατοῦντος.
2839 1081 3037 1151 Πρῶτα
3087 1082 3185 1151 μὲν
3236 1083 3319 1135 ὅτι
3365 1099 3429 1150 γε
3473 1078 3645 1153 ἦρχεν
3680 1084 3886 1149 οὐδεὶς.

2304 1170 2404 1225 εἶθ’
2437 1173 2520 1226 ὃτι
2550 1174 2645 1226 καὶ
2670 1173 2784 1226 τῶν
2814 1174 3163 1243 στρατιωτῶν
3195 1174 3329 1245 πρὸς
3353 1174 3448 1227 τοῦ
3475 1176 3722 1245 Χοσρόου
3746 1178 3892 1228 κατὰ

2303 1262 2363 1315 τὸ
2401 1263 2581 1335 Δάρας
2618 1264 2698 1333 (u)
2740 1263 3268 1318 ἐναποκλεισθέντων
3292 1305 3307 1328 ,
3364 1264 3451 1318 ἐπ’
3499 1264 3686 1328 ἀδείας
3730 1267 3793 1319 αἱ
3831 1282 3893 1319 τε

2306 1352 2576 1421 προνομαὶ
2630 1351 2725 1406 καὶ
2772 1354 2832 1405 αἱ
2882 1351 3062 1419 εφοδοι
3113 1351 3413 1419 ἐγίγνοντο.
3448 1352 3674 1408 Ἐπεισι
3701 1355 3761 1409 δέ
3788 1356 3888 1409 καὶ

2304 1442 2368 1509 τῇ
2399 1441 2768 1494 Θεουπολιτῶν
2800 1440 2888 1495 διὰ
2916 1441 3022 1497 τῶν
3048 1442 3185 1511 ἀμφ’
3211 1442 3404 1497 αὐτόν·
3438 1444 3559 1497 ούδέ
3586 1445 3696 1513 γὰρ
3726 1446 3892 1509 αὐτὸς

2304 1529 2557 1599 ἀφίκετοο
2595 1531 2644 1584 οἳ
2677 1534 2771 1584 καὶ
2806 1530 2958 1603 παρὰ
2986 1533 3164 1585 πᾶσαν
3191 1532 3384 1587 ἐλπίδα
3407 1533 3890 1604 ἁπεκρούσθησαν,

2307 1620 2537 1690 μηδενὸς
2590 1622 3045 1693 ὲναπομείναντος
3094 1626 3162 1694 τῇ
3206 1622 3403 1687 πόλει,
3458 1623 3485 1692 ἢ
3521 1624 3645 1677 λίαν
3682 1625 3890 1695 κομιδῇ

2305 1709 2616 1781 εὐαρίθμων
2638 1755 2653 1779 ,
2705 1714 2798 1766 καὶ
2831 1713 2925 1766 τοῦ
2956 1714 3149 1784 ίερέως
3180 1715 3517 1784 πεφευγότος
3547 1718 3644 1768 καὶ
3669 1717 3735 1769 τὰ
3766 1718 3897 1787 ίερα

2306 1801 2747 1871 ὁπεξαγαγόντος
2775 1804 3059 1874 κειμήλια,
3087 1805 3223 1859 διότι
3253 1807 3348 1861 καὶ
3373 1806 3442 1860 τὰ
3468 1804 3638 1862 πολλὰ
3664 1807 3760 1861 τοῦ
3780 1808 3897 1861 τεξ-

624 1900 967 1955 incursiones
1018 1900 1226 1969 absque
1286 1898 1684 1977 impedimento
1737 1897 1965 1952 ﬁebant.
2025 1897 2201 1953 Ador-

2308 1912 2435 1965 χους
2488 1895 2755 1967 διερρύη,
2812 1898 2908 1950 καὶ
2956 1899 2984 1950 ό
3028 1897 3199 1967 δῆμος
3241 1899 3552 1970 ἐπανέστη,
3604 1900 3895 1971 νεωτέρων

624 2000 715 2045 tus
737 2001 823 2046 est
843 1993 1009 2046 etiam
1053 1992 1245 2046 urbem
1288 1988 1634 2045 Antiochiam
1670 2003 1767 2058 per
1817 1988 2019 2043 milites
2054 2004 2202 2043 suos.

619 2081 811 2153 Neque
839 2086 985 2138 enim
1022 2084 1139 2153 ipse
1170 2084 1305 2136 illuc
1339 2082 1618 2152 perrexit:
1652 2080 1749 2151 qui
1788 2088 1972 2136 tamen
2004 2090 2205 2151 prmter

623 2175 872 2229 omnium
923 2190 1076 2244 spem
1108 2184 1275 2243 atque
1324 2172 1793 2242 exspectationem
1826 2171 1955 2225 imle
1992 2171 2199 2241 repulsi

622 2276 773 2330 sunt,
806 2282 931 2321 eum
959 2282 1124 2322 nemo
1151 2276 1349 2336 praeter
1392 2264 1685 2318 admodum
1722 2279 1927 2333 paucos
1962 2263 2017 2317 in
2066 2264 2201 2318 urbe

621 2356 995 2419 remansisset,
1028 2365 1083 2411 et
1104 2357 1399 2426 episcopus
1434 2354 1549 2423 ipse
1570 2353 1897 2424 aufugisset,
1926 2361 1981 2406 et
2012 2367 2200 2407 sacros

2307 1988 2653 2058 πραγμάτων
2680 1988 2843 2059 ἄρξαι
2870 1989 3062 2053 θέλων,
3085 1984 3175 2043 οἷα
3199 1990 3348 2059 φιλεῖ
3370 1992 3643 2060 γίνεσθαι,
3668 1994 3761 2047 καὶ
3784 1994 3895 2063 pi-

2305 2079 2465 2133 λιστα
2517 2079 2671 2151 παρὰ
2714 2082 2842 2143 τοὺς
2884 2082 3161 2145 τοιούτους
3205 2083 3451 2155 καιρούς.
3502 2086 3566 2137 0‘!
3606 2086 3701 2137 καὶ
3734 2084 3893 2139 αὐτοὶ

2306 2170 2665 2239 πεφευγότες.
2702 2172 2916 2241 ἐρήμην
2957 2173 3057 2242 τὴν
3085 2174 3239 2228 πόλιν
3272 2173 3754 2241 καταλελοίπασιν,
3791 2177 3892 2228 οὐ·

2304 2262 2451 2325 δενὸς
2504 2261 2643 2326 ὅλως
2689 2262 3064 2335 ἐπινοηθέντος
3116 2267 3195 2330 είς
3241 2264 3624 2337 ἐπιτέχνησιν,
3684 2268 3716 2336 ἢ
3762 2268 3896 2321 άντ-

2305 2352 2677 2424 επιχείρησιν.

620 2449 912 2506 thesauros
967 2467 1155 2507 secum
1194 2457 1562 2521 asportasset,
1601 2457 1894 2519 propterea
1955 2448 2102 2519 quod
2151 2456 2208 2501 et
2249 2447 2392 2501 muri
2459 2448 2697 2503 maxima
2755 2465 2884 2519 pars
2932 2449 3398 2516 interciderat,et
3430 2452 3671 2521 populus
3703 2468 3895 2506 rerum

620 2560 889 2600 novarum
933 2545 1234 2615 cupiditate
1289 2543 1547 2614 ﬂagrans,
1590 2544 1917 2597 seditionem
1983 2542 2344 2605 excitaverat,
2398 2541 2867 2610 quemadmodum
2931 2540 3203 2612 ejusmodi
3263 2544 3568 2612 praesertim
3623 2543 3895 2612 tempori-

620 2639 724 2694 bus
764 2638 878 2692 ﬁeri
908 2638 1067 2692 solet.
1092 2637 1199 2693 Sed
1246 2646 1301 2693 et
1334 2637 1436 2705 ipsi
1491 2636 1759 2698 seditiosi,
1798 2646 2014 2703 arrepta
2051 2632 2201 2702 fuga,
2244 2633 2440 2688 urbem
2465 2649 2694 2689 vacuam
2721 2635 3079 2704 reliquerant,
3133 2647 3259 2687 cum
3315 2633 3454 2688 nihil
3483 2636 3711 2690 omnino
3734 2649 3896 2690 exco-

621 2736 853 2805 gitatum
880 2744 1046 2799 esset,
1094 2744 1188 2789 aut
1242 2734 1309 2789 ad
1359 2733 1665 2787 feriendum
1716 2732 1967 2793 hostem,
2000 2740 2095 2785 aut
2131 2730 2195 2785 ad
2233 2729 2687 2799 propulsandum.

1279 2849 1431 2905 CAP.
1463 2847 1531 2903 Χ.

872 2940 948 2993 De
992 2940 1382 3011 expugnatione
1409 2939 1658 3008 Apamea:
1688 2946 1736 2989 et
1768 2924 1962 2989 Duras.

2921 2847 3174 2902 ΚΕΦΑΛ.
3210 2848 3267 2904 ι’.

2380 2939 2517 3006 Περὶ
2555 2939 2661 3007 τῆς
2692 2938 2973 3007 ἁλώσεως
3013 2941 3315 3009 Απαμείας
3372 2941 3469 2995 καὶ
3505 2939 3610 2995 τοῦ
3635 2939 3848 3011 Δάρας.

694 3052 809 3107 Ηοσ
863 3051 1031 3123 igitur
1059 3059 1259 3105 conatu
1311 3049 1613 3103 frustratus
1650 3046 2055 3109 Adaarmanes,
2088 3052 2201 3115 posl

2398 3053 2483 3115 Ὠς
2531 3052 2575 3104 δ’
2618 3049 2712 3107 οὖν
2733 3056 2832 3122 τῆς
2856 3055 3050 3124 πείρας
3086 3054 3293 3122 ταύτης
3322 3054 3626 3124 διήμαρτεν
3656 3052 3895 3122 Ἀδααρέ

626 3128 907 3201 incensam
968 3144 1159 3198 urbem
1185 3159 1307 3212 qua:
1327 3142 1458 3197 olim
1510 3140 1737 3211 quidem
1786 3138 2069 3201 Heraclea,
2111 3152 2201 3203 po-

2317 3147 2490 3214 μάνης
2517 3146 2651 3215 (52).
2688 3115 2979 3216 ἐμπρήσας
3176 3115 3345 3198 πάλαι
3387 3115 3513 3213 μὲν·
3537 3115 3890 3212 Ἡράκλειαν,

625 3246 741 3289 utea
763 3250 897 3290 vero
921 3232 1177 3304 Gagalice
1211 3240 1528 3302 nuncupata
1564 3238 1677 3293 est,
1712 3231 2007 3299 Apameam
2042 3242 2201 3283 occu-

2318 3234 2541 3306 ὕστερον
2572 3236 2627 3289 δὲ
2658 3235 2969 3303 Γαγαλικὴν
2992 3233 3411 3303 ὀνομασθεῖσαν,
3430 3232 3744 3301 Ἀπάμειαν
3765 3248 3896 3285 κατ-

626 3326 797 3397 pavit,
829 3326 961 3380 olim
999 3340 1025 3379 a
1060 3324 1295 3379 Seleuco
1315 3324 1573 3378 Nicatore
1605 3323 1883 3377 conditam
1918 3339 1930 3375 :
1961 3335 2083 3389 qua:
2113 3336 2201 3374 an-

2314 3328 2503 3397 είληᾷε
2530 3366 2545 3391 ,
2600 3325 2736 3397 πρὸς
2778 3322 3050 3378 Σελεύκου
3083 3324 3175 3377 τοῦ
3209 3324 3511 3393 Νικάνορος
3548 3323 3678 3393 (53)
3715 3339 3891 3375 συνοι-

629 3429 716 3472 tea
754 3417 977 3487 quidem
1012 3417 1214 3486 opibus
1237 3425 1293 3470 et
1323 3416 1632 3470 incolarum
1658 3415 2009 3469 multitudine
2032 3415 2201 3468 abun-

2315 3417 2596 3471 κισθεϊσαν
2618 3457 2632 3477 ,
2672 3418 2842 3471 πάλαι
2874 3416 2975 3485 μὲν
3004 3417 3299 3485 εὐδαίμονα
3328 3416 3422 3469 καὶ
3447 3415 3891 3485 πολυάνθρωπον,

626 3505 820 3559 durat:
848 3520 1144 3574 progressu
1172 3514 1354 3558 autem
1388 3504 1651 3573 temporis
1690 3519 2019 3574 magnopere
2044 3504 2201 3575 437

2311 3508 2391 3578 τῷ
2420 3509 2595 3578 χρόνῳ
2626 3508 2681 3561 δέ
2711 3508 2779 3561 τὰ
2805 3508 2977 3561 πολλὰ
3002 3507 3375 3579 διαρρυεῖσαψ
3411 3506 3470 3569 ὃς
3501 3508 3596 3558 ἐπί
3621 3523 3734 3559 τισι
3758 3523 3895 3575 συμο

630 3595 917 3650 imminula
965 3603 1106 3651 erat.
1126 3594 1277 3650 Hanc
1305 3596 1473 3665 igitur
1523 3596 1697 3665 pactis
1723 3595 2054 3665 quibusdam
2086 3610 2201 3649 coni

2315 3597 2506 3651 ϐάσεσι
2537 3599 2636 3666 τὴν
2664 3596 2819 3649 πόλιν
2850 3596 3225 3666 παρειληφὼς,
3258 3599 3383 3650 ἐπεὶ
3413 3596 3549 3666 μηδὲ
3576 3596 3894 3664 ἀντιστῆναι

630 3687 936 3742 ditionibus
986 3703 1111 3742 cum
1144 3690 1405 3757 cepisset,
1442 3688 1613 3756 (cives
1650 3688 1795 3742 enim
1847 3689 2002 3742 nullo
2051 3687 2201 3757 modc

2312 3684 2417 3742 οἷοί
2446 3706 2507 3741 τε
2540 3688 3006 3759 καθειστήκεισαν
3027 3727 3041 3749 ,
3077 3687 3171 3740 τοῦ
3203 3686 3417 3757 τείχους
3453 3687 3557 3739 ὑπὸ
3586 3688 3773 3756 γήρως
3804 3684 3895 3737 ἐπὶ

630 3776 888 3831 resistere
948 3786 1227 3847 poterant,
1264 3792 1422 3831 muro
1453 3793 1563 3847 pra:
1612 3786 1883 3833 vetustate
1928 3776 2201 3846 collapso,j

2316 3781 2417 3849 γῆς
2450 3780 2707 3850 κειμένου
2731 3820 2747 3844 ,
2800 3780 2986 3832 πᾶσαν
3038 3779 3329 3849 ἐμπρήσας
3365 3778 3460 3831 καὶ
3492 3777 3674 3831 πάντα
3702 3775 3895 3845 ληῖσάο

630 3876 798 3921 totam
821 3868 1214 3931 concremavit,
1240 3867 1509 3939 boniSque
1540 3869 1797 3924 omnibus
1826 3876 2018 3923 contra
2044 3868 2201 3922 tidem

2318 3886 2476 3940 μενος
2510 3868 2661 3937 παρὰ
2684 3869 2753 3922 τὰ
2780 3867 3116 3937 συγκείμενα
3136 3906 3151 3932 ,
3186 3866 3367 3934 άπιὼν
3394 3864 3572 3936 ᾤχετο
3592 3907 3608 3932 ,
3640 3866 3897 3933 ἐξανδρα·

629 3957 811 4011 datam
843 3956 1079 4025 direptis
1109 3956 1396 4021 abscessit,
1437 3959 1729 4013 universos
1764 3959 1914 4013 cives
1937 3974 2001 4013 ac
2036 3956 2201 4011 ﬁniti-

2312 3958 2536 4022 ποδίσας
2567 3958 2665 4029 τὴν
2692 3957 2869 4023 πόλιν,
2906 3958 3001 4011 καὶ
3031 3956 3098 4010 τὰ
3127 3956 3504 4028 προστυχόντα
3529 3956 3730 4026 χωρία.
3760 3952 3895 4009 Μεθ’

630 4062 771 4113 mos,
799 4047 1047 4117 captivos
1092 4046 1391 4103 abducens.
1428 4049 1576 4105 Inter
1606 4066 1744 4118 quos
1770 4051 1949 4119 ipsum
1988 4064 2201 4119 quoque

2307 4048 2381 4105 ὦν
2434 4051 2530 4104 καὶ
2578 4050 2669 4103 τὸν
2718 4048 2869 4119 ίερέα
2914 4048 3017 4118 τῆς
3058 4047 3297 4110 πόλεως,
3346 4046 3565 4100 καὶτὸν
3593 4047 3694 4117 τὴν
3723 4045 3894 4116 ἀρχὴν

632 4140 784 4195 urbis
804 4140 1149 4209 episcopum,
1183 4149 1239 4195 et
1274 4156 1399 4197 eum
1424 4142 1514 4195 cui
1542 4142 1947 4196 administratio
1988 4142 2201 4212 provin-

2309 4141 2745 4215 ἐπιτροπεύοντα
2792 4140 3035 4211 ζωγρίας
3051 4140 3099 4171 ’⁸
3129 4140 3405 4209 ἀπήγαγε.
3442 4138 3523 4191 Τὰ
3555 4138 3815 4191 πάνδεινα
3840 4136 3896 4189 δέ

630 4240 730 4295 cite
782 4240 1077 4293 commissa
1134 4247 1273 4301 erat,
1307 4254 1492 4293 secum
1540 4239 1863 4309 asportavit.
1907 4238 2013 4293 Sed
2053 4248 2109 4293 et
2153 4240 2201 4293 in

2315 4237 2456 4291 κατὰ
2508 4236 2607 4306 τὴν
2654 4234 3028 4305 άποπόρευσιν
3078 4234 3408 4303 εἰργάσατο,
3460 4231 3675 4295 οὐδενὸς
3700 4231 3891 4303 ἀπείρ-

631 4332 915 4391 redeuudo
941 4332 1112 4385 multa
1144 4331 1406 4386 atrociter
1448 4332 1638 4401 gessit,
1668 4346 1793 4386 cum
1844 4332 2029 4385 nullus
2059 4341 2201 4386 esset

2320 4345 2509 4397 γοντος
2572 4328 2605 4399 ἢ
2671 4327 2807 4391 ὅλως
2865 4326 3281 4385 ἀντιπίπτοντος
3315 4366 3329 4390 ,
3422 4324 3563 4393 πλὴν
3602 4324 3697 4378 xui.
3719 4323 3895 4393 ἐλαχί-

629 4423 723 4493 qui
754 4422 1064 4485 cohiberet,
1112 4429 1208 4476 aut
1236 4422 1463 4476 omnino
1494 4422 1811 4486 obsisteret,
1844 4432 2043 4491 praeter
2074 4436 2201 4491 pau-

2323 4439 2450 4477 στου
2507 4422 2701 4491 κομιδῇ
2752 4418 2985 4491 στρατοῦ
3039 4418 3174 4489 πρὸς
3208 4417 3500 4470 Ὶουστίνου
3534 4417 3894 4486 πεμφθέντος,

630 4512 884 4568 cissimos
931 4512 1136 4567 milites
1165 4527 1194 4565 a
1235 4512 1451 4566 Iustino
1484 4510 1680 4565 missos
1700 4551 1714 4575 ,
1744 4511 1945 4581 quibus
1975 4522 2201 4581 praeerat

2319 4516 2423 4569 ὑπὸ
2449 4515 2659 4583 Μάγνῳ
2683 4511 3044 4582 ταττομένου,
3072 4509 3268 4582 πρώην
3297 4511 3398 4581 μὲν
3426 4507 3672 4580 ἀργυροῦ
3696 4508 3894 4580 1937:6-

1923 4636 2155 4711 vAth
2192 4656 2601 4713 LECTIONES.

717 4746 762 4777 "
793 4745 853 4801 C.
879 4745 939 4800 C.
976 4746 1286 4816 ζωγρήσας.

1843 4862 2110 4917 γλιεςιι
2147 4863 2707 4921 ANNOTATIONES.

634 4954 839 5025 nolunt.
889 4954 1428 5025 Christopltononus
1488 4971 1619 5009 vero
1662 4956 1734 5009 ita
1767 4956 1961 5011 vertit:
2015 4954 2207 5024 Copias
2312 4959 2556 5011 zantium
2628 4956 3039 5025 Βαρααμάνης.
3085 4955 3143 5009 In
3196 4952 3473 5025 caput?”
3523 4950 3895 5025 infragdicitur

635 4974 839 5009 natum.
889 4974 1428 5024 υητιςιοριιοῐκθηιις
1488 4974 1619 5009 νριό
1662 4974 1734 5009 Ila
1767 4974 1961 5011 γῡιίιιε
2015 4974 2207 5024 ιιοριηε
2312 4974 2556 5011 zantlum
2628 4974 2931 5025 υαρααμαν
2976 4974 3025 5017 ς.
3086 4974 3143 5009 ιη
3196 4974 3319 5023 cap.
3388 4974 3473 5018 10,
3523 4974 3665 5006 lllll'l
3694 4974 3893 5008 ωειιιιι·

635 5039 740 5078 non
768 5024 989 5078 ulterius
1016 5024 1233 5078 ducunt.
1262 5025 1368 5079 Sed
1403 5025 1587 5079 (ιι-ωειλ
1620 5042 1747 5080 eum
1784 5042 2009 5081 sensum
2062 5026 2207 5081 ferre
2324 5026 2729 5097 Ἀρδαρμάνης.
2762 4974 3209 5095 Tlieop'bylactus
3233 5026 3287 5078 in
3334 5022 3433 5077 lib.
3468 5037 3547 5087 ut,
3594 5021 3893 5077 Adormaa—

636 5109 746 5149 non
772 5104 1022 5159 possunt.
2312 5114 2439 5153 nem
2476 5106 2654 5151 νοοτιι.

706 5164 818 5229 (52)
855 5164 1287 5233 Ἀδαηρμὰνης.
1319 5164 1481 5221 Varie
1540 5164 1646 5218 ltoc
1684 5182 1883 5220 nomen
1941 5167 2209 5235 scriptum

637 5236 912 5306 reperitur
935 5236 1081 5304 apud
1117 5242 1333 5290 veteres
1375 5243 1650 5306 auctores.
1699 5237 1856 5306 Apud
1910 5237 2208 5305 Theopha-

638 5318 761 5377 nem
785 5304 838 5357 in
867 5305 1121 5359 Chronico
1154 5305 1491 5369 ’Δσταδάνης
1522 5304 1831 5377 (Ιὶοἰιιιιιξοι
1867 5304 2206 5377 ’Λρδαυζάνης

648 5375 700 5426 in
722 5389 823 5427 ms.
855 5376 1045 5430 codice
1092 5377 1356 5430 Palatino.
1399 5376 1721 5431 Anastasius
1763 5375 1948 5433 autem
1998 5375 2208 5431 Biblio-

643 5443 921 5516 tlieeagrius
946 5447 1317 5503 Adermanum
1346 5446 1543 5500 ducem
1577 5457 1753 5501 vocat.
1804 5448 1861 5501 In
1898 5448 2209 5516 Nicephoro

642 5513 906 5568 scribitur
936 5517 1386 5587 υὺαδααρμάνης.
1436 5516 1593 5585 Apud
1648 5513 2045 5587 Theophanem
2105 5518 2209 5588 By-

2098 5653 2484 5709 \‘AlthRUM.

721 5748 797 5811 (τι)
864 5752 1070 5817 Δύρας.
1114 5750 1255 5807 Urbs
1297 5750 1627 5817 episcopalis
1688 5748 2111 5814 Mesopotamim,
2151 5748 2205 5799 in
2319 5757 2426 5811 cla,
2460 5758 2518 5800 et
2566 5742 3201 5817 Anastasiopolisetiam
3236 5740 3430 5817 _dicta_.
3471 5741 3649 5817 Nisibi
3710 5741 3897 5817 vicina.

652 5818 821 5872 llmitc
850 5812 1066 5885 l‘crsize,
1098 5822 1165 5875 ab
1207 5812 1503 5873 Ana-itasio'
1539 5820 1670 5887 imp.
1704 5835 1769 5870 ex
1806 5812 1926 5872 vico
1960 5819 2091 5872 urbs
2129 5818 2207 5871 ta-
2322 5818 2671 5887 (Βλυυιιιέυ.)
2697 5812 2873 5887 Capta
2890 5827 2974 5872 est
3014 5815 3132 5870 haec
3164 5814 3300 5868 urbs
3335 5828 3363 5867 a
3396 5812 3583 5868 Persis
3612 5827 3760 5867 anno
3788 5812 3901 5867 57‘.

2384 5170 2497 5231 (55)
2541 5167 2845 5220 Σελεύκου
2875 5164 2978 5218 τοῦ
3010 5162 3362 5230 Νικάνορος.
3414 5162 3784 5218 Scribendum
3816 5175 3897 5221 est.

2318 5238 2511 5308 procul
2537 5234 3065 5308 dublttiNtxitcpq;
3103 5232 3546 5308 seleucusenim
3570 5234 3783 5302 primus
3802 5238 3898 5307 Sy-

2319 5303 2412 5364 ria:
2445 5323 2561 5369 rex,
2595 5308 2665 5361 ob
2700 5303 3236 5375 illustres‘victorias
3260 5303 3521 5375 Νικάτωρ
3546 5303 3896 5375 cognomini-

2320 5390 2407 5433 tus
2426 5387 2614 5443 est,ut
2646 5393 2711 5432 ex
2738 5375 2984 5431 munmis
3031 5374 3320 5428 veteribus
3361 5370 3650 5438 discimus,
3703 5372 3794 5444 qui
3845 5377 3896 5429 id

2318 5457 2744 5517 cognomentum
2765 5448 2816 5501 ei
2853 5444 3163 5501 ascribunt.
