4096 6482
263 431 410 509 2813

1199 434 1581 496 HISTORI/E
1621 437 2207 498 ECCLESIAS’l‘iCE
2250 440 2478 498 LIBER
2518 440 2582 498 ν.

3405 440 3545 504 28M

267 539 366 610 ζης
396 539 776 612 προϊσταμένῳ
807 541 946 595 κατά
971 543 1070 613 τὴν
1098 541 1379 613 βασιλέως
1417 545 1641 616 ὕστερον
1666 547 1719 600 δὲ
1746 550 1837 598 καὶ

1946 547 2171 614 Magnus
2194 546 2458 615 quidam;
2508 546 2601 614 qui
2634 561 2785 613 prius
2828 545 3052 613 quidem
3104 548 3542 616 argentariorum

267 628 404 704 μίαν
469 629 580 683 τῶν
640 630 934 701 βασιλικῶν
987 633 1174 686 οἰκιῶν
1227 636 1642 704 ἐμπιστευθέντι
1713 638 1846 706 πρὸς

261 721 590 776 ’Ῑουστίνουο
637 724 686 777 οῖ
731 724 824 777 καὶ
858 725 1245 798 προτροπάδην
1275 727 1497 795 ἔφυγον,
1534 727 1734 798 μικροῦ
1765 727 1848 779 δο-

263 813 534 884 ρυάλωτοι
585 815 904 884 ληφθέντες.
951 819 1338 890 Ἀδααρμάνης
1390 820 1487 887 μὲν
1534 819 1627 872 οὖν
1679 819 1849 872 ταῦτα

260 905 758 974 κατειργασμένος,
799 907 883 960 τὸν
910 909 1159 979 Χοσρόην
1190 908 1536 978 κατειλήφει,
1570 907 1722 960 οὖπω
1750 909 1850 979 τὴν

264 996 422 1050 πόλιν
451 998 981 1068 ἐκπολιορκήσαντα.
1015 1003 1110 1064 ’³ος
1137 1000 1457 1071 προστεθεὶς
1484 1000 1656 1069 αὐτῷ,
1682 1000 1851 1069 μεγά-

262 1086 366 1158 λην
415 1088 589 1158 ῥοπὴν
639 1088 838 1142 δέδωκε
862 1130 879 1154 ,
930 1091 1058 1154 τούς
1086 1109 1145 1144 τε
1176 1091 1410 1154 οἰκείους
1437 1091 1846 1162 ἀναθαρσήσας,

260 1177 325 1231 τό
351 1195 413 1230 τε
447 1179 692 1243 ἀντίξοον
724 1181 1100 1252 καταπλήξας.
1147 1183 1364 1253 Εὖρηκε
1396 1182 1450 1234 δὲ
1479 1183 1580 1250 τήν
1607 1199 1662 1234 τε
1697 1183 1850 1237 πόλιν

262 1268 756 1338 ἀποτειχισθεῖσαν,
792 1272 888 1325 καὶ
914 1271 1043 1342 χοῦν
1073 1271 1244 1342 ἀγχοῦ
1273 1271 1370 1324 τοῦ
1393 1271 1606 1340 τείχους
1644 1288 1849 1341 συμφο-

266 1358 500 1428 ρηθέντα
529 1361 697 1415 πολὺν
717 1403 732 1427 ,
765 1363 860 1415 καὶ
885 1366 983 1427 τὰς
1008 1364 1282 1427 ἑλεπόλεις
1311 1365 1559 1434 μηχανὰς
1582 1363 1846 1429 ἑστώσας,

262 1451 360 1502 καὶ
416 1451 652 1520 μάλιστα
706 1455 831 1517 τοὺς
879 1455 1225 1518 καταπέλτας
1273 1453 1333 1519 ἐξ
1380 1455 1713 1525 ὑπερδεξίων
1763 1457 1848 1526 ῥι-

263 1536 568 1604 πτοῦντας,
605 1538 699 1602 οὓς
727 1541 1034 1605 λιθοϐόλους
1066 1545 1096 1613 ἡ
1131 1544 1390 1614 συνήθεια
1418 1544 1596 1598 καλεῖ.
1633 1541 1729 1607 Οἷς
1757 1545 1850 1597 καὶ

261 1627 365 1699 τὴν
415 1629 573 1684 πόλιν
619 1634 964 1702 κατακράτος
1025 1630 1168 1688 εἷλεν
1217 1638 1244 1689 ὁ
1283 1636 1529 1705 Χοσρόης
1576 1637 1714 1689 κατά
1752 1636 1850 1707 τὴν

263 1716 417 1788 ὥραν
477 1721 572 1774 τοῦ
633 1725 903 1792 χειμῶνος
931 1764 945 1787 ,
1015 1727 1262 1779 Ἰωάννου
1323 1726 1416 1778 τοῦ
1469 1727 1513 1778 Τ
1519 1729 1848 1797 ιμοστράτου

263 1809 459 1872 παιδὸς
488 1811 658 1881 αὐτῆς
688 1814 966 1883 ἄρχοντος,
991 1816 1190 1885 ἥκιστα
1222 1819 1665 1888 πεφροντικύτος,
1694 1820 1726 1889 ἢ
1754 1818 1848 1872 καὶ

1953 653 2157 691 mensa:
2187 638 2513 706 praepositus
2551 636 2731 690 fuerat
2758 639 2812 690 in
2840 638 2974 690 urbe
3002 637 3170 705 regia,
3196 646 3382 706 postea
3409 655 3544 691 vero

1955 730 2116 782 unius
2165 745 2231 782 ex
2261 728 2644 796 imperialibus
2689 727 2949 782 domibus
2989 738 3223 792 curator
3277 729 3455 785 fuerat
3513 746 3542 784 a

1950 821 2168 876 Iustino
2219 819 2415 874 factus.
2455 820 2657 873 Verum
2706 819 2760 873 bi
2807 835 3032 890 quoque
3082 835 3204 875 sese
3269 821 3323 874 in
3359 820 3542 891 fugam

1952 911 2176 971 dedere,
2205 925 2328 964 cum
2363 925 2556 978 parum
2595 911 2866 964 abfuisset
2899 911 3033 979 quin
3067 909 3309 964 universi
3345 911 3413 964 ab
3440 911 3542 966 bo-

1951 1003 2130 1057 Stibns
2159 1012 2513 1072 caperentur.
2557 1001 2653 1057 l-lis
2682 1002 2846 1056 rebus
2865 1002 3033 1071 gestis
3074 1001 3448 1056 Adaarmanes
3473 1003 3540 1056 ad

1949 1095 2250 1150 Chosroem
2285 1095 2458 1157 venit,
2508 1096 2601 1164 qui
2643 1095 2834 1148 urbem
2870 1095 3039 1148 Daras
3091 1093 3338 1146 nondum
3370 1108 3543 1161 expu-

1950 1195 2232 1258 gnaverat.
2273 1187 2404 1255 Εάιιε
2439 1187 2607 1256 igitur
2642 1186 2814 1256 copiis
2839 1184 3194 1256 coniunctus.
3240 1183 3537 1244 maximum

1953 1278 2118 1331 rebus
2148 1287 2485 1332 momentum
2536 1275 2742 1340 attulit,
2780 1291 2905 1330 cum
2953 1284 3009 1328 et
3054 1289 3281 1328 suorum
3325 1275 3541 1326 animos

1951 1365 2358 1429 confirmasset,
2415 1374 2473 1420 et
2533 1365 2795 1419 hostibus
2845 1374 3115 1417 terrorem
3191 1362 3534 1417 ineussisset.

1952 1456 2124 1511 Porro
2144 1459 2337 1511 urbem
2362 1459 2530 1525 ipsam
2558 1454 2923 1526 deprehendit
2945 1455 3086 1508 vallo
3111 1454 3536 1514 circumdatam,

1952 1557 2006 1602 et
2049 1563 2301 1616 aggerem
2348 1547 2622 1615 ingentem
2677 1546 2743 1600 ad
2801 1561 2988 1600 muros
3041 1544 3197 1598 urbis
3219 1544 3534 1607 admotum;

1953 1640 2176 1692 bellicas
2199 1638 2330 1690 item
2376 1637 2664 1690 machinas
2697 1651 2835 1704 quas
2869 1635 3156 1704 helepoles
3190 1642 3410 1696 vocant,
3439 1648 3535 1702 pa-

1952 1734 2131 1790 ratas;
2177 1739 2241 1778 ac
2303 1724 2580 1793 praecipue
2638 1723 2967 1792 catapultas,
3019 1737 3084 1776 ex
3132 1720 3368 1775 editiore
3418 1722 3537 1775 loco

1952 1829 2080 1884 saxa
2127 1812 2414 1882 jacicntes,
2453 1827 2591 1880 quas
2638 1811 2804 1882 vulgo
2857 1811 3131 1880 petrarias
3166 1817 3386 1862 vocant.
3421 1808 3538 1862 Hoc

262 1900 714 1970 καταπροδόντος.
744 1905 973 1973 Λέγεται
1003 1908 1111 1976 γᾲρ
1138 1908 1440 1977 ἀμφῦτερα.
1473 1909 1843 1979 Προσήδρευσε

1952 1904 2116 1958 modo
2139 1902 2416 1958 Chosroes
2456 1903 2694 1956 hiberno
2752 1913 3001 1971 tempore
3049 1900 3243 1953 urbem
3296 1900 3444 1953 iliam
3483 1904 3531 1956 vi

258 1988 318 2042 δὲ
351 1993 414 2060 τῇ
448 1991 598 2046 πόλει
653 1996 681 2048 ὁ
725 1996 972 2068 Χοσρύης
1000 1999 1247 2067 πέμπτον
1293 2000 1386 2052 καὶ
1417 2000 1552 2070 πρός
1583 2017 1643 2067 γε
1680 2001 1848 2070 μῆνα,

262 2081 488 2151 μηδενὸς
518 2084 1122 2154 ἀμύνοντος.’Δπαντας
1145 2091 1322 2143 τοίνυν
1347 2088 1628 2158 ἐξαγαγὼν
1652 2091 1850 2161 πλῆθος

259 2171 630 2242 ἀστάθμητον,
668 2176 764 2230 καὶ
792 2178 919 2240 τοὺς
956 2177 1054 2248 μὲν
1089 2180 1256 2233 αὑτοῦ
1287 2179 1539 2242 δειλαίως
1567 2181 1849 2250 κατασφά-

262 2256 361 2323 ξας
385 2300 398 2326 ,
437 2263 561 2326 τοὺς
590 2265 648 2318 δὲ
681 2265 965 2332 πλείστους
1012 2268 1105 2321 καὶ
1146 2270 1385 2340 ζωγρὶας
1417 2269 1578 2338 ἑλὼν,
1612 2269 1710 2340 τὴν
1745 2271 1845 2340 μὲν

259 2349 416 2403 πόλιν
462 2354 747 2426 ἐπίκαιρον
776 2356 941 2410 οὖσαν
973 2362 1186 2430 φρουρᾷ
1221 2361 1489 2431 κατέσχεν
1515 2379 1528 2393 ·
1588 2363 1747 2426 αὐτὸς
1782 2362 1836 2414 δὲ

261 2442 394 2512 πρὸς
426 2446 493 2499 τὰ
524 2448 698 2501 οἰκεῖα
732 2450 1092 2520 ἀπεχώρησεν
1123 2451 1249 2522 ἥϐη.

1960 1997 2128 2065 cepit,
2162 1995 2372 2050 Joam‘ie
2430 1994 2746 2049 Timostrati
2801 1994 2912 2047 lilio
2962 1993 3059 2062 qui
3102 1991 3225 2044 urbi
3280 1999 3532 2059 prmerat,

1957 2103 2150 2157 parum
2208 2086 2276 2140 de
2338 2101 2404 2140 ea
2446 2087 2710 2146 sollicito,
2743 2085 2853 2139 imo
2904 2099 3036 2139 vero
3085 2099 3204 2138 eam
3243 2082 3530 2151 prodente.

1957 2179 2264 2248 Utrumque
2309 2177 2460 2230 enim
2505 2175 2732 2229 dicitur.
2768 2173 3073 2228 Obsederat
3119 2183 3302 2226 autem
3338 2170 3531 2224 urbem

1952 2269 2101 2324 illam
2137 2269 2414 2323 Chosroes
2481 2267 2727 2336 quinque
2769 2275 2825 2320 et
2867 2264 3106 2333 amplius
3152 2277 3391 2324 menses,
3439 2276 3535 2314 ne-

1945 2361 2092 2415 mine
2115 2376 2235 2414 eam
2261 2359 2614 2414 defendente.
2636 2357 2772 2413 Cum
2799 2357 2969 2426 igitur
2989 2355 3278 2412 universos
3306 2368 3373 2407 ex
3397 2353 3532 2405 urbe

1942 2451 2252 2515 eduxisset,
2299 2451 2622 2504 immensam
2677 2448 2959 2502 hominum
3008 2444 3439 2505 muititudinem,
3476 2453 3532 2497 ct

258 2533 528 2602 quosdam
569 2550 637 2591 ex
704 2539 775 2594 iis
808 2540 1108 2595 crudeliter
1139 2541 1254 2596 illic
1291 2554 1605 2606 mactasset,
1635 2543 1876 2612 reliquos
1910 2556 2043 2596 vero
2078 2541 2236 2594 vivos
2279 2547 2578 2605 servasset,
2612 2539 2808 2593 urbem
2865 2538 3126 2608 quidem,
3196 2544 3386 2603 utpote
3425 2549 3527 2602 op-

261 2633 503 2695 portune
543 2627 742 2696 sitam,
780 2629 1040 2700 praesidio
1089 2630 1346 2702 imposito
1384 2633 1617 2688 munivit
1657 2650 1671 2686 :
1717 2635 1833 2704 ipse
1866 2646 1996 2687 vero
2025 2632 2080 2685 in
2109 2631 2390 2701 regionem
2422 2645 2578 2685 suam
2609 2644 2867 2684 reversus
2899 2637 3004 2684 est.

837 2751 1092 2806 ΚΕΦΑΛ.
1153 2756 1254 2810 ΙΛ⁸.

270 2833 379 2913 Ὠς
392 2840 434 2913 ἀ
439 2838 742 2913 ,βασιλεὺς
780 2843 1104 2908 Ἰουστῖνος
1128 2845 1418 2913 φρενίτιδι
1449 2848 1616 2910 νόσῳ
1639 2845 1796 2899 ἑάλω
1817 2863 1830 2878 ·

331 2908 594 3040 arigerae
640 2911 708 2966 δὲ
757 2913 872 2981 τὴν
920 2908 1214 2982 φροντίδα
1266 2915 1384 2969 τῶν
1421 2908 1594 2970 ὅλων
1629 2915 1834 2969 ἁνεδέο

2599 2747 2752 2804 CAP.
2781 2747 2873 2802 XI.

1945 2841 2218 2908 Quomodo
2248 2858 2367 2894 cum
2397 2841 2638 2895 Justinus
2668 2840 2720 2890 in
2748 2838 3073 2892 dementiam
3114 2839 3398 2902 incidisset,
3448 2838 3528 2893 Ti-

2225 2911 2397 2964 berius
2431 2909 2751 2980 Reipublij
2788 2925 2972 2961 curam
2998 2911 3243 2980 suscepit.

332 3086 514 3160 Ἀπερ
552 3092 742 3164 ἐπειδὴ
787 3096 1014 3165 ἠκηκόει
1059 3099 1088 3150 ὁ
1130 3098 1417 3158 ἰουστῖνος
1440 3135 1455 3161 ,
1488 3096 1551 3147 ἐκ
1585 3095 1840 3150 τοσούτου

2014 3089 2142 3142 Haec
2171 3104 2297 3141 cum
2333 3087 2607 3141 audiissct
2654 3085 2942 3147 Justinus,
2992 3083 3125 3136 nihil
3174 3084 3289 3138 sani
3341 3083 3528 3137 animo

256 3175 431 3246 τύφου
463 3181 558 3232 καὶ
587 3181 772 3248 ὄγκου,
809 3184 958 3237 οὐδὲν
989 3184 1142 3252 ὑγιὲς
1171 3184 1202 3254 ἢ
1234 3186 1509 3255 φρενῆρες
1532 3186 1795 3254 ἐννοήσας
1825 3225 1839 3250 ,

259 3268 384 3325 οὐδὲ
437 3269 799 3338 ἀνθρωπίνως
860 3274 920 3327 τὸ
974 3276 1291 3345 συνενεχθὲν
1319 3275 1429 3344 (54)
1472 3274 1728 3345 ἀνατλὰς,
1785 3276 1843 3338 ἐς

257 3357 541 3428 φρενίτιδα
589 3362 741 3415 νόσον
773 3365 867 3416 καὶ
897 3367 1100 3436 μανίαν
1133 3366 1402 3434 ἐμπίπτει
1424 3406 1439 3431 ,
1467 3336 1618 3418 οὐδὲν
1658 3364 1841 3418 λοιπὸν

256 3447 370 3501 τῶν
400 3452 706 3517 γινομένων
741 3456 968 3518 συνιείς.
1008 3457 1204 3510 Διώκει
1237 3456 1293 3509 δὲ
1327 3457 1387 3509 τὸ
1411 3457 1707 3526 πολίτευμα
1751 3458 1842 3510 Τι-

259 3536 443 3606 σέριος
475 3539 582 3609 (υ),
633 3541 781 3613 Θρᾲξ
817 3545 917 3615 μὲν
962 3547 1117 3613 γένος
1143 3587 1158 3610 ,
1209 3546 1278 3600 τὰ
1311 3549 1556 3615 πρωτεῖα
1587 3547 1643 3599 δὲ
1688 3547 1841 3617 παρὰ

272 3628 546 3699 Ἰουστίνῳ
576 3633 760 3703 φέρων
789 3652 801 3666 ο
825 3636 884 3690 ὃν
934 3640 1028 3690 καὶ
1061 3637 1204 3691 κατὰ
1230 3638 1339 3692 τῶν
1366 3638 1610 3709 ’Μάρων
1647 3639 1842 3709 πρώην

258 3719 571 3790 ὶπεπόμφει
617 3724 764 3792 (55)
797 3766 810 3787 ,
866 3727 1002 3780 πολὺ
1045 3730 1277 3799 ἀγείρας
1341 3731 1544 3800 πλῆθος
1584 3732 1837 3799 στρατοῦ.

266 3810 365 3874 ’⁸ος
390 3813 484 3864 καὶ
505 3815 704 3884 μικροῦ
733 3817 898 3878 ἑάλω,
922 3819 1034 3872 τῶν
1057 3821 1406 3889 στρατιωτῶν
1431 3823 1564 3892 μηδὲ
1581 3818 1838 3894 τὴνθὲαν

256 3900 371 3955 τῶν
413 3902 715 3975 Βαρϐάρων
762 3908 1184 3978 ὑπενεγκάντων
1207 3949 1224 3977 ,
1274 3913 1322 3964 εί
1356 3913 1431 3984 μὴ
1464 3912 1584 3966 θεία
1615 3917 1840 3983 πρόνοια

258 3995 582 4066 παραδόξως
604 3998 794 4053 τοῦτον
825 3999 1070 4065 διέσωσε,
1103 4005 1197 4057 καὶ
1223 4005 1280 4069 ἐς
1307 4005 1408 4076 τὴν
1431 4007 1720 4076 Ῥωμαίων
1745 4008 1840 4079 βαι

259 4089 466 4144 σιλιίαν
493 4092 748 4162 ἐφύλαξε,
785 4098 1211 4152 κινδυνεύσασαν
1254 4103 1366 4164 τοῖς
1397 4102 1685 4156 ’1ουστίνου
1731 4121 1837 4156 παο

258 4181 512 4252 ραλὸγοις
533 4185 938 4257 ἐγχειρήμασι,
985 4190 1082 4242 σὺν
1113 4191 1205 4243 καὶ
1347 4191 1451 4263 ὅλῳ
1483 4191 1837 4262 πολιτεύματι

255 4271 582 4344 διαρρυῆναι
611 4314 627 4341 ,
662 4278 758 4331 καὶ
807 4278 1117 4353 Βαρὸἀροις
1149 4281 1249 4353 τῆς
1279 4283 1539 4355 τοιαύτης
1574 4284 1618 4316 ⁸⁸
1659 4284 1836 4357 ἀρχῆς

255 4361 534 4431 ἐκστῆναι.

1942 3185 2225 3246 reputans,
2283 3190 2386 3230 nec
2422 3175 2747 3229 humanitus
2781 3187 2966 3228 casum
2999 3173 3152 3226 illum
3209 3171 3393 3228 ferens
3417 3215 3429 3232 .
3461 3188 3528 3228 ex

1945 3278 2097 3324 tanto
2121 3269 2261 3322 fastu
2294 3284 2357 3322 ac
2407 3279 2626 3322 tumore
2673 3265 2728 3318 in
2769 3264 3146 3335 phrenitidem
3199 3279 3263 3320 ac
3296 3264 3526 3319 demen-

1941 3359 2072 3414 tiam
2100 3358 2314 3423 incidit,
2349 3357 2488 3412 adeo
2523 3364 2583 3410 ut
2606 3357 2743 3412 nihil
2791 3371 2984 3410 eorum
3013 3371 3134 3426 quae
3169 3355 3526 3427 gerebantur.

1941 3450 2204 3518 deinceps
2244 3449 2598 3519 intelligeret.
2652 3447 2864 3502 Exinde
2912 3449 3082 3518 igitur
3127 3446 3526 3517 rempublicam

1942 3541 2088 3596 rexit
2120 3540 2398 3602 Tiberius,
2431 3539 2706 3594 oriundus
2731 3554 2798 3592 ex
2827 3537 3086 3601 Thracia,
3112 3538 3204 3606 qui
3229 3538 3371 3607 apud
3399 3537 3526 3594 Jus-

1939 3633 2117 3687 tinum
2195 3631 2525 3687 auctoritate
2586 3639 2641 3686 et
2698 3630 2874 3700 gratia
2939 3629 3238 3700 plurimum
3286 3638 3524 3699 poterat.

1938 3723 2098 3778 Hunc
2126 3724 2380 3778 Justinus
2412 3723 2577 3792 paulo
2600 3733 2761 3776 antea
2791 3722 3026 3774 collecto
3049 3721 3258 3791 ingenti
3279 3721 3524 3774 exercitu

1938 3813 2204 3868 adversus
2231 3814 2437 3868 Abaros
2459 3813 2709 3867 miserat.
2732 3811 2899 3882 438
2923 3811 3030 3866 Sed
3061 3827 3187 3866 cum
3213 3812 3418 3866 milites
3458 3827 3525 3866 ne

1938 3915 2221 3973 aspectum
2247 3903 2470 3974 quidem
2501 3904 2868 3958 Barbarorum
2896 3903 3172 3957 sustinere
3197 3901 3520 3966 valuissent,

1938 3994 2195 4050 Tiberius
2221 4010 2362 4064 pene
2392 3994 2461 4049 ab
2501 3994 2759 4049 hostibus
2795 4002 2992 4062 captus
3025 3999 3108 4047 est
3147 4011 3158 4044 :
3196 3991 3301 4046 nisi
3336 3990 3522 4046 divina

1937 4080 2288 4156 providentia
2317 4094 2520 4155 praeter
2559 4084 2806 4139 omnium
2839 4067 3158 4152 opinionem
3205 4096 3332 4135 eum
3373 4081 3523 4151 peri-

1937 4178 2060 4232 culo
2091 4178 2408 4247 eripuisset,
2451 4185 2505 4231 et
2565 4177 2814 4231 Romano
2856 4173 3089 4244 imperio
3148 4181 3520 4237 reservasset;

1936 4267 2082 4338 quod
2127 4267 2432 4322 temerariis
2467 4267 2674 4323 Justini
2711 4265 2962 4321 consiliis
3006 4265 3061 4318 in
3101 4262 3375 4334 ejusmodi
3411 4263 3525 4317 dis-

1939 4373 2152 4413 crimen
2199 4359 2500 4413 adductum
2526 4357 2733 4421 fuerat,
2761 4368 2822 4411 ut
2863 4354 3224 4411 metuendum
3255 4364 3403 4411 esset
3455 4369 3522 4409 ne

1941 4465 2064 4504 cum
2110 4449 2365 4504 universa
2409 4449 2695 4518 republica
2743 4447 3003 4502 funditus
3051 4446 3323 4507 interiret,
3364 4454 3420 4500 et
3466 4446 3520 4500 in

1940 4539 2308 4594 Barbarorum
2336 4539 2605 4594 ditionem
2641 4555 2705 4594 ac
2742 4546 3069 4608 potestatem
3100 4536 3447 4593 concederet.

1558 4689 1644 4742 VA
1657 4690 1793 4744 iile
1837 4691 2128 4746 LECTION
2140 4693 2240 4747 ES.

325 4793 375 4828 ”
405 4791 468 4851 C.
493 4791 558 4850 C.
577 4794 876 4870 τοσαύτης.

1459 4912 1731 4969 VALESll
1764 4913 2321 4972 ANNOTATIONES.

331 5017 446 5090 (54)
474 5017 558 5094 _Td
586 5019 908 5094 ᾳυνεχρέν.
958 5020 1334 5094 ⁸δονίῂειιιάιιιίι
1371 5031 1458 5078 est
1489 5027 1826 5094 συνενεχθέν,

252 5087 719 5169 quemadmodum
781 5089 839 5142 iu
871 5090 1061 5146 codice
1092 5092 1406 5146 Telleriano
1442 5087 1709 5166 scripturn
1741 5087 1832 5152 in;

252 5173 437 5300 νείὲὲ)
467 5228 567 5300 ’ογ
591 5231 865 5300 καὶκατὰ
895 5228 1011 5283 τῶν
1046 5231 1296 5297 Ἀὅίὶρων
1321 5233 1526 5298 πρώην
1570 5237 1829 5300 ὲπεποῖμ..

250 5311 372 5422 περ.
405 5297 653 5354 Justinus
689 5299 995 5369 imperator
1030 5301 1316 5355 Tiberium
1363 5297 1625 5359 comitem
1659 5297 1827 5361 excu-

296 5375 496 5422 ttorum
533 5382 661 5422 cum
681 5371 925 5422 exercitu
956 5371 1090 5422 satis
1125 5372 1330 5422 valido.
1367 5373 1632 5422 adversus.
1686 5379 1827 5422 Ava-

296 5372 496 5422 itorum
533 5382 661 5424 cum
681 5372 925 5426 exercitu
956 5372 1090 5426 satis
1125 5372 1330 5438 valido,
1367 5373 1632 5429 adversus
1686 5379 1827 5431 Ava-

1942 5042 2032 5099 res
2067 5028 2236 5089 misit,
2271 5045 2415 5082 anno
2449 5031 2663 5099 imperii
2708 5034 2789 5085 sui
2824 5046 2990 5093 nono,
3025 5039 3084 5084 ut
3120 5030 3310 5084 scrih’t
3339 5031 3514 5086 Theo-

1981 5098 2150 5151 hanes
2183 5099 2234 5150 in
2265 5098 2799 5155 ChroniroJoannes
2833 5112 3014 5154 autem
3064 5099 3414 5156 Biclarit-nsis
3462 5103 3512 5155 id

1957 5168 2144 5240 :actum
2169 5183 2289 5222 esse
2322 5169 2454 5222 dicit
2484 5186 2630 5223 anno
2662 5182 2858 5240 quarto
2901 5171 3117 5240 imperii
3147 5170 3384 5226 Justini:
3421 5174 3514 5226 ubi

1939 5235 2220 5316 Tiberium
2257 5254 2322 5291 ex
2357 5239 2482 5316 hoc.
2512 5235 3003 5316 prmliovirtoreni
3037 5240 3514 5316 ⁵(ῖοιιιάιειιιιιιιορυο

1935 5304 2029 5359 lim
2057 5307 2285 5363 rediisse
2319 5304 2530 5363 scribit:
2561 5312 2717 5376 Quod
2767 5322 2949 5366 tamen
2981 5312 3176 5364 falsum
3201 5326 3322 5364 esse
3352 5304 3516 5366 do'cet

1935 5376 2200 5446 Evagrius
2234 5396 2298 5434 ac
2321 5379 2706 5450 TheOphancs.

1701 5532 2085 5590 VARIORUM.

323 5620 396 5688 (ti)
440 5622 709 5691 Τιϐέριος.
751 5625 1004 5681 Tiberius
1033 5627 1429 5682 Constantinus
1481 5637 1696 5684 creatus
1728 5639 1813 5684 est

248 5687 783 5768 Casahetimperii
819 5713 955 5768 cuni
1007 5698 1226 5752 Justino
1285 5698 1559 5768 particeps
1622 5699 1820 5760 factus,

249 5769 376 5882 post
403 5761 472 5818 25
515 5761 665 5819 diem
692 5767 896 5821 mensis
924 5765 1178 5822 Octobris
1226 5761 1354 5822 anni
1405 5761 1534 5823 Chr.
1598 5769 1720 5832 5H,
1760 5780 1820 5822 ut

273 5829 446 5882 ‘autus
478 5848 541 5882 ex
577 5836 745 5882 veteri
768 5837 1058 5882 Enitanhio
1127 5838 1312 5882 nnmm
1374 5849 1534 5882 enim
1602 5840 1814 5882 nrnhni.

273 5829 446 5899 ’agius
478 5848 542 5887 ex
577 5836 1058 5907 veteriEpitapbio
1127 5838 1312 5892 Remzc
1374 5849 1534 5892 eruto
1600 5829 1818 5909 probat,

1932 5631 2146 5684 adeum
2178 5648 2406 5694 annum,
2445 5650 2499 5686 n.
2534 5633 2586 5685 0.
2622 5633 2776 5688 lland
2812 5643 2963 5687 recte
3009 5632 3179 5695 igitur
3224 5648 3513 5700 nuncupa-

1931 5701 2008 5754 tio
2033 5701 2428 5776 eths_Crr'2<aire;t
2496 5713 2617 5773 post
2674 5705 2890 5776 Trajani
2958 5703 3288 5774 legationem
3345 5705 3511 5758 ditata

1929 5781 2010 5827 est
2041 5773 2106 5826 ab
2132 5772 2382 5842 Evagrio,
2409 5772 2529 5842 (ap.
2575 5776 2656 5826 l3.
