4118 6496
243 433 387 497 2833

1208 432 1599 494 HISTORUE
1637 435 2236 496 ECCLESIASTICE
2280 436 2515 496 LIBER
2556 434 2621 500 ν.

3407 437 3545 501 9ὸ34

244 550 450 609 ὤσατο,
472 544 546 611 ὡς
580 545 642 598 τὸ
672 546 772 615 μὲν
802 544 1138 612 κινδύνευμα
1169 544 1457 599 εὐϐουλίαν
1486 542 1648 609 εἶναι,
1668 545 1761 599 τὸν
1790 547 1849 600 δὲ

1971 561 2077 615 pia:
2110 555 2286 600 mater
2321 556 2405 600 est
2433 545 2783 619 temeritatis,
2824 553 2878 598 et
2910 543 2980 599 ab
3010 560 3072 599 ea
3097 541 3453 613 disjunctam,
3484 561 3553 599 ac

246 637 427 691 wav,
459 634 798 704 ἀσφάλειαν,
856 635 1111 705 ἀνδρείας
1147 646 1204 689 τε
1249 638 1344 690 καὶ
1382 625 1699 709 φρόνήσεως
1736 642 1851 701 τοῖς

249 732 466 800 καιροῖς
515 729 866 800 ὀχουμένων,
918 729 1013 782 καὶ
1058 727 1162 791 τὰς
1204 731 1361 799 ἡνίας
1398 731 1850 801 πρυτανευόντων

249 819 388 890 πρὸς
413 819 443 873 6
476 819 542 873 ἂν
573 823 606 890 ἡ
635 820 797 890 χρεία
830 818 1122 890 ἐπιτάττῃ,
1150 820 1246 871 καὶ
1270 820 1368 889 τὴν
1397 820 1589 889 ὕφεσιν
1617 822 1707 874 καὶ
1734 821 1851 873 ἐπί-

248 929 413 965 τασιν
443 912 625 965 αὐτῶν
658 911 768 962 τῶν
794 911 984 981 ὁρμῶν
1005 950 1022 975 ,
1063 911 1248 982 μέτρῳ
1274 912 1385 963 τινὶ
1416 912 1509 964 καὶ
1541 912 1737 982 ῥυθμῷ
1762 912 1850 983 γί-

248 1004 500 1072 γνεσθαι.
536 1004 672 1075 Περὶ
696 994 759 1056 οὗ
791 1002 1125 1072 τελεώτερον
1157 1004 1215 1056 ἐν
1241 1005 1353 1064 τοῖς
1383 1000 1512 1073 ἑξῆς
1542 1004 1850 1075 εέρὴσεται.

252 1097 425 1160 Ὀσος
474 1096 581 1167 γὰρ
628 1096 725 1149 καὶ
765 1091 897 1160 οἷος,
934 1096 1000 1164 τῇ
1031 1094 1286 1165 βασιλείᾳ
1319 1094 1657 1162 φυλακτέον,
1694 1098 1728 1169 ἢ
1758 1098 1852 1151 τὸν

250 1188 425 1259 ἄνδρα
454 1186 801 1258 τρανώτερόν
829 1185 1151 1254 διεσάφησε,
1183 1184 1263 1254 τῷ
1293 1184 1628 1256 αὑτεξουσίῳ
1662 1187 1756 1239 καὶ
1785 1188 1854 1240 τὰ

250 1279 401 1332 ινδον
429 1276 811 1342 ἀναπτύξασα.
864 1267 1038 1338 Οὗτος
1076 1274 1176 1344 μὲν
1230 1271 1325 1328 οὖν
1357 1276 1384 1326 6
1411 1276 1722 1345 Μαυρίκιος
1754 1276 1855 1341 τὰς

250 1368 708 1440 ιπιστρατεύσεις
756 1368 1136 1437 ποιησάμενος
1186 1368 1332 1421 κατὰ
1379 1366 1477 1436 τῆς
1521 1366 1853 1439 ὑπερορίας,

252 1462 445 1525 πόλεις
474 1478 535 1516 τε
569 1461 664 1515 καὶ
696 1459 934 1532 φρούρια
967 1460 1210 1529 Πέρσαις
1238 1460 1639 1530 ἐπικαιρότατα
1670 1462 1853 1531 αἱρεῖ·

253 1554 407 1608 λείαν
449 1570 509 1607 τε
560 1553 835 1625 τοσαύτην
883 1550 1263 1623 περιεϐάλετο,
1305 1550 1448 1604 ὥστε
1479 1552 1549 1605 τὰ
1581 1569 1856 1621 σαγηνευ-

254 1644 424 1700 θέντα
481 1646 809 1719 αἰχμάλωτα
864 1644 1203 1715 ὁλοκλήρους
1244 1648 1444 1711 νήσους
1496 1644 1592 1698 καὶ
1647 1646 1852 1708 πόλεις,

253 1738 465 1812 ἀγρούς
508 1757 570 1794 τε
622 1737 1016 1811 ἔρημωθέντας
1062 1736 1142 1807 τῷ
1181 1739 1363 1809 χρόνῳ
1402 1737 1686 1806 ἐξοικῆσαι
1719 1737 1854 1807 (90),

252 1832 359 1902 τήν
402 1850 463 1887 τε
516 1833 621 1902 γῆν
670 1832 893 1903 ἐνεργὸν
942 1830 1395 1901 καταστήσασθαι
1446 1832 1626 1899 πάντη
1664 1830 1857 1901 πρώην

254 1925 614 1996 ἀγεώργητον
637 1920 825 1991 οὖσαν,
852 1920 1198 1990 στρατόπεδά
1218 1940 1278 1975 τε
1304 1922 1361 1986 ἐξ
1382 1923 1563 1976 αὐτῶν
1589 1922 1854 1991 συστῆναι
1882 1903 1931 1961 Β

256 2014 570 2089 ⁴ι’τολύτ.ν.νδρα
604 2017 748 2071 κατὰ
773 2017 885 2070 τῶν
914 2016 1093 2070 ἄλλων
1125 2014 1297 2068 ὲθνῶν
1331 2016 1478 2085 μάλα
1505 2014 1775 2083 γεννικῶς
1797 2032 1857 2067 τε

256 2112 357 2164 καὶ
387 2108 653 2181 ἀνδρείως
681 2108 1106 2178 άγωνισάμεναο
1148 2107 1509 2179 πληρωθῆναι
1535 2107 1591 2160 δὲ
1626 2108 1719 2160 καὶ
1752 2108 1857 2161 πάρ

258 2218 333 2273 σῃ
373 2200 529 2273 ἑστίᾳ
571 2201 674 2263 τὰς
707 2199 987 2263 οἰκετικὰς
1020 2198 1212 2270 χρείας
1240 2237 1256 2262 ,
1310 2199 1368 2262 ἐς
1415 2196 1477 2251 τὸ
1523 2197 1857 2267 κουφότατον

255 2295 370 2347 τῶν
402 2293 752 2362 ἀνδραπόδων
782 2291 1222 2361 ὲκποιουμένων.

1955 636 2323 689 nihilominus
2359 636 2711 706 co‘njunctam
2750 634 3049 704 ignaviam,
3075 633 3151 686 ita
3188 632 3258 686 ab
3289 647 3347 687 se
3377 632 3552 700 depu—

1954 727 2115 790 lerat,
2148 738 2209 781 ut
2235 727 2455 796 quoties
2490 727 2543 780 in
2570 718 2876 780 discrimen
2911 709 3148 788 veniret,
3188 722 3497 794 prudentia:
3534 735 3551 776 :

1954 817 2116 889 M7
2151 819 2371 888 quoties
2397 827 2776 882 cunctaretur,
2813 814 3094 872 securitati
3122 814 3559 873 adseribcndum

1955 917 2121 963 esset.
2151 908 2364 978 Quippe
2390 908 2656 963 fortitudo
2692 924 2755 962 ac
2783 907 3082 977 prudentia
3115 904 3552 975 opportunitati-

1954 1001 2060 1056 bus
2094 1008 2428 1073 temporum,
2470 986 2620 1056 veitlt
2666 1016 2811 1071 equo
2858 999 3077 1055 cuidam
3114 998 3456 1062 insidebant,
3499 1006 3552 1053 et

1956 1096 2202 1151 habenas
2220 1096 2650 1151 moderabantur
2668 1097 2825 1167 juxta
2858 1095 2913 1149 id
2938 1094 3085 1165 quod
3109 1095 3327 1149 utilitas
3350 1092 3555 1161 Reipuo

1957 1190 2115 1245 biicaz
2142 1189 2527 1260 praecipiebat.
2562 1193 2753 1259 Itaque
2798 1188 3019 1258 quoties
3050 1188 3319 1258 impetum
3364 1187 3559 1239 remit-

1958 1281 2109 1335 tebat
2170 1289 2265 1335 aut
2314 1281 2615 1346 relaxabat,
2650 1279 2704 1333 id
2768 1277 2932 1334 fiebat
2988 1294 3097 1333 non
3131 1279 3251 1333 sine
3298 1292 3557 1332 mensura

1956 1371 2196 1441 quadam
2253 1380 2418 1442 atque
2449 1373 2687 1427 ratione.
2716 1371 2825 1428 Sed
2862 1371 2930 1426 de
2975 1370 3081 1426 hac
3129 1386 3192 1424 re
3243 1369 3561 1425 accuratius

1959 1472 2081 1534 post
2133 1464 2248 1518 haec
2279 1464 2483 1519 dicturi
2518 1476 2733 1521 sumus.
2787 1464 2977 1531 Qualis
3009 1464 3157 1519 enim
3208 1472 3560 1533 quantusque

1958 1556 2257 1619 exstiterit,
2308 1556 2543 1626 imperio
2580 1557 2759 1626 ipsius
2810 1555 3211 1611 reservandum
3262 1562 3367 1609 est.
3401 1552 3561 1620 Quod

1960 1646 2184 1717 quidem
2232 1662 2417 1701 mores
2472 1636 2595 1717 ejus
2624 1649 2787 1719 longe
2833 1647 3188 1703 manifestius
3235 1646 3557 1705 declaravit.

1961 1738 2091 1792 dum
2143 1737 2323 1793 libera
2355 1738 2616 1793 facultate
2671 1740 2894 1813 quidvis
2924 1739 3123 1811 agendi
3165 1739 3216 1794 ei
3272 1753 3559 1800 concessa,

1963 1830 2182 1885 interna
2229 1832 2350 1901 cjus
2383 1832 2643 1887 omnibus
2694 1831 2977 1902 patefecit.
3023 1832 3125 1887 Hic
3153 1832 3322 1903 igitur
3354 1831 3563 1887 Mauri-

1961 1921 2103 1985 cius,
2138 1938 2263 1977 cum
2301 1924 2551 1979 exercitu
2588 1924 2841 1979 Romano
2879 1926 2935 1979 in
2959 1926 3255 1980 Persarum
3282 1925 3561 1995 regionem

1966 2016 2272 2087 ingressus,
2313 2016 2481 2071 urbes
2536 2026 2591 2072 et
2629 2017 2856 2073 castella
2900 2027 3214 2087 opportune
3263 2017 3565 2072 admodum

1967 2086 2071 2162 sita
2105 2107 2440 2177 occupavit:
2497 2115 2817 2179 tantamque
2845 2086 3086 2180 praedam
3132 2108 3301 2179 cepit,
3354 2117 3414 2163 ut
3472 2123 3565 2164 ca-

1968 2198 2104 2270 ptivi
2132 2214 2272 2269 quos
2297 2214 2365 2253 ex
2395 2200 2622 2255 Perside
2644 2201 2973 2265 abduxerat,
3009 2200 3255 2272 integras
3278 2200 3489 2256 insulas
3512 2208 3571 2255 et

1970 2290 2158 2357 urbes,
2195 2300 2362 2362 atque
2384 2307 2547 2363 agros
2586 2292 2920 2365 jampridem
2950 2293 3207 2349 desertos
3234 2286 3567 2356 incolerent,

258 2396 321 2443 et
349 2395 573 2451 terram,
602 2401 724 2456 qua:
785 2384 943 2455 prius
978 2382 1188 2440 inculta
1237 2392 1376 2449 erat,
1417 2381 1711 2438 fecundam
1767 2383 2064 2439 redderent
2097 2403 2109 2438 :
2141 2394 2313 2454 utque
2357 2401 2423 2438 ex
2492 2385 2600 2440 illis
2645 2387 2900 2456 ingentes
2928 2386 3212 2442 exercitus
3262 2387 3567 2457 conscripti

258 2482 492 2547 fuerint,
520 2482 615 2553 qui
654 2488 845 2551 postea
870 2490 1065 2535 contra
1093 2479 1230 2533 alias
1265 2478 1640 2539 Barbarorum
1672 2487 1869 2551 gentes
1908 2487 2137 2536 strenue
2196 2496 2261 2536 ac
2304 2480 2523 2536 fortiter
2559 2481 2952 2553 dcpugnarunt
2990 2502 3003 2536 :
3072 2482 3319 2554 denique
3352 2493 3412 2539 ut
3463 2483 3574 2537 sin.

257 2578 403 2651 gula:
461 2576 661 2631 domus
716 2574 990 2631 haberent
1053 2573 1150 2643 qui
1181 2572 1405 2628 servilia
1440 2588 1677 2629 munera
1736 2572 2054 2645 implerent,
2101 2588 2225 2628 cum
2256 2574 2403 2629 servi
2482 2588 2546 2628 ac
2581 2573 2855 2645 mancipia
2886 2575 3156 2632 vilissimo
3188 2576 3372 2647 pretio
3416 2590 3570 2631 com-

204 2710 205 2713 η
256 2676 617 2744 pararentur.

906 2802 1144 2855 ΚΕΦΑΛ
1157 2843 1169 2856 .
1205 2802 1291 2855 ις’.

268 2892 370 2961 Ὦς
408 2895 808 2965 Ταμχοσρυην
850 2890 1392 2965 καὶΑἊξααρμὰν-ην
1418 2886 1563 2965 τοὺς
1618 2884 1868 2958 Περσῶν

547 2960 923 3032 στρατηγοὺς
951 2962 1202 3028 ἐνίκησε
1232 2960 1577 3029 Μαυρίκιος.

335 3076 730 3159 Συνανεπλάκη
760 3075 817 3127 δὲ
868 3074 963 3127 καὶ¹
1003 3075 1114 3135 τοῖς
1141 3071 1388 3143 ἀρίστοις
1420 3072 1670 3142 Περσῶν,
1695 3070 1776 3142 τῷ
1806 3090 1865 3126 τε

2614 2800 2767 2855 CAP.
2806 2801 2924 2865 XX,

1966 2884 2241 2953 Quomodo
2285 2887 2573 2960 Mauricius
2599 2888 3023 2945 Tanchosdroem
3063 2901 3113 2945 et
3142 2891 3573 2960 Adaarmancm,

2327 2958 2618 3012 Persarum
2656 2960 2837 3028 duces,
2880 2962 3153 3018 devicerit.

2036 3070 2299 3127 Conﬂixit
2332 3073 2502 3128 etiam
2523 3089 2649 3129 cum
2681 3076 3158 3144 prazstantissimis
3184 3078 3422 3136 ducibus
3442 3080 3577 3137 Per-

258 3171 601 3243 Ταμχοσρόῃ
628 3170 725 3223 καὶ
768 3166 1120 3237 Ἀδααρμάνῃ
1153 3164 1291 3237 μετὰ
1318 3163 1598 3233 ἀξιολόγου
1633 3164 1867 3236 στρατοῦ

1976 3178 2185 3229 sarum,
2241 3163 2656 3219 Tamchosdroe
2706 3164 2921 3220 scilicet
2971 3176 3028 3221 et
3054 3166 3421 3235 Adaarmane,
3481 3173 3580 3243 qui

258 3260 758 3333 ιπιστρατεύσασι·
792 3259 888 3311 καὶ
914 3258 1065 3319 ὅπως
1099 3256 1220 3325 μὲν,
1251 3257 1342 3309 καὶ
1378 3256 1480 3317 ὅτι,
1508 3256 1601 3308 καὶ
1633 3256 1741 3324 ὅπη
1779 3254 1871 3308 πέ-

259 3369 533 3429 πρακται,
566 3351 717 3408 ἄλλοι
763 3351 1110 3421 γραφόντων,
1163 3348 1196 3418 ἢ
1226 3348 1323 3401 καὶ
1356 3347 1487 3419 παρ’
1524 3347 1682 3419 ἡμῶν
1736 3348 1868 3410 ἴσως

260 3450 324 3503 ιν
354 3447 527 3517 ἑτέρῳ
572 3444 849 3510 λελέξεται
905 3442 1071 3512 πόνῳ,
1120 3441 1219 3510 τῆς
1259 3439 1547 3511 παρούσης
1601 3456 1868 3510 πραγμα-

262 3537 420 3601 τείας
447 3536 613 3607 ἕτερα
669 3535 911 3606 μάλιστα
951 3529 1565 3601 κατεπαγγελλομένης.
1597 3530 1794 3582 Πίπτει
1822 3529 1867 3582 δ’

263 3626 363 3684 οὖν
392 3630 543 3699 ὅμως
576 3629 720 3681 κατὰ
748 3626 847 3697 τὴν
878 3623 1190 3697 παράταξιν
1226 3624 1256 3675 6
1314 3622 1678 3710 Ταμχοσρόης
1712 3622 1824 3693 (91)
1853 3662 1867 3684 ,

263 3724 373 3777 οὐκ
426 3721 654 3790 ἀνδρεία
684 3719 779 3774 τοῦ
841 3718 1133 3790 Ῥωμαίων
1200 3716 1474 3787 στρατοῦ,
1527 3714 1782 3786 εὐλαϐείᾳ
1814 3714 1871 3767 δὲ
1928 3733 1932 3738 ’

271 3816 437 3889 μόνῃ,
472 3816 573 3868 καὶ
618 3816 686 3885 τῇ
713 3815 771 3877 ἐς
825 3811 960 3865 Θεὸν
1008 3811 1194 3864 πίστει
1236 3810 1333 3864 τοῦ
1368 3811 1701 3880 στρατηγοῦ.
1734 3810 1872 3862 Φεύ-

266 3925 359 3979 γει
389 3908 447 3961 δὲ
472 3907 568 3961 καὶ
601 3908 630 3961 6
674 3905 1069 3975 Ἀδααρμάνης
1121 3904 1466 3974 κατακράτος
1508 3906 1565 3956 ὲν
1591 3905 1657 3973 τῇ
1719 3903 1869 3973 μάχῃ

268 3996 530 4060 πταίσας,
581 3996 676 4048 καὶ
723 3994 956 4057 πολλοὺς
1003 3992 1113 4047 τῶν
1147 3992 1371 4046 οἰκείων
1427 3990 1739 4046 ἀποϐαλών·
1778 3993 1871 4045 καὶ

267 4086 445 4141 ταῦτα
495 4086 938 4156 Ἀλαμουνδάρου
1000 4084 1441 4155 καταπροδόντος
1494 4082 1617 4153 (ί),
1655 4082 1715 4144 6;
1761 4083 1871 4136 τῶν

268 4180 566 4251 Σκηνητῶν
600 4181 787 4249 ἡγεῖτο
819 4176 1137 4249 βαρϐάρων,
1170 4176 1265 4230 καὶ
1322 4177 1413 4229 τὸν
1450 4176 1745 4247 Εὐφράτην
1774 4176 1874 4247 οὐχ

270 4270 536 4341 ἑλομένου
576 4271 835 4336 διαϐῆναι
893 4269 1159 4338 ποταμὸν,
1222 4268 1320 4322 καὶ
1388 4269 1755 4338 συμμαχῆσαι
1793 4267 1873 4337 τῷ

269 4361 571 4431 Μαυρικίῳ
606 4361 749 4414 κατὰ
798 4361 908 4414 τῶν
949 4360 1283 4423 άπεναντίας
1331 4359 1626 4430 Σκηνητῶν
1666 4358 1875 4429 βαρϐά-

273 4469 385 4525 ρων
414 4453 480 4508 ”.
530 4452 993 4521 Ἀκαταγὼνιστοι
1022 4450 1134 4523 γάρ
1158 4452 1274 4513 τοῖς
1306 4446 1487 4513 ἄλλοις
1516 4450 1605 4503 διὰ
1636 4450 1736 4522 τὴν
1764 4452 1873 4505 τῶν

1975 3269 2101 3308 eum
2133 3254 2341 3324 ingenti
2368 3256 2620 3309 exercitu
2659 3255 2714 3309 in
2765 3254 2903 3311 fines
2940 3257 3318 3315 Romanorum
3362 3262 3580 3334 irrupe-

1977 3356 2120 3403 rant.
2156 3346 2301 3414 Quid
2348 3356 2534 3403 autem
2589 3359 2806 3419 gestum
2862 3350 2954 3415 sit,
2991 3360 3049 3406 et.
3094 3368 3337 3423 quonam
3389 3356 3582 3422 modo.

1976 3441 2291 3512 quibusque
2319 3440 2375 3495 in
2401 3440 2560 3507 locis,
2592 3440 2841 3496 scribant
2870 3442 2961 3496 alii
3001 3461 3015 3497 :
3047 3453 3145 3497 aut
3184 3460 3215 3499 a
3248 3444 3413 3502 nobis
3460 3445 3579 3502 for-

1979 3546 2122 3594 tasse
2166 3534 2219 3587 in
2258 3533 2369 3587 alio
2398 3548 2564 3603 Opere
2596 3543 2929 3603 exponetur.
2978 3536 3230 3591 Praisens
3251 3537 3399 3590 enim
3438 3551 3583 3609 Opus

1978 3626 2138 3696 longe
2170 3625 2403 3678 aliarum
2436 3640 2625 3679 rerum
2652 3626 3031 3681 narrationem
3068 3628 3383 3697 pollicetur.
3415 3627 3581 3686 Ceci-

1978 3716 2061 3771 dit
2104 3714 2470 3769 nihilominus
2521 3715 2578 3769 in
2624 3731 2688 3770 ea
2743 3732 2926 3787 pugna
2980 3716 3407 3786 Tamcbosroes,
3463 3736 3577 3779 non

1977 3808 2258 3864 exercitus
2289 3807 2523 3862 Romani
2559 3806 2910 3875 fortitudine,
2942 3809 3040 3865 sed
3067 3810 3227 3866 ducis
3260 3828 3457 3868 eorum
3482 3830 3575 3868 re-

1979 3902 2184 3973 ligione
2214 3908 2270 3955 et
2300 3900 2355 3953 in
2387 3900 2560 3954 Deum
2595 3898 2725 3955 fide.
2765 3899 3147 3957 Adaarmanes
3175 3920 3308 3959 vero
3328 3946 3342 3971 ,
3372 3905 3584 3977 ingenti

1978 3992 2132 4048 clade
2149 3999 2395 4062 accepta,
2430 4002 2488 4047 et
2518 3992 2710 4046 multis
2732 4008 2964 4048 suorum
2998 3996 3244 4063 amissis,
3274 3998 3585 4053 contentis-

1980 4085 2119 4141 sime
2152 4084 2334 4155 fugit:
2366 4083 2533 4154 idque
2582 4084 2804 4139 tametsi
2836 4085 3248 4145 Alamundarus
3278 4089 3586 4146 Saraceno-

1982 4191 2105 4231 rum
2132 4174 2244 4229 dux
2277 4172 2637 4243 prodidisset,
2670 4189 2775 4229 nec
2813 4174 3155 4246 Euphratem
3181 4194 3403 4235 amnem
3433 4181 3589 4251 traji-

1982 4284 2131 4332 cere,
2155 4276 2212 4322 et
2236 4265 2501 4322 Mauricio
2522 4264 2792 4322 adversus
2806 4266 3112 4326 Saracenos
3141 4272 3234 4341 qui
3270 4272 3325 4327 in
3342 4272 3588 4331 hostium

1983 4362 2101 4418 acie
2130 4369 2315 4426 erant,
2345 4359 2633 4431 suppetias
2662 4358 2811 4415 ferre
2836 4361 3127 4417 voluisset.
3155 4364 3293 4419 Nam
3324 4364 3589 4421 Saraceni

1983 4452 2053 4508 ab
2088 4452 2213 4506 aliis
2286 4449 2542 4519 superari
2594 4464 2707 4503 non
2739 4461 2976 4519 possunt
3028 4464 3257 4524 propter
3312 4470 3589 4526 equorum

271 4543 460 4597 ῐππων
544 4543 839 4616 ὠκύτητα,
888 4541 1016 4618 οὒτε
1089 4540 1681 4613 καταλαμϐανόμενοι,
1714 4543 1867 4598 εἵπου

1982 4544 2396 4616 pernicitatem.
2430 4541 2645 4614 Quippe
2674 4543 2771 4613 qui
2803 4559 2907 4602 nec
2933 4549 3332 4617 comprehendi
3372 4550 3591 4621 possint

1625 4704 1864 4761 VARIAE
1911 4702 2339 4762 LECTlONES.f

349 4832 395 4864 ”
420 4828 482 4887 C.
515 4827 576 4884 C.
620 4827 892 4899 Ἀράϐων.

1518 4945 1788 5003 νΑιΕδιι
1822 4946 2391 5020 ΑΝΝΟΤΑΠυΝΕΞ.

348 5064 465 5134 (90)
485 5062 840 5134 ‘EEomt'orqf,
861 5058 920 5113 in
940 5060 1134 5134 codice
1150 5061 1769 5134 Florentinopscriptum
1794 5067 1879 5118 in-

280 5129 400 5190 veni
436 5134 737 5203 ἐξοικῆσαι.
765 5129 1124 5203 Nicephorus
1154 5148 1302 5203 vero
1338 5129 1667 5203 simpliciter
1693 5135 1879 5201 posuit

273 5207 505 5259 οξκίσαι.
525 5200 639 5275 Ego
656 5218 766 5257 non
783 5200 981 5255 dubito
993 5202 1128 5275 quin
1151 5200 1721 5275 EvagriusSCripserit
1737 5207 1878 5275 ἐσοιέ

275 5276 456 5401 iisut.
483 5272 634 5400 luga,
671 5282 849 5329 estea
876 5284 1014 5327 voce
1054 5272 1325 5345 Evagrius
1364 5272 1421 5327 in
1468 5272 1591 5345 cap.
1646 5275 1671 5329 1
1733 5290 1798 5329 ac
1843 5274 1879 5328 2

320 5361 449 5401 mus
505 5362 517 5399 ι
570 5362 641 5401 l‘l-

320 5361 449 5409 mus
483 5361 641 5409 non,

347 5364 1042 5487 ῗὲῗ)11’ῗιῖαμοσυόης.
1102 5412 1495 5487 ,Scribendumr
1548 5423 1635 5487 est
1670 5417 1867 5484 procul

275 5488 454 5541 dubio
485 5485 870 5557 Ταμχοσρόηςζ
907 5486 1000 5542 Sic
1021 5486 1175 5539 enim
1216 5485 1391 5557 paulo
1442 5493 1574 5557 ante
1604 5486 1875 5555 Evagrius

272 5574 407 5614 eum
436 5555 896 5614 voca’IQMeminit
922 5557 1089 5628 hujus
1128 5556 1292 5611 ducis
1343 5555 1645 5612 Menander
1687 5567 1877 5627 prote-

1988 5074 2108 5138 ctor
2137 5065 2191 5119 in
2218 5066 2513 5138 Excerptis
2540 5068 2907 5138 legationum,
2937 5080 2996 5125 et
3043 5068 3497 5138 TiieOplivlactus
3531 5071 3586 5125 in

1988 5135 2132 5190 libro
2155 5153 2235 5190 ιιι.
2268 5135 2523 5203 Qualiter
2558 5135 2689 5193 vero
2718 5138 2773 5193 in
2820 5139 3012 5207 praelia
3056 5135 3327 5194 adversus
3377 5139 3588 5194 Mauri-

1988 5207 2499 5282 cium_interfe_ctus
2529 5208 2624 5282 sit,
2660 5209 2836 5265 refert
2876 5210 3022 5264 idem
3054 5210 3507 5282 TlicOphylactus
3535 5213 3591 5267 in

1987 5292 2111 5345 cap.
2143 5276 2211 5331 18
2259 5278 2387 5351 libri
2419 5295 2500 5334 ιιι.
2534 5279 2707 5351 idque
2758 5290 2977 5351 gestum
3009 5296 3133 5336 esse
3185 5276 3422 5335 testatur
3464 5291 3612 5351 post-

1990 5357 2226 5401 mortem
2282 5349 2634 5418 imperatoris
2669 5349 2901 5417 Jus'tini,
2936 5350 3165 5405 Tiberio
3188 5352 3302 5421 jam
3370 5351 3438 5406 ad
3468 5349 3587 5407 Au-

1985 5426 2204 5486 gustum
2239 5422 2460 5474 culmen
2493 5431 2711 5478 erecto.
2746 5422 2806 5478 in
2843 5421 3037 5481 codice
3093 5422 3407 5480 Telicriano
3449 5424 3588 5479 scri-

1984 5498 2139 5558 ptum
2162 5500 2250 5546 est
2270 5492 2509 5561 χοσρόις.

1757 5700 2147 5759 VARIORUM.

354 5822 446 5889 (Ι)
485 5824 929 5891 Ἀλαμουδίίρου
971 5825 1482 5894 καταπροδόντος.
1531 5826 1869 5883 Alamunda-

271 5908 395 5960 rus,
434 5894 807 5953 Romanorum
844 5897 901 5953 in
948 5897 1050 5954 hac
1073 5896 1423 5969 expeditione
1444 5914 1653 5969 comes,
1682 5915 1875 5955 eorum

1986 5831 2214 5903 consilia
2257 5831 2550 5883 Persarum
2587 5832 2697 5893 regi
2743 5832 3057 5898 prodidisse
3112 5831 3308 5887 fertur.
3377 5828 3578 5903 Pagina

1987 5900 2289 5957 Ιιιτιγείιςω
2330 5918 2475 5956 anno
2511 5903 2631 5969 58!,
2674 5920 2725 5956 n.
2762 5903 2843 5957 Η.
