4118 6512
632 397 776 462 3847
1812 411 2133 473 EVAGRII
2176 413 2231 471 St

2337 409 2673 477 DLASTICI
3779 417 3932 483 2843

622 528 744 569 cem
773 523 829 569 et
854 515 1173 573 Palzestmas
1201 525 1333 586 tres,
1366 535 1470 590 ope
1500 518 1865 575 barbarorum
1895 536 2037 590 quos
2068 522 2218 578 circa

2337 522 2431 576 τῶν
2472 524 2614 593 ἀμφ’
2642 524 2805 579 αὑτὸν
2836 524 3150 597 βαρϐάρων,
3182 529 3270 583 ὅτε
3307 526 3747 602 Ἀλαμούνδαρος
3778 532 3927 602 ἥλω,

622 618 683 659 se
738 605 997 671 habebat.
1059 610 1358 681 populatus
1408 611 1609 671 fuerat.
1668 622 1725 668 et
1780 614 1833 669 in
1890 616 2216 670 servitutem

2337 614 2547 667 πάντων
2596 614 2764 668 αὐτοῦ
2796 616 3026 671 θάνατον
3073 608 3639 693 καταψηφισαμένων,
3676 626 3732 677 ἐν
3762 625 3933 678 thu-

624 695 935 768 redegerat,
956 716 1023 757 eo
1050 712 1300 774 tempore
1320 721 1431 775 quo
1450 714 1645 775 captus
1664 715 1749 761 cst
1769 706 2178 762 Alamundarus
2200 726 2213 762 :

2337 706 2462 777 Βέρᾳ
2509 707 2725 777 φυλακῇ
2780 712 3025 779 φρουρεῖ,
3080 712 3247 783 μηδὲν
3298 714 3562 769 ἐπέκεινα
3601 715 3811 770 κακῶν,
3858 718 3927 769 ’Δ

624 804 749 841 cum
788 795 1226 865 omnes-judices
1255 812 1385 851 eum
1412 799 1635 867 capitali
1668 798 1940 868 supplicio
1970 798 2216 855 allicien-

2337 802 2421 854 καὶ
2461 802 2548 868 ἐφ’
2607 799 2821 870 ἑτέροις
2865 801 3189 874 ἀναρίθμοις
3240 805 3550 877 πέπρακεν,
3599 806 3676 871 ὡς
3706 809 3925 861 ἕκαστα

624 876 755 932 dum
785 895 909 937 esse
952 885 1332 951 censuissent,
1370 886 1425 940 in
1462 886 1640 941 libera
1675 889 1925 943 custodia
1952 888 2214 956 detinuit,

2337 893 2655 963 προσφόρως
2685 891 2983 957 λελέξεται.

624 975 778 1030 nullo
808 979 1045 1048 amplius
1070 980 1215 1034 malo
1239 997 1367 1044 eum
1398 983 1660 1038 multans.
1692 984 1896 1040 Eadem
1923 985 2215 1041 clementia
2255 1003 2388 1043 usus
2419 996 2505 1043 est
2534 987 2701 1043 etiam
2764 1002 2893 1059 erga
2928 989 3067 1047 alios
3095 991 3551 1058 innumerabiles,
3588 1003 3646 1049 ut
3716 995 3919 1065 singil-

626 1071 777 1125 latim
807 1072 1057 1128 dicemus
1076 1091 1189 1131 suo
1215 1076 1359 1134 loco.

1186 1194 1350 1266 [.55
1374 1196 1527 1253 CAP.
1558 1198 1648 1253 lll.

628 1279 703 1334 De
732 1281 945 1337 Joanne
993 1293 1043 1339 et
1085 1285 1406 1358 Philippica,
1452 1289 1725 1358 magistris
1760 1288 2025 1353 militum,
2063 1291 2113 1342 et
2154 1286 2218 1341 de

1080 1355 1241 1410 rebus.
1257 1358 1322 1411 ab
1358 1355 1560 1412 iisdem’
1574 1360 1754 1428 gestis.

699 1464 871 1520 Porro
898 1466 1223 1537 magistrum
1257 1468 1558 1525 Orientalis
1588 1470 1819 1533 militiae,
1858 1468 2037 1540 primo
2089 1466 2218 1539 qui-

626 1558 752 1612 dem
788 1556 1056 1614 Joannem
1092 1560 1268 1623 misit,
1294 1562 1594 1617 oriundum
1628 1578 1694 1617 ex
1728 1560 1986 1615 Thracia.
2020 1559 2125 1627 Qui
2161 1562 2217 1615 in

627 1649 839 1718 aliquot
868 1650 1105 1720 prmliis,
1142 1651 1420 1707 interdum
1477 1653 1729 1719 adversa,
1776 1650 2056 1706 interdum
2093 1666 2221 1721 pro-

626 1748 875 1819 speriore
906 1750 1129 1807 fortuna
1163 1768 1317 1819 usus.
1345 1752 1785 1809 nihil.memoria
1820 1752 2045 1824 dignum
2090 1766 2219 1821 ges-

625 1841 719 1897 sit.
771 1842 911 1898 Huic
944 1843 1144 1900 deinde
1196 1861 1580 1911 successorem
1631 1847 1782 1901 misit
1823 1844 2217 1914 Pbilippicum,

2927 1202 3179 1256 ΚΕΦΑΛ.
3232 1205 3306 1258 l".

2324 1289 2470 1360 Περὶ
2519 1290 2631 1361 τῆς
2658 1295 3024 1365 στρατηγίας
3072 1295 3356 1350 Ἰωάννου
3389 1297 3487 1349 καί
3526 1296 3919 1365 diurnam,

2821 1360 2920 1418 καὶ
2959 1360 3051 1420 ὧν
3077 1365 3448 1435 πεπράκασι.

2396 1474 2664 1546 Πέπομρε
2724 1475 2824 1546 μὲν
2873 1473 2971 1531 ἐν
3024 1480 3053 1532 ό
3102 1480 3413 1549 Μαυρίκιος
3458 1485 3769 1554 στρατηγὸν
3806 1486 3921 1539 τῶν

2342 1565 2522 1637 Ἐῴων
2560 1567 2880 1638 ταγμάτων,
2932 1569 3114 1642 ,τρῶτα
3147 1571 3246 1641 μὲν
3310 1570 3567 1644 Ἰωάννην
3614 1577 3689 1645 (Ιι)
3726 1578 3920 1649 Θρᾷκα

2324 1657 2503 1725 γένος.
2537 1660 2634 1724 Ὃς
2666 1658 2789 1714 τινά
2837 1669 2937 1733 μὲν
2978 1662 3236 1727 πταίσας,
3262 1666 3386 1718 τινὰ
3415 1665 3475 1719 δὲ
3514 1668 3606 1721 καὶ
3633 1670 3921 1738 ἁναμαχε·

2327 1750 2586 1821 σάμενος,
2617 1752 2773 1806 οὐδὲν
2800 1755 2829 1808 ὅ
2854 1770 2906 1808 τι
2939 1757 3033 1808 καὶ
3076 1756 3237 1823 λόγου
3275 1756 3424 1822 ἀξιον
3459 1759 3738 1832 πέπραχε.
3782 1763 3923 1816 Μετ’

2327 1840 2492 1894 αὐτόν
2531 1841 2590 1895 δέ
2621 1840 2973 1909 Φιλιππικὸν,
3003 1841 3167 1913 κῆδος
3204 1845 3340 1917 πρὸς
3377 1846 3542 1899 αὑτὸν
3573 1849 3787 1919 ἔχοντα·
3818 1851 3923 1919 τὴν

625 1930 890 1989 aillnitate
920 1935 1020 2005 ipsi
1053 1937 1436 2008 coniunctum.
1470 1937 1713 1993 Alteram
1747 1938 1894 1992 enim
1924 1951 1990 1990 ex
2020 1933 2222 1989 Mauri-

2337 1931 2524 2002 ἑτέραν
2555 1932 2664 2003 γὰρ
2684 1935 2805 1986 ταῖν
2837 1906 3097 2004 ἀδελφαῖν
3123 1906 3289 1990 aitth
3321 1906 3659 2008 γεγαμήκεῖ.
3698 1942 3793 2003 '0;
3826 1906 3925 1993 κᾶι

626 2026 697 2080 cii
730 2027 1039 2096 sororibus,
1072 2044 1301 2084 uxorem
1324 2028 1579 2085 duxerat.
1612 2028 1718 2095 Qui
1750 2028 1807 2082 in
1839 2026 2083 2081 hostium
2137 2040 2223 2081 re-

626 2114 848 2185 gionem
913 2115 1223 2187 ingressus.
1262 2127 1319 2174 et
1348 2119 1513 2174 obvia
1561 2133 1797 2188 Quaeque
1830 2116 2220 2186 depopulatus.

627 2206 837 2277 ingenti
861 2209 1045 2277 prmda
1082 2212 1295 2280 potitus
1332 2221 1440 2267 est.
1476 2210 1678 2265 Multos
1709 2224 1931 2279 quoque
1959 2224 2026 2262 ex
2057 2200 2221 2261 nobi-

627 2299 777 2355 libus
805 2300 1107 2366 Nisibenis,
1141 2311 1199 2357 et
1243 2318 1311 2358 ex
1341 2303 1467 2358 aliis
1489 2303 1724 2357 urbibus
1746 2317 1869 2371 quae
1901 2310 2030 2355 sunt
2076 2299 2222 2353 intra

628 2390 858 2445 ﬂuvium
904 2392 1136 2463 Tigrim,
1186 2393 1486 2450 interfecit.
1550 2393 1813 2449 Conﬂixit
1870 2392 2037 2448 etiam
2094 2405 2222 2445 cum

628 2484 812 2540 Persis
848 2500 860 2536 :
893 2485 1300 2555 commissaque
1324 2486 1531 2557 ingenti
1570 2501 1775 2557 pugna.
1803 2493 1859 2539 et
1902 2482 2093 2539 multis
2127 2480 2223 2552 qui

630 2576 778 2631 inter
820 2576 1018 2632 Persas
1051 2576 1242 2631 eximii
1274 2576 1646 2640 habebantur,
1688 2574 1910 2639 occisis,
1943 2587 2055 2627 non
2089 2587 2225 2641 pau-

628 2681 724 2721 cos
752 2665 911 2721 vivos
948 2666 1116 2735 cepit.
1156 2665 1422 2722 Turmam
1484 2666 1617 2720 item
1672 2665 1965 2720 Persarum
2010 2678 2135 2733 qua:
2167 2662 2224 2717 in

628 2757 825 2814 collem
867 2758 1164 2829 quemdam
1216 2758 1353 2815 satis
1404 2757 1696 2814 commode
1735 2757 1901 2813 situm
1952 2763 2223 2821 evaserat,

629 2865 755 2904 cum
811 2864 1011 2919 capere
1091 2858 1301 2921 posset,
1367 2849 1591 2905 illaesam
1650 2848 1884 2915 dimisit,
1932 2857 2227 2918 postquam

631 2932 862 3007 polliciti
910 2949 1098 2995 essent
1132 2956 1499 3011 persuasuros
1538 2956 1597 2996 se
1659 2939 1774 3011 regi
1822 2940 2112 2994 Persarum
2168 2948 2229 2993 ut

632 3029 845 3100 legatos
872 3028 940 3085 dc
967 3046 1102 3101 pace
1130 3030 1545 3101 quamprimum
1572 3031 1838 3087 mitteret.
1859 3030 1980 3085 Alia
2004 3038 2230 3101 przetcr-

633 3140 719 3187 ea,
755 3140 883 3179 cum
960 3126 1139 3196 copiis
1189 3126 1569 3181 Romanorum
1630 3132 1913 3197 praeesset,
1962 3124 2229 3196 praeclare

634 3217 804 3287 gessit
833 3234 846 3271 :
882 3217 1087 3288 quippe
1127 3219 1222 3288 qui
1248 3227 1457 3273 cuncta
1493 3234 1614 3289 quae
1648 3216 1925 3287 superﬂua
1960 3224 2145 3280 erant,
2173 3223 2231 3270 et

635 3308 704 3363 ad
726 3309 915 3363 luxum
952 3324 1017 3364 ac
1051 3309 1283 3364 delicias
1310 3308 1748 3375 accommodata,
1773 3307 1842 3363 ab
1871 3307 2116 3364 exercitu
2141 3322 2232 3362 re-

638 3397 898 3463 utoverit,
920 3408 977 3454 et
1002 3398 1210 3455 milites
1259 3398 1329 3454 ad
1350 3398 1681 3453 modestiam
1706 3405 1871 3469 atque
1897 3397 2231 3469 obsequium

640 3496 1008 3551 revocaverit.
1051 3495 1258 3551 Verum
1307 3495 1424 3551 haec
1460 3492 1825 3564 relinquenda
1868 3500 2002 3547 sunt
2046 3492 2116 3548 iis
2135 3490 2231 3563 qui

636 3584 707 3641 de
735 3585 822 3641 bis
850 3586 1016 3642 rebus
1054 3588 1354 3659 scripsere,
1389 3587 1477 3643 vel
1510 3586 1603 3659 qui
1624 3587 1736 3657 jam
1766 3584 2037 3648 scribunt,
2066 3592 2235 3655 prout

641 3675 745 3744 ipsi
784 3676 870 3731 vel
895 3678 1181 3733 auditione
1208 3678 1549 3748 acceperint,
1605 3677 1691 3733 vel
1719 3674 1982 3746 opinione
2014 3674 2233 3730 ducun-

2327 2021 2469 2075 κατά
2524 2020 2623 2093 τὴν
2656 2022 2958 2093 ὑπερορίαν
3008 2022 3236 2089 διαϐὰς,
3261 2026 3442 2080 πάντα
3476 2044 3535 2080 τε
3569 2028 3640 2081 τὰ
3690 2028 3751 2081 ἐν
3795 2028 3925 2081 ποσὶ

2324 2112 2681 2183 ληϊσάμενος.
2726 2116 2978 2183 μεγάλων
3033 2114 3295 2187 λαφύρων
3340 2119 3620 2191 ἐγκρατὴς
3669 2120 3922 2188 γέγονεν,

2325 2204 2505 2259 ἀνεῖλέ
2547 2221 2605 2258 τε
2661 2204 2891 2269 πολλοὺς
2935 2206 3042 2261 τῶν
3076 2207 3316 2275 εὕγενῶν
3349 2226 3410 2262 τε
3441 2210 3539 2263 καὶ
3572 2210 3923 2282 εὐπατριδῶν

2325 2296 2424 2367 τῆς
2450 2296 2747 2362 Νισίϐεως,
2785 2297 2881 2350 καὶ
2910 2294 3020 2351 τῶν
3061 2298 3237 2353 ἄλλων
3266 2299 3377 2354 τῶν
3412 2302 3568 2364 ἐντὸς
3605 2302 3699 2356 τοῦ
3730 2303 3926 2373 Τίγρι-

2327 2389 2418 2452 δος
2451 2387 2722 2457 ποταμοῦ.
2761 2389 3082 2462 Συνεπλάκη
3121 2390 3179 2444 δὲ
3222 2392 3317 2445 καὶ
3366 2393 3631 2465 Πέρσαις·
3672 2394 3774 2447 καὶ
3819 2395 3927 2464 μὰο

2326 2497 2428 2551 χης
2465 2482 2741 2552 καρτερᾶς
2784 2482 3109 2553 γενομένης,
3157 2483 3371 2538 πολλῶν
3401 2503 3464 2538 τε
3496 2486 3596 2539 καὶ
3625 2468 3925 2554 ἀξιολόγων

2328 2569 2554 2640 Περσῶν
2586 2570 2976 2636 πεπτωκότων,
3004 2572 3101 2626 καὶ
3132 2573 3373 2645 ζωγρίας
3404 2573 3637 2638 πολλοὺς
3667 2570 3803 2641 εἷλε,
3829 2577 3925 2631 καί

2327 2679 2447 2715 τινα
2478 2660 2635 2731 λόχον
2669 2660 3020 2733 ἐκδραμόντα
3070 2663 3129 2718 ἐν
3162 2682 3270 2719 τινι
3310 2666 3418 2719 τῶν
3469 2666 3691 2736 εὐφυῶν
3718 2668 3921 2736 γεωλό-

2329 2770 2445 2823 φων
2484 2753 2785 2825 δυνάμενος
2816 2755 3039 2823 ἐξελεῖν,
3073 2756 3290 2827 ἀφῆκεν
3322 2757 3580 2825 ἀπαθεῖς,
3619 2760 3925 2831 ὐποσχομέυ

2329 2862 2454 2908 νους
2487 2843 2701 2899 πείθειν
2752 2846 2845 2900 τὸν
2907 2848 3057 2917 σφῶν
3103 2847 3331 2919 βασιλέα
3362 2850 3593 2922 εἰρήνης
3642 2852 3771 2922 πέρι
3822 2853 3924 2922 τὴν

2328 2936 2593 3009 ταχέστην
2626 2938 2956 3009 ἐκπέμπειν.
3020 2941 3130 2993 Καὶ
3151 2941 3314 3011 ἐτερα
3340 2942 3398 2996 δὲ
3431 2943 3759 3014 στρατηγῶν
3788 2961 3921 2998 κατ-

2332 3028 2630 3102 επράξατο.
2652 3029 2763 3084 τῶν
2803 3032 3079 3103 περιττῶν
3111 3033 3205 3086 καὶ
3222 3035 3280 3097 ἐς
3313 3034 3528 3106 τρυφὴν
3561 3037 3809 3105 ἀγόντων
3823 3037 3915 3090 τὸν

2334 3126 2566 3196 στρατὸν
2603 3124 3005 3198 ἐλευθερώσας,
3036 3126 3134 3180 καὶ
3174 3126 3313 3199 πρὸς
3345 3128 3409 3182 τὸ
3442 3128 3671 3200 κόσμιον
3726 3128 3820 3182 καὶ
3834 3129 3923 3183 εὓ-

2334 3216 2521 3280 πειθές
2554 3216 2753 3279 αὐτοὺς
2801 3217 3129 3289 χαλινώσας.
3168 3222 3237 3273 Ἀ
3288 3225 3400 3284 τοῖς
3446 3220 3828 3293 συγγράψασιν
3888 3222 3919 3291 ἢ

2332 3308 2429 3363 καὶ
2463 3309 2845 3381 συγγράφουσι
2875 3309 3274 3381 καταληπτέον,
3305 3311 3382 3375 ὡς
3414 3312 3482 3366 ἂν
3512 3314 3685 3384 ἀκοῆς
3712 3313 3920 3385 ἧδόξης

2332 3399 2529 3471 ἔχοιεν,
2559 3402 2593 3473 ἢ
2641 3402 2737 3456 καὶ
2769 3404 3093 3475 ἐσχήκασιν.
3123 3398 3218 3468 Οἷς
3247 3405 3277 3457 ό
3315 3405 3473 3475 λόγος
3510 3409 3578 3478 τῇ
3618 3406 3810 3478 ἀγνοίᾳ.
3830 3423 3922 3460 τεε-

2332 3491 2715 3565 ριολισθαίνων
2749 3495 2846 3547 καὶ
2897 3495 3295 3565 ἀποχωλεύων,
3335 3497 3369 3567 ἢ
3419 3497 3768 3569 προσπαθείᾳ
3792 3497 3919 3569 θρυ-

2332 3584 2594 3655 πτόμεος,
2626 3584 2659 3656 ἦ
2688 3586 3016 3659 ἀντιπαθείᾳ
3039 3587 3392 3659 τυφλώττων,
3427 3590 3535 3644 τῶν
3562 3590 3780 3661 ἀληθῶν
3806 3590 3919 3645 δια-

2337 3677 2624 3748 μαρτάνει.

640 3781 751 3823 tur.
776 3768 1022 3835 Quorum
1053 3770 1282 3841 quidem
1311 3771 1491 3825 oratio
1513 3771 1584 3826 ob
1618 3768 2023 3843 ignorationem
2045 3782 2235 3823 rerum
2272 3769 2553 3840 cespitans
2588 3778 2643 3825 et
2678 3770 3020 3837 claudicans,
3060 3780 3118 3827 et
3176 3773 3261 3829 vel
3329 3773 3460 3830 odio
3483 3774 3780 3841 obeat-cata,
3808 3777 3919 3832 lou.

642 3856 764 3928 gius
798 3874 829 3913 a
865 3874 999 3915 vero
1030 3860 1290 3917 aberrare
1330 3861 1487 3917 solet.

1290 3977 1445 4035 CAP.
1488 3976 1581 4035 IV.

646 4085 721 4140 Dc
743 4080 940 4153 Prisco
958 4084 1213 4152 magistro
1249 4084 1476 4137 militum
1499 4100 1516 4138 :
1542 4093 1587 4137 et
1615 4100 1866 4153 quanam
1894 4084 2170 4148 passussit
2200 4101 2234 4137 a

848 4152 1101 4241 militibus
1131 4154 1381 4208 adversus
1403 4155 1576 4225 ipsum
1607 4152 2019 4226 insurgentibus.

718 4269 850 4324 Post
872 4267 1026 4321 hunc
1058 4267 1320 4337 magister
1359 4266 1597 4322 militum
1618 4276 1837 4323 creatus
1867 4278 1952 4324 est
1980 4268 2237 4323 Priscus:

646 4362 734 4418 vir
760 4359 1188 4439 haudquaquam
1223 4358 1401 4415 facilis
1425 4359 1603 4425 aditu,
1626 4374 1730 4414 nec
1759 4360 1864 4413 nisi
1898 4360 1970 4415 ob
2002 4374 2090 4414 res
2140 4373 2237 4414 ne-

647 4449 917 4505 cessarias
944 4448 1000 4502 in
1032 4446 1314 4518 publicum
1357 4446 1580 4517 prodire
1621 4446 1838 4501 solitus.
1870 4445 2084 4517 Quippe
2116 4446 2235 4499 exi-

647 4541 929 4605 stimabat.
973 4552 1172 4598 cuncta
1219 4556 1278 4597 se
1311 4539 1527 4595 facilius
1576 4539 1979 4610 perfecturum,
2011 4538 2057 4593 si
2091 4538 2241 4592 solus

648 4642 901 4690 maneret
946 4641 1008 4688 ut
1053 4633 1403 4703 plurimum:
1466 4632 1623 4702 quasi
1670 4631 1879 4686 milites
1927 4631 2035 4685 hoc
2080 4638 2242 4699 pacto

650 4735 800 4782 metu
824 4725 1075 4791 adducti,
1108 4725 1378 4796 imperata
1410 4724 1577 4780 citius
1602 4723 1804 4779 facturi
1834 4732 2041 4779 essent.
2075 4722 2241 4779 Certe

647 4833 760 4889 quo
797 4818 1037 4889 primum
1088 4829 1339 4888 tempore
1385 4817 1453 4873 ad
1501 4816 1677 4872 castra
1730 4817 2107 4871 Romanorum
2146 4831 2244 4871 ve-

651 4910 755 4976 nit,
813 4910 962 4967 elato
1019 4910 1343 4980 supercilio,
1395 4926 1427 4965 e
1459 4908 1683 4965 sublimi
1715 4908 2052 4978 deSpiciens,
2086 4916 2143 4962 et
2175 4906 2243 4963 ad

2942 3974 3193 4030 ΚΕΦΔΛ.
3240 3976 3317 4032 Δ’.

2338 4077 2481 4147 Περὶ
2520 4080 2889 4148 στρατηγίας
2914 4081 3207 4148 Πρίσκου,
3238 4081 3339 4135 καὶ
3361 4075 3451 4134 ὧν
3481 4082 3790 4141 πέπονθεν
3808 4088 3916 4144 ὑπὸ

2580 4149 2688 4203 τοῦ
2718 4151 2984 4220 στρατοῦ
3024 4150 3488 4220 ἐπαναστάντος
3514 4155 3695 4222 αὐτῷ.

2415 4266 2550 4320 Μετ’
2586 4265 2749 4318 αὐτὸν
2794 4265 2849 4318 δὲ
2902 4265 3142 4337 Πρίσκος
3188 4266 3288 4337 τὴν
3319 4268 3658 4338 στρατηγίδα
3693 4270 3919 4339 μέτεισιν

2344 4359 2542 4428 ἀρχὴν*
2566 4359 2665 4411 οὐκ
2690 4356 3018 4427 εὐπρόσοδός
3037 4375 3142 4422 τις,
3166 4357 3288 4411 οὐδὲ
3318 4358 3454 4429 ἀτερ
3482 4362 3593 4413 τῶν
3626 4361 3919 4430 ἀναγκαίων

2346 4449 2741 4522 εὐπρόσδεκτος·
2775 4450 2838 4502 τὸ
2864 4452 2970 4504 πᾶν
2999 4449 3056 4502 δὲ
3082 4449 3321 4517 νομίζων
3353 4440 3850 4521 καταπράττεσθαι,
3875 4459 3917 4509 εί

2348 4543 2416 4597 τὰ
2453 4542 2627 4597 πολλά
2655 4542 2776 4595 κατ’
2797 4544 2963 4596 αὑτὸν
2992 4544 3099 4615 εἴη,
3133 4543 3208 4609 ὡς
3238 4543 3491 4598 ἐντεῦθεν
3519 4546 3615 4600 καὶ
3640 4546 3749 4601 τῶν
3776 4565 3919 4620 στρα-

2348 4635 2639 4705 τευμάτων
2672 4635 2782 4687 δέει
2831 4636 3033 4705 μᾶλλον
3066 4636 3399 4701 ὑπειξόντων
3432 4638 3572 4706 πρὸς
3600 4638 3671 4692 τὰ
3716 4640 3916 4693 κελευό-

2355 4742 2513 4795 μενα.
2548 4726 2677 4779 Ὅτε
2736 4726 2783 4779 δ’
2816 4726 2910 4779 οὖν
2958 4726 3096 4795 πρὸς
3148 4726 3211 4780 τὸ
3273 4728 3640 4797 στρατόπεδον
3691 4730 3913 4799 ἀφίκετο,

2350 4814 2644 4886 ὀφρυάζων
2684 4816 2779 4869 καὶ
2811 4815 3197 4887 ὑπερσλέπων,
3235 4818 3330 4870 καὶ
3379 4817 3519 4889 πρὸς
3548 4820 3609 4872 τὸ
3647 4822 3913 4890 κομπωδὲ-

2356 4922 2547 4977 στερον
2579 4907 2976 4978 ἐξησκημένος,
3011 4908 3293 4978 προύτίθει
3316 4909 3439 4962 τι.νά
3464 4909 3577 4979 (10)
3607 4909 3733 4979 περί
3758 4926 3811 4963 τε
3831 4912 3915 4979 τῆς

653 5000 855 5055 fastum
878 5015 944 5055 ac
978 5014 1239 5071 pompam
1264 5000 1503 5056 vestitus
1560 5007 1727 5069 atque
1775 5004 2026 5063 ornatus,
2057 4997 2231 5053 edicta

2348 4998 2459 5051 τῶν
2491 4999 2841 5071 στρατιωτῶν
2893 5000 2951 5064 ἐς
2994 5002 3121 5066 τοὺς
3152 5001 3426 5072 πολέμους
3456 5003 3770 5075 καρτερίας,
3804 5006 3913 5076 περί

1854 5144 2123 5201 VALESII
2190 5145 2754 5203 ANNOTA'IIONES.

726 5266 839 5337 ΗΟ)
883 5268 1190 5335 Προὺτίθει
1249 5268 1401 5323 τινά.
1447 5268 1574 5323 Hmc
1618 5268 1787 5323 verba
1846 5267 1913 5322 de
1965 5267 2166 5323 edictis
2213 5283 2245 5322 a

658 5337 845 5392 Prisco
874 5339 1173 5410 propositis
1203 5339 1562 5410 intelligenda
1586 5349 1735 5393 sunt.
1772 5337 1827 5410 Id
1851 5338 1998 5410 enim
2038 5338 2245 5410 indicat

658 5422 764 5464 vox
792 5408 1130 5478 προτιθέναι,
1166 5425 1289 5479 quae
1337 5407 1458 5465 eam
1505 5409 1615 5463 vim
1666 5424 1732 5464 ac
1785 5407 2244 5479 signiﬁcationem

2356 5268 2525 5323 habet
2559 5284 2724 5338 quam
2759 5269 2895 5324 dixi.
2926 5269 3344 5338 Expositionem
3366 5280 3612 5326 nostram
3659 5274 3910 5328 conﬁrmat
3986 5256 3987 5261 “

2356 5339 2809 5463 Τιιροιῖιιγιαοιιιε
2857 5340 2913 5394 in
2965 5339 3063 5394 lib.
3113 5357 3193 5407 Ill,
3250 5357 3373 5413 cap.
3422 5343 3469 5405 Ι,
3522 5360 3687 5413 quem
3724 5342 3911 5397 otnniuo

2356 5424 2525 5463 consu
2550 5425 2602 5463 c.

2354 5424 2602 5464 εοηδυιο.

2106 5546 2493 5603 νΑιιιΟΒυΜ.

731 5641 805 5725 (ἡ)
834 5640 1143 5725 Ἰωάννην.
1187 5641 1294 5695 Hoc
1336 5659 1477 5725 anno
1706 5642 2249 5725 iugrediente,_loan:

659 5725 748 5782 nes
776 5710 889 5782 (qui
924 5710 1163 5782 Mystaco
1204 5710 1698 5776 vocabaturfducis
1738 5710 1847 5765 loco
1906 5722 2160 5776 movetur,
2193 5721 2247 5766 ut

658 5781 748 5844 qui
791 5779 1227 5854 Pe‘rsis‘uescirot
1256 5784 1521 5854 resistere.
1554 5783 2032 5854 TbeOphylactus,
2071 5783 2169 5837 lib.
2208 5799 2245 5846 ι,

659 5866 781 5921 cap.
822 5851 902 5917 l2,
938 5851 1033 5923 qui
1064 5861 1255 5909 narrat
1287 5852 1467 5925 capite
1511 5851 1878 5925 sequentuin
1912 5855 2033 5927 ejus
2066 5854 2249 5911 locum

2355 5643 2670 5715 sublectum
2695 5643 2867 5699 fuisse
2891 5643 3263 5715 Pbilippicum
3292 5645 3665 5701 Orientalium
3708 5646 3905 5715 militum

2357 5714 2581 5772 ducem.
2612 5716 2707 5784 qui
2737 5714 3091 5783 imperatoris
3125 5730 3374 5771 sororem
3406 5714 3676 5770 Gordium
3712 5714 3909 5769 habebat

2358 5786 2414 5857 in
2438 5785 2815 5857 matrimonio.
2850 5784 2997 5838 Duas
3029 5785 3099 5839 de
3121 5786 3305 5857 Persis
3334 5786 3605 5841 victorias
3644 5786 3909 5857 reportavit

2358 5855 2726 5927 Philippicus,
2768 5854 2997 5912 alteram
3040 5872 3184 5912 anno
3219 5856 3341 5925 58$,
3375 5858 3609 5916 alterum
3647 5854 3782 5913 anno
3809 5856 3905 5911 εδδ.
