  <div class='ocr_page' id='page_1' title='image "/cluster/home/n/w/nwhite01/storage/ocr_20150623/88 pt.2/uva.x004575615/574.png"; bbox 0 0 4118 6492; ppageno 0'>
   <div class='ocr_carea' id='block_1_1' title="bbox 192 417 347 479">
    <p class='ocr_par' dir='ltr' id='par_1_1' title="bbox 192 417 347 479">
     <span class='ocr_line' id='line_1_1' title="bbox 192 417 347 479; baseline 0.006 -1"><span class='ocrx_word' id='word_1_1' title='bbox 192 417 347 479; x_wconf 71' lang='grc'><strong>2853</strong></span> 
     </span>
    </p>
   </div>
   <div class='ocr_carea' id='block_1_2' title="bbox 1109 407 2537 476">
    <p class='ocr_par' dir='ltr' id='par_1_2' title="bbox 1109 407 2537 476">
     <span class='ocr_line' id='line_1_2' title="bbox 1109 407 2537 476; baseline -0.002 -4"><span class='ocrx_word' id='word_1_2' title='bbox 1109 408 1494 476; x_wconf 67' lang='grc' dir='ltr'><strong>ΠΙΞΤΟΠῐιἙ</strong></span> <span class='ocrx_word' id='word_1_3' title='bbox 1531 407 2127 468; x_wconf 69' lang='lat' dir='ltr'><strong>ECCLESIASTiC/E</strong></span> <span class='ocrx_word' id='word_1_4' title='bbox 2167 409 2399 469; x_wconf 82' lang='lat' dir='ltr'><strong>LIBER</strong></span> <span class='ocrx_word' id='word_1_5' title='bbox 2440 410 2537 470; x_wconf 73' lang='lat' dir='ltr'><strong>VI.</strong></span> 
     </span>
    </p>
   </div>
   <div class='ocr_carea' id='block_1_3' title="bbox 3371 407 3510 470">
    <p class='ocr_par' dir='ltr' id='par_1_3' title="bbox 3371 407 3510 470">
     <span class='ocr_line' id='line_1_3' title="bbox 3371 407 3510 470; baseline -0.007 0"><span class='ocrx_word' id='word_1_6' title='bbox 3371 407 3510 470; x_wconf 63' lang='grc'><strong>2³54</strong></span> 
     </span>
    </p>
   </div>
   <div class='ocr_carea' id='block_1_4' title="bbox 193 524 1818 605">
    <p class='ocr_par' dir='ltr' id='par_1_4' title="bbox 193 525 1813 605">
     <span class='ocr_line' id='line_1_4' title="bbox 193 525 1813 605; baseline -0.007 -18"><span class='ocrx_word' id='word_1_7' title='bbox 193 534 432 605; x_wconf 74' lang='grc' dir='ltr'>ηγορεῖν</span> <span class='ocrx_word' id='word_1_8' title='bbox 453 530 548 584; x_wconf 70' lang='grc' dir='ltr'>τοῦ</span> <span class='ocrx_word' id='word_1_9' title='bbox 583 529 771 601; x_wconf 77' lang='grc' dir='ltr'><strong>ἱερέως</strong></span> <span class='ocrx_word' id='word_1_10' title='bbox 798 528 1062 601; x_wconf 76' lang='grc' dir='ltr'>βούλοιτο,</span> <span class='ocrx_word' id='word_1_11' title='bbox 1086 527 1301 597; x_wconf 82' lang='grc' dir='ltr'>δέχεται</span> <span class='ocrx_word' id='word_1_12' title='bbox 1320 525 1538 596; x_wconf 76' lang='grc' dir='ltr'>γραφὰς</span> <span class='ocrx_word' id='word_1_13' title='bbox 1572 525 1692 578; x_wconf 78' lang='grc' dir='ltr'>κατ’</span> <span class='ocrx_word' id='word_1_14' title='bbox 1715 525 1813 577; x_wconf 76' lang='grc' dir='ltr'><strong>αὖ-</strong></span> 
     </span>
    </p>
   </div>
   <div class='ocr_carea' id='block_1_5' title="bbox 1923 524 3509 605">
    <p class='ocr_par' dir='ltr' id='par_1_5' title="bbox 1923 524 3509 596">
     <span class='ocr_line' id='line_1_5' title="bbox 1923 524 3509 596; baseline 0.003 -20"><span class='ocrx_word' id='word_1_15' title='bbox 1923 525 2158 594; x_wconf 88' lang='lat' dir='ltr'><strong>ncgotia.</strong></span> <span class='ocrx_word' id='word_1_16' title='bbox 2216 526 2420 579; x_wconf 88' lang='lat' dir='ltr'><strong>nedum</strong></span> <span class='ocrx_word' id='word_1_17' title='bbox 2483 524 2548 579; x_wconf 91' lang='lat' dir='ltr'><strong>ad</strong></span> <span class='ocrx_word' id='word_1_18' title='bbox 2616 535 2821 580; x_wconf 87' lang='lat' dir='ltr'><strong>tantam</strong></span> <span class='ocrx_word' id='word_1_19' title='bbox 2887 540 3002 579; x_wconf 85' lang='lat' dir='ltr'><strong>rem</strong></span> <span class='ocrx_word' id='word_1_20' title='bbox 3071 530 3509 596; x_wconf 79' lang='lat' dir='ltr'><strong>componendam</strong></span> 
     </span>
    </p>
   </div>
   <div class='ocr_carea' id='block_1_6' title="bbox 204 618 1805 695">
    <p class='ocr_par' dir='ltr' id='par_1_6' title="bbox 204 618 1805 695">
     <span class='ocr_line' id='line_1_6' title="bbox 204 618 1805 695; baseline -0.006 -18"><span class='ocrx_word' id='word_1_21' title='bbox 204 625 337 686; x_wconf 77' lang='grc' dir='ltr'>τοῦ,</span> <span class='ocrx_word' id='word_1_22' title='bbox 379 624 516 695; x_wconf 71' lang='grc' dir='ltr'>πρός</span> <span class='ocrx_word' id='word_1_23' title='bbox 547 640 692 686; x_wconf 78' lang='grc' dir='ltr'>τινος</span> <span class='ocrx_word' id='word_1_24' title='bbox 735 619 1018 691; x_wconf 75' lang='grc' dir='ltr'><strong>τραπέζης</strong></span> <span class='ocrx_word' id='word_1_25' title='bbox 1063 619 1345 689; x_wconf 75' lang='grc' dir='ltr'><strong>ἀργυρίων</strong></span> <span class='ocrx_word' id='word_1_26' title='bbox 1380 618 1805 688; x_wconf 75' lang='grc' dir='ltr'><strong>προεστηκότος,</strong></span> 
     </span>
    </p>
   </div>
   <div class='ocr_carea' id='block_1_7' title="bbox 196 709 1810 787">
    <p class='ocr_par' dir='ltr' id='par_1_7' title="bbox 196 709 1810 787">
     <span class='ocr_line' id='line_1_7' title="bbox 196 709 1810 787; baseline -0.006 -17"><span class='ocrx_word' id='word_1_27' title='bbox 196 717 478 784; x_wconf 58' lang='grc' dir='ltr'>λεγούσας</span> <span class='ocrx_word' id='word_1_28' title='bbox 531 719 596 787; x_wconf 81' lang='grc' dir='ltr'>τῇ</span> <span class='ocrx_word' id='word_1_29' title='bbox 652 733 712 768; x_wconf 89' lang='grc' dir='ltr'><strong>τε</strong></span> <span class='ocrx_word' id='word_1_30' title='bbox 772 713 955 783; x_wconf 72' lang='grc' dir='ltr'>οἰκεία</span> <span class='ocrx_word' id='word_1_31' title='bbox 983 710 1187 781; x_wconf 74' lang='grc' dir='ltr'>ἀδελφῇ</span> <span class='ocrx_word' id='word_1_32' title='bbox 1225 709 1608 770; x_wconf 70' lang='grc' dir='ltr'>ἐπιπλακέναι,</span> <span class='ocrx_word' id='word_1_33' title='bbox 1639 710 1810 777; x_wconf 72' lang='grc' dir='ltr'>ἑτέρῳ</span> 
     </span>
    </p>
   </div>
   <div class='ocr_carea' id='block_1_8' title="bbox 199 802 1810 881">
    <p class='ocr_par' dir='ltr' id='par_1_8' title="bbox 199 802 1810 881">
     <span class='ocr_line' id='line_1_8' title="bbox 199 802 1810 881; baseline -0.003 -24"><span class='ocrx_word' id='word_1_34' title='bbox 199 812 366 881; x_wconf 65' lang='grc' dir='ltr'>ἀνδρὶ</span> <span class='ocrx_word' id='word_1_35' title='bbox 397 813 672 862; x_wconf 79' lang='grc' dir='ltr'>συνοικεῖν</span> <span class='ocrx_word' id='word_1_36' title='bbox 704 806 964 877; x_wconf 73' lang='grc' dir='ltr'>λαχούσῃ.</span> <span class='ocrx_word' id='word_1_37' title='bbox 989 805 1216 874; x_wconf 82' lang='grc' dir='ltr'><strong>Δέχεται</strong></span> <span class='ocrx_word' id='word_1_38' title='bbox 1242 804 1298 856; x_wconf 80' lang='grc' dir='ltr'><strong>δὲ</strong></span> <span class='ocrx_word' id='word_1_39' title='bbox 1333 804 1425 855; x_wconf 70' lang='grc' dir='ltr'>καὶ</span> <span class='ocrx_word' id='word_1_40' title='bbox 1447 802 1577 873; x_wconf 81' lang='grc' dir='ltr'>παρ’</span> <span class='ocrx_word' id='word_1_41' title='bbox 1605 803 1810 869; x_wconf 80' lang='grc' dir='ltr'>ἑτέρων</span> 
     </span>
    </p>
   </div>
   <div class='ocr_carea' id='block_1_9' title="bbox 201 893 1808 970">
    <p class='ocr_par' dir='ltr' id='par_1_9' title="bbox 201 893 1808 970">
     <span class='ocr_line' id='line_1_9' title="bbox 201 893 1808 970; baseline -0.005 -16"><span class='ocrx_word' id='word_1_42' title='bbox 201 901 472 955; x_wconf 71' lang='grc' dir='ltr'>τοιούτων</span> <span class='ocrx_word' id='word_1_43' title='bbox 521 902 646 970; x_wconf 78' lang='grc' dir='ltr'><strong>περὶ</strong></span> <span class='ocrx_word' id='word_1_44' title='bbox 702 902 800 969; x_wconf 76' lang='grc' dir='ltr'><strong>τῆς</strong></span> <span class='ocrx_word' id='word_1_45' title='bbox 829 896 1124 968; x_wconf 76' lang='grc' dir='ltr'><strong>εὐετηρίας</strong></span> <span class='ocrx_word' id='word_1_46' title='bbox 1181 896 1281 964; x_wconf 72' lang='grc' dir='ltr'>τῆς</span> <span class='ocrx_word' id='word_1_47' title='bbox 1330 893 1541 956; x_wconf 82' lang='grc' dir='ltr'>πόλεως</span> <span class='ocrx_word' id='word_1_48' title='bbox 1577 894 1808 963; x_wconf 84' lang='grc' dir='ltr'><strong>(18),ὡς</strong></span> 
     </span>
    </p>
   </div>
   <div class='ocr_carea' id='block_1_10' title="bbox 202 987 1808 1061">
    <p class='ocr_par' dir='ltr' id='par_1_10' title="bbox 202 987 1808 1061">
     <span class='ocr_line' id='line_1_10' title="bbox 202 987 1808 1061; baseline -0.008 -12"><span class='ocrx_word' id='word_1_49' title='bbox 202 996 378 1049; x_wconf 77' lang='grc' dir='ltr'>αὑτοῦ</span> <span class='ocrx_word' id='word_1_50' title='bbox 407 993 611 1061; x_wconf 77' lang='grc' dir='ltr'><strong>ταύτης</strong></span> <span class='ocrx_word' id='word_1_51' title='bbox 641 992 901 1054; x_wconf 70' lang='grc' dir='ltr'>πολλάκις</span> <span class='ocrx_word' id='word_1_52' title='bbox 949 990 1360 1061; x_wconf 75' lang='grc' dir='ltr'>λυμηναμένου.</span> <span class='ocrx_word' id='word_1_53' title='bbox 1402 987 1515 1038; x_wconf 68' lang='grc' dir='ltr'><strong>Καὶ</strong></span> <span class='ocrx_word' id='word_1_54' title='bbox 1552 988 1680 1053; x_wconf 69' lang='grc' dir='ltr'>περὶ</span> <span class='ocrx_word' id='word_1_55' title='bbox 1710 989 1808 1054; x_wconf 79' lang='grc' dir='ltr'>μὲν</span> 
     </span>
    </p>
   </div>
   <div class='ocr_carea' id='block_1_11' title="bbox 203 1075 1803 1154">
    <p class='ocr_par' dir='ltr' id='par_1_11' title="bbox 203 1075 1803 1154">
     <span class='ocr_line' id='line_1_11' title="bbox 203 1075 1803 1154; baseline -0.009 -14"><span class='ocrx_word' id='word_1_56' title='bbox 203 1088 312 1154; x_wconf 63' lang='grc' dir='ltr'>τῆς</span> <span class='ocrx_word' id='word_1_57' title='bbox 350 1085 640 1154; x_wconf 69' lang='grc' dir='ltr'>εὐετηρίας</span> <span class='ocrx_word' id='word_1_58' title='bbox 697 1083 795 1148; x_wconf 80' lang='grc' dir='ltr'>τὰς</span> <span class='ocrx_word' id='word_1_59' title='bbox 829 1081 1128 1149; x_wconf 70' lang='grc' dir='ltr'>ἀπολογίας</span> <span class='ocrx_word' id='word_1_60' title='bbox 1177 1079 1382 1132; x_wconf 75' lang='grc' dir='ltr'>ὑπέδνο</span> <span class='ocrx_word' id='word_1_61' title='bbox 1431 1078 1562 1148; x_wconf 74' lang='grc' dir='ltr'>περὶ</span> <span class='ocrx_word' id='word_1_62' title='bbox 1604 1078 1661 1129; x_wconf 82' lang='grc' dir='ltr'><strong>δὲ</strong></span> <span class='ocrx_word' id='word_1_63' title='bbox 1693 1075 1803 1127; x_wconf 81' lang='grc' dir='ltr'>τῶν</span> 
     </span>
    </p>
   </div>
   <div class='ocr_carea' id='block_1_12' title="bbox 203 1167 1813 1245">
    <p class='ocr_par' dir='ltr' id='par_1_12' title="bbox 203 1167 1813 1245">
     <span class='ocr_line' id='line_1_12' title="bbox 203 1167 1813 1245; baseline -0.008 -14"><span class='ocrx_word' id='word_1_64' title='bbox 203 1177 412 1240; x_wconf 69' lang='grc' dir='ltr'>ἄλλων,</span> <span class='ocrx_word' id='word_1_65' title='bbox 459 1175 684 1245; x_wconf 79' lang='grc' dir='ltr'><strong>βασιλέα</strong></span> <span class='ocrx_word' id='word_1_66' title='bbox 715 1191 773 1226; x_wconf 87' lang='grc' dir='ltr'><strong>τε</strong></span> <span class='ocrx_word' id='word_1_67' title='bbox 823 1175 916 1227; x_wconf 70' lang='grc' dir='ltr'>καὶ</span> <span class='ocrx_word' id='word_1_68' title='bbox 977 1172 1198 1226; x_wconf 81' lang='grc' dir='ltr'>σύνοδον</span> <span class='ocrx_word' id='word_1_69' title='bbox 1234 1169 1629 1222; x_wconf 76' lang='grc' dir='ltr'>ἐπεκαλέσατο.</span> <span class='ocrx_word' id='word_1_70' title='bbox 1675 1167 1813 1238; x_wconf 75' lang='grc' dir='ltr'>Περὶ</span> 
     </span>
    </p>
   </div>
   <div class='ocr_carea' id='block_1_13' title="bbox 203 1259 1813 1337">
    <p class='ocr_par' dir='ltr' id='par_1_13' title="bbox 203 1259 1813 1337">
     <span class='ocr_line' id='line_1_13' title="bbox 203 1259 1813 1337; baseline -0.006 -17"><span class='ocrx_word' id='word_1_71' title='bbox 203 1268 420 1320; x_wconf 71' lang='grc' dir='ltr'>τούτων</span> <span class='ocrx_word' id='word_1_72' title='bbox 471 1267 569 1337; x_wconf 79' lang='grc' dir='ltr'><strong>μὲν</strong></span> <span class='ocrx_word' id='word_1_73' title='bbox 611 1265 705 1318; x_wconf 72' lang='grc' dir='ltr'><strong>οὖν</strong></span> <span class='ocrx_word' id='word_1_74' title='bbox 758 1265 894 1334; x_wconf 79' lang='grc' dir='ltr'>ἐμοῦ</span> <span class='ocrx_word' id='word_1_75' title='bbox 945 1263 1369 1335; x_wconf 84' lang='grc' dir='ltr'>παρεδρεύοντος</span> <span class='ocrx_word' id='word_1_76' title='bbox 1394 1260 1504 1331; x_wconf 82' lang='lat' dir='ltr'><strong>(i9)</strong></span> <span class='ocrx_word' id='word_1_77' title='bbox 1536 1259 1629 1312; x_wconf 77' lang='grc' dir='ltr'><strong>καὶ</strong></span> <span class='ocrx_word' id='word_1_78' title='bbox 1669 1276 1813 1328; x_wconf 86' lang='grc' dir='ltr'>παρ-</span> 
     </span>
    </p>
   </div>
   <div class='ocr_carea' id='block_1_14' title="bbox 203 1352 1812 1428">
    <p class='ocr_par' dir='ltr' id='par_1_14' title="bbox 203 1352 1812 1428">
     <span class='ocr_line' id='line_1_14' title="bbox 203 1352 1812 1428; baseline -0.006 -18"><span class='ocrx_word' id='word_1_79' title='bbox 203 1359 365 1420; x_wconf 86' lang='grc' dir='ltr'>όντος</span> <span class='ocrx_word' id='word_1_80' title='bbox 402 1374 465 1425; x_wconf 86' lang='grc' dir='ltr'>γε</span> <span class='ocrx_word' id='word_1_81' title='bbox 501 1358 672 1428; x_wconf 73' lang='grc' dir='ltr'>αὐτῷ,</span> <span class='ocrx_word' id='word_1_82' title='bbox 737 1356 883 1410; x_wconf 83' lang='grc' dir='ltr'>κατὰ</span> <span class='ocrx_word' id='word_1_83' title='bbox 906 1356 1004 1426; x_wconf 83' lang='grc' dir='ltr'><strong>τὴν</strong></span> <span class='ocrx_word' id='word_1_84' title='bbox 1043 1355 1309 1425; x_wconf 79' lang='grc' dir='ltr'>βασιλέως</span> <span class='ocrx_word' id='word_1_85' title='bbox 1339 1355 1532 1421; x_wconf 71' lang='grc' dir='ltr'>γέγονε</span> <span class='ocrx_word' id='word_1_86' title='bbox 1555 1352 1652 1422; x_wconf 82' lang='grc' dir='ltr'>τὴν</span> <span class='ocrx_word' id='word_1_87' title='bbox 1674 1353 1812 1402; x_wconf 85' lang='grc' dir='ltr'>ἁπο-</span> 
     </span>
    </p>
   </div>
   <div class='ocr_carea' id='block_1_15' title="bbox 203 1441 1813 1519">
    <p class='ocr_par' dir='ltr' id='par_1_15' title="bbox 203 1441 1813 1519">
     <span class='ocr_line' id='line_1_15' title="bbox 203 1441 1813 1519; baseline -0.006 -16"><span class='ocrx_word' id='word_1_88' title='bbox 203 1451 399 1518; x_wconf 78' lang='grc' dir='ltr'>λογίαν</span> <span class='ocrx_word' id='word_1_89' title='bbox 429 1450 660 1519; x_wconf 71' lang='grc' dir='ltr'>ὑφέξων.</span> <span class='ocrx_word' id='word_1_90' title='bbox 684 1450 792 1502; x_wconf 71' lang='grc' dir='ltr'><strong>Καὶ</strong></span> <span class='ocrx_word' id='word_1_91' title='bbox 817 1449 927 1502; x_wconf 84' lang='grc' dir='ltr'>τῶν</span> <span class='ocrx_word' id='word_1_92' title='bbox 960 1447 1268 1516; x_wconf 76' lang='grc' dir='ltr'><strong>ἑκασταχοῦ</strong></span> <span class='ocrx_word' id='word_1_93' title='bbox 1299 1445 1658 1517; x_wconf 78' lang='grc' dir='ltr'>πατριαρχῶν</span> <span class='ocrx_word' id='word_1_94' title='bbox 1680 1441 1813 1512; x_wconf 64' lang='lat'><strong>(€20),</strong></span> 
     </span>
    </p>
   </div>
   <div class='ocr_carea' id='block_1_16' title="bbox 205 1537 1818 1610">
    <p class='ocr_par' dir='ltr' id='par_1_16' title="bbox 205 1537 1818 1610">
     <span class='ocr_line' id='line_1_16' title="bbox 205 1537 1818 1610; baseline -0.006 -17"><span class='ocrx_word' id='word_1_95' title='bbox 205 1542 323 1593; x_wconf 84' lang='grc' dir='ltr'><strong>τῶν</strong></span> <span class='ocrx_word' id='word_1_96' title='bbox 359 1542 456 1610; x_wconf 81' lang='grc' dir='ltr'><strong>μὲν</strong></span> <span class='ocrx_word' id='word_1_97' title='bbox 487 1542 554 1593; x_wconf 79' lang='grc' dir='ltr'><strong>δι’</strong></span> <span class='ocrx_word' id='word_1_98' title='bbox 594 1542 829 1601; x_wconf 77' lang='grc' dir='ltr'>ἑαυτῶν,</span> <span class='ocrx_word' id='word_1_99' title='bbox 867 1540 978 1593; x_wconf 83' lang='grc' dir='ltr'>τῶν</span> <span class='ocrx_word' id='word_1_100' title='bbox 1007 1540 1062 1592; x_wconf 76' lang='grc' dir='ltr'>δὲ</span> <span class='ocrx_word' id='word_1_101' title='bbox 1099 1540 1194 1594; x_wconf 71' lang='grc' dir='ltr'>καὶ</span> <span class='ocrx_word' id='word_1_102' title='bbox 1224 1538 1289 1590; x_wconf 80' lang='grc' dir='ltr'><strong>δι’</strong></span> <span class='ocrx_word' id='word_1_103' title='bbox 1322 1537 1526 1607; x_wconf 78' lang='grc' dir='ltr'>ἑτέρων</span> <span class='ocrx_word' id='word_1_104' title='bbox 1554 1540 1618 1606; x_wconf 79' lang='grc' dir='ltr'>τῇ</span> <span class='ocrx_word' id='word_1_105' title='bbox 1651 1537 1818 1606; x_wconf 75' lang='grc' dir='ltr'><strong>ζητήο</strong></span> 
     </span>
    </p>
   </div>
   <div class='ocr_carea' id='block_1_17' title="bbox 211 1630 1814 1703">
    <p class='ocr_par' dir='ltr' id='par_1_17' title="bbox 211 1630 1814 1703">
     <span class='ocr_line' id='line_1_17' title="bbox 211 1630 1814 1703; baseline -0.005 -17"><span class='ocrx_word' id='word_1_106' title='bbox 211 1650 300 1686; x_wconf 73' lang='grc' dir='ltr'><strong>σει</strong></span> <span class='ocrx_word' id='word_1_107' title='bbox 334 1633 815 1703; x_wconf 74' lang='grc' dir='ltr'>παραγενομένων,</span> <span class='ocrx_word' id='word_1_108' title='bbox 848 1630 1152 1702; x_wconf 76' lang='grc' dir='ltr'>προσέτιδὲ</span> <span class='ocrx_word' id='word_1_109' title='bbox 1177 1631 1270 1683; x_wconf 80' lang='grc' dir='ltr'>καὶ</span> <span class='ocrx_word' id='word_1_110' title='bbox 1300 1630 1400 1698; x_wconf 76' lang='grc' dir='ltr'>τῆς</span> <span class='ocrx_word' id='word_1_111' title='bbox 1426 1630 1578 1697; x_wconf 73' lang='grc' dir='ltr'>ἱερᾶς</span> <span class='ocrx_word' id='word_1_112' title='bbox 1611 1645 1814 1697; x_wconf 83' lang='grc' dir='ltr'>γερου-</span> 
     </span>
    </p>
   </div>
   <div class='ocr_carea' id='block_1_18' title="bbox 213 1717 1818 1788">
    <p class='ocr_par' dir='ltr' id='par_1_18' title="bbox 213 1717 1818 1788">
     <span class='ocr_line' id='line_1_18' title="bbox 213 1717 1818 1788; baseline -0.004 -14"><span class='ocrx_word' id='word_1_113' title='bbox 213 1722 360 1785; x_wconf 75' lang='grc' dir='ltr'>σίας,</span> <span class='ocrx_word' id='word_1_114' title='bbox 412 1725 507 1774; x_wconf 75' lang='grc' dir='ltr'>καὶ</span> <span class='ocrx_word' id='word_1_115' title='bbox 573 1721 788 1772; x_wconf 76' lang='grc' dir='ltr'>πολλῶν</span> <span class='ocrx_word' id='word_1_116' title='bbox 855 1721 1170 1773; x_wconf 71' lang='grc' dir='ltr'><strong>ὁσιωτάτων</strong></span> <span class='ocrx_word' id='word_1_117' title='bbox 1227 1717 1666 1788; x_wconf 76' lang='grc' dir='ltr'>μητροπολιτὼν,</span> <span class='ocrx_word' id='word_1_118' title='bbox 1718 1717 1818 1784; x_wconf 80' lang='grc' dir='ltr'>τῆς</span> 
     </span>
    </p>
   </div>
   <div class='ocr_carea' id='block_1_19' title="bbox 209 1807 1816 1881">
    <p class='ocr_par' dir='ltr' id='par_1_19' title="bbox 209 1807 1816 1881">
     <span class='ocr_line' id='line_1_19' title="bbox 209 1807 1816 1881; baseline -0.004 -17"><span class='ocrx_word' id='word_1_119' title='bbox 209 1812 536 1874; x_wconf 79' lang='grc' dir='ltr'>ὑποθέσεως</span> <span class='ocrx_word' id='word_1_120' title='bbox 593 1811 1046 1881; x_wconf 78' lang='grc' dir='ltr'>δοκιμασθείσης,</span> <span class='ocrx_word' id='word_1_121' title='bbox 1102 1811 1242 1880; x_wconf 85' lang='grc' dir='ltr'><strong>μετὰ</strong></span> <span class='ocrx_word' id='word_1_122' title='bbox 1307 1808 1540 1870; x_wconf 73' lang='grc' dir='ltr'>πολλοὺς</span> <span class='ocrx_word' id='word_1_123' title='bbox 1594 1807 1816 1874; x_wconf 65' lang='grc' dir='ltr'>ἀγῶνας</span> 
     </span>
    </p>
   </div>
   <div class='ocr_carea' id='block_1_20' title="bbox 1919 613 3508 683">
    <p class='ocr_par' dir='ltr' id='par_1_20' title="bbox 1919 613 3508 683">
     <span class='ocr_line' id='line_1_20' title="bbox 1919 613 3508 683; baseline 0.004 -17"><span class='ocrx_word' id='word_1_124' title='bbox 1919 613 2170 668; x_wconf 86' lang='lat' dir='ltr'><strong>idoneus.</strong></span> <span class='ocrx_word' id='word_1_125' title='bbox 2208 615 2399 683; x_wconf 88' lang='lat' dir='ltr'><strong>Itaque</strong></span> <span class='ocrx_word' id='word_1_126' title='bbox 2435 630 2558 668; x_wconf 90' lang='lat' dir='ltr'><strong>cum</strong></span> <span class='ocrx_word' id='word_1_127' title='bbox 2596 617 2790 669; x_wconf 82' lang='lat' dir='ltr'><strong>urbem</strong></span> <span class='ocrx_word' id='word_1_128' title='bbox 2828 617 3065 669; x_wconf 91' lang='lat' dir='ltr'><strong>tumultu</strong></span> <span class='ocrx_word' id='word_1_129' title='bbox 3103 633 3165 670; x_wconf 92' lang='lat' dir='ltr'><strong>ac</strong></span> <span class='ocrx_word' id='word_1_130' title='bbox 3212 618 3387 672; x_wconf 78' lang='lat' dir='ltr'><strong>lUl‘blS</strong></span> <span class='ocrx_word' id='word_1_131' title='bbox 3420 635 3508 672; x_wconf 85' lang='lat' dir='ltr'><strong>rc-</strong></span> 
     </span>
    </p>
   </div>
   <div class='ocr_carea' id='block_1_21' title="bbox 1917 706 3509 776">
    <p class='ocr_par' dir='ltr' id='par_1_21' title="bbox 1917 706 3509 776">
     <span class='ocr_line' id='line_1_21' title="bbox 1917 706 3509 776; baseline 0.003 -18"><span class='ocrx_word' id='word_1_132' title='bbox 1917 706 2142 774; x_wconf 88' lang='lat' dir='ltr'><strong>plesset,</strong></span> <span class='ocrx_word' id='word_1_133' title='bbox 2193 716 2248 758; x_wconf 93' lang='lat' dir='ltr'><strong>et</strong></span> <span class='ocrx_word' id='word_1_134' title='bbox 2298 706 2496 760; x_wconf 77' lang='lat' dir='ltr'><strong>edictis</strong></span> <span class='ocrx_word' id='word_1_135' title='bbox 2537 707 2838 776; x_wconf 87' lang='lat' dir='ltr'><strong>propositis</strong></span> <span class='ocrx_word' id='word_1_136' title='bbox 2885 707 3288 769; x_wconf 81' lang='lat' dir='ltr'><strong>denuntiasset.</strong></span> <span class='ocrx_word' id='word_1_137' title='bbox 3340 711 3509 764; x_wconf 75' lang='lat' dir='ltr'><strong>licere</strong></span> 
     </span>
    </p>
   </div>
   <div class='ocr_carea' id='block_1_22' title="bbox 1917 795 3510 868">
    <p class='ocr_par' dir='ltr' id='par_1_22' title="bbox 1917 795 3510 868">
     <span class='ocr_line' id='line_1_22' title="bbox 1917 795 3510 868; baseline 0.003 -18"><span class='ocrx_word' id='word_1_138' title='bbox 1917 797 2093 851; x_wconf 81' lang='lat' dir='ltr'><strong>cuivis</strong></span> <span class='ocrx_word' id='word_1_139' title='bbox 2126 798 2446 868; x_wconf 78' lang='lat' dir='ltr'><strong>episcopum</strong></span> <span class='ocrx_word' id='word_1_140' title='bbox 2489 795 2783 861; x_wconf 72' lang='lat' dir='ltr'><strong>accusare,</strong></span> <span class='ocrx_word' id='word_1_141' title='bbox 2830 799 3074 853; x_wconf 89' lang='lat' dir='ltr'><strong>libellum</strong></span> <span class='ocrx_word' id='word_1_142' title='bbox 3107 810 3297 854; x_wconf 88' lang='lat' dir='ltr'><strong>contra</strong></span> <span class='ocrx_word' id='word_1_143' title='bbox 3327 816 3451 855; x_wconf 90' lang='lat' dir='ltr'><strong>cum</strong></span> <span class='ocrx_word' id='word_1_144' title='bbox 3481 819 3510 855; x_wconf 88' lang='lat' dir='ltr'><strong>a</strong></span> 
     </span>
    </p>
   </div>
   <div class='ocr_carea' id='block_1_23' title="bbox 1920 888 3511 960">
    <p class='ocr_par' dir='ltr' id='par_1_23' title="bbox 1920 888 3511 960">
     <span class='ocr_line' id='line_1_23' title="bbox 1920 888 3511 960; baseline 0.003 -18"><span class='ocrx_word' id='word_1_145' title='bbox 1920 888 2155 958; x_wconf 88' lang='lat' dir='ltr'><strong>quodam</strong></span> <span class='ocrx_word' id='word_1_146' title='bbox 2177 889 2502 959; x_wconf 73' lang='lat' dir='ltr'><strong>argentaria:</strong></span> <span class='ocrx_word' id='word_1_147' title='bbox 2523 907 2725 944; x_wconf 74' lang='lat' dir='ltr'><strong>mensa:</strong></span> <span class='ocrx_word' id='word_1_148' title='bbox 2748 894 3044 960; x_wconf 71' lang='grc' dir='ltr'><strong>ιιι-τεροδὶῐο</strong></span> <span class='ocrx_word' id='word_1_149' title='bbox 3066 892 3310 945; x_wconf 86' lang='lat' dir='ltr'><strong>oblatum</strong></span> <span class='ocrx_word' id='word_1_150' title='bbox 3327 909 3511 946; x_wconf 84' lang='lat' dir='ltr'><strong>susce-</strong></span> 
     </span>
    </p>
   </div>
   <div class='ocr_carea' id='block_1_24' title="bbox 1919 980 3509 1052">
    <p class='ocr_par' dir='ltr' id='par_1_24' title="bbox 1919 980 3509 1052">
     <span class='ocr_line' id='line_1_24' title="bbox 1919 980 3509 1052; baseline 0.003 -21"><span class='ocrx_word' id='word_1_151' title='bbox 1919 982 1999 1046; x_wconf 89' lang='lat' dir='ltr'><strong>pit</strong></span> <span class='ocrx_word' id='word_1_152' title='bbox 2025 997 2036 1032; x_wconf 91' lang='lat'><strong>:</strong></span> <span class='ocrx_word' id='word_1_153' title='bbox 2072 996 2182 1048; x_wconf 80' lang='lat' dir='ltr'><strong>quo</strong></span> <span class='ocrx_word' id='word_1_154' title='bbox 2211 981 2581 1034; x_wconf 71' lang='lat' dir='ltr'><strong>accusabatur</strong></span> <span class='ocrx_word' id='word_1_155' title='bbox 2603 980 2924 1051; x_wconf 78' lang='lat' dir='ltr'><strong>Gregorius,</strong></span> <span class='ocrx_word' id='word_1_156' title='bbox 2957 983 3102 1050; x_wconf 86' lang='lat' dir='ltr'><strong>quod</strong></span> <span class='ocrx_word' id='word_1_157' title='bbox 3128 999 3252 1036; x_wconf 91' lang='lat' dir='ltr'><strong>cum</strong></span> <span class='ocrx_word' id='word_1_158' title='bbox 3288 985 3509 1052; x_wconf 81' lang='lat' dir='ltr'><strong>prOpria</strong></span> 
     </span>
    </p>
   </div>
   <div class='ocr_carea' id='block_1_25' title="bbox 1920 1059 3513 1145">
    <p class='ocr_par' dir='ltr' id='par_1_25' title="bbox 1920 1059 3513 1145">
     <span class='ocr_line' id='line_1_25' title="bbox 1920 1059 3513 1145; baseline 0.003 -21"><span class='ocrx_word' id='word_1_159' title='bbox 1920 1087 2110 1125; x_wconf 87' lang='lat' dir='ltr'><strong>sorore</strong></span> <span class='ocrx_word' id='word_1_160' title='bbox 2155 1073 2311 1126; x_wconf 82' lang='lat' dir='ltr'><strong>alteri</strong></span> <span class='ocrx_word' id='word_1_161' title='bbox 2363 1073 2479 1125; x_wconf 88' lang='lat' dir='ltr'><strong>viro</strong></span> <span class='ocrx_word' id='word_1_162' title='bbox 2525 1083 2696 1141; x_wconf 82' lang='lat' dir='ltr'><strong>nupta</strong></span> <span class='ocrx_word' id='word_1_163' title='bbox 2743 1059 2857 1126; x_wconf 70' lang='lat' dir='ltr'><strong>rein</strong></span> <span class='ocrx_word' id='word_1_164' title='bbox 2904 1075 3207 1128; x_wconf 82' lang='lat' dir='ltr'><strong>habuisset.</strong></span> <span class='ocrx_word' id='word_1_165' title='bbox 3257 1075 3513 1145; x_wconf 77' lang='lat' dir='ltr'><strong>Suscepit</strong></span> 
     </span>
    </p>
   </div>
   <div class='ocr_carea' id='block_1_26' title="bbox 1919 1164 3519 1235">
    <p class='ocr_par' dir='ltr' id='par_1_26' title="bbox 1919 1164 3519 1235">
     <span class='ocr_line' id='line_1_26' title="bbox 1919 1164 3519 1235; baseline 0.003 -19"><span class='ocrx_word' id='word_1_166' title='bbox 1919 1164 2084 1217; x_wconf 90' lang='lat' dir='ltr'><strong>etiam</strong></span> <span class='ocrx_word' id='word_1_167' title='bbox 2132 1165 2516 1220; x_wconf 81' lang='lat' dir='ltr'><strong>accusationes</strong></span> <span class='ocrx_word' id='word_1_168' title='bbox 2547 1165 2618 1218; x_wconf 90' lang='lat' dir='ltr'><strong>ab</strong></span> <span class='ocrx_word' id='word_1_169' title='bbox 2666 1165 2789 1218; x_wconf 86' lang='lat' dir='ltr'><strong>aliis</strong></span> <span class='ocrx_word' id='word_1_170' title='bbox 2835 1167 3082 1235; x_wconf 88' lang='lat' dir='ltr'><strong>ejusdem</strong></span> <span class='ocrx_word' id='word_1_171' title='bbox 3116 1167 3305 1221; x_wconf 73' lang='lat' dir='ltr'><strong>farina:</strong></span> <span class='ocrx_word' id='word_1_172' title='bbox 3337 1166 3519 1220; x_wconf 67' lang='lat' dir='ltr'><strong>homi&gt;</strong></span> 
     </span>
    </p>
   </div>
   <div class='ocr_carea' id='block_1_27' title="bbox 1919 1254 3509 1324">
    <p class='ocr_par' dir='ltr' id='par_1_27' title="bbox 1919 1254 3509 1324">
     <span class='ocr_line' id='line_1_27' title="bbox 1919 1254 3509 1324; baseline 0.003 -17"><span class='ocrx_word' id='word_1_173' title='bbox 1919 1254 2087 1309; x_wconf 89' lang='lat' dir='ltr'><strong>nibus</strong></span> <span class='ocrx_word' id='word_1_174' title='bbox 2129 1255 2196 1309; x_wconf 91' lang='lat' dir='ltr'><strong>de</strong></span> <span class='ocrx_word' id='word_1_175' title='bbox 2239 1271 2374 1324; x_wconf 90' lang='lat' dir='ltr'><strong>pace</strong></span> <span class='ocrx_word' id='word_1_176' title='bbox 2415 1271 2478 1308; x_wconf 91' lang='lat' dir='ltr'><strong>ac</strong></span> <span class='ocrx_word' id='word_1_177' title='bbox 2527 1254 2922 1324; x_wconf 70' lang='lat' dir='ltr'><strong>tranquillitate</strong></span> <span class='ocrx_word' id='word_1_178' title='bbox 2971 1257 3126 1309; x_wconf 88' lang='lat' dir='ltr'><strong>urbis</strong></span> <span class='ocrx_word' id='word_1_179' title='bbox 3176 1257 3509 1323; x_wconf 59' lang='lat' dir='ltr'><strong>Antiochiae,</strong></span> 
     </span>
    </p>
   </div>
   <div class='ocr_carea' id='block_1_28' title="bbox 1919 1345 3510 1418">
    <p class='ocr_par' dir='ltr' id='par_1_28' title="bbox 1919 1345 3510 1418">
     <span class='ocr_line' id='line_1_28' title="bbox 1919 1345 3510 1418; baseline 0.004 -20"><span class='ocrx_word' id='word_1_180' title='bbox 1919 1347 2078 1413; x_wconf 87' lang='lat' dir='ltr'><strong>quasi</strong></span> <span class='ocrx_word' id='word_1_181' title='bbox 2111 1345 2411 1416; x_wconf 82' lang='lat' dir='ltr'><strong>Gregorius</strong></span> <span class='ocrx_word' id='word_1_182' title='bbox 2448 1363 2567 1400; x_wconf 89' lang='lat' dir='ltr'><strong>eam</strong></span> <span class='ocrx_word' id='word_1_183' title='bbox 2607 1349 2810 1418; x_wconf 64' lang='lat' dir='ltr'><strong>sepius</strong></span> <span class='ocrx_word' id='word_1_184' title='bbox 2841 1348 3242 1418; x_wconf 86' lang='lat' dir='ltr'><strong>perturbasset.</strong></span> <span class='ocrx_word' id='word_1_185' title='bbox 3278 1352 3347 1403; x_wconf 81' lang='lat' dir='ltr'><strong>At</strong></span> <span class='ocrx_word' id='word_1_186' title='bbox 3377 1349 3510 1404; x_wconf 79' lang='lat' dir='ltr'><strong>Gre-</strong></span> 
     </span>
    </p>
   </div>
   <div class='ocr_carea' id='block_1_29' title="bbox 1920 1441 3512 1512">
    <p class='ocr_par' dir='ltr' id='par_1_29' title="bbox 1920 1441 3512 1512">
     <span class='ocr_line' id='line_1_29' title="bbox 1920 1441 3512 1512; baseline 0.003 -19"><span class='ocrx_word' id='word_1_187' title='bbox 1920 1442 2130 1512; x_wconf 86' lang='lat' dir='ltr'><strong>gorius,</strong></span> <span class='ocrx_word' id='word_1_188' title='bbox 2163 1442 2228 1495; x_wconf 89' lang='lat' dir='ltr'><strong>de</strong></span> <span class='ocrx_word' id='word_1_189' title='bbox 2262 1441 2495 1495; x_wconf 87' lang='lat' dir='ltr'><strong>crimine</strong></span> <span class='ocrx_word' id='word_1_190' title='bbox 2535 1443 2760 1511; x_wconf 87' lang='lat' dir='ltr'><strong>quidem</strong></span> <span class='ocrx_word' id='word_1_191' title='bbox 2813 1443 3045 1496; x_wconf 63' lang='lat' dir='ltr'><strong>turbata:</strong></span> <span class='ocrx_word' id='word_1_192' title='bbox 3083 1443 3235 1512; x_wconf 83' lang='lat' dir='ltr'><strong>pacis</strong></span> <span class='ocrx_word' id='word_1_193' title='bbox 3259 1453 3512 1512; x_wconf 85' lang='lat' dir='ltr'><strong>paratum</strong></span> 
     </span>
    </p>
   </div>
   <div class='ocr_carea' id='block_1_30' title="bbox 1921 1535 3517 1606">
    <p class='ocr_par' dir='ltr' id='par_1_30' title="bbox 1921 1535 3517 1606">
     <span class='ocr_line' id='line_1_30' title="bbox 1921 1535 3517 1606; baseline 0 -19"><span class='ocrx_word' id='word_1_194' title='bbox 1921 1549 1978 1587; x_wconf 88' lang='lat' dir='ltr'><strong>se</strong></span> <span class='ocrx_word' id='word_1_195' title='bbox 2006 1549 2127 1588; x_wconf 83' lang='lat' dir='ltr'><strong>esse</strong></span> <span class='ocrx_word' id='word_1_196' title='bbox 2154 1535 2441 1602; x_wconf 84' lang='lat' dir='ltr'><strong>respondit</strong></span> <span class='ocrx_word' id='word_1_197' title='bbox 2467 1550 2689 1588; x_wconf 85' lang='lat' dir='ltr'><strong>causam</strong></span> <span class='ocrx_word' id='word_1_198' title='bbox 2722 1536 2925 1590; x_wconf 89' lang='lat' dir='ltr'><strong>dicere.</strong></span> <span class='ocrx_word' id='word_1_199' title='bbox 2951 1536 3024 1590; x_wconf 90' lang='lat' dir='ltr'><strong>De</strong></span> <span class='ocrx_word' id='word_1_200' title='bbox 3045 1535 3168 1589; x_wconf 87' lang='lat' dir='ltr'><strong>aliis</strong></span> <span class='ocrx_word' id='word_1_201' title='bbox 3193 1553 3325 1588; x_wconf 82' lang='lat' dir='ltr'><strong>vero</strong></span> <span class='ocrx_word' id='word_1_202' title='bbox 3348 1535 3517 1606; x_wconf 70' lang='grc'><strong>458</strong></span> 
     </span>
    </p>
   </div>
   <div class='ocr_carea' id='block_1_31' title="bbox 1924 1623 3515 1699">
    <p class='ocr_par' dir='ltr' id='par_1_31' title="bbox 1924 1623 3515 1699">
     <span class='ocr_line' id='line_1_31' title="bbox 1924 1623 3515 1699; baseline 0.003 -23"><span class='ocrx_word' id='word_1_203' title='bbox 1924 1623 2026 1694; x_wconf 89' lang='lat' dir='ltr'><strong>ipsi</strong></span> <span class='ocrx_word' id='word_1_204' title='bbox 2053 1626 2302 1694; x_wconf 74' lang='lat' dir='ltr'><strong>objectis,</strong></span> <span class='ocrx_word' id='word_1_205' title='bbox 2334 1627 2400 1679; x_wconf 87' lang='lat' dir='ltr'><strong>ad</strong></span> <span class='ocrx_word' id='word_1_206' title='bbox 2463 1627 2851 1696; x_wconf 84' lang='lat' dir='ltr'><strong>imperatorem</strong></span> <span class='ocrx_word' id='word_1_207' title='bbox 2893 1637 2948 1682; x_wconf 91' lang='lat' dir='ltr'><strong>et</strong></span> <span class='ocrx_word' id='word_1_208' title='bbox 2977 1627 3042 1681; x_wconf 88' lang='lat' dir='ltr'><strong>ad</strong></span> <span class='ocrx_word' id='word_1_209' title='bbox 3083 1628 3349 1698; x_wconf 73' lang='lat' dir='ltr'><strong>synodum</strong></span> <span class='ocrx_word' id='word_1_210' title='bbox 3383 1645 3515 1699; x_wconf 85' lang='lat' dir='ltr'><strong>pro-</strong></span> 
     </span>
    </p>
   </div>
   <div class='ocr_carea' id='block_1_32' title="bbox 1922 1715 3510 1785">
    <p class='ocr_par' dir='ltr' id='par_1_32' title="bbox 1922 1715 3510 1785">
     <span class='ocr_line' id='line_1_32' title="bbox 1922 1715 3510 1785; baseline 0.002 -18"><span class='ocrx_word' id='word_1_211' title='bbox 1922 1715 2157 1768; x_wconf 76' lang='lat' dir='ltr'><strong>vocavit.</strong></span> <span class='ocrx_word' id='word_1_212' title='bbox 2194 1716 2273 1769; x_wconf 80' lang='lat' dir='ltr'><strong>Me</strong></span> <span class='ocrx_word' id='word_1_213' title='bbox 2311 1716 2476 1785; x_wconf 79' lang='lat' dir='ltr'><strong>igitur</strong></span> <span class='ocrx_word' id='word_1_214' title='bbox 2501 1716 2878 1770; x_wconf 77' lang='lat' dir='ltr'><strong>consiliarium</strong></span> <span class='ocrx_word' id='word_1_215' title='bbox 2911 1728 2966 1769; x_wconf 93' lang='lat' dir='ltr'><strong>et</strong></span> <span class='ocrx_word' id='word_1_216' title='bbox 2992 1717 3249 1769; x_wconf 87' lang='lat' dir='ltr'><strong>comitem</strong></span> <span class='ocrx_word' id='word_1_217' title='bbox 3285 1716 3510 1782; x_wconf 70' lang='lat' dir='ltr'><strong>habens,</strong></span> 
     </span>
    </p>
   </div>
   <div class='ocr_carea' id='block_1_33' title="bbox 1920 1806 3515 1878">
    <p class='ocr_par' dir='ltr' id='par_1_33' title="bbox 1920 1806 3515 1878">
     <span class='ocr_line' id='line_1_33' title="bbox 1920 1806 3515 1878; baseline 0.001 -18"><span class='ocrx_word' id='word_1_218' title='bbox 1920 1806 2654 1876; x_wconf 89' lang='lat' dir='ltr'><strong>venitConstantinopolim,</strong></span> <span class='ocrx_word' id='word_1_219' title='bbox 2680 1809 2768 1862; x_wconf 91' lang='lat' dir='ltr'><strong>his</strong></span> <span class='ocrx_word' id='word_1_220' title='bbox 2796 1809 3248 1862; x_wconf 83' lang='lat' dir='ltr'><strong>accusationibus</strong></span> <span class='ocrx_word' id='word_1_221' title='bbox 3281 1824 3515 1878; x_wconf 83' lang='lat' dir='ltr'><strong>respon-</strong></span> 
     </span>
    </p>
   </div>
   <div class='ocr_carea' id='block_1_34' title="bbox 211 1897 1818 1981">
    <p class='ocr_par' dir='ltr' id='par_1_34' title="bbox 211 1899 1811 1975">
     <span class='ocr_line' id='line_1_34' title="bbox 211 1899 1811 1975; baseline -0.004 -19"><span class='ocrx_word' id='word_1_222' title='bbox 211 1906 438 1975; x_wconf 77' lang='grc' dir='ltr'>κρατεῖ·</span> <span class='ocrx_word' id='word_1_223' title='bbox 480 1902 623 1955; x_wconf 80' lang='grc' dir='ltr'>ὥστε</span> <span class='ocrx_word' id='word_1_224' title='bbox 654 1903 742 1955; x_wconf 72' lang='grc' dir='ltr'><strong>τὸν</strong></span> <span class='ocrx_word' id='word_1_225' title='bbox 768 1903 1076 1974; x_wconf 73' lang='grc' dir='ltr'>κατήγορον</span> <span class='ocrx_word' id='word_1_226' title='bbox 1103 1900 1316 1968; x_wconf 74' lang='grc' dir='ltr'>νεύροις</span> <span class='ocrx_word' id='word_1_227' title='bbox 1346 1899 1668 1951; x_wconf 76' lang='grc' dir='ltr'>αἰκισθέντα</span> <span class='ocrx_word' id='word_1_228' title='bbox 1717 1899 1811 1950; x_wconf 68' lang='grc' dir='ltr'>καὶ</span> 
     </span>
    </p>
   </div>
   <div class='ocr_carea' id='block_1_35' title="bbox 1923 1897 3511 1981">
    <p class='ocr_par' dir='ltr' id='par_1_35' title="bbox 1923 1897 3511 1969">
     <span class='ocr_line' id='line_1_35' title="bbox 1923 1897 3511 1969; baseline 0.004 -20"><span class='ocrx_word' id='word_1_229' title='bbox 1923 1912 2101 1950; x_wconf 83' lang='lat' dir='ltr'><strong>suros.</strong></span> <span class='ocrx_word' id='word_1_230' title='bbox 2131 1897 2386 1967; x_wconf 88' lang='lat' dir='ltr'><strong>Cumque</strong></span> <span class='ocrx_word' id='word_1_231' title='bbox 2419 1914 2612 1952; x_wconf 90' lang='lat' dir='ltr'><strong>omnes</strong></span> <span class='ocrx_word' id='word_1_232' title='bbox 2642 1900 2733 1967; x_wconf 92' lang='lat' dir='ltr'><strong>qui</strong></span> <span class='ocrx_word' id='word_1_233' title='bbox 2763 1900 2970 1969; x_wconf 89' lang='lat' dir='ltr'><strong>ubique</strong></span> <span class='ocrx_word' id='word_1_234' title='bbox 2997 1911 3128 1954; x_wconf 87' lang='lat' dir='ltr'><strong>sunt</strong></span> <span class='ocrx_word' id='word_1_235' title='bbox 3157 1901 3511 1969; x_wconf 68' lang='lat' dir='ltr'><strong>patriarchae.</strong></span> 
     </span>
    </p>
   </div>
   <div class='ocr_carea' id='block_1_36' title="bbox 209 1989 1814 2064">
    <p class='ocr_par' dir='ltr' id='par_1_36' title="bbox 209 1989 1814 2064">
     <span class='ocr_line' id='line_1_36' title="bbox 209 1989 1814 2064; baseline -0.003 -17"><span class='ocrx_word' id='word_1_236' title='bbox 209 1994 315 2063; x_wconf 84' lang='grc' dir='ltr'><strong>τὴν</strong></span> <span class='ocrx_word' id='word_1_237' title='bbox 343 1995 496 2046; x_wconf 71' lang='grc' dir='ltr'>πόλιν</span> <span class='ocrx_word' id='word_1_238' title='bbox 532 1993 923 2063; x_wconf 80' lang='grc' dir='ltr'>περιαχθέντα.</span> <span class='ocrx_word' id='word_1_239' title='bbox 954 1990 1393 2064; x_wconf 79' lang='grc' dir='ltr'>ὲξοστρακισμοῦ</span> <span class='ocrx_word' id='word_1_240' title='bbox 1428 1989 1814 2061; x_wconf 69' lang='grc' dir='ltr'>προστιμηοῆ-</span> 
     </span>
    </p>
   </div>
   <div class='ocr_carea' id='block_1_37' title="bbox 210 2079 1816 2151">
    <p class='ocr_par' dir='ltr' id='par_1_37' title="bbox 210 2079 1816 2151">
     <span class='ocr_line' id='line_1_37' title="bbox 210 2079 1816 2151; baseline -0.002 -17"><span class='ocrx_word' id='word_1_241' title='bbox 210 2099 330 2135; x_wconf 84' lang='grc' dir='ltr'>ναι.</span> <span class='ocrx_word' id='word_1_242' title='bbox 369 2080 651 2134; x_wconf 80' lang='grc' dir='ltr'>Ἐντεῦθεν</span> <span class='ocrx_word' id='word_1_243' title='bbox 681 2082 774 2134; x_wconf 77' lang='grc' dir='ltr'>οὖν</span> <span class='ocrx_word' id='word_1_244' title='bbox 816 2083 1068 2134; x_wconf 75' lang='grc' dir='ltr'>ἐπάνεισι</span> <span class='ocrx_word' id='word_1_245' title='bbox 1113 2082 1251 2151; x_wconf 73' lang='grc' dir='ltr'>πρὸς</span> <span class='ocrx_word' id='word_1_246' title='bbox 1299 2080 1392 2132; x_wconf 81' lang='grc' dir='ltr'><strong>τὸν</strong></span> <span class='ocrx_word' id='word_1_247' title='bbox 1457 2081 1658 2132; x_wconf 76' lang='grc' dir='ltr'>οἰκεῖον</span> <span class='ocrx_word' id='word_1_248' title='bbox 1689 2079 1816 2148; x_wconf 83' lang='grc' dir='ltr'><strong>Θρό-</strong></span> 
     </span>
    </p>
   </div>
   <div class='ocr_carea' id='block_1_38' title="bbox 211 2171 1818 2244">
    <p class='ocr_par' dir='ltr' id='par_1_38' title="bbox 211 2171 1818 2244">
     <span class='ocr_line' id='line_1_38' title="bbox 211 2171 1818 2244; baseline -0.001 -18"><span class='ocrx_word' id='word_1_249' title='bbox 211 2191 330 2236; x_wconf 83' lang='grc' dir='ltr'>νον,</span> <span class='ocrx_word' id='word_1_250' title='bbox 363 2173 471 2228; x_wconf 82' lang='grc' dir='ltr'><strong>τῶν</strong></span> <span class='ocrx_word' id='word_1_251' title='bbox 518 2174 952 2244; x_wconf 77' lang='grc' dir='ltr'>στρατευμάτων</span> <span class='ocrx_word' id='word_1_252' title='bbox 1017 2171 1447 2234; x_wconf 72' lang='grc' dir='ltr'>στασιαζόντων,</span> <span class='ocrx_word' id='word_1_253' title='bbox 1484 2174 1581 2224; x_wconf 84' lang='grc' dir='ltr'><strong>καὶ</strong></span> <span class='ocrx_word' id='word_1_254' title='bbox 1633 2172 1818 2225; x_wconf 73' lang='grc' dir='ltr'>Φιλιπ-</span> 
     </span>
    </p>
   </div>
   <div class='ocr_carea' id='block_1_39' title="bbox 214 2264 1817 2334">
    <p class='ocr_par' dir='ltr' id='par_1_39' title="bbox 214 2264 1817 2334">
     <span class='ocr_line' id='line_1_39' title="bbox 214 2264 1817 2334; baseline -0.001 -18"><span class='ocrx_word' id='word_1_255' title='bbox 214 2265 384 2317; x_wconf 75' lang='grc' dir='ltr'><strong>πικοῦ</strong></span> <span class='ocrx_word' id='word_1_256' title='bbox 419 2266 561 2334; x_wconf 46' lang='lat' dir='ltr'><strong>ipsi</strong></span> <span class='ocrx_word' id='word_1_257' title='bbox 592 2266 820 2334; x_wconf 78' lang='grc' dir='ltr'>Βέροιαν</span> <span class='ocrx_word' id='word_1_258' title='bbox 865 2266 958 2318; x_wconf 69' lang='grc' dir='ltr'><strong>καὶ</strong></span> <span class='ocrx_word' id='word_1_259' title='bbox 1005 2264 1252 2318; x_wconf 80' lang='grc' dir='ltr'>Χαλκίδα</span> <span class='ocrx_word' id='word_1_260' title='bbox 1282 2265 1380 2324; x_wconf 70' lang='grc' dir='ltr'><strong>τὰς</strong></span> <span class='ocrx_word' id='word_1_261' title='bbox 1416 2264 1599 2325; x_wconf 76' lang='grc' dir='ltr'>πόλεις</span> <span class='ocrx_word' id='word_1_262' title='bbox 1637 2264 1817 2316; x_wconf 71' lang='grc' dir='ltr'>ἐνδια-</span> 
     </span>
    </p>
   </div>
   <div class='ocr_carea' id='block_1_40' title="bbox 213 2358 519 2427">
    <p class='ocr_par' dir='ltr' id='par_1_40' title="bbox 213 2358 519 2427">
     <span class='ocr_line' id='line_1_40' title="bbox 213 2358 519 2427; baseline 0.016 -19"><span class='ocrx_word' id='word_1_263' title='bbox 213 2358 519 2427; x_wconf 74' lang='grc' dir='ltr'>τρίϐοντος.</span> 
     </span>
    </p>
   </div>
   <div class='ocr_carea' id='block_1_41' title="bbox 1919 1989 3514 2060">
    <p class='ocr_par' dir='ltr' id='par_1_41' title="bbox 1919 1989 3514 2060">
     <span class='ocr_line' id='line_1_41' title="bbox 1919 1989 3514 2060; baseline 0.002 -19"><span class='ocrx_word' id='word_1_264' title='bbox 1919 1989 2117 2057; x_wconf 87' lang='lat' dir='ltr'><strong>partim</strong></span> <span class='ocrx_word' id='word_1_265' title='bbox 2155 2004 2254 2057; x_wconf 88' lang='lat' dir='ltr'><strong>per</strong></span> <span class='ocrx_word' id='word_1_266' title='bbox 2289 2003 2370 2054; x_wconf 84' lang='lat' dir='ltr'><strong>se,</strong></span> <span class='ocrx_word' id='word_1_267' title='bbox 2404 1989 2606 2058; x_wconf 87' lang='lat' dir='ltr'><strong>partim</strong></span> <span class='ocrx_word' id='word_1_268' title='bbox 2651 2005 2750 2058; x_wconf 90' lang='lat' dir='ltr'><strong>per</strong></span> <span class='ocrx_word' id='word_1_269' title='bbox 2794 1990 3003 2060; x_wconf 82' lang='lat' dir='ltr'><strong>legatos</strong></span> <span class='ocrx_word' id='word_1_270' title='bbox 3050 2005 3180 2044; x_wconf 90' lang='lat' dir='ltr'><strong>suos</strong></span> <span class='ocrx_word' id='word_1_271' title='bbox 3223 1991 3514 2060; x_wconf 65' lang='lat' dir='ltr'><strong>quarstioni</strong></span> 
     </span>
    </p>
   </div>
   <div class='ocr_carea' id='block_1_42' title="bbox 1920 2079 3510 2152">
    <p class='ocr_par' dir='ltr' id='par_1_42' title="bbox 1920 2079 3510 2152">
     <span class='ocr_line' id='line_1_42' title="bbox 1920 2079 3510 2152; baseline 0.003 -20"><span class='ocrx_word' id='word_1_272' title='bbox 1920 2079 2274 2145; x_wconf 84' lang='lat' dir='ltr'><strong>interessent,</strong></span> <span class='ocrx_word' id='word_1_273' title='bbox 2323 2091 2610 2134; x_wconf 83' lang='lat' dir='ltr'><strong>senatores</strong></span> <span class='ocrx_word' id='word_1_274' title='bbox 2639 2082 2769 2135; x_wconf 86' lang='lat' dir='ltr'><strong>item</strong></span> <span class='ocrx_word' id='word_1_275' title='bbox 2804 2082 2964 2135; x_wconf 91' lang='lat' dir='ltr'><strong>urbis</strong></span> <span class='ocrx_word' id='word_1_276' title='bbox 2992 2082 3157 2152; x_wconf 87' lang='lat' dir='ltr'><strong>regi:e</strong></span> <span class='ocrx_word' id='word_1_277' title='bbox 3193 2092 3246 2137; x_wconf 86' lang='lat' dir='ltr'><strong>et</strong></span> <span class='ocrx_word' id='word_1_278' title='bbox 3283 2100 3342 2136; x_wconf 77' lang='lat' dir='ltr'><strong>ex</strong></span> <span class='ocrx_word' id='word_1_279' title='bbox 3379 2083 3510 2137; x_wconf 85' lang='lat' dir='ltr'><strong>reli-</strong></span> 
     </span>
    </p>
   </div>
   <div class='ocr_carea' id='block_1_43' title="bbox 1916 2172 3515 2245">
    <p class='ocr_par' dir='ltr' id='par_1_43' title="bbox 1916 2172 3515 2245">
     <span class='ocr_line' id='line_1_43' title="bbox 1916 2172 3515 2245; baseline 0.002 -19"><span class='ocrx_word' id='word_1_280' title='bbox 1916 2172 2244 2242; x_wconf 89' lang='lat' dir='ltr'><strong>giosissitnis</strong></span> <span class='ocrx_word' id='word_1_281' title='bbox 2300 2173 2741 2242; x_wconf 85' lang='lat' dir='ltr'><strong>metropolitanis</strong></span> <span class='ocrx_word' id='word_1_282' title='bbox 2807 2174 3220 2242; x_wconf 87' lang='lat' dir='ltr'><strong>quamplurimi,</strong></span> <span class='ocrx_word' id='word_1_283' title='bbox 3291 2177 3515 2245; x_wconf 87' lang='lat' dir='ltr'><strong>negotio</strong></span> 
     </span>
    </p>
   </div>
   <div class='ocr_carea' id='block_1_44' title="bbox 1916 2263 3517 2335">
    <p class='ocr_par' dir='ltr' id='par_1_44' title="bbox 1916 2263 3517 2335">
     <span class='ocr_line' id='line_1_44' title="bbox 1916 2263 3517 2335; baseline 0.002 -19"><span class='ocrx_word' id='word_1_284' title='bbox 1916 2263 2010 2318; x_wconf 89' lang='lat' dir='ltr'><strong>diu</strong></span> <span class='ocrx_word' id='word_1_285' title='bbox 2068 2265 2412 2333; x_wconf 86' lang='lat' dir='ltr'><strong>multumque</strong></span> <span class='ocrx_word' id='word_1_286' title='bbox 2485 2267 2844 2330; x_wconf 84' lang='lat' dir='ltr'><strong>examinato;</strong></span> <span class='ocrx_word' id='word_1_287' title='bbox 2879 2266 3095 2320; x_wconf 84' lang='lat' dir='ltr'><strong>tandem</strong></span> <span class='ocrx_word' id='word_1_288' title='bbox 3143 2275 3265 2335; x_wconf 86' lang='lat' dir='ltr'><strong>post</strong></span> <span class='ocrx_word' id='word_1_289' title='bbox 3316 2268 3517 2320; x_wconf 82' lang='lat' dir='ltr'><strong>multas</strong></span> 
     </span>
    </p>
   </div>
   <div class='ocr_carea' id='block_1_45' title="bbox 1918 2355 3515 2425">
    <p class='ocr_par' dir='ltr' id='par_1_45' title="bbox 1918 2355 3515 2425">
     <span class='ocr_line' id='line_1_45' title="bbox 1918 2355 3515 2425; baseline -0.001 -13"><span class='ocrx_word' id='word_1_290' title='bbox 1918 2357 2170 2412; x_wconf 74' lang='lat' dir='ltr'><strong>actiones</strong></span> <span class='ocrx_word' id='word_1_291' title='bbox 2207 2355 2505 2425; x_wconf 70' lang='lat' dir='ltr'><strong>Gregorius</strong></span> <span class='ocrx_word' id='word_1_292' title='bbox 2527 2371 2746 2410; x_wconf 84' lang='lat' dir='ltr'><strong>causam</strong></span> <span class='ocrx_word' id='word_1_293' title='bbox 2780 2357 3052 2410; x_wconf 88' lang='lat' dir='ltr'><strong>obtinuit:</strong></span> <span class='ocrx_word' id='word_1_294' title='bbox 3085 2357 3224 2410; x_wconf 88' lang='lat' dir='ltr'><strong>adeo</strong></span> <span class='ocrx_word' id='word_1_295' title='bbox 3250 2366 3309 2410; x_wconf 92' lang='lat' dir='ltr'><strong>ut</strong></span> <span class='ocrx_word' id='word_1_296' title='bbox 3350 2372 3515 2410; x_wconf 87' lang='lat' dir='ltr'><strong>accu-</strong></span> 
     </span>
    </p>
   </div>
   <div class='ocr_carea' id='block_1_46' title="bbox 215 2448 3513 2520">
    <p class='ocr_par' dir='ltr' id='par_1_46' title="bbox 215 2448 3513 2520">
     <span class='ocr_line' id='line_1_46' title="bbox 215 2448 3513 2520; baseline -0.001 -15"><span class='ocrx_word' id='word_1_297' title='bbox 215 2462 370 2505; x_wconf 83' lang='lat' dir='ltr'><strong>sator</strong></span> <span class='ocrx_word' id='word_1_298' title='bbox 404 2452 592 2506; x_wconf 83' lang='lat' dir='ltr'><strong>nenis</strong></span> <span class='ocrx_word' id='word_1_299' title='bbox 621 2466 815 2512; x_wconf 65' lang='lat' dir='ltr'><strong>caesus,</strong></span> <span class='ocrx_word' id='word_1_300' title='bbox 860 2457 917 2505; x_wconf 91' lang='lat' dir='ltr'><strong>et</strong></span> <span class='ocrx_word' id='word_1_301' title='bbox 971 2466 1069 2520; x_wconf 90' lang='lat' dir='ltr'><strong>per</strong></span> <span class='ocrx_word' id='word_1_302' title='bbox 1115 2458 1286 2504; x_wconf 83' lang='lat' dir='ltr'><strong>totam</strong></span> <span class='ocrx_word' id='word_1_303' title='bbox 1343 2449 1536 2503; x_wconf 84' lang='lat' dir='ltr'><strong>urbem</strong></span> <span class='ocrx_word' id='word_1_304' title='bbox 1589 2448 2027 2513; x_wconf 82' lang='lat' dir='ltr'><strong>circumductus,</strong></span> <span class='ocrx_word' id='word_1_305' title='bbox 2083 2451 2278 2504; x_wconf 76' lang='lat' dir='ltr'><strong>exsilio</strong></span> <span class='ocrx_word' id='word_1_306' title='bbox 2345 2452 2694 2504; x_wconf 88' lang='lat' dir='ltr'><strong>multaretur.</strong></span> <span class='ocrx_word' id='word_1_307' title='bbox 2753 2451 2882 2504; x_wconf 85' lang='lat' dir='ltr'><strong>lude</strong></span> <span class='ocrx_word' id='word_1_308' title='bbox 2926 2451 3092 2520; x_wconf 81' lang='lat' dir='ltr'><strong>igitur</strong></span> <span class='ocrx_word' id='word_1_309' title='bbox 3114 2449 3414 2518; x_wconf 78' lang='lat' dir='ltr'><strong>Gregorius</strong></span> <span class='ocrx_word' id='word_1_310' title='bbox 3446 2450 3513 2503; x_wconf 84' lang='lat' dir='ltr'><strong>ad</strong></span> 
     </span>
    </p>
   </div>
   <div class='ocr_carea' id='block_1_47' title="bbox 215 2539 3514 2610">
    <p class='ocr_par' dir='ltr' id='par_1_47' title="bbox 215 2539 3514 2610">
     <span class='ocr_line' id='line_1_47' title="bbox 215 2539 3514 2610; baseline -0.004 -7"><span class='ocrx_word' id='word_1_311' title='bbox 215 2563 375 2603; x_wconf 86' lang='lat' dir='ltr'><strong>suam</strong></span> <span class='ocrx_word' id='word_1_312' title='bbox 418 2546 604 2600; x_wconf 85' lang='lat' dir='ltr'><strong>sedem</strong></span> <span class='ocrx_word' id='word_1_313' title='bbox 661 2558 920 2598; x_wconf 82' lang='lat' dir='ltr'><strong>reversus</strong></span> <span class='ocrx_word' id='word_1_314' title='bbox 964 2551 1071 2607; x_wconf 88' lang='lat' dir='ltr'><strong>est,</strong></span> <span class='ocrx_word' id='word_1_315' title='bbox 1120 2557 1231 2610; x_wconf 89' lang='lat' dir='ltr'><strong>quo</strong></span> <span class='ocrx_word' id='word_1_316' title='bbox 1263 2550 1513 2610; x_wconf 89' lang='lat' dir='ltr'><strong>tempore</strong></span> <span class='ocrx_word' id='word_1_317' title='bbox 1577 2540 1856 2593; x_wconf 81' lang='lat' dir='ltr'><strong>exercitus</strong></span> <span class='ocrx_word' id='word_1_318' title='bbox 1894 2540 2126 2600; x_wconf 79' lang='lat' dir='ltr'><strong>Romani</strong></span> <span class='ocrx_word' id='word_1_319' title='bbox 2183 2541 2238 2594; x_wconf 93' lang='lat' dir='ltr'><strong>in</strong></span> <span class='ocrx_word' id='word_1_320' title='bbox 2285 2540 2510 2596; x_wconf 88' lang='lat' dir='ltr'><strong>Oriente</strong></span> <span class='ocrx_word' id='word_1_321' title='bbox 2573 2539 3073 2607; x_wconf 85' lang='lat' dir='ltr'><strong>tumuituabantur,</strong></span> <span class='ocrx_word' id='word_1_322' title='bbox 3145 2549 3200 2594; x_wconf 92' lang='lat' dir='ltr'><strong>ct</strong></span> <span class='ocrx_word' id='word_1_323' title='bbox 3242 2540 3514 2610; x_wconf 85' lang='lat' dir='ltr'><strong>Philippi-</strong></span> 
     </span>
    </p>
   </div>
   <div class='ocr_carea' id='block_1_48' title="bbox 217 2632 1904 2703">
    <p class='ocr_par' dir='ltr' id='par_1_48' title="bbox 217 2632 1904 2703">
     <span class='ocr_line' id='line_1_48' title="bbox 217 2632 1904 2703; baseline -0.005 -8"><span class='ocrx_word' id='word_1_324' title='bbox 217 2656 322 2696; x_wconf 91' lang='lat' dir='ltr'><strong>cus</strong></span> <span class='ocrx_word' id='word_1_325' title='bbox 360 2638 508 2694; x_wconf 89' lang='lat' dir='ltr'><strong>circa</strong></span> <span class='ocrx_word' id='word_1_326' title='bbox 543 2635 708 2690; x_wconf 85' lang='lat' dir='ltr'><strong>urbes</strong></span> <span class='ocrx_word' id='word_1_327' title='bbox 751 2636 998 2689; x_wconf 75' lang='lat' dir='ltr'><strong>Bermatn</strong></span> <span class='ocrx_word' id='word_1_328' title='bbox 1027 2642 1083 2688; x_wconf 85' lang='lat' dir='ltr'><strong>et</strong></span> <span class='ocrx_word' id='word_1_329' title='bbox 1119 2633 1444 2688; x_wconf 88' lang='lat' dir='ltr'><strong>Chalcidem</strong></span> <span class='ocrx_word' id='word_1_330' title='bbox 1485 2647 1667 2686; x_wconf 91' lang='lat' dir='ltr'><strong>moras</strong></span> <span class='ocrx_word' id='word_1_331' title='bbox 1688 2632 1904 2703; x_wconf 81' lang='lat' dir='ltr'><strong>agebat.</strong></span> 
     </span>
    </p>
   </div>
   <div class='ocr_carea' id='block_1_49' title="bbox 826 2747 1199 2803">
    <p class='ocr_par' dir='ltr' id='par_1_49' title="bbox 826 2747 1199 2803">
     <span class='ocr_line' id='line_1_49' title="bbox 826 2747 1199 2803; baseline -0.003 0"><span class='ocrx_word' id='word_1_332' title='bbox 826 2751 1080 2803; x_wconf 74' lang='grc' dir='ltr'><strong>ΚΕΦᾹΛ.</strong></span> <span class='ocrx_word' id='word_1_333' title='bbox 1115 2747 1199 2802; x_wconf 67' lang='grc' dir='ltr'><strong>ιιν.</strong></span> 
     </span>
    </p>
   </div>
   <div class='ocr_carea' id='block_1_50' title="bbox 235 2841 1812 2912">
    <p class='ocr_par' dir='ltr' id='par_1_50' title="bbox 235 2841 1812 2912">
     <span class='ocr_line' id='line_1_50' title="bbox 235 2841 1812 2912; baseline -0.002 -13"><span class='ocrx_word' id='word_1_334' title='bbox 235 2849 337 2912; x_wconf 85' lang='grc' dir='ltr'>Ὠς</span> <span class='ocrx_word' id='word_1_335' title='bbox 373 2845 560 2899; x_wconf 64' lang='grc' dir='ltr'><em>πάλιν</em></span> <span class='ocrx_word' id='word_1_336' title='bbox 613 2844 732 2899; x_wconf 75' lang='grc' dir='ltr'><strong>ὑπὸ</strong></span> <span class='ocrx_word' id='word_1_337' title='bbox 783 2841 1054 2911; x_wconf 76' lang='grc' dir='ltr'>σεισμῶν</span> <span class='ocrx_word' id='word_1_338' title='bbox 1117 2842 1154 2909; x_wconf 76' lang='grc' dir='ltr'><em>ἠ</em></span> <span class='ocrx_word' id='word_1_339' title='bbox 1193 2842 1526 2908; x_wconf 76' lang='grc' dir='ltr'><strong>Θεούπολις</strong></span> <span class='ocrx_word' id='word_1_340' title='bbox 1569 2842 1812 2896; x_wconf 77' lang='grc' dir='ltr'><strong>ἔπαθεν.</strong></span> 
     </span>
    </p>
   </div>
   <div class='ocr_carea' id='block_1_51' title="bbox 296 2995 1818 3068">
    <p class='ocr_par' dir='ltr' id='par_1_51' title="bbox 296 2995 1818 3068">
     <span class='ocr_line' id='line_1_51' title="bbox 296 2995 1818 3068; baseline -0.001 -16"><span class='ocrx_word' id='word_1_341' title='bbox 296 3001 410 3052; x_wconf 72' lang='grc' dir='ltr'>Καὶ</span> <span class='ocrx_word' id='word_1_342' title='bbox 438 2999 721 3067; x_wconf 71' lang='grc' dir='ltr'>τεσσάρων</span> <span class='ocrx_word' id='word_1_343' title='bbox 744 2995 1148 3066; x_wconf 67' lang='grc' dir='ltr'>διαγενομένων</span> <span class='ocrx_word' id='word_1_344' title='bbox 1186 2995 1374 3065; x_wconf 75' lang='grc' dir='ltr'>μηνῶν</span> <span class='ocrx_word' id='word_1_345' title='bbox 1409 2995 1550 3065; x_wconf 76' lang='grc' dir='ltr'>μετᾶ</span> <span class='ocrx_word' id='word_1_346' title='bbox 1575 2997 1674 3068; x_wconf 80' lang='grc' dir='ltr'>τὴν</span> <span class='ocrx_word' id='word_1_347' title='bbox 1718 2997 1818 3050; x_wconf 82' lang='grc' dir='ltr'><strong>αὺ-</strong></span> 
     </span>
    </p>
   </div>
   <div class='ocr_carea' id='block_1_52' title="bbox 219 3088 1820 3158">
    <p class='ocr_par' dir='ltr' id='par_1_52' title="bbox 219 3088 1820 3158">
     <span class='ocr_line' id='line_1_52' title="bbox 219 3088 1820 3158; baseline -0.003 -12"><span class='ocrx_word' id='word_1_348' title='bbox 219 3091 321 3146; x_wconf 76' lang='grc' dir='ltr'>τοῦ</span> <span class='ocrx_word' id='word_1_349' title='bbox 355 3089 563 3158; x_wconf 67' lang='grc' dir='ltr'>ἄφιξιν,</span> <span class='ocrx_word' id='word_1_350' title='bbox 595 3090 714 3151; x_wconf 79' lang='grc' dir='ltr'>ἔτος</span> <span class='ocrx_word' id='word_1_351' title='bbox 744 3089 974 3157; x_wconf 72' lang='grc' dir='ltr'>ἕϐδομον</span> <span class='ocrx_word' id='word_1_352' title='bbox 1008 3089 1102 3140; x_wconf 73' lang='grc' dir='ltr'><strong>καὶ</strong></span> <span class='ocrx_word' id='word_1_353' title='bbox 1135 3088 1466 3157; x_wconf 73' lang='grc' dir='ltr'>τριακοστὸν</span> <span class='ocrx_word' id='word_1_354' title='bbox 1498 3091 1590 3141; x_wconf 72' lang='grc' dir='ltr'><strong>καὶ</strong></span> <span class='ocrx_word' id='word_1_355' title='bbox 1631 3090 1820 3155; x_wconf 77' lang='grc' dir='ltr'>ἐξακο-</span> 
     </span>
    </p>
   </div>
   <div class='ocr_carea' id='block_1_53' title="bbox 221 3178 1820 3252">
    <p class='ocr_par' dir='ltr' id='par_1_53' title="bbox 221 3178 1820 3252">
     <span class='ocr_line' id='line_1_53' title="bbox 221 3178 1820 3252; baseline -0.002 -16"><span class='ocrx_word' id='word_1_356' title='bbox 221 3181 579 3252; x_wconf 55' lang='grc' dir='ltr'>σιρστὸνκὲἰ)</span> <span class='ocrx_word' id='word_1_357' title='bbox 611 3182 675 3252; x_wconf 80' lang='lat' dir='ltr'><strong>(j)</strong></span> <span class='ocrx_word' id='word_1_358' title='bbox 737 3178 1188 3252; x_wconf 77' lang='grc' dir='ltr'>χρηματιζούσης</span> <span class='ocrx_word' id='word_1_359' title='bbox 1237 3179 1612 3243; x_wconf 61' lang='grc' dir='ltr'>θεουπόὶεως,</span> <span class='ocrx_word' id='word_1_360' title='bbox 1682 3181 1820 3250; x_wconf 81' lang='grc' dir='ltr'>μετᾶ</span> 
     </span>
    </p>
   </div>
   <div class='ocr_carea' id='block_1_54' title="bbox 2551 2745 2886 2800">
    <p class='ocr_par' dir='ltr' id='par_1_54' title="bbox 2551 2745 2886 2800">
     <span class='ocr_line' id='line_1_54' title="bbox 2551 2745 2886 2800; baseline -0.006 0"><span class='ocrx_word' id='word_1_361' title='bbox 2551 2745 2702 2800; x_wconf 69' lang='lat' dir='ltr'><strong>CAP.</strong></span> <span class='ocrx_word' id='word_1_362' title='bbox 2744 2745 2886 2800; x_wconf 72' lang='lat' dir='ltr'><strong>Vill.</strong></span> 
     </span>
    </p>
   </div>
   <div class='ocr_carea' id='block_1_55' title="bbox 2105 2837 3340 2903">
    <p class='ocr_par' dir='ltr' id='par_1_55' title="bbox 2105 2837 3340 2903">
     <span class='ocr_line' id='line_1_55' title="bbox 2105 2837 3340 2903; baseline -0.001 -12"><span class='ocrx_word' id='word_1_363' title='bbox 2105 2838 2374 2903; x_wconf 75' lang='lat' dir='ltr'><strong>Quomodo</strong></span> <span class='ocrx_word' id='word_1_364' title='bbox 2414 2839 2690 2893; x_wconf 75' lang='lat' dir='ltr'><strong>Antiochia</strong></span> <span class='ocrx_word' id='word_1_365' title='bbox 2729 2847 2888 2890; x_wconf 75' lang='lat' dir='ltr'><strong>terrm</strong></span> <span class='ocrx_word' id='word_1_366' title='bbox 2911 2838 3134 2890; x_wconf 63' lang='lat' dir='ltr'><strong>motiéus</strong></span> <span class='ocrx_word' id='word_1_367' title='bbox 3167 2837 3340 2890; x_wconf 78' lang='lat' dir='ltr'><strong>denuo</strong></span> 
     </span>
    </p>
   </div>
   <div class='ocr_carea' id='block_1_56' title="bbox 2556 2918 2873 2961">
    <p class='ocr_par' dir='ltr' id='par_1_56' title="bbox 2556 2918 2873 2961">
     <span class='ocr_line' id='line_1_56' title="bbox 2556 2918 2873 2961; baseline -0.003 0"><span class='ocrx_word' id='word_1_368' title='bbox 2556 2919 2746 2961; x_wconf 76' lang='lat' dir='ltr'><strong>vexata</strong></span> <span class='ocrx_word' id='word_1_369' title='bbox 2779 2918 2873 2961; x_wconf 71' lang='grc' dir='ltr'>ρει.</span> 
     </span>
    </p>
   </div>
   <div class='ocr_carea' id='block_1_57' title="bbox 2001 3000 3520 3071">
    <p class='ocr_par' dir='ltr' id='par_1_57' title="bbox 2001 3000 3520 3071">
     <span class='ocr_line' id='line_1_57' title="bbox 2001 3000 3520 3071; baseline -0.001 -16"><span class='ocrx_word' id='word_1_370' title='bbox 2001 3002 2130 3055; x_wconf 81' lang='lat' dir='ltr'><strong>Post</strong></span> <span class='ocrx_word' id='word_1_371' title='bbox 2187 3003 2307 3071; x_wconf 84' lang='lat' dir='ltr'><strong>ejus</strong></span> <span class='ocrx_word' id='word_1_372' title='bbox 2372 3009 2558 3054; x_wconf 84' lang='lat' dir='ltr'><strong>autem</strong></span> <span class='ocrx_word' id='word_1_373' title='bbox 2620 3000 2883 3061; x_wconf 88' lang='lat' dir='ltr'><strong>reditum,</strong></span> <span class='ocrx_word' id='word_1_374' title='bbox 2937 3009 3179 3068; x_wconf 88' lang='lat' dir='ltr'><strong>quatuor</strong></span> <span class='ocrx_word' id='word_1_375' title='bbox 3233 3000 3520 3054; x_wconf 81' lang='lat' dir='ltr'><strong>mensibus</strong></span> 
     </span>
    </p>
   </div>
   <div class='ocr_carea' id='block_1_58' title="bbox 1927 3091 3519 3161">
    <p class='ocr_par' dir='ltr' id='par_1_58' title="bbox 1927 3091 3519 3161">
     <span class='ocr_line' id='line_1_58' title="bbox 1927 3091 3519 3161; baseline -0.001 -17"><span class='ocrx_word' id='word_1_376' title='bbox 1927 3091 2151 3161; x_wconf 85' lang='lat' dir='ltr'><strong>elapsis,</strong></span> <span class='ocrx_word' id='word_1_377' title='bbox 2178 3107 2325 3145; x_wconf 90' lang='lat' dir='ltr'><strong>anno</strong></span> <span class='ocrx_word' id='word_1_378' title='bbox 2363 3091 2519 3144; x_wconf 89' lang='lat' dir='ltr'><strong>urbis</strong></span> <span class='ocrx_word' id='word_1_379' title='bbox 2564 3091 2872 3144; x_wconf 75' lang='lat' dir='ltr'><strong>Antiochize</strong></span> <span class='ocrx_word' id='word_1_380' title='bbox 2902 3091 3314 3144; x_wconf 72' lang='lat' dir='ltr'><strong>sexcentesimo</strong></span> <span class='ocrx_word' id='word_1_381' title='bbox 3351 3091 3519 3145; x_wconf 85' lang='lat' dir='ltr'><strong>trice-</strong></span> 
     </span>
    </p>
   </div>
   <div class='ocr_carea' id='block_1_59' title="bbox 1929 3183 3519 3252">
    <p class='ocr_par' dir='ltr' id='par_1_59' title="bbox 1929 3183 3519 3252">
     <span class='ocr_line' id='line_1_59' title="bbox 1929 3183 3519 3252; baseline -0.001 -16"><span class='ocrx_word' id='word_1_382' title='bbox 1929 3183 2069 3236; x_wconf 91' lang='lat' dir='ltr'><strong>simo</strong></span> <span class='ocrx_word' id='word_1_383' title='bbox 2093 3183 2349 3251; x_wconf 87' lang='lat' dir='ltr'><strong>septimo,</strong></span> <span class='ocrx_word' id='word_1_384' title='bbox 2396 3191 2522 3252; x_wconf 90' lang='lat' dir='ltr'><strong>post</strong></span> <span class='ocrx_word' id='word_1_385' title='bbox 2551 3196 2767 3236; x_wconf 88' lang='lat' dir='ltr'><strong>.annum</strong></span> <span class='ocrx_word' id='word_1_386' title='bbox 2814 3196 2983 3234; x_wconf 80' lang='lat' dir='ltr'><strong>unum</strong></span> <span class='ocrx_word' id='word_1_387' title='bbox 3029 3196 3091 3234; x_wconf 85' lang='lat' dir='ltr'><strong>ac</strong></span> <span class='ocrx_word' id='word_1_388' title='bbox 3115 3183 3519 3251; x_wconf 79' lang='lat' dir='ltr'><strong>sexagesimum</strong></span> 
     </span>
    </p>
   </div>
   <div class='ocr_carea' id='block_1_60' title="bbox 1406 3294 2291 3351">
    <p class='ocr_par' dir='ltr' id='par_1_60' title="bbox 1406 3294 2291 3351">
     <span class='ocr_line' id='line_1_60' title="bbox 1406 3294 2291 3351; baseline 0.006 -5"><span class='ocrx_word' id='word_1_389' title='bbox 1406 3294 1681 3349; x_wconf 72' lang='lat' dir='ltr'><strong>VALESII</strong></span> <span class='ocrx_word' id='word_1_390' title='bbox 1733 3295 2291 3351; x_wconf 71' lang='lat' dir='ltr'><strong>ANNOTATIONES.</strong></span> 
     </span>
    </p>
   </div>
   <div class='ocr_carea' id='block_1_61' title="bbox 301 3385 1818 3467">
    <p class='ocr_par' dir='ltr' id='par_1_61' title="bbox 301 3385 1818 3467">
     <span class='ocr_line' id='line_1_61' title="bbox 301 3385 1818 3467; baseline -0.003 -24"><span class='ocrx_word' id='word_1_391' title='bbox 301 3391 413 3467; x_wconf 73' lang='lat' dir='ltr'><strong>(i_8_)</strong></span> <span class='ocrx_word' id='word_1_392' title='bbox 453 3389 588 3455; x_wconf 76' lang='grc' dir='ltr'>Περὶ</span> <span class='ocrx_word' id='word_1_393' title='bbox 636 3387 746 3455; x_wconf 76' lang='grc' dir='ltr'>τῆς</span> <span class='ocrx_word' id='word_1_394' title='bbox 776 3387 1092 3467; x_wconf 63' lang='grc' dir='ltr'>εὐετηρίας</span> <span class='ocrx_word' id='word_1_395' title='bbox 1131 3385 1244 3453; x_wconf 78' lang='grc' dir='ltr'>τῆς</span> <span class='ocrx_word' id='word_1_396' title='bbox 1573 3388 1818 3467; x_wconf 67' lang='lat' dir='ltr'><strong>Anqonze</strong></span> 
     </span>
    </p>
   </div>
   <div class='ocr_carea' id='block_1_62' title="bbox 1923 3385 3520 3467">
    <p class='ocr_par' dir='ltr' id='par_1_62' title="bbox 1927 3385 3520 3467">
     <span class='ocr_line' id='line_1_62' title="bbox 1927 3385 3520 3467; baseline 0.001 -27"><span class='ocrx_word' id='word_1_397' title='bbox 1927 3395 2095 3467; x_wconf 65' lang='lat' dir='ltr'><strong>petpo</strong></span> <span class='ocrx_word' id='word_1_398' title='bbox 2137 3387 2519 3467; x_wconf 78' lang='lat' dir='ltr'><strong>nominantur_</strong></span> <span class='ocrx_word' id='word_1_399' title='bbox 2551 3396 2678 3440; x_wconf 91' lang='lat' dir='ltr'><strong>ante</strong></span> <span class='ocrx_word' id='word_1_400' title='bbox 2713 3385 3007 3467; x_wconf 61' lang='lat' dir='ltr'><strong>episcopos</strong></span> <span class='ocrx_word' id='word_1_401' title='bbox 3043 3386 3386 3467; x_wconf 40' lang='lat' dir='ltr'><strong>quiﬂsvnodo</strong></span> <span class='ocrx_word' id='word_1_402' title='bbox 3438 3389 3520 3443; x_wconf 75' lang='lat' dir='ltr'><strong>in~</strong></span> 
     </span>
    </p>
   </div>
   <div class='ocr_carea' id='block_1_63' title="bbox 223 3456 1823 3526">
    <p class='ocr_par' dir='ltr' id='par_1_63' title="bbox 223 3456 1823 3526">
     <span class='ocr_line' id='line_1_63' title="bbox 223 3456 1823 3526; baseline -0.006 -9"><span class='ocrx_word' id='word_1_403' title='bbox 223 3456 570 3517; x_wconf 78' lang='lat' dir='ltr'><strong>fertilitatem</strong></span> <span class='ocrx_word' id='word_1_404' title='bbox 597 3469 654 3513; x_wconf 89' lang='lat' dir='ltr'><strong>et</strong></span> <span class='ocrx_word' id='word_1_405' title='bbox 683 3460 895 3526; x_wconf 85' lang='lat' dir='ltr'><strong>copiam</strong></span> <span class='ocrx_word' id='word_1_406' title='bbox 921 3459 1321 3526; x_wconf 88' lang='lat' dir='ltr'><strong>interpretatur</strong></span> <span class='ocrx_word' id='word_1_407' title='bbox 1341 3456 1643 3526; x_wconf 75' lang='lat' dir='ltr'><strong>Musonius.</strong></span> <span class='ocrx_word' id='word_1_408' title='bbox 1681 3456 1823 3508; x_wconf 87' lang='lat' dir='ltr'><strong>Lan-</strong></span> 
     </span>
    </p>
   </div>
   <div class='ocr_carea' id='block_1_64' title="bbox 221 3525 1818 3597">
    <p class='ocr_par' dir='ltr' id='par_1_64' title="bbox 221 3525 1818 3597">
     <span class='ocr_line' id='line_1_64' title="bbox 221 3525 1818 3597; baseline -0.004 -12"><span class='ocrx_word' id='word_1_409' title='bbox 221 3549 328 3597; x_wconf 77' lang='lat' dir='ltr'><strong>gus</strong></span> <span class='ocrx_word' id='word_1_410' title='bbox 361 3545 490 3584; x_wconf 91' lang='lat' dir='ltr'><strong>vero</strong></span> <span class='ocrx_word' id='word_1_411' title='bbox 509 3525 1146 3597; x_wconf 80' lang='lat' dir='ltr'><strong>etChristophorsonus,</strong></span> <span class='ocrx_word' id='word_1_412' title='bbox 1185 3541 1372 3597; x_wconf 69' lang='lat' dir='ltr'><strong>pacein</strong></span> <span class='ocrx_word' id='word_1_413' title='bbox 1395 3541 1460 3580; x_wconf 89' lang='lat' dir='ltr'><strong>ac</strong></span> <span class='ocrx_word' id='word_1_414' title='bbox 1478 3525 1818 3579; x_wconf 78' lang='lat' dir='ltr'><strong>felicitatem.</strong></span> 
     </span>
    </p>
   </div>
   <div class='ocr_carea' id='block_1_65' title="bbox 221 3595 1822 3668">
    <p class='ocr_par' dir='ltr' id='par_1_65' title="bbox 221 3595 1822 3668">
     <span class='ocr_line' id='line_1_65' title="bbox 221 3595 1822 3668; baseline -0.004 -14"><span class='ocrx_word' id='word_1_415' title='bbox 221 3595 388 3655; x_wconf 80' lang='lat' dir='ltr'><strong>Certe</strong></span> <span class='ocrx_word' id='word_1_416' title='bbox 423 3614 526 3652; x_wconf 75' lang='lat' dir='ltr'><strong>vox</strong></span> <span class='ocrx_word' id='word_1_417' title='bbox 554 3595 1136 3668; x_wconf 25' lang='lat' dir='ltr'><strong>soetqpia‘utrutnque</strong></span> <span class='ocrx_word' id='word_1_418' title='bbox 1167 3595 1464 3666; x_wconf 72' lang='lat' dir='ltr'><strong>significat,</strong></span> <span class='ocrx_word' id='word_1_419' title='bbox 1499 3605 1562 3650; x_wconf 90' lang='lat' dir='ltr'><strong>ut</strong></span> <span class='ocrx_word' id='word_1_420' title='bbox 1586 3605 1822 3648; x_wconf 86' lang='lat' dir='ltr'><strong>testatur</strong></span> 
     </span>
    </p>
   </div>
   <div class='ocr_carea' id='block_1_66' title="bbox 225 3671 451 3726">
    <p class='ocr_par' dir='ltr' id='par_1_66' title="bbox 225 3671 451 3726">
     <span class='ocr_line' id='line_1_66' title="bbox 225 3671 451 3726; baseline -0.018 0"><span class='ocrx_word' id='word_1_421' title='bbox 225 3671 451 3726; x_wconf 83' lang='lat' dir='ltr'><strong>Suidas.</strong></span> 
     </span>
    </p>
   </div>
   <div class='ocr_carea' id='block_1_67' title="bbox 307 3733 1820 3810">
    <p class='ocr_par' dir='ltr' id='par_1_67' title="bbox 307 3733 1820 3810">
     <span class='ocr_line' id='line_1_67' title="bbox 307 3733 1820 3810; baseline -0.003 -17"><span class='ocrx_word' id='word_1_422' title='bbox 307 3740 420 3810; x_wconf 10' lang='lat' dir='ltr'><strong>(i9?)</strong></span> <span class='ocrx_word' id='word_1_423' title='bbox 473 3737 656 3810; x_wconf 83' lang='grc' dir='ltr'><strong>Ἐμοῦ</strong></span> <span class='ocrx_word' id='word_1_424' title='bbox 703 3736 1204 3810; x_wconf 60' lang='grc' dir='ltr'>παρεδρεῷσιζζος.</span> <span class='ocrx_word' id='word_1_425' title='bbox 1253 3733 1629 3810; x_wconf 77' lang='lat' dir='ltr'><strong>Qu_ed__hodie</strong></span> <span class='ocrx_word' id='word_1_426' title='bbox 1673 3734 1820 3804; x_wconf 85' lang='lat' dir='ltr'><strong>apud</strong></span> 
     </span>
    </p>
   </div>
   <div class='ocr_carea' id='block_1_68' title="bbox 225 3805 1821 3876">
    <p class='ocr_par' dir='ltr' id='par_1_68' title="bbox 225 3805 1821 3876">
     <span class='ocr_line' id='line_1_68' title="bbox 225 3805 1821 3876; baseline -0.004 -10"><span class='ocrx_word' id='word_1_427' title='bbox 225 3805 333 3866; x_wconf 82' lang='lat' dir='ltr'><strong>nos</strong></span> <span class='ocrx_word' id='word_1_428' title='bbox 379 3809 495 3863; x_wconf 81' lang='lat' dir='ltr'><strong>ﬂeri</strong></span> <span class='ocrx_word' id='word_1_429' title='bbox 535 3805 690 3862; x_wconf 61' lang='lat' dir='ltr'><strong>&#39;solet</strong></span> <span class='ocrx_word' id='word_1_430' title='bbox 729 3809 783 3862; x_wconf 91' lang='lat' dir='ltr'><strong>in</strong></span> <span class='ocrx_word' id='word_1_431' title='bbox 824 3807 1211 3864; x_wconf 87' lang='lat' dir='ltr'><strong>criminalibus</strong></span> <span class='ocrx_word' id='word_1_432' title='bbox 1252 3805 1499 3876; x_wconf 88' lang='lat' dir='ltr'><strong>judiciis,</strong></span> <span class='ocrx_word' id='word_1_433' title='bbox 1546 3815 1606 3860; x_wconf 90' lang='lat' dir='ltr'><strong>ut</strong></span> <span class='ocrx_word' id='word_1_434' title='bbox 1646 3821 1739 3876; x_wconf 85' lang='lat' dir='ltr'><strong>reo</strong></span> <span class='ocrx_word' id='word_1_435' title='bbox 1789 3820 1821 3859; x_wconf 94' lang='lat' dir='ltr'><strong>a</strong></span> 
     </span>
    </p>
   </div>
   <div class='ocr_carea' id='block_1_69' title="bbox 219 3875 1822 3952">
    <p class='ocr_par' dir='ltr' id='par_1_69' title="bbox 219 3875 1822 3952">
     <span class='ocr_line' id='line_1_69' title="bbox 219 3875 1822 3952; baseline -0.006 -17"><span class='ocrx_word' id='word_1_436' title='bbox 219 3879 516 3952; x_wconf 75' lang='lat' dir='ltr'><strong>iudicibus</strong></span> <span class='ocrx_word' id='word_1_437' title='bbox 536 3879 698 3952; x_wconf 76' lang='lat' dir='ltr'><strong>detur</strong></span> <span class='ocrx_word' id='word_1_438' title='bbox 729 3879 1113 3952; x_wconf 82' lang='lat' dir='ltr'><strong>jurisperitus,</strong></span> <span class='ocrx_word' id='word_1_439' title='bbox 1142 3877 1260 3952; x_wconf 83' lang='lat' dir='ltr'><strong>qui_</strong></span> <span class='ocrx_word' id='word_1_440' title='bbox 1280 3875 1576 3952; x_wconf 76' lang='lat' dir='ltr'><strong>consilium</strong></span> <span class='ocrx_word' id='word_1_441' title='bbox 1599 3875 1822 3952; x_wconf 39' lang='grc' dir='ltr'><strong>βίου-8-</strong></span> 
     </span>
    </p>
   </div>
   <div class='ocr_carea' id='block_1_70' title="bbox 225 3944 1822 4021">
    <p class='ocr_par' dir='ltr' id='par_1_70' title="bbox 225 3944 1822 4021">
     <span class='ocr_line' id='line_1_70' title="bbox 225 3944 1822 4021; baseline -0.002 -18"><span class='ocrx_word' id='word_1_442' title='bbox 225 3944 405 4021; x_wconf 72' lang='lat' dir='ltr'><strong>gerat,</strong></span> <span class='ocrx_word' id='word_1_443' title='bbox 435 3947 519 4021; x_wconf 18' lang='lat' dir='ltr'><strong>Aid</strong></span> <span class='ocrx_word' id='word_1_444' title='bbox 569 3950 699 4021; x_wconf 84' lang='lat' dir='ltr'><strong>olim</strong></span> <span class='ocrx_word' id='word_1_445' title='bbox 731 3944 978 4021; x_wconf 62' lang='lat' dir='ltr'><strong>&#39;quoq_ue</strong></span> <span class='ocrx_word' id='word_1_446' title='bbox 1029 3949 1096 4021; x_wconf 80' lang='lat' dir='ltr'><strong>in</strong></span> <span class='ocrx_word' id='word_1_447' title='bbox 1125 3944 1566 4021; x_wconf 62' lang='lat' dir='ltr'><strong>ecclesiasticis</strong></span> <span class='ocrx_word' id='word_1_448' title='bbox 1596 3944 1822 4021; x_wconf 78' lang='lat' dir='ltr'><strong>iudieiis</strong></span> 
     </span>
    </p>
   </div>
   <div class='ocr_carea' id='block_1_71' title="bbox 225 4014 1815 4088">
    <p class='ocr_par' dir='ltr' id='par_1_71' title="bbox 225 4014 1815 4088">
     <span class='ocr_line' id='line_1_71' title="bbox 225 4014 1815 4088; baseline -0.003 -14"><span class='ocrx_word' id='word_1_449' title='bbox 225 4014 541 4074; x_wconf 72' lang='lat' dir='ltr'><strong>obtinuisse</strong></span> <span class='ocrx_word' id='word_1_450' title='bbox 566 4018 728 4071; x_wconf 89' lang='lat' dir='ltr'><strong>docet</strong></span> <span class='ocrx_word' id='word_1_451' title='bbox 755 4014 844 4072; x_wconf 76' lang='lat' dir='ltr'><strong>hic</strong></span> <span class='ocrx_word' id='word_1_452' title='bbox 879 4014 1102 4088; x_wconf 82' lang='lat' dir='ltr'><strong>Evagrii</strong></span> <span class='ocrx_word' id='word_1_453' title='bbox 1125 4017 1301 4088; x_wconf 81' lang='lat' dir='ltr'><strong>locus.</strong></span> <span class='ocrx_word' id='word_1_454' title='bbox 1334 4014 1640 4088; x_wconf 80' lang='lat' dir='ltr'><strong>Gregorius</strong></span> <span class='ocrx_word' id='word_1_455' title='bbox 1665 4016 1815 4069; x_wconf 89' lang='lat' dir='ltr'><strong>enim</strong></span> 
     </span>
    </p>
   </div>
   <div class='ocr_carea' id='block_1_72' title="bbox 226 4086 1820 4159">
    <p class='ocr_par' dir='ltr' id='par_1_72' title="bbox 226 4086 1820 4159">
     <span class='ocr_line' id='line_1_72' title="bbox 226 4086 1820 4159; baseline -0.003 -15"><span class='ocrx_word' id='word_1_456' title='bbox 226 4090 526 4159; x_wconf 80' lang='lat' dir='ltr'><strong>episcOpus</strong></span> <span class='ocrx_word' id='word_1_457' title='bbox 572 4088 899 4152; x_wconf 75' lang='lat' dir='ltr'><strong>Antiochiae,</strong></span> <span class='ocrx_word' id='word_1_458' title='bbox 938 4086 1064 4142; x_wconf 76' lang='lat' dir='ltr'><strong>cum</strong></span> <span class='ocrx_word' id='word_1_459' title='bbox 1104 4087 1158 4141; x_wconf 90' lang='lat' dir='ltr'><strong>in</strong></span> <span class='ocrx_word' id='word_1_460' title='bbox 1193 4086 1392 4159; x_wconf 83' lang='lat' dir='ltr'><strong>urbem</strong></span> <span class='ocrx_word' id='word_1_461' title='bbox 1437 4086 1645 4154; x_wconf 83' lang='lat' dir='ltr'><strong>regiam</strong></span> <span class='ocrx_word' id='word_1_462' title='bbox 1686 4101 1820 4154; x_wconf 82' lang='lat' dir='ltr'><strong>pro-</strong></span> 
     </span>
    </p>
   </div>
   <div class='ocr_carea' id='block_1_73' title="bbox 227 4157 1818 4241">
    <p class='ocr_par' dir='ltr' id='par_1_73' title="bbox 227 4157 1818 4241">
     <span class='ocr_line' id='line_1_73' title="bbox 227 4157 1818 4241; baseline -0.002 -28"><span class='ocrx_word' id='word_1_463' title='bbox 227 4157 596 4241; x_wconf 68' lang='lat' dir='ltr'><strong>ficisceretur,</strong></span> <span class='ocrx_word' id='word_1_464' title='bbox 635 4173 822 4213; x_wconf 90' lang='lat' dir='ltr'><strong>coram</strong></span> <span class='ocrx_word' id='word_1_465' title='bbox 871 4159 1081 4241; x_wconf 74' lang='lat' dir='ltr'><strong>synodo</strong></span> <span class='ocrx_word' id='word_1_466' title='bbox 1117 4157 1508 4241; x_wconf 80' lang='lat' dir='ltr'><strong>episcoporum</strong></span> <span class='ocrx_word' id='word_1_467' title='bbox 1524 4163 1597 4241; x_wconf 58' lang='grc' dir='ltr'><strong>ξι</strong></span> <span class='ocrx_word' id='word_1_468' title='bbox 1633 4171 1818 4236; x_wconf 77' lang='lat' dir='ltr'><strong>coram</strong></span> 
     </span>
    </p>
   </div>
   <div class='ocr_carea' id='block_1_74' title="bbox 227 4225 1818 4294">
    <p class='ocr_par' dir='ltr' id='par_1_74' title="bbox 227 4225 1818 4294">
     <span class='ocr_line' id='line_1_74' title="bbox 227 4225 1818 4294; baseline -0.003 -10"><span class='ocrx_word' id='word_1_469' title='bbox 227 4229 584 4284; x_wconf 87' lang='lat' dir='ltr'><strong>senatoribus</strong></span> <span class='ocrx_word' id='word_1_470' title='bbox 611 4244 831 4282; x_wconf 84' lang='lat' dir='ltr'><strong>causam</strong></span> <span class='ocrx_word' id='word_1_471' title='bbox 858 4225 1111 4283; x_wconf 86' lang='lat' dir='ltr'><strong>dicturus</strong></span> <span class='ocrx_word' id='word_1_472' title='bbox 1141 4225 1212 4281; x_wconf 87' lang='lat' dir='ltr'><strong>de</strong></span> <span class='ocrx_word' id='word_1_473' title='bbox 1251 4227 1487 4283; x_wconf 85' lang='lat' dir='ltr'><strong>incesto.</strong></span> <span class='ocrx_word' id='word_1_474' title='bbox 1523 4225 1818 4294; x_wconf 87' lang='lat' dir='ltr'><strong>Evagrium</strong></span> 
     </span>
    </p>
   </div>
   <div class='ocr_carea' id='block_1_75' title="bbox 227 4296 1818 4364">
    <p class='ocr_par' dir='ltr' id='par_1_75' title="bbox 227 4296 1818 4364">
     <span class='ocr_line' id='line_1_75' title="bbox 227 4296 1818 4364; baseline -0.002 -11"><span class='ocrx_word' id='word_1_475' title='bbox 227 4298 635 4354; x_wconf 86' lang='lat' dir='ltr'><strong>Scholasticum</strong></span> <span class='ocrx_word' id='word_1_476' title='bbox 671 4313 858 4352; x_wconf 89' lang='lat' dir='ltr'><strong>secum</strong></span> <span class='ocrx_word' id='word_1_477' title='bbox 894 4298 1144 4359; x_wconf 77' lang='lat' dir='ltr'><strong>deduxit,</strong></span> <span class='ocrx_word' id='word_1_478' title='bbox 1200 4296 1294 4364; x_wconf 91' lang='lat' dir='ltr'><strong>qui</strong></span> <span class='ocrx_word' id='word_1_479' title='bbox 1323 4296 1680 4350; x_wconf 81' lang='lat' dir='ltr'><strong>consiliarius</strong></span> <span class='ocrx_word' id='word_1_480' title='bbox 1714 4296 1818 4364; x_wconf 89' lang='lat' dir='ltr'><strong>ipsi</strong></span> 
     </span>
    </p>
   </div>
   <div class='ocr_carea' id='block_1_76' title="bbox 228 4366 1818 4436">
    <p class='ocr_par' dir='ltr' id='par_1_76' title="bbox 228 4366 1818 4436">
     <span class='ocr_line' id='line_1_76' title="bbox 228 4366 1818 4436; baseline -0.002 -13"><span class='ocrx_word' id='word_1_481' title='bbox 228 4377 289 4423; x_wconf 85' lang='lat' dir='ltr'><strong>et</strong></span> <span class='ocrx_word' id='word_1_482' title='bbox 343 4383 592 4424; x_wconf 82' lang='lat' dir='ltr'><strong>aSsessor</strong></span> <span class='ocrx_word' id='word_1_483' title='bbox 615 4379 780 4426; x_wconf 88' lang='lat' dir='ltr'><strong>esset.</strong></span> <span class='ocrx_word' id='word_1_484' title='bbox 819 4378 874 4422; x_wconf 88' lang='lat' dir='ltr'><strong>et</strong></span> <span class='ocrx_word' id='word_1_485' title='bbox 894 4369 1187 4422; x_wconf 82' lang='lat' dir='ltr'><strong>consilium</strong></span> <span class='ocrx_word' id='word_1_486' title='bbox 1214 4367 1317 4436; x_wconf 89' lang='lat' dir='ltr'><strong>ipsi</strong></span> <span class='ocrx_word' id='word_1_487' title='bbox 1355 4375 1696 4436; x_wconf 82' lang='lat' dir='ltr'><strong>suggereret,</strong></span> <span class='ocrx_word' id='word_1_488' title='bbox 1726 4366 1818 4420; x_wconf 91' lang='lat' dir='ltr'><strong>ubi</strong></span> 
     </span>
    </p>
   </div>
   <div class='ocr_carea' id='block_1_77' title="bbox 227 4436 1819 4507">
    <p class='ocr_par' dir='ltr' id='par_1_77' title="bbox 227 4436 1819 4507">
     <span class='ocr_line' id='line_1_77' title="bbox 227 4436 1819 4507; baseline -0.002 -16"><span class='ocrx_word' id='word_1_489' title='bbox 227 4453 371 4507; x_wconf 86' lang='lat' dir='ltr'><strong>opus</strong></span> <span class='ocrx_word' id='word_1_490' title='bbox 395 4449 562 4492; x_wconf 84' lang='lat' dir='ltr'><strong>esset.</strong></span> <span class='ocrx_word' id='word_1_491' title='bbox 595 4437 660 4507; x_wconf 83' lang='lat' dir='ltr'><strong>lid</strong></span> <span class='ocrx_word' id='word_1_492' title='bbox 701 4439 848 4492; x_wconf 89' lang='lat' dir='ltr'><strong>enim</strong></span> <span class='ocrx_word' id='word_1_493' title='bbox 896 4436 1172 4507; x_wconf 78' lang='lat' dir='ltr'><strong>significat</strong></span> <span class='ocrx_word' id='word_1_494' title='bbox 1223 4452 1325 4489; x_wconf 78' lang='lat' dir='ltr'><strong>vox</strong></span> <span class='ocrx_word' id='word_1_495' title='bbox 1359 4436 1819 4507; x_wconf 65' lang='lat' dir='ltr'><strong>_naps&amp;psdovto;</strong></span> 
     </span>
    </p>
   </div>
   <div class='ocr_carea' id='block_1_78' title="bbox 229 4505 1819 4575">
    <p class='ocr_par' dir='ltr' id='par_1_78' title="bbox 229 4505 1819 4575">
     <span class='ocr_line' id='line_1_78' title="bbox 229 4505 1819 4575; baseline -0.001 -14"><span class='ocrx_word' id='word_1_496' title='bbox 229 4505 338 4561; x_wconf 81' lang='lat' dir='ltr'><strong>hoc</strong></span> <span class='ocrx_word' id='word_1_497' title='bbox 375 4505 601 4575; x_wconf 70' lang='lat' dir='ltr'><strong>quidem</strong></span> <span class='ocrx_word' id='word_1_498' title='bbox 655 4509 710 4562; x_wconf 91' lang='lat' dir='ltr'><strong>in</strong></span> <span class='ocrx_word' id='word_1_499' title='bbox 753 4509 893 4562; x_wconf 91' lang='lat' dir='ltr'><strong>loco.</strong></span> <span class='ocrx_word' id='word_1_500' title='bbox 948 4505 1221 4564; x_wconf 67' lang='lat' dir='ltr'><strong>Caeterum</strong></span> <span class='ocrx_word' id='word_1_501' title='bbox 1256 4506 1309 4558; x_wconf 93' lang='lat' dir='ltr'><strong>in</strong></span> <span class='ocrx_word' id='word_1_502' title='bbox 1359 4505 1463 4559; x_wconf 85' lang='lat' dir='ltr'><strong>hac</strong></span> <span class='ocrx_word' id='word_1_503' title='bbox 1502 4507 1819 4561; x_wconf 86' lang='lat' dir='ltr'><strong>narratione</strong></span> 
     </span>
    </p>
   </div>
   <div class='ocr_carea' id='block_1_79' title="bbox 228 4575 1820 4647">
    <p class='ocr_par' dir='ltr' id='par_1_79' title="bbox 228 4575 1820 4647">
     <span class='ocr_line' id='line_1_79' title="bbox 228 4575 1820 4647; baseline -0.002 -15"><span class='ocrx_word' id='word_1_504' title='bbox 228 4579 473 4647; x_wconf 81' lang='lat' dir='ltr'><strong>Evagrii.</strong></span> <span class='ocrx_word' id='word_1_505' title='bbox 495 4579 666 4632; x_wconf 89' lang='lat' dir='ltr'><strong>multa</strong></span> <span class='ocrx_word' id='word_1_506' title='bbox 704 4587 833 4632; x_wconf 91' lang='lat' dir='ltr'><strong>sunt</strong></span> <span class='ocrx_word' id='word_1_507' title='bbox 855 4577 1222 4632; x_wconf 89' lang='lat' dir='ltr'><strong>observanda.</strong></span> <span class='ocrx_word' id='word_1_508' title='bbox 1266 4575 1534 4637; x_wconf 83' lang='lat' dir='ltr'><strong>Primum,</strong></span> <span class='ocrx_word' id='word_1_509' title='bbox 1565 4577 1712 4644; x_wconf 83' lang='lat' dir='ltr'><strong>quod</strong></span> <span class='ocrx_word' id='word_1_510' title='bbox 1743 4577 1820 4629; x_wconf 90' lang='lat' dir='ltr'><strong>ait</strong></span> 
     </span>
    </p>
   </div>
   <div class='ocr_carea' id='block_1_80' title="bbox 227 4647 1818 4716">
    <p class='ocr_par' dir='ltr' id='par_1_80' title="bbox 227 4647 1818 4716">
     <span class='ocr_line' id='line_1_80' title="bbox 227 4647 1818 4716; baseline 0 -15"><span class='ocrx_word' id='word_1_511' title='bbox 227 4648 559 4715; x_wconf 88' lang='lat' dir='ltr'><strong>Gregorium</strong></span> <span class='ocrx_word' id='word_1_512' title='bbox 607 4648 1038 4702; x_wconf 84' lang='lat' dir='ltr'><strong>Antiochensem</strong></span> <span class='ocrx_word' id='word_1_513' title='bbox 1090 4647 1413 4716; x_wconf 84' lang='lat' dir='ltr'><strong>episcopum</strong></span> <span class='ocrx_word' id='word_1_514' title='bbox 1472 4647 1540 4700; x_wconf 91' lang='lat' dir='ltr'><strong>de</strong></span> <span class='ocrx_word' id='word_1_515' title='bbox 1585 4647 1818 4701; x_wconf 86' lang='lat' dir='ltr'><strong>crimine</strong></span> 
     </span>
    </p>
   </div>
   <div class='ocr_carea' id='block_1_81' title="bbox 1929 3456 3521 3525">
    <p class='ocr_par' dir='ltr' id='par_1_81' title="bbox 1929 3456 3521 3525">
     <span class='ocr_line' id='line_1_81' title="bbox 1929 3456 3521 3525; baseline 0.001 -15"><span class='ocrx_word' id='word_1_516' title='bbox 1929 3456 2236 3511; x_wconf 79' lang='lat' dir='ltr'><strong>terfuerant</strong></span> <span class='ocrx_word' id='word_1_517' title='bbox 2277 3476 2289 3510; x_wconf 90' lang='lat'><strong>:</strong></span> <span class='ocrx_word' id='word_1_518' title='bbox 2326 3457 2556 3525; x_wconf 88' lang='lat' dir='ltr'><strong>perinde</strong></span> <span class='ocrx_word' id='word_1_519' title='bbox 2611 3472 2674 3509; x_wconf 89' lang='lat' dir='ltr'><strong>ac</strong></span> <span class='ocrx_word' id='word_1_520' title='bbox 2724 3458 2776 3509; x_wconf 92' lang='lat' dir='ltr'><strong>in</strong></span> <span class='ocrx_word' id='word_1_521' title='bbox 2813 3458 2916 3509; x_wconf 85' lang='lat' dir='ltr'><strong>hoc</strong></span> <span class='ocrx_word' id='word_1_522' title='bbox 2960 3456 3176 3523; x_wconf 73' lang='lat' dir='ltr'><strong>Evagrii</strong></span> <span class='ocrx_word' id='word_1_523' title='bbox 3208 3456 3335 3510; x_wconf 81' lang='lat' dir='ltr'><strong>loco</strong></span> <span class='ocrx_word' id='word_1_524' title='bbox 3359 3473 3521 3512; x_wconf 83' lang='lat' dir='ltr'><strong>sena-</strong></span> 
     </span>
    </p>
   </div>
   <div class='ocr_carea' id='block_1_82' title="bbox 1927 3527 3523 3597">
    <p class='ocr_par' dir='ltr' id='par_1_82' title="bbox 1927 3527 3523 3597">
     <span class='ocr_line' id='line_1_82' title="bbox 1927 3527 3523 3597; baseline 0.002 -17"><span class='ocrx_word' id='word_1_525' title='bbox 1927 3536 2072 3580; x_wconf 91' lang='lat' dir='ltr'><strong>tores</strong></span> <span class='ocrx_word' id='word_1_526' title='bbox 2094 3527 2456 3580; x_wconf 91' lang='lat' dir='ltr'><strong>nominantur</strong></span> <span class='ocrx_word' id='word_1_527' title='bbox 2479 3535 2606 3580; x_wconf 90' lang='lat' dir='ltr'><strong>ante</strong></span> <span class='ocrx_word' id='word_1_528' title='bbox 2634 3527 3090 3595; x_wconf 86' lang='lat' dir='ltr'><strong>mctropolitanos</strong></span> <span class='ocrx_word' id='word_1_529' title='bbox 3111 3545 3122 3578; x_wconf 85' lang='lat'>:</span> <span class='ocrx_word' id='word_1_530' title='bbox 3147 3528 3523 3597; x_wconf 86' lang='lat' dir='ltr'><strong>subjiciuntur</strong></span> 
     </span>
    </p>
   </div>
   <div class='ocr_carea' id='block_1_83' title="bbox 1926 3597 2512 3665">
    <p class='ocr_par' dir='ltr' id='par_1_83' title="bbox 1926 3597 2512 3665">
     <span class='ocr_line' id='line_1_83' title="bbox 1926 3597 2512 3665; baseline -0.002 -15"><span class='ocrx_word' id='word_1_531' title='bbox 1926 3604 2110 3650; x_wconf 87' lang='lat' dir='ltr'><strong>tamen</strong></span> <span class='ocrx_word' id='word_1_532' title='bbox 2157 3597 2512 3665; x_wconf 75' lang='lat' dir='ltr'><strong>patriarchis.</strong></span> 
     </span>
    </p>
   </div>
   <div class='ocr_carea' id='block_1_84' title="bbox 1995 3665 3521 3736">
    <p class='ocr_par' dir='ltr' id='par_1_84' title="bbox 1995 3665 3521 3736">
     <span class='ocr_line' id='line_1_84' title="bbox 1995 3665 3521 3736; baseline 0.003 -17"><span class='ocrx_word' id='word_1_533' title='bbox 1995 3666 2106 3736; x_wconf 74' lang='lat'><strong>(‘20)</strong></span> <span class='ocrx_word' id='word_1_534' title='bbox 2135 3665 2258 3720; x_wconf 80' lang='grc' dir='ltr'><strong>Τῶν</strong></span> <span class='ocrx_word' id='word_1_535' title='bbox 2278 3666 2622 3732; x_wconf 74' lang='grc' dir='ltr'>ἑκασταχοῦ</span> <span class='ocrx_word' id='word_1_536' title='bbox 2641 3665 3042 3732; x_wconf 77' lang='grc' dir='ltr'>πατριαρχῶν.</span> <span class='ocrx_word' id='word_1_537' title='bbox 3065 3667 3249 3720; x_wconf 89' lang='lat' dir='ltr'><strong>Patria</strong></span> <span class='ocrx_word' id='word_1_538' title='bbox 3260 3667 3521 3724; x_wconf 85' lang='lat' dir='ltr'><strong>rebarum</strong></span> 
     </span>
    </p>
   </div>
   <div class='ocr_carea' id='block_1_85' title="bbox 1923 3736 3522 3806">
    <p class='ocr_par' dir='ltr' id='par_1_85' title="bbox 1923 3736 3522 3806">
     <span class='ocr_line' id='line_1_85' title="bbox 1923 3736 3522 3806; baseline 0.001 -16"><span class='ocrx_word' id='word_1_539' title='bbox 1923 3739 2148 3790; x_wconf 90' lang='lat' dir='ltr'><strong>nomine</strong></span> <span class='ocrx_word' id='word_1_540' title='bbox 2189 3736 2280 3789; x_wconf 90' lang='lat' dir='ltr'><strong>hic</strong></span> <span class='ocrx_word' id='word_1_541' title='bbox 2310 3737 2624 3805; x_wconf 85' lang='lat' dir='ltr'><strong>intelligere</strong></span> <span class='ocrx_word' id='word_1_542' title='bbox 2661 3736 2953 3806; x_wconf 87' lang='lat' dir='ltr'><strong>debemus,</strong></span> <span class='ocrx_word' id='word_1_543' title='bbox 2992 3753 3101 3790; x_wconf 92' lang='lat' dir='ltr'><strong>non</strong></span> <span class='ocrx_word' id='word_1_544' title='bbox 3137 3739 3319 3790; x_wconf 88' lang='lat' dir='ltr'><strong>solum</strong></span> <span class='ocrx_word' id='word_1_545' title='bbox 3348 3741 3522 3806; x_wconf 88' lang='lat' dir='ltr'><strong>majo-</strong></span> 
     </span>
    </p>
   </div>
   <div class='ocr_carea' id='block_1_86' title="bbox 1923 3805 3516 3876">
    <p class='ocr_par' dir='ltr' id='par_1_86' title="bbox 1923 3805 3516 3876">
     <span class='ocr_line' id='line_1_86' title="bbox 1923 3805 3516 3876; baseline 0.003 -16"><span class='ocrx_word' id='word_1_546' title='bbox 1923 3822 2014 3860; x_wconf 89' lang='lat' dir='ltr'><strong>res</strong></span> <span class='ocrx_word' id='word_1_547' title='bbox 2082 3806 2466 3876; x_wconf 86' lang='lat' dir='ltr'><strong>patriarchas,</strong></span> <span class='ocrx_word' id='word_1_548' title='bbox 2525 3809 2578 3876; x_wconf 87' lang='lat' dir='ltr'><strong>id</strong></span> <span class='ocrx_word' id='word_1_549' title='bbox 2633 3805 3516 3876; x_wconf 88' lang='lat' dir='ltr'><strong>est,Constantinopolitanunt.</strong></span> 
     </span>
    </p>
   </div>
   <div class='ocr_carea' id='block_1_87' title="bbox 1921 3875 3517 3946">
    <p class='ocr_par' dir='ltr' id='par_1_87' title="bbox 1921 3875 3517 3946">
     <span class='ocr_line' id='line_1_87' title="bbox 1921 3875 3517 3946; baseline 0.001 -16"><span class='ocrx_word' id='word_1_550' title='bbox 1921 3875 2356 3930; x_wconf 81' lang='lat' dir='ltr'><strong>Alexandrinum</strong></span> <span class='ocrx_word' id='word_1_551' title='bbox 2403 3883 2460 3930; x_wconf 88' lang='lat' dir='ltr'><strong>et</strong></span> <span class='ocrx_word' id='word_1_552' title='bbox 2540 3875 3129 3946; x_wconf 81' lang='lat' dir='ltr'><strong>Hierosolymitanum,</strong></span> <span class='ocrx_word' id='word_1_553' title='bbox 3186 3875 3296 3930; x_wconf 82' lang='lat' dir='ltr'><strong>sed</strong></span> <span class='ocrx_word' id='word_1_554' title='bbox 3347 3881 3517 3932; x_wconf 79' lang='lat' dir='ltr'><strong>etiam</strong></span> 
     </span>
    </p>
   </div>
   <div class='ocr_carea' id='block_1_88' title="bbox 1923 3945 3522 4018">
    <p class='ocr_par' dir='ltr' id='par_1_88' title="bbox 1923 3945 3522 4018">
     <span class='ocr_line' id='line_1_88' title="bbox 1923 3945 3522 4018; baseline 0.003 -19"><span class='ocrx_word' id='word_1_555' title='bbox 1923 3947 2170 4018; x_wconf 84' lang='lat' dir='ltr'><strong>reliquos</strong></span> <span class='ocrx_word' id='word_1_556' title='bbox 2222 3947 2511 4018; x_wconf 78' lang='lat' dir='ltr'><strong>primates,</strong></span> <span class='ocrx_word' id='word_1_557' title='bbox 2544 3947 2688 4018; x_wconf 69' lang='lat' dir='ltr'><strong>sive</strong></span> <span class='ocrx_word' id='word_1_558' title='bbox 2737 3945 3053 4018; x_wconf 59' lang='lat' dir='ltr'><strong>exercitos.</strong></span> <span class='ocrx_word' id='word_1_559' title='bbox 3080 3945 3190 4000; x_wconf 81' lang='lat' dir='ltr'><strong>llos</strong></span> <span class='ocrx_word' id='word_1_560' title='bbox 3224 3947 3372 4018; x_wconf 81' lang='lat' dir='ltr'><strong>enim</strong></span> <span class='ocrx_word' id='word_1_561' title='bbox 3427 3965 3522 4018; x_wconf 59' lang='lat' dir='ltr'><strong>pas</strong></span> 
     </span>
    </p>
   </div>
   <div class='ocr_carea' id='block_1_89' title="bbox 1923 4015 3510 4087">
    <p class='ocr_par' dir='ltr' id='par_1_89' title="bbox 1923 4015 3510 4087">
     <span class='ocr_line' id='line_1_89' title="bbox 1923 4015 3510 4087; baseline 0.002 -17"><span class='ocrx_word' id='word_1_562' title='bbox 1923 4015 2296 4071; x_wconf 78' lang='lat' dir='ltr'><strong>triarcharum</strong></span> <span class='ocrx_word' id='word_1_563' title='bbox 2325 4015 2908 4087; x_wconf 82' lang='lat' dir='ltr'><strong>vocabulointerdum</strong></span> <span class='ocrx_word' id='word_1_564' title='bbox 2941 4015 3194 4087; x_wconf 87' lang='lat' dir='ltr'><strong>designat</strong></span> <span class='ocrx_word' id='word_1_565' title='bbox 3219 4015 3510 4087; x_wconf 79' lang='lat' dir='ltr'><strong>Evagriits,</strong></span> 
     </span>
    </p>
   </div>
   <div class='ocr_carea' id='block_1_90' title="bbox 1925 4085 3522 4157">
    <p class='ocr_par' dir='ltr' id='par_1_90' title="bbox 1925 4085 3522 4157">
     <span class='ocr_line' id='line_1_90' title="bbox 1925 4085 3522 4157; baseline 0.003 -17"><span class='ocrx_word' id='word_1_566' title='bbox 1925 4093 1985 4140; x_wconf 89' lang='lat' dir='ltr'><strong>ut</strong></span> <span class='ocrx_word' id='word_1_567' title='bbox 2017 4089 2276 4157; x_wconf 86' lang='lat' dir='ltr'><strong>superius</strong></span> <span class='ocrx_word' id='word_1_568' title='bbox 2319 4085 2632 4157; x_wconf 80' lang='lat' dir='ltr'><strong>observavi.</strong></span> <span class='ocrx_word' id='word_1_569' title='bbox 2665 4085 2828 4140; x_wconf 88' lang='lat' dir='ltr'><strong>Certe</strong></span> <span class='ocrx_word' id='word_1_570' title='bbox 2853 4101 2957 4139; x_wconf 81' lang='lat' dir='ltr'><strong>vox</strong></span> <span class='ocrx_word' id='word_1_571' title='bbox 2989 4085 3300 4156; x_wconf 79' lang='grc' dir='ltr'>ἑκασταχοῦ</span> <span class='ocrx_word' id='word_1_572' title='bbox 3339 4085 3522 4145; x_wconf 84' lang='lat' dir='ltr'><strong>tribus</strong></span> 
     </span>
    </p>
   </div>
   <div class='ocr_carea' id='block_1_91' title="bbox 1924 4156 3518 4226">
    <p class='ocr_par' dir='ltr' id='par_1_91' title="bbox 1924 4156 3518 4226">
     <span class='ocr_line' id='line_1_91' title="bbox 1924 4156 3518 4226; baseline 0.003 -18"><span class='ocrx_word' id='word_1_573' title='bbox 1924 4156 2137 4226; x_wconf 76' lang='lat' dir='ltr'><strong>tantum</strong></span> <span class='ocrx_word' id='word_1_574' title='bbox 2175 4156 2508 4226; x_wconf 86' lang='lat' dir='ltr'><strong>patriarchis</strong></span> <span class='ocrx_word' id='word_1_575' title='bbox 2539 4157 2843 4226; x_wconf 81' lang='lat' dir='ltr'><strong>cenvenire</strong></span> <span class='ocrx_word' id='word_1_576' title='bbox 2865 4171 2974 4209; x_wconf 92' lang='lat' dir='ltr'><strong>non</strong></span> <span class='ocrx_word' id='word_1_577' title='bbox 3008 4166 3211 4225; x_wconf 88' lang='lat' dir='ltr'><strong>potest.</strong></span> <span class='ocrx_word' id='word_1_578' title='bbox 3246 4159 3518 4223; x_wconf 67' lang='lat' dir='ltr'><strong>Caeterum</strong></span> 
     </span>
    </p>
   </div>
   <div class='ocr_carea' id='block_1_92' title="bbox 1921 4225 3518 4299">
    <p class='ocr_par' dir='ltr' id='par_1_92' title="bbox 1921 4225 3518 4299">
     <span class='ocr_line' id='line_1_92' title="bbox 1921 4225 3518 4299; baseline 0.003 -19"><span class='ocrx_word' id='word_1_579' title='bbox 1921 4225 2571 4299; x_wconf 75' lang='lat' dir='ltr'><strong>Constantinopolitanus</strong></span> <span class='ocrx_word' id='word_1_580' title='bbox 2590 4225 2902 4299; x_wconf 80' lang='lat' dir='ltr'><strong>patriarcha</strong></span> <span class='ocrx_word' id='word_1_581' title='bbox 2932 4235 3062 4280; x_wconf 90' lang='lat' dir='ltr'><strong>tunc</strong></span> <span class='ocrx_word' id='word_1_582' title='bbox 3094 4237 3216 4281; x_wconf 90' lang='lat' dir='ltr'><strong>erat</strong></span> <span class='ocrx_word' id='word_1_583' title='bbox 3241 4226 3518 4299; x_wconf 85' lang='lat' dir='ltr'><strong>Joannes;</strong></span> 
     </span>
    </p>
   </div>
   <div class='ocr_carea' id='block_1_93' title="bbox 1922 4292 3516 4377">
    <p class='ocr_par' dir='ltr' id='par_1_93' title="bbox 1922 4292 3516 4377">
     <span class='ocr_line' id='line_1_93' title="bbox 1922 4292 3516 4377; baseline 0.003 -27"><span class='ocrx_word' id='word_1_584' title='bbox 1922 4297 2026 4377; x_wconf 77' lang='lat' dir='ltr'><strong>qui</strong></span> <span class='ocrx_word' id='word_1_585' title='bbox 2052 4292 2178 4350; x_wconf 77' lang='lat' dir='ltr'><strong>eum</strong></span> <span class='ocrx_word' id='word_1_586' title='bbox 2222 4292 2633 4377; x_wconf 54' lang='lat' dir='ltr'><strong>in&#39;supradi-eta</strong></span> <span class='ocrx_word' id='word_1_587' title='bbox 2669 4296 2880 4377; x_wconf 62' lang='lat' dir='ltr'><strong>synodo</strong></span> <span class='ocrx_word' id='word_1_588' title='bbox 2927 4299 3264 4377; x_wconf 75' lang='lat' dir='ltr'><strong>(ecumenici</strong></span> <span class='ocrx_word' id='word_1_589' title='bbox 3294 4292 3516 4377; x_wconf 76' lang='lat' dir='ltr'><strong>titulum</strong></span> 
     </span>
    </p>
   </div>
   <div class='ocr_carea' id='block_1_94' title="bbox 1923 4367 3518 4436">
    <p class='ocr_par' dir='ltr' id='par_1_94' title="bbox 1923 4367 3518 4436">
     <span class='ocr_line' id='line_1_94' title="bbox 1923 4367 3518 4436; baseline 0.004 -17"><span class='ocrx_word' id='word_1_590' title='bbox 1923 4367 2026 4421; x_wconf 92' lang='lat' dir='ltr'><strong>sibi</strong></span> <span class='ocrx_word' id='word_1_591' title='bbox 2076 4367 2490 4436; x_wconf 85' lang='lat' dir='ltr'><strong>assumpsisset,</strong></span> <span class='ocrx_word' id='word_1_592' title='bbox 2539 4367 2793 4436; x_wconf 82' lang='lat' dir='ltr'><strong>Pelagius</strong></span> <span class='ocrx_word' id='word_1_593' title='bbox 2836 4367 3222 4436; x_wconf 84' lang='lat' dir='ltr'><strong>papa,scripta</strong></span> <span class='ocrx_word' id='word_1_594' title='bbox 3274 4369 3342 4422; x_wconf 89' lang='lat' dir='ltr'><strong>ad</strong></span> <span class='ocrx_word' id='word_1_595' title='bbox 3389 4386 3518 4426; x_wconf 88' lang='lat' dir='ltr'><strong>eum</strong></span> 
     </span>
    </p>
   </div>
   <div class='ocr_carea' id='block_1_95' title="bbox 1924 4436 3517 4506">
    <p class='ocr_par' dir='ltr' id='par_1_95' title="bbox 1924 4436 3517 4506">
     <span class='ocr_line' id='line_1_95' title="bbox 1924 4436 3517 4506; baseline 0.003 -16"><span class='ocrx_word' id='word_1_596' title='bbox 1924 4437 2180 4506; x_wconf 87' lang='lat' dir='ltr'><strong>epistola,</strong></span> <span class='ocrx_word' id='word_1_597' title='bbox 2231 4437 2475 4506; x_wconf 86' lang='lat' dir='ltr'><strong>graviter</strong></span> <span class='ocrx_word' id='word_1_598' title='bbox 2530 4451 2658 4491; x_wconf 90' lang='lat' dir='ltr'><strong>eum</strong></span> <span class='ocrx_word' id='word_1_599' title='bbox 2690 4436 3026 4504; x_wconf 86' lang='lat' dir='ltr'><strong>objurgavit,</strong></span> <span class='ocrx_word' id='word_1_600' title='bbox 3057 4447 3113 4491; x_wconf 88' lang='lat' dir='ltr'><strong>et</strong></span> <span class='ocrx_word' id='word_1_601' title='bbox 3140 4448 3338 4492; x_wconf 88' lang='lat' dir='ltr'><strong>cuncta</strong></span> <span class='ocrx_word' id='word_1_602' title='bbox 3368 4439 3517 4506; x_wconf 77' lang='lat' dir='ltr'><strong>ejus~</strong></span> 
     </span>
    </p>
   </div>
   <div class='ocr_carea' id='block_1_96' title="bbox 1921 4454 3514 4578">
    <p class='ocr_par' dir='ltr' id='par_1_96' title="bbox 1921 4454 3514 4578">
     <span class='ocr_line' id='line_1_96' title="bbox 1924 4454 3514 4506; baseline 0.003 -16"><span class='ocrx_word' id='word_1_603' title='bbox 1924 4454 2180 4506; x_wconf 83' lang='lat' dir='ltr'><strong>eptswta,</strong></span> <span class='ocrx_word' id='word_1_604' title='bbox 2269 4454 2475 4492; x_wconf 81' lang='lat' dir='ltr'><strong>ravtter</strong></span> <span class='ocrx_word' id='word_1_605' title='bbox 2530 4454 2658 4491; x_wconf 89' lang='lat' dir='ltr'><strong>eum</strong></span> <span class='ocrx_word' id='word_1_606' title='bbox 2690 4454 3026 4504; x_wconf 80' lang='lat' dir='ltr'><strong>oojnrgavu,</strong></span> <span class='ocrx_word' id='word_1_607' title='bbox 3057 4454 3113 4491; x_wconf 88' lang='lat' dir='ltr'><strong>et</strong></span> <span class='ocrx_word' id='word_1_608' title='bbox 3140 4454 3338 4492; x_wconf 90' lang='lat' dir='ltr'><strong>cuncta</strong></span> <span class='ocrx_word' id='word_1_609' title='bbox 3368 4455 3396 4491; x_wconf 72' lang='grc'><strong>(-</strong></span> <span class='ocrx_word' id='word_1_610' title='bbox 3425 4456 3514 4494; x_wconf 87' lang='lat' dir='ltr'><strong>us-</strong></span> 
     </span>
     <span class='ocr_line' id='line_1_97' title="bbox 1921 4454 3514 4578; baseline 0.002 -18"><span class='ocrx_word' id='word_1_611' title='bbox 1921 4506 2049 4561; x_wconf 90' lang='lat' dir='ltr'><strong>dem</strong></span> <span class='ocrx_word' id='word_1_612' title='bbox 2086 4454 2282 4578; x_wconf 51' lang='lat' dir='ltr'><strong>synodi</strong></span> <span class='ocrx_word' id='word_1_613' title='bbox 2328 4515 2503 4576; x_wconf 85' lang='lat' dir='ltr'><strong>gesta.</strong></span> <span class='ocrx_word' id='word_1_614' title='bbox 2551 4507 2799 4578; x_wconf 79' lang='lat' dir='ltr'><strong>exceptis</strong></span> <span class='ocrx_word' id='word_1_615' title='bbox 2827 4507 2896 4561; x_wconf 89' lang='lat' dir='ltr'><strong>iis</strong></span> <span class='ocrx_word' id='word_1_616' title='bbox 2922 4522 3046 4576; x_wconf 68' lang='lat' dir='ltr'><strong>quae</strong></span> <span class='ocrx_word' id='word_1_617' title='bbox 3087 4509 3138 4560; x_wconf 91' lang='lat' dir='ltr'><strong>in</strong></span> <span class='ocrx_word' id='word_1_618' title='bbox 3173 4523 3338 4562; x_wconf 87' lang='lat' dir='ltr'><strong>causa</strong></span> <span class='ocrx_word' id='word_1_619' title='bbox 3378 4457 3514 4564; x_wconf 63' lang='lat' dir='ltr'><strong>Gre-</strong></span> 
     </span>
    </p>
   </div>
   <div class='ocr_carea' id='block_1_97' title="bbox 1922 4577 3516 4646">
    <p class='ocr_par' dir='ltr' id='par_1_97' title="bbox 1922 4577 3516 4646">
     <span class='ocr_line' id='line_1_98' title="bbox 1922 4577 3516 4646; baseline 0.003 -16"><span class='ocrx_word' id='word_1_620' title='bbox 1922 4579 2063 4644; x_wconf 85' lang='lat' dir='ltr'><strong>gorii</strong></span> <span class='ocrx_word' id='word_1_621' title='bbox 2085 4577 2480 4632; x_wconf 83' lang='lat' dir='ltr'><strong>Antiochensis</strong></span> <span class='ocrx_word' id='word_1_622' title='bbox 2498 4577 2746 4646; x_wconf 89' lang='lat' dir='ltr'><strong>episcopi</strong></span> <span class='ocrx_word' id='word_1_623' title='bbox 2769 4586 2888 4629; x_wconf 89' lang='lat' dir='ltr'><strong>acta</strong></span> <span class='ocrx_word' id='word_1_624' title='bbox 2910 4578 3153 4634; x_wconf 80' lang='lat' dir='ltr'><strong>fuerant.</strong></span> <span class='ocrx_word' id='word_1_625' title='bbox 3180 4580 3516 4635; x_wconf 87' lang='lat' dir='ltr'><strong>auctoritate</strong></span> 
     </span>
    </p>
   </div>
   <div class='ocr_carea' id='block_1_98' title="bbox 1925 4646 3513 4718">
    <p class='ocr_par' dir='ltr' id='par_1_98' title="bbox 1925 4646 3513 4718">
     <span class='ocr_line' id='line_1_99' title="bbox 1925 4646 3513 4718; baseline 0.003 -18"><span class='ocrx_word' id='word_1_626' title='bbox 1925 4647 1984 4700; x_wconf 84' lang='grc' dir='ltr'>Β.</span> <span class='ocrx_word' id='word_1_627' title='bbox 2039 4649 2184 4705; x_wconf 79' lang='lat' dir='ltr'><strong>Petri</strong></span> <span class='ocrx_word' id='word_1_628' title='bbox 2231 4646 2644 4718; x_wconf 76' lang='lat' dir='ltr'><strong>inﬁrmavit,et</strong></span> <span class='ocrx_word' id='word_1_629' title='bbox 2672 4646 2968 4718; x_wconf 89' lang='lat' dir='ltr'><strong>diaconum</strong></span> <span class='ocrx_word' id='word_1_630' title='bbox 3008 4663 3170 4701; x_wconf 87' lang='lat' dir='ltr'><strong>suum</strong></span> <span class='ocrx_word' id='word_1_631' title='bbox 3218 4649 3312 4716; x_wconf 87' lang='lat' dir='ltr'><strong>qui</strong></span> <span class='ocrx_word' id='word_1_632' title='bbox 3370 4651 3513 4718; x_wconf 86' lang='lat' dir='ltr'><strong>apud</strong></span> 
     </span>
    </p>
   </div>
   <div class='ocr_carea' id='block_1_99' title="bbox 231 4716 3516 4788">
    <p class='ocr_par' dir='ltr' id='par_1_99' title="bbox 231 4716 3516 4788">
     <span class='ocr_line' id='line_1_100' title="bbox 231 4716 3516 4788; baseline 0.002 -20"><span class='ocrx_word' id='word_1_633' title='bbox 231 4717 428 4788; x_wconf 82' lang='lat' dir='ltr'><strong>incesti</strong></span> <span class='ocrx_word' id='word_1_634' title='bbox 453 4728 771 4788; x_wconf 86' lang='lat' dir='ltr'><strong>accusatum</strong></span> <span class='ocrx_word' id='word_1_635' title='bbox 812 4718 880 4770; x_wconf 90' lang='lat' dir='ltr'><strong>ab</strong></span> <span class='ocrx_word' id='word_1_636' title='bbox 914 4719 1150 4788; x_wconf 82' lang='lat' dir='ltr'><strong>homine</strong></span> <span class='ocrx_word' id='word_1_637' title='bbox 1183 4717 1541 4788; x_wconf 9' lang='lat' dir='ltr'><strong>laicogcoram</strong></span> <span class='ocrx_word' id='word_1_638' title='bbox 1568 4717 1816 4770; x_wconf 65' lang='lat' dir='ltr'><strong>saeculari</strong></span> <span class='ocrx_word' id='word_1_639' title='bbox 1855 4734 1897 4788; x_wconf 76' lang='grc' dir='ltr'><strong>ο</strong></span> <span class='ocrx_word' id='word_1_640' title='bbox 1931 4718 2323 4787; x_wconf 85' lang='lat' dir='ltr'><strong>imperatorem</strong></span> <span class='ocrx_word' id='word_1_641' title='bbox 2355 4716 2679 4788; x_wconf 69' lang='lat' dir='ltr'><strong>Mauricium</strong></span> <span class='ocrx_word' id='word_1_642' title='bbox 2709 4717 3054 4788; x_wconf 87' lang='lat' dir='ltr'><strong>apocrisiarii</strong></span> <span class='ocrx_word' id='word_1_643' title='bbox 3087 4734 3290 4772; x_wconf 87' lang='lat' dir='ltr'><strong>munus</strong></span> <span class='ocrx_word' id='word_1_644' title='bbox 3318 4716 3516 4788; x_wconf 54' lang='lat' dir='ltr'><strong>imple.</strong></span> 
     </span>
    </p>
   </div>
   <div class='ocr_carea' id='block_1_100' title="bbox 221 4786 1818 4856">
    <p class='ocr_par' dir='ltr' id='par_1_100' title="bbox 221 4786 1818 4856">
     <span class='ocr_line' id='line_1_101' title="bbox 221 4786 1818 4856; baseline 0.001 -18"><span class='ocrx_word' id='word_1_645' title='bbox 221 4786 437 4855; x_wconf 84' lang='lat' dir='ltr'><strong>judice.</strong></span> <span class='ocrx_word' id='word_1_646' title='bbox 463 4787 530 4840; x_wconf 87' lang='lat' dir='ltr'><strong>ad</strong></span> <span class='ocrx_word' id='word_1_647' title='bbox 580 4788 968 4854; x_wconf 89' lang='lat' dir='ltr'><strong>imperatorem</strong></span> <span class='ocrx_word' id='word_1_648' title='bbox 996 4797 1054 4840; x_wconf 92' lang='lat' dir='ltr'><strong>et</strong></span> <span class='ocrx_word' id='word_1_649' title='bbox 1087 4786 1154 4840; x_wconf 90' lang='lat' dir='ltr'><strong>ad</strong></span> <span class='ocrx_word' id='word_1_650' title='bbox 1177 4786 1446 4856; x_wconf 77' lang='lat' dir='ltr'><strong>synodum</strong></span> <span class='ocrx_word' id='word_1_651' title='bbox 1467 4801 1818 4854; x_wconf 84' lang='lat' dir='ltr'><strong>provocasse.</strong></span> 
     </span>
    </p>
   </div>
   <div class='ocr_carea' id='block_1_101' title="bbox 229 4856 1822 4926">
    <p class='ocr_par' dir='ltr' id='par_1_101' title="bbox 229 4856 1822 4926">
     <span class='ocr_line' id='line_1_102' title="bbox 229 4856 1822 4926; baseline 0 -16"><span class='ocrx_word' id='word_1_652' title='bbox 229 4865 309 4926; x_wconf 72' lang='lat' dir='ltr'><strong>Ac</strong></span> <span class='ocrx_word' id='word_1_653' title='bbox 340 4856 407 4910; x_wconf 90' lang='lat' dir='ltr'><strong>de</strong></span> <span class='ocrx_word' id='word_1_654' title='bbox 453 4858 846 4926; x_wconf 84' lang='lat' dir='ltr'><strong>provocatione</strong></span> <span class='ocrx_word' id='word_1_655' title='bbox 878 4857 1103 4926; x_wconf 90' lang='lat' dir='ltr'><strong>quidem</strong></span> <span class='ocrx_word' id='word_1_656' title='bbox 1155 4860 1221 4908; x_wconf 88' lang='lat' dir='ltr'><strong>ad</strong></span> <span class='ocrx_word' id='word_1_657' title='bbox 1274 4857 1684 4926; x_wconf 83' lang='lat' dir='ltr'><strong>imperatorem,</strong></span> <span class='ocrx_word' id='word_1_658' title='bbox 1737 4857 1822 4910; x_wconf 85' lang='lat' dir='ltr'><strong>vi-</strong></span> 
     </span>
    </p>
   </div>
   <div class='ocr_carea' id='block_1_102' title="bbox 231 4925 1820 4996">
    <p class='ocr_par' dir='ltr' id='par_1_102' title="bbox 231 4925 1820 4996">
     <span class='ocr_line' id='line_1_103' title="bbox 231 4925 1820 4996; baseline 0.001 -19"><span class='ocrx_word' id='word_1_659' title='bbox 231 4925 410 4979; x_wconf 80' lang='lat' dir='ltr'><strong>denda</strong></span> <span class='ocrx_word' id='word_1_660' title='bbox 459 4928 806 4996; x_wconf 89' lang='lat' dir='ltr'><strong>estepistola</strong></span> <span class='ocrx_word' id='word_1_661' title='bbox 859 4925 1078 4982; x_wconf 89' lang='lat' dir='ltr'><strong>concilii</strong></span> <span class='ocrx_word' id='word_1_662' title='bbox 1127 4925 1360 4996; x_wconf 80' lang='lat' dir='ltr'><strong>Romani</strong></span> <span class='ocrx_word' id='word_1_663' title='bbox 1396 4925 1820 4996; x_wconf 32' lang='lat' dir='ltr'><strong>adAGratianum</strong></span> 
     </span>
    </p>
   </div>
   <div class='ocr_carea' id='block_1_103' title="bbox 230 4994 1818 5066">
    <p class='ocr_par' dir='ltr' id='par_1_103' title="bbox 230 4994 1818 5066">
     <span class='ocr_line' id='line_1_104' title="bbox 230 4994 1818 5066; baseline 0.003 -18"><span class='ocrx_word' id='word_1_664' title='bbox 230 4998 562 5064; x_wconf 72' lang='lat' dir='ltr'><strong>Augustum,</strong></span> <span class='ocrx_word' id='word_1_665' title='bbox 589 4994 750 5064; x_wconf 83' lang='lat' dir='ltr'><strong>quam</strong></span> <span class='ocrx_word' id='word_1_666' title='bbox 774 4997 988 5066; x_wconf 88' lang='lat' dir='ltr'><strong>primus</strong></span> <span class='ocrx_word' id='word_1_667' title='bbox 1007 4997 1183 5050; x_wconf 90' lang='lat' dir='ltr'><strong>edidit</strong></span> <span class='ocrx_word' id='word_1_668' title='bbox 1205 4995 1445 5049; x_wconf 89' lang='lat' dir='ltr'><strong>Jacobus</strong></span> <span class='ocrx_word' id='word_1_669' title='bbox 1466 4994 1818 5051; x_wconf 88' lang='lat' dir='ltr'><strong>Sirmundus.</strong></span> 
     </span>
    </p>
   </div>
   <div class='ocr_carea' id='block_1_104' title="bbox 230 5066 1824 5136">
    <p class='ocr_par' dir='ltr' id='par_1_104' title="bbox 230 5066 1824 5136">
     <span class='ocr_line' id='line_1_105' title="bbox 230 5066 1824 5136; baseline -0.003 -16"><span class='ocrx_word' id='word_1_670' title='bbox 230 5066 503 5136; x_wconf 60' lang='lat' dir='ltr'><strong>Przeterea</strong></span> <span class='ocrx_word' id='word_1_671' title='bbox 533 5067 941 5120; x_wconf 83' lang='lat' dir='ltr'><strong>observandqu</strong></span> <span class='ocrx_word' id='word_1_672' title='bbox 976 5066 1233 5135; x_wconf 88' lang='lat' dir='ltr'><strong>estquod</strong></span> <span class='ocrx_word' id='word_1_673' title='bbox 1268 5066 1340 5118; x_wconf 89' lang='lat' dir='ltr'><strong>ait</strong></span> <span class='ocrx_word' id='word_1_674' title='bbox 1371 5066 1658 5136; x_wconf 81' lang='lat' dir='ltr'><strong>Evagrius.</strong></span> <span class='ocrx_word' id='word_1_675' title='bbox 1691 5082 1824 5120; x_wconf 81' lang='lat' dir='ltr'><strong>cau-</strong></span> 
     </span>
    </p>
   </div>
   <div class='ocr_carea' id='block_1_105' title="bbox 229 5135 1825 5207">
    <p class='ocr_par' dir='ltr' id='par_1_105' title="bbox 229 5135 1825 5207">
     <span class='ocr_line' id='line_1_106' title="bbox 229 5135 1825 5207; baseline 0.003 -21"><span class='ocrx_word' id='word_1_676' title='bbox 229 5151 346 5187; x_wconf 88' lang='lat' dir='ltr'><strong>sam</strong></span> <span class='ocrx_word' id='word_1_677' title='bbox 391 5135 640 5204; x_wconf 84' lang='lat' dir='ltr'><strong>Gregorii</strong></span> <span class='ocrx_word' id='word_1_678' title='bbox 666 5137 1028 5207; x_wconf 87' lang='lat' dir='ltr'><strong>disccptatam</strong></span> <span class='ocrx_word' id='word_1_679' title='bbox 1064 5137 1235 5192; x_wconf 34' lang='lat' dir='ltr'><strong>fuisse.</strong></span> <span class='ocrx_word' id='word_1_680' title='bbox 1271 5136 1456 5189; x_wconf 81' lang='lat' dir='ltr'><strong>coram</strong></span> <span class='ocrx_word' id='word_1_681' title='bbox 1495 5138 1825 5206; x_wconf 80' lang='lat' dir='ltr'><strong>patriarcltis</strong></span> 
     </span>
    </p>
   </div>
   <div class='ocr_carea' id='block_1_106' title="bbox 231 5207 1817 5267">
    <p class='ocr_par' dir='ltr' id='par_1_106' title="bbox 231 5207 1817 5267">
     <span class='ocr_line' id='line_1_107' title="bbox 231 5207 1817 5267; baseline 0.003 -10"><span class='ocrx_word' id='word_1_682' title='bbox 231 5220 295 5258; x_wconf 91' lang='lat' dir='ltr'><strong>ac</strong></span> <span class='ocrx_word' id='word_1_683' title='bbox 338 5207 802 5267; x_wconf 65' lang='lat' dir='ltr'><strong>metropolitanis,</strong></span> <span class='ocrx_word' id='word_1_684' title='bbox 855 5217 906 5262; x_wconf 88' lang='lat' dir='ltr'><strong>et</strong></span> <span class='ocrx_word' id='word_1_685' title='bbox 952 5223 1138 5260; x_wconf 88' lang='lat' dir='ltr'><strong>coram</strong></span> <span class='ocrx_word' id='word_1_686' title='bbox 1194 5207 1570 5260; x_wconf 84' lang='lat' dir='ltr'><strong>senatoribus.</strong></span> <span class='ocrx_word' id='word_1_687' title='bbox 1620 5207 1710 5261; x_wconf 88' lang='lat' dir='ltr'><strong>Sic</strong></span> <span class='ocrx_word' id='word_1_688' title='bbox 1764 5211 1817 5262; x_wconf 89' lang='lat' dir='ltr'><strong>iu</strong></span> 
     </span>
    </p>
   </div>
   <div class='ocr_carea' id='block_1_107' title="bbox 232 5275 1821 5346">
    <p class='ocr_par' dir='ltr' id='par_1_107' title="bbox 232 5275 1821 5346">
     <span class='ocr_line' id='line_1_108' title="bbox 232 5275 1821 5346; baseline 0.003 -20"><span class='ocrx_word' id='word_1_689' title='bbox 232 5275 444 5346; x_wconf 63' lang='lat' dir='ltr'><strong>synodo</strong></span> <span class='ocrx_word' id='word_1_690' title='bbox 473 5275 913 5332; x_wconf 73' lang='lat' dir='ltr'><strong>Chalcedoneusi</strong></span> <span class='ocrx_word' id='word_1_691' title='bbox 948 5277 1226 5346; x_wconf 86' lang='lat' dir='ltr'><strong>episcopis</strong></span> <span class='ocrx_word' id='word_1_692' title='bbox 1258 5285 1314 5330; x_wconf 90' lang='lat' dir='ltr'><strong>et</strong></span> <span class='ocrx_word' id='word_1_693' title='bbox 1346 5279 1708 5330; x_wconf 72' lang='lat' dir='ltr'><strong>smcularibus</strong></span> <span class='ocrx_word' id='word_1_694' title='bbox 1731 5280 1821 5345; x_wconf 86' lang='lat' dir='ltr'><strong>ju-</strong></span> 
     </span>
    </p>
   </div>
   <div class='ocr_carea' id='block_1_108' title="bbox 231 5344 1819 5410">
    <p class='ocr_par' dir='ltr' id='par_1_108' title="bbox 231 5344 1819 5410">
     <span class='ocr_line' id='line_1_109' title="bbox 231 5344 1819 5410; baseline 0.003 -12"><span class='ocrx_word' id='word_1_695' title='bbox 231 5344 452 5398; x_wconf 74' lang='lat' dir='ltr'><strong>dicibus</strong></span> <span class='ocrx_word' id='word_1_696' title='bbox 513 5348 676 5400; x_wconf 90' lang='lat' dir='ltr'><strong>simul</strong></span> <span class='ocrx_word' id='word_1_697' title='bbox 746 5344 1256 5410; x_wconf 72' lang='lat' dir='ltr'><strong>Cottvcnictttibtts,</strong></span> <span class='ocrx_word' id='word_1_698' title='bbox 1337 5364 1502 5400; x_wconf 74' lang='lat' dir='ltr'><strong>causa</strong></span> <span class='ocrx_word' id='word_1_699' title='bbox 1570 5344 1819 5402; x_wconf 77' lang='lat' dir='ltr'><strong>Dioscuri</strong></span> 
     </span>
    </p>
   </div>
   <div class='ocr_carea' id='block_1_109' title="bbox 232 5415 1819 5488">
    <p class='ocr_par' dir='ltr' id='par_1_109' title="bbox 232 5415 1819 5488">
     <span class='ocr_line' id='line_1_110' title="bbox 232 5415 1819 5488; baseline 0.003 -21"><span class='ocrx_word' id='word_1_700' title='bbox 232 5415 592 5470; x_wconf 72' lang='lat' dir='ltr'><strong>Alexandrini</strong></span> <span class='ocrx_word' id='word_1_701' title='bbox 631 5419 878 5488; x_wconf 79' lang='lat' dir='ltr'><strong>episcopi</strong></span> <span class='ocrx_word' id='word_1_702' title='bbox 931 5419 1177 5472; x_wconf 52' lang='lat' dir='ltr'><strong>discussa</strong></span> <span class='ocrx_word' id='word_1_703' title='bbox 1229 5427 1284 5472; x_wconf 87' lang='lat' dir='ltr'><strong>et</strong></span> <span class='ocrx_word' id='word_1_704' title='bbox 1323 5418 1568 5486; x_wconf 85' lang='lat' dir='ltr'><strong>judicata</strong></span> <span class='ocrx_word' id='word_1_705' title='bbox 1601 5428 1708 5472; x_wconf 90' lang='lat' dir='ltr'><strong>est.</strong></span> <span class='ocrx_word' id='word_1_706' title='bbox 1761 5420 1819 5473; x_wconf 87' lang='lat' dir='ltr'><strong>lu</strong></span> 
     </span>
    </p>
   </div>
   <div class='ocr_carea' id='block_1_110' title="bbox 230 5489 1822 5560">
    <p class='ocr_par' dir='ltr' id='par_1_110' title="bbox 230 5489 1822 5560">
     <span class='ocr_line' id='line_1_111' title="bbox 230 5489 1822 5560; baseline 0.004 -23"><span class='ocrx_word' id='word_1_707' title='bbox 230 5501 339 5554; x_wconf 89' lang='lat' dir='ltr'><strong>qua</strong></span> <span class='ocrx_word' id='word_1_708' title='bbox 375 5489 585 5558; x_wconf 81' lang='lat' dir='ltr'><strong>synodo</strong></span> <span class='ocrx_word' id='word_1_709' title='bbox 630 5489 1014 5560; x_wconf 82' lang='lat' dir='ltr'><strong>gloriosissimi</strong></span> <span class='ocrx_word' id='word_1_710' title='bbox 1037 5489 1254 5560; x_wconf 89' lang='lat' dir='ltr'><strong>judiccs</strong></span> <span class='ocrx_word' id='word_1_711' title='bbox 1281 5499 1336 5541; x_wconf 90' lang='lat' dir='ltr'><strong>et</strong></span> <span class='ocrx_word' id='word_1_712' title='bbox 1361 5500 1647 5542; x_wconf 84' lang='lat' dir='ltr'><strong>senatores</strong></span> <span class='ocrx_word' id='word_1_713' title='bbox 1694 5505 1822 5560; x_wconf 80' lang='lat' dir='ltr'><strong>per-</strong></span> 
     </span>
    </p>
   </div>
   <div class='ocr_carea' id='block_1_111' title="bbox 1931 4786 3519 4857">
    <p class='ocr_par' dir='ltr' id='par_1_111' title="bbox 1931 4786 3519 4857">
     <span class='ocr_line' id='line_1_112' title="bbox 1931 4786 3519 4857; baseline 0.002 -17"><span class='ocrx_word' id='word_1_714' title='bbox 1931 4786 2046 4849; x_wconf 86' lang='lat' dir='ltr'><strong>bat,</strong></span> <span class='ocrx_word' id='word_1_715' title='bbox 2087 4804 2213 4842; x_wconf 88' lang='lat' dir='ltr'><strong>cum</strong></span> <span class='ocrx_word' id='word_1_716' title='bbox 2263 4787 2459 4857; x_wconf 87' lang='lat' dir='ltr'><strong>eodem</strong></span> <span class='ocrx_word' id='word_1_717' title='bbox 2512 4786 2724 4840; x_wconf 81' lang='lat' dir='ltr'><strong>Joanne</strong></span> <span class='ocrx_word' id='word_1_718' title='bbox 2771 4787 2968 4840; x_wconf 87' lang='lat' dir='ltr'><strong>missas</strong></span> <span class='ocrx_word' id='word_1_719' title='bbox 3010 4789 3294 4841; x_wconf 86' lang='lat' dir='ltr'><strong>celebrare</strong></span> <span class='ocrx_word' id='word_1_720' title='bbox 3328 4786 3519 4857; x_wconf 62' lang='lat' dir='ltr'><strong>plebi.</strong></span> 
     </span>
    </p>
   </div>
   <div class='ocr_carea' id='block_1_112' title="bbox 1928 4856 3516 4927">
    <p class='ocr_par' dir='ltr' id='par_1_112' title="bbox 1928 4856 3516 4927">
     <span class='ocr_line' id='line_1_113' title="bbox 1928 4856 3516 4927; baseline 0.004 -17"><span class='ocrx_word' id='word_1_721' title='bbox 1928 4857 2070 4922; x_wconf 85' lang='lat' dir='ltr'><strong>buit,</strong></span> <span class='ocrx_word' id='word_1_722' title='bbox 2105 4870 2165 4912; x_wconf 91' lang='lat' dir='ltr'><strong>ut</strong></span> <span class='ocrx_word' id='word_1_723' title='bbox 2190 4856 2672 4927; x_wconf 87' lang='lat' dir='ltr'><strong>docetGregorius</strong></span> <span class='ocrx_word' id='word_1_724' title='bbox 2699 4872 2836 4926; x_wconf 84' lang='lat' dir='ltr'><strong>papa</strong></span> <span class='ocrx_word' id='word_1_725' title='bbox 2867 4858 2919 4909; x_wconf 90' lang='lat' dir='ltr'><strong>in</strong></span> <span class='ocrx_word' id='word_1_726' title='bbox 2947 4858 3221 4925; x_wconf 83' lang='lat' dir='ltr'><strong>epistolis.</strong></span> <span class='ocrx_word' id='word_1_727' title='bbox 3270 4856 3516 4927; x_wconf 80' lang='lat' dir='ltr'><strong>Epistola</strong></span> 
     </span>
    </p>
   </div>
   <div class='ocr_carea' id='block_1_113' title="bbox 1927 4927 3516 4998">
    <p class='ocr_par' dir='ltr' id='par_1_113' title="bbox 1927 4927 3516 4998">
     <span class='ocr_line' id='line_1_114' title="bbox 1927 4927 3516 4998; baseline 0.003 -18"><span class='ocrx_word' id='word_1_728' title='bbox 1927 4928 2150 4998; x_wconf 88' lang='lat' dir='ltr'><strong>quidem</strong></span> <span class='ocrx_word' id='word_1_729' title='bbox 2187 4928 2390 4998; x_wconf 83' lang='lat' dir='ltr'><strong>Pelagii</strong></span> <span class='ocrx_word' id='word_1_730' title='bbox 2426 4929 2492 4981; x_wconf 89' lang='lat' dir='ltr'><strong>ad</strong></span> <span class='ocrx_word' id='word_1_731' title='bbox 2527 4927 2794 4981; x_wconf 80' lang='lat' dir='ltr'><strong>Joannem</strong></span> <span class='ocrx_word' id='word_1_732' title='bbox 2829 4927 3256 4996; x_wconf 85' lang='lat' dir='ltr'><strong>Gonstantinop.</strong></span> <span class='ocrx_word' id='word_1_733' title='bbox 3313 4931 3414 4983; x_wconf 85' lang='lat' dir='ltr'><strong>hac</strong></span> <span class='ocrx_word' id='word_1_734' title='bbox 3449 4931 3516 4985; x_wconf 83' lang='lat' dir='ltr'><strong>de</strong></span> 
     </span>
    </p>
   </div>
   <div class='ocr_carea' id='block_1_114' title="bbox 1928 4999 3518 5068">
    <p class='ocr_par' dir='ltr' id='par_1_114' title="bbox 1928 4999 3518 5068">
     <span class='ocr_line' id='line_1_115' title="bbox 1928 4999 3518 5068; baseline 0.001 -17"><span class='ocrx_word' id='word_1_735' title='bbox 1928 5015 1988 5052; x_wconf 89' lang='lat' dir='ltr'><strong>re</strong></span> <span class='ocrx_word' id='word_1_736' title='bbox 2008 5001 2237 5068; x_wconf 87' lang='lat' dir='ltr'><strong>scripta.</strong></span> <span class='ocrx_word' id='word_1_737' title='bbox 2266 4999 2429 5052; x_wconf 88' lang='lat' dir='ltr'><strong>hodie</strong></span> <span class='ocrx_word' id='word_1_738' title='bbox 2453 5013 2564 5050; x_wconf 92' lang='lat' dir='ltr'><strong>nou</strong></span> <span class='ocrx_word' id='word_1_739' title='bbox 2591 5007 2788 5050; x_wconf 74' lang='lat' dir='ltr'><strong>exstat.</strong></span> <span class='ocrx_word' id='word_1_740' title='bbox 2825 4999 3012 5050; x_wconf 78' lang='lat' dir='ltr'><strong>Exstat</strong></span> <span class='ocrx_word' id='word_1_741' title='bbox 3041 5007 3253 5051; x_wconf 88' lang='lat' dir='ltr'><strong>tantum</strong></span> <span class='ocrx_word' id='word_1_742' title='bbox 3285 5001 3518 5068; x_wconf 80' lang='lat' dir='ltr'><strong>epistola</strong></span> 
     </span>
    </p>
   </div>
   <div class='ocr_carea' id='block_1_115' title="bbox 1925 5068 3516 5138">
    <p class='ocr_par' dir='ltr' id='par_1_115' title="bbox 1925 5068 3516 5138">
     <span class='ocr_line' id='line_1_116' title="bbox 1925 5068 3516 5138; baseline 0.001 -16"><span class='ocrx_word' id='word_1_743' title='bbox 1925 5069 2174 5137; x_wconf 86' lang='lat' dir='ltr'><strong>ejusdem</strong></span> <span class='ocrx_word' id='word_1_744' title='bbox 2217 5069 2426 5138; x_wconf 87' lang='lat' dir='ltr'><strong>Pelagii</strong></span> <span class='ocrx_word' id='word_1_745' title='bbox 2467 5069 2532 5121; x_wconf 88' lang='lat' dir='ltr'><strong>ad</strong></span> <span class='ocrx_word' id='word_1_746' title='bbox 2579 5068 2869 5122; x_wconf 83' lang='lat' dir='ltr'><strong>universos</strong></span> <span class='ocrx_word' id='word_1_747' title='bbox 2911 5068 3158 5121; x_wconf 88' lang='lat' dir='ltr'><strong>Orientis</strong></span> <span class='ocrx_word' id='word_1_748' title='bbox 3206 5072 3516 5138; x_wconf 71' lang='lat' dir='ltr'><strong>episcopos,</strong></span> 
     </span>
    </p>
   </div>
   <div class='ocr_carea' id='block_1_116' title="bbox 1927 5137 3520 5208">
    <p class='ocr_par' dir='ltr' id='par_1_116' title="bbox 1927 5137 3520 5208">
     <span class='ocr_line' id='line_1_117' title="bbox 1927 5137 3520 5208; baseline 0.004 -20"><span class='ocrx_word' id='word_1_749' title='bbox 1927 5155 2090 5207; x_wconf 87' lang='lat' dir='ltr'><strong>quam</strong></span> <span class='ocrx_word' id='word_1_750' title='bbox 2125 5139 2412 5200; x_wconf 86' lang='lat' dir='ltr'><strong>Baronius,</strong></span> <span class='ocrx_word' id='word_1_751' title='bbox 2441 5139 2505 5191; x_wconf 91' lang='lat' dir='ltr'><strong>ad</strong></span> <span class='ocrx_word' id='word_1_752' title='bbox 2561 5153 2766 5191; x_wconf 88' lang='lat' dir='ltr'><strong>annum</strong></span> <span class='ocrx_word' id='word_1_753' title='bbox 2801 5138 3004 5192; x_wconf 86' lang='lat' dir='ltr'><strong>Christi</strong></span> <span class='ocrx_word' id='word_1_754' title='bbox 3051 5137 3176 5200; x_wconf 75' lang='lat'><strong>587,</strong></span> <span class='ocrx_word' id='word_1_755' title='bbox 3227 5137 3520 5208; x_wconf 79' lang='lat' dir='ltr'><strong>perperam</strong></span> 
     </span>
    </p>
   </div>
   <div class='ocr_carea' id='block_1_117' title="bbox 1923 5209 3517 5278">
    <p class='ocr_par' dir='ltr' id='par_1_117' title="bbox 1923 5209 3517 5278">
     <span class='ocr_line' id='line_1_118' title="bbox 1923 5209 3517 5278; baseline -0.001 -16"><span class='ocrx_word' id='word_1_756' title='bbox 1923 5210 2137 5278; x_wconf 87' lang='lat' dir='ltr'><strong>accepit</strong></span> <span class='ocrx_word' id='word_1_757' title='bbox 2190 5227 2288 5278; x_wconf 89' lang='lat' dir='ltr'><strong>pro</strong></span> <span class='ocrx_word' id='word_1_758' title='bbox 2324 5210 2554 5277; x_wconf 84' lang='lat' dir='ltr'><strong>epistola</strong></span> <span class='ocrx_word' id='word_1_759' title='bbox 2582 5209 2670 5261; x_wconf 85' lang='lat' dir='ltr'><strong>illa</strong></span> <span class='ocrx_word' id='word_1_760' title='bbox 2705 5209 2905 5276; x_wconf 81' lang='lat' dir='ltr'><strong>Pelagii</strong></span> <span class='ocrx_word' id='word_1_761' title='bbox 2942 5225 3094 5277; x_wconf 68' lang='lat' dir='ltr'><strong>papte</strong></span> <span class='ocrx_word' id='word_1_762' title='bbox 3133 5211 3196 5261; x_wconf 81' lang='lat' dir='ltr'><strong>ad</strong></span> <span class='ocrx_word' id='word_1_763' title='bbox 3223 5212 3517 5274; x_wconf 82' lang='lat' dir='ltr'><strong>Joannem,</strong></span> 
     </span>
    </p>
   </div>
   <div class='ocr_carea' id='block_1_118' title="bbox 1925 5279 3523 5348">
    <p class='ocr_par' dir='ltr' id='par_1_118' title="bbox 1925 5279 3523 5348">
     <span class='ocr_line' id='line_1_119' title="bbox 1925 5279 3523 5348; baseline 0.003 -17"><span class='ocrx_word' id='word_1_764' title='bbox 1925 5281 2088 5346; x_wconf 76' lang='lat' dir='ltr'><strong>cujus</strong></span> <span class='ocrx_word' id='word_1_765' title='bbox 2115 5281 2398 5348; x_wconf 72' lang='lat' dir='ltr'><strong>C.\t_,‘tttpiar</strong></span> <span class='ocrx_word' id='word_1_766' title='bbox 2451 5279 2752 5347; x_wconf 78' lang='lat' dir='ltr'><strong>Gregorius</strong></span> <span class='ocrx_word' id='word_1_767' title='bbox 2783 5280 3013 5348; x_wconf 70' lang='lat' dir='ltr'><strong>Magnus</strong></span> <span class='ocrx_word' id='word_1_768' title='bbox 3044 5281 3264 5336; x_wconf 87' lang='lat' dir='ltr'><strong>misisse</strong></span> <span class='ocrx_word' id='word_1_769' title='bbox 3289 5297 3348 5334; x_wconf 91' lang='lat' dir='ltr'><strong>se</strong></span> <span class='ocrx_word' id='word_1_770' title='bbox 3381 5281 3523 5335; x_wconf 88' lang='lat' dir='ltr'><strong>dicit</strong></span> 
     </span>
    </p>
   </div>
   <div class='ocr_carea' id='block_1_119' title="bbox 1924 5350 3198 5418">
    <p class='ocr_par' dir='ltr' id='par_1_119' title="bbox 1924 5350 3198 5418">
     <span class='ocr_line' id='line_1_120' title="bbox 1924 5350 3198 5418; baseline -0.001 -15"><span class='ocrx_word' id='word_1_771' title='bbox 1924 5351 1992 5404; x_wconf 87' lang='lat' dir='ltr'><strong>ad</strong></span> <span class='ocrx_word' id='word_1_772' title='bbox 2041 5351 2330 5418; x_wconf 76' lang='lat' dir='ltr'><strong>Eulogium</strong></span> <span class='ocrx_word' id='word_1_773' title='bbox 2373 5350 2810 5403; x_wconf 69' lang='lat' dir='ltr'><strong>Alexandrinum</strong></span> <span class='ocrx_word' id='word_1_774' title='bbox 2853 5352 3198 5418; x_wconf 84' lang='lat' dir='ltr'><strong>episcopum.</strong></span> 
     </span>
    </p>
   </div>
   <div class='ocr_carea' id='block_1_120' title="bbox 2000 5420 3525 5488">
    <p class='ocr_par' dir='ltr' id='par_1_120' title="bbox 2000 5420 3525 5488">
     <span class='ocr_line' id='line_1_121' title="bbox 2000 5420 3525 5488; baseline -0.001 -14"><span class='ocrx_word' id='word_1_775' title='bbox 2000 5422 2110 5488; x_wconf 69' lang='lat'><strong>(2|)</strong></span> <span class='ocrx_word' id='word_1_776' title='bbox 2158 5425 2331 5484; x_wconf 77' lang='grc' dir='ltr'>Ἐτος</span> <span class='ocrx_word' id='word_1_777' title='bbox 2378 5421 2636 5488; x_wconf 68' lang='grc' dir='ltr'><strong>ἕϐδομον</strong></span> <span class='ocrx_word' id='word_1_778' title='bbox 2677 5420 2775 5473; x_wconf 73' lang='grc' dir='ltr'><strong>καὶ</strong></span> <span class='ocrx_word' id='word_1_779' title='bbox 2836 5424 3196 5486; x_wconf 67' lang='lat' dir='ltr'><strong>quam.an</strong></span> <span class='ocrx_word' id='word_1_780' title='bbox 3261 5422 3359 5473; x_wconf 78' lang='grc' dir='ltr'>καὶ</span> <span class='ocrx_word' id='word_1_781' title='bbox 3429 5421 3525 5484; x_wconf 59' lang='grc' dir='ltr'><strong>ἐξα</strong></span> 
     </span>
    </p>
   </div>
   <div class='ocr_carea' id='block_1_121' title="bbox 1931 5491 3522 5548">
    <p class='ocr_par' dir='ltr' id='par_1_121' title="bbox 1931 5491 3522 5548">
     <span class='ocr_line' id='line_1_122' title="bbox 1931 5491 3522 5548; baseline 0.003 -4"><span class='ocrx_word' id='word_1_782' title='bbox 1931 5494 2323 5544; x_wconf 63' lang='grc' dir='ltr'>ακιυσιεστόν.</span> <span class='ocrx_word' id='word_1_783' title='bbox 2346 5491 2444 5545; x_wconf 70' lang='lat' dir='ltr'><strong>llic</strong></span> <span class='ocrx_word' id='word_1_784' title='bbox 2469 5501 2591 5545; x_wconf 85' lang='lat' dir='ltr'><strong>erat</strong></span> <span class='ocrx_word' id='word_1_785' title='bbox 2611 5508 2793 5544; x_wconf 78' lang='lat' dir='ltr'><strong>annus</strong></span> <span class='ocrx_word' id='word_1_786' title='bbox 2819 5493 3024 5545; x_wconf 73' lang='lat' dir='ltr'><strong>Christi</strong></span> <span class='ocrx_word' id='word_1_787' title='bbox 3046 5492 3170 5545; x_wconf 72' lang='lat'><strong>589.</strong></span> <span class='ocrx_word' id='word_1_788' title='bbox 3202 5492 3342 5548; x_wconf 84' lang='lat' dir='ltr'><strong>Anni</strong></span> <span class='ocrx_word' id='word_1_789' title='bbox 3373 5507 3522 5548; x_wconf 81' lang='lat' dir='ltr'><strong>enim</strong></span> 
     </span>
    </p>
   </div>
   <div class='ocr_carea' id='block_1_122' title="bbox 1702 5611 2092 5667">
    <p class='ocr_par' dir='ltr' id='par_1_122' title="bbox 1702 5611 2092 5667">
     <span class='ocr_line' id='line_1_123' title="bbox 1702 5611 2092 5667; baseline 0.005 -3"><span class='ocrx_word' id='word_1_790' title='bbox 1702 5611 2092 5667; x_wconf 73' lang='lat' dir='ltr'><strong>VAthlUM.</strong></span> 
     </span>
    </p>
   </div>
   <div class='ocr_carea' id='block_1_123' title="bbox 307 5699 1815 5774">
    <p class='ocr_par' dir='ltr' id='par_1_123' title="bbox 307 5699 1815 5774">
     <span class='ocr_line' id='line_1_124' title="bbox 307 5699 1815 5774; baseline -0.001 -14"><span class='ocrx_word' id='word_1_791' title='bbox 307 5699 590 5774; x_wconf 64' lang='grc' dir='ltr'>ω’·ᾟτος</span> <span class='ocrx_word' id='word_1_792' title='bbox 619 5701 894 5774; x_wconf 64' lang='grc' dir='ltr'><strong>ἕϐδομον,</strong></span> <span class='ocrx_word' id='word_1_793' title='bbox 935 5710 1044 5756; x_wconf 85' lang='lat' dir='ltr'><strong>etc.</strong></span> <span class='ocrx_word' id='word_1_794' title='bbox 1087 5703 1355 5773; x_wconf 84' lang='lat' dir='ltr'><strong>Evagrius</strong></span> <span class='ocrx_word' id='word_1_795' title='bbox 1381 5703 1573 5774; x_wconf 89' lang='lat' dir='ltr'><strong>incipit</strong></span> <span class='ocrx_word' id='word_1_796' title='bbox 1608 5720 1815 5759; x_wconf 90' lang='lat' dir='ltr'><strong>annum</strong></span> 
     </span>
    </p>
   </div>
   <div class='ocr_carea' id='block_1_124' title="bbox 235 5771 1815 5844">
    <p class='ocr_par' dir='ltr' id='par_1_124' title="bbox 235 5771 1815 5844">
     <span class='ocr_line' id='line_1_125' title="bbox 235 5771 1815 5844; baseline 0.006 -24"><span class='ocrx_word' id='word_1_797' title='bbox 235 5771 650 5844; x_wconf 65' lang='lat' dir='ltr'><strong>Antioeltcnum</strong></span> <span class='ocrx_word' id='word_1_798' title='bbox 699 5788 727 5824; x_wconf 87' lang='lat' dir='ltr'><strong>a</strong></span> <span class='ocrx_word' id='word_1_799' title='bbox 777 5772 1034 5826; x_wconf 77' lang='lat' dir='ltr'><strong>Kalendis</strong></span> <span class='ocrx_word' id='word_1_800' title='bbox 1077 5771 1442 5840; x_wconf 68' lang='lat' dir='ltr'><strong>Si-ptetubris,</strong></span> <span class='ocrx_word' id='word_1_801' title='bbox 1477 5771 1714 5844; x_wconf 79' lang='lat' dir='ltr'><strong>ideoque</strong></span> <span class='ocrx_word' id='word_1_802' title='bbox 1763 5777 1815 5830; x_wconf 92' lang='lat' dir='ltr'><strong>in</strong></span> 
     </span>
    </p>
   </div>
   <div class='ocr_carea' id='block_1_125' title="bbox 233 5843 1816 5911">
    <p class='ocr_par' dir='ltr' id='par_1_125' title="bbox 233 5843 1816 5911">
     <span class='ocr_line' id='line_1_126' title="bbox 233 5843 1816 5911; baseline 0.004 -15"><span class='ocrx_word' id='word_1_803' title='bbox 233 5843 355 5911; x_wconf 83' lang='lat' dir='ltr'><strong>ejus</strong></span> <span class='ocrx_word' id='word_1_804' title='bbox 411 5843 688 5896; x_wconf 85' lang='lat' dir='ltr'><strong>sententia</strong></span> <span class='ocrx_word' id='word_1_805' title='bbox 727 5857 905 5897; x_wconf 85' lang='lat' dir='ltr'><strong>annus</strong></span> <span class='ocrx_word' id='word_1_806' title='bbox 953 5844 1334 5900; x_wconf 79' lang='lat' dir='ltr'><strong>Antiochenus</strong></span> <span class='ocrx_word' id='word_1_807' title='bbox 1393 5846 1494 5899; x_wconf 75' lang='lat'><strong>657</strong></span> <span class='ocrx_word' id='word_1_808' title='bbox 1554 5843 1816 5904; x_wconf 67' lang='lat' dir='ltr'><strong>[intendis</strong></span> 
     </span>
    </p>
   </div>
   <div class='ocr_carea' id='block_1_126' title="bbox 1929 5703 3528 5774">
    <p class='ocr_par' dir='ltr' id='par_1_126' title="bbox 1929 5703 3528 5774">
     <span class='ocr_line' id='line_1_127' title="bbox 1929 5703 3528 5774; baseline -0.004 -15"><span class='ocrx_word' id='word_1_809' title='bbox 1929 5705 2210 5774; x_wconf 83' lang='lat' dir='ltr'><strong>Septemb.</strong></span> <span class='ocrx_word' id='word_1_810' title='bbox 2246 5706 2374 5758; x_wconf 84' lang='lat' dir='ltr'><strong>anni</strong></span> <span class='ocrx_word' id='word_1_811' title='bbox 2400 5704 2606 5760; x_wconf 83' lang='lat' dir='ltr'><strong>Christi</strong></span> <span class='ocrx_word' id='word_1_812' title='bbox 2632 5704 2736 5758; x_wconf 64' lang='lat'><strong>588</strong></span> <span class='ocrx_word' id='word_1_813' title='bbox 2769 5705 2987 5758; x_wconf 87' lang='lat' dir='ltr'><strong>initium</strong></span> <span class='ocrx_word' id='word_1_814' title='bbox 3025 5703 3299 5774; x_wconf 84' lang='lat' dir='ltr'><strong>sumpsit;</strong></span> <span class='ocrx_word' id='word_1_815' title='bbox 3326 5710 3381 5754; x_wconf 84' lang='lat' dir='ltr'><strong>et</strong></span> <span class='ocrx_word' id='word_1_816' title='bbox 3417 5710 3528 5753; x_wconf 71' lang='lat' dir='ltr'><strong>ter-</strong></span> 
     </span>
    </p>
   </div>
   <div class='ocr_carea' id='block_1_127' title="bbox 1929 5774 3522 5846">
    <p class='ocr_par' dir='ltr' id='par_1_127' title="bbox 1929 5774 3522 5846">
     <span class='ocr_line' id='line_1_128' title="bbox 1929 5774 3522 5846; baseline -0.004 -17"><span class='ocrx_word' id='word_1_817' title='bbox 1929 5787 2194 5829; x_wconf 73' lang='lat' dir='ltr'><strong>rzemotus</strong></span> <span class='ocrx_word' id='word_1_818' title='bbox 2245 5777 2311 5829; x_wconf 89' lang='lat' dir='ltr'><strong>de.</strong></span> <span class='ocrx_word' id='word_1_819' title='bbox 2356 5793 2467 5846; x_wconf 84' lang='lat' dir='ltr'><strong>quo</strong></span> <span class='ocrx_word' id='word_1_820' title='bbox 2517 5777 2764 5843; x_wconf 74' lang='lat' dir='ltr'><strong>loquitur</strong></span> <span class='ocrx_word' id='word_1_821' title='bbox 2822 5777 3109 5846; x_wconf 75' lang='lat' dir='ltr'><strong>Evagrius,</strong></span> <span class='ocrx_word' id='word_1_822' title='bbox 3169 5775 3361 5826; x_wconf 87' lang='lat' dir='ltr'><strong>ultima</strong></span> <span class='ocrx_word' id='word_1_823' title='bbox 3427 5774 3522 5824; x_wconf 62' lang='lat' dir='ltr'><strong>die.</strong></span> 
     </span>
    </p>
   </div>
   <div class='ocr_carea' id='block_1_128' title="bbox 1929 5846 3525 5916">
    <p class='ocr_par' dir='ltr' id='par_1_128' title="bbox 1929 5846 3525 5916">
     <span class='ocr_line' id='line_1_129' title="bbox 1929 5846 3525 5916; baseline -0.004 -15"><span class='ocrx_word' id='word_1_824' title='bbox 1929 5850 2138 5901; x_wconf 57' lang='lat' dir='ltr'><strong>mensis</strong></span> <span class='ocrx_word' id='word_1_825' title='bbox 2167 5846 2427 5903; x_wconf 66' lang='lat' dir='ltr'><strong>Octobris</strong></span> <span class='ocrx_word' id='word_1_826' title='bbox 2461 5847 2814 5901; x_wconf 52' lang='lat' dir='ltr'><strong>Antiochiam</strong></span> <span class='ocrx_word' id='word_1_827' title='bbox 2851 5848 3151 5901; x_wconf 61' lang='lat' dir='ltr'><strong>concussit.</strong></span> <span class='ocrx_word' id='word_1_828' title='bbox 3185 5846 3362 5909; x_wconf 80' lang='lat' dir='ltr'><strong>Quare</strong></span> <span class='ocrx_word' id='word_1_829' title='bbox 3397 5859 3525 5916; x_wconf 65' lang='lat' dir='ltr'><strong>syn-</strong></span> 
     </span>
    </p>
   </div>
  </div>
