4118 6470
600 386 738 450 2887

1913 374 2235 436 llEXRICl
2279 374 2578 435 VALESII

3760 376 3903 442 9858

603 510 704 555 est.
744 498 1018 553 Reversus
1046 495 1313 565 posthaec
1342 493 1691 565 Antiochiam
1726 490 2194 565 .‘llartvriusarnm
2230 494 2266 547 Α
2302 489 2409 565 Sed
2436 505 2585 565 _enm
2634 489 2899 565 A_pameni
2940 492 3209 565 Joannem
3246 491 3569 560 episcopum
3605 492 3903 565 εδιιῃιῑιιιιτο

606 569 907 623 seditiones
945 582 1007 621 ac
1042 561 1277 621 dissidia
1328 564 1578 634 quotidie
1614 562 1801 634 augeri
1846 561 2194 634 animadver-

609 648 779 700 teret,
828 645 882 691 et
917 636 1195 691 Zenonem
1222 632 1545 706 magistrum
1571 632 1803 706 militiae.
1840 632 2193 706 spreta_Le_o-

608 710 694 763 nis
717 708 1117 762 constitutione
1150 749 1164 765 .
1202 701 1417 761 Fulloni
1452 706 1653 765 favere,
1686 704 1738 756 in
1766 701 1987 771 publico
2010 702 2196 758 Eccle-

606 781 702 833 sia:
758 788 1033 833 conventu
1095 779 1272 846 palam
1328 776 1649 846 episcopatu
1685 788 1828 846 sese
1882 773 2194 846 abdicavit,

612 858 824 903 retenta
870 842 1237 902 nihilominus
1280 842 1387 899 sibi
1420 842 1718 899 sacerdotii
1750 842 2040 912 dignitate.
2078 843 2199 909 Quo

609 920 776 978 facto.
798 920 996 973 Petrus
1022 919 1180 971 Fullo
1207 919 1262 971 in
1290 914 1691 970 Antiochenam
1719 915 1910 968 sedem
1937 923 2197 982 tanquam

610 1006 840 1044 vacuam
879 989 1112 1041 insiluit.
1163 987 1294 1053 Qn:e
1324 1004 1453 1042 cum
1486 984 1810 1040 Gennadius
1838 985 2201 1051 comperisset

609 1059 708 1114 CP.
746 1060 1081 1127 episcopus,
1142 1068 1340 1113 cuneta
1396 1057 1564 1110 Leoni
1604 1055 1852 1125 Augusto
1900 1055 2198 1127 nuntiavit.

612 1124 916 1198 Imperator
942 1124 1100 1193 vero,
1135 1128 1223 1182 his
1250 1130 1418 1182 rebus
1443 1124 2067 1198 commotus.synodum
2091 1126 2205 1195 cpi-

611 1196 904 1268 scoporum
941 1199 1248 1254 Antiochia:
1284 1198 1402 1252 ﬁeri
1434 1197 1729 1267 prtecepit,
1776 1196 1828 1268 in
1863 1210 1969 1268 qua
2007 1196 2204 1268 Petrus

615 1265 771 1323 Fullo
804 1270 1094 1338 depositus
1124 1278 1207 1323 est
1238 1284 1302 1322 ac
1333 1265 1629 1338 damnatus
1649 1308 1662 1331 ,
1696 1266 1841 1338 etin
1872 1265 1992 1332 ejus
2019 1266 2201 1338 locum

612 1335 906 1394 ordinatus
938 1348 1024 1393 est
1055 1340 1331 1398 Julianus,
1364 1348 1425 1391 ut
1454 1337 1709 1390 scribunt
1740 1337 2069 1390 Theodorus
2096 1335 2201 1389 Lc-

612 1418 733 1463 ctor
768 1420 825 1465 et
860 1410 1249 1477 Theophanes.
1288 1409 1460 1462 Porro
1498 1408 1804 1477 imperator
1834 1406 1943 1459 Leo
1976 1406 2203 1477 Petrum

616 1480 940 1543 Fulloncm,
996 1475 1246 1550 synodali
1299 1476 1581 1550 sententia
1631 1475 2203 1550 damnatmn,0as_im

614 1550 669 1602 in
712 1550 975 1604 exsilium
1027 1546 1310 1617 deportari
1352 1548 1554 1617 jussit,
1597 1557 1658 1600 ut
1698 1556 1935 1617 testatur
1965 1546 2205 1601 Aeacius

612 1616 1261 1689 Constantinopolitanus
1318 1616 1614 1689 episcopus
1695 1617 1748 1689 in
1787 1687 1797 1689 _
1838 1616 2083 1689 epistola
2136 1616 2204 1689 ad

616 1690 961 1758 Simplicium
982 1686 1211 1759 ’papam,
1238 1686 1363 1757 qua:
1389 1688 1629 1742 refertur
1654 1703 1681 1740 a
1705 1686 1923 1759 Gelasio
1946 1687 1999 1740 in
2040 1686 2206 1742 Gestis

607 1760 680 1812 de
733 1757 942 1813 nomine
983 1757 1181 1815 Acacii.
1267 1759 1442 1828 Hujus
1491 1759 1737 1827 epistola:
1806 1757 1977 1828 verba
2024 1772 2207 1828 opera:

2302 560 2629 621 noluissent,
2659 560 2919 617 Joannes.
2948 562 3294 613 Antiochiam
3324 577 3605 623 reversus,
3632 563 3903 617 adversus

2300 636 2521 687 Petrum
2583 640 2867 690 auctorem
2921 631 3276 699 episcopatus
3315 631 3399 684 sui
3453 632 3777 687 insurrexit.
3838 634 3902 686 Et

2297 704 2528 757 collecta
2563 701 2955 770 episc0porum
2994 701 3357 755 Orientalium
3394 703 3641 768 synodo,
3678 704 3901 757 Petrum

2296 790 2327 827 e
2358 774 2487 826 sede
2517 787 2615 825 sua
2645 770 2984 825 deturbavit.
3023 771 3141 839 Ipse
3177 771 3229 824 in
3274 773 3395 841 ejus
3422 776 3606 825 locum
3634 773 3904 827 suffectus

2302 846 2467 899 trium
2518 842 2745 896 circiter
2794 842 3064 895 mensium
3110 841 3289 910 spatio
3334 842 3719 909 episcopatum
3750 844 3901 897 obti-

2300 916 2442 975 nuit,
2461 926 2517 967 ut
2542 911 3085 983 tr:ulitTheophanes
3108 913 3161 964 in
3196 910 3469 967 Chronico.
3508 912 3722 967 Joanne
3738 914 3905 983 igitur

2342 997 2427 1041 ost
2456 986 2737 1038 triniiéstre
2761 982 3001 1050 spatium
3030 982 3305 1051 deposito,
3342 984 3622 1037 communi
3653 982 3902 1039 orienta-

2326 1060 2437 1112 ium
2485 1056 2874 1124 episcoporum
2923 1052 3564 1124 snﬂragio__Stephanus
3606 1058 3904 1124 episcopus

2303 1122 2612 1183 Antiochia:
2656 1123 2947 1175 ordinatur
2994 1140 3141 1176 anno
3173 1122 3381 1177 Christi
3425 1125 3550 1178 578.
3610 1125 3718 1190 Qui
3775 1122 3900 1179 mox

2306 1196 2594 1267 synodicas
2618 1194 2831 1267 litteras
2855 1194 2921 1247 ad
2946 1194 3204 1267 Acacium
3223 1191 3899 1267 Constantinopolitanum

2305 1264 2627 1336 e‘piscOpum
2661 1264 3080 1336 misil._qnibus
3115 1264 3163 1336 ei
3195 1273 3251 1317 et
3278 1264 3691 1336 ordinationem
3719 1282 3899 1327 suam,

2306 1333 2362 1393 et
2391 1333 2801 1390 damnationem
2840 1334 2986 1387 Petri
3020 1350 3083 1387 ac
3112 1333 3341 1404 Joannis
3365 1335 3699 1389 Antiocheni
3735 1336 3905 1404 signi-

2311 1407 2529 1461 ﬁcabat.
2568 1406 2666 1460 His
2693 1404 2897 1458 litteris
2925 1404 3171 1471 acceptis
3195 1403 3329 1472 (63),
3365 1405 3598 1458 Aracius
3628 1403 3904 1473 synodum

2308 1478 2704 1546 episcoporum
2747 1473 2838 1546 qui
2894 1484 3025 1546 tunc
3066 1473 3205 1527 forte
3231 1473 3736 1546 _Constantinopoli
3780 1492 3903 1530 mo-

2309 1544 2577 1601 rabantur
2606 1545 2849 1611 collegit.
2886 1552 2941 1598 et
2975 1545 3199 1598 Petrum
3230 1544 3516 1599 Fullonem
3548 1554 3612 1599 ac
3633 1546 3906 1601 Joannem

2311 1633 2474 1686 supra
2509 1624 2903 1686 memoratum,
2941 1630 3049 1667 una
3085 1629 3210 1686 cum
3244 1614 3414 1667 Paulo
3444 1616 3684 1684 quodam
3719 1617 3904 1686 Ephe-

2310 1683 2543 1748 siorum,
2572 1687 2627 1740 ni
2663 1684 2842 1744 fallor,
2876 1686 3146 1755 episcopo
3173 1683 3479 1738 damnavit.
3535 1686 3721 1755 Deque
3754 1683 3817 1741 ea
3849 1702 3908 1741 re

2312 1758 2529 1813 litteras
2567 1756 2790 1826 scripsit
2840 1753 3302 1826 ad'ASiniplieiinn
3349 1770 3569 1825 papam,
3607 1753 3805 1826 petens
3842 1760 3909 1813 ab

617 1831 857 1890 pretium
888 1831 1060 1884 fuerit
1093 1830 1183 1883 hic
1215 1824 1637 1899 apponereCEx
1660 1829 1727 1880 iis
1748 1827 1894 1880 enim
1923 1824 2206 1899 colligitur
2242 1828 2279 1881 Β
2310 1829 2611 1895 apostolica
2643 1824 2798 1888 sil-de,
2819 1837 2879 1899 ut
2910 1824 2954 1899 si
2987 1825 3129 1879 forte
3159 1824 3225 1879 ad
3250 1840 3370 1899 eam
3400 1824 3780 1899 confugerent.
3808 1844 3910 1899 nec

617 1900 670 1951 id
709 1901 855 1969 quod
889 1900 1152 1969 superius
1178 1896 1314 1961 disi,
1347 1900 1572 1952 Petrum
1602 1898 1889 1969 Fullonem
1920 1898 1974 1950 in
1997 1896 2208 1969 synodo

616 1966 741 2024 esse
769 1966 1114 2023 damnatum.
1154 1970 1246 2023 Sic
1277 1970 1445 2038 igitur
1475 1969 1698 2021 habent.
1732 1967 1832 2020 Cui
1864 1968 1995 2038 dum
2022 1966 2207 2021 Acacii

616 2041 821 2107 scripta
878 2040 1189 2108 legeremus
1242 2037 1365 2107 qua:
1417 2039 1483 2091 de
1534 2040 1700 2092 Petro
1750 2047 1806 2090 et
1848 2037 2060 2108 Joanne
2099 2038 2202 2090 Anv

606 2107 1423 2172 tiochcnismiserat,excessus
1441 2108 1625 2161 Aeacii
1646 2108 1884 2161 etiamin
1925 2107 2029 2160 hac.
2045 2121 2210 2161 causa

617 2180 972 2248 gravissimas
1020 2178 1409 2247 deprehendit.
1479 2178 1577 2231 Illo
1603 2178 1752 2232 enim
1821 2186 2069 2248 tempore
2100 2193 2211 2245 quo

620 2241 687 2301 ile
716 2250 881 2302 Petro
908 2241 1279 2303 Alexandrino
1304 2248 1566 2301 damnato
1596 2248 1888 2309 retulerat,
1918 2241 2023 2299 non
2047 2241 2211 2316 longe

620 2328 745 2388 post
778 2320 945 2388 etiam
984 2319 1050 2372 de
1081 2320 1245 2372 Petro
1275 2328 1330 2371 et
1358 2319 1567 2373 Joanne
1597 2322 1946 2388 scripserat:
1986 2318 2210 2371 Petrum

620 2387 763 2455 apud
800 2387 1344 2457 Constantinopolim
1401 2389 1801 2441 monasterium
1839 2387 2209 2457 gubernasse;

620 2459 715 2512 sed
754 2460 857 2512 hoc
891 2467 1119 2526 propter
1147 2458 1379 2511 crimina
1413 2458 1711 2518 derelicto,
1744 2458 2099 2513 Antiochiam
2129 2457 2213 2511 fu-

620 2528 791 2593 gisse.
849 2528 926 2582 lbi
962 2529 1120 2597 pulso
1150 2528 1407 2598 Martyrio
1468 2529 1742 2583 catholico
1775 2529 2075 2597 episcopo,
2114 2543 2213 2596 per

624 2598 913 2653 luereticos
963 2598 1150 2652 sedem
1198 2599 1371 2666 ipsius
1423 2614 1768 2667 occupasse;
1830 2598 2212 2666 continuoque

622 2668 944 2721 damnatum
974 2708 987 2726 ,
1046 2683 1075 2720 a
1122 2668 1305 2722 Leone
1347 2680 1479 2721 tunc
1511 2669 1765 2738 principe
1800 2668 1864 2722 ad
1890 2667 2210 2722 Oasitanum

621 2738 878 2791 exsilium
912 2753 1033 2791 esse
1060 2738 1355 2792 directum.
1392 2739 1466 2791 De
1492 2754 1602 2807 quo
1629 2740 1863 2807 lapsum.
1896 2738 2207 2793 Constanti-

617 2808 870 2875 nopolim
909 2808 1183 2867 rediisse.
1237 2824 1301 2863 ac
1347 2808 1571 2861 dedisse.
1619 2809 1782 2862 iidem
1834 2808 1981 2877 quod
2032 2809 2214 2862 nullas

618 2878 861 2931 ulterius
916 2878 1110 2947 turbas
1156 2878 1337 2932 facere
1381 2894 1611 2947 prorsus
1651 2879 1904 2932 auderet.
1958 2877 2085 2932 llzec
2129 2888 2215 2933 est

621 2947 801 3017 prima
836 2947 982 3001 Petri
1014 2946 1259 3001 Fullonis
1290 2946 1596 3002 damnatio.
1651 2948 1825 3014 Quam
1863 2950 1906 3003 si
1940 2949 2067 3016 quis
2102 2965 2212 3003 non

624 3016 679 3099 in
708 3017 877 3099 synod
893 3034 932 3099 )_
952 3016 1021 3071 ab
1050 3018 1328 3099 episcopis
1359 3018 1556 3099 factam
1590 3034 1722 3099 esse
1744 3020 2073 3099 contendat,
2114 3018 2212 3099 sed

622 3088 692 3141 ab
742 3087 860 3157 ipso
911 3087 1098 3141 Leone
1148 3089 1432 3157 Angusto,
1488 3090 1533 3142 is
1562 3088 1876 3143 meminisse
1905 3090 2071 3143 debet
2100 3088 2216 3158 epi-

625 3173 824 3241 scgpos
872 3174 1175 3240 .nunquam
1233 3159 1429 3241 solitos
1481 3175 1605 3241 esse
1646 3159 1712 3241 in
1764 3160 2018 3241 exsilium
2070 3160 2285 3241 inittic

625 3244 652 3281 a
680 3226 1015 3281 Christianis
1043 3228 1473 3297 imperatoribus
1500 3270 1513 3287 .
1551 3230 1659 3283 nisi
1694 3238 1818 3297 post
1842 3229 2218 3282 damnationis

624 3299 957 3368 sententiam
988 3298 1039 3350 in
1068 3314 1163 3350 eos
1192 3299 1434 3366 legitime
1462 3300 1756 3368 prolatam.
1782 3298 1874 3353 Sic
1896 3300 2215 3363 Photinum,

624 3367 956 3441 Nestorium
999 3368 1441 3441 ac‘Dioscorum
1466 3367 1472 3368 “
1501 3370 1734 3441 legimus
1782 3384 1908 3441 esse
1947 3371 2220 3441 relegatos

624 3447 751 3506 post
785 3438 1468 3511 synpdalegjtidicium,_ut
1496 3440 1749 3511 omittam
1776 3440 1969 3494 Arium
1998 3438 2221 3511 presby-

622 3518 825 3561 terum.
860 3508 1026 3563 Certe
1060 3508 1351 3562 Liberatus
1383 3509 1437 3562 in
1466 3523 1587 3577 cap.
1621 3509 1685 3563 i8
1712 3508 2007 3575 Breviarii,
2032 3508 2218 3566 locum

622 3578 775 3633 hunc
822 3595 890 3634 ex
924 3579 1157 3648 epistola
1196 3579 1379 3633 Aeacii
1427 3580 1788 3644 describens,
1845 3581 2053 3636 diserte
2083 3581 2221 3636 dicit

624 3649 851 3703 Petrum
916 3652 986 3703 ab
1037 3649 1313 3717 episcopis
1359 3666 1481 3704 esse
1529 3650 1885 3715 damnatum,
1927 3660 1985 3704 et
2019 3652 2223 3706 Leonis

628 3720 700 3771 im
743 3719 865 3774 crio
924 3719 977 3772 in
1025 3718 1212 3773 Oasim
1270 3719 1648 3787 deportatum.
1704 3720 1979 3775 Caeterum
2026 3723 2222 3777 Petrus

628 3735 781 3842 Fuiio
803 3790 858 3842 in
885 3790 986 3842 hac
1010 3788 1171 3842 nritni
1190 3789 1544 3842 episcopatus
1560 3792 1891 3842 Antiocheni
1915 3792 2220 3842 invasione.

627 3784 781 3843 Fullo
803 3790 858 3842 in
885 3790 986 3843 hac
1010 3788 1171 3858 primi
1190 3784 1544 3858 episcopatus
1560 3792 1891 3846 Antiocheni
1915 3792 2221 3857 invasione,

628 3806 655 3842 r
672 3806 781 3843 uno
803 3806 858 3842 in
886 3806 986 3843 nac
1010 3806 1171 3911 pruni
1190 3806 1544 3858 episcopatus
1560 3806 1891 3846 antiocuem
1915 3808 2221 3857 mvasmne,

628 3859 779 3913 brevi
830 3860 1126 3912 admotum
1185 3869 1429 3928 tempore
1498 3862 1708 3917 sedisse
1773 3862 2015 3917 videtur.
2086 3863 2223 3917 Nam

628 3930 681 3981 in
707 3930 942 4003 epistola
967 3928 1152 4003 Acacii
1177 3930 1241 3982 ad
1263 3928 1609 3998 Simplicium
1636 3948 1855 4001 papam,
1879 3934 2039 4003 cujus
2054 3934 2223 3988 verba

630 4000 889 4074 superius
928 4001 1095 4074 relata
1134 4009 1294 4061 sunt,
1342 4000 1806 4074 postabreptum
1840 4000 2222 4074 episcopatum

625 4070 893 4122 continuo
924 4069 1218 4124 datnnatus
1244 4085 1365 4125 esse
1396 4070 1620 4126 dicitur.

1295 4181 1449 4237 CAP.
1490 4184 1556 4237 ll.

700 4270 833 4348 Post
857 4281 1093 4348 mort_em
1121 4272 1327 4348 Leonis
1353 4273 1610 4343 Augusti.
1643 4275 1792 4330 Zeno
1822 4277 1890 4331 de
1922 4292 2034 4346 quo
2058 4292 2224 4348 supra

624 4341 892 4404 diximus,
929 4343 1181 4418 a_Leone
1210 4344 1323 4397 lilio
1348 4341 1797 4418 suo—coronatus,
1834 4341 2055 4416 imperii
2085 4341 2230 4418 regi-

628 4428 755 4466 men
794 4414 1030 4482 accepit.
1076 4414 1347 4487 Sedunox
1378 4415 1695 4475 Basiliscus.
1735 4414 2026 4487 tyrannide
2060 4414 2226 4473 abre-

626 4494 723 4553 pta
748 4525 762 4547 ,
799 4497 926 4558 eum
960 4484 1354 4558 cum_Ar_iadne
1387 4487 1621 4557 conjuge
1660 4489 1711 4540 in
1739 4484 2004 4541 ISauriam
2034 4488 2221 4558 fugere

626 4554 921 4628 compulit.
961 4554 1036 4628 ita
1070 4555 1367 4628 Basiliscus
1402 4554 1539 4628 citra
1564 4554 1889 4626 sanguinem
1927 4554 2219 4628 imper—ium

630 4624 1097 4699 adeptus,_statim
1126 4627 1391 4699 adversus
1416 4624 1924 4682 Chalcedonensem
1953 4624 2220 4699 synodum

630 4692 933 4772 insurresit
956 4736 969 4756 ,
1012 4698 1445 4772 etuproinnigata
1471 4692 2059 4772 isanctionc‘eamdem
2094 4717 2222 4772 syn-

623 4766 793 4840 odum
832 4765 899 4818 ah
934 4765 1512 4840 onmibuscpiscopis
1546 4768 1793 4840 damnari
1825 4765 2223 4840 prtecepit.'Ac

632 4836 871 4903 primum
904 4838 1131 4905 quidem
1165 4837 1518 4890 Timotheum
1546 4837 1795 4891 Ailnrum
1825 4836 1897 4892 ab
1920 4836 2115 4895 exsilio
2141 4858 2225 4896 re-

628 4906 864 4959 vocavit.
906 4908 1128 4960 Petrum
1161 4907 1366 4961 deinde
1398 4908 1679 4963 Fullonem
1714 4909 1831 4962 sedi
1864 4926 1977 4965 sure
2005 4912 2221 4966 restitui

628 4976 813 5050 jussit,
848 4989 907 5029 ut
934 4978 1155 5050 tradunt
1184 4978 1514 5050 Theodorus
1536 4979 1731 5033 Lector
1753 4991 1805 5032 ct
1832 4980 2220 5050 Theophanes.

628 5045 847 5110 Quilms
894 5049 1073 5122 rebus
1104 5050 1369 5122 acceptis,
1406 5049 1663 5103 Julianus
1694 5045 2079 5122 Antiochensis
2105 5054 2225 5122 cpi-

632 5132 833 5195 :eopus
864 5119 1011 5195 gravi
1042 5118 1233 5195 dolore
1264 5122 1552 5195 perculsus
1587 5121 2034 5195 interiit.7Pctrns
2058 5118 2226 5195 igitur

634 5182 789 5239 Fullo
825 5182 949 5241 cum
986 5182 1386 5244 Antiochenam
1415 5191 1601 5244 sedem
1641 5194 1869 5259 prazsule
1900 5208 2000 5246 suo
2028 5182 2224 5247 vidua-

636 5260 1099 5332 tam_repe_risset,
1136 5273 1259 5312 eam
1298 5262 1499 5332 iterum
1534 5263 1843 5331 occupavit.
1878 5262 1953 5316 Ac
1981 5266 2223 5332 primum

634 5327 857 5401 quidem
891 5329 1159 5384 Joannem
1192 5331 1511 5400 quemdam,
1552 5332 1643 5401 qui
1673 5327 1921 5401 synodali
1947 5327 2223 5389 scntctttia

637 5398 924 5468 depositus
972 5402 1185 5465 fuerat,
1210 5398 1887 5472 'cpiscopum'Apa'menis
1921 5405 2220 5461 ordinavit.

2315 1893 2434 1950 visu
2484 1899 2684 1956 dignos
2722 1912 2818 1949 eos
2850 1896 3118 1956 haberet;
3158 1905 3214 1949 et
3270 1893 3318 1950 si
3399 1896 3509 1965 jam
3540 1893 3787 1965 aliquam
3823 1896 3910 1952 in-

2314 1968 2652 2036 dulgentiam
2691 1966 2920 2021 forsitan
2951 1966 3339 2034 impetrassent
3363 2006 3377 2025 ,
3417 1967 3629 2020 irritam
3658 1983 3780 2021 esse
3810 1970 3908 2023 de-

2315 2038 2446 2091 bere
2481 2038 2759 2091 allirmans
2783 2076 2796 2093 .
2854 2052 2956 2091 nec
2989 2051 3181 2089 eorum
3215 2036 3597 2102 pmnitentiam
3633 2040 3909 2107 recipien-

2314 2108 2437 2161 dam
2465 2123 2605 2161 esse.
2646 2107 2818 2175 llujus
2844 2107 3093 2175 epistolae
3126 2107 3313 2175 verba,
3345 2108 3487 2159 haud
3507 2120 3657 2161 certe
3682 2123 3907 2163 sensura

2318 2179 2497 2244 ipsum
2552 2174 2735 2231 refert
2768 2177 3019 2232 Gelasins
3054 2175 3106 2227 in
3141 2174 3311 2229 Cestis
3337 2180 3399 2243 de
3453 2180 3669 2231 nomine
3702 2178 3905 2233 Acacii.

2314 2248 2577 2319 Meminit
2594 2248 2760 2319 etiam
2794 2246 3041 2319 ejusdem
3072 2246 3322 2319 epistolae
3347 2246 3531 2319 Acacii
3578 2247 3646 2319 ad
3678 2247 3909 2319 Simpli-

2316 2319 2461 2372 cium
2487 2317 2739 2373 Gelasius
2763 2332 2901 2387 papa
2926 2317 2981 2371 in
3001 2316 3235 2387 epistola
3259 2316 3324 2369 ad
3342 2316 3661 2387 Orientales
3684 2318 3771 2373 his
3784 2316 3910 2373 ver-

2316 2388 2403 2442 bis
2455 2405 2467 2441 :
2506 2372 2613 2441 illic
2644 2372 2957 2441 aute'm'ille
2990 2372 3067 2439 es't
3100 2372 3287 2439 Petrus
3314 2386 3669 2441 Antiocheam
3692 2430 3705 2448 ,
3750 2372 3906 2448 quem

2317 2474 2409 2511 nec
2459 2476 2551 2525 per
2601 2459 2967 2526 parnitentiam
3009 2456 3081 2509 ad
3122 2458 3545 2510 communionem
3590 2455 3907 2513 catholicam

2316 2530 2479 2597 recipi
2527 2530 2688 2581 etiam
2724 2545 2755 2579 a
2782 2528 2903 2581 sede
2928 2528 3220 2597 apostolica
3253 2530 3487 2597 poposcit
3516 2528 3759 2583 Aeacius.
3798 2529 3908 2584 Sed

2315 2607 2372 2652 et
2426 2598 2572 2653 Felix
2622 2613 2761 2667 papa
2814 2598 2868 2650 in
2910 2596 3145 2667 epistola
3176 2596 3341 2664 quam
3372 2597 3597 2665 scripsit
3630 2600 3909 2654 universis

2316 2666 2772 2739 archimandritis
2805 2676 2860 2739 et
2894 2666 3181 2739 monachis
3211 2667 3692 2739 Constantinopoli
3726 2679 3781 2723 et
3812 2679 3910 2739 per

2315 2738 2627 2811 Bithyniam
2675 2738 3112 2811 consistentibus
3138 2778 3151 2797 ,
3206 2737 3453 2811 ejusdem
3490 2739 3741 2807 epistolae
3785 2737 3904 2795 me—

2318 2807 2479 2863 mini't
2534 2808 2608 2863 ita
2658 2808 2852 2863 dicens
2908 2827 2920 2861 :
2971 2807 3251 2877 Adjectum
3299 2809 3462 2861 etiam
3502 2817 3628 2860 tunc
3658 2827 3776 2862 cum
3802 2812 3907 2863 ista

2316 2882 2371 2933 in
2410 2880 2809 2933 examinatione
2849 2887 3185 2937 tractantur,
3223 2879 3362 2947 quod
3392 2878 3615 2931 Aeacius
3647 2879 3908 2935 Joannem

2316 2948 2470 3003 illum
2498 2950 2774 3017 Tyriorum
2796 2947 3043 3001 Ecclesitt’
3064 2948 3238 3018 fecerit
3258 2949 3559 3017 prmidere,
3574 2952 3667 3017 qui
3683 2952 3911 3018 Apame-

2318 3022 2399 3073 uis
2432 3038 2463 3073 a
2495 3019 2649 3072 Petro
2680 3020 3018 3090 Antiocheam
3046 3017 3294 3072 Ecclesia:
3321 3028 3552 3087 tyranno
3588 3017 3769 3087 fuerat
3791 3024 3907 3090 epi-

2316 3107 2502 3159 scopus
2533 3090 2840 3153 ordinatus,
2879 3089 2969 3142 sed
2997 3090 3213 3142 minime
3240 3098 3498 3158 receptus,
3531 3091 3747 3159 proprio
3769 3089 3910 3145 ordi-

2322 3158 2508 3230 natare
2537 3158 2756 3228 depulso
2776 3200 2788 3219 ,
2826 3159 3065 3230 eamdem
3089 3160 3266 3230 sedem
3298 3175 3401 3211 non
3430 3161 3606 3212 timuit
3630 3158 3908 3230 παρῆτε.

2322 3229 2464 3295 Quos
2510 3240 2634 3283 tunc
2676 3230 2947 3299 hypocrita
2980 3228 3203 3299 Aeacius
3245 3230 3320 3282 ita
3358 3230 3479 3295 fecit
3520 3230 3584 3282 ab
3620 3228 3908 3299 apostolica

2320 3301 2438 3354 sede
2464 3298 2737 3361 damnari,
2775 3308 2829 3351 ut
2856 3300 2935 3352 his
2960 3300 3121 3351 etiam
3147 3298 3575 3353 Christianorum
3600 3298 3909 3356 vacabulum

2323 3370 2605 3424 tolleretur
2623 3411 2637 3434 ,
2675 3371 2814 3440 quod
2844 3377 2991 3439 gesta
3012 3368 3167 3440 apud
3190 3384 3308 3440 eum
3334 3370 3524 3440 habita
3539 3372 3908 3440 manifestam.

2323 3441 2399 3494 Ex
2447 3440 2650 3510 quibus
2684 3438 2870 3493 verbis
2921 3439 3199 3510 colligitur
3240 3438 3465 3510 Petrum
3510 3439 3797 3495 Fullonem
3858 3444 3911 3498 in

2322 3508 2936 3579 Consumtinopolitana
2963 3508 3174 3580 synde
3202 3508 3271 3562 ab
3300 3509 3500 3564 Acacio
3531 3525 3653 3564 esse
3683 3512 3911 3566 damna-

2325 3592 2462 3636 tum.
2498 3581 2620 3635 Hmc
2642 3578 2791 3634 enim
2814 3579 2981 3632 verba
2994 3578 3207 3633 Felicis
3232 3594 3406 3649 papae,
3438 3582 3580 3649 quod
3601 3590 3749 3637 oesta
3773 3585 3915 3649 apud

2325 3668 2444 3705 eum
2495 3652 2672 3704 habita
2728 3649 3111 3719 manifestam.
3170 3650 3392 3703 nonnisi
3440 3651 3509 3703 de
3555 3649 3914 3719 synodalibus

2326 3722 2553 3789 intelligi
2607 3730 2861 3789 possunt.
2919 3720 3191 3774 Caeterum
3246 3722 3301 3773 in
3348 3719 3546 3774 iisdem
3593 3722 3798 3776 litteris
3846 3724 3912 3777 ad

2328 3791 2675 3860 Simplicium
2700 3805 2896 3860 papam
2930 3792 3160 3845 Aeacius
3192 3792 3357 3843 etiam
3384 3790 3453 3860 de
3480 3791 3651 3843 Paulo
3676 3793 3913 3859 quodam

2328 3859 2634 3921 retulerat,
2694 3859 2755 3915 ut
2802 3861 2984 3932 didici
3022 3876 3085 3914 ex
3135 3861 3369 3932 epistola
3405 3859 3605 3932 Gelasii
3646 3877 3801 3932 papa:
3848 3864 3916 3918 ad

2327 3933 2627 4004 orientales
2648 3950 2669 3992 .·
2711 3947 2833 4000 quze
2868 3930 3140 4004 sichabet
3189 3948 3202 3983 :
3248 3930 3400 4004 Quos
3430 3932 3473 3984 si
3506 3945 3537 3982 a
3567 3931 3675 3986 lide
3706 3930 3918 4004 integra

2328 4002 2827 4074 communioneqne
2858 4002 3130 4074 catholica
3166 4001 3672 4074 putaretisermte,
3697 4004 3767 4055 ad
3788 4001 3920 4074 apo-

2329 4073 2578 4128 stolicam
2613 4073 2819 4129 sedem.
2855 4071 3158 4126 secundum
3186 4071 3321 4126 scita
3354 4072 3655 4137 majorum.
3691 4082 3747 4126 et
3777 4071 3920 4128 sicut

2329 4158 2547 4211 semper
2571 4153 2656 4196 est
2681 4144 2909 4208 factum,
2939 4144 3144 4196 referre
3169 4142 3443 4196 debuistis
3463 4158 3476 4194 :
3496 4142 3643 4196 sicut
3664 4142 3734 4196 de
3756 4144 3918 4199 Petro

2328 4212 2734 4273 Alexandrino,
2783 4214 2866 4266 vel
2914 4212 2982 4266 de
3018 4212 3362 4267 Antiodneno
3393 4212 3577 4275 Petro,
3611 4212 3681 4266 de
3709 4213 3917 4268 Joanne

2330 4292 2385 4337 et
2432 4284 2602 4336 Paulo
2652 4282 2849 4337 fecisse
2895 4293 3234 4336 monstratur
3278 4284 3528 4336 Aeacius.
3592 4281 3700 4337 Sed
3757 4293 3812 4337 et
3864 4286 3916 4338 in

2332 4353 2745 4408 Commonitorio
2779 4356 2847 4406 ad
2868 4352 3143 4411 Faustmn.
3171 4355 3417 4423 eiu-dem
3444 4353 3598 4406 Pauli
3622 4354 3921 4409 etJoannis

2334 4426 2678 4477 mentionem
2710 4424 2860 4478 facit.
2898 4424 3048 4489 Quos
3077 4426 3145 4477 ab
3176 4424 3476 4493 apostolica
3506 4423 3637 4477 sede
3668 4424 3915 4479 damnari

2258 4525 2296 4576 υ
2332 4509 2395 4548 ac
2412 4494 2627 4576 deponi
2651 4493 2783 4576 fecit
2812 4494 3071 4576 Aeacius.
3090 4496 3278 4576 Quem
3297 4495 3465 4576 etiam
3488 4495 3917 4576 praceptionem

2331 4564 2481 4618 sedis
2508 4566 2824 4633 apostolica:
2854 4572 3175 4620 exsecutum
3205 4565 3395 4625 fuisse,
3432 4564 3637 4617 ibidem
3664 4566 3741 4617 ait
3764 4565 3921 4620 Gela-

2332 4636 2468 4688 sius.
2506 4635 2774 4705 Equidem
2813 4651 2921 4689 non
2948 4635 3140 4689 dubito
3182 4635 3315 4704 quin
3354 4635 3447 4688 hic
3477 4634 3686 4705 Paulus
3715 4635 3785 4691 de
3812 4650 3919 4704 quo

2330 4704 2594 4759 Acacium
2652 4706 2719 4759 ad
2769 4705 3115 4774 Simplicium
3160 4721 3353 4775 papam
3407 4704 3669 4775 retulisse
3728 4706 3919 4760 scribit

2331 4775 2595 4858 Celasius
2632 4778 2702 4857 sit
2724 4774 3379 4858 Ephesinustepiscopus;
3408 4774 3503 4844 qui
3529 4774 3759 4858 dum'ob
3776 4792 3919 4858 quae?

2333 4847 2457 4899 dam
2517 4848 2753 4901 crimina
2801 4857 2998 4901 exutus
3038 4846 3234 4901 luisset
3274 4846 3596 4915 episcopatu
3630 4886 3645 4909 ,
3673 4846 3917 4901 Basilisci

2336 4919 2549 4985 tyranni
2572 4919 2914 4985 temporibus
2939 4919 3231 4972 restitutus
3248 4916 3428 4970 fuerat
3448 4931 3547 4984 per
3564 4916 3916 4971 Timotheum

2332 4977 2582 5041 diturum
2605 4999 2661 5042 et
2682 4977 2910 5042 Paulum
2927 4988 3335 5043 Antiochenam
3352 4977 3700 5057 episcopum,
3719 4999 3782 5042 ut
3797 4987 3921 5042 scri-

2333 5058 2411 5129 bit
2446 5058 2711 5127 Evagrius
2747 5060 2799 5111 in
2832 5060 2974 5111 libro
3001 5075 3079 5122 ιιι,
3110 5074 3233 5129 cap.
3264 5060 3295 5113 5
3324 5068 3380 5111 et
3398 5057 3449 5110 6.
3503 5057 3677 5129 Porro
3699 5058 3919 5127 Simpli-

2332 5128 2448 5182 cius
2475 5145 2634 5198 papa,
2659 5130 2899 5199 acceptis
2918 5130 3101 5185 Acacii
3128 5128 3352 5190 litteris,
3376 5128 3656 5197 inquibus
3674 5129 3743 5183 de
3762 5130 3918 5184 Petro

2332 5209 2387 5269 et
2414 5199 2625 5253 Joanne
2655 5200 3020 5255 Antiochenis
3051 5200 3315 5255 retulerat
3339 5239 3353 5260 ,
3394 5199 3664 5253 continuo
3693 5213 3917 5269 respon-

2332 5268 2412 5341 dit
2442 5285 2539 5323 eos
2570 5286 2598 5321 a
2629 5285 2685 5322 se
2716 5269 3005 5324 damnatos
3032 5286 3154 5325 esse
3182 5270 3499 5341 signiﬁcans
3519 5310 3533 5332 ,
3572 5278 3629 5341 et
3649 5270 3722 5324 ab
3743 5268 3919 5341 Eccle-

2334 5340 2429 5410 site
2487 5342 2881 5394 eonnnunione
2939 5339 3249 5410 prazeisosﬁ
3287 5342 3354 5395 Et
3410 5339 3649 5406 epistola
3702 5340 3917 5409 quidem

2335 5408 2604 5479 Simplicii
2641 5410 2708 5463 ad
2740 5408 3044 5476 Acacium,
3078 5426 3142 5465 ea
3173 5412 3240 5465 de
3274 5428 3330 5465 re
3359 5411 3589 5479 scripta,
3622 5408 3787 5466 hodie
3816 5424 3917 5466 non

2220 5561 2447 5619 ΝΟΤᾸΞ.

711 5673 1172 5748 (65)Α11ξε1ἰῑιςτίε
1204 5677 1478 5748 acceptis,
1522 5684 1629 5731 etc.
1672 5678 1867 5747 Pagius
1917 5681 2113 5748 prohat
2162 5695 2228 5734 ex

642 5746 866 5814 cpistola
902 5744 1172 5817 Simplicii
1200 5747 1299 5801 PP.
1334 5744 1402 5799 ab
1434 5748 1716 5800 llolstenio
1748 5744 1998 5817 primum
2054 5752 2225 5814 edita,

646 5817 781 5869 hanc
804 5816 1073 5886 synodum
1108 5816 1587 5887 Constattinopoli
1642 5816 1809 5871 fuisse
1859 5822 2225 5886 celebratam,

2340 5692 2637 5757 antequam
2720 5686 2964 5742 Joannes
3029 5686 3345 5757 Apamenus
3406 5686 3539 5741 sedc
3585 5684 3919 5757 Antiocheea

2341 5754 2593 5875 «(pelanus
2646 5767 2811 5809 esset.
2875 5758 2993 5810 rm.
3034 5753 3258 5827 Pagium
3294 5760 3359 5811 ad
3409 5774 3541 5812 ann.
3571 5757 3701 5822 477,
3748 5771 3805 5811 ιι.
3837 5753 3915 5807 tt.

2418 5865 2427 5875 .
2482 5840 2666 5875 ΛιἎΊή.

2418 5865 2427 5875 .
2458 5840 2510 5875 Ιδ(
2523 5840 2666 5877 δΝιἨ.
