4118 6482
261 452 397 511 2909
1025 451 1084 510 S.
1127 449 1512 511 EULOGIUS
1567 449 1922 513 ARCHIEP.
1963 450 2778 512 ALEXAND—NOTITIA.
3375 450 3515 515 2910

263 561 551 627 convenit,
609 562 689 615 uti
739 560 832 614 hic
876 558 928 611 in
982 559 1213 630 Eulogio
1265 571 1321 615 et
1356 560 1564 632 Cyrillo
1612 560 1760 615 sedis
1815 561 2061 631 ejusdem
2109 562 2400 640 episcopis.
2454 563 2589 617 Esse
2644 572 2826 616 autem
2884 561 3096 632 Eulogii
3150 561 3349 617 suadet
3400 573 3511 618 tota

266 648 524 713 materia,
573 660 877 716 magnaque
913 645 1000 698 illa
1034 648 1154 715 ejus
1194 647 1427 701 aﬂinitas
1471 663 1596 701 cum
1641 648 1764 702 aliis
1803 648 2051 717 ejusdem
2091 649 2303 719 Eulogii
2341 648 2620 703 deﬂoratis
2663 664 2692 703 a
2744 649 2958 704 Photio.
2998 650 3212 718 Ubique
3256 651 3402 705 acris
3457 650 3515 704 in

267 734 639 805 Eutychianos
670 732 967 802 depugnat,
1002 731 1198 800 dignus
1227 735 1407 802 plane,
1450 749 1613 803 quem
1647 750 1786 803 papa
1817 733 2031 805 Agatho
2066 735 2121 788 in
2164 750 2259 797 sua
2301 736 2369 789 ad
2415 743 2623 789 sextam
2661 734 2928 805 synodum
2960 736 3328 805 suggestione,
3369 736 3517 791 inter

270 822 476 891 primos
525 836 590 875 ac
633 817 941 887 praecipuos
987 818 1180 889 synodi
1212 818 1677 875 Chalcedonensis
1714 835 1778 874 ac
1823 824 1953 876 tomi
1984 822 2185 878 Leonis
2223 822 2546 877 defensores
2589 832 2935 891 percenseat.
2972 822 3068 876 Est
3099 812 3281 877 oratio
3312 824 3513 892 partim

264 910 479 975 festiva,
528 906 729 977 partim
759 906 1045 975 polemica.
1082 906 1314 961 Pulchre
1345 905 1490 960 ludit
1519 907 1574 960 in
1606 906 1794 962 verbis
1827 923 1890 964 ac
1938 910 2116 964 sensis
2154 908 2474 978 Scriptura.
2508 908 2869 977 Antiquarius
2901 918 3089 963 noster
3122 910 3356 964 mediam
3397 909 3514 964 fere

266 998 566 1064 abruperat
598 1011 611 1046 :
647 991 793 1061 quod
827 992 935 1046 illis
966 992 1204 1062 plagium
1249 991 1396 1046 haud
1424 991 1652 1047 omnino
1674 992 1937 1049 insolens
1971 1004 2055 1049 est
2087 1012 2101 1061 ;
2136 995 2271 1049 alias
2315 1010 2533 1064 quoque
2572 994 2980 1063 deprehensum
3028 996 3083 1049 in
3127 995 3519 1065 Amphilochio

266 1095 323 1139 ct
352 1082 770 1152 Chrysostomo.

1357 1368 1867 1460 NOTITIA
1967 1368 2463 1456 ALTERA.

1112 1558 1431 1629 (FABRICIUS,
1460 1557 1703 1612 Biblioth.
1733 1572 1890 1628 graec.
1918 1556 2007 1613 ed.
2038 1557 2249 1613 Harlcs.
2285 1566 2327 1612 t.
2358 1557 2426 1623 Χ,
2454 1572 2509 1628 p.
2544 1556 2695 1628 755.)

343 1794 555 1864 Eulogii
587 1791 912 1863 patriarchae
943 1790 1098 1846 Alex.
1126 1788 1201 1860 (a)
1228 1788 1399 1860 (Opus
1423 1790 1684 1844 adversus
1722 1789 2015 1853 Novatum,
2039 1790 2270 1845 Photius
2312 1788 2472 1843 codd.
2495 1787 2617 1850 182,
2654 1785 2780 1852 208,
2815 1786 2942 1849 280,
2992 1796 3048 1841 et
3070 1787 3175 1843 alia
3193 1787 3395 1855 scripta
3420 1788 3525 1841 215

270 1884 473 1954 seqq.)
506 1883 697 1952 τεῦχος
753 1881 967 1947 τρίτον,
1004 1880 1261 1934 volumen
1323 1879 1566 1946 tertium,
1622 1880 1896 1949 deperditt

1905 1896 2004 1945 Im,
2047 1881 2102 1935 in
2153 1881 2325 1935 libros
2389 1879 2710 1934 distinctum
2764 1878 3024 1936 undecim
3063 1920 3077 1943 ,
3128 1894 3361 1947 quorum
3422 1880 3531 1948 pri-

271 1983 399 2021 mus
466 1966 784 2022 continebat
828 1965 1141 2035 Apologiam
1208 1980 1309 2035 pro
1381 1965 1577 2019 litteris
1638 1966 1915 2035 synodicis
1958 1968 2025 2022 ad
2072 1969 2389 2037 episcopum
2444 1967 2603 2021 Rom.
2640 1963 2983 2034 (Gregorium
3012 1966 3084 2019 Μ.
3116 1964 3187 2035 (ὑ)
3218 1966 3441 2029 missis,
3471 1966 3523 2017 iu

274 2054 484 2123 quibus
528 2051 1059 2122 reprehendebatur,
1099 2051 1243 2121 quod
1277 2067 1379 2105 nec
1410 2062 1646 2120 quatuor
1681 2053 1914 2108 concilia
1945 2055 2305 2117 oecumenica,
2362 2069 2463 2107 nec
2519 2052 2720 2107 Leonis
2758 2052 2917 2105 Rom.
2977 2052 3265 2119 epistolam
3302 2056 3525 2104 nomine

275 2149 439 2193 tenus
484 2132 813 2209 probasset,
864 2154 966 2193 nec
1026 2138 1318 2193 anathema
1347 2138 1573 2193 dixisset
1610 2139 1863 2210 Eutychi,
1921 2141 2181 2195 Dioscoro
2220 2156 2282 2195 ac
2326 2140 2531 2195 Severo
2561 2156 2575 2203 ;
2601 2138 2877 2193 secundus
2908 2138 3308 2207 expositionem
3346 2138 3471 2190 ﬁdei
3511 2156 3524 2200 ;

276 2226 497 2288 tertius,
552 2232 780 2294 quartus
810 2233 868 2279 et
920 2223 1148 2293 quintus
1181 2223 1502 2294 Apologiam
1553 2240 1652 2293 pro
1685 2226 1893 2296 synodo
1946 2226 2379 2282 Chalcedonensi
2416 2225 2699 2293 etCyrillo
2730 2224 2883 2278 Alex.
2914 2224 3181 2279 adversus
3217 2225 3524 2278 calumnias

275 2313 711 2377 haereticorum;
766 2322 986 2377 sextus,
1055 2312 1319 2366 adversus
1374 2327 1469 2366 eos
1511 2313 1605 2381 qui
1668 2322 1860 2382 putant
1918 2315 2176 2369 humanis
2236 2316 2352 2369 sive
2402 2314 2806 2382 philosophicis
2844 2312 3305 2382 conceptionibus
3340 2327 3525 2365 veram

283 2401 615 2469 theologiam
656 2399 1026 2454 Christianam
1070 2414 1229 2469 posse
1271 2399 1487 2469 subjici,
1532 2399 1666 2470 πρὸς
1698 2402 1823 2463 τοὺς
1855 2403 1909 2453 οι

1895 2403 2134 2469 [ομένους
2174 2402 2543 2470 ἀνθρωπίναις
2584 2402 2849 2460 ἐπινοίαις
2892 2398 3155 2453 δύνασθαι
3196 2398 3297 2467 τὴν
3346 2398 3521 2467 ἀληΟῆ

274 2486 386 2538 τῶν
413 2485 758 2555 Χριστιανῶν
794 2486 1118 2540 ὑποϐάλλειν
1157 2484 1434 2555 θεολογίαν
1467 2503 1480 2517 ⁸
1518 2486 1806 2556 septimus,
1838 2486 1900 2541 ad

1903 2529 1906 2538 ,
1937 2487 2309 2541 Domitianum
2338 2488 2625 2542 Melitenes
2660 2486 2975 2556 (Armeniae)
3008 2485 3351 2555 episcopum,
3382 2485 3529 2552 quod

277 2581 431 2627 recte
464 2572 682 2627 dicatur
720 2572 817 2643 μία
849 2572 1010 2641 φύσις
1057 2571 1151 2625 τοῦ
1185 2572 1358 2640 Λόγου
1398 2573 1793 2645 σεσαρκωμένη
1835 2572 1903 2644 (c)

1912 2612 1927 2627 .
1970 2574 2237 2640 Octavus,
2273 2575 2353 2629 Ad
2397 2574 2858 2645 Christophorum
2909 2572 3227 2644 quemdam,
3280 2571 3349 2625 de
3394 2572 3532 2627 locis

277 2659 611 2729 quihusdam
642 2676 812 2716 sacra-
842 2661 1140 2730 Scriptum
1184 2662 1507 2725 solutiones,
1555 2670 1611 2718 et
1638 2664 1697 2714 ἐν
1737 2661 1814 2733 τῷ
1847 2661 1889 2715 6'
1918 2663 2131 2733 σημείῳ
2162 2663 2217 2717 in
2247 2677 2394 2717 nono
2425 2662 2605 2732 capite
2624 2701 2640 2724 ,
2678 2662 2806 2716 vitae
2834 2659 3154 2715 monastica:
3183 2657 3530 2713 Eneomium.

277 2745 491 2809 Nonus,
522 2747 825 2802 Paraenesis
870 2747 938 2802 ad
981 2762 1098 2812 eos,
1141 2749 1236 2817 qui
1281 2748 1351 2802 ab
1387 2748 1631 2803 Ecclesia
1678 2748 2073 2813 discesserunt,
2124 2750 2229 2820 ipsi
2271 2750 2417 2805 inter
2461 2765 2520 2805 se
2554 2750 2609 2803 in
2657 2750 2840 2803 varias
2870 2747 3069 2803 iterum
3104 2756 3292 2817 partes
3331 2746 3534 2800 misere

278 2831 465 2887 divisi.
495 2832 773 2898 Decimus,
810 2832 1077 2889 adversus
1106 2834 1385 2905 Agnoetas
1423 2834 1741 2900 monachos,
1781 2836 1927 2905 quod
1954 2837 2221 2905 scriptum
2251 2836 2507 2891 laudatur
2530 2851 2559 2889 a
2586 2835 2853 2905 Gregorio
2884 2836 3078 2906 Magno
3111 2835 3166 2888 in
3203 2832 3435 2903 epistola
3464 2831 3535 2886 ad

282 2918 572 2989 Eulogium
612 2919 764 2974 Alex.
794 2934 846 2976 a.
876 2918 937 2975 C.
973 2920 1096 2985 600,
1124 2930 1367 2987 exarata,
1400 2921 1497 2976 lib.
1533 2937 1648 2983 vni,
1685 2922 1775 2977 42.
1811 2922 2161 2986 Undecimus,
2197 2924 2458 2991 denique,
2498 2923 2661 2978 Gesta
2698 2923 2893 2994 synodi
2926 2938 3075 2977 anno
3106 2922 3345 2992 septimo
3378 2919 3534 2974 Mauo

284 3006 403 3060 ricii
432 3007 527 3073 (ita
560 3004 855 3077 legendum
895 3022 993 3076 pro
1030 3007 1352 3075 Marciano),
1393 3007 1600 3063 Christi
1630 3007 1755 3073 588,
1787 3008 1988 3063 habita:
2015 3008 2280 3064 adversus
2314 3009 2613 3063 Samaritas
2648 3010 3012 3064 Dositheanos
3044 3010 3143 3078 (ά),
3194 3007 3536 3062 Dosthenum

280 3092 399 3147 sive
420 3093 744 3149 Dositbeum
768 3094 1081 3164 quemdam,
1112 3094 1353 3150 Simonis
1376 3094 1509 3164 Magi
1532 3095 1797 3166 aequalem
1849 3094 2004 3165 (non,
2036 3104 2097 3148 ut
2123 3095 2213 3150 alii
2241 3095 2590 3160 Samaritani,
2615 3096 2860 3157 Josuam,
2887 3110 2990 3149 nec
3018 3096 3207 3149 Jesum
3235 3091 3532 3159 nostrum),

279 3192 385 3247 pro
414 3195 609 3250 magno
640 3180 735 3234 illo
768 3181 1037 3250 propheta
1073 3197 1171 3250 per
1203 3182 1423 3251 Moysen
1459 3184 1616 3237 Deut.
1648 3198 1797 3247 xm],
1830 3182 1917 3245 15,
1946 3182 2207 3252 praedicto
2252 3183 2543 3241 habentes.
2573 3194 2628 3237 et
2676 3183 3141 3237 resurrectionem
3188 3189 3541 3234 mortuorum

282 3263 613 3332 inﬁcientes,
642 3283 806 3337 quam
837 3283 904 3321 ex
942 3267 1194 3323 Mosaicis
1222 3269 1444 3337 scriptis
1474 3269 1738 3339 Eulogius
1770 3270 2136 3323 confirmavit.

742 3377 1013 3432 Iudicatur
1048 3380 1365 3447 scriptorum
1398 3388 1445 3431 et
1475 3368 1876 3442 haereticorum,
1910 3378 1974 3431 ab
2012 3377 2235 3447 Eulogio
2267 3378 2322 3430 in
2354 3379 2431 3431 his
2463 3377 2608 3430 libris
2644 3387 3080 3430 memoratarum.

1052 3486 1124 3536 Ad
1150 3485 1348 3548 paginas
1372 3484 1605 3535 editionis
1628 3485 1810 3536 Graecas
1833 3485 2000 3536 Photii
2020 3486 2397 3537 Hoaschelianse.

350 3619 632 3688 Agnoetaz,
662 3621 857 3669 contra
892 3629 1030 3683 quos
1063 3613 1257 3667 scribit
1289 3613 1570 3683 Eulogius,
1606 3614 1708 3668 464
1740 3630 1859 3685 seq.
1887 3608 1893 3613 ”

354 3701 716 3758 Ambrosius:
764 3699 820 3752 Ὀ
846 3698 1149 3768 Θαυμάσιος
1184 3700 1239 3751 ὲν
1266 3697 1343 3769 τῷ
1378 3699 1506 3769 περὶ
1532 3699 1980 3771 ὲνανϐριυπήσεω,

1736 3702 1998 3771 ιυπήσεως
2030 3702 2276 3773 τετάρτῳ
2309 3699 2473 3770 λόγῳ,
2505 3698 2630 3763 Hi,
2666 3698 2789 3763 452,
2830 3698 2896 3753 ad
2924 3698 3210 3765 Albinum,
3238 3697 3362 3752 445.

354 3789 775 3860 Amphilochius
821 3787 979 3842 Sides
1027 3787 1196 3856 episc.
1253 3786 1374 3840 465.

354 3878 725 3948 Apollinarius
774 3875 954 3939 ἄνους.
992 3875 1117 3938 457,
1149 3874 1271 3936 458,
1305 3874 1429 3939 459,
1467 3872 1591 3937 440,
1617 3872 1744 3939 445,
1771 3874 1895 3936 447,
1933 3873 2056 3933 448.
2099 3875 2181 3926 Ta
2222 3873 2596 3945 Ἀπολιναρεου
2644 3873 2911 3936 νοοῦντες,
2994 3872 3091 3927 451
3122 3890 3137 3939 ;
3207 3873 3540 3938 Νοσοῦντες,

283 3968 409 4023 552.
458 3967 545 4019 Ἐν
577 3966 654 4036 τῷ
681 3964 809 4035 περὶ
842 3967 1169 4035 σαρκώσεως
1199 3964 1360 4034 λόγῳ,
1391 3964 1517 4018 447.

356 4055 541 4117 Arius,
573 4054 692 4107 448.
735 4052 796 4104 Ἦ
828 4052 938 4104 τῶν
980 4053 1273 4123 Ἀρειανῶν
1310 4051 1492 4120 μανία,
1524 4049 1651 4105 466.

359 4141 715 4202 Athanasius,
750 4139 873 4203 458,
906 4140 1029 4195 449.
1070 4142 1155 4193 Ἐν
1185 4140 1261 4209 τῷ
1298 4140 1422 4209 περῖ⁵
1453 4138 1783 4209 σαρκώσεως
1814 4136 1980 4204 λόγῳ,
2013 4138 2138 4193 445.

360 4228 684 4292 Baradatus,
718 4229 842 4282 465.
1931 4219 1937 4225 ’

356 4314 592 4369 Basilius
627 4314 695 4367 M.
733 4315 857 4379 449,
897 4315 1022 4376 457,
1064 4328 1092 4365 a
1127 4310 1438 4366 Severianis
1472 4311 1861 4382 perstringitur
1890 4330 1901 4365 :
1942 4312 1982 4364 Ί

1942 4312 2009 4364 Ἡ
2038 4312 2146 4364 τῶν
2181 4311 2565 4365 Καππαδόκων
2601 4311 2925 4379 καινοτομία
2956 4311 3050 4364 καὶ
3091 4309 3439 4365 Ἀθανασίου.
3477 4311 3541 4364 Ἡ

281 4401 485 4471 οἴησις,
521 4402 643 4455 448.
677 4401 932 4462 Basilius,
980 4400 1066 4451 Ἐν
1094 4398 1170 4469 τῷ
1202 4400 1335 4469 πρὸς
1369 4400 1459 4451 τὸν
1504 4400 1779 4469 Ἀνόμοιον
1810 4400 1907 4467 ἀγᾶ

1369 4400 1459 4451 τὸν
1504 4400 1779 4469 Ἀνόμοιον
1810 4400 1977 4467 ἀγῶνι
2009 4396 2211 4467 (Libris
2237 4397 2442 4452 Contra
2468 4398 2827 4468 Eunomium)
2865 4397 2994 4452 457.

356 4488 818 4558 Christophorus,
863 4487 931 4541 ad
962 4502 1124 4556 quem
1154 4486 1347 4540 scribit
1375 4486 1655 4557 Eulogius,
1696 4477 1982 4540 ὁσιώτατον

1040 4502 1124 4540 em
1154 4486 1347 4540 scribit
1375 4486 1655 4557 Eulogius,
1696 4477 1990 4540 ὁσιώτατον
2026 4500 2153 4541 eum
2197 4485 2499 4555 appellans,
2538 4485 2664 4540 461.

358 4573 595 4644 Cyrillus
623 4575 774 4629 Alex.
812 4576 935 4637 458,
973 4574 1099 4635 444,
1135 4574 1258 4637 445,
1294 4574 1417 4638 446,
1462 4576 1586 4640 459,
1628 4575 1752 4637 465,
1790 4574 1912 4629 466.
1959 4575 1984 4623 '1

1959 4575 2016 4626 ὐ
2046 4573 2385 4637 διδάσκαλος,
2432 4573 2560 4635 446,
2600 4573 2725 4637 447,
2760 4573 2887 4637 457,
2919 4573 3042 4628 458.
3104 4575 3171 4628 '0
3204 4572 3406 4644 Θερμδς
3448 4574 3547 4641 τῆς

282 4661 575 4732 ἀκριϐείας
616 4661 872 4730 ἐραστής,
904 4660 1027 4715 441.
1068 4660 1162 4721 Τίς
1200 4660 1265 4713 ἂν
1300 4661 1457 4724 ἄλλος
1503 4661 2013 4732 μεγαλοφωνότερος
2047 4661 2078 4730 ἢ
2117 4660 2579 4730 ἀξιοπιστότερος,
2616 4660 2741 4713 442.
2784 4660 2958 4724 Πολὺς
3001 4662 3062 4715 ιν
3103 4660 3315 4733 διανοίᾳ
3342 4663 3403 4716 οὐ
3440 4664 3553 4724 τοῖς

285 4748 503 4819 ῥήμασι
541 4747 634 4799 καὶ
670 4750 779 4807 τοῖς
818 4747 1075 4816 ὀνόμασιν
1120 4748 1205 4798 ἀεὶ
1234 4746 1323 4798 τὸν
1368 4748 1490 4801 νοῦν
1531 4747 1980 4814 καταπιστεύων,
2016 4754 2125 4813 τοῖς
2169 4750 2224 4803 δὲ
2270 4750 2505 4820 νοήμασι
2546 4749 2641 4801 καὶ
2684 4752 2752 4803 τά
2790 4752 3013 4821 ῥήματα
3049 4754 3145 4804 καὶ
3196 4752 3265 4804 τὰ
3309 4752 3553 4822 ὀνόματα

286 4835 730 4903 συμμεταφέρων
762 4850 818 4886 τε
848 4835 941 4886 καὶ
974 4832 1472 4903 μεθαρμοξόμενος,
1510 4834 1635 4889 446.
1679 4836 1735 4889 '0
1764 4836 1997 4907 γνώμων
2026 4838 2125 4907 τῆς
2155 4837 2439 4907 ἀκριϐείας
2460 4836 2584 4891 452.
2603 4837 2715 4907 Τῆς
2734 4837 3022 4905 ἀρκιὸείας
3048 4837 3391 4902 διδάσκαλος,
3425 4838 3550 4892 454.

285 4919 552 4989 Epistolze
585 4918 653 4973 ad
685 4917 1046 4983 Succensum,
1076 4920 1198 4984 459,
1236 4920 1357 4983 446,
1390 4920 1514 4986 447,
1549 4921 1675 4986 449,
1701 4922 1821 4977 450.
1872 4926 1911 4977 A

1930 4924 1951 4977 1
1978 4926 2351 4988 Valerianum,
2385 4925 2554 4979 lconii
2582 4925 2756 4994 episc.
2779 4925 2906 4990 451,
2946 4925 3071 4989 449,
3106 4926 3234 4989 452,
3267 4927 3395 4992 455,
3430 4924 3556 4981 462.

286 5004 374 5060 Ad
399 5003 977 5069 Amciumﬁeliteues
1002 5006 1173 5081 episc.
1208 5006 1311 5062 442
1340 5021 1455 5077 seq.
1496 5007 1612 5061 532.
1645 5008 1725 5065 Αιι
1764 5009 1912 5080 Ευιοι

1931 5011 2073 5078 :ium,
2105 5012 2228 5078 445,
2258 5012 2379 5067 447.
2415 5012 2503 5065 Ἑν
2536 5010 2613 5080 τῷ
2631 5011 2925 5083 Θησαυρῷ,
2952 5012 3077 5066 455.
3117 5012 3204 5065 Ἐν
3238 5012 3315 5080 τῷ
3354 5011 3557 5083 πρώτῳ

286 5090 401 5143 τῶν
431 5091 755 5161 Θησαυρῶν,
776 5092 898 5147 446.
917 5093 1005 5145 Ἑν
1035 5093 1268 5164 διαλόγῳ
1287 5094 1344 5159 ὃς
1368 5098 1734 5165 ἐπιγράφεται
1764 5100 1847 5151 ὅτι
1873 5094 1951 5162 εἷς
1980 5102 2007 5153 ὁ
2036 5100 2419 5171 Χριστὸ;,447.
2458 5101 2545 5153 Ἐν
2574 5098 2650 5169 τῷ
2670 5098 2908 5171 δευτέρῳ
2937 5099 3393 5171 ἀναθεματιάμῷ,
3427 5098 3556 5153 450.

300 5178 392 5228 Ἐν
420 5178 498 5245 τῷ
520 5178 656 5247 πρὸς
687 5178 958 5246 βασιλίδας
989 5184 1445 5253 προσφωνῃτικῷ,
1477 5185 1598 5239 450.
1636 5183 1724 5236 Ἐν
1754 5185 2032 5256 λεγομένῳ
2056 5186 2257 5257 πρώτῳ
2285 5188 2454 5258 τὸμῳ,
2489 5188 2614 5241 451.
2662 5187 2751 5240 Ἐν
2780 5190 2845 5259 τῇ
2880 5186 3015 5258 πρὸς
3046 5187 3108 5240 σέ
3141 5187 3197 5240 δε
3228 5190 3244 5208 ⁸
3276 5186 3557 5257 ἐπιστολῇ,

317 5260 448 5321 460.
482 5262 637 5318 locus
667 5274 982 5334 corruptus.

367 5354 680 5422 Dioscorus,
708 5359 831 5421 457,
866 5360 989 5423 447,
1016 5360 1136 5423 450,
1162 5360 1286 5414 451.

366 5492 625 5580 (Μυρριιῆ
674 5496 781 5549 vol.
842 5496 946 5562 IX,
999 5516 1051 5567 p.
1105 5500 1247 5565 626,
1303 5511 1358 5557 cl
1408 5506 1606 5574 sumius
1662 5506 1715 5561 in
1763 5507 1869 5563 hoc
1979 5510 2420 5580 imlicl.I,cpist.
2453 5514 2542 5568 :29.

287 5562 415 5655 soli;
436 5562 509 5655 ξ..
528 5562 692 5644 lianc.
999 5562 1011 5567 ’
1236 5562 1243 5565 ’
1483 5562 1497 5574 ’
1818 5562 1823 5563 ⁷
1850 5562 1855 5563 ⁷

1818 5562 1855 5563 Π
2140 5562 2630 5655 cliuli:
2660 5588 2793 5653 (ipp.
2831 5602 2882 5652 [ι.
2914 5585 2998 5637 .12.
3035 5585 3098 5639 G.
3123 5596 3176 5639 ct
3199 5584 3321 5640 Ξξσ,
3352 5588 3415 5639 Α,

329 5633 445 5726 ’,αξ-Ἰ
470 5632 1118 5726 Ιξξλυξξξςργέβὴίίῖγθρίιεί·
1151 5640 1216 5693 (ιιι
1266 5641 1576 5726 Eulogium.
1611 5647 1706 5726 lih.
1751 5664 1863 5709 mi,
2052 5632 2129 5713 ξιίι
2158 5651 2331 5726 Adde
2387 5652 2673 5723 Lampium
2706 5632 2777 5708 'iii
2833 5632 3559 5712 l(Inminc’nli‘iniluiaimcm

284 5704 359 5789 53
397 5713 453 5755 ct
483 5704 583 5781 42,
622 5704 823 5785 quibus
854 5707 1053 5789 iamlat
1097 5727 1243 5789 eum.
1290 5704 1556 5767 advorsus
1596 5704 1866 5779 Agrianas

800 5704 1053 5789 adundat
1097 5727 1243 5789 utrm.
1290 5704 1556 5767 advorsus
1596 5704 1866 5779 Agnoetas
1980 5708 2119 5775 lolii.
2156 5723 2191 5783 Ι,
2226 5739 2279 5789 p.
2310 5726 2426 5776 7ἰ8.

286 5772 431 5827 bene
482 5772 787 5843 Stil‘lDSlSa‘O.
845 5777 917 5830 ,κει
974 5780 1224 5831 eumde
1280 5783 1562 5849 Lillug‘um
1619 5774 1710 5839 lib.
1760 5806 1862 5845 ιιι,

562 5772 787 5843 ‘ipSissc.
845 5777 917 5830 ,ιιι
974 5780 1224 5831 cuiude
1280 5783 1562 5849 tgulogiam
1619 5774 1710 5839 lib.
1760 5806 1862 5845 χιι,
2059 5772 2083 5775 ’ν
2184 5774 2188 5783 ’
