4118 6478
644 384 781 450 2011
1689 390 1747 449 s.
1791 390 2107 450 EULOGII
2148 392 2500 451 ARCHIEP.
2542 393 2913 453 ALEXAND.
3742 401 3881 463 2mg

719 492 1081 559 Domitianus,
1111 494 1393 551 Melitenes
1420 499 1731 567 episcopus,
1763 496 1827 552 ad
1858 514 2019 567 quem
2048 499 2240 554 scribit
2272 501 2557 571 Eulogius,
2591 505 2712 567 459,
2744 507 2868 559 461.

720 580 956 633 Dosthen
981 581 1097 636 sive
1121 582 1431 645 Dositheus,
1465 600 1494 637 a
1529 600 1638 652 quo
1672 585 2007 651 Dositheani,
2037 597 2227 640 contra
2253 603 2392 656 quos
2417 590 2612 643 scribit
2652 592 2932 662 Eulogius,
2959 593 3082 656 466,
3113 592 3235 658 467,
3264 596 3388 652 468.

721 666 1013 736 Eutyches,
1048 667 1172 733 457,
1198 670 1319 731 458,
1350 670 1473 732 459,
1499 670 1623 731 440,
1653 670 1776 735 448,
1811 672 1935 725 451.

719 750 958 809 Flaviani
991 754 1213 825 (CPol.)
1238 756 1458 809 libellus
1479 756 1790 810 Theodosio
1813 758 1943 826 imp.
1969 759 2185 813 oblatus
2208 761 2331 824 444,

2208 761 2331 824 tu,
2355 764 2479 819 460.
2505 764 2704 820 Lectus
2728 768 2785 821 in
2806 770 3043 825 concilio
3066 772 3526 842 Chalcedonensi,
3548 775 3669 843 451,
3704 779 3820 833 460.

714 842 1017 911 Gregorius
1080 842 1555 907 Neocaesariensis,
1586 846 1641 894 ὲν
1674 842 1751 910 τῷ
1785 847 1911 911 περὶ
1940 847 2035 913 τῆς
2066 849 2206 899 κατὰ
2239 850 2340 920 μέρ

1225 844 1555 907 aesariensis,
1586 846 1641 894 ὲν
1674 842 1751 910 τῷ
1785 847 1911 911 περὶ
1940 847 2035 913 τῆς
2066 849 2206 899 κατὰ
2239 850 2401 920 μέρος
2437 851 2694 915 πίστεως,
2728 856 2851 909 445.

717 927 1017 993 Gregorius
1048 927 1356 997 theologus,
1390 930 1513 993 447,
1543 930 1666 992 457,
1702 930 1822 983 466.
1866 932 1951 983 Ἐν
1985 932 2062 1001 τῷ
2106 934 2343 1004 ἀπολογῃ

1590 931 1666 992 57,
1702 930 1822 983 466.
1866 932 1951 983 Ἐν
1985 932 2062 1001 τῷ
2106 934 2510 1006 ἀπολογῇ-ταῲ,
2543 940 2667 993 452.
2706 942 2768 991 Οἱ
2800 942 3059 1010 θεολόγοι,
3092 945 3216 998 455.

715 1014 960 1084 Gregorii
998 1014 1396 1085 (Nazianzenus
1423 1026 1475 1069 et
1509 1017 1832 1087 Nyssenus),
1864 1020 1987 1083 448,
2029 1019 2153 1073 449.

708 1100 949 1156 Joannes
982 1102 1360 1156 Antiochenus
1399 1102 1570 1169 episc.
1601 1102 1726 1155 441.

708 1186 855 1239 Julio
881 1188 1039 1242 Rom.
1067 1188 1269 1241 tributa
1302 1187 1535 1255 epistola
1560 1187 1625 1240 ad
1666 1188 1985 1257 Dionysium
2019 1199 2287 1259 suspecti:
2321 1192 2472 1257 ﬁdei,
2503 1194 2627 1258 445,
2658 1196 2780 1250 448.
2827 1196 2957 1265 Ejus
2982 1196 3211 1265 epistola
3244 1198 3311 1252 ad
3359 1201 3608 1267 Decium,
3658 1206 3856 1258 laudati

639 1288 668 1327 a
708 1273 913 1343 Cyrillo
944 1274 999 1327 in
1042 1272 1249 1343 synodo
1286 1273 1581 1341 Ephesina,
1611 1273 1734 1337 445,
1776 1274 1900 1327 446.

704 1361 814 1414 Leo
850 1376 1009 1429 papa,
1036 1360 1158 1414 465.
1191 1360 1321 1427 Ejus
1352 1360 1603 1427 epistola,
1639 1360 1762 1424 457,
1788 1360 1910 1413 461.
1945 1360 2330 1432 Perstringitm

1992 1363 2339 1432 erstringitur
2363 1383 2393 1419 a
2425 1366 2740 1423 Severianls
2769 1370 2875 1422 τῶν
2893 1372 2950 1423 ἑν
2993 1373 3192 1441 Ἰταλίᾳ
3223 1375 3251 1425 ὁ
3280 1374 3467 1440 τῦφος,
3500 1376 3618 1430 448.

706 1450 905 1503 Leonis
932 1448 1063 1517 imp.
1092 1447 1353 1515 ἐγκύκλια
1410 1448 1714 1515 γράμματα
1735 1488 1751 1511 ,
1786 1450 1987 1511 quibus
2015 1449 2327 1504 Chalcedon

1826 1450 1987 1501 uibus
2015 1449 2483 1507 Chalcedonensis
2513 1456 2705 1525 synddi
2737 1457 2959 1512 decreta
2990 1458 3295 1525 ﬁrmantur,
3323 1462 3445 1514 462.

702 1536 907 1597 Manes,
938 1535 1062 1596 440,
1100 1534 1221 1589 448.
1252 1533 1533 1587 Maniclnei
1561 1534 1789 1601 epistola
1815 1534 1881 1587 ad
1912 1535 2291 1605 Scythianum,
2323 1538 2447 1592 447.

704 1622 973 1692 Μωσαῖκὴ
1008 1622 1386 1688 Ὀκτάτευχος,
1414 1620 1538 1691 466,
1567 1618 1705 1675 Octo
1734 1620 1860 1674 libri
1886 1621 2005 1675 νει.
2032 1620 2181 1676 Test.
2210 1623 2265 1676 in
2294 1639 2330 1692 q

1818 1621 1860 1674 ri
1886 1621 2005 1675 Vet.
2032 1620 2181 1676 Test.
2210 1623 2265 1676 in
2294 1625 2495 1692 quibus
2523 1625 2787 1682 familiam
2820 1628 3030 1686 ducunt
3058 1631 3257 1704 Moysis
3294 1633 3444 1687 libri.

704 1708 1013 1771 Nestorius,
1046 1708 1169 1770 440,
1197 1707 1319 1767 442,
1346 1707 1469 1770 445,
1497 1707 1621 1769 446,
1651 1707 1773 1772 452,
1806 1707 1929 1761 455.

704 1792 1068 1847 Orientalium
1102 1792 1261 1857 ﬁdes;
1293 1792 1418 1853 442,
1452 1792 1577 1854 444,
1618 1794 1743 1858 452,
1779 1793 1900 1857 455,
1946 1794 2073 1848 454.

704 1882 765 1933 υἱ
807 1880 1056 1949 θεοφόροι
1090 1878 1353 1945 Πατέρες.
1391 1881 1513 1935 457.
1546 1880 1766 1944 Πολλοῖς
1797 1881 1905 1934 τῶν
1942 1882 2222 1952 Πατέρων,
2258 1882 2382 1949 457,
2420 1894 2526 1940 etc.

703 1967 926 2029 Paulus,
957 1968 1247 2035 episcopus
1267 1968 1588 2033 Emeseuus,
1620 1968 1744 2034 441,
1774 1968 1898 2022 442.

702 2054 902 2108 Paulus
931 2052 1345 2116 Samosatenus,
1378 2054 1499 2107 448.

712 2138 769 2191 '0
804 2140 1263 2209 Πνευματομάχος
1289 2139 1701 2210 (Macedonius),
1734 2141 1788 2195 in
1818 2142 2024 2213 synodo
2051 2142 2211 2199 CPot.
2242 2162 2338 2201 con

1205 2157 1263 2203 ος
1289 2139 1701 2210 (Macedonius),
1734 2141 1788 2195 in
1818 2142 2024 2213 synodo
2051 2142 2211 2199 CPot.
2242 2147 2667 2210 condemnatus.
2705 2150 2828 2204 450.

700 2225 995 2288 Polemius,
1025 2227 1351 2294 Apollinarii
1380 2227 1709 2296 discipulus,
1737 2229 1859 2281 417.

697 2311 1047 2373 Samaritani,
1076 2322 1265 2367 contra
1300 2329 1438 2381 quos
1464 2314 1657 2368 scribit
1692 2314 1978 2384 Eulogius,
2007 2315 2109 2370 466
2136 2332 2251 2386 seq.

698 2395 957 2461 Severus,
987 2397 1111 2459 457,
1144 2398 1268 2461 444,
1302 2398 1426 2460 460,
1460 2397 1581 2452 465.
1634 2400 1695 2451 Οἱ
1730 2400 1835 2453 ἀπὸ
1871 2400 2127 2471 Σευῆρου,
2171 2405 2272 2457 447
2305 2419 2324 2457 s

2214 2405 2272 2457 47
2305 2419 2419 2474 seq.
2464 2404 2605 2476 Πρὸς
2648 2408 2738 2459 τὸν
2777 2409 3160 2477 γραμματικὸν
3206 2411 3431 2480 Σέργιον
3461 2415 3700 2481 γράφων,
3739 2414 3840 2467 liii.

653 2483 711 2535 Ὀ
746 2482 929 2545 καινὸς
964 2483 1279 2554 νομοθέτης,
1307 2485 1430 2538 457.
1466 2485 1577 2552 Τῆς
1601 2488 1837 2557 Σευήρου
1867 2489 2186 2559 διασπορᾶς,
2221 2490 2345 2545 462.

698 2570 919 2658 §imeon
940 2563 1200 2658 ‘Stylites,
1226 2570 1347 2626 465.
1392 2570 1449 2624 Ὀ
1481 2572 1652 2658 μέγας
1687 2574 1917 2644 Συμεὼν
1947 2577 1974 2629 ὁ
2005 2576 2062 2628 ἐν
2088 2576 2164 2647 τῷ
2199 2578 2375 2646 στόλῳ
2410 2580 2499 2630 τὸν
2532 2580 2822 2649 ἁγγελικὸν
2863 2584 3068 2633 ἐκεῖνον
3102 2582 3213 2651 βίον
3242 2584 3651 2655 διανυσάμενος.

696 2654 884 2710 Simon
908 2656 1113 2727 Magus,
1144 2657 1269 2711 466.

694 2743 899 2819 Synodi
937 2746 1317 2801 Alexandrina
1358 2748 1540 2811 πίστις
1575 2748 1871 2818 ἔγγραφος,
1909 2750 2072 2805 missa
2103 2767 2131 2804 a
2168 2751 2316 2821 Cyril

2222 2752 2376 2821 yrillo
2410 2752 2475 2805 ad
2509 2752 2821 2808 Nestorium
2855 2766 2983 2807 ante
3018 2756 3286 2824 synodum
3320 2756 3575 2824 Ephesin.
3614 2758 3731 2810 450.
3761 2758 3848 2825 Sy-

622 2831 802 2914 nodus
825 2831 1311 2895 Chalcedonensis.
1342 2835 1467 2898 444,
1496 2836 1619 2896 447,
1651 2838 1774 2899 448,
1804 2838 1927 2900 451,
1950 2838 2072 2900 460,
2102 2837 2225 2891 461.

2222 2876 2225 2889 .
2252 2836 2363 2892 Sub
2389 2838 2661 2893 Marciano
2685 2848 2739 2893 et
2770 2839 2952 2895 Leone
2978 2837 3237 2907 (Thrace)
3268 2843 3415 2911 impp
3435 2845 3447 2853 ”
3465 2844 3587 2897 465.
3616 2844 3848 2914 Synodus

622 2913 933 2981 CPolitana,
963 2919 1084 2982 447,
1118 2918 1241 2973 450.
1275 2919 1527 2990 Synodus
1559 2921 1794 2984 Nicena,
1824 2923 1948 2984 448,
1979 2923 2101 2989 450,
2136 2923 2257 2977 457.

664 2999 679 3003 ”
698 3000 1080 3059 Thcodoretus
1114 3006 1319 3059 sanctis
1347 3006 1478 3060 viris
1502 3007 1921 3073 adnumeratur,
1956 3009 2080 3063 469..

705 3088 764 3142 ὐ
801 3092 1061 3160 Θεολόγος
1088 3094 1346 3163 (Joannes
1371 3094 1755 3164 evangelista),
1780 3096 1903 3150 459.

699 3177 1025 3233 Timotheus
1051 3180 1365 3245 hzereticus,
1392 3181 1516 3234 465.

698 3265 1025 3321 Theodorus
1057 3266 1495 3336 Mopsuestenus,
1529 3269 1652 3335 451,
1683 3269 1788 3344 452

697 3354 1019 3408 Valentinus
1052 3354 1364 3419 haereticus,
1398 3355 1521 3409 448.
1550 3356 1681 3426 Ejus
1708 3358 1873 3412 verba
1900 3375 1911 3411 :
1941 3359 2061 3411 Τῶν
2098 3359 2323 3413 Γαλιλαὲ

2226 3359 2394 3413 κλαίων
2420 3358 2509 3411 ἐπὶ
2532 3358 2766 3429 Χριστοῦ
2801 3359 2892 3411 δύο
2921 3358 3110 3424 φύσεις
3141 3358 3427 3424 λεγόντων,
3465 3360 3669 3412 πλατὺν
3699 3377 3852 3412 καταο

624 3440 823 3511 χέομεν
853 3441 1067 3508 γέλωτα
1089 3457 1102 3470 ·
1133 3443 1293 3510 ἡμεῖς
1321 3441 1428 3509 γὰρ
1456 3441 1550 3494 τοῦ
1584 3444 1781 3511 ὁρατοῦ
1814 3447 1906 3497 καὶ
1942 3446 2172 3515 ἀοράτου
2208 3448 2338 3514 μίαν
2370 3442 2509 3499 εἶναι
2548 3448 2645 3513 τὴν
2676 3447 2837 3511 φύσιν
2871 3446 3075 3513 φαμέν,
3108 3445 3231 3500 446.

695 3527 844 3581 Libri
868 3528 978 3581 duo
1002 3528 1215 3597 pridem
1244 3528 1517 3597 deperditi
1542 3530 1608 3583 ad
1638 3530 2008 3586 Domitianum
2041 3533 2327 3588 Melitenes
2356 3537 2675 3602 episcopum
2704 3546 2800 3600 pro
2826 3531 3024 3583 Leonis
3049 3532 3302 3594 lictnani,
3330 3533 3642 3588 Nestorium
3672 3534 3856 3603 pariter

625 3622 682 3669 et
728 3615 1028 3685 Eutychem
1060 3616 1368 3669 aversantis
1395 3654 1407 3678 ,
1444 3623 1593 3670 tomo
1624 3616 1943 3689 Apologiam
1985 3620 2252 3688 complexi
2296 3618 2559 3673 adversus
2608 3617 2912 3687 Acephalos
2957 3618 3348 3677 Timotheum.
3390 3620 3482 3688 qni
3534 3619 3766 3677 acutius.
3811 3627 3858 3671 et

628 3701 915 3765 Severum,
946 3702 1041 3770 qui
1069 3701 1243 3756 fusius
1278 3702 1431 3755 illum
1468 3714 1897 3773 oppugnaverat.
1928 3706 1985 3759 In
2014 3707 2117 3759 hoc
2144 3707 2353 3776 Eulogii
2386 3707 2594 3775 scripto
2624 3705 2879 3773 prmclare
2906 3704 3345 3759 demonstratum
3380 3719 3464 3759 est
3497 3707 3636 3775 :‘Mi;
3668 3707 3774 3777 δεῖ(
3804 3708 3859 3756 ἐκ

630 3788 829 3855 μέρους
853 3788 920 3839 τὰ
955 3788 1364 3856 συγγράμματα
1393 3789 1623 3857 κρίνειν,
1674 3790 1798 3859 μηδ’
1830 3794 2315 3861 ἀποσπαράγματά
2354 3811 2475 3845 τινα
2514 3791 2889 3859 λαμσάνοντας
2916 3791 3001 3843 διὰ
3046 3792 3251 3845 τούτων
3302 3795 3399 3861 τὴν
3442 3793 3571 3862 ὃλην
3615 3793 3706 3845 τοῦ
3738 3793 3859 3861 γρά-

629 3889 820 3940 φοντος
859 3872 1225 3927 ἐνδιαϐάλλων
1266 3874 1525 3939 διάνοιαν,
1575 3874 1648 3928 De
1676 3879 1885 3946 scriptis
1922 3878 2003 3931 uel
2042 3880 2255 3948 scriptor

2240 3896 2356 3932 rum
2388 3888 2559 3932 mente
2590 3895 2693 3930 non
2728 3894 2833 3930 esse
2867 3878 3139 3946 ferendum
3167 3879 3430 3949 judicium
3460 3897 3522 3933 ea:
3551 3880 3785 3950 partibus
3821 3887 3861 3931 et

629 3958 857 4025 laciniis,
912 3976 1077 4027 neque
1109 3962 1228 4014 hinc
1272 3960 1391 4015 illos
1439 3963 1732 4017 onerandas
1781 3965 2071 4019 calumnia.
2123 3965 2333 4020 Laudat
2377 3966 2519 4019 inter
2570 3964 2675 4016 alia
2725 3964 2995 4017 Eustathii
3036 3965 3363 4019 Antiocheni
3402 3966 3607 4020 librum
3659 3975 3860 4021 sextum

625 4058 819 4101 contra
854 4046 1119 4112 Arianos;
1158 4049 1233 4103 ita
1287 4050 1437 4103 enim
1493 4050 1807 4119 legendum,
1852 4056 1908 4105 ὲν
1943 4054 2085 4123 ἕκτῳ
2117 4053 2251 4122 λόγῳ

2236 4072 2261 4122 ρ
2305 4052 2447 4105 κατὰ
2496 4051 2797 4121 ’Δρειανῶιι
2842 4066 2940 4119 pro
2988 4054 3043 4102 ὲν
3077 4052 3135 4116 ἓξ
3174 4054 3374 4119 λόγῑιις,
3424 4054 3699 4122 siquidem
3749 4063 3862 4105 octo

624 4136 799 4189 libros
829 4136 1095 4190 adversus
1126 4136 1362 4192 Arianos
1390 4140 1689 4209 scripserat
1718 4140 2062 4205 Eustathius,
2094 4139 2163 4195 de
2191 4140 2397 4207 quibus
2419 4138 2531 4192 dixi
2560 4139 2668 4191 vol.
2703 4138 2840 4200 Vltl,
2876 4152 2931 4205 p.
2962 4137 3063 4191 170
3092 4154 3187 4207 seq
3248 4138 3386 4209 [vo].
3416 4140 3508 4205 IX,
3544 4157 3577 4208 p
3631 4140 3731 4194 15⁸1
3753 4156 3857 4207 seq.

624 4246 682 4285 n.
722 4228 906 4299 edit.].
938 4231 1209 4285 Praeterea
1251 4231 1435 4286 Basilii
1477 4232 1764 4301 epistolam
1812 4232 1878 4286 ad
1918 4233 2287 4303 Sozopolitas,
2315 4242 2370 4287 et
2401 4232 2468 4286 ad
2500 4233 2817 4286 monachos.
2865 4232 3125 4287 Memorat
3154 4242 3211 4286 et
3246 4234 3437 4287 Severi
3472 4234 3759 4302 epistolam
3800 4234 3859 4286 all

621 4316 902 4370 Julianum
940 4314 1437 4371 Halicarnasscum.
1478 4318 1785 4371 Nonnullos
1816 4319 2134 4386 interpretis
2164 4319 2377 4373 Schotti
2415 4321 2468 4373 in
2502 4320 2604 4372 hoc
2634 4327 2687 4371 et
2721 4318 2967 4385 proximo
3003 4318 3181 4371 Photit
3220 4319 3401 4387 capite
3438 4320 3628 4387 lapsus
3666 4329 3718 4373 et
3754 4319 3861 4371 hal-

624 4402 992 4456 lucinationes
1019 4404 1233 4456 notavit
1263 4404 1329 4473 Ι).
1358 4404 1505 4458 Elias
1534 4404 1779 4459 V'eielius
1818 4405 1871 4458 in
1914 4404 2151 4458 Diutribe
2179 4408 2242 4460 de

2234 4423 2242 4457 ε
2269 4409 2432 4461 sacris
2464 4406 2775 4474 οἰκονομίας
2805 4404 3076 4473 generibus
3136 4420 3187 4473 p.
3227 4405 3291 4458 19
3318 4420 3431 4475 seq.
3455 4405 3599 4461 Ulm.
3637 4405 3790 4469 1688,
3817 4408 3860 4459 4.

626 4487 709 4559 ιγ.
738 4486 985 4542 Thesanr.
1016 4488 1247 4557 epistol.,
1280 4489 1622 4553 Lacroziau.,
1654 4502 1786 4545 tom.
1817 4491 1906 4555 111,
1932 4508 1983 4560 p.
2012 4491 2164 4562 202.]

695 4579 953 4649 Ejusdem
1003 4580 1217 4650 Eulogii
1267 4582 1570 4652 presbyteri
1613 4582 1854 4652 primum
1896 4582 2224 4636 Antiocheni
2266 4588 2321 4632 et
2382 4579 2597 4637 abbatis
2642 4578 2699 4633 S.
2740 4577 2921 4632 Maria:
2961 4578 3432 4633 Justinianeorum
3459 4620 3473 4642 ,
3526 4594 3591 4634 ac
3636 4580 3862 4647 denique

621 4666 979 4720 Alexandrini
1007 4683 1160 4738 papa:
1190 4668 1306 4723 sive
1341 4668 1608 4739 episcopi,
1644 4684 1744 4739 pro
1781 4670 1977 4724 eodem
2008 4669 2210 4724 Leonis
2242 4667 2397 4721 Rom.
2443 4676 2590 4721 tumo
2623 4667 2763 4721 liber
2797 4667 3063 4721 adversus
3102 4667 3476 4723 Theodosium
3518 4678 3575 4722 et
3611 4669 3859 4722 Severum

621 4752 954 4821 Acephalos,
1005 4755 1059 4807 in
1107 4755 1289 4810 Leone
1331 4756 1845 4825 reprehendentes,
1892 4771 2015 4827 qua:
2074 4766 2185 4810 no‘n
2236 4756 2400 4810 modo
2442 4754 2685 4826 synodus
2726 4753 3192 4809 Chalcedonensis
3243 4764 3298 4809 et
3346 4754 3607 4825 Cyrillus.
3664 4756 3756 4808 sed
3814 4764 3862 4807 et

624 4839 721 4894 SS.
765 4840 1022 4895 doctores
1052 4842 1409 4906 Athanasius,
1443 4843 1767 4913 Gregorius,
1817 4844 2073 4910 Basilius,
2107 4844 2432 4899 Ambrosius
2460 4856 2517 4897 et
2554 4843 2977 4913 Amphilochius
3005 4843 3281 4915 sutl‘ragiis
3314 4845 3429 4898 suis
3462 4843 3862 4899 contirmarant.

622 4925 752 4981 llrcc
780 4942 1001 4995 quoque
1026 4928 1239 4998 Eulogii
1268 4929 1580 4983 lucubratio
1616 4931 1921 4985 intercidit.
1947 4930 2073 4986 Vid.
2108 4930 2355 4994 Reines.,
2385 4928 2539 4983 Varr.
2580 4928 2722 4992 lect.,
2752 4944 2806 4997 p.
2844 4928 2961 4982 152.

695 5015 957 5081 Ejusdem
990 5015 1170 5071 sancti
1205 5017 1310 5070 viri
1344 5018 1750 5086 στηλιτευτιχὸς
1782 5019 1896 5073 sive
1930 5019 2195 5073 Invectiva
2232 5018 2286 5072 in

2232 5018 2286 5072 in
2328 5016 2805 5070 Theodosianorum
2834 5024 2881 5068 et
2913 5015 3200 5079 Γαῖνιτῶν,
3248 5014 3363 5068 Caii
3412 5014 3501 5083 (de
3545 5029 3657 5081 quo
3689 5029 3856 5080 supra,

622 5117 679 5172 p.
719 5101 843 5166 216,
888 5102 978 5157 ed.
1024 5102 1186 5173 vet.),
1228 5112 1549 5157 sectatorum
1596 5104 1944 5159 subitaneam
1988 5121 2052 5160 ac
2096 5121 2223 5159 mox
2269 5104 2469 5157 iterum
2518 5103 2807 5157 rescissam
2858 5102 3365 5155 reconciliationem
3414 5110 3466 5154 et
3517 5101 3857 5161 concordiam,

624 5189 770 5243 cmil'.
818 5190 1042 5245 Reines.
1092 5190 1465 5261 Var.Lect.,p.
1497 5190 1619 5246 466.
1666 5192 1769 5246 Per
1798 5193 2109 5263 οἰκονομίαν
2132 5193 2186 5246 in
2219 5191 2326 5246 hoc
2357 5191 2535 5261 capite
2575 5206 2687 5245 non
2731 5190 3041 5243 incarnatiu
3089 5188 3443 5258 intelligenda
3483 5203 3609 5241 cum
3649 5187 3861 5242 Schotto

622 5285 707 5329 est
745 5276 838 5344 te),
879 5278 1017 5331 inde
1055 5286 1219 5331 totam
1254 5278 1560 5333 orationem
1593 5278 1888 5333 obscuram
1934 5279 2091 5333 reddi
2130 5279 2237 5335 fuit
2274 5296 2533 5343 necesse,
2576 5279 2671 5335 sed
2718 5278 3059 5347 dispensatio
3101 5277 3475 5370 ecclesiastica
3520 5276 3588 5370 in.
3610 5275 3859 5370 servanda

623 5378 760 5433 pace
808 5379 934 5417 cum
981 5364 1379 5419 dissidentibus
1420 5374 1478 5420 et
1521 5366 1761 5420 vitandis
1798 5366 1977 5421 turbis
2011 5382 2074 5421 ac
2121 5368 2481 5430 tumultibus,
2518 5367 2691 5422 modo
2726 5382 2855 5420 sana
2886 5363 3136 5419 doctrina
3187 5362 3327 5416 nihil
3380 5360 3511 5416 inde
3558 5360 3857 5414 detrimenti

627 5450 810 5517 capiat
863 5451 1338 5517 Quemadmodum
1363 5452 1663 5523 Gregorius
1693 5454 1826 5509 Νη.
1863 5456 1939 5508 ait
1989 5456 2350 5510 Athanasium
2386 5456 2438 5509 in
2470 5455 2657 5529 verbis
2686 5456 2917 5509 cessisse
2942 5468 3003 5506 ac
3036 5452 3207 5505 fuisse
3238 5449 3474 5512 facilem,
3511 5448 3604 5502 ubi
3632 5448 3687 5501 in
3716 5446 3861 5500 rebus

630 5555 963 5595 consensum
998 5542 1480 5598 animadvertisset
1507 5561 1519 5597 :
1544 5552 1709 5613 atque
1732 5546 1787 5600 in
1812 5543 1965 5599 Orat.
1990 5544 2054 5597 de
2077 5544 2256 5599 Perna

2234 5552 2383 5598 :coste
2417 5542 2771 5613 reprehendit
2805 5542 2930 5603 τοὺς
2966 5540 3080 5602 ταῖς
3110 5536 3399 5599 omnem
3423 5534 3860 5605 δυσχεραίνοντας

710 5750 780 5819 (ι)
828 5751 999 5819 Quem
1054 5771 1119 5807 cu
1170 5758 1391 5810 nomine
1450 5757 1807 5825 t'vprchemlit
1843 5756 2092 5811 Valesius
2116 5756 2181 5810 ad
2228 5757 2550 5823 Philosturg.
2592 5771 2661 5814 γι,
2693 5753 2742 5804 5.
