4118 6478
251 442 394 508 39:29

1323 462 1580 524 SERMO
1622 464 1698 523 LV
1745 464 1998 524 RAMOS
2041 469 2489 532 PAUIARUM.

3401 483 3542 545 9-330

254 558 444 630 νήσῃςο
487 559 599 629 ἐγὼ
645 563 701 616 δὲ
737 565 896 619 τοῦτο
929 567 1134 638 τρέμω,
1168 572 1242 642 μὴ
1271 561 1521 642 ’Θεότητα
1558 577 1824 630 παθοῦσαι

1949 591 2196 635 metuere
2215 583 2445 649 videris,
2480 602 2545 638 ne
2571 600 2694 638 cum
2733 588 2827 642 Dei
2860 605 3060 660 corpus
3085 605 3304 660 passum
3331 595 3538 664 aliquid

253 651 352 703 καὶ
382 651 648 706 θανοῦσαν
679 656 839 720 simu,
866 661 957 711 καὶ
983 661 1043 712 τὸ
1075 664 1182 715 πᾶν
1205 665 1300 732 τῆς
1329 666 1560 735 Τριάδος
1586 669 1842 737 ἀτιμάσω

254 740 578 812 μυστήριον.
629 745 690 796 Εἰ
724 747 823 814 μὲν
856 749 965 820 γὰρ
994 753 1021 804 6
1053 752 1227 821 Λόγος
1256 754 1535 821 ἔπαθενμό
1565 760 1620 812 δὲ
1653 761 1842 832 Πατὴρ

249 835 502 900 ἀπαθοῦς
533 839 649 891 ἐστι
704 841 940 908 φύσεως.
976 851 1195 910 πάντως
1245 850 1380 922 ἄλλη
1429 848 1498 924 ἦν
1539 856 1697 909 οὐσία
1747 858 1842 910 τοῦ

249 928 450 995 Λόγου,
486 932 581 984 καὶ
612 933 744 1003 ἄλλη
779 937 810 1004 ἡ
843 936 936 988 τοῦ
964 938 1101 992 Θεοῦ
1143 943 1377 1011 Πατρός.
1421 947 1530 999 Καὶ
1562 947 1614 999 τί
1656 947 1844 1002 λοιπὸν

263 1018 565 1088 Ἀρειανοῖς
597 1023 866 1093 μάχεσθαι
895 1028 983 1082 διὰ
1010 1030 1196 1097 τοῦτο;
1224 1037 1272 1086 εἰ
1305 1035 1362 1088 δὲ
1396 1037 1493 1106 μία
1539 1039 1698 1093 οὐσία
1731 1041 1844 1094 Πα-

248 1111 402 1202 ἶερδς,
458 1114 551 1165 καὶ
608 1116 702 1169 τοῦ
769 1119 968 1185 Λόγου,
1025 1125 1250 1177 καὶτοῦ
1293 1127 1451 1195 ἁγίου
1496 1130 1838 1202 Πνεύματος,

248 1200 420 1254 ἔπαθε
455 1202 511 1255 δὲ
540 1207 566 1256 6
592 1207 688 1258 τοῦ
720 1208 857 1262 Θεοῦ
887 1213 1059 1279 Λόγος
1100 1216 1160 1267 ἐν
1197 1220 1382 1288 σαρκὶ,
1422 1200 1672 1294 παθητῆς
1708 1226 1838 1278 πάν.

245 1310 358 1355 τως
381 1296 570 1359 οὐσίας
601 1300 694 1351 καὶ
726 1300 946 1373 Θνητῆς,
981 1307 1072 1360 καὶ
1104 1310 1130 1360 6
1158 1311 1370 1382 Πατὴρ,
1403 1314 1581 1368 καὶτὸ
1617 1317 1841 1382 Πνεῦμα

244 1384 311 1438 τὸ
344 1385 518 1454 ἅγιον.
556 1391 616 1443 Εἰ
640 1391 750 1462 γὰρ
787 1397 1093 1469 συνέπασχε
1125 1403 1190 1471 τῇ
1225 1404 1392 1474 σαρκὶ
1421 1407 1449 1457 6
1477 1406 1672 1473 Λόγος,
1708 1411 1841 1462 πάιν-

245 1495 356 1541 τως
392 1480 487 1532 καὶ
525 1485 874 1557 συντέθνηκε.
924 1489 1033 1542 Καὶ
1089 1493 1136 1545 εί
1191 1495 1539 1568 συντέθνηκε,
1590 1500 1708 1564 πῶς
1749 1502 1838 1555 τὸν

245 1570 383 1641 ᾅδην
412 1573 705 1627 ἐσκύλευσε
729 1593 742 1641 ;
771 1578 887 1640 πῶς
906 1581 1030 1644 τοὺς
1050 1585 1279 1651 νεκροὺς
1308 1587 1606 1661 ἀνέστησεν
1631 1609 1645 1657 ;
1678 1594 1837 1664 εὑρε-

243 1660 473 1732 θήσεται
505 1665 561 1717 δὲ
595 1667 689 1719 καὶ
719 1667 895 1722 Θανὼν
943 1675 1234 1743 χωρισθεὶς
1265 1679 1480 1741 πάντως
1498 1660 1603 1734 τοῦ
1633 1660 1837 1748 ζῶντος

243 1756 481 1825 Πατρός.
511 1759 622 1812 Καὶ
654 1761 702 1812 εἰ
730 1761 909 1828 τοῦτο,
933 1765 1032 1818 οὐκ
1058 1767 1136 1821 ἔτι
1163 1768 1350 1824 λοιπὸν
1381 1771 1550 1844 Τριὰς
1581 1777 1639 1828 ὲν
1670 1777 1834 1848 οὐρα-

239 1845 321 1916 νῷ
360 1849 503 1938 κατὰ
534 1851 626 1903 τὸν
664 1852 760 1905 τοῦ
795 1855 1004 1919 πάθους
1026 1861 1240 1929 καιρὸν,
1268 1863 1402 1916 ἀλλὰ
1440 1865 1593 1931 δυὰς,
1629 1845 1836 1938 ἀναμέ-

239 1952 409 2028 νουσα
441 1937 530 1991 τὸν
558 1940 749 2009 Λόγον,
787 1943 874 1997 ἵνα
903 1946 1011 2000 ἀπὸ
1035 1949 1128 2002 τοῦ
1159 1953 1371 2023 [ἰατρὸς
1398 1957 1627 2028 ἀναστῇ,
1661 1937 1833 2016 καῖὲν

233 2027 458 2122 οὐρανῷ
476 2029 697 2122 ἀνέλθῃ.
739 2035 803 2086 Ὢ
831 2036 930 2106 τῆς
957 2038 1220 2110 ἀθεμίτου
1245 2043 1485 2116 τόλμηςι
1519 2027 1672 2114 ﬁnio;
1711 2051 1834 2122 όφις

231 2114 534 2209 ψιθυρίσας
579 2121 832 2195 ἠπάτησε
891 2129 1014 2192 τοὺς
1079 2114 1685 2209 θεομάχουςτπαθητδν
1739 2114 1831 2194 τὸν

228 2207 424 2277 ἅπαθῆ
469 2212 890 2284 amarent/adﬂat;
933 2219 982 2272 οἳ
1032 2214 1124 2276 ’ἑὸν
1170 2225 1411 2298 κτίστην
1458 2207 1670 2284 ποιοῦσι
1721 2233 1830 2286 τῶν

229 2300 554 2405 ξτισμάτων
587 2303 996 2404 ἀσθενέστερον.
1029 2311 1146 2405 ῼύιι
1188 2315 1449 2390 ὲντρέπῃ,
1484 2314 1528 2372 ὦ
1557 2322 1825 2392 αίρετικὲ,

226 2390 402 2485 ἥλιον-
433 2395 491 2446 ὲν
538 2384 739 2467 δένδρῳ
779 2384 1154 2470 τυγχάνοντα,
1203 2384 1301 2460 καί
1344 2384 1427 2462 τόν
1462 2412 1560 2480 μὲν
1610 2384 1830 2485 όένδρον

229 2483 592 2554 τεμνόμενον,
615 2486 708 2540 τὸν
738 2488 795 2542 δὲ
821 2490 972 2561 ἣλιον
994 2494 1116 2548 οὐδὲ
1135 2496 1529 2570 χωριζόμενον,
1556 2503 1678 2558 οὐδὲ
1698 2483 1826 2558 συν-

226 2575 569 2646 ταμνόμενον
590 2595 604 2609 ο
634 2580 726 2634 τὸν
762 2581 819 2635 δὲ
840 2585 957 2654 ,τῆς
985 2586 1336 2660 δικαιοσύνης
1363 2592 1552 2648 Ἥλιον
1588 2597 1828 2668 παθητὸν

227 2673 412 2740 λέγων
443 2675 500 2728 ιν
522 2675 597 2746 τῷ
630 2678 746 2748 ἰδίῳ
775 2679 990 2751 σώματι
1011 2684 1306 2755 γενόμενον
1330 2705 1344 2755 ;
1367 2692 1489 2744 οὐδὲ
1517 2695 1684 2762 φονέα
1705 2697 1829 2750 τινὰ

227 2764 266 2835 ἢ
299 2765 629 2838 κακοῦργον,
664 2765 710 2823 ὦ
739 2773 1043 2846 κακοῦργε,
1080 2777 1336 2850 ἑώρακας
1366 2785 1608 2858 κεφαλὴν
1637 2787 1669 2858 ἢ
1710 2791 1824 2859 χεί-

231 2874 338 2928 ρας
367 2861 753 2932 στερούμενον,
787 2865 884 2936 τὴν
909 2866 966 2920 δὲ
1001 2870 1270 2926 ἀθάνατον
1299 2883 1322 2910 ⁸
1349 2874 1528 2948 ψυχὴν
1551 2881 1717 2934 αὐτοῦ
1749 2884 1824 2955 μὴ

229 2951 795 3025 συναποθνήσκουσαν
825 2958 904 3029 τῷ
947 2959 1198 3032 σώματι;
1233 2961 1354 3020 εἶτα
1392 2968 1584 3024 ἔλαϐον
1617 2985 1643 3014 ﬁ
1679 2951 1824 3029 οὗτοί

224 3044 458 3114 καιρίαν
486 3047 585 3117 τὴν
630 3050 848 3120 πληγὴν
880 3051 986 3105 ὑπὸ
1013 3055 1109 3108 τοῦ
1145 3057 1349 3124 Λόγου,
1403 3062 1497 3114 καὶ
1529 3064 1824 3121 πέπτωκεν

221 3137 267 3189 ὁ
291 3135 577 3208 θεομάχοςθ
605 3141 768 3194 πάλιν
797 3143 1130 3200 ἀνέπνευσεν
1153 3149 1180 3200 6
1215 3151 1619 3224 Χριστομάχος·
1663 3159 1824 3213 πάλιν

220 3231 580 3300 ἀναισχυντεῖ
619 3236 645 3287 6
688 3235 958 3303 Ἰουδαῖος.
992 3243 1056 3295 Τί
1083 3243 1289 3312 λέγων;

1949 674 2128 735 audis,
2178 676 2378 728 nudum
2424 671 2730 731 creaturam
2779 679 2997 745 adores,
3026 682 3189 751 eique
3223 687 3539 739 communi-

1947 780 2079 818 ces:
2111 777 2162 819 at
2207 783 2308 837 ego
2345 767 2478 822 illud
2521 767 2844 836 reformido,
2892 788 2960 826 ne
3007 773 3271 829 deitatem
3323 792 3535 845 passam

1946 867 2109 926 atque
2159 868 2431 914 mortuam
2479 860 2679 926 dicam,
2730 872 3017 934 totumque
3078 865 3368 921 Trinitatis
3415 883 3537 940 my-

1946 945 2176 1000 sterium
2223 949 2430 1017 probro
2457 949 2712 1004 alliciam.
2745 951 2801 1004 Si
2839 952 3063 1021 quidem
3116 956 3263 1008 enim
3292 955 3535 1012 Verbum

1945 1052 2164 1106 passum
2219 1048 2325 1104 est,
2373 1040 2535 1094 Pater
2581 1050 2766 1095 autem
2819 1052 2904 1096 est
2939 1042 3264 1111 impatibilis
3300 1053 3534 1109 naturze,

1945 1129 2169 1183 omnino
2198 1131 2304 1184 erit
2343 1131 2448 1185 alia
2491 1131 2656 1186 Verbi
2697 1132 2958 1196 essentia,
3015 1149 3078 1187 ac
3128 1135 3234 1188 alia
3285 1134 3380 1189 Dei
3432 1135 3534 1189 Pa-

1947 1221 2064 1288 tris.
2119 1221 2263 1286 Quid
2310 1238 2440 1277 vero
2473 1225 2584 1294 jam
2633 1239 2701 1278 eo
2760 1226 2987 1280 nomine
3041 1226 3346 1282 habeamus
3406 1243 3537 1283 cum

1943 1315 2164 1368 Arianis
2191 1316 2473 1386 pugnare?
2503 1315 2661 1382 Quod
2698 1317 2743 1372 si
2793 1333 2901 1371 una
2957 1327 3042 1373 est
3075 1320 3317 1374 essentia
3356 1320 3535 1374 Patris

1943 1413 1998 1457 et
2041 1405 2203 1458 Verbi
2235 1420 2301 1459 ac
2336 1405 2576 1475 Spiritus
2610 1408 2810 1473 sancti,
2843 1423 3066 1478 passum
3099 1419 3284 1462 autem
3315 1421 3400 1465 est
3436 1411 3534 1465 Dei

1943 1499 2183 1554 Verbum
2216 1501 2272 1554 in
2303 1516 2512 1566 carne;
2549 1501 2742 1570 utique
2786 1512 2952 1555 erunt
2998 1510 3052 1555 ct
3097 1503 3280 1567 Pater,
3328 1512 3383 1556 et
3409 1502 3534 1572 Spi-

1941 1574 2091 1647 ritus
2127 1601 2372 1658 sanctus,
2403 1594 2650 1662 patibilis
2680 1609 2742 1648 ac
2783 1594 3032 1649 mortalis
3084 1595 3430 1650 substantiae.
3476 1595 3532 1658 Si

1938 1684 2083 1737 enin.
2119 1685 2355 1738 Verbum
2401 1700 2510 1738 una
2541 1700 2665 1738 cum
2694 1700 2862 1740 carne
2901 1701 3121 1752 passum
3148 1694 3253 1750 est,
3301 1687 3532 1741 omnino

1938 1777 2104 1830 etiam
2133 1793 2258 1831 cum
2291 1776 2382 1831 illa
2413 1786 2696 1832 mortuum
2727 1786 2831 1836 est.
2857 1776 3012 1843 Quod
3037 1787 3125 1832 est
3152 1782 3362 1848 pariter
3384 1795 3530 1833 mor-

1938 1877 2116 1933 tuum,
2155 1868 2435 1938 quomodo
2463 1869 2721 1939 spoliavit
2759 1870 3006 1925 inferos?
3060 1871 3349 1937 Quomodo
3379 1887 3530 1926 mor-

1939 1969 2059 2015 tuos
2082 1960 2386 2014 excitavit?
2413 1960 2519 2016 Sed
2551 1970 2608 2016 et
2644 1962 2792 2031 quod
2837 1972 3090 2016 mortuus
3119 1965 3211 2026 sit,
3253 1963 3414 2034 plane
3447 1964 3534 2018 in-

1934 2053 2193 2107 venietur
2217 2068 2248 2106 a
2284 2053 2447 2108 Patre
2473 2053 2696 2108 vivente
2728 2066 3036 2124 separatus.
3067 2055 3225 2121 Quod
3250 2057 3295 2111 si
3322 2057 3396 2110 ita
3422 2065 3526 2120 est,

1934 2161 2045 2200 non
2072 2145 2311 2214 amplius
2353 2155 2470 2200 erat
2495 2147 2550 2199 in
2580 2147 2723 2201 cmlo
2757 2147 3006 2201 Trinitas
3037 2156 3285 2217 tempore
3315 2148 3527 2214 passio-
3579 2146 3584 2148 ’
3618 2159 3619 2162 ‘

1933 2237 2040 2299 nis,
2071 2237 2169 2290 sed
2202 2236 2424 2302 binitas,
2451 2246 2782 2306 exspectans
2817 2246 2878 2291 ιιι
2907 2237 3152 2292 Verbum
3187 2239 3518 2294 excitaretur

1933 2345 1962 2383 a
1993 2330 2176 2393 Patre,
2226 2337 2283 2383 et
2314 2328 2523 2384 rediret
2570 2330 2624 2383 in
2666 2329 2888 2384 caalum.
2946 2327 2990 2383 Ο
3023 2328 3318 2384 nefandam
3354 2331 3513 2385 auda-

1931 2419 2115 2475 ciam?
2145 2418 2279 2485 Quis
2301 2435 2532 2490 serpens
2558 2420 2722 2474 sibilo
2752 2434 2854 2474 suo
2887 2419 3110 2474 deitatis
3138 2419 3327 2476 hostes
3361 2421 3530 2476 dece-

1931 2513 2032 2583 pit,
2054 2522 2114 2568 ut
2134 2513 2417 2584 patibilem
2440 2528 2583 2580 esse,
2606 2512 2969 2582 impatibilem
2991 2513 3166 2567 Deum
3187 2525 3522 2576 assererem,

1932 2605 2026 2676 qui
2047 2606 2388 2672 Creatorem,
2426 2603 2628 2659 creatis
2661 2605 2828 2660 rebus
2859 2604 3067 2660 facient
3117 2605 3526 2662 infirmiorem?

1929 2699 2050 2753 Non
2085 2705 2137 2752 te
2171 2696 2365 2768 pudet,
2409 2714 2442 2752 o
2466 2699 2748 2763 haeretice,
2783 2708 2843 2754 ut
2874 2700 3048 2754 solem
3084 2698 3309 2769 quidem
3341 2698 3395 2752 in
3428 2715 3523 2753 ar—

1928 2791 2062 2846 bore
2092 2791 2471 2856 exsistentem,
2495 2807 2633 2845 emsa
2661 2792 2882 2857 arbore,
2907 2808 3012 2846 nec
3040 2792 3285 2862 separari
3310 2792 3379 2847 ab
3407 2792 3522 2857 illa,

1933 2895 2038 2935 nec
2065 2880 2272 2951 pariter
2299 2880 2458 2945 credi,
2483 2879 2669 2944 dicas;
2702 2880 2884 2935 Solem
2915 2897 3049 2936 vero
3077 2882 3328 2953 iustitiae,
3348 2882 3402 2936 in
3424 2898 3526 2937 suo

1928 2988 2144 3029 asseras
2191 2988 2422 3042 corpore
2474 2971 2679 3027 factum
2727 2975 3055 3043 patibilem?
3088 2974 3300 3044 Neque,
3328 2991 3360 3029 o
3394 2991 3525 3045 per~

1928 3069 2063 3133 dite,
2110 3069 2324 3132 vidisti,
2363 3068 2444 3123 sic
2485 3069 2828 3124 homicidam
2870 3081 2968 3125 aut
3001 3071 3380 3125 facinorosum
3418 3071 3514 3124 ali-

1927 3177 2136 3231 quem,
2166 3161 2349 3230 capite
2381 3170 2475 3214 aut
2500 3160 2760 3216 manibus
2789 3163 3056 3226 truncari,
3104 3171 3164 3215 ut
3198 3173 3379 3217 tamen
3417 3163 3519 3217 im-

1852 3252 1894 3309 C
1930 3254 2179 3310 mortalis
2211 3254 2334 3324 ejus
2372 3255 2555 3308 anima
2609 3254 2758 3309 haud
2804 3253 3060 3308 interiret
3096 3255 3207 3323 (l2)
3255 3272 3360 3309 una
3394 3271 3518 3310 cum

219 3325 499 3392 corpore?
527 3326 855 3397 Quanquam
902 3333 957 3386 bi
991 3334 1195 3392 lethale
1243 3339 1444 3396 vulnus
1481 3358 1810 3414 argumento
1849 3350 1953 3404 hoc
1996 3356 2353 3416 acceperunt,
2428 3348 2752 3418 corruitque
2823 3348 2923 3401 Dei
2972 3357 3356 3419 oppugnator;
3389 3365 3518 3404 rur-

218 3434 351 3474 sum
410 3427 592 3474 tamen
642 3421 856 3478 animos
911 3430 1209 3498 resumpsit
1259 3444 1611 3505 oppugnator
1669 3439 1878 3498 Christi

218 3513 332 3568 bus
369 3513 597 3567 verbis?

295 3611 373 3706 Γ.Δ
393 3612 556 3683 Ὅρα,
613 3615 801 3685 φησιν,
836 3618 917 3671 ὅτι
951 3621 1012 3673 οὐ
1045 3621 1200 3690 Θεὸν,
1240 3628 1356 3681 ἀλλ’
1390 3631 1680 3706 ἄνθρωπον
1707 3641 1820 3693 ἀπ-

215 3701 568 3774 εκτείναμεν.
599 3707 744 3776 Πρὸς
768 3708 829 3761 ὃν
876 3711 1081 3778 εὐθέως
1116 3717 1283 3773 καλὸν
1326 3701 1526 3792 εἰπεῖν,
1575 3730 1776 3785 Σιώπα
1802 3749 1813 3761 '

214 3794 540 3885 πεφίμωσο
567 3811 581 3826 '
625 3797 759 3851 λάὸε
793 3803 1046 3873 κατόχιον
1079 3807 1172 3861 ἐπὶ
1194 3810 1272 3880 τῷ
1307 3814 1558 3885 στόματι.
1596 3821 1779 3878 Ἔστω
1802 3840 1816 3856 ο

214 3884 756 3981 νόμονὴοέτησας·
812 3891 972 3959 ἔστω,
1037 3901 1355 3970 προφήτας
1415 3907 1815 3981 ἀπέκτειναςο

213 3979 343 4074 οῦδὲ
371 3980 464 4035 τὸν
487 3982 653 4074 Δαόὶδ
685 3985 949 4059 ἐρυθριᾷς
979 3993 1106 4061 περὶ
1136 3994 1230 4047 τοῦ
1262 3997 1503 4067 Χριστοῦ
1543 3979 1772 4074 λέγοντα
1798 4025 1812 4040 ⁸

229 4072 335 4125 Ἐκ
359 4073 628 4140 γαστρὸς
659 4077 775 4143 πρὸ
812 4077 1125 4149 ἑωσφόρον
1147 4085 1446 4157 ἐγέννησέ
1468 4111 1578 4162 pe;
1618 4072 1677 4152 Ὅ
1701 4101 1811 4154 Πα-

209 4164 322 4235 τὴρ
361 4164 494 4260 ἄνω.
543 4166 655 4221 Καὶ
690 4169 856 4225 πάλιν
877 4189 893 4204 ο
931 4176 1149 4244 Κύριος
1184 4176 1319 4235 εἶπε
1361 4188 1513 4253 πρός
1531 4206 1608 4258 με
1633 4207 1646 4220 ο
1682 4194 1814 4260 Υἱός

202 4275 333 4330 μου
361 4253 426 4357 ¹εἳ
455 4261 561 4357 σὺ,
591 4263 708 4357 ἐγὼ
759 4265 1030 4337 σήμερον
1070 4273 1403 4346 γεγέννηκά
1434 4253 1667 4338 σεξΔύο
1696 4253 1811 4357 εχεὶ

207 4349 505 4447 γεννήσεις
537 4353 566 4404 6
596 4348 678 4447 εἷς
709 4356 805 4408 καὶ
838 4358 1000 4428 μόνος
1027 4362 1267 4434 Χριστός
1287 4383 1301 4395 ·
1329 4367 1459 4438 μίαν
1490 4373 1554 4426 ὲκ
1596 4348 1812 4447 Πατρός

207 4440 482 4510 ἀχρόνως,
519 4445 615 4497 καὶ
646 4446 816 4518 ἄλλην
861 4451 939 4504 ὲκ·
962 4455 1172 4525 μητρὸς
1200 4459 1462 4531 ἀσπόρως
1496 4480 1508 4492 ·
1544 4465 1675 4519 ὅταν
1717 4440 1811 4524 οῦν

206 4533 364 4628 ξεγει
391 4549 405 4562 ·
451 4536 572 4590 Τόν
594 4538 792 4594 νῶτόν
815 4561 936 4612 μου
955 4544 1187 4602 δέδωκα
1218 4553 1307 4617 εις
1342 4555 1670 4627 μάστιγας,
1705 4563 1812 4628 τὰς

204 4624 278 4723 4-3:}
311 4628 606 4723 σιαγόνας
635 4649 775 4723 ,μου
817 4636 905 4699 εἰς
952 4637 1307 4710 ῥαπίσματα
1335 4659 1349 4673 ·
1391 4624 1565 4702 ταῦτα
1621 4624 1684 4704 tit
1713 4624 1810 4723 τῆς

205 4715 433 4809 Μαρίας
489 4719 591 4790 τῆς
628 4721 689 4785 ἐξ
755 4723 924 4778 Ἰούδα
957 4727 1118 4784 ἔλαϐε
1145 4749 1156 4760 ·
1209 4736 1304 4789 καὶ
1339 4737 1485 4809 ἆπερ
1527 4741 1586 4805 ἐξ
1639 4715 1808 4798 1666a—

1955 3461 1967 3496 :
2036 3457 2233 3497 rursus
2287 3439 2642 3510 impudenter
2714 3439 2940 3496 Iudaeus
2987 3441 3327 3512 aggreditur.
3381 3443 3518 3511 Qui-

1997 3642 2062 3696 X.
2104 3641 2264 3708 Vide,
2316 3641 2516 3710 inquit,
2565 3651 2625 3694 ut
2676 3656 2787 3696 non
2837 3642 3031 3707 Deum,
3086 3644 3180 3697 sed
3234 3641 3516 3698 hominem

1921 3736 2392 3793 interfecerimus.
2428 3736 2527 3790 Cui
2565 3735 2831 3790 continuo
2867 3752 3051 3806 operte
3097 3739 3335 3807 pretium
3369 3735 3521 3790 dice-

1921 3844 2046 3885 mus
2073 3847 2085 3883 :
2129 3829 2282 3893 Tace,
2315 3831 2609 3883 obmutesce
2635 3830 2700 3895 ⁶²;
2727 3829 2813 3884 ori
2845 3829 3062 3885 frenum
3090 3831 3312 3885 adhibe.
3347 3830 3476 3884 Esto
3500 3846 3514 3882 :

1919 3922 2097 3992 legem
2137 3929 2465 3990 aspernatus
2510 3921 2587 3975 sis
2638 3938 2650 3973 :
2704 3929 2860 3984 esto,
2895 3925 3176 3992 prophetas
3211 3922 3460 3975 occideris
3501 3938 3518 3974 :

1922 4031 2032 4069 non
2079 4014 2356 4067 revereris
2407 4013 2671 4067 Davidem
2703 4011 2980 4069 dicentem
3015 4015 3083 4069 de
3128 4014 3351 4069 Christo
3390 4033 3400 4067 :
3436 4014 3517 4068 Ex

1923 4114 2072 4160 utero
2102 4115 2226 4158 ante
2258 4105 2540 4174 luciferum
2571 4107 2753 4176 genuit
2781 4123 2862 4159 me
2895 4107 2976 4159 ‘3?
3001 4107 3211 4177 Nempe
3239 4123 3518 4176 supernus

1923 4198 2105 4252 Pater.
2164 4197 2232 4251 Et
2275 4211 2497 4250 rursum
2536 4214 2548 4250 :
2599 4196 2851 4252 Dominus
2892 4199 3023 4252 dixit
3071 4200 3140 4252 ad
3185 4214 3316 4252 me:
3350 4197 3517 4260 Filius

1925 4306 2068 4344 meus
2102 4305 2155 4343 es
2182 4297 2276 4345 tu:
2314 4304 2407 4359 ego
2436 4289 2587 4342 hodie
2623 4290 2780 4359 genui
2817 4299 2866 4342 te
2894 4290 2958 4343 5‘.
3005 4291 3149 4345 Duas
3177 4289 3344 4345 habet
3371 4290 3515 4344 nati-

1922 4382 2141 4447 vitates,
2177 4397 2323 4437 unus
2354 4383 2471 4452 ipse
2498 4397 2562 4437 ac
2590 4382 2887 4452 singularis
2922 4384 3215 4450 Christus;
3252 4400 3416 4438 unam
3448 4400 3516 4439 ex

1914 4475 2076 4530 Patre
2127 4475 2248 4529 sine
2299 4484 2566 4544 tempore,
2604 4474 2881 4544 aliamque
2915 4491 2978 4530 cx
3039 4486 3214 4532 matre
3262 4478 3381 4551 sine
3426 4493 3514 4532 se-

1916 4567 2084 4621 mine.
2115 4565 2254 4621 Cum
2281 4581 2413 4635 ergo
2447 4567 2554 4620 ait:
2584 4566 2720 4619 Dedi
2746 4567 2960 4621 dorsum
2985 4586 3155 4622 ..-teum
3177 4571 3232 4622 in
3267 4569 3511 4640 ﬂagella,

1910 4669 1958 4712 et
1990 4676 2152 4730 genas
2181 4675 2325 4714 meas
2358 4661 2428 4712 ad
2467 4660 2660 4730 alapas
2681 4659 2769 4726 ";
2801 4661 2919 4716 hac
2957 4680 3024 4716 ex
3053 4663 3221 4718 Maria
3247 4679 3312 4719 cx
3363 4663 3510 4718 tribu

1909 4753 2048 4809 Juda
2080 4755 2360 4824 suscepit:
2400 4764 2456 4809 et
2488 4770 2610 4824 quae
2657 4770 2722 4809 ex
2761 4755 2902 4810 Juda
2958 4758 3226 4827 suscepit,
3263 4758 3380 4813 hzec
3409 4759 3510 4813 Ju-

207 4808 395 4875 ἔλαϐε,
430 4811 606 4866 ταῦτα
643 4815 920 4882 Ἰουδαίοις
956 4823 1212 4891 ῥαπίζειν
1246 4827 1341 4880 καὶ
1395 4808 1684 4898 μαστίζειν
1713 4836 1801 4889 δέ·

1928 4845 2042 4900 laais
2078 4808 2441 4914 percutienda
2492 4863 2557 4900 ac
2609 4846 2933 4917 ﬂagellanda
2967 4849 3214 4904 tradidit.
3248 4849 3381 4917 Quae
3414 4867 3512 4904 au-

202 4901 382 4994 δωκεν
412 4918 425 4932 ·
464 4904 499 4958 ἃ
528 4905 582 4960 δὲ
614 4908 691 4970 ὡς
725 4909 860 4974 Θεὸς
891 4916 1037 4967 κατὰ
1069 4915 1232 4984 φύσιν
1259 4918 1398 4989 ἔχει,
1427 4925 1550 4977 Οὐκ
1592 4925 1804 4994 ὄψεται

200 4993 521 5062 ἅνθρωπος
555 5000 782 5065 ἐκεῖνα,
841 5005 939 5057 καὶ
980 5006 1245 5076 ζήσεται.
1293 5014 1434 5066 Ἀλλ’
1474 5018 1502 5069 6
1551 4993 1804 5086 Ἰουδαῖος

201 5086 371 5142 πάλιν
393 5101 408 5118 ⁸
444 5089 568 5153 Πῶς
595 5087 688 5144 οἷν
718 5095 745 5145 6
777 5100 1066 5170 προφήτης
1101 5105 1346 5171 περὶτοῦ
1381 5108 1803 5182 Σταυρωοέντος

275 5221 323 5251 ⁸⁸
359 5221 518 5278 “are.
562 5243 633 5290 tv,
665 5229 756 5285 59.
833 5233 876 5263 ⁸³
917 5235 1060 5290 Psal.
1088 5254 1192 5303 cur,
1223 5240 1278 5295 5.
1356 5245 1400 5275 “
1442 5245 1583 5302 Psal.
1620 5264 1675 5314 ιι,
1709 5253 1759 5304 7.

1859 5253 1904 5284 ⁸⁸
1933 5253 2036 5308 lsa.
2068 5270 2116 5315 ι..
2137 5256 2191 5310 6.

1914 4945 2022 4992 tem
2079 4947 2139 4991 ut
2189 4939 2332 4992 Deus
2391 4955 2488 5007 per
2542 4947 2797 4994 naturam
2855 4941 3043 5006 habet,
3076 4957 3140 4996 ea
3193 4943 3364 4997 Homo
3404 4960 3510 4997 non

1913 5025 2124 5090 videbit,
2158 5037 2205 5078 et
2235 5027 2454 5080 vivet“.
2482 5027 2586 5082 Sed
2621 5029 2788 5082 instat
2811 5046 3029 5084 rursum
3066 5030 3292 5087 Judaeus
3318 5051 3330 5084 :
3361 5030 3509 5098 Quo-

1912 5119 2075 5172 modo
2114 5134 2245 5187 ergo
2276 5119 2546 5189 propheta
2590 5119 2659 5174 de
2711 5119 2989 5176 Crucilixo
3027 5123 3139 5177 ait:
3177 5124 3243 5178 Et
3283 5126 3506 5180 vidimus

2284 5256 2327 5287 "
2365 5256 2538 5311 Exod.
2570 5272 2754 5324 χχχιιι,
2777 5260 2864 5314 20.

1541 5389 1773 5447 VARIAS
1814 5390 2222 5449 LECTION‘ES.

280 5465 303 5492 ι
334 5458 399 5510 At
440 5460 728 5518 dOa’wat-w.
758 5467 895 5524 Male
925 5469 1099 5525 Oxon.
1128 5473 1214 5528 διὰ
1253 5478 1505 5534 Θάνατον.
1585 5495 1608 5522 α
1651 5480 1805 5538 Εἶτα.

1928 5494 2022 5541 ›ιίε
2052 5490 2184 5542 εἴτε.

1731 5622 1963 5682 NOTAE.

275 5688 585 5781 Elillland
609 5697 849 5781 interiret
880 5717 986 5755 una
1016 5721 1136 5781 rum
1160 5724 1400 5781 corpore.
1433 5713 1524 5781 Μὴ
1561 5729 1797 5768 συναπο-

197 5761 545 5846 ΘνήΙσκουσαν
591 5767 670 5836 τῷ
721 5769 957 5846 σῴματι.
1008 5775 1182 5840 Quam
1239 5761 1396 5834 bona,

200 5833 346 5924 mala
375 5831 580 5924 galina
614 5831 743 5892 novi
776 5831 1097 5913 interpretis
1126 5831 1796 5924 Cyrill—i,emissa—nega:

202 5911 339 5968 tiva,
375 5910 436 5958 ut
464 5910 705 5965 animam
748 5927 856 5968 una
891 5910 1015 5972 cum
1068 5910 1303 5992 corpore
1329 5910 1578 5978 interire
1611 5910 1796 5994 dicat”;

1908 5735 2005 5775 seu
2043 5724 2230 5802 potius
2260 5725 2497 5802 prelum
2524 5727 2734 5802 ut_ejus
2781 5740 3166 5802 reprresentet,
3212 5734 3358 5802 quod
3395 5737 3506 5789 sal-

1911 5802 2019 5872 tem
2055 5794 2989 5872 collectisyelad‘calceminendis,
3020 5794 3203 5872 iisque
3230 5794 3316 5860 sic
3341 5818 3508 5860 enor-

1909 5863 2092 5919 mibus
2119 5880 2183 5920 ac
2212 5864 2572 5935 periculosis,
2606 5870 2909 5928 voluissem
2937 5863 3289 5945 caStigatum.
