4118 6470
210 459 375 525 2933

1280 469 1536 530 SERMO
1576 470 1658 540 IN
1697 469 1955 532 RAMOS
1990 470 2439 531 PALMARUM.

3336 464 3480 530 2G3!

211 571 449 625 τεκοῦσα
492 572 768 644 Παρθένος
794 588 806 604 ·
869 575 1237 645 Ἠγαλλίασε
1269 576 1337 632 τὸ
1374 578 1612 647 πνεῦμά
1668 596 1791 649 μου

1906 581 2063 635 meo"
2085 596 2099 645 ;
2125 595 2251 635 cum
2284 594 2404 634 eam
2436 577 2677 648 Spiritus
2717 587 2942 633 sanctus
2984 579 3363 638 obumbravit.
3400 582 3480 634 Tu

208 663 311 717 ἐπὶ
336 662 417 729 τῷ
445 663 567 729 Θεῷ
595 664 675 730 τῷ
725 664 957 735 Σωτῆρι
1001 685 1145 737 μου,
1177 668 1342 740 ἡνίκα
1374 668 1435 723 τὸ
1476 670 1705 740 Πνεῦμα
1732 670 1793 724 τὸ

210 754 369 817 ἄτιον
416 755 503 808 ἐπ’
533 755 703 827 αὐτὴν
730 757 1051 814 ὲπεσκίασε.
1086 758 1159 812 Σὺ
1197 759 1255 813 δέ
1287 776 1378 830 μοι
1406 760 1601 815 σκόπει
1643 761 1671 814 ὁ
1702 778 1794 814 πιο

212 846 339 907 are;
368 840 669 913 ἀκροατὴς,
721 847 839 911 πῶς
872 850 905 918 ἡ
948 850 1192 919 παναγίι
1230 850 1509 921 Παρθένος
1541 850 1675 903 Θεὸν
1705 849 1797 903 τὸν

217 938 345 991 Υίδν
392 936 567 1005 αὐτῆς
608 940 1041 1011 προσηγόρευσε.
1082 941 1193 996 Καί
1238 959 1374 1015 φησι
1404 961 1420 977 ο
1470 943 1619 1009 Θεός
1649 960 1795 1011 μου,

213 1028 357 1081 κατὰ
388 1027 486 1097 τὴν
521 1027 714 1099 θεϊκὴν
747 1030 915 1084 αὑτοῦ
946 1030 1157 1085 οὐσίαν·
1213 1032 1342 1096 Υίός
1376 1050 1501 1104 μου,
1530 1032 1675 1086 κατὰ
1699 1031 1799 1100 τὴν

212 1117 396 1187 ἑαυτῷ
431 1118 744 1172 ὑποστᾶσαν
769 1119 830 1186 ἐξ
859 1121 991 1191 ἐμοῦ
1026 1122 1237 1177 οὐσίαν.
1272 1124 1346 1177 Ob
1368 1123 1477 1193 γὰρ
1504 1123 1691 1177 ἔτεκον
1720 1121 1800 1193 τῷ

212 1208 408 1279 κόσμῳ
436 1208 592 1278 ψιλὸν
630 1210 939 1282 ἄνθρωπον,
985 1212 1121 1266 ἄλλά
1158 1213 1294 1268 Θεὸν
1350 1214 1796 1286 σεσαρκωμένον.

211 1300 328 1354 Καὶ
360 1299 569 1371 μάρτυς
608 1302 945 1369 ἀξιόπιστος,
993 1306 1027 1374 ἠ
1065 1306 1302 1375 σφραγὶς
1350 1307 1451 1373 τῆς
1500 1305 1801 1376 παρθενίας

214 1407 347 1459 μου.
382 1392 473 1462 Μὴ
505 1393 803 1463 ἀτιμάσῃς,
833 1386 880 1446 ὧ
924 1393 1203 1465 ἄνθρωπε,
1235 1396 1373 1465 ὅπερ
1402 1394 1462 1461 ἐξ
1489 1395 1624 1467 ἐμοῦ
1677 1396 1800 1449 ἔλα-

210 1479 307 1533 ϐεν
338 1483 366 1533 ὁ
401 1482 533 1545 Θεὸς
562 1482 940 1556 περιϐόλαιον,
975 1485 1067 1540 ἵνα
1106 1486 1182 1557 μὴ
1208 1486 1301 1539 τὸν
1329 1487 1797 1559 περιδαλλόμενὸν

209 1569 592 1641 καθυϐρίσῃς·
659 1572 737 1642 μὴ
788 1572 1024 1645 ὑϐρίσῃς
1082 1575 1183 1646 τὴν
1232 1575 1460 1645 σκηνὴν,
1498 1578 1581 1631 ἆτι
1629 1577 1799 1641 ὅντως

209 1662 341 1714 ἀνευ
367 1660 551 1731 χειρὸς
585 1663 904 1734 συνερράφη
936 1663 1013 1735 τῷ
1037 1663 1399 1737 σκηνὼσαντι.
1435 1667 1527 1738 Μὴ
1564 1667 1799 1740 μερίσῃς

209 1750 273 1802 τὸ
308 1749 422 1817 φῶς
474 1753 537 1803 ὲκ
592 1754 694 1821 τῆς
743 1753 1166 1829 σαρκικῆςμου
1224 1754 1530 1825 λαμπάδος,
1579 1756 1666 1808 ἵνα
1723 1757 1797 1828 μὴ

210 1841 387 1915 σϐέσῃ
430 1843 617 1907 κακῶς
672 1844 763 1897 τὸν
800 1843 879 1913 τῷ
926 1845 1118 1917 κόσμῳ
1166 1846 1457 1917 λάμψαντα
1488 1847 1664 1918 ἥλιον,
1703 1848 1798 1901 καὶ

1894 688 2029 728 vero
2067 673 2201 726 mihi
2248 686 2437 742 pensa,
2472 668 2665 724 'tldelis
2709 669 2967 736 auditor,
3004 671 3295 741 quomodo
3356 687 3484 727 san-

1896 764 2141 818 ctissima
2167 762 2332 832 Virgo
2367 759 2562 814 Filium
2604 774 2786 823 suum,
2816 761 2988 815 Deum
3020 761 3331 830 appellarit.
3362 761 3486 819 Uti-

1896 868 2029 922 que,
2066 853 2266 922 inquit,
2320 851 2460 905 Deus
2510 868 2675 914 meus,
2728 852 3037 907 secundum
3083 852 3328 907 divinam
3363 854 3485 924 ejus

1898 942 2261 998 substantiam
2290 961 2302 995 :
2335 941 2504 995 Filius
2528 956 2703 1005 meus,
2730 942 3035 996 secundum
3068 957 3193 997 eam
3224 926 3484 997 substan?

1898 1032 2031 1086 tiam
2061 1019 2224 1101 quam
2253 1030 2358 1085 sibi
2393 1030 2461 1084 de
2492 1045 2579 1084 me
2607 1030 2925 1099 assumpsit.
2963 1031 3084 1085 Non
3105 1032 3255 1085 enim
3280 1032 3489 1086 munde

1900 1122 2093 1193 peperi
2126 1137 2330 1192 purum
2390 1122 2691 1185 hominem,
2733 1122 2831 1176 sed
2883 1108 3055 1176 Deum
3113 1123 3487 1177 incarnatum.

1900 1213 2070 1283 Cujus
2109 1212 2189 1267 rei
2225 1211 2385 1267 testis
2424 1220 2509 1267 est
2548 1212 2818 1283 locuples,
2854 1220 3117 1268 constans
3154 1213 3491 1284 virginitatis

1900 1297 2265 1375 signaculum.
2302 1304 2379 1358 Ne
2416 1303 2741 1367 dedecoros,
2785 1318 2818 1358 ο
2863 1304 3053 1369 homo,
3104 1319 3269 1374 quam
3302 1319 3370 1358 ex
3403 1319 3490 1358 me

1900 1396 2045 1449 Deus
2077 1394 2315 1463 sumpsit
2345 1404 2576 1454 vestem,
2619 1410 2688 1448 ne
2718 1394 2900 1467 εἰ,ᾳυί
2936 1395 3084 1449 illam
3112 1392 3315 1454 induit.
3358 1408 3493 1447 con-

1901 1488 2186 1543 tumeliam
2213 1488 2442 1559 irroges.
2464 1487 2541 1541 Ne
2573 1486 2776 1556 injuria
2798 1484 3005 1539 adicias
3037 1484 3489 1546 tabernaculum;

1901 1594 2093 1635 revera
2141 1580 2288 1634 enim
2339 1578 2491 1632 nulla
2540 1592 2806 1631 manuum
2838 1592 3007 1646 opera
3042 1576 3316 1631 habitanti
3345 1578 3399 1631 in
3425 1592 3492 1632 eo

1899 1671 2359 1727 fuit-consutum.
2410 1670 2489 1724 Ne
2522 1669 2708 1723 lumen
2738 1684 2767 1723 a
2794 1668 3003 1722 carnali
3053 1684 3175 1723 mea
3239 1668 3493 1737 lampade

1899 1777 2140 1831 separes,
2194 1770 2256 1816 ut
2296 1776 2365 1815 ne
2402 1760 2543 1815 male
2593 1761 2765 1814 solem
2811 1761 3129 1832 exstinguas
3167 1761 3261 1830 qui
3315 1761 3497 1814 illuxit

1900 1853 2129 1918 mundo,
2160 1852 2367 1922 quique
2399 1852 2517 1907 sine
2558 1851 2782 1906 homine
2815 1852 2979 1905 homo
3022 1852 3197 1905 factus
3230 1860 3335 1906 est.
3372 1852 3492 1905 Non

208 1932 508 2001 γενόμενον
538 1933 708 2004 χωρὶς
742 1934 1036 2007 ἀνθρώπου
1078 1936 1390 2008 ἄνθρωπον.
1428 1938 1503 1994 Οὐ
1534 1939 1644 2012 γὰρ
1695 1941 1795 1993 ἑπ-

1906 1940 2047 1994 enim
2080 1942 2314 2012 cognovi
2358 1942 2663 2005 hominem,
2715 1956 3032 2011 quanquam
3074 1942 3247 1996 Deum
3281 1941 3407 1995 novi
3440 1941 3493 1995 in

209 2022 389 2090 ἔγνων
434 2023 745 2096 ἄνθρωπον,
780 2028 829 2081 εί
880 2028 975 2081 καὶ
1000 2027 1171 2097 ἔγνων
1205 2028 1340 2083 Θεὸν
1373 2031 1431 2084 ἐν
1474 2031 1599 2101 ἐμοὶ
1644 2032 1797 2100 γενόο

217 2128 387 2182 μενον
414 2112 721 2183 ἄνθρωπον.

218 2260 225 2261 ί
285 2201 387 2258 IA’.
423 2206 627 2274 Ἔχεις,
672 2200 717 2257 ὦ
749 2209 1069 2261 πιστότατον
1113 2210 1207 2262 καὶ
1244 2209 1533 2278 ἱερώτατον
1558 2208 1798 2281 Χριστοῦ

184 2322 185 2325 η
211 2293 490 2364 ποίμνιον,
512 2294 579 2349 τὰ
604 2296 702 2365 τῆς
724 2297 917 2367 ἑορτῆς
950 2297 1202 2368 ἐγκώμια
1220 2310 1235 2327 ·
1268 2298 1580 2369 σκίρτησον.
1617 2300 1800 2369 Ἔχεις

205 2387 285 2440 τὰ
310 2386 543 2453 Gaiana!
558 2388 764 2458 ἄμωμα
779 2388 878 2459 τῆς
893 2389 1221 2459 Ἐκκλησίας
1242 2389 1565 2461 διδάγματα·
1589 2391 1797 2461 τρύφη-

208 2494 329 2533 σον.
364 2478 547 2548 Ἔχεις
572 2480 641 2533 τὰ
672 2478 812 2532 ὅπλα
842 2479 909 2533 τὰ
954 2481 1299 2549 πνευματικά
1328 2497 1340 2509 ⁸
1379 2483 1522 2536 κατά
1554 2482 1664 2535 τῶν
1707 2483 1799 2535 λύ-

205 2585 327 2623 κων
364 2568 463 2637 τῆς
489 2568 728 2640 ποίμνης
750 2570 1059 2641 πολέμησον
1081 2587 1094 2599 ·
1122 2572 1414 2625 παίδευσον
1447 2573 1522 2643 μὴ
1557 2572 1799 2643 βλασφη-

211 2662 379 2731 μεῖνδ
413 2660 625 2725 δίδαξον
674 2661 817 2733 ὑπὲρ
870 2662 1128 2732 ἀληθείας
1178 2664 1478 2733 ἀγωνίσαι·
1519 2665 1800 2732 ἀπόδειξον

208 2755 297 2807 ὅτι
328 2752 547 2823 καθαρὰ
576 2754 683 2807 ἀπὸ
718 2754 938 2808 πάντων
968 2755 1077 2808 τῶν
1107 2756 1363 2820 ζιζανίων
1397 2757 1498 2826 τῆς
1526 2758 1685 2828 ἡμῶν
1704 2759 1797 2811 καὶ

210 2845 455 2917 Χριστοῦ
503 2845 832 2915 Ἐκκλησίας
879 2846 913 2917 ἡ
944 2846 1175 2917 ἄρουρα.
1230 2847 1291 2900 Εἰ
1327 2848 1426 2917 μὲν
1452 2843 1563 2901 οἷόν
1592 2866 1652 2901 τε
1686 2850 1798 2903 Λά-

211 2934 385 3005 ζαρός
414 2952 497 2998 τις
524 2930 596 2998 εἴ,
627 2937 839 3006 σειραῖς
865 2937 1230 3007 πταισμάτων
1252 2937 1283 3007 ἢ
1305 2937 1566 2992 ἐναντίων
1595 2938 1802 3008 δογμά-

210 3043 326 3079 των
351 3025 741 3096 δεσμούμενος,
797 3026 1040 3098 σήμερον
1066 3027 1171 3081 ὑπὸ
1214 3027 1308 3081 τοῦ
1340 3029 1511 3097 Λόγου
1568 3030 1801 3085 ἄκουσον

211 3117 527 3185 φωνοῦντός
560 3135 656 3169 σου
685 3135 697 3147 ·
731 3118 916 3186 Δεῦρο
954 3118 1092 3183 ἔξω,
1131 3120 1225 3173 καὶ
1268 3120 1484 3190 λύθητι,
1542 3122 1637 3175 καὶ
1666 3121 1800 3174 ἀνά-

213 3207 398 3280 στηθι.
434 3206 496 3261 ΕΞ
544 3210 600 3263 δὲ
634 3210 885 3281 μαθητής
916 3228 998 3274 τις
1023 3206 1093 3273 εἷ,
1126 3211 1221 3264 καὶ
1247 3212 1357 3266 τῶν
1382 3212 1519 3283 πρὸς
1551 3214 1805 3267 διδασκαο

210 3295 339 3350 λίαν
394 3297 702 3368 ἐπιτήδειος
721 3310 777 3381 ⁷ο,
830 3300 1223 3382 ἀποστά).θητι,
1280 3303 1374 3357 καὶ
1406 3280 1575 3365 λύσας
1628 3301 1805 3370 ἄγαγε
1833 3280 1878 3342 C

215 3388 444 3459 Χριστῷ
484 3388 667 3443 πῶλον
722 3391 816 3443 καὶ
873 3391 1111 3457 πώλους,
1156 3394 1249 3446 καὶ
1305 3393 1538 3456 πολλοὺς
1569 3395 1696 3457 τοὺς
1747 3396 1806 3448 ὲν

212 3479 398 3555 πλάνῃ
432 3481 918 3551 προσδεδεμένους,
940 3484 1034 3536 καὶ
1056 3485 1137 3547 εἰς
1157 3484 1257 3556 τὴν
1286 3486 1574 3541 κατέναντι
1600 3486 1805 3551 πίστιν,

210 3573 312 3627 καὶ
372 3571 570 3643 κώμην
648 3573 1084 3645 ἀντικειμένους.
1166 3576 1285 3630 Κᾶν
1374 3593 1522 3641 τινες
1592 3575 1806 3632 ἀντιλέ-

207 3679 396 3735 γουσι,
472 3662 567 3718 καὶ
628 3662 727 3736 τὴν
776 3664 933 3719 λύσιν
986 3666 1095 3719 τῶν
1159 3666 1554 3737 πεπεδημὲνων
1619 3667 1807 3732 κακῶς

217 3751 537 3823 ὲμποδίζειν
577 3752 953 3823 δοκιμάζουσι,
1007 3756 1312 3823 φάσκοντες
1337 3772 1352 3787 ·
1392 3758 1453 3811 Τί
1488 3758 1659 3823 λύεις
1698 3756 1807 3812 τὸν

208 3842 465 3907 minor;
490 3841 634 3896 καθὰ
665 3844 764 3897 καὶ
812 3845 925 3906 τοῖς
967 3846 1186 3914 τυφλοῖς
1229 3845 1507 3916 ἐπετίμων
1560 3850 1633 3919 μὴ
1664 3848 1803 3919 κρά-

207 3935 368 4002 ζεινο
397 3937 517 3989 είπὲ
553 3936 649 3988 καὶ
690 3937 785 4004 σὺ,
834 3937 964 3991 Ὀτι
998 3940 1031 3991 ό
1082 3938 1299 4007 Κύριος
1354 3938 1553 3993 αὐτῶν
1593 3941 1807 4010 χρείαν

206 4026 361 4096 ἔχει.
408 4028 620 4095 Κύριος
679 4027 791 4098 γὰρ
842 4028 978 4083 ,λύει
1028 4029 1484 4100 πεπεδημένους
1513 4049 1527 4062 ο
1589 4032 1805 4100 Κύριος

210 4117 406 4187 copo?
455 4118 750 4187 τυφλοὺς,
795 4120 982 4193 καθὼς
1039 4122 1279 4193 σήμερον
1320 4122 1414 4176 τοῦ
1466 4123 1805 4192 Εὖαγγελίου

205 4211 471 4281 ἧκουσας.
554 4210 769 4283 Ἐπειδὴ
803 4211 912 4282 γὰρ
948 4211 1039 4265 τὸν
1093 4214 1191 4283 τῆς
1238 4214 1587 4285 δικαιοσύνης
1616 4215 1807 4269 Ἥλιον

210 4300 635 4373 ἐπιδημήσαντα
660 4301 932 4370 ἔγνωκαν,
965 4303 1173 4367 είκότος
1193 4306 1327 4375 πρὸς
1362 4305 1524 4358 αὐτὸν
1546 4305 1801 4376 ἔκραζον*

222 4393 530 4461 Ἐλέησον
572 4392 752 4463 ἡμᾶς,
795 4396 990 4464 Κύριε,
1039 4394 1134 4449 υἱὲ
1170 4395 1364 4453 Δαϐίὸ.
1406 4397 1469 4450 Ὢ
1507 4396 1673 4463 ξένων
1709 4397 1806 4450 καὶ

212 4486 541 4555 παραδόξων
572 4486 904 4558 Θαυμάτωνί
937 4489 985 4540 οί
1029 4487 1223 4557 τυφλοὶ
1270 4488 1661 4553 ἀναϐλέπουσι,
1709 4489 1805 4542 καὶ

1906 2048 1993 2088 me
2034 2032 2240 2088 factum
2265 2034 2569 2089 hominem.

1978 2211 2067 2265 XI.
2094 2212 2295 2275 Habes,
2328 2212 2644 2268 ﬁdelissime
2671 2227 2735 2267 ac
2752 2210 3100 2267 sanctissime
3116 2210 3319 2266 Christi
3342 2225 3497 2279 grex,

1909 2303 2225 2359 festivitatis
2245 2305 2495 2359 encomia
2522 2322 2535 2358 :
2562 2304 2801 2360 exsulta.
2824 2302 3006 2358 Habes
3037 2302 3282 2357 divinam
3307 2316 3373 2356 ac
3412 2302 3502 2356 in-

1907 2395 2181 2463 culpatam
2196 2395 2454 2449 Ecclesia:
2472 2394 2781 2449 doctrinam
2811 2411 2823 2446 :
2844 2392 3125 2471 deliciare.
3145 2392 3327 2448 Habes
3344 2407 3499 2447 arma

1908 2485 2176 2556 spiritalia
2198 2504 2209 2538 :
2235 2496 2425 2540 contra
2440 2485 2620 2556 gregis
2632 2486 2792 2555 lupos
2815 2474 3069 2556 depugna
3093 2503 3106 2539 :
3124 2484 3261 2539 doce
3275 2500 3374 2539 eos
3392 2500 3499 2538 non

1909 2574 2325 2645 blasphemare:
2361 2575 2497 2630 doce
2526 2584 2738 2630 certare
2796 2591 2897 2644 pro
2944 2575 3216 2631 veritate:
3245 2574 3499 2635 ostende.

1908 2667 2171 2722 Ecclesiae
2215 2677 2419 2721 nostra:
2443 2681 2508 2722 ac
2532 2665 2741 2720 Christi
2776 2682 2966 2736 agrum
3004 2682 3032 2720 a
3066 2665 3298 2721 zizaniis
3324 2664 3505 2721 omni-

1910 2758 2013 2811 bus
2042 2755 2312 2811 mundum
2354 2771 2497 2810 esse.
2544 2755 2599 2809 Si
2648 2755 2702 2809 in
2736 2754 2961 2809 modum
2994 2753 3185 2809 Lazari
3216 2753 3505 2822 cujusdam

1909 2846 2102 2909 habes,
2130 2854 2485 2915 peccatorum
2512 2843 2753 2899 vinculis
2805 2853 2901 2899 aut
2948 2844 3361 2898 contrariorum
3408 2842 3508 2897 do-

1908 2946 2152 3008 gmatum
2179 2938 2487 3001 revinctus,
2507 2936 2636 2990 audi
2664 2936 2831 2991 hodie
2853 2952 2883 2990 a
2900 2935 3103 2999 Verbo,
3127 2934 3257 2988 Veni
3272 2933 3416 3003 foras
3436 2933 3505 2998 ⁷⁸,

1908 3047 1973 3087 ac
2002 3031 2235 3093 solvere,
2254 3038 2310 3084 et
2339 3044 2585 3098 resurge.
2612 3028 2708 3083 Sin
2732 3038 2917 3083 autem
2942 3027 3170 3097 quidam
3196 3027 3509 3097 discipulus

1909 3140 1991 3188 es,
2019 3132 2075 3178 et
2129 3123 2200 3177 ad
2251 3120 2560 3176 doctrinam
2606 3119 2861 3183 idoneus,
2910 3118 3049 3173 vade
3103 3119 3359 3177 mittente
3395 3118 3509 3171 Do-

1910 3214 2083 3278 mino,
2112 3213 2443 3281 solvensque
2474 3209 2655 3264 adduc
2681 3208 2904 3264 Christo
2937 3210 3174 3279 pullum,
3223 3224 3290 3265 ac
3325 3208 3509 3279 pullos

1910 3306 2209 3377 pluresque
2242 3304 2296 3358 in
2326 3319 2519 3359 errore
2552 3303 2775 3375 ligatos,
2804 3311 2971 3371 atque
3021 3300 3076 3355 in
3134 3302 3367 3357 adversa
3400 3300 3508 3356 ﬁde

1908 3409 1973 3448 ac
2028 3391 2257 3447 castello
2306 3390 2614 3461 oppositos.
2656 3389 2715 3444 Si
2757 3389 2853 3460 qui
2900 3399 3085 3444 autem
3137 3389 3507 3454 reluctentur,

1908 3496 1972 3537 ac
2007 3480 2169 3545 male,
2202 3495 2274 3535 ne
2316 3478 2615 3549 compediti
2651 3479 2959 3540 solvantur,
3005 3476 3277 3548 impedire
3308 3478 3506 3539 velint.

1909 3568 2201 3624 dicentes:
2236 3566 2375 3632 Quid
2407 3567 2617 3638 pullum
2663 3565 2930 3621 solvis"?
2959 3580 3153 3619 eorum
3202 3565 3379 3619 instar
3408 3570 3507 3635 qui

1909 3675 2085 3716 caecos
2115 3658 2479 3729 increpabant
2512 3674 2581 3713 ne
2613 3658 2951 3713 clamarent:
3001 3656 3091 3711 die
3144 3665 3202 3711 tu
3238 3672 3505 3727 quoque:

1910 3754 2048 3821 Quia
2084 3754 2343 3809 Dominus
2385 3756 2463 3808 his
2494 3771 2623 3826 Opus
2654 3754 2849 3809 habet:
2886 3754 3142 3808 Dominus
3192 3755 3331 3808 enim
3353 3755 3509 3810 solvit

1908 3846 2227 3917 compeditos
2251 3862 2270 3910 ;
2304 3844 2559 3899 Dominus
2583 3840 2849 3916 sapientes
2873 3845 3001 3915 facit
3027 3861 3190 3900 caecos
3214 3845 3284 3910 ",
3312 3861 3509 3915 quem—

1908 3936 2209 3992 admodum
2262 3936 2432 3992 hodie
2477 3936 2686 3992 audisti
2723 3936 2779 3992 in
2812 3937 3136 4008 Evangelia.
3164 3935 3304 3992 Cum
3356 3936 3509 3992 enim

1911 4026 2096 4082 Solem
2126 4026 2357 4098 justitiaz
2388 4026 2679 4083 advenisse
2731 4028 3142 4099 cognovissent,
3188 4029 3392 4084 merito
3438 4030 3510 4084 ad

1908 4133 2034 4174 eum
2051 4118 2382 4173 clamabant:
2404 4118 2655 4174 Miserere
2673 4124 2863 4185 nostri,
2891 4121 3134 4187 Domine,
3153 4122 3236 4191 ﬁli
3251 4123 3425 4178 David
3439 4124 3485 4157 "'

1910 4212 1953 4264 Ο
1981 4210 2229 4266 inaudita
2275 4220 2331 4266 et
2366 4212 2589 4267 insolita
2636 4212 2939 4269 miracula!
2974 4196 3123 4271 ί]ποί
3157 4217 3338 4271 visum
3372 4220 3511 4273 reci-

1910 4300 2090 4369 piunt.
2140 4299 2209 4355 Hi
2254 4301 2549 4355 Dominum
2584 4300 2963 4371 confitentur;
2998 4304 3229 4375 illique:
3261 4306 3392 4371 Quis
3435 4318 3509 4360 est

1907 4390 1991 4443 hic
2006 4389 2092 4442 7’?
2120 4390 2535 4460 percontantur.
2586 4391 2679 4446 Ait
2723 4391 2874 4447 enim
2910 4395 3285 4465 evangelista:
3323 4394 3512 4450 Turba:

1911 4492 2091 4536 autem
2117 4498 2235 4553 qua:
2264 4483 2630 4545 praecedebant
2666 4493 2717 4537 et
2752 4500 2871 4555 qua:
2904 4480 3280 4555 sequebantur,
3304 4488 3511 4543 clama-

208 4577 260 4629 οί
292 4573 585 4643 βλέποντες
635 4574 874 4629 Ἰουδαῖοι
911 4576 1336 4644 τυφλώττουσιν.
1380 4569 1537 4629 Οὗτοι
1597 4575 1802 4647 Κύριον

1910 4574 2036 4628 bant
2094 4574 2321 4627 dicentes
2356 4589 2374 4627 :
2424 4572 2678 4627 Hosanna
2714 4591 2731 4629 :
2764 4574 3074 4630 Benedictus
3134 4578 3224 4647 qui
3274 4580 3415 4633 venit
3454 4582 3508 4632 in

209 4663 564 4736 ὁμολογοῦσι,
614 4664 896 4718 κάκεῖνοι⁸
954 4666 1049 4731 Τίς
1086 4666 1259 4719 ἐστιν
1317 4661 1531 4730 οὗτος
1589 4666 1803 4737 ἐπερω-

208 4755 373 4808 τῶσι.
410 4754 548 4823 Φησὶ
576 4753 685 4824 γὰρ
736 4756 764 4808 ὁ
820 4755 1250 4826 εὐαγγελιστής·
1300 4759 1367 4809 Οἱ
1422 4755 1491 4809 δὲ
1538 4756 1712 4825 ὄχλοι
1750 4760 1805 4811 οἱ

208 4846 610 4915 προάγοντες,
658 4846 759 4899 καί
824 4848 878 4900 οὶ
935 4846 1457 4912 ἀκολουθοῦντες,
1517 4848 1803 4916 ἔκραζον,

222 4936 526 4993 Ὡσαννά·
564 4938 992 5007 Εὐλογημένος
1037 4941 1070 4992 ὀ
1106 4940 1433 5008 ἐρχόμενος
1455 4940 1523 4992 ἐν
1558 4940 1806 5009 ὀνόματι

211 5030 459 5099 Κυρίου.
486 5032 593 5085 Καὶ
617 5030 999 5095 είσελθόιτος
1022 5030 1210 5085 αὐτοῦ
1249 5033 1337 5096 είς
1369 5030 1771 5099 Ἰερουσαλὴμ
1793 5072 1805 5093 ,

211 5122 465 5189 ἐσείσθη
487 5121 659 5177 πᾶσα
681 5123 719 5190 ἡ
739 5123 935 5189 πόλις,
960 5124 1233 5192 λέγουσα
1253 5141 1265 5154 ο
1294 5124 1387 5187 Τίς
1409 5123 1581 5177 ἐστιν
1603 5118 1804 5187 οὗτος;

214 5216 326 5276 ἴδες
358 5214 419 5268 τὸ
474 5214 625 5281 ξένον
672 5213 768 5268 τοῦ
810 5214 1076 5286 βασιλέως
1119 5216 1449 5286 μυστήριον;
1492 5214 1586 5267 ιτει
1621 5212 1803 5266 πώλου

1912 4668 2125 4720 nomine
2161 4665 2392 4719 Domini.
2447 4664 2516 4719 Et
2574 4683 2695 4720 cum
2748 4668 3002 4721 intrasset
3057 4667 3508 4742 Hierosolymam,

1908 4768 2170 4813 commota
2202 4768 2275 4813 est
2304 4761 2548 4813 universa
2592 4761 2778 4815 civitas
2809 4760 2987 4815 dicens
3018 4779 3035 4815 :
3067 4762 3195 4827 Quis
3220 4773 3296 4817 est
3324 4764 3406 4817 hic
3420 4764 3511 4816 ὀἳ

1912 4850 2113 4906 Vidisti
2149 4866 2355 4905 novum
2408 4867 2473 4906 ac
2529 4851 2857 4907 admirabile
2916 4852 3084 4923 Regis
3143 4856 3510 4926 mysterium?

1915 4942 2071 4995 Pullo
2102 4942 2351 4997 insidens
2376 4940 2659 4997 civitatem
2680 4955 3017 5009 commovet,
3036 4960 3101 5000 ac
3130 4945 3282 5000 cruci
3315 4944 3509 5001 atlixus

1912 5034 2103 5089 orbem
2136 5043 2411 5088 terrarum
2461 5035 2752 5101 concutit;
2802 5045 2865 5091 ut
2908 5037 3164 5091 docearis
3191 5037 3411 5093 venisse
3440 5040 3506 5094 ad

1914 5120 2213 5185 idolorum,
2241 5120 2479 5191 plurium
2497 5122 2787 5177 numinum
2817 5123 2967 5177 cultu
3002 5123 3232 5193 impium
3257 5138 3507 5179 errorem

1913 5212 2335 5268 convellendum
2367 5228 2430 5268 ac
2462 5214 2843 5269 evertendum.

216 5309 533 5378 καθήμενος
559 5310 693 5363 σείει
724 5311 824 5379 τὴν
854 5311 1032 5375 πόλιν,
1060 5309 1155 5362 καὶ
1185 5312 1241 5364 ὲν
1275 5310 1495 5382 σταυρῷ
1526 5310 1935 5381 καθηλούμενος
1980 5310 2116 5365 σείει
2182 5311 2281 5383 τὴν
2351 5312 2712 5382 οίκουμένην·
2760 5315 2847 5365 ἵνα
2915 5316 2976 5366 σὺ
3042 5314 3240 5386 μάθῃς.
3287 5316 3365 5367 ὅτι
3411 5314 3502 5385 τὴν

214 5403 479 5457 πολύθιον
509 5404 618 5457 τῶν
648 5405 885 5459 εἰδώλων
916 5404 1128 5476 πλάνην
1157 5407 1336 5460 σεῖσαι
1372 5408 1466 5459 καὶ
1494 5404 1795 5459 καταλῦσαι
1834 5405 2115 5478 ιλήλυοεν.

326 5570 376 5601 ’⁸
407 5569 541 5625 an.
572 5586 609 5634 ι,
634 5571 723 5625 47.
802 5572 849 5603 ⁷⁸
874 5572 1031 5628 Joan.
1065 5589 1139 5637 ιι,
1175 5575 1262 5631 i5.

1336 5575 1381 5607 ⁷⁸
1409 5573 1543 5627 Luc.
1563 5570 1781 5638 arma?»

216 5640 264 5672 ³⁸
292 5638 433 5695 ibid.
472 5641 525 5704 9,
571 5641 655 5696 10.

1905 5577 1945 5606 ⁷⁷
1967 5575 2129 5629 -l‘sal.
2155 5573 2379 5639 CXl.\',8.
2428 5577 2475 5608 ⁷⁸
2504 5574 2696 5629 Matth.
2720 5592 2807 5639 xx,
2830 5576 2917 5631 30.
2995 5578 3037 5608 ”
3071 5577 3261 5630 Matth.
3286 5594 3395 5641 ut,
3421 5578 3505 5635 lU.

1518 5759 1751 5815 νΑιιιίΕ
1796 5760 2197 5816 LECTIONES.

292 5850 315 5876 ⁸·
350 5845 714 5920 Ἐπιτήδιιος.
737 5849 901 5905 Forte
931 5851 1275 5922 ἐπιτηδείων.
