4118 6468
638 390 785 461 2935

1673 395 1734 453 S.
1775 390 2089 451 EULOGII
2132 386 2487 448 ARCIUEP.
2531 386 2911 448 ALEXAND.

3774 384 3911 449 2936

705 508 819 563 XII.
873 507 1049 561 Cerne
1119 514 1305 562 autem
1361 506 1675 560 abstrusum
1738 518 1804 557 ac
1869 499 2213 557 reconditum

2401 499 2499 552 IB'.
2537 500 2679 569 Ὅρα
2708 500 2885 569 δὲιμοι
2904 496 2997 551 τοῦ
3025 495 3143 549 κατ’
3174 496 3335 550 αὐτὸν
3355 499 3453 566 τῆς
3472 496 3782 566 οἰκονομίας
3811 517 3917 569 μυ-

633 595 957 651 teconomize
972 594 1093 664 ejus
1114 593 1464 665 mysterium.
1488 590 1629 647 Cum
1670 590 1725 644 in
1755 590 1975 643 inferno
2009 587 2226 657 positus

631 682 753 735 eius
782 680 889 735 loci
922 695 1202 735 carcerem
1230 679 1495 750 pulsaret,
1541 677 1913 733 clamantibus
1964 672 2222 744 supernis

632 770 939 827 Virtutibus
972 773 1037 827 ad
1071 774 1311 827 infernas
1336 790 1355 826 :
1384 769 1569 825 Tollite
1592 778 1793 840 portas,
1834 770 2113 839 principes,
2138 783 2223 819 ve,

629 853 849 928 atlas“,
877 872 936 938 ut
970 863 1314 934 ingrediatur
1345 864 1437 931 qui
1465 862 1632 916 dicit:
1664 861 1778 931 Ego
1800 877 1917 913 sum
1943 856 2217 923 ostium”;

629 953 882 1005 attonitae
927 950 1173 1005 adversae
1214 950 1452 1005 virtutes
1493 948 1938 1018 respondebant:
1985 945 2112 1011 Quis
2143 952 2218 997 est

628 1041 726 1093 iste
754 1054 847 1092 rex
873 1038 1101 1110 gloriae?
1125 1039 1186 1093 In
1211 1046 1490 1097 terrenam
1539 1038 1859 1091 introeunte
1885 1034 2243 1096 Jerusalem,-

594 1128 707 1181 Irei
740 1127 987 1183 novitate
1015 1126 1336 1198 stupefacti,
1360 1134 1651 1197 quierunt:
1680 1122 1808 1190 Quis
1833 1133 1908 1178 est
1941 1126 2037 1178 iste
2057 1122 2223 1177 γεω.

625 1220 822 1275 lestem
879 1220 1186 1276 Jerusalem
1260 1227 1576 1289 repetente,
1645 1224 1939 1274 cernentes
1995 1215 2216 1269 intelle-

624 1312 839 1369 Ctuales
878 1314 1117 1368 virtutes
1138 1327 1265 1366 cum
1296 1327 1528 1382 corpore
1563 1326 1690 1365 eum
1726 1325 1891 1380 quem
1931 1323 2214 1377 nunquam

622 1404 897 1459 vidissent
929 1414 1157 1475 propter
1204 1404 1588 1473 incorpoream
1624 1400 1915 1465 rationem,
1951 1413 2216 1454 ascensus

621 1497 849 1551 modum
892 1497 1197 1558 admiratae,
1235 1495 1591 1565 ambigebant
1644 1493 1899 1557 invicem,
1924 1491 2209 1545 dicentes:

623 1586 752 1651 Quis
768 1594 847 1640 est
874 1587 991 1650 iste,
1012 1587 1101 1655 qui
1117 1600 1353 1654 corpore
1379 1584 1643 1654 praeditus
1661 1598 1717 1636 tn
1746 1582 1864 1637 loca
1885 1583 2211 1649 incorporea

620 1676 801 1729 venit?
828 1674 935 1730 Sed
968 1685 1023 1731 et
1059 1676 1202 1731 illud
1236 1674 1571 1738 mirandum,
1604 1673 1883 1743 quomodo
1921 1674 2084 1743 regia:
2106 1672 2214 1727 illa:

621 1770 860 1823 virtutes
888 1776 1312 1843 percontantur,
1335 1764 1463 1830 Quis
1492 1776 1564 1819 est
1592 1766 1689 1818 iste
1709 1764 1801 1834 qui
1818 1763 2013 1817 venit”
2031 1762 2063 1815 τ
2083 1777 2209 1816 cum

2338 589 2557 658 στηρίου
2597 588 2656 640 τὸ
2698 588 2994 655 ἄγνωστον.
3032 586 3119 638 Ἐν
3150 584 3227 653 τῷ
3256 584 3358 657 ᾄδῃ
3394 584 3633 642 σείοντος
3656 586 3816 639 αὑτοῦ
3852 591 3911 641 τὸ

2337 680 2454 731 ἐκεῖ
2481 679 2877 749 δεσμωτήριον,
2907 678 2981 741 ὡς
3008 677 3239 748 ἔκραζον
3268 678 3322 731 αἱ
3345 675 3457 729 ἄνω
3476 676 3751 744 Δυνάμεις
3779 681 3913 749 πρὶς

2331 771 2427 835 τὰς
2469 771 2621 823 κάτω
2646 770 2905 841 δυνάμεις
2937 786 2951 800 ο
2992 771 3207 838 Ἀρατε
3254 770 3476 835 πύλας,
3510 770 3567 821 ol
3603 768 3911 837 ἄρχοντες,

2330 862 2516 931 ὑμῶν,
2552 862 2639 915 ἵνα
2693 862 2909 935 εἰσέλθῃ
2957 865 2983 915 ὁ
3013 862 3226 931 λέγων’
3287 862 3420 930 Εἰμὶ
3470 860 3589 930 ἐγὼ
3633 860 3671 926 ἠ
3725 863 3906 930 θύρα·

2331 951 2769 1021 ὲκπληττόμεναι
2794 952 3108 1004 αιὶναντίαι
3137 951 3397 1022 δυνάμεις
3434 950 3872 1020 ἀντεφθέγγοντο
3894 970 3907 983 ο

2336 1041 2431 1106 Τίς
2466 1041 2641 1093 ἐστιν
2678 1037 2870 1105 οὗτος
2901 1044 2934 1095 ό
2956 1040 3263 1107 βασιλεὺς
3295 1038 3409 1109 τῆς
3448 1039 3677 1106 δόξης;
3707 1044 3787 1105 εἰς
3815 1040 3915 1111 τὴν

2328 1129 2421 1181 ἐπὶ
2479 1129 2582 1206 γῆς
2656 1128 3013 1198 Ἰερουσαλὴμ
3082 1127 3415 1198 ξενιζόμενοι
3464 1128 3768 1181 πύθονταιο
3818 1130 3912 1195 Τίς

2330 1220 2504 1275 ἐστιν
2552 1216 2724 1283 οὗτος
2769 1219 2825 1292 [ὁ
2869 1218 3174 1285 ,βασιλεὺς
3211 1219 3325 1293 τῆς
3355 1219 3623 1292 ὄόξης;]
3681 1223 3761 1283 εις
3817 1221 3913 1289 τὴν

2336 1313 2452 1365 ἄνω
2496 1312 2854 1382 Ἰερουσαλὴμ
2880 1312 3250 1382 ἀνερχομένου
3276 1311 3465 1378 αὑτοῦ,
3493 1312 3730 1383 ὁρῶντες
3753 1311 3914 1366 αὑτὸν

2333 1402 2472 1471 μετὰ
2503 1402 2782 1472 σώματος,
2836 1404 2894 1456 αἱ
2949 1403 3212 1456 οὐδέποτε
3260 1404 3463 1466 ἰδόντες
3522 1402 3710 1467 αὐτὸν,
3741 1402 3829 1456 διὰ
3855 1403 3915 1456 τὸ

2322 1495 2635 1567 ἀσώματω,
2674 1497 2859 1567 νοεραὶ
2882 1495 3162 1565 δυνάμεις,
3192 1494 3577 1565 θαυμάζουσαι
3606 1495 3701 1548 τοῦ
3757 1495 3910 1562 ξένου

2320 1589 2525 1661 τρόπον
2555 1589 2657 1659 τὴν
2688 1587 2899 1651 ἄνοδον,
2932 1587 3227 1656 διηπόρουν
3260 1587 3396 1657 πρὸς
3429 1586 3693 1655 ἀλλήλας,
3724 1586 3912 1653 λέγου-

2323 1667 2458 1733 σαι”
2494 1678 2592 1743 Τίς
2617 1679 2789 1733 ἐστιν
2815 1676 2994 1743 οὗτος
3028 1677 3511 1746 παραγενόμενος
3542 1678 3600 1728 ὲν
3632 1678 3742 1737 τοῖς
3770 1676 3913 1728 ἀσω-

2324 1770 2515 1840 μάτοις
2549 1770 2768 1841 χωρίοις
2792 1768 3147 1839 ἐνσώματοςς
3180 1766 3461 1835 θαυμάσαι
3505 1765 3563 1819 δὲ
3595 1764 3767 1831 ἀξιον,
3792 1764 3910 1826 πῶς

620 1862 676 1914 in
707 1861 830 1931 ejus
860 1859 915 1913 in
952 1866 1102 1914 terra
1144 1848 1432 1913 nativitate
1484 1856 1693 1927 pariter
1737 1854 2098 1910 elamaverint
2150 1868 2213 1907 ac

2321 1862 2609 1927 πύθονται,
2668 1864 2767 1928 Τίς
2817 1860 2991 1913 ἐστιν
3012 1853 3194 1924 οὗτος
3228 1861 3261 1911 ὀ
3310 1856 3815 1925 παραγενόμενος.
3851 1855 3911 1908 αι

618 1950 959 2005 cecinerim:
991 1950 1174 2006 Gloria
1200 1951 1255 2003 in
1276 1948 1551 2003 altissimis
1570 1948 1717 2013 Deo;
1739 1957 1787 2001 et
1814 1949 1868 2001 in
1901 1956 2047 1999 terra
2074 1961 2212 2015 pax;

620 2042 675 2093 in
710 2042 1005 2096 hominibus
1047 2041 1185 2095 bona
1218 2040 1558 2107 voluntas“;
1592 2055 1621 2093 a
1656 2038 1859 2109 quibus
1883 2047 2038 2092 certe
2066 2052 2212 2107 pra:—

618 2132 767 2186 clare
797 2132 979 2187 edocti
1012 2140 1163 2186 sunt
1208 2124 1567 2187 Hebraeorum
1621 2130 1861 2200 theologi
1914 2129 2072 2199 pueri
2110 2129 2209 2184 di-

618 2228 849 2274 centes:
884 2219 1142 2273 Hosanna
1166 2234 1185 2272 :
1230 2218 1542 2273 Benedictus
1585 2220 1677 2289 qui
1718 2219 1861 2272 venit
1891 2219 1947 2271 in
2000 2218 2211 2271 nomine

616 2310 874 2365 Domini:
904 2327 1011 2382 pax
1040 2313 1095 2364 in
1126 2309 1275 2375 calo,
1300 2318 1351 2363 et
1396 2309 1569 2381 gloria
1616 2310 1671 2363 in
1723 2308 2081 2363 altissimis".
2122 2307 2212 2363 Sic

614 2403 765 2458 enim
796 2403 973 2460 Lucas
1001 2404 1191 2460 habet.
1211 2405 1454 2475 Eratque
1481 2404 1675 2460 videre
1695 2403 1752 2458 in
1777 2403 1933 2468 Sion,
1962 2401 2211 2471 caelestia

616 2496 829 2566 pariter
854 2512 919 2552 ac
943 2497 1231 2552 terrestria
1272 2496 1497 2551 vicariis
1544 2496 1649 2551 sibi
1693 2494 2081 2565 respondentia
2110 2509 2211 2547 vo-

496 2586 499 2587 ⁷
614 2588 808 2652 cibus,
866 2603 1038 2658 seque
1091 2599 1289 2643 mutuo
1349 2587 1674 2643 salutantia.
1722 2586 1925 2641 Dicunt
1980 2584 2209 2655 superi:

614 2681 801 2737 Gloria
832 2683 891 2735 in
921 2681 1201 2736 altissimis
1232 2680 1359 2743 Deo,
1385 2690 1434 2734 et
1465 2682 1521 2734 in
1548 2688 1695 2733 terra
1726 2694 1869 2749 pax;
1903 2676 2075 2733 inferi
2125 2692 2213 2732 re-

613 2773 889 2843 spondent
908 2791 921 2827 :
938 2772 1056 2827 Pax
1073 2774 1128 2826 in
1146 2772 1297 2837 εωίο,
1315 2781 1365 2827 et
1378 2771 1553 2843 gloria
1569 2773 1625 2826 in
1638 2770 1929 2826 altissimis.
1944 2770 2215 2825 Dixerunt

613 2858 830 2934 angeli:
866 2862 933 2917 In
968 2871 1113 2917 terra
1151 2879 1301 2933 pax;
1332 2863 1591 2918 homines
1619 2860 1929 2917 clamarunt
1953 2879 1965 2915 :
1992 2860 2113 2915 Pax
2156 2861 2213 2913 in

612 2957 765 3012 caelo.
792 2956 1206 3023 Quamobrem?
1247 2955 1403 3023 Quod
1452 2956 1721 3011 nimirum
1758 2955 1868 3014 .ille
1917 2956 2083 3018 adsit,
2114 2955 2210 3025 qui

612 3049 879 3104 unmibus
918 3049 1151 3103 clamat:
1185 3047 1304 3101 Pax
1350 3048 1492 3102 vobis
1510 3047 1579 3099 “.
1633 3046 1742 3101 Pro
1789 3061 1901 3117 quo
1939 3046 2213 3116 propheta

611 3140 970 3210 precabatur,
1000 3139 1226 3195 dicens:
1260 3138 1485 3192 Domine
1533 3132 1895 3203 Deus'hoster,
1928 3154 2112 3208 pacem
2140 3138 2211 3191 da

613 3233 853 3296 nobis";
896 3233 1003 3287 hoc
1045 3239 1151 3296 est,
1188 3230 1342 3285 Mitte
1394 3230 1594 3284 Filium
1646 3239 1800 3283 tuum
1838 3229 2206 3299 unigenitum,

612 3335 674 3379 ut
702 3340 803 3395 per
828 3340 957 3379 eum
1018 3323 1182 3378 nobis
1230 3320 1634 3386 reconcilieris,
1694 3320 1891 3375 videns
1948 3328 2206 3374 naturam

611 3424 863 3472 nostram
900 3432 1003 3487 per
1041 3430 1171 3471 eum
1203 3414 1305 3470 tibi
1328 3415 1563 3469 unitam.
1594 3413 1768 3479 Quam
1787 3428 1979 3483 pacem
2010 3410 2208 3466 viden-

614 3516 696 3562 tes
720 3505 976 3562 caelestes
1011 3504 1167 3561 chori
1214 3505 1565 3559 clamabant:
1602 3503 1786 3560 Gloria
1829 3506 1886 3557 in
1936 3502 2210 3557 altissimis

611 3596 747 3658 Deo,
778 3603 826 3649 et
854 3594 909 3647 in
942 3603 1087 3647 terra
1117 3608 1259 3663 pax;
1293 3591 1345 3646 id
1396 3600 1503 3656 est,
1538 3590 1785 3661 perlecta
1811 3589 1907 3644 Dei
1946 3604 2073 3644 cum
2105 3589 2211 3644 ini-

611 3688 775 3743 micis
798 3686 1382 3755 reconciliatio,quam
1410 3694 1467 3739 et
1489 3683 1648 3755 pueri
1676 3699 1803 3739 cum
1822 3682 1970 3738 docti
2000 3692 2209 3746 essent,

611 3778 966 3834 riamabant:
1004 3776 1303 3831 llosanna:
1336 3792 1443 3845 pax
1487 3778 1543 3829 in
1578 3774 1729 3841 caelo,
1760 3783 1810 3827 et
1834 3774 2008 3845 gloria
2044 3776 2098 3828 in
2129 3775 2212 3829 al-

612 3871 849 3925 tissimis.
890 3870 1026 3925 Nam
1060 3884 1183 3939 quae
1222 3868 1354 3923 olim
1386 3868 1602 3924 infense
1632 3868 1929 3934 habebant,
1966 3869 2209 3925 fraterna

614 3978 766 4019 nunc
798 3963 1069 4019 charitate
1093 3968 1349 4017 conserta
1365 3969 1498 4017 sunt
1522 3978 1535 4027 ;
1556 3976 1721 4017 unam
1740 3963 1981 4019 coelestia
2002 3964 2212 4033 pariter

612 4072 678 4111 ac
707 4062 950 4119 terrena,
971 4053 1199 4110 Christo
1231 4054 1443 4109 cmicsti
1488 4053 1651 4109 simul
1675 4069 1746 4127 ac
1774 4064 2015 4121 terreno,
2067 4055 2213 4110 divi-

614 4146 806 4203 nitatis
852 4145 1263 4202 confessionem
1325 4161 1390 4200 ac
1454 4146 1837 4202 adorationem
1894 4148 2208 4205 olIerentia.

609 4239 987 4306 Quamobrem
1014 4237 1217 4308 iubent
1254 4237 1559 4308 superi,'ut
1599 4237 1651 4292 ei
1699 4236 1859 4293 inl'eri
1896 4238 2212 4295 Divinitatis

611 4332 854 4387 oll'erant
878 4329 1284 4387 confessionem
1310 4346 1323 4382 :
1356 4328 1591 4384 Adorent
1622 4345 1741 4383 eum
1790 4345 1969 4384 omnes
1993 4329 2214 4401 familia:

611 4426 851 4495 gentium
866 4421 935 4478 "'.
965 4422 1135 4479 Inferi
1172 4422 1390 4492 superis
1421 4422 1801 4493 respondent:
1837 4422 2071 4477 Adorent
2094 4438 2215 4476 eum

2320 1953 2601 2026 βασιλικαὶ
2634 1952 2916 2021 δυνάμεις,
2950 1950 3005 2003 αἱ
3042 1950 3101 2001 ὲν
3127 1950 3199 2018 τῇ·
3246 1948 3399 2017 κάτῳ
3424 1947 3679 2016 γεννήσει
3718 1945 3909 2008 αὑτοῦ,

2316 2049 2583 2120 βοήσασαι
2610 2046 2726 2115 ἅμα
2764 2044 2858 2097 καὶ
2893 2043 3206 2112 ὐμνήσασαι
3230 2057 3243 2071 ο
3297 2040 3451 2103 Δόξα
3493 2038 3567 2101 ἐν
3620 2040 3910 2106 ὑψίστοις

2316 2136 2461 2204 Θεῷ,
2508 2137 2605 2191 καὶ
2628 2136 2727 2190 ἐπὶ
2750 2133 2864 2205 γῆς
2890 2132 3125 2202 εἰρήνη,
3152 2132 3224 2185 ἐν
3250 2127 3587 2197 ἀνθρώποις
3615 2127 3865 2182 εὐδοκία
3893 2143 3909 2158 ·

2313 2226 2395 2294 οἷς
2426 2246 2507 2298 γει⁴
2536 2228 2715 2291 καλῶς
2747 2225 3132 2297 ὲμαθήτευσαν
3170 2220 3280 2275 τῶν
3324 2219 3598 2291 Ἐὃραιων
3640 2220 3691 2273 οι
3727 2219 3911 2274 θεολό-

2314 2340 2401 2392 γοι
2427 2322 2618 2384 παῖδες
2650 2320 2891 2391 σήμερον
2918 2316 3172 2384 λέγοντες
3198 2329 3212 2343 ⁸
3274 2313 3538 2369 Ὡσαννά
3561 2330 3578 2344 -
3634 2313 3909 2381 Εὐλογη-

2308 2415 2496 2485 μένος
2527 2416 2561 2468 ό
2596 2413 2925 2482 ἐρχόμενος
2951 2410 3021 2462 ἐν
3076 2407 3323 2477 ὀνόματι
3379 2402 3607 2473 Κυρίου
3641 2420 3655 2433 ·
3696 2404 3907 2474 εἰρήνη

2313 2506 2384 2558 ἐν
2412 2503 2669 2574 οὐρανῷ,
2712 2503 2811 2557 καὶ
2835 2501 2989 2565 δόξα
3025 2500 3096 2553 ἐν
3151 2500 3463 2567 ὑψίστοις.
3502 2496 3694 2559 Οὕτως
3746 2495 3911 2568 γὰρό

2314 2597 2530 2659 Λουκᾶς
2584 2596 2795 2666 εἴρηκε.
2841 2592 2953 2646 Καὶ
2982 2587 3050 2662 ἦν
3086 2593 3142 2644 ἐν
3171 2590 3311 2643 Σιὼν
3347 2586 3556 2642 ἰδέσθαι
3588 2586 3779 2656 ὥσπερ
3809 2587 3908 2640 ἀνι

2313 2687 2725 2761 τιφθεγγόμενα
2769 2688 2864 2740 καὶ
2897 2682 3355 2752 ἀντασπαζόμενα
3378 2679 3665 2749 aliqua
3682 2680 3910 2751 οὐράνια

2316 2788 2413 2837 καὶ
2435 2782 2502 2836 τὰ
2537 2783 2777 2850 ἐπίγεια.
2819 2780 2883 2832 Οἱ
2927 2778 3039 2831 ἄνω
3058 2774 3298 2836 λέγουσι’
3331 2771 3486 2835 Δόξα
3514 2772 3587 2825 ἐν
3619 2772 3909 2839 ὑψίστοις

2318 2874 2467 2940 Θεῷ,
2505 2875 2605 2928 καὶ
2651 2872 2749 2927 ἐπὶ
2801 2869 2915 2941 γῆς
2938 2868 3147 2936 εἰρήνη
3210 2866 3264 2918 οἰ
3301 2865 3452 2917 κάτω
3479 2864 3905 2934 ἀποκρίνονταιο

2311 2967 2540 3035 Βίρήνη
2554 2968 2623 3020 ἐν
2636 2984 2668 3020 ο
2678 2964 2893 3034 Marti),
2908 2965 3005 3017 καὶ
3020 2965 3171 3029 δόξα
3184 2964 3253 3017 ἐν
3274 2962 3649 3032 ὑψίστοις.οἱ
3661 2956 3880 3027 ἄγγελοι
3891 2995 3907 3017 ,

2318 3061 2448 3115 Ἐπὶ
2468 3059 2582 3129 γῆς
2603 3058 2834 3126 εἰρήνη,
2856 3058 3147 3129 εἰρήκασιν
3169 3072 3183 3085 ο
3207 3056 3255 3107 el
3272 3053 3569 3125 ἅνθρωποι,
3596 3048 3821 3117 Είρήνη
3839 3048 3910 3099 ἐν·

2318 3150 2577 3220 οὐρανῷ,
2594 3146 3104 3218 κεκράγασι.Διατί;
3125 3138 3312 3212 ἐπειδὴ
3330 3145 3536 3213 ἐπέστη
3553 3143 3580 3195 ὁ
3593 3144 3730 3195 πᾶσι
3744 3140 3906 3210 βοῶν·

2320 3241 2546 3311 Εἰρήνη
2592 3242 2766 3311 ὑμῖν·
2804 3240 2932 3311 περὶ
2970 3231 3038 3291 οὗ
3065 3238 3094 3291 ὀ
3123 3237 3411 3308 προφήτης
3444 3232 3666 3306 ηὔχετο,
3696 3232 3905 3300 λέγων·

2312 3338 2489 3403 Κύριε
2526 3338 2557 3390 ό
2582 3335 2726 3399 Θεὸς
2748 3330 2934 3403 ἡμῶν,
2956 3328 3207 3399 εἰρήνην
3230 3328 3338 3392 δὸς
3377 3324 3542 3395 ἡμῖν’
3580 3323 3725 3378 τοῦτ’
3763 3322 3911 3387 ἐστι,

2312 3427 2419 3480 Τὸν
2452 3426 2581 3479 Υιόν
2610 3442 2702 3479 σου
2738 3425 2830 3477 τὸν
2863 3422 3129 3493 μονογενῆ
3157 3418 3502 3481 ἀπόστειλον,
3530 3417 3620 3469 ῐνα
3648 3415 3715 3469 δι’
3738 3413 3905 3467 αὑτοῦ

2314 3515 2662 3585 καταλλαγῆς
2712 3514 2847 3583 πρὸς
2890 3514 3063 3582 ἡμᾶς,
3115 3510 3258 3580 ὀρῶν
3290 3508 3389 3578 τὴν
3416 3506 3698 3577 ἡμετέραν
3741 3503 3907 3573 φύσιν

2315 3606 2607 3660 ἑνωθεῖσάν
2640 3621 2723 3657 σοι
2747 3603 2816 3656 δι’
2866 3602 3031 3656 αὑτοῦ
3063 3620 3077 3633 -
3110 3603 3287 3672 ἤνπερ
3334 3599 3563 3668 εἰρήνην
3589 3594 3825 3665 ὁρῶντες
3857 3594 3909 3645 οι

2312 3701 2420 3751 τῶν
2452 3700 2565 3753 ἄνω
2597 3698 2770 3769 χοροὶ,
2806 3695 2975 3749 ἐϐόων
3002 3711 3016 3725 ’
3044 3694 3199 3755 Δόξα
3218 3692 3285 3744 ὲν
3306 3689 3595 3759 ὑψίστοις
3625 3684 3767 3751 Θεῷ,
3802 3686 3906 3737 καὶ

2313 3792 2407 3845 ἐπὶ
2440 3789 2554 3859 γῆς
2576 3788 2786 3857 ειρήνη
2808 3803 2820 3817 ο
2859 3788 3028 3857 ἧγουν
3062 3784 3198 3837 Θεοῦ
3248 3784 3384 3855 πρὸς
3430 3779 3661 3851 ἐχθροὺς
3718 3776 3908 3830 τελεία

2314 3880 2657 3951 καταλλαγὴ,
2708 3880 2777 3950 ἢν
2824 3879 2918 3933 καλ
2962 3879 3012 3930 οἱ
3050 3877 3240 3939 παῖδες
3296 3872 3562 3945 μαθόντες
3623 3870 3903 3941 ἔκραζον·

2324 3968 2609 4026 Ὡσαννά·
2626 3966 2850 4037 Εἰρήνη
2868 3968 2937 4021 ἑν
2954 3962 3325 4033 οὐρανῷ,καὶ
3340 3962 3492 4026 δόξα
3513 3959 3907 4029 eruti-latore.

2315 4060 2582 4128 Γεγόνασι
2616 4060 2725 4129 γὰρ
2761 4058 2831 4112 τά
2862 4074 2993 4110 ποτε
3033 4054 3231 4127 ἐχθρὰ,
3256 4053 3351 4107 νῦν
3376 4051 3619 4122 ἀδελφά·
3681 4049 3812 4121 μίαν
3843 4051 3910 4101 τὰ

2314 4152 2565 4225 οὐράνια,
2596 4151 2695 4203 καὶ
2722 4151 2790 4203 τὰ
2842 4148 3063 4217 ἐπίγεια
3112 4146 3343 4219 Χριστῷ
3392 4144 3470 4215 τῷ
3524 4142 3764 4214 οὐρανίῳ
3808 4141 3907 4193 καὶ

2317 4244 2545 4315 ὲπιγείῳ
2594 4241 2876 4310 θεολογίαν
2928 4239 3301 4311 προσάγοντα,
3357 4237 3452 4289 καὶ
3506 4232 3904 4305 προσκύνησιν.

2319 4336 2482 4391 Ὅθεν
2505 4334 2787 4402 θεολογίαν
2813 4332 3114 4403 προσάγειν
3163 4330 3214 4383 ol
3249 4329 3361 4384 ἄνω
3391 4329 3505 4390 τοῖς
3539 4326 3692 4379 κάτω
3717 4324 3907 4377 διακε-

2318 4430 2569 4484 λεύονται
2598 4444 2612 4457 ⁸
2641 4422 3259 4495 Προσκυνησάτωσαν
3291 4420 3451 4486 αὑτῷ
3490 4418 3682 4476 πᾶσαι
3712 4419 3771 4470 al
3792 4430 3910 4469 xa-

612 4534 794 4572 omnes
823 4516 1003 4587 angeli
1030 4515 1129 4570 Dei
1144 4515 1209 4569 ⁸⁸.
1236 4514 1407 4570 David
1452 4514 1708 4585 utrisque
1739 4514 1976 4571 clamat:
2005 4515 2213 4569 Lozten-

2321 4522 2473 4591 rptal
2497 4520 2619 4573 τῶν
2644 4515 2856 4573 ἐθνῶν·
2879 4517 2930 4569 οἱ
2959 4514 3110 4568 κάτω
3134 4515 3247 4577 τοῖς
3281 4513 3394 4568 ἄνω
3421 4510 3906 4595 ἁντιφθέγγονταιο

614 4621 704 4665 tur
748 4612 892 4680 caeli,
938 4619 988 4665 et
1043 4609 1272 4665 exsultet
1320 4611 1548 4664 terra”.
1597 4609 1959 4681 Respondent
2015 4609 2213 4679 pueri:

615 4704 875 4758 “osanna
906 4722 924 4759 :
944 4703 1263 4757 Benedictus
1284 4703 1376 4771 qui
1406 4702 1544 4755 venit
1575 4702 1631 4755 in
1665 4703 1878 4757 nomine
1902 4700 2143 4755 Domini.

2324 4588 2945 4681 ἠροσκυνησάτωσαν
2976 4603 3140 4670 αὐτῷ
3171 4602 3396 4670 πάντες
3433 4588 3681 4673 ἄττα.ιοῖ
3734 4596 3908 4653 Θεοῦ.

2333 4703 2394 4756 '0
2427 4700 2593 4757 Aa6.6
2623 4703 2729 4763 τοῖς
2758 4695 3097 4769 ἀμφοτέροις
3124 4695 3245 4767 βοᾷο
3274 4693 3833 4765 Εὐφραινέσθωσαν
3856 4691 3910 4742 al

611 4796 883 4867 οὐρανοὶ,
938 4797 1037 4851 καὶ
1077 4794 1471 4864 ἁταλλιάσθω
1530 4795 1570 4863 ή
1621 4792 1720 4862 τῆ.
1757 4794 1820 4847 Ol
1876 4792 2064 4857 παῖδες
2110 4796 2507 4870 ἁπεκρίναντο’
2568 4788 2870 4846 ὀσανν-ἀι
2931 4786 3359 4858 Εὐλογημένος
3402 4788 3436 4840 ὀ
3485 4786 3811 4855 ἐρχόμενος
3842 4781 3912 4833 ἐγ

619 4893 869 4960 ὀνόματι
899 4890 1143 4959 Κυρίου.

686 4986 826 5044 XIII.
864 4985 1003 5042 Cum
1057 4985 1263 5057 quibus
1298 4999 1399 5039 nos
1447 4997 1670 5054 quoque
1702 4981 2013 5045 laudemus,
2043 4995 2109 5036 ac
2134 4980 2214 5037 fe-

616 5092 758 5135 stam
792 5094 945 5134 nunc
976 5093 1205 5150 agamus
1231 5078 1437 5139 lucem,
1477 5092 1588 5131 non
1633 5076 1969 5146 pompatice,
2001 5075 2095 5130 sed
2129 5074 2216 5127 di-

618 5169 747 5223 vine
771 5186 784 5220 :
810 5166 1022 5222 nedum
1052 5180 1245 5231 manu,
1273 5164 1371 5220 sed
1418 5171 1475 5217 et
1509 5162 1718 5226 animo,
1769 5162 2079 5232 palmarum
2130 5177 2217 5215 ra-

620 5271 742 5311 mos
790 5262 1081 5318 tenentes,
1115 5267 1356 5323 eumque
1402 5266 1569 5321 supra
1622 5250 1803 5305 nivem
1853 5247 2211 5312 dealbantes,

618 5362 842 5403 (inanem
880 5345 1061 5416 ipsum
1090 5344 1304 5401 veteris
1347 5358 1411 5398 ac
1451 5342 1698 5413 pellicem
1726 5342 1926 5396 tunicae
1960 5340 2213 5396 mortali-

619 5449 812 5504 tatem,
838 5438 990 5494 omni
1023 5437 1168 5493 fastu
1214 5452 1276 5492 ac
1326 5438 1566 5493 elatione
1606 5434 1885 5504 deposita,
1924 5448 2217 5488 exuamus.

618 5532 835 5589 Idcirco
883 5532 1033 5588 enim
1080 5532 1376 5603 spirituum
1425 5545 1543 5596 rex,
1595 5543 1706 5583 non
1758 5527 1811 5580 in
1863 5526 2123 5581 curribus
2165 5533 2221 5579 et

624 5624 965 5680 exercitibus
992 5624 1163 5687 venit.
1191 5622 1291 5678 sed
1317 5623 1521 5677 misero
1540 5637 1605 5677 ac
1630 5621 1725 5675 vili
1758 5620 1912 5691 pullo
1945 5620 2217 5678 insidens.

2384 4976 2626 5032 ιΓ⁹.Μεθ⁹
2641 4969 2715 5030 ὧν
2729 4974 2822 5029 καὶ
2835 4976 2997 5046 ἡμεῖς
3011 4973 3110 5026 ἀνυ
3118 4972 3435 5043 μνήσωμεν,
3451 4968 3546 5022 καὶ
3562 4968 3909 5039 ἑορτάσωμεν

2326 5072 2564 5142 σήμερον
2585 5086 2598 5099 '
2633 5068 2709 5140 μὴ
2744 5064 3160 5137 πανηγυρικῶς,
3197 5063 3335 5118 ἀλλὰ
3375 5062 3578 5124 θεῖκῶς
3604 5077 3617 5092 ⁸
3647 5060 3725 5132 μὴ
3752 5059 3909 5130 μόνον

2324 5166 2389 5235 τῇ
2420 5164 2589 5236 χειρὶ,
2610 5161 2748 5217 ἀλλὰ
2780 5161 2877 5213 καὶ
2914 5160 2986 5231 τῇ
3014 5157 3186 5228 ψυχῇ,
3230 5156 3360 5227 βαΐα
3389 5153 3718 5223 κατέχοντες
3738 5168 3753 5185 ·
3814 5150 3908 5205 καὶ

2325 5254 2531 5325 ταύτην
2572 5253 2714 5324 ὑπὲρ
2769 5253 2923 5323 χιόνα
2974 5250 3362 5311 λευκάναντες,
3412 5246 3598 5300 πᾶσαν
3633 5244 3692 5311 te
3740 5241 3907 5310 αὐτῆς

2327 5343 2420 5397 τοῦ
2450 5341 2685 5397 παλαιοῦ
2732 5340 2830 5395 καὶ
2862 5336 3190 5411 δερματίνου
3229 5334 3456 5408 χιτῶνος
3512 5334 3616 5403 τὴν
3646 5334 3907 5402 νέκρωσιν

2328 5430 2754 5501 ἀποδυσώμεθα,
2787 5426 3165 5501 πάντα-τύψον
3194 5425 3290 5481 καὶ
3310 5426 3547 5498 ἔπαρσιν
3574 5421 3908 5493 ἀπορρίψαν.

2328 5542 2439 5587 τες.
2474 5522 2574 5576 Διὰ
2606 5520 2768 5575 τοῦτο
2795 5520 2905 5591 γὰρ
2926 5522 2955 5572 ὁ
3000 5517 3256 5589 βασιλεὺς
3297 5516 3408 5569 τῶν
3452 5514 3785 5583 ἀσωμάτων,
3808 5508 3905 5563 οὐκ

2332 5617 2416 5684 ἐφ’
2444 5613 2710 5687 ἁρμάτων
2761 5611 2857 5667 καὶ
2914 5608 3339 5680 στρατευμάτων
3368 5602 3767 5673 παραγίνεταιν
3793 5595 3905 5652 ἀλλ’

693 5742 736 5771 ⁸³
771 5740 915 5797 Psal.
948 5755 1097 5797 um.
1129 5739 1181 5791 7.
1259 5738 1303 5770 "
1343 5738 1501 5793 Joan.
1533 5739 1666 5801 3.,9.
1740 5734 1785 5767 ⁸³
1819 5736 1923 5791 lsa.
1960 5750 2105 5798 mu,
2139 5736 2189 5789 l.
2256 5732 2455 5787 “Luc.
2504 5746 2564 5794 It,
2614 5730 2715 5801 ll.
2779 5727 2823 5758 ”
2855 5725 2991 5781 Luc.
3043 5739 3152 5788 nx,
3192 5721 3281 5777 38.
3358 5718 3403 5751 "
3441 5718 3576 5773 Luc.
3632 5730 3775 5779 xxiv,
3815 5706 3898 5765 δεῖ.

622 5812 665 5845 ⁸⁷
702 5796 805 5869 Isa.
839 5826 982 5876 un,
1024 5796 1103 5862 l2.
1183 5810 1225 5841 "
1259 5796 1635 5877 Psal.xxt,2§.
1704 5808 1748 5838 '"
1784 5807 1927 5862 Psal.
1960 5796 2179 5869 301,8.

2337 5803 2479 5858 Psal.
2508 5816 2628 5866 xcv,
2664 5796 2746 5852 II.
