4118 6502
230 435 369 502 993’?

1229 433 1496 492 CAPI'TA
1539 433 1643 492 VII
1686 434 1782 491 DE
1823 435 2124 494 DUABUS
2165 435 2524 495 NATURIS.

3367 429 3512 493 2938

229 553 331 608 ἐπὶ
354 549 534 603 πώλου
563 548 779 614 οἰκτροῦ
843 548 935 598 καὶ
983 547 1179 615 μικροῦ
1232 546 1540 613 καθήμενος
1572 546 1812 612 ἔρχεται,

1924 562 2028 613 quo
2059 547 2271 610 doceat,
2305 557 2362 600 ut
2412 562 2482 600 ne
2535 547 2591 599 in
2640 544 2799 613 equis
2850 551 2906 597 et
2959 542 3143 604 mulis,
3183 541 3370 611 quibus
3399 559 3504 596 non

233 645 296 696 σὲ
337 641 609 695 παιδεύων
643 639 715 708 μὴ
762 638 846 704 ἐφ’
893 637 1074 688 ἵππων
1117 637 1209 688 καὶ
1251 636 1511 704 ἡμιόνων,
1555 634 1642 699 οἷς
1700 638 1811 687 οὐκ

232 737 366 788 ἔστι
385 733 660 794 σύνεσις,
681 727 1027 798 ἐπαίρεσθαι.
1049 727 1139 778 Διὸ
1171 729 1262 778 καὶ
1289 731 1450 796 ἡμεῖς
1477 726 1817 794 συμμετριὰε-

236 841 421 892 σωμεν
452 819 694 890 Χριστῷ,
733 820 821 871 ἵνα
853 818 948 869 καὶ
981 816 1368 884 συνέλθωμεν]
1406 817 1544 884 μετὰ
1567 815 1815 883 ἀγγέλων

232 914 609 981 ὑμνῆσωμενσ
657 911 794 980 μετὰ
851 907 960 961 τῶν
1012 908 1217 960 παίδων
1262 905 1578 974 δοξασωμεν
1608 923 1619 934 ·
1677 905 1817 974 μετὰ

232 999 334 1050 τοῦ
363 999 517 1067 ὄχλου
552 999 619 1052 τὰ
654 997 748 1051 τοῦ
783 997 942 1065 ὄχλου
986 997 1271 1066 βοὴσωμεν
1300 1010 1313 1024 ’
1375 995 1514 1063 μετὰ
1549 992 1820 1061 Βηθανίας

244 1091 657 1159 σκιρτήσωμεν·
706 1088 844 1158 μετὰ
896 1085 1146 1158 Λαζάρου
1187 1087 1294 1138 τῶν
1362 1086 1576 1154 νεκρῶν
1639 1085 1818 1154 ἔργων

235 1178 593 1245 ἀναστῶμενο
646 1177 783 1246 μετὰ
827 1175 936 1229 τῶν
989 1177 1047 1227 ὲν
1086 1175 1223 1226 Σιὼν
1270 1175 1638 1243 χορεύσωμεν·
1682 1174 1818 1243 μετὰ

234 1268 350 1320 τῶν
377 1268 790 1337 ἁναδλεψὰντων
809 1266 1022 1334 τυφλῶν
1053 1263 1345 1336 κράξωμεν
1370 1283 1382 1296 ·
1417 1266 1558 1334 μετὰ
1606 1266 1816 1334 νηπίων

235 1361 338 1413 καὶ
367 1361 637 1432 γερόντων
659 1359 964 1426 αξκθέσωμεν
984 1375 998 1389 ο
1027 1359 1164 1427 μετὰ
1189 1358 1444 1428 μαθητῶν
1471 1357 1817 1427 κηρύξωμενο

234 1448 441 1501 ἐλαιῶν
472 1449 699 1510 κλάδους
737 1447 805 1500 δι’
858 1447 1233 1516 ἐλεημοσύνης
1264 1450 1321 1499 ὲν
1353 1449 1416 1517 τῇ
1446 1446 1541 1499 τοῦ
1576 1447 1692 1515 βίου
1720 1445 1822 1514 ὁδῷ

234 1539 425 1601 καλῶς
482 1539 922 1609 ὑποστρώσωμεν
947 1552 962 1570 ·
1021 1539 1162 1592 κατὰ
1195 1541 1322 1600 τοὺς
1361 1539 1558 1601 παῖδας
1597 1537 1824 1608 περικό-

232 1630 433 1698 ψωμεν
477 1629 576 1698 τῆς
633 1629 904 1682 πολυῢλου
964 1629 1118 1699 ἡμῶν
1175 1627 1461 1698 ὑπάρξεως
1494 1628 1585 1680 τὸν
1618 1627 1781 1694 ὄγκον
1808 1643 1823 1656 ·

235 1722 340 1773 καὶ
389 1721 728 1792 ἐλεημοσύνῃ
764 1722 990 1783 ἑαυτοὺς
1028 1722 1471 1790 ὑποστρώσωμεν
1526 1720 1584 1770 ὲν
1619 1722 1684 1790 τῇ
1721 1719 1827 1789 ὁδῷ

235 1814 310 1880 τῇ
347 1810 580 1883 λεγούσῃ
608 1829 621 1842 ·
667 1813 809 1881 Ἐγώ
843 1813 1033 1881 alitur}
1071 1812 1232 1877 ὀδός”
1263 1814 1412 1874 ὅπως
1443 1812 1538 1864 καὶ
1566 1813 1732 1881 ἡμεῖς
1758 1811 1826 1865 δι’

1914 645 1988 687 est
2041 635 2337 706 intellectus
2359 638 2428 700 ",
2459 634 2731 689 eﬂ‘eraris.
2766 632 3004 688 Proinde
3039 647 3140 686 nos
3175 631 3344 686 etiam
3397 646 3506 685 una

1915 741 2038 780 cum
2066 727 2289 781 Christo
2313 726 2633 780 modestiam
2657 725 2925 788 colamus,
2952 732 3012 776 ut
3044 731 3104 776 et
3123 722 3286 774 simul
3313 737 3508 777 ascen-

1915 817 2109 870 damus
2159 833 2172 871 :
2225 833 2350 871 cum
2400 817 2610 885 angelis
2652 829 3012 882 personemus
3061 815 3292 882 hymnos
3339 828 3502 866 :cum

1919 909 2107 978 pueris
2145 908 2553 978 gloriﬁeemus:
2587 921 2712 960 eum
2769 906 2951 969 turba,
3008 903 3200 958 eadem
3262 919 3326 957 ac
3392 902 3507 971 ipsa

1920 1000 2219 1053 clamemus
2245 1017 2257 1051 :
2283 1014 2406 1053 cum
2432 997 2698 1051 Bethania
2727 995 3068 1051 exsultemus
3093 1013 3105 1047 :
3133 1010 3258 1050 cum
3278 995 3518 1058 Lazaro,

1921 1091 1989 1144 ab
2022 1092 2287 1160 operibus
2325 1091 2562 1144 mortuis
2615 1103 3160 1158 resurgamus:-cum
3194 1086 3379 1142 Sionis
3423 1086 3510 1140 in-

1921 1182 2059 1237 colis
2118 1183 2319 1236 choros
2368 1183 2671 1251 agitemus:
2709 1195 2836 1234 cum
2896 1179 3055 1233 caecis
3103 1167 3308 1247 quibus
3359 1179 3512 1231 visus

1895 1275 2208 1329 ‘rcstitutus
2261 1273 2385 1335 fuit,
2433 1273 2770 1327 clamemus:
2803 1287 2926 1326 cum
2979 1269 3168 1341 pueris
3196 1278 3253 1322 et
3287 1268 3511 1322 senibus

1923 1364 2249 1419 laudemus:
2284 1380 2406 1418 cum
2443 1363 2733 1433 discipulis
2761 1363 3125 1433 praedicamus
3161 1381 3172 1415 :
3202 1376 3386 1414 ramos
3411 1359 3514 1414 oli-

1923 1468 2112 1504 varum
2146 1467 2244 1520 per
2277 1451 2713 1506 misericordiam
2744 1453 2799 1505 in
2831 1453 2957 1506 vita:
2988 1451 3184 1504 itinere
3210 1465 3510 1519 puerorum

1926 1557 2081 1595 more
2113 1543 2217 1594 rite
2259 1551 2570 1597 stcrnamus
2600 1562 2610 1594 ε
2645 1543 3107 1598 circumcidamus
3140 1543 3301 1612 longe
3343 1537 3515 1595 matc-

1927 1631 2080 1685 rialis
2135 1643 2335 1686 nostra:
2386 1633 2708 1688 substantiae
2759 1635 2980 1696 molem,
3037 1648 3247 1702 nosque
3297 1632 3515 1686 miseri-

1929 1724 2132 1778 cordia:
2185 1724 2239 1778 in
2279 1724 2365 1778 via
2401 1725 2840 1791 substernamus,
2891 1742 3014 1796 qua:
3043 1725 3213 1780 dicit:
3258 1725 3370 1794 Ego
3396 1740 3514 1777 sum

1929 1817 2069 1870 via"
2096 1833 2108 1868 :
2145 1825 2204 1869 ut
2236 1827 2292 1871 et
2334 1832 2433 1871 nos
2462 1832 2561 1886 per
2590 1832 2710 1870 eam
2737 1825 2794 1871 et
2822 1832 2946 1870 cum
2985 1833 3047 1870 ea
3075 1815 3514 1869 misericordiam

239 1904 418 1973 αὐτῆς
450 1903 702 1975 εὕρωμεν
730 1904 883 1968 ἔλεος
917 1905 1047 1974 παρ’
1078 1905 1267 1974 αὐτῆς,
1293 1904 1387 1956 καὶ
1422 1904 1518 1957 σὺν
1559 1903 1698 1973 αὐτῇ
1733 1905 1814 1961 εἰς

1927 1905 2282 1960 inveniamus
2309 1907 2363 1960 in
2391 1921 2627 1976 superna
2659 1907 2982 1962 Jerusalem.
3011 1906 3066 1960 ln
3092 1922 3349 1976 magnum
3378 1904 3514 1959 illud

235 1993 344 2064 τὴν
377 1993 488 2047 ἄνω
521 1994 898 2065 Ἰερουσαλήμ..
936 1995 1029 2058 Εἰς
1057 1995 1117 2046 τὸ
1145 1995 1288 2064 ἱερὸν
1324 1994 1386 2046 τὸ
1413 1993 1558 2063 μέγα
1597 2011 1815 2048 συνεισ-

236 2084 512 2154 έλθωμεν,
545 2086 640 2138 καὶ
668 2087 719 2138 οἱ
745 2086 1098 2156 προάγοντες.
1142 2086 1236 2137 καὶ
1292 2085 1342 2137 οἱ
1376 2084 1818 2148 ἀκολουθοῦντες

237 2176 298 2228 οἱ
328 2178 663 2246 προάγοντες
691 2176 812 2247 μὲν,
839 2179 888 2228 οι
923 2178 981 2228 ὲν
1009 2179 1076 2247 τῇ
1107 2176 1266 2247 τρίτῃ
1304 2175 1444 2247 ὥρᾳ,
1477 2175 1572 2230 καὶ
1606 2179 1654 2228 οἱ
1692 2178 1824 2228 ἀκο-

240 2265 590 2330 λουθοῦντες,
622 2269 672 2320 οι
708 2268 835 2337 περὶ
894 2267 994 2336 τὴν
1044 2267 1376 2336 ἑνδεκάτηνο
1437 2268 1532 2320 καὶ
1593 2268 1642 2319 οἱ
1692 2283 1829 2337 προ-

242 2360 477 2425 άγοντες
502 2359 590 2413 διὰ
619 2359 894 2429 πράξεων,
933 2359 1024 2411 καὶ
1045 2360 1094 2411 οἱ
1129 2358 1547 2421 ἀκολουθοῦντες
1575 2359 1661 2410 διὰ
1698 2375 1831 2428 προ-

242 2451 476 2515 θέσεως,
509 2451 746 2513 ἆπαντες
795 2449 942 2522 [σὺν]
974 2449 1196 2520 Χριστῷ
1216 2447 1269 2514 ἀ,
1303 2449 1352 2500 οἱ
1400 2449 1554 2501 αὐτοὶ
1596 2464 1828 2501 συνακο-

241 2542 594 2606 λουθοῦντες,
655 2544 750 2594 καὶ
803 2541 1274 2610 ἀκολουθήσαντες
1329 2528 1827 2612 συμϐασιλεύοντες

242 2630 424 2700 αὐτῷ,
455 2632 550 2684 καὶ
579 2630 688 2682 τῶν
722 2629 958 2684 αἰωνίων
993 2628 1214 2697 ἀγαθῶν
1244 2627 1637 2690 ἀπολαύοντες,
1667 2627 1828 2692 δόξαν

244 2721 350 2775 καὶ
409 2721 781 2790 μεγαλοσύνην
835 2721 1270 2790 ἀναπέμψωμεν,
1334 2718 1452 2786 ἅμα
1508 2719 1588 2788 τῷ
1627 2719 1824 2789 Πατρὶ,

245 2814 348 2867 καὶ
395 2810 474 2879 τῷ
519 2811 767 2881 παναγιῳ
811 2813 906 2865 καὶ
953 2801 1562 2879 ζωοποιῷΠνεύματι,
1607 2808 1704 2863 νῦν
1735 2810 1830 2863 καὶ

244 2901 365 2966 ἀεὶ,
397 2901 490 2954 καὶ
526 2902 606 2962 εἰς
636 2901 762 2963 τοὺς
785 2901 984 2964 αἰῶνας
1009 2900 1117 2953 τῶν
1143 2900 1378 2954 αἰώνων.
1456 2900 1649 2971 Ἀμήν.

323 3036 369 3068 ’³
412 3037 557 3092 Psal.
592 3054 738 3102 xxxi,
767 3038 820 3093 9.
885 3039 930 3070 "
958 3039 1116 3095 Joan.
1145 3055 1255 3104 xw,
1286 3040 1342 3093 6.

1927 1997 2190 2065 templum
2229 1997 2435 2066 pariter
2477 1997 2872 2068 ingrediamur,
2925 2009 3040 2052 tum
3101 2000 3195 2067 qui
3253 1996 3515 2067 praecedi-

1929 2099 2075 2151 mus,
2109 2094 2226 2139 tum
2260 2087 2354 2156 qui
2382 2088 2706 2156 sequimur:
2738 2089 2832 2158 qui
2877 2090 3282 2159 prazcedimus,
3307 2089 3400 2158 qui
3429 2089 3516 2141 ni-

1931 2175 2130 2229 mirum
2157 2177 2291 2231 hora
2336 2180 2527 2233 tertia:
2554 2189 2609 2233 et
2635 2181 2730 2249 qui
2759 2180 3047 2250 sequimur
3069 2223 3083 2247 ,
3116 2181 3210 2250 qui
3237 2181 3382 2234 circa
3416 2197 3518 2233 nn-

1933 2265 2248 2320 decimam:
2309 2268 2425 2336 qui,
2476 2269 2724 2339 inquam,
2784 2286 2882 2339 per
2938 2279 3058 2325 aeta
3114 2270 3516 2340 praecedimus;

1935 2356 2140 2425 quique
2192 2360 2480 2428 sequimur
2531 2376 2629 2429 per
2671 2364 3013 2431 propositum
3076 2363 3282 2428 animi;
3327 2377 3521 2417 omnes

1933 2443 2174 2512 Christo,
2199 2451 2250 2504 ei
2282 2465 2430 2506 nunc
2450 2467 2512 2506 ac
2531 2453 2663 2506 olim
2705 2455 2956 2517 comites,
2981 2471 3106 2510 cum
3137 2455 3256 2525 ipso
3288 2470 3521 2524 regnan-

1936 2549 2055 2605 tes,
2106 2557 2170 2595 ac
2225 2531 2580 2611 sempiternis
2627 2544 2789 2598 bonis
2851 2544 3122 2609 fruentes,
3173 2544 3404 2614 gloriam
3456 2559 3520 2597 ac

1934 2630 2397 2700 magnificentiam
2453 2634 2887 2698 submittamus,
2950 2651 3060 2689 una
3128 2649 3254 2688 cum
3333 2623 3519 2695 Patre.

1934 2721 2395 2792 sanctissimoque
2425 2739 2488 2778 ac
2513 2724 2734 2779 viviﬂeo
2761 2723 2999 2794 Spiritu,
3023 2740 3173 2779 nunc
3201 2733 3256 2779 et
3279 2737 3519 2794 semper,

1935 2821 1991 2867 et
2021 2812 2074 2866 in
2101 2815 2297 2868 saecula
2324 2817 2672 2871 saeculorum.
2707 2819 2902 2872 Amen.

1534 3133 1771 3188 VARIzE
1811 3133 2104 3190 LECTION
2119 3134 2224 3190 ES.

323 3198 356 3239 ⁸
386 3201 626 3272 Χριστῷ.
658 3202 788 3272 Leg.
823 3203 900 3274 τῷ
929 3204 1173 3276 Χριστῷ.

693 3401 1108 3415 μ--η--ρ-σ.

293 3401 692 3412 σ-υο--οσ-

256 3402 611 3434 ζέέ.⁹.-......*-’-.“τ--

1691 3421 2082 3432 ..κ-...υ--ι-κ

651 3565 951 3686 ΤΟΥ
1062 3537 2269 3682 ΜΑΚΑΡΙΩΤΑΤΟΥ
2376 3555 3147 3676 ΕΥΑΟΓΙΟΥ

1493 3783 1696 3836 ΠΑΠΑ
1737 3777 2309 3834 ΑΛΕΞΑΝΔΡΕΙΑΣ

1419 3941 1990 4028 ΚΕΦΑΛΑΙΑ
2065 3941 2367 4027 ΕΠΤΑ

403 4121 564 4178 ΠΕΡΙ
594 4123 730 4178 ΤΩΝ
757 4123 892 4179 ΔΥΟ
921 4123 1191 4181 ΦΥΣΕΩΝ
1220 4125 1358 4181 ΤΟΥ
1400 4124 1665 4180 ΚΥΡΙΟΥ
1700 4126 1822 4180 ΚΑΙ
1860 4123 2043 4179 ΘΕΟΥ
2093 4124 2214 4178 ΚΑΙ
2249 4122 2566 4176 ΣΩΤΗΡΟΣ
2600 4120 2800 4178 ΗΜΩΝ
2832 4117 3038 4174 ΙΗΣΟΥ
3063 4112 3384 4171 ΧΡΙΣΤΟΥ.

1147 4462 1954 4579 BEATISSIMI
2072 4465 2658 4579 EULOGII

1537 4682 1748 4740 PAP/E
1781 4683 2269 4739 ALEXANDRINI

1309 4880 1727 4971 CAPITA
1763 4859 1884 4942 (1⁵)
1955 4877 2415 4968 SEPTEM

374 5074 471 5133 DE
519 5071 817 5132 DUABUS
865 5070 1199 5132 NATURIS
1241 5070 1508 5133 DOMINI
1549 5070 1846 5144 DEIQUE-
1882 5071 1970 5132 AC
2013 5069 2489 5132 SALVATORIS
2545 5068 2824 5130 NOSTRI
2876 5068 3057 5130 JESU
3107 5069 3432 5132 CHRISTI.

1457 5234 1487 5282 Ι
1489 5238 1729 5296 nlerprcte
1754 5232 2024 5283 Funcisco
2058 5233 2360 5284 Counsrisxo.

331 5507 417 5563 A’.
440 5509 502 5561 Et
524 5512 655 5580 μιᾶς
671 5509 884 5579 φύσεως
904 5511 1050 5579 μετὰ
1073 5508 1172 5580 τὴν
1193 5511 1385 5562 ἕνωσιν
1409 5512 1438 5563 ὁ
1457 5510 1657 5580 Κύριος
1687 5511 1842 5580 ἡμῶν
1871 5515 1918 5576 c
2017 5511 2057 5564 l.
2105 5510 2161 5564 Si
2189 5510 2354 5566 unius
2384 5521 2597 5566 natura!
2633 5521 2757 5583 post
2822 5511 3083 5566 unionem
3135 5520 3221 5564 est
3256 5509 3543 5564 Dominus

266 5598 488 5670 Ἰησοῦς
513 5601 752 5671 Χριστός
788 5603 956 5665 ἐστιν,
990 5603 1130 5665 εἰπὲ,
1170 5601 1365 5668 notae;
1412 5603 1512 5672 τῆς
1543 5603 1840 5674 λαϐούσης,

1952 5613 2141 5660 noster
2172 5606 2333 5661 Jesus
2361 5604 2617 5660 Christus
2639 5647 2653 5670 ,
2714 5621 2869 5676 rogo,
2902 5603 3230 5675 cujusnatn?
3271 5601 3393 5673 ejus
3421 5617 3542 5670 qua:

337 5740 454 5822 (l5)
489 5741 716 5822 Exstant
769 5744 908 5822 hsec_
933 5749 1141 5822 septem
1197 5743 1387 5822 φορμία
1424 5748 1600 5822 sancti
1635 5747 1847 5821 Eulogii
1887 5751 2032 5808 inter
2050 5752 2316 5822 opuscula
2361 5751 2664 5822 theologica
2706 5751 2880 5806 sancti
2922 5748 3138 5804 Maximi
3180 5744 3540 5809 confessoris,

251 5814 405 5882 Opp.
437 5820 570 5866 tom.
602 5813 664 5878 ll,
702 5829 859 5884 pagg.
892 5814 989 5870 l-l5
1007 5832 1121 5884 seq.
1144 5813 1737 5874 editCCombt-fisianzu.
