4118 6478
206 460 349 526 99η
1066 468 1327 529 SERMO
1364 470 1465 530 DE
1505 471 1925 536 TRINITATE
1965 474 2060 532 ET
2104 473 2685 554 INCABNATIONE
3391 477 3541 543 2942

351 574 552 644 φωτὸς,
590 576 699 646 πρὸ
732 574 1005 647 ἀστέρων,
1039 576 1149 647 πρὸ
1173 577 1417 648 ἀνέμων,
1451 579 1559 649 πρὸ
1584 558 1814 643 ῦδάτων,

1948 573 2512 649 ιοιοιηΑηιεῚυοθηι,
2540 592 2669 638 ante
2721 582 2929 649 sidera,
2977 593 3106 638 ante
3148 594 3367 657 ventos,
3403 595 3534 644 ante

216 660 324 741 πρὸ
354 668 547 738 πνοῆς,
589 670 696 739 πρὸ
727 669 828 738 τῆς
861 670 985 738 γῆς,
1025 669 1142 739 πρὸ,
1162 670 1343 741 πάσης
1372 671 1574 742 ὁρατῆς
1604 690 1685 733 τε,
1727 675 1822 726 καὶ

1948 688 2121 742 iquas,
2170 684 2298 727 ante
2329 675 2543 738 (latum,
2571 684 2701 731 ante
2736 684 2962 737 terram.
2992 688 3120 730 ante
3149 691 3372 732 omnem
3401 677 3537 732 visi-

214 760 461 830 ιοράτου
504 761 777 822 κτίσεως’
835 753 991 823 οὗτος
1035 761 1217 814 τοίνυν
1261 761 1289 812 6
1328 763 1675 834 προάναρχος
1729 765 1824 818 καὶ

219 849 550 928 προαιώνιος
586 853 615 903 6
647 850 904 913 ἄκτιστος
935 850 1068 913 Θεὸς
1105 852 1285 924 οἰκείᾳ
1317 854 1576 924 βουλήσει
1611 858 1706 926 καὶ
1733 857 1826 908 ευ-

215 941 440 1008 δοκήσει
471 942 548 1004 ὡς
578 941 738 1011 μόνος
769 936 914 995 οἶδεν
944 943 1129 1007 αὐτὸς,
1162 945 1256 997 καὶ
1282 947 1372 998 ὅτε
1398 941 1560 1012 οἶδεν,
1583 948 1676 998 καὶ
1701 946 1824 1001 ὅθεν

216 1027 394 1096 οῐῦεν,
438 1032 619 1086 ἔκτισε
652 1033 835 1095 πᾶσας
861 1034 961 1098 τὰς
989 1036 1282 1106 οὐρανίους
1309 1036 1419 1090 τῶν
1442 1038 1694 1106 ἀγγέλων
1732 1037 1826 1091 καὶ

219 1125 537 1194 ἀσωμάτων
587 1127 1018 1196 στρατευμάτων
1065 1129 1160 1181 καὶ
1194 1130 1514 1199 ταγμάτων,
1546 1130 1824 1200 ἀοράτων,

221 1216 660 1288 πολυομμάτων,
721 1218 1056 1288 ἀομμάτων,
1109 1219 1536 1291 ὲξαπτερύγων,
1586 1222 1823 1290 θρόνων,

221 1310 474 1381 οὐρανῶν
523 1310 817 1381 δυνάμειςο
884 1307 1003 1366 εἶτα
1055 1311 1198 1384 μετὰ
1246 1314 1454 1377 ταύτας
1500 1315 1830 1384 δημιουργεί

221 1402 319 1455 τὸν
365 1402 646 1474 ὁρώμενον
694 1406 754 1470 ἐξ
799 1406 1034 1476 οὐρανοῦ
1088 1407 1183 1459 καὶ⁵
1231 1391 1610 1477 γῆς’κόσμον.
1662 1408 1722 1472 ἐξ
1753 1390 1828 1462 ὧν

222 1495 344 1547 ἔστι
378 1498 474 1550 καὶ
505 1499 534 1550 6
560 1497 870 1569 ἄνθρωπος,
907 1499 1135 1569 μίμημα
1165 1500 1265 1568 τῆς
1290 1499 1494 1568 ὁρατῆς
1524 1502 1613 1553 καὶ
1641 1499 1830 1572 [ἅοράὲ

222 1583 358 1656 του]
392 1585 646 1651 κτίσεως,
684 1588 889 1658 ὀρατὴν
924 1590 1022 1659 μὲν
1052 1591 1193 1659 ἔχων
1227 1591 1326 1659 τὴν
1354 1591 1556 1661 σάρκα,
1591 1593 1828 1661 ἀόρατον

223 1673 283 1726 δὲ
343 1676 444 1744 τὴν
492 1676 696 1746 ψυχήν.
769 1675 975 1730 Τοῦτον
1031 1677 1123 1730 τὸν
1177 1677 1469 1747 ἄνθρωπον
1517 1677 1831 1731 πλασθέντα

225 1765 591 1836 ἐνουθέτησεν
630 1770 658 1821 6
691 1767 823 1831 Θεὸς
848 1781 865 1828 ’,
906 1769 1030 1831 δοὺς
1066 1767 1216 1838 αὑτῷ
1249 1771 1328 1832 εἰς
1362 1769 1701 1841 ἐπιστροφὴν
1731 1772 1831 1842 τὴν

224 1860 292 1910 ὲκ
348 1859 449 1928 τῆς
496 1860 707 1930 πλάνης
756 1860 1209 1930 εἰδωλολατρεέας
1245 1861 1412 1932 νόμον
1461 1864 1710 1932 γραπτὸν
1742 1863 1831 1916 διὰ

1925 763 2094 817 bilem
2145 764 2594 842 invisibilemque
2649 776 2984 821 creaturam.
3031 765 3134 821 llic
3181 767 3352 837 igitur
3393 768 3536 835 initii

1925 870 2129 924 expers
2177 864 2532 926 aeternusque
2576 865 2633 912 et
2688 857 2973 912 increatus
3018 857 3165 912 Deus
3191 858 3418 929 propria
3442 873 3539 912 vo-

1930 948 2141 1002 luntate
2193 956 2247 1001 et
2306 948 2681 1016 beneplacito,
2733 950 2813 1003 uti
2870 949 3028 1002 novit
3088 950 3205 1018 ipse
3263 950 3432 1013 solus,
3483 959 3541 1004 et

1928 1038 2152 1106 quando
2180 1037 2333 1092 novit
2366 1047 2422 1092 et
2453 1037 2600 1092 unde
2640 1038 2796 1092 novit
2827 1054 3024 1094 omnes
3069 1039 3326 1094 celestes
3366 1055 3538 1111 ange-

1929 1131 2109 1186 lorum
2146 1141 2202 1185 et
2238 1131 2696 1200 incorporeorum
2745 1131 3093 1186 exercituum
3141 1143 3198 1186 et
3246 1133 3540 1201 ordinum,

1932 1223 2320 1289 invisibilium,
2360 1231 2418 1278 et
2451 1223 2644 1277 multis
2673 1224 2852 1278 oculis
2887 1223 3246 1294 prmditorum
3275 1236 3332 1280 et
3361 1225 3544 1294 oculis

1931 1316 2261 1395 carentium,
2304 1329 2400 1370 sex
2435 1313 2538 1368 alis
2564 1313 2994 1378 instructorum,
3029 1293 3386 1377 thronorum,
3426 1329 3544 1369 τωο

1923 1409 2114 1461 lorum
2147 1407 2387 1462 virtutes
2423 1407 2655 1461 creavit.
2684 1405 2824 1458 Tum
2850 1417 2975 1475 post
3003 1405 3126 1460 illas
3158 1413 3314 1460 creat
3344 1405 3541 1460 visibi-

1932 1499 2039 1554 lem
2075 1498 2368 1564 mundum,
2394 1498 2537 1553 cmlo
2561 1508 2619 1552 et
2645 1507 2790 1551 terra
2823 1497 3247 1561 consistentem,
3281 1497 3345 1550 ad
3375 1511 3544 1566 quem

1933 1591 2171 1661 pertinet
2206 1590 2395 1654 homo,
2433 1589 2613 1661 imago
2654 1588 2889 1643 visibilis
2921 1586 3001 1659 [et
3031 1587 3351 1659 invisibilis]
3381 1603 3542 1641 crea-

1936 1676 2140 1738 tio‘nis':
2177 1683 2454 1752 siquidem
2505 1696 2726 1736 carnem
2773 1681 2942 1736 habet
2973 1680 3270 1745 visibilem,
3303 1680 3544 1734 animam

1933 1786 2120 1831 autem
2177 1775 2537 1830 invisibilem.
2588 1775 2749 1829 llunc
2778 1773 3071 1828 hominem
3109 1781 3360 1826 creatum
3394 1786 3548 1825 com-

1938 1867 2156 1920 monuit
2205 1867 2369 1931 Deus,
2420 1865 2711 1936 legemque
2755 1882 2785 1918 a
2830 1863 3016 1934 Moyse
3067 1862 3441 1931 conscriptam
3495 1861 3548 1915 ei

225 1925 536 2017 Μωῦσὲως.
585 1925 731 2007 Ἀλλ’
777 1954 880 2008 οὐκ
919 1925 1142 2023 ἴσχυσεν
1171 1955 1199 2006 ὁ
1223 1925 1390 2024 νόμος
1545 1954 1832 2026 ἄνθρωπον

1948 1959 2113 2022 dedit,
2165 1966 2226 2012 ut
2271 1958 2342 2012 ab
2381 1973 2622 2012 erroneo
2651 1956 2946 2010 idolorum
2990 1955 3140 2009 cultu
3175 1962 3546 2008 averteretur.

225 2045 724 2100 ἁνακαλέσασθαι’
801 2041 921 2098 εἶτα
984 2043 1310 2098 ἀπέστειλεν
1365 2047 1656 2118 προφήτας
1707 2063 1832 2098 νου-

227 2134 562 2200 θετοῦντας,
613 2134 1016 2201 ἀπειλοῦντας,
1059 2135 1643 2208 θαυματουργοῦντας.
1693 2135 1833 2188 Ἀλλ’

225 2224 350 2278 οὐδὲ
382 2225 561 2288 οὕτως
608 2227 636 2277 6
684 2225 982 2295 πλανηθεὶς
1032 2224 1324 2297 ἄνθρωπος
1380 2227 1443 2277 ἐκ
1492 2226 1591 2295 τῆς
1622 2225 1835 2294 πλάνης

223 2315 562 2384 ἐπεστρέψε.
619 2317 785 2378 Τέλος
833 2315 890 2368 δὲ
941 2315 1130 2369 λοιπὸν
1183 2316 1562 2379 κατοικτίσας“
1593 2318 1654 2369 τὸ
1706 2315 1836 2370 ἴδιον

227 2405 480 2475 πλάσμα,
511 2409 537 2458 ὁ
564 2405 695 2469 Θεὸς
717 2406 887 2470 αὐτὸς
917 2408 1010 2460 ἐπὶ
1036 2409 1141 2475 γῆς
1167 2406 1348 2477 ὦφθη,
1375 2409 1468 2460 καὶ
1492 2411 1605 2471 τοῖς
1626 2410 1839 2478 ἁνθρώυ

227 2513 361 2558 ποις
391 2497 471 2561 ὡς
497 2496 592 2551 ἄνθ
605 2514 787 2565 ρωπος
817 2499 845 2550 6
865 2481 1010 2562 ’Θεὸς
1039 2498 1216 2567 Λόγος
1245 2501 1666 2568 συνανεστράφη
1693 2541 1706 2564 ,
1741 2501 1838 2552 καὶ

231 2589 421 2662 μορφὴ
450 2588 548 2641 τοῦ
580 2584 856 2642 Δεσπότου
884 2589 979 2642 ὲπὶ
1000 2590 1105 2658 γῆς
1137 2589 1430 2659 κατῆλθεν,
1467 2590 1554 2642 ἵνα
1587 2593 1620 2660 ἠ
1655 2590 1839 2662 μορφὴ

225 2680 328 2735 τοῦ
354 2679 544 2734 δούλου
581 2683 641 2734 ὲν
667 2681 921 2754 οὐρανοῖς
952 2681 1179 2753 ἀνέλθῃ.

243 2755 264 2775 ’
301 2769 437 2827 Εἶτα
487 2773 742 2827 ἐκπεσὼν
781 2775 880 2844 τῆς
917 2775 1194 2844 προτέρας
1232 2774 1444 2844 πλάνης
1497 2776 1589 2827 καὶ
1623 2775 1840 2840 ἐλπίδος

227 2867 260 2922 ὁ
287 2867 524 2937 πονηρὸς
552 2865 660 2918 τῶν
702 2865 1019 2937 ἀνθρώπιον
1056 2866 1338 2938 πολέμιος,
1376 2869 1452 2932 ὡς
1482 2865 1622 2921 εἶδεν
1647 2872 1841 2926 ἑαυτὸν

232 2959 544 3033 ἡττηθέντα
573 2960 668 3014 καὶ
696 2959 780 3013 διὰ
807 2958 1050 3031 Χριστοῦ
1082 2959 1464 3030 συντριϐέντα,
1488 2962 1577 3016 διὰ
1603 2963 1840 3033 σταυροῦ

235 3040 598 3123 πατηθένταί,
636 3053 733 3105 καὶ
765 3052 856 3104 διὰ
886 3051 1270 3122 βαπτίσματος
1300 3051 1653 3121 βυθισθέντα,
1687 3055 1756 3107 τά
1781 3073 1841 3108 τε

234 3143 438 3201 εἴδωλα
493 3142 999 3214 καταστραφέντα,
1084 3143 1179 3196 καὶ
1237 3142 1336 3210 τὴν
1397 3141 1843 3214 εἱδωλολατρείαν

1937 2049 2210 2115 Quoniam
2243 2057 2440 2106 autem
2468 2049 2558 2102 lex
2588 2048 2870 2102 hominem
2905 2062 3168 2101 revocare
3200 2063 3310 2101 non
3345 2035 3548 2116 potuit,

1940 2143 2093 2197 misit
2148 2141 2363 2213 (Deus)
2415 2142 2719 2212 prophetas
2765 2141 3149 2203 cohortantes,
3197 2121 3547 2202 minitantes,

1907 2236 2208 2290 ‘miracula
2245 2243 2554 2305 patrantes.
2587 2235 2658 2288 At
2698 2247 2880 2302 neque
2929 2232 3012 2286 sic
3057 2231 3226 2284 homo
3280 2229 3550 2285 seductus

1941 2329 2010 2383 ab
2048 2343 2241 2382 errore
2279 2327 2468 2383 rediit.
2518 2325 2600 2381 Ad
2651 2334 2986 2387 extremum,
3039 2323 3287 2394 ﬁgmenti
3325 2322 3409 2376 sui
3445 2322 3552 2376 nii-

1943 2430 2149 2484 sertus,
2187 2421 2337 2474 Deus
2365 2419 2483 2490 ipse
2513 2419 2567 2473 in
2603 2427 2750 2473 terra
2777 2417 3058 2487 apparuit,
3103 2425 3160 2469 et
3206 2431 3334 2470 cum
3368 2415 3548 2469 homi-

1943 2515 2111 2570 nibus
2157 2522 2218 2568 ut
2263 2514 2433 2567 homo
2487 2519 2849 2567 conversatus
2894 2517 2980 2563 est
3009 2509 3156 2562 Deus
3185 2508 3454 2569 Verbum,
3486 2523 3551 2562 ac

1944 2607 2159 2676 species
2218 2605 2438 2659 Domini
2491 2604 2547 2658 in
2597 2613 2805 2658 terram
2856 2588 3177 2664 desCendit,
3231 2608 3293 2653 ut
3335 2599 3552 2669 species

1945 2702 2091 2757 servi
2123 2701 2190 2756 ad
2224 2700 2394 2756 caalos
2424 2699 2786 2754 eveheretur.

2018 2793 2155 2847 Tum
2183 2794 2351 2861 igitur
2373 2791 2665 2863 improbus
2686 2790 2981 2844 hominum
3009 2786 3363 2842 adversarius
3380 2785 3553 2855 priori

1945 2902 2136 2941 errore
2185 2895 2353 2956 atque
2401 2900 2499 2954 spe
2538 2882 2766 2938 excidit.
2799 2880 2938 2936 Cum
2972 2889 3158 2934 autem
3189 2877 3404 2932 videret
3431 2891 3554 2932 sese

1947 2987 2272 3048 superatum
2302 2991 2367 3030 ac
2391 2991 2492 3046 per
2518 2974 2808 3030 Christum
2839 2971 3168 3033 contritum,
3203 2983 3553 3040 perecrucem

1947 3068 2361 3131 conculcatum,
2403 3081 2504 3135 per
2549 3063 2826 3133 baptisma
2861 3061 2929 3116 ad
2961 3061 3191 3131 abyssos
3240 3060 3556 3123 detrusum,

1950 3175 2116 3231 porro
2145 3159 2294 3212 idola
2321 3172 2539 3220 eversa,
2566 3155 2937 3208 idololatriam
2965 3169 3031 3206 ex
3063 3151 3386 3205 hominibus
3406 3149 3559 3204 dele-

233 3236 426 3290 λοιπὸν
461 3236 521 3300 ἐξ
550 3234 858 3306 ἀνθρώπων
894 3234 1347 3305 καταργηθείπαν
1369 3277 1382 3300 ,
1437 3235 1529 3287 καὶ
1578 3236 1676 3306 τὴν
1723 3236 1844 3288 θεο-

1948 3264 2085 3315 tam,
2120 3251 2218 3314 Dei
2249 3249 2624 3321 cognitionem
2657 3247 2713 3300 in
2744 3245 2956 3299 mundo
2984 3244 3337 3314 pmdicatam
3364 3261 3380 3296 ε
3421 3244 3555 3312 quid

233 3329 478 3399 γνῳσίαν
504 3331 563 3381 ὲν
587 3328 781 3398 κόσμῳ
803 3326 1199 3398 κηρυχθείσαν,
1231 3327 1284 3379 τί
1312 3329 1457 3380 ποιεῖ
1480 3330 1506 3381 6
1531 3329 1841 3399 κακοῦργος

236 3405 340 3474 παὶ
390 3421 803 3490 παμμήχανοςς
861 3419 1125 3489 δευτέραν
1172 3417 1342 3489 ἄλλην
1392 3420 1844 3489 εἰδωλολατρείαν

238 3513 341 3567 καὶ
367 3512 579 3583 πλάνην
605 3517 684 3576 είς
713 3515 1042 3584 οἰκουμένην
1071 3512 1551 3580 κατέσπειρενλτὰ
1571 3513 1680 3566 τῶν
1697 3515 1847 3584 αἱρέ-

241 3623 387 3658 σεων
419 3604 657 3670 ζιζάνια.
716 3605 936 3668 Εὐθέως
988 3605 1081 3658 ἐπὶ
1125 3605 1235 3658 τῶν
1276 3604 1592 3657 ἀποστόλων
1624 3605 1847 3674 Σίμωνα

238 3698 338 3752 τὸν
361 3696 554 3765 Μάγον
571 3697 887 3768 ἀναστήσας
907 3714 1045 3768 μυσε
1057 3697 1265 3768 ράρχην
1286 3697 1505 3765 πρῶτον
1521 3697 1626 3748 τῶν
1649 3696 1744 3750 τοῦ
1767 3697 1850 3749 κό-

244 3808 390 3862 σμου
420 3790 712 3862 αἱρέσεων,
739 3790 971 3858 λέγοντα
1007 3790 1201 3842 ἑαυτὸν
1232 3785 1372 3842 εἶναι
1400 3789 1545 3842 θεόν.
1575 3785 1707 3842 Εἶτα
1730 3788 1849 3841 626-

242 3899 408 3953 τερον
439 3881 733 3944 Νικόλαον,
769 3881 830 3947 ἐξ
856 3874 917 3934 οὗ
948 3883 997 3933 οἱ
1028 3878 1352 3936 Νικολαῗται
1407 3880 1678 3946 ἐλέγοντο.
1715 3878 1850 3935 Εἶτα

244 3975 480 4028 Θευδᾶν.
523 3969 659 4028 Εἶτα
699 3974 921 4045 ἐτέρους
954 3974 1191 4042 καθεξῆς
1219 3973 1456 4036 οἰκείους
1487 3976 1726 4044 ἐργάτας
1758 3977 1853 4028 καὶ

245 4069 353 4138 τῆς
381 4067 592 4137 πλάνης
619 4069 920 4139 ὲφευρέτας
940 4106 955 4128 ,
983 4067 1051 4119 δι’
1077 4066 1172 4126 οῦς
1200 4068 1452 4120 πλεῖσται
1477 4061 1577 4121 ’καὶ
1603 4069 1852 4139 διάφοροι

216 4156 411 4229 ίᾶγιαι
461 4159 669 4214 συνόδοι
722 4159 829 4213 ὑπὸ
870 4159 971 4229 τῆς
1007 4160 1305 4229 καθολικῆς
1345 4159 1676 4231 Ἐκκλησίας
1729 4178 1854 4212 συνο

247 4253 643 4324 ηθροίσθησαν.

325 4342 484 4396 υῦτω
511 4345 638 4397 ποτὲ
663 4345 784 4398 τότε
811 4345 1018 4415 ἀνέστη
1051 4346 1402 4416 μυσεράρχης
1420 4349 1637 4418 Ἄρειος
1673 4349 1856 4413 Ἀλεξ-

249 4437 509 4508 ανδρείας
553 4437 928 4509 πρεσϐύτερος
954 4479 968 4501 ,
1004 4439 1179 4506 λέγων
1211 4441 1417 4509 κτίσμα
1443 4437 1581 4494 εἶναι
1611 4442 1702 4494 τὸν
1731 4443 1859 4495 Tim

251 4533 352 4584 καὶ
381 4529 555 4598 Λόγον
586 4530 679 4582 τοῦ
707 4529 867 4593 Θεοῦ,
898 4530 1241 4602 ἐτεροούσιον
1271 4531 1367 4584 τοῦ
1395 4533 1632 4604 Πατρός·
1653 4534 1773 4587 καθ’
1799 4532 1860 4590 οὗ

250 4624 284 4689 ἡ
319 4620 454 4688 ἁγία
479 4621 697 4683 σύνοδος
729 4621 762 4690 ἡ
795 4623 1052 4691 νικητικὴ
1083 4621 1191 4673 τῶν
1223 4624 1279 4674 ἐν
1309 4623 1519 4694 Νίκαία
1549 4631 1652 4693 τιη¹
1681 4626 1844 4693 ἁγίων

1961 4621 2220 4676 essentia:
2262 4639 2274 4672 :

254 4705 518 4782 Πατέρων
566 4713 936 4786 συνηθροίσθη
963 4754 977 4777 ,
1018 4715 1308 4784 ὸμοούσιον
1343 4718 1573 4788 ὁρίσασα
1603 4718 1697 4771 τὸν
1731 4719 1858 4771 Υἱὺν

251 4808 334 4879 τῷ
376 4807 556 4874 Πατρλ⁵
608 4807 751 4860 κατὰ
797 4807 896 4878 τὴν
943 4808 1173 4879 θεότητα
1201 4851 1215 4872 ,
1282 4810 1378 4861 καὶ
1429 4811 1719 4879 ὁμοούσιον
1769 4812 1860 4864 τὸν

254 4898 423 4952 αὑτὸν
443 4900 576 4967 ἡμῖν
597 4901 712 4962 τοῖς
742 4898 1054 4969 ἀνθρώποις
1084 4903 1227 4952 κατὰ
1255 4901 1353 4972 τὴν
1376 4902 1543 4954 αὐτοῦ
1575 4903 1862 4974 ἀνθρωπὸ-

256 5009 420 5059 τητα,
456 4992 748 5063 κηρύξασα
771 5033 786 5057 ,
823 4995 883 5047 οὑ
915 4995 1122 5064 κτίσμα
1151 4994 1303 5059 ὄντα,
1336 4995 1472 5049 ἀλλὰ
1499 4996 1762 5068 Κτίστηψ
1797 4998 1860 5051 οὐ

256 5086 498 5156 ποίημα,
526 5086 666 5140 ἀλλὰ
696 5088 937 5156 Ποιητὴν
967 5089 1076 5139 τῶν
1103 5089 1384 5144 ἁπάντων.
1418 5086 1552 5144 Εἶτα
1580 5091 1720 5161 μετὰ
1738 5093 1863 5162 χρό-

257 5197 384 5242 νους
404 5178 477 5232 νε⁹
505 5180 745 5252 ἀνεφάνη
777 5181 1107 5242 Μακεδόνιος
1135 5182 1162 5232 ὁ
1186 5182 1357 5245 δόλιος
1385 5183 1686 5246 ἐπίσκοπος
1709 5185 1865 5236 Κων-

260 5274 782 5337 σταντινουπόλεως,
823 5274 1034 5343 κτίσμα
1064 5273 1248 5342 λέγωνΔ
1266 5275 1328 5327 τὸ
1353 5275 1578 5344 Πνεῦμα
1602 5276 1662 5327 τὸ
1687 5277 1861 5345 ἅγιον.

260 5368 339 5420 .‘it'
367 5369 426 5420 ὃν
459 5370 490 5436 ἡ
519 5368 651 5430 ἁγία
681 5369 900 5429 σύνοδος
925 5369 1032 5420 τῶν
1061 5376 1135 5438 ρν¹
1166 5368 1336 5437 ἁγίων
1365 5371 1625 5441 Πατέρων
1644 5371 1889 5440 γέγονεν,

259 5459 551 5529 (ignauum
581 5460 820 5529 λέγουσα
847 5461 905 5512 τὸ
934 5461 1157 5531 Πνεῦμα
1187 5462 1247 5514 τὸ
1278 5464 1428 5530 ἅγιον
1459 5463 1551 5517 καὶ
1578 5464 1862 5531 ἄκτιστον,

259 5556 432 5621 ἤγουν
466 5553 593 5622 μίαν
623 5554 813 5606 οὐσίαν
833 5554 1067 5623 Πατρὸς,
1103 5556 1197 5608 καὶ
1224 5555 1488 5621 Υίοῦ,καὶ
1516 5555 1674 5624 ἁγίου
1698 5557 1866 5610 Πνέύο

264 5663 456 5716 ματος,
499 5645 630 5716 μίαν
662 5646 924 5713 θεύτητα,
972 5648 1102 5716 μίαν
1133 5647 1411 5713 ἐξουσίαν,
1452 5649 1580 5718 μίαν
1609 5647 1863 5721 δύναμιν,

263 5741 324 5792 ἐν
352 5754 531 5810 τρισν
560 5737 950 5798 ὑποστάσεσιν.

1948 3346 2061 3415 agit
2094 3343 2386 3412 improbus
2415 3349 2743 3408 astutusque
2766 3337 3038 3391 malorum
3062 3338 3317 3390 inventor
3337 3337 3361 3389 ?
3381 3335 3558 3389 Aliam

1949 3436 2243 3507 quamdam
2278 3433 2653 3488 idololatriam
2698 3437 2752 3484 et
2792 3444 3041 3483 errorem
3071 3428 3127 3482 in
3164 3428 3356 3481 orbem
3387 3438 3562 3481 terra-

1952 3545 2074 3582 rum
2124 3526 2370 3588 dilludit,
2402 3523 2701 3578 hmresium
2734 3522 2967 3575 zizania.
3002 3520 3123 3575 Jam
3151 3520 3298 3573 enim
3331 3529 3561 3587 aposto-

1950 3618 2132 3671 lorum
2177 3625 2426 3684 tempore
2463 3611 2726 3666 excitavit
2767 3611 3051 3665 Simonem
3105 3608 3356 3678 Magum,
3407 3607 3555 3660 dcte-

1953 3708 2210 3762 stabilem
2264 3706 2562 3760 haeresium
2612 3700 2806 3757 mundi
2849 3701 3162 3772 principem
3218 3700 3312 3768 qui
3356 3707 3566 3752 semet-

1957 3801 2140 3870 ipsum
2183 3799 2352 3852 deum
2383 3813 2504 3852 esse
2559 3795 2720 3850 dixit.
2765 3793 3026 3849 Secundo
3085 3793 3208 3848 loco
3248 3792 3560 3853 Nicolaum,

1953 3906 1985 3944 e
2017 3907 2128 3960 quo
2161 3889 2446 3943 Nicolaitte
2487 3899 2619 3948 sunt
2660 3884 2956 3956 appellati;
2983 3892 3102 3937 tum
3150 3882 3462 3948 Theudam,
3509 3889 3566 3936 et

1957 3991 2148 4050 postea
2185 3991 2419 4034 czeteros
2468 3977 2736 4045 deinceps
2782 3974 3022 4030 famulos
3069 3989 3200 4028 suos
3242 3975 3566 4042 errorisque

1960 4074 2302 4132 inventores,
2346 4077 2572 4139 propter
2607 4082 2748 4137 quos
2783 4069 2973 4136 plures
3000 4083 3065 4120 ac
3094 4065 3329 4120 diversa:
3359 4073 3563 4118 sancta:

1962 4164 2157 4237 synodi
2189 4165 2259 4217 ab
2300 4162 2549 4217 Ecclesia
2590 4160 2863 4214 catholica
2907 4169 3225 4212 convocatae
3267 4165 3416 4210 sunt.

2057 4345 2149 4400 Sic
2217 4342 2486 4413 temporis
2550 4341 2794 4396 decursu
2855 4338 3100 4393 surrexit
3160 4333 3569 4388 abominandus

1965 4438 2128 4491 Arius
2163 4435 2456 4506 presbyter
2484 4431 2917 4494 Alexandrinus,
2952 4429 3144 4484 dicens
3170 4437 3419 4481 creatum
3445 4441 3567 4478 esse

1967 4529 2168 4583 Filium
2209 4526 2564 4595 Verbumque
2595 4524 2714 4588 Dei,
2749 4537 2932 4591 neque
2963 4520 3212 4592 ejusdem
3252 4533 3379 4572 cum
3408 4518 3569 4571 Patre

2335 4627 2529 4673 contra
2591 4631 2756 4686 quem
2801 4623 2991 4668 sancta
3049 4611 3293 4682 synodus
3346 4610 3568 4686 Niczuna

1969 4713 2232 4770 trecentis
2284 4711 2593 4766 octodecim
2650 4707 2858 4762 sanctis
2912 4705 3173 4761 Fat-ribus
3222 4702 3567 4772 composita.

1965 4807 2197 4862 collecta
2236 4815 2343 4868 est,
2382 4804 2611 4859 edicens
2650 4802 2850 4856 Filium
2885 4799 3193 4855 secundum
3218 4797 3569 4850 divinitatem

1965 4901 2138 4964 Patri,
2176 4898 2547 4967 eumdemque
2597 4893 2904 4950 secundum
2954 4891 3356 4946 humanitatem
3407 4888 3572 4943 nobis

1966 4992 2496 5048 consubstantialem
2521 5005 2664 5052 esse,
2686 5004 2797 5042 non
2815 4997 3084 5047 creatum,
3105 4985 3199 5039 sed
3221 4984 3571 5048 Creatorem,

1968 5103 2076 5140 non
2103 5086 2330 5147 factum,
2357 5083 2453 5137 sed
2489 5082 2778 5136 Faclcrcui
2810 5080 3078 5134 universi.
3117 5078 3345 5139 Deinde,
3370 5076 3577 5145 elapsis

1967 5178 2370 5248 quinquaginta
2405 5178 2655 5247 quinque
2706 5176 2888 5238 annis,
2931 5173 3143 5244 prodiit
3188 5171 3572 5234 Macedonius,

1968 5270 2194 5324 dolosus
2246 5271 2336 5325 ille
2396 5271 2694 5343 episcotlus
2748 5265 3428 5334 Constantinopolitanus,
3478 5264 3572 5333 qui

1969 5365 2237 5434 Spiritum
2275 5373 2528 5417 sanctum
2562 5373 2876 5418 creaturam
2917 5375 3040 5417 csse
3071 5357 3394 5414 declaravit.
3436 5357 3575 5412 Pro-

1969 5467 2092 5528 pter
2146 5471 2311 5526 quem
2367 5467 2560 5509 sancta
2602 5455 2847 5527 synodus
2898 5462 3124 5508 centum
3174 5451 3575 5521 quinquaginta

1970 5562 2290 5606 sanctorum
2348 5551 2570 5604 Patrum
2629 5558 2820 5604 coacta
2877 5557 2980 5610 est,
3035 5563 3158 5616 quae
3205 5544 3579 5616 promulgavit

1971 5643 2243 5711 Spiritum
2279 5654 2530 5696 sanctum
2576 5643 2910 5706 incrcatum,
2953 5640 3005 5694 id
3039 5650 3147 5704 est,
3184 5653 3347 5693 unam
3379 5646 3578 5692 essen-

1973 5736 2104 5789 tiam
2131 5736 2329 5796 Patris.
2372 5735 2521 5800 Filii,
2551 5745 2607 5789 et
2645 5735 2889 5804 Spiritus
2932 5733 3136 5798 sancti,
3169 5747 3336 5789 unam
3369 5728 3580 5787 divini-

1973 5836 2164 5891 tatem,
2197 5844 2364 5883 unam
2395 5836 2746 5900 potestatem,
2778 5843 2944 5884 unam
2989 5826 3280 5891 virtutem,
3307 5825 3362 5878 in
3393 5823 3583 5880 tribus

1971 5920 2316 5976 substantiis.
