4118 6462
629 398 727 463 29ί
737 400 771 463 3

1623 406 1682 467 S.
1720 407 2033 469 EULOGII
2062 404 2433 467 ‘ARCHIEP.
2478 403 2853 464 ALEXAND.

3749 398 3880 467 29“

697 516 1080 586 Prmterlapsis
1136 517 1336 571 iterum
1390 515 1551 571 anuis
1608 516 2008 590 quinquaginta
2070 534 2180 573 uno

2388 515 2611 584 Χρόνων
2638 514 2694 566 δέ
2723 532 2827 567 που
2856 514 3018 569 πάλιν
3045 515 3123 568 να⁹
3143 515 3580 585 διαδραμόντων,
3609 518 3881 589 προέκοψε

625 610 855 666 emersit
905 604 1218 673 Nestorius,
1270 609 1543 664 nefandus
1597 610 1958 681 impurusque
2009 612 2208 680 praesul

624 683 1305 769 constantinopolitanus,
1336 702 1430 770 qui
1462 700 1889 770 hominiparam,
1932 717 2039 755 non
2082 703 2209 757 Dei-

626 808 812 863 param
867 807 989 846 esse
1046 800 1287 861 sanetam
1343 790 1639 861 Virginem.
1671 794 1926 847 asseruit.
1980 794 2210 863 Propter

626 885 778 938 hunc
812 883 998 937 habita
1047 891 1131 937 est
1162 884 1315 952 prior
1347 880 1625 952 Ephesina
1673 884 2033 938 ducentorum
2084 900 2209 938 san-

624 984 839 1029 ctorum
891 976 1117 1029 Patrum
1151 975 1414 1045 synodus,
1470 991 1591 1043 quae
1645 975 1866 1044 proprie
1912 983 1968 1028 et
2014 988 2207 1028 revera

624 1068 911 1136 Deiparam
963 1083 1083 1121 esse
1127 1071 1371 1123 sanctam
1409 1068 1689 1137 Virginem
1727 1067 2113 1137 promulgavit,
2151 1075 2207 1121 et

624 1156 944 1213 Nestorium
1003 1168 1211 1215 aeterno
1257 1159 1603 1213 anathemate
1654 1159 1944 1227 percussit.
1999 1157 2205 1221 Deinde

625 1260 747 1318 post
781 1250 965 1319 viginti
1004 1250 1249 1318 quinque
1293 1251 1515 1303 circiter
1558 1266 1753 1314 annos,
1783 1250 2009 1305 emersit
2038 1243 2205 1321 Euty-

548 1366 551 1371 «
627 1337 760 1391 ches
807 1337 1093 1391 nefaustus
1142 1338 1605 1391 monasteriorum
1641 1336 2203 1407 Constantinopolita-

624 1443 823 1481 norum
871 1427 1323 1489 archimandrita,
1367 1428 1557 1483 dicens
1594 1444 1704 1483 non
1736 1428 2202 1483 consubstantiale

622 1518 785 1571 nobis
812 1533 933 1573 esse
968 1532 1171 1586 corpus
1199 1518 1441 1583 Christi;
1472 1518 1778 1588 eodemque
1809 1518 1928 1573 fere
1954 1527 2198 1588 tempore

624 1606 840 1661 exstitit
864 1606 1163 1661 Dioscorus
1194 1622 1331 1676 papa
1370 1606 1772 1661 Alexandrinus
1820 1606 1914 1676 qui
1946 1622 2108 1660 unam
2145 1607 2200 1663 in

622 1695 843 1752 Christo
878 1704 1128 1749 naturam
1166 1695 1324 1750 dixit.
1366 1695 1594 1766 Propter
1621 1696 1722 1750 hos
1751 1695 1889 1750 duos
1921 1695 2201 1751 detestan-

2314 606 2407 658 καὶ
2456 606 2753 676 Νεστόρισς
2807 608 2835 659 ό
2883 608 3077 679 μιαρὸς
3130 610 3225 662 καὶ
3268 608 3579 679 ἀκάθαρτος
3629 610 3883 680 πρόεδρος

2311 698 2961 761 Κωνσταντινουπόλεως.
2982 700 3398 770 ἁνθρωποτόκον
3417 696 3595 767 λέγων
3616 703 3679 771 τὴ
3692 720 3711 753 ι
3730 702 3887 769 ἁγίαν

2311 788 2611 859 Παρθένον’,
2642 790 2739 842 καὶ
2764 792 2825 841 οὑ
2851 790 3134 843 Θεοτόκονσ
3152 792 3222 844 δι’
3250 792 3309 845 δν
3338 792 3562 860 γέγονεν
3592 794 3625 861 ἡ
3652 795 3711 845 ὲν
3734 794 3887 859 Ἐφὲο

2311 898 2388 952 σῳ
2416 880 2477 933 τὸ
2502 881 2767 952 πρότερον
2799 888 2843 934 σθ
2870 882 3041 948 ἁγίων
3066 884 3327 954 Πατέρων
3356 884 3599 946 σύνοδος.
3629 884 3887 936 Θεοτόκον

2309 971 2513 1042 κυρίως
2545 974 2641 1025 καὶ
2667 972 2880 1043 ἀληθῶς
2910 973 3255 1043 κηρύττουσα
3283 975 3381 1045 τὴν
3407 976 3567 1043 ἁγίαν
3592 974 3886 1045 Παρθένον,

2308 1064 2403 1114 καὶ
2436 1063 2730 1132 Νεστόριον
2763 1064 2970 1132 αἰωνίῳ
3000 1063 3303 1132 ἀναθὲματι
3334 1062 3775 1116 ὑποδαλοῦσα.ὐ
3799 1058 3889 1113 διὰ

2309 1153 2525 1206 πάντων
2568 1154 2630 1205 δὲ
2669 1154 2927 1224 περίπου
2960 1154 3038 1206 κε’
3062 1154 3270 1223 χρόνων
3302 1154 3549 1222 Εὑτυχὴς
3571 1154 3602 1205 ό
3623 1152 3889 1221 δυστυχὴς

2306 1245 2736 1316 ἀρχιμανδρίτης
2798 1247 3182 1316 μοναστηριων
3236 1244 3886 1307 Κωνσταντινουπόλεως,

2306 1337 2573 1406 ἀνέκυψε,
2617 1337 2693 1406 μὴ
2730 1337 2905 1404 λέγων
2949 1336 3237 1405 όμοούσιον
3268 1336 3426 1405 ἡμῶν
3459 1330 3600 1387 εἶναι
3633 1335 3695 1387 τὸ
3726 1335 3889 1401 σῶμα

2304 1426 2399 1481 τοῦ
2426 1426 2686 1498 Χριστοῦ.
2717 1425 3004 1480 Λοιπδννδὲ
3034 1425 3131 1478 καὶ
3155 1424 3448 1494 Διόσκορος
3474 1423 3714 1493 προῆλθε
3764 1423 3886 1474 τότε

2304 1519 2493 1582 πάπας
2510 1503 2940 1587 Ἇλεξανδρείας.
2959 1516 3091 1585 μίαν
3110 1516 3271 1586 φύσιν
3285 1514 3461 1582 λέγων
3480 1518 3538 1569 ἐν
3550 1513 3627 1584 τῷ
3644 1513 3884 1585 Χριστῷ·

2300 1609 2367 1663 δι’
2402 1609 2496 1674 οἷς
2530 1626 2682 1673 τινας
2724 1608 2818 1662 δύο
2860 1608 3090 1678 μιαροὺς
3121 1606 3479 1677 αίρεσιάρχας
3521 1604 3886 1675 συνηθροίσθη

2299 1704 2333 1771 ἠ
2378 1702 2511 1770 ἁγία
2541 1700 2759 1763 σύνοδος
2796 1700 2830 1769 ἡ
2863 1698 3209 1770 Χαλκηδόνος
3244 1697 3355 1750 τῶν
3384 1694 3681 1766 ὀρθοδόξων
3710 1695 3886 1761 ἁγίων

623 1786 724 1840 dos
774 1785 1175 1841 haeresiarchas
1223 1786 1452 1841 collecta
1493 1794 1577 1841 est
1617 1794 1931 1841 sanctorum
1973 1787 2194 1842 Patrum

2302 1792 2566 1862 Πατέρων
2601 1790 3056 1860 ἀναθεματίσασα
3087 1788 3215 1851 τοὺς
3247 1786 3569 1857 εἰρημένους
3599 1784 3885 1856 αίρεσιάρ-

622 1876 865 1956 synodus
891 1876 1375 1943 Chalcedonensis,
1412 1893 1535 1947 qua:
1561 1886 1761 1948 prteler
1801 1877 1963 1931 modo
2002 1879 2199 1933 citatos

602 1965 1013 2021 ‘hzresiarchas
1065 1968 1376 2023 Nestorium
1425 1985 1644 2039 quoque
1684 1969 2194 2033 anathematizavit,

618 2048 933 2111 Christum~
967 2067 1151 2112 autem
1216 2058 1518 2113 secundum
1579 2059 1973 2114 humanitatem
2035 2058 2197 2132 nobis

618 2147 1149 2203 consubstantialem
1185 2150 1379 2214 edixit,
1420 2161 1477 2207 et
1519 2151 1659 2206 duas
1688 2151 2053 2207 indivisibiles
2090 2156 2198 2205 'na-

619 2248 773 2293 turas
821 2254 944 2293 cum
1005 2255 1111 2293 una
1153 2254 1388 2310 persona
1431 2243 1738 2297 credendas
1789 2244 1998 2298 statuit.
2041 2242 2197 2300 Unus

616 2329 764 2383 enim
807 2341 893 2385 est
941 2330 1219 2397 Christus,
1254 2341 1312 2387 et
1338 2348 1447 2387 non
1477 2334 1609 2399 duo,
1648 2334 2039 2404 et'composita
2076 2334 2205 2405 ejus-

615 2418 949 2473 substantia.
1409 2476 1411 2478 .

632 2567 649 2579 _
686 2508 985 2564 Eastinctis
1010 2510 1195 2581 igitur,
1228 2511 1281 2565 id
1297 2520 1381 2566 est
1408 2510 1902 2578 anathematizatis,
1930 2509 2037 2567 illis
2057 2513 2195 2568 duo-

615 2600 721 2655 bus
766 2601 1171 2669 haeresiarchis,
1206 2605 1367 2659 annis
1410 2603 1525 2659 fere
1570 2616 1793 2659 centum
1830 2614 1957 2675 post
2008 2603 2192 2660 habita

611 2702 699 2748 est
740 2692 919 2749 fausta
970 2695 1161 2764 quinta
1193 2697 1453 2766 synodus,
1487 2696 1590 2751 sub
1614 2697 1924 2753 Justiniano
1961 2698 2195 2767 impera-

612 2796 755 2849 tore,
794 2785 1059 2840 adversus
1096 2785 1409 2857 Origenem,
1462 2788 1753 2861 Didymum
1781 2798 1837 2843 et
1875 2788 2189 2859 Evagrium,

612 2873 730 2946 qui.
759 2892 902 2931 vano
942 2892 1106 2933 sensu
1132 2878 1367 2949 abrepti,
1402 2882 1615 2936 animas
1645 2890 1861 2936 nostras
1903 2888 2029 2935 ante
2072 2896 2194 2935 cor-

612 2982 750 3036 pora
776 2968 831 3021 in
854 2970 1009 3024 caelis
1033 2970 1235 3041 degere
1259 2978 1316 3024 et
1345 2985 1534 3041 pinnas
1564 2980 1799 3027 aeternas
1836 2974 1998 3026 tinem
2038 2972 2193 3025 habi-

614 3072 770 3117 turas
813 3077 970 3127 esse,
1021 3064 1411 3134 nugabantur:
1456 3066 1657 3133 quibus
1701 3062 1914 3119 euiictis
1948 3062 2188 3133 rejectis,
2230 3106 2233 3111 .

2300 1900 2401 1954 χας
2427 1922 2443 1947 ,
2503 1881 2641 1953 όμοῦ
2689 1898 2749 1934 τε
2797 1880 2894 1934 καὶ
2934 1879 3264 1949 Νεστόριον,
3315 1877 3599 1948 όμοοὺσιον
3627 1878 3757 1947 ἡμῖν
3789 1875 3885 1927 τὸν

2300 1973 2533 2045 Χριστὸν
2563 1974 2703 2028 κατὰ
2730 1972 2829 2042 τὴν
2854 1970 3256 2042 ἁνθρωπότητα
3295 1968 3610 2038 κηρύξασα.
3660 1968 3754 2020 καὶ
3785 1966 3887 2020 δύο

2298 2067 2635 2136 ἀδεαιρὲτους
2660 2065 2889 2135 ὁρίσασα
2926 2063 3023 2115 σὺν
3058 2063 3139 2114 ἑνὶ
3169 2060 3885 2132 προσώπῳιγνωριζομένας

2298 2158 2491 2226 φύσεις
2516 2174 2531 2189 ο
2593 2150 2674 2220 εἷς
2721 2156 2831 2225 γάρ
2884 2156 3033 2207 ἔστιν
3076 2155 3105 2206 ό
3132 2151 3371 2221 Χριστὸς
3408 2152 3591 2205 καὶ-οὑ
3618 2149 3709 2203 δύο
3732 2192 3746 2217 ,
3782 2153 3887 2203 καὶ

2300 2248 2557 2314 σύνθετος
2587 2246 2753 2303 αὑτοῦ
2786 2247 2822 2318 ἠ
2848 2244 3175 2308 ὑπόστασις.

2366 2508 2695 2578 Σδεσθείσης
2722 2508 2902 2563 τοίνυν
2927 2506 3212 2578 κάκείνης,
3230 2505 3403 2576 ἤγουν
3428 2500 3884 2574 ἀναθεματισθεί·

2296 2620 2396 2674 σης
2427 2602 2529 2672 τῆς
2560 2600 2855 2672 ξυνωρίδος
2886 2600 2997 2654 τῶν
3038 2597 3439 2671 αίρεσιαρχῶν,
3472 2595 3730 2648 διίππασό
3771 2610 3885 2646 που

2294 2701 2341 2767 ρ’
2356 2693 2564 2756 τούτοις
2588 2694 2800 2763 χρόνοις
2816 2692 2913 2744 καὶ
2934 2690 3205 2761 γίγονενή
3235 2686 3481 2759 μακαρία
3504 2686 3732 2756 πέμπτη
3758 2684 3886 2738 σύν·

2296 2785 2414 2847 οδος
2445 2784 2540 2839 ἐπὶ
2567 2780 2947 2837 ἰουστινιανοῦ
2972 2779 3065 2834 τοῦ
3091 2778 3355 2851 βασιλέως
3379 2776 3523 2831 κατὰ
3545 2775 3884 2846 Ὢριγένους.

2292 2878 2565 2947 Διδύμου,
2613 2877 2707 2929 καὶ
2748 2873 3051 2943 Εὑαγρίου,
3096 2871 3205 2925 τῶν
3248 2866 3663 2940 ματαιοφρόνων
3696 2868 3887 2937 ληρῳ-

2289 2965 2525 3023 δοὺντων
2554 2966 2936 3038 προϋπάρχειν
2964 2964 3075 3019 τῶν
3104 2963 3374 3033 σωμάτων
3394 2961 3557 3031 ἡμῶν
3578 2959 3675 3023 τὰς
3695 2959 3883 3029 ψυχὰς

2292 3062 2351 3114 ὲν
2394 3060 2645 3130 οὐρανοῖς
2690 3058 2785 3111 καὶ
2826 3055 2979 3117 τέλος
3024 3054 3169 3125 ἔχειν
3218 3053 3319 3124 τὴν
3362 3052 3587 3105 κόλασιν
3622 3046 3880 3104 αίώνιον·

612 3150 854 3222 synodus
882 3151 1151 3207 divinitus
1186 3152 1452 3223 inspirata
1480 3152 1603 3209 illos
1645 3154 1990 3207 anathemate
2014 3151 2185 3207 feriit.

2295 3152 2436 3220 ἁπερ
2488 3146 2705 3203 ᾶπαντα
2751 3146 3059 3199 ἁπεδάλετο
3115 3144 3211 3198 καὶ
3264 3141 3659 3213 ἀνεθεμάτισεν
3691 3140 3883 3201 αὑτοῖς

612 3243 860 3313 Longum
896 3252 981 3298 est
1011 3247 1075 3299 de
1108 3245 1338 3315 reliquis
1368 3247 1421 3300 in
1456 3245 1695 3300 diversis
1727 3244 1861 3299 locis
1885 3244 2031 3297 haud
2068 3257 2191 3297 raro

2300 3244 2332 3312 ἡ
2368 3242 2727 3302 Θεόπνευστος
2757 3238 3007 3301 σύνοδος..
3035 3236 3265 3307 Μακρὺς
3299 3235 3343 3289 δ’
3373 3233 3437 3288 ἂν
3470 3232 3559 3301 εἴη
3586 3230 3743 3299 λόγος
3777 3230 3882 3283 καὶ

612 3334 816 3389 habitis
835 3337 1039 3391 sanctis
1061 3339 1283 3409 synodis
1304 3340 1609 3413 orationem
1629 3346 1834 3401 texere,
1855 3344 1909 3390 et
1931 3335 1998 3389 de
2024 3335 2190 3389 variis

612 3426 919 3481 hteresibus
969 3436 1184 3498 tempus
1226 3438 1281 3483 et
1333 3428 1511 3482 locum
1566 3428 1768 3497 quibus
1826 3428 2186 3492 emerserint,

610 3534 895 3575 enarrare.
932 3520 1165 3586 Quidam
1216 3522 1365 3576 enim
1417 3538 1587 3576 unum
1625 3520 1845 3594 [Deum]
1875 3537 1994 3575 esse
2026 3535 2190 3590 nega-

611 3619 765 3674 runt,
811 3618 867 3669 ut
897 3614 1160 3683 gentiles;
1196 3613 1286 3668 alii
1315 3614 1475 3678 duos,
1507 3614 1618 3668 imo
1642 3625 1879 3683 quatuor
1906 3613 2183 3675 dicebant,

612 3711 675 3757 ut
720 3702 908 3765 Ariani
948 3712 1003 3757 et
1037 3704 1352 3769 Manichazi;
1402 3705 1492 3758 alii
1541 3715 1652 3761 tres
1679 3705 1948 3759 essentias
1976 3706 2029 3757 iu
2060 3708 2193 3757 san-'-

610 3802 699 3847 cta
730 3793 999 3848 Trinitate
1036 3794 1281 3864 improbe
1319 3796 1857 3865 blasphemaverunt,
1908 3807 1966 3851 ut
2001 3797 2185 3853 Sabel-

610 3882 765 3945 liani,
814 3891 979 3952 atque
1026 3900 1190 3939 unam
1222 3885 1277 3939 in
1303 3900 1367 3940 ea
1397 3886 1762 3941 substantiam
1796 3893 2179 3951 asseruerunt;

608 3973 705 4029 alii
736 3988 930 4031 rursus
956 3974 1658 4045 dispensatione'Christi...

691 4170 1053 4182 ’.ἡ-..-

633 4169 687 4187 ν

2300 3334 2428 3403 περὶ
2455 3333 2564 3386 τῶν
2588 3330 2792 3384 λοιπῶν
2818 3327 3063 3382 τοπικῶν
3090 3325 3352 3388 πολλάκις
3378 3324 3684 3394 γενομένων
3703 3322 3883 3389 ἁγίων

2296 3423 2531 3476 συνόῖων
2559 3420 2953 3492 διηγήσασθαι,
3011 3420 3107 3474 καὶ
3138 3418 3248 3471 τῶν
3276 3414 3398 3469 καθ’
3424 3415 3655 3467 ἕκαστον
3681 3410 3885 3480 καιρὸν

2292 3516 2388 3567 καὶ
2415 3510 2601 3576 τόπον,
2632 3511 3018 3581 ἁναφανέντων
3046 3509 3308 3562 ποικίλων
3334 3507 3623 3577 αἱρέσεων,
3640 3505 3751 3557 τῶν
3776 3504 3883 3573 μὲν

2290 3604 2640 3676 ἀρνουμένων
2672 3603 2765 3656 τοῦ
2797 3599 2934 3655 εἶναι
2960 3600 3323 3669 ἓν,Ἔλληνεςο
3358 3598 3467 3650 τῶν
3492 3597 3548 3649 δὲ
3575 3595 3671 3648 δύο
3689 3596 3883 3662 λεγόν-

2289 3715 2397 3751 των
2432 3696 2527 3749 καὶ
2560 3696 2620 3749 τὸ
2648 3696 2908 3765 τέταρτον
2935 3694 3013 3759 δὲ,
3049 3689 3341 3763 ’Δρειανοὶ,
3376 3683 3690 3757 Μανιχαῖοι,
3723 3689 3884 3755 τρεῖς

2287 3790 2477 3850 οὐσίας
2532 3788 2626 3839 ἐπὶ
2668 3787 2766 3853 τῆς
2807 3784 2966 3851 ἁγίας
3023 3780 3494 3853 βλασφημούντων
3520 3778 3750 3850 Τριάδος
3778 3781 3882 3831 καὶ

2288 3884 2470 3938 αὐτῶν
2500 3883 2557 3937 δὲ
2588 3880 2959 3944 Σαόελλιανοὶ,
2999 3877 3129 3947 μίαν
3159 3876 3427 3943 λεγόντων
3460 3873 3547 3925 ἐπ’
3574 3870 3749 3938 αὑτῆς
3773 3870 3882 3940 τὴν

2288 3978 2585 4032 ὑπόστασιν
2602 3988 2614 4003 ·
2646 3970 2820 4027 ἄλλων
2848 3970 2905 4024 δὲ
2930 3972 2997 4041 τῇ
3022 3967 3305 4038 οἰκονομίᾳ
3328 3964 3658 4037 Χριστοῦ....

1207 4338 2188 4469 FRAGMENTA
2306 4335 3283 4467 DOGMATICA.

606 4710 688 4765 Eat
719 4708 939 4779 Eulogio
970 4708 1331 4779 Alexandrino
1360 4707 1557 4763 Contra
1584 4724 1667 4761 eos
1693 4710 1786 4779 qni
1810 4709 2012 4771 dicunt,
2063 4728 2081 4758 ι
2121 4706 2177 4762 εξ

2295 4710 2396 4762 Ἐκ
2454 4706 2581 4779 τῶν
2630 4704 3011 4779 συνηγοριῶν
3060 4700 3359 4779 Εὑλᾳχίου
3409 4700 3874 4779 ’Λλςειίτδρείᾳς

677 4781 844 4836 dicitis
860 4778 1061 4831 habere
1080 4778 1342 4832 Christum
1368 4781 1501 4832 duas
1525 4779 1867 4839 substantias,
1886 4780 2179 4833 necessario

670 4860 855 4906 sancta
886 4848 1115 4903 Trinitas
1148 4851 1429 4902 incuruata
1457 4858 1554 4903 est.
1585 4867 1603 4899 ι

2358 4777 2508 4842 πρὸς
2557 4777 2698 4841 τοὺς
2737 4774 3031 4842 λέγοντας
3056 4790 3068 4803 ο
3128 4790 3148 4819 ι
3187 4772 3443 4842 Erga“
3476 4775 3583 4824 τὸν
3607 4773 3875 4842 χριστὸν

2356 4839 2465 4899 δύο
2488 4839 2903 4930 ξχεινήοὺσίας
2925 4884 2940 4906 ,
2980 4842 3217 4908 πάντως
3248 4841 3285 4907 ἠ
3319 4841 3462 4910 ἁγία
3493 4840 3667 4910 Τριὰς
3696 4839 3871 4895 πᾶσα

2355 4932 2745 4983 σεσαρκωται.
2785 4936 2803 4964 ι

1665 5033 1821 5104 (Aug.
1854 5035 1954 5089 MM
1983 5034 2177 5105 Script.
2211 5046 2304 5088 ret.
2356 5045 2393 5088 t.
2426 5034 2535 5099 γη,
2574 5034 2661 5098 18,
2694 5032 2802 5102 19.)

670 5152 796 5207 llam
819 5160 949 5205 sunt
978 5168 1100 5220 quae
1130 5151 1200 5206 ab
1219 5150 1555 5206 adversariis
1577 5152 1949 5223 obiectantur.
1970 5155 2175 5210 Forsan

597 5244 744 5299 enim
774 5252 973 5313 putant
1004 5242 1312 5298 divinitatis
1335 5243 1634 5297 essentiam
1667 5244 2004 5308 divisibilem
2030 5261 2172 5309 esse,

598 5337 757 5408 cujus
798 5352 905 5389 una
940 5351 1068 5405 pars
1119 5336 1175 5389 in
1210 5336 1369 5391 Patre
1394 5345 1689 5401 cernatur,
1724 5337 1897 5391 altera
1924 5338 1981 5393 in
2011 5339 2171 5404 Filio,

597 5437 653 5483 et
686 5426 859 5481 altera
895 5425 949 5478 in
981 5424 1190 5495 Spiritu
1221 5434 1411 5481 sancto
1436 5464 1450 5489 ,
1501 5440 1604 5479 ceu
1650 5426 1908 5494 qualibet
1938 5442 2173 5497 persona

596 5533 664 5572 ex
690 5526 845 5587 parte
870 5516 1072 5579 solum,
1098 5523 1155 5570 et
1180 5531 1290 5570 non
1317 5531 1380 5571 ex
1413 5524 1530 5570 toto
1560 5516 1785 5571 deitatis
1806 5519 2176 5586 preprietates

599 5608 821 5664 referat.
843 5607 954 5663 Nos
972 5622 1103 5662 vero
1128 5622 1475 5677 nequaquam
1498 5622 1565 5661 eo
1586 5607 1884 5677 impietatis
1900 5609 2173 5673 venimus,

601 5712 661 5755 ut
690 5703 745 5757 in
776 5700 963 5755 divina
988 5702 1227 5757 essentia
1255 5702 1580 5758 divisionem
1605 5712 1701 5758 aut
1721 5704 2017 5762 sectionem
2040 5704 2176 5759 ima-

600 5794 872 5863 ginemur.
923 5792 1069 5861 Quin
1097 5794 1363 5860 dicimus,
1400 5798 1654 5867 quamvis
1683 5812 1974 5867 personam
2006 5796 2176 5853 certis

2356 5154 2541 5207 Ταῦτα
2586 5155 2695 5208 τῶν
2725 5152 2985 5208 ἐναντίων
3018 5151 3255 5223 ὑπάρχει
3287 5151 3670 5223 προϐλήματα.
3706 5153 3866 5207 Οίον-

2282 5266 2369 5301 ται
2393 5250 2501 5315 γὰρ
2527 5249 2659 5309 ἴσως
2684 5245 2945 5316 μεριστὴν
2966 5240 3107 5297 εἶναι
3132 5244 3231 5315 τὴν
3254 5245 3352 5313 τῆς
3377 5243 3627 5314 Θεότητος
3653 5244 3867 5309 οὐσίαν,

2281 5341 2374 5391 καὶ
2424 5339 2483 5390 τὸ
2525 5338 2692 5407 μέρος
2740 5337 2911 5405 αὑτῆς
2960 5336 3019 5387 ὲν
3058 5334 3238 5405 Πατρὶ
3282 5332 3647 5399 θεωρεῖσθαι,
3703 5335 3764 5386 τὺ
3808 5336 3871 5388 δὲ

2279 5432 2341 5483 ἐν
2362 5430 2495 5498 Υἰῷ,
2526 5430 2587 5481 τὸ
2611 5429 2668 5482 δὲ
2699 5430 2757 5481 ὲν
2785 5428 2923 5498 ἁγίῳ
2950 5426 3254 5495 Πνεῦματι,
3286 5426 3361 5489 ὡς
3389 5425 3607 5496 ἐκείνης
3632 5427 3868 5481 ὑποστά-

2280 5538 2417 5583 σεως
2450 5522 2515 5573 ἐκ
2545 5521 2745 5591 μέρους
2766 5558 2782 5583 ,
2818 5519 2933 5571 ἀλλ’
2966 5520 3067 5571 οὑκ
3097 5520 3156 5571 ὲν
3178 5519 3316 5572 πᾶσι
3345 5518 3460 5581 τοῖς
3484 5519 3584 5587 τῆς
3610 5519 3871 5589 θεότητος

2281 5611 2537 5682 ίδιὼμασι
2570 5609 3004 5682 γνωριζομένης.
3062 5610 3253 5680 Ἡμεῖς
3281 5609 3339 5662 δὲ
3370 5610 3472 5662 οὑκ
3503 5611 3583 5673 είς
3607 5610 3872 5664 τοσοῦτον

2277 5703 2531 5765 ἀσεϐείας
2557 5703 2862 5773 ἡλάσαμεν.
2893 5702 2968 5766 ὡς
2997 5702 3266 5773 μερισμὸν
3290 5701 3544 5771 ἡγεῖσθαι
3585 5702 3682 5757 καὶ
3704 5720 3890 5757 κατα--

2278 5795 2452 5866 τομὴν
2489 5796 2617 5865 περῖ
2649 5794 2747 5867 τὴν
2775 5794 2927 5849 Θείαν
2960 5796 3225 5866 ὑπάρχειν
3252 5794 3440 5849 οὑσίαν
3460 5810 3474 5825 ο
3514 5794 3654 5849 ἀλλά
3682 5811 3891 5865 φαμεν
