  <div class='ocr_page' id='page_1' title='image "/cluster/home/n/w/nwhite01/storage/ocr_20150623/88 pt.2/uva.x004575615/620.png"; bbox 0 0 4118 6472; ppageno 0'>
   <div class='ocr_carea' id='block_1_1' title="bbox 249 365 396 432">
    <p class='ocr_par' dir='ltr' id='par_1_1' title="bbox 249 365 396 432">
     <span class='ocr_line' id='line_1_1' title="bbox 249 365 396 432; baseline 0.014 -2"><span class='ocrx_word' id='word_1_1' title='bbox 249 365 396 432; x_wconf 66' lang='lat'><strong>2945</strong></span> 
     </span>
    </p>
   </div>
   <div class='ocr_carea' id='block_1_2' title="bbox 1409 375 2370 439">
    <p class='ocr_par' dir='ltr' id='par_1_2' title="bbox 1409 375 2370 439">
     <span class='ocr_line' id='line_1_2' title="bbox 1409 375 2370 439; baseline 0.005 -7"><span class='ocrx_word' id='word_1_2' title='bbox 1409 375 1872 435; x_wconf 79' lang='lat' dir='ltr'><strong>FRAGMENTA</strong></span> <span class='ocrx_word' id='word_1_3' title='bbox 1917 376 2370 439; x_wconf 77' lang='lat' dir='ltr'><strong>DOGMATICA.</strong></span> 
     </span>
    </p>
   </div>
   <div class='ocr_carea' id='block_1_3' title="bbox 3398 386 3541 452">
    <p class='ocr_par' dir='ltr' id='par_1_3' title="bbox 3398 386 3541 452">
     <span class='ocr_line' id='line_1_3' title="bbox 3398 386 3541 452; baseline 0 -1"><span class='ocrx_word' id='word_1_4' title='bbox 3398 386 3541 452; x_wconf 65' lang='lat'><strong>2916</strong></span> 
     </span>
    </p>
   </div>
   <div class='ocr_carea' id='block_1_4' title="bbox 247 482 1837 568">
    <p class='ocr_par' dir='ltr' id='par_1_4' title="bbox 247 482 1837 556">
     <span class='ocr_line' id='line_1_4' title="bbox 247 482 1837 556; baseline 0.007 -25"><span class='ocrx_word' id='word_1_5' title='bbox 247 482 494 550; x_wconf 80' lang='grc' dir='ltr'>ἑκάστην</span> <span class='ocrx_word' id='word_1_6' title='bbox 543 485 1052 556; x_wconf 72' lang='grc' dir='ltr'>χαρακτηριστικὴν</span> <span class='ocrx_word' id='word_1_7' title='bbox 1099 485 1397 539; x_wconf 78' lang='grc' dir='ltr'><strong>ὑπόστασιν</strong></span> <span class='ocrx_word' id='word_1_8' title='bbox 1430 488 1731 552; x_wconf 85' lang='grc' dir='ltr'>ἀνελλιπῶς</span> <span class='ocrx_word' id='word_1_9' title='bbox 1777 489 1837 542; x_wconf 73' lang='grc' dir='ltr'>τὰ</span> 
     </span>
    </p>
   </div>
   <div class='ocr_carea' id='block_1_5' title="bbox 1943 482 3536 568">
    <p class='ocr_par' dir='ltr' id='par_1_5' title="bbox 1949 492 3536 568">
     <span class='ocr_line' id='line_1_5' title="bbox 1949 492 3536 568; baseline 0.008 -24"><span class='ocrx_word' id='word_1_10' title='bbox 1949 492 2096 548; x_wconf 89' lang='lat' dir='ltr'><strong>notis</strong></span> <span class='ocrx_word' id='word_1_11' title='bbox 2119 493 2460 563; x_wconf 74' lang='lat' dir='ltr'><strong>obsignatam</strong></span> <span class='ocrx_word' id='word_1_12' title='bbox 2490 493 2714 550; x_wconf 89' lang='lat' dir='ltr'><strong>deitatis</strong></span> <span class='ocrx_word' id='word_1_13' title='bbox 2736 496 2974 567; x_wconf 88' lang='lat' dir='ltr'><strong>insignia</strong></span> <span class='ocrx_word' id='word_1_14' title='bbox 2995 498 3305 568; x_wconf 80' lang='lat' dir='ltr'><strong>possidere,</strong></span> <span class='ocrx_word' id='word_1_15' title='bbox 3329 512 3388 556; x_wconf 93' lang='lat' dir='ltr'><strong>ut</strong></span> <span class='ocrx_word' id='word_1_16' title='bbox 3409 503 3536 558; x_wconf 82' lang='lat' dir='ltr'><strong>nul-</strong></span> 
     </span>
    </p>
   </div>
   <div class='ocr_carea' id='block_1_6' title="bbox 245 569 1838 648">
    <p class='ocr_par' dir='ltr' id='par_1_6' title="bbox 245 569 1838 648">
     <span class='ocr_line' id='line_1_6' title="bbox 245 569 1838 648; baseline 0.005 -28"><span class='ocrx_word' id='word_1_17' title='bbox 245 572 351 639; x_wconf 76' lang='grc' dir='ltr'><strong>τῆς</strong></span> <span class='ocrx_word' id='word_1_18' title='bbox 393 569 649 641; x_wconf 79' lang='grc' dir='ltr'><strong>θεότητος</strong></span> <span class='ocrx_word' id='word_1_19' title='bbox 699 571 842 641; x_wconf 77' lang='grc' dir='ltr'>ἔχειν</span> <span class='ocrx_word' id='word_1_20' title='bbox 882 575 1276 644; x_wconf 70' lang='grc' dir='ltr'><strong>γνωρίσματα,</strong></span> <span class='ocrx_word' id='word_1_21' title='bbox 1324 575 1384 628; x_wconf 88' lang='grc' dir='ltr'>τδ</span> <span class='ocrx_word' id='word_1_22' title='bbox 1422 576 1838 648; x_wconf 80' lang='grc' dir='ltr'>δημιουργικὸν,</span> 
     </span>
    </p>
   </div>
   <div class='ocr_carea' id='block_1_7' title="bbox 248 663 1837 742">
    <p class='ocr_par' dir='ltr' id='par_1_7' title="bbox 248 663 1837 742">
     <span class='ocr_line' id='line_1_7' title="bbox 248 663 1837 742; baseline 0.006 -28"><span class='ocrx_word' id='word_1_23' title='bbox 248 663 346 714; x_wconf 69' lang='grc' dir='ltr'>καὶ</span> <span class='ocrx_word' id='word_1_24' title='bbox 377 664 474 714; x_wconf 84' lang='grc' dir='ltr'><strong>ὅσα</strong></span> <span class='ocrx_word' id='word_1_25' title='bbox 505 665 632 732; x_wconf 77' lang='grc' dir='ltr'>περὶ</span> <span class='ocrx_word' id='word_1_26' title='bbox 659 665 756 734; x_wconf 76' lang='grc' dir='ltr'>τὴν</span> <span class='ocrx_word' id='word_1_27' title='bbox 783 666 1038 718; x_wconf 84' lang='grc' dir='ltr'>ἀκτιστον</span> <span class='ocrx_word' id='word_1_28' title='bbox 1062 667 1235 742; x_wconf 40' lang='grc' dir='ltr'>φύσιν,</span> <span class='ocrx_word' id='word_1_29' title='bbox 1253 669 1507 738; x_wconf 80' lang='grc' dir='ltr'>ὑπάρχει.</span> <span class='ocrx_word' id='word_1_30' title='bbox 1528 669 1684 722; x_wconf 83' lang='grc' dir='ltr'>Οῦτω</span> <span class='ocrx_word' id='word_1_31' title='bbox 1709 671 1837 741; x_wconf 84' lang='grc' dir='ltr'>γὰρ,</span> 
     </span>
    </p>
   </div>
   <div class='ocr_carea' id='block_1_8' title="bbox 246 755 1840 833">
    <p class='ocr_par' dir='ltr' id='par_1_8' title="bbox 246 755 1840 833">
     <span class='ocr_line' id='line_1_8' title="bbox 246 755 1840 833; baseline 0.008 -29"><span class='ocrx_word' id='word_1_32' title='bbox 246 755 348 805; x_wconf 61' lang='grc' dir='ltr'>καὶ</span> <span class='ocrx_word' id='word_1_33' title='bbox 405 755 690 823; x_wconf 82' lang='grc' dir='ltr'>ὁμοούσιον</span> <span class='ocrx_word' id='word_1_34' title='bbox 743 757 844 825; x_wconf 78' lang='grc' dir='ltr'><strong>τὴν</strong></span> <span class='ocrx_word' id='word_1_35' title='bbox 896 758 1102 828; x_wconf 86' lang='grc' dir='ltr'>Τριάδα</span> <span class='ocrx_word' id='word_1_36' title='bbox 1151 761 1370 830; x_wconf 81' lang='grc' dir='ltr'>φαμὲν,</span> <span class='ocrx_word' id='word_1_37' title='bbox 1420 761 1494 822; x_wconf 87' lang='grc' dir='ltr'>ὠς</span> <span class='ocrx_word' id='word_1_38' title='bbox 1536 765 1636 833; x_wconf 77' lang='grc' dir='ltr'>τῆς</span> <span class='ocrx_word' id='word_1_39' title='bbox 1669 764 1840 832; x_wconf 84' lang='grc' dir='ltr'>αὑτῆς</span> 
     </span>
    </p>
   </div>
   <div class='ocr_carea' id='block_1_9' title="bbox 246 846 1836 925">
    <p class='ocr_par' dir='ltr' id='par_1_9' title="bbox 246 846 1836 925">
     <span class='ocr_line' id='line_1_9' title="bbox 246 846 1836 925; baseline 0.006 -29"><span class='ocrx_word' id='word_1_40' title='bbox 246 846 442 909; x_wconf 73' lang='grc' dir='ltr'>οὐσίας</span> <span class='ocrx_word' id='word_1_41' title='bbox 479 847 740 910; x_wconf 85' lang='grc' dir='ltr'>ὀλοτελῶς</span> <span class='ocrx_word' id='word_1_42' title='bbox 786 851 842 902; x_wconf 80' lang='grc' dir='ltr'>ὲν</span> <span class='ocrx_word' id='word_1_43' title='bbox 872 851 1020 919; x_wconf 69' lang='grc' dir='ltr'>τρισὶ</span> <span class='ocrx_word' id='word_1_44' title='bbox 1052 852 1372 922; x_wconf 71' lang='grc' dir='ltr'>προσώποις</span> <span class='ocrx_word' id='word_1_45' title='bbox 1403 855 1836 925; x_wconf 77' lang='grc' dir='ltr'>γνωριζομένης.</span> 
     </span>
    </p>
   </div>
   <div class='ocr_carea' id='block_1_10' title="bbox 246 938 1840 1014">
    <p class='ocr_par' dir='ltr' id='par_1_10' title="bbox 246 938 1840 1014">
     <span class='ocr_line' id='line_1_10' title="bbox 246 938 1840 1014; baseline 0.004 -24"><span class='ocrx_word' id='word_1_46' title='bbox 246 938 365 990; x_wconf 71' lang='grc' dir='ltr'><strong>Καὶ</strong></span> <span class='ocrx_word' id='word_1_47' title='bbox 416 939 523 1008; x_wconf 82' lang='grc' dir='ltr'><strong>γὰρ</strong></span> <span class='ocrx_word' id='word_1_48' title='bbox 572 939 600 990; x_wconf 80' lang='grc' dir='ltr'><strong>ὁ</strong></span> <span class='ocrx_word' id='word_1_49' title='bbox 642 940 830 1009; x_wconf 81' lang='grc' dir='ltr'>Πατὴρ</span> <span class='ocrx_word' id='word_1_50' title='bbox 878 942 1100 1005; x_wconf 78' lang='grc' dir='ltr'><strong>τελείως</strong></span> <span class='ocrx_word' id='word_1_51' title='bbox 1149 943 1261 1012; x_wconf 80' lang='grc' dir='ltr'>ἔχει</span> <span class='ocrx_word' id='word_1_52' title='bbox 1311 945 1408 1013; x_wconf 78' lang='grc' dir='ltr'>τὴν</span> <span class='ocrx_word' id='word_1_53' title='bbox 1449 945 1549 1014; x_wconf 78' lang='grc' dir='ltr'>τῆς</span> <span class='ocrx_word' id='word_1_54' title='bbox 1588 945 1840 1014; x_wconf 82' lang='grc' dir='ltr'>θεότητος</span> 
     </span>
    </p>
   </div>
   <div class='ocr_carea' id='block_1_11' title="bbox 243 1025 1837 1102">
    <p class='ocr_par' dir='ltr' id='par_1_11' title="bbox 243 1025 1837 1102">
     <span class='ocr_line' id='line_1_11' title="bbox 243 1025 1837 1102; baseline 0.008 -26"><span class='ocrx_word' id='word_1_55' title='bbox 243 1025 441 1077; x_wconf 73' lang='grc' dir='ltr'>οὐσίαν</span> <span class='ocrx_word' id='word_1_56' title='bbox 466 1043 478 1054; x_wconf 73' lang='grc' dir='ltr'><strong><em>ο</em></strong></span> <span class='ocrx_word' id='word_1_57' title='bbox 529 1027 730 1095; x_wconf 79' lang='grc' dir='ltr'>ὁμοίως</span> <span class='ocrx_word' id='word_1_58' title='bbox 763 1029 790 1080; x_wconf 82' lang='grc' dir='ltr'>ὁ</span> <span class='ocrx_word' id='word_1_59' title='bbox 823 1029 971 1092; x_wconf 77' lang='grc' dir='ltr'>Υἱὸς,</span> <span class='ocrx_word' id='word_1_60' title='bbox 1005 1031 1208 1100; x_wconf 82' lang='grc' dir='ltr'>ὁμοίως</span> <span class='ocrx_word' id='word_1_61' title='bbox 1235 1031 1294 1083; x_wconf 83' lang='grc' dir='ltr'>τὸ</span> <span class='ocrx_word' id='word_1_62' title='bbox 1321 1032 1545 1102; x_wconf 90' lang='grc' dir='ltr'>Πνεῦμα</span> <span class='ocrx_word' id='word_1_63' title='bbox 1573 1034 1633 1084; x_wconf 83' lang='grc' dir='ltr'><strong>τὸ</strong></span> <span class='ocrx_word' id='word_1_64' title='bbox 1663 1033 1837 1101; x_wconf 75' lang='grc' dir='ltr'>ἅγιον.</span> 
     </span>
    </p>
   </div>
   <div class='ocr_carea' id='block_1_12' title="bbox 244 1117 1844 1194">
    <p class='ocr_par' dir='ltr' id='par_1_12' title="bbox 244 1117 1844 1194">
     <span class='ocr_line' id='line_1_12' title="bbox 244 1117 1844 1194; baseline 0.006 -26"><span class='ocrx_word' id='word_1_65' title='bbox 244 1117 498 1180; x_wconf 80' lang='grc' dir='ltr'>Τοῦτοις,</span> <span class='ocrx_word' id='word_1_66' title='bbox 529 1119 624 1171; x_wconf 75' lang='grc' dir='ltr'>καὶ</span> <span class='ocrx_word' id='word_1_67' title='bbox 650 1121 676 1171; x_wconf 84' lang='grc' dir='ltr'><strong>ό</strong></span> <span class='ocrx_word' id='word_1_68' title='bbox 703 1122 801 1189; x_wconf 86' lang='grc' dir='ltr'>τῆς</span> <span class='ocrx_word' id='word_1_69' title='bbox 827 1120 1087 1189; x_wconf 80' lang='grc' dir='ltr'><strong>ἀληθείας</strong></span> <span class='ocrx_word' id='word_1_70' title='bbox 1113 1122 1290 1193; x_wconf 68' lang='grc' dir='ltr'>κῆρυξ</span> <span class='ocrx_word' id='word_1_71' title='bbox 1315 1122 1526 1186; x_wconf 81' lang='grc' dir='ltr'>Παῦλος</span> <span class='ocrx_word' id='word_1_72' title='bbox 1549 1124 1844 1194; x_wconf 77' lang='grc' dir='ltr'>συνηγορέϊ</span> 
     </span>
    </p>
   </div>
   <div class='ocr_carea' id='block_1_13' title="bbox 245 1209 1842 1284">
    <p class='ocr_par' dir='ltr' id='par_1_13' title="bbox 245 1209 1842 1284">
     <span class='ocr_line' id='line_1_13' title="bbox 245 1209 1842 1284; baseline 0.006 -25"><span class='ocrx_word' id='word_1_73' title='bbox 245 1209 497 1276; x_wconf 72' lang='grc' dir='ltr'>φᾶσκων·</span> <span class='ocrx_word' id='word_1_74' title='bbox 541 1211 643 1263; x_wconf 83' lang='grc' dir='ltr'><em>Ἐν</em></span> <span class='ocrx_word' id='word_1_75' title='bbox 675 1212 837 1276; x_wconf 71' lang='grc' dir='ltr'>αὐτῷ</span> <span class='ocrx_word' id='word_1_76' title='bbox 868 1213 978 1280; x_wconf 73' lang='grc' dir='ltr'>γὰρ</span> <span class='ocrx_word' id='word_1_77' title='bbox 1013 1215 1284 1267; x_wconf 79' lang='grc' dir='ltr'><strong>κατοικεῖ</strong></span> <span class='ocrx_word' id='word_1_78' title='bbox 1307 1215 1433 1268; x_wconf 80' lang='grc' dir='ltr'><strong>πᾶν</strong></span> <span class='ocrx_word' id='word_1_79' title='bbox 1462 1214 1527 1267; x_wconf 86' lang='grc' dir='ltr'>τὸ</span> <span class='ocrx_word' id='word_1_80' title='bbox 1547 1216 1842 1284; x_wconf 74' lang='grc' dir='ltr'>πλήρωμα</span> 
     </span>
    </p>
   </div>
   <div class='ocr_carea' id='block_1_14' title="bbox 244 1299 1840 1378">
    <p class='ocr_par' dir='ltr' id='par_1_14' title="bbox 244 1299 1840 1378">
     <span class='ocr_line' id='line_1_14' title="bbox 244 1299 1840 1378; baseline 0.003 -25"><span class='ocrx_word' id='word_1_81' title='bbox 244 1299 361 1366; x_wconf 80' lang='grc' dir='ltr'>τῆς</span> <span class='ocrx_word' id='word_1_82' title='bbox 385 1303 663 1369; x_wconf 81' lang='grc' dir='ltr'><strong>θεότητος</strong></span> <span class='ocrx_word' id='word_1_83' title='bbox 695 1305 1067 1371; x_wconf 84' lang='grc' dir='ltr'>σωματικῶς.</span> <span class='ocrx_word' id='word_1_84' title='bbox 1099 1306 1173 1358; x_wconf 85' lang='grc' dir='ltr'>Οὑ</span> <span class='ocrx_word' id='word_1_85' title='bbox 1203 1307 1312 1375; x_wconf 77' lang='grc' dir='ltr'><strong>γὰρ</strong></span> <span class='ocrx_word' id='word_1_86' title='bbox 1344 1306 1433 1358; x_wconf 78' lang='grc' dir='ltr'><strong>τὸν</strong></span> <span class='ocrx_word' id='word_1_87' title='bbox 1458 1308 1678 1378; x_wconf 82' lang='grc' dir='ltr'>Πατέρα</span> <span class='ocrx_word' id='word_1_88' title='bbox 1709 1309 1840 1377; x_wconf 67' lang='grc' dir='ltr'>φησι</span> 
     </span>
    </p>
   </div>
   <div class='ocr_carea' id='block_1_15' title="bbox 245 1379 1840 1466">
    <p class='ocr_par' dir='ltr' id='par_1_15' title="bbox 245 1379 1840 1466">
     <span class='ocr_line' id='line_1_15' title="bbox 245 1379 1840 1466; baseline 0.005 -24"><span class='ocrx_word' id='word_1_89' title='bbox 245 1391 640 1458; x_wconf 75' lang='grc' dir='ltr'>σεσαρκῶσθαι</span> <span class='ocrx_word' id='word_1_90' title='bbox 661 1436 674 1458; x_wconf 95' lang='grc'><strong>,</strong></span> <span class='ocrx_word' id='word_1_91' title='bbox 728 1393 850 1446; x_wconf 71' lang='grc' dir='ltr'>ἀλλ’</span> <span class='ocrx_word' id='word_1_92' title='bbox 884 1382 969 1448; x_wconf 81' lang='grc' dir='ltr'>ὅτι</span> <span class='ocrx_word' id='word_1_93' title='bbox 1003 1398 1151 1448; x_wconf 78' lang='grc' dir='ltr'>πᾶσα</span> <span class='ocrx_word' id='word_1_94' title='bbox 1182 1398 1214 1465; x_wconf 79' lang='grc' dir='ltr'>ἡ</span> <span class='ocrx_word' id='word_1_95' title='bbox 1245 1397 1436 1466; x_wconf 84' lang='grc' dir='ltr'>θεότης</span> <span class='ocrx_word' id='word_1_96' title='bbox 1467 1398 1524 1450; x_wconf 78' lang='grc' dir='ltr'>ὲν</span> <span class='ocrx_word' id='word_1_97' title='bbox 1553 1379 1673 1459; x_wconf 66' lang='grc' dir='ltr'>ταῖς</span> <span class='ocrx_word' id='word_1_98' title='bbox 1707 1399 1840 1450; x_wconf 84' lang='grc' dir='ltr'>ὑπο-</span> 
     </span>
    </p>
   </div>
   <div class='ocr_carea' id='block_1_16' title="bbox 237 1483 1841 1558">
    <p class='ocr_par' dir='ltr' id='par_1_16' title="bbox 237 1483 1841 1558">
     <span class='ocr_line' id='line_1_16' title="bbox 237 1483 1841 1558; baseline 0.005 -25"><span class='ocrx_word' id='word_1_99' title='bbox 237 1483 507 1534; x_wconf 76' lang='grc' dir='ltr'>στάσεσιν</span> <span class='ocrx_word' id='word_1_100' title='bbox 542 1485 833 1556; x_wconf 81' lang='grc' dir='ltr'>ἀνελλιπὴς</span> <span class='ocrx_word' id='word_1_101' title='bbox 865 1487 1140 1556; x_wconf 79' lang='grc' dir='ltr'>ὑπάρχει,</span> <span class='ocrx_word' id='word_1_102' title='bbox 1193 1489 1248 1538; x_wconf 80' lang='grc' dir='ltr'>ὲν</span> <span class='ocrx_word' id='word_1_103' title='bbox 1282 1488 1489 1558; x_wconf 69' lang='grc' dir='ltr'>Πατρὶ,</span> <span class='ocrx_word' id='word_1_104' title='bbox 1525 1489 1583 1540; x_wconf 81' lang='grc' dir='ltr'>ὲν</span> <span class='ocrx_word' id='word_1_105' title='bbox 1614 1489 1745 1557; x_wconf 83' lang='grc' dir='ltr'>Υίῷ,</span> <span class='ocrx_word' id='word_1_106' title='bbox 1785 1491 1841 1541; x_wconf 81' lang='grc' dir='ltr'>ὲν</span> 
     </span>
    </p>
   </div>
   <div class='ocr_carea' id='block_1_17' title="bbox 243 1576 1842 1653">
    <p class='ocr_par' dir='ltr' id='par_1_17' title="bbox 243 1576 1842 1653">
     <span class='ocr_line' id='line_1_17' title="bbox 243 1576 1842 1653; baseline 0.006 -27"><span class='ocrx_word' id='word_1_107' title='bbox 243 1576 393 1643; x_wconf 81' lang='grc' dir='ltr'>ἁγίῳ</span> <span class='ocrx_word' id='word_1_108' title='bbox 438 1577 753 1648; x_wconf 82' lang='grc' dir='ltr'>Πνεύματι,</span> <span class='ocrx_word' id='word_1_109' title='bbox 809 1582 866 1632; x_wconf 83' lang='grc' dir='ltr'>ὲν</span> <span class='ocrx_word' id='word_1_110' title='bbox 916 1582 1124 1653; x_wconf 78' lang='grc' dir='ltr'>ἑκάστῃ</span> <span class='ocrx_word' id='word_1_111' title='bbox 1171 1583 1470 1634; x_wconf 74' lang='grc' dir='ltr'>ὑποστάσει</span> <span class='ocrx_word' id='word_1_112' title='bbox 1503 1582 1723 1643; x_wconf 82' lang='grc' dir='ltr'>τελείως</span> <span class='ocrx_word' id='word_1_113' title='bbox 1753 1585 1842 1636; x_wconf 84' lang='grc' dir='ltr'><strong>ὲν-</strong></span> 
     </span>
    </p>
   </div>
   <div class='ocr_carea' id='block_1_18' title="bbox 244 1670 1838 1743">
    <p class='ocr_par' dir='ltr' id='par_1_18' title="bbox 244 1670 1838 1743">
     <span class='ocr_line' id='line_1_18' title="bbox 244 1670 1838 1743; baseline 0.004 -24"><span class='ocrx_word' id='word_1_114' title='bbox 244 1670 594 1738; x_wconf 67' lang='grc' dir='ltr'>υπάρχουσα,</span> <span class='ocrx_word' id='word_1_115' title='bbox 629 1673 768 1724; x_wconf 81' lang='grc' dir='ltr'>κατὰ</span> <span class='ocrx_word' id='word_1_116' title='bbox 798 1673 898 1742; x_wconf 78' lang='grc' dir='ltr'><strong>τὴν</strong></span> <span class='ocrx_word' id='word_1_117' title='bbox 924 1674 1110 1741; x_wconf 78' lang='grc' dir='ltr'>φωνὴν</span> <span class='ocrx_word' id='word_1_118' title='bbox 1139 1674 1231 1726; x_wconf 86' lang='grc' dir='ltr'><strong>τοῦ</strong></span> <span class='ocrx_word' id='word_1_119' title='bbox 1262 1673 1514 1743; x_wconf 72' lang='grc' dir='ltr'>Σωτῆρος</span> <span class='ocrx_word' id='word_1_120' title='bbox 1540 1674 1803 1742; x_wconf 87' lang='grc' dir='ltr'>λέγουσαν</span> <span class='ocrx_word' id='word_1_121' title='bbox 1824 1689 1838 1704; x_wconf 78' lang='grc' dir='ltr'><strong>ο</strong></span> 
     </span>
    </p>
   </div>
   <div class='ocr_carea' id='block_1_19' title="bbox 245 1761 1843 1833">
    <p class='ocr_par' dir='ltr' id='par_1_19' title="bbox 245 1761 1843 1833">
     <span class='ocr_line' id='line_1_19' title="bbox 245 1761 1843 1833; baseline 0.004 -21"><span class='ocrx_word' id='word_1_122' title='bbox 245 1761 454 1813; x_wconf 77' lang='grc' dir='ltr'>Πάντα</span> <span class='ocrx_word' id='word_1_123' title='bbox 499 1763 568 1814; x_wconf 87' lang='grc' dir='ltr'>τὰ</span> <span class='ocrx_word' id='word_1_124' title='bbox 613 1765 718 1816; x_wconf 86' lang='grc' dir='ltr'><strong>τοῦ</strong></span> <span class='ocrx_word' id='word_1_125' title='bbox 753 1766 980 1831; x_wconf 74' lang='grc' dir='ltr'>Πατρὸς</span> <span class='ocrx_word' id='word_1_126' title='bbox 1015 1765 1125 1833; x_wconf 80' lang='grc' dir='ltr'><strong>ἐμά</strong></span> <span class='ocrx_word' id='word_1_127' title='bbox 1155 1767 1271 1817; x_wconf 77' lang='grc' dir='ltr'>εισι</span> <span class='ocrx_word' id='word_1_128' title='bbox 1338 1782 1351 1796; x_wconf 86' lang='lat'><strong><em>°</em></strong></span> <span class='ocrx_word' id='word_1_129' title='bbox 1404 1766 1705 1829; x_wconf 82' lang='grc' dir='ltr'>τουτέστιν,</span> <span class='ocrx_word' id='word_1_130' title='bbox 1741 1766 1843 1819; x_wconf 81' lang='grc' dir='ltr'><strong>ὅσα</strong></span> 
     </span>
    </p>
   </div>
   <div class='ocr_carea' id='block_1_20' title="bbox 1947 583 3537 656">
    <p class='ocr_par' dir='ltr' id='par_1_20' title="bbox 1947 583 3537 656">
     <span class='ocr_line' id='line_1_20' title="bbox 1947 583 3537 656; baseline 0.005 -20"><span class='ocrx_word' id='word_1_131' title='bbox 1947 583 2062 636; x_wconf 88' lang='lat' dir='ltr'><strong>lum</strong></span> <span class='ocrx_word' id='word_1_132' title='bbox 2115 584 2165 636; x_wconf 90' lang='lat' dir='ltr'><strong>ei</strong></span> <span class='ocrx_word' id='word_1_133' title='bbox 2217 584 2395 650; x_wconf 85' lang='lat' dir='ltr'><strong>desit;</strong></span> <span class='ocrx_word' id='word_1_134' title='bbox 2455 595 2586 654; x_wconf 89' lang='lat' dir='ltr'><strong>puta</strong></span> <span class='ocrx_word' id='word_1_135' title='bbox 2636 587 2974 652; x_wconf 77' lang='lat' dir='ltr'><strong>bonitatem,</strong></span> <span class='ocrx_word' id='word_1_136' title='bbox 3025 590 3246 646; x_wconf 81' lang='lat' dir='ltr'><strong>creandi</strong></span> <span class='ocrx_word' id='word_1_137' title='bbox 3291 592 3438 656; x_wconf 67' lang='lat' dir='ltr'><strong>vim,</strong></span> <span class='ocrx_word' id='word_1_138' title='bbox 3479 600 3537 646; x_wconf 88' lang='lat' dir='ltr'><strong>et</strong></span> 
     </span>
    </p>
   </div>
   <div class='ocr_carea' id='block_1_21' title="bbox 1948 679 3537 746">
    <p class='ocr_par' dir='ltr' id='par_1_21' title="bbox 1948 679 3537 746">
     <span class='ocr_line' id='line_1_21' title="bbox 1948 679 3537 746; baseline 0.004 -18"><span class='ocrx_word' id='word_1_139' title='bbox 1948 693 2290 746; x_wconf 63' lang='lat' dir='ltr'><strong>quaecunque</strong></span> <span class='ocrx_word' id='word_1_140' title='bbox 2315 679 2569 732; x_wconf 77' lang='lat' dir='ltr'><strong>increatae</strong></span> <span class='ocrx_word' id='word_1_141' title='bbox 2600 690 2810 734; x_wconf 75' lang='lat' dir='ltr'><strong>natura:</strong></span> <span class='ocrx_word' id='word_1_142' title='bbox 2845 683 3204 736; x_wconf 88' lang='lat' dir='ltr'><strong>conveniunt.</strong></span> <span class='ocrx_word' id='word_1_143' title='bbox 3232 683 3358 737; x_wconf 92' lang='lat' dir='ltr'><strong>ldeo</strong></span> <span class='ocrx_word' id='word_1_144' title='bbox 3387 684 3537 736; x_wconf 91' lang='lat' dir='ltr'><strong>enim</strong></span> 
     </span>
    </p>
   </div>
   <div class='ocr_carea' id='block_1_22' title="bbox 1950 766 3538 842">
    <p class='ocr_par' dir='ltr' id='par_1_22' title="bbox 1950 766 3538 842">
     <span class='ocr_line' id='line_1_22' title="bbox 1950 766 3538 842; baseline 0.005 -24"><span class='ocrx_word' id='word_1_145' title='bbox 1950 766 2278 828; x_wconf 78' lang='lat' dir='ltr'><strong>Trinitatem</strong></span> <span class='ocrx_word' id='word_1_146' title='bbox 2312 783 2434 822; x_wconf 90' lang='lat' dir='ltr'><strong>csse</strong></span> <span class='ocrx_word' id='word_1_147' title='bbox 2459 770 2986 825; x_wconf 79' lang='lat' dir='ltr'><strong>consubstantialem</strong></span> <span class='ocrx_word' id='word_1_148' title='bbox 3019 772 3380 841; x_wconf 81' lang='lat' dir='ltr'><strong>profitemur;</strong></span> <span class='ocrx_word' id='word_1_149' title='bbox 3409 773 3538 842; x_wconf 87' lang='lat' dir='ltr'><strong>quia</strong></span> 
     </span>
    </p>
   </div>
   <div class='ocr_carea' id='block_1_23' title="bbox 1949 857 3540 934">
    <p class='ocr_par' dir='ltr' id='par_1_23' title="bbox 1949 857 3540 934">
     <span class='ocr_line' id='line_1_23' title="bbox 1949 857 3540 934; baseline 0.006 -24"><span class='ocrx_word' id='word_1_150' title='bbox 1949 857 2262 911; x_wconf 74' lang='lat' dir='ltr'><strong>substantia</strong></span> <span class='ocrx_word' id='word_1_151' title='bbox 2307 859 2503 914; x_wconf 87' lang='lat' dir='ltr'><strong>eadem</strong></span> <span class='ocrx_word' id='word_1_152' title='bbox 2565 860 2620 914; x_wconf 92' lang='lat' dir='ltr'><strong>in</strong></span> <span class='ocrx_word' id='word_1_153' title='bbox 2667 862 2846 916; x_wconf 83' lang='lat' dir='ltr'><strong>tribus</strong></span> <span class='ocrx_word' id='word_1_154' title='bbox 2882 865 3136 932; x_wconf 80' lang='lat' dir='ltr'><strong>personis</strong></span> <span class='ocrx_word' id='word_1_155' title='bbox 3180 865 3540 934; x_wconf 84' lang='lat' dir='ltr'><strong>integerrime</strong></span> 
     </span>
    </p>
   </div>
   <div class='ocr_carea' id='block_1_24' title="bbox 1949 950 3539 1024">
    <p class='ocr_par' dir='ltr' id='par_1_24' title="bbox 1949 950 3539 1024">
     <span class='ocr_line' id='line_1_24' title="bbox 1949 950 3539 1024; baseline 0.004 -20"><span class='ocrx_word' id='word_1_156' title='bbox 1949 950 2319 1020; x_wconf 79' lang='lat' dir='ltr'><strong>cognoscitur.</strong></span> <span class='ocrx_word' id='word_1_157' title='bbox 2379 951 2542 1004; x_wconf 85' lang='lat' dir='ltr'><strong>Pater</strong></span> <span class='ocrx_word' id='word_1_158' title='bbox 2578 955 2726 1006; x_wconf 91' lang='lat' dir='ltr'><strong>enim</strong></span> <span class='ocrx_word' id='word_1_159' title='bbox 2778 954 3047 1024; x_wconf 79' lang='lat' dir='ltr'><strong>integram</strong></span> <span class='ocrx_word' id='word_1_160' title='bbox 3088 955 3313 1009; x_wconf 87' lang='lat' dir='ltr'><strong>deitatis</strong></span> <span class='ocrx_word' id='word_1_161' title='bbox 3347 971 3539 1010; x_wconf 87' lang='lat' dir='ltr'><strong>essen-</strong></span> 
     </span>
    </p>
   </div>
   <div class='ocr_carea' id='block_1_25' title="bbox 1949 1041 3539 1113">
    <p class='ocr_par' dir='ltr' id='par_1_25' title="bbox 1949 1041 3539 1113">
     <span class='ocr_line' id='line_1_25' title="bbox 1949 1041 3539 1113; baseline 0.004 -20"><span class='ocrx_word' id='word_1_162' title='bbox 1949 1041 2078 1094; x_wconf 88' lang='lat' dir='ltr'><strong>tiam</strong></span> <span class='ocrx_word' id='word_1_163' title='bbox 2110 1041 2300 1108; x_wconf 83' lang='lat' dir='ltr'><strong>habet,</strong></span> <span class='ocrx_word' id='word_1_164' title='bbox 2332 1043 2505 1096; x_wconf 81' lang='lat' dir='ltr'><strong>veluti</strong></span> <span class='ocrx_word' id='word_1_165' title='bbox 2536 1043 2731 1106; x_wconf 89' lang='lat' dir='ltr'><strong>Filius,</strong></span> <span class='ocrx_word' id='word_1_166' title='bbox 2767 1053 2823 1098; x_wconf 90' lang='lat' dir='ltr'><strong>et</strong></span> <span class='ocrx_word' id='word_1_167' title='bbox 2853 1043 3096 1113; x_wconf 87' lang='lat' dir='ltr'><strong>Spiritus</strong></span> <span class='ocrx_word' id='word_1_168' title='bbox 3125 1052 3368 1098; x_wconf 87' lang='lat' dir='ltr'><strong>sanctus.</strong></span> <span class='ocrx_word' id='word_1_169' title='bbox 3407 1045 3539 1110; x_wconf 69' lang='lat' dir='ltr'><strong>Qum</strong></span> 
     </span>
    </p>
   </div>
   <div class='ocr_carea' id='block_1_26' title="bbox 1949 1134 3539 1207">
    <p class='ocr_par' dir='ltr' id='par_1_26' title="bbox 1949 1134 3539 1207">
     <span class='ocr_line' id='line_1_26' title="bbox 1949 1134 3539 1207; baseline 0.002 -20"><span class='ocrx_word' id='word_1_170' title='bbox 1949 1134 2152 1187; x_wconf 83' lang='lat' dir='ltr'><strong>Paulus</strong></span> <span class='ocrx_word' id='word_1_171' title='bbox 2186 1135 2443 1190; x_wconf 84' lang='lat' dir='ltr'><strong>veritatis</strong></span> <span class='ocrx_word' id='word_1_172' title='bbox 2471 1151 2653 1204; x_wconf 75' lang='lat' dir='ltr'><strong>przeco</strong></span> <span class='ocrx_word' id='word_1_173' title='bbox 2684 1136 2995 1200; x_wconf 83' lang='lat' dir='ltr'><strong>conﬁrmat,</strong></span> <span class='ocrx_word' id='word_1_174' title='bbox 3025 1137 3119 1190; x_wconf 91' lang='lat' dir='ltr'><strong>ubi</strong></span> <span class='ocrx_word' id='word_1_175' title='bbox 3163 1138 3240 1190; x_wconf 89' lang='lat' dir='ltr'><strong>ait</strong></span> <span class='ocrx_word' id='word_1_176' title='bbox 3270 1155 3282 1189; x_wconf 89' lang='lat'><strong>:</strong></span> <span class='ocrx_word' id='word_1_177' title='bbox 3319 1137 3383 1190; x_wconf 87' lang='lat' dir='ltr'><strong>In</strong></span> <span class='ocrx_word' id='word_1_178' title='bbox 3425 1139 3539 1207; x_wconf 73' lang='lat' dir='ltr'><strong>ipso</strong></span> 
     </span>
    </p>
   </div>
   <div class='ocr_carea' id='block_1_27' title="bbox 1948 1218 3534 1297">
    <p class='ocr_par' dir='ltr' id='par_1_27' title="bbox 1948 1218 3534 1297">
     <span class='ocr_line' id='line_1_27' title="bbox 1948 1218 3534 1297; baseline 0 -19"><span class='ocrx_word' id='word_1_179' title='bbox 1948 1218 2210 1279; x_wconf 75' lang='lat' dir='ltr'><strong>inhabitat</strong></span> <span class='ocrx_word' id='word_1_180' title='bbox 2261 1228 2430 1279; x_wconf 80' lang='lat' dir='ltr'><strong>omnis</strong></span> <span class='ocrx_word' id='word_1_181' title='bbox 2471 1227 2747 1297; x_wconf 77' lang='lat' dir='ltr'><strong>plenitudo</strong></span> <span class='ocrx_word' id='word_1_182' title='bbox 2797 1227 3090 1280; x_wconf 71' lang='lat' dir='ltr'><strong>divinitatis</strong></span> <span class='ocrx_word' id='word_1_183' title='bbox 3158 1229 3534 1295; x_wconf 82' lang='lat' dir='ltr'><strong>corporaliter.</strong></span> 
     </span>
    </p>
   </div>
   <div class='ocr_carea' id='block_1_28' title="bbox 1947 1318 3539 1383">
    <p class='ocr_par' dir='ltr' id='par_1_28' title="bbox 1947 1318 3539 1383">
     <span class='ocr_line' id='line_1_28' title="bbox 1947 1318 3539 1383; baseline 0.001 -12"><span class='ocrx_word' id='word_1_184' title='bbox 1947 1318 2066 1371; x_wconf 73' lang='lat' dir='ltr'><strong>Non</strong></span> <span class='ocrx_word' id='word_1_185' title='bbox 2097 1318 2241 1371; x_wconf 88' lang='lat' dir='ltr'><strong>enim</strong></span> <span class='ocrx_word' id='word_1_186' title='bbox 2279 1319 2624 1372; x_wconf 86' lang='lat' dir='ltr'><strong>incarnatum</strong></span> <span class='ocrx_word' id='word_1_187' title='bbox 2656 1319 2872 1371; x_wconf 83' lang='lat' dir='ltr'><strong>Patrem</strong></span> <span class='ocrx_word' id='word_1_188' title='bbox 2901 1333 3022 1372; x_wconf 83' lang='lat' dir='ltr'><strong>esse</strong></span> <span class='ocrx_word' id='word_1_189' title='bbox 3054 1319 3284 1383; x_wconf 84' lang='lat' dir='ltr'><strong>annuit,</strong></span> <span class='ocrx_word' id='word_1_190' title='bbox 3323 1319 3416 1372; x_wconf 91' lang='lat' dir='ltr'><strong>sed</strong></span> <span class='ocrx_word' id='word_1_191' title='bbox 3454 1328 3539 1372; x_wconf 78' lang='lat' dir='ltr'><strong>to—</strong></span> 
     </span>
    </p>
   </div>
   <div class='ocr_carea' id='block_1_29' title="bbox 1950 1408 3540 1478">
    <p class='ocr_par' dir='ltr' id='par_1_29' title="bbox 1950 1408 3540 1478">
     <span class='ocr_line' id='line_1_29' title="bbox 1950 1408 3540 1478; baseline 0.001 -16"><span class='ocrx_word' id='word_1_192' title='bbox 1950 1418 2058 1462; x_wconf 88' lang='lat' dir='ltr'><strong>tam</strong></span> <span class='ocrx_word' id='word_1_193' title='bbox 2109 1409 2458 1464; x_wconf 89' lang='lat' dir='ltr'><strong>divinitatem</strong></span> <span class='ocrx_word' id='word_1_194' title='bbox 2515 1410 2666 1464; x_wconf 89' lang='lat' dir='ltr'><strong>nullo</strong></span> <span class='ocrx_word' id='word_1_195' title='bbox 2709 1408 2927 1464; x_wconf 85' lang='lat' dir='ltr'><strong>defectu</strong></span> <span class='ocrx_word' id='word_1_196' title='bbox 2972 1409 3026 1462; x_wconf 90' lang='lat' dir='ltr'><strong>in</strong></span> <span class='ocrx_word' id='word_1_197' title='bbox 3069 1410 3248 1464; x_wconf 86' lang='lat' dir='ltr'><strong>tribus</strong></span> <span class='ocrx_word' id='word_1_198' title='bbox 3288 1409 3540 1478; x_wconf 84' lang='lat' dir='ltr'><strong>personis</strong></span> 
     </span>
    </p>
   </div>
   <div class='ocr_carea' id='block_1_30' title="bbox 1948 1498 3536 1570">
    <p class='ocr_par' dir='ltr' id='par_1_30' title="bbox 1948 1498 3536 1570">
     <span class='ocr_line' id='line_1_30' title="bbox 1948 1498 3536 1570; baseline -0.002 -15"><span class='ocrx_word' id='word_1_199' title='bbox 1948 1509 2168 1555; x_wconf 81' lang='lat' dir='ltr'><strong>exstare</strong></span> <span class='ocrx_word' id='word_1_200' title='bbox 2203 1519 2214 1554; x_wconf 93' lang='lat'><strong>:</strong></span> <span class='ocrx_word' id='word_1_201' title='bbox 2250 1502 2454 1570; x_wconf 80' lang='lat' dir='ltr'><strong>quippe</strong></span> <span class='ocrx_word' id='word_1_202' title='bbox 2491 1517 2610 1568; x_wconf 77' lang='lat' dir='ltr'><strong>qua:</strong></span> <span class='ocrx_word' id='word_1_203' title='bbox 2642 1500 2696 1553; x_wconf 91' lang='lat' dir='ltr'><strong>in</strong></span> <span class='ocrx_word' id='word_1_204' title='bbox 2725 1498 2913 1564; x_wconf 84' lang='lat' dir='ltr'><strong>Patre,</strong></span> <span class='ocrx_word' id='word_1_205' title='bbox 2954 1510 3008 1554; x_wconf 89' lang='lat' dir='ltr'><strong>et</strong></span> <span class='ocrx_word' id='word_1_206' title='bbox 3040 1501 3209 1565; x_wconf 87' lang='lat' dir='ltr'><strong>Filio,</strong></span> <span class='ocrx_word' id='word_1_207' title='bbox 3243 1514 3297 1555; x_wconf 89' lang='lat' dir='ltr'><strong>et</strong></span> <span class='ocrx_word' id='word_1_208' title='bbox 3326 1500 3536 1569; x_wconf 89' lang='lat' dir='ltr'><strong>Spiritu</strong></span> 
     </span>
    </p>
   </div>
   <div class='ocr_carea' id='block_1_31' title="bbox 1950 1592 3534 1660">
    <p class='ocr_par' dir='ltr' id='par_1_31' title="bbox 1950 1592 3534 1660">
     <span class='ocr_line' id='line_1_31' title="bbox 1950 1592 3534 1660; baseline -0.001 -14"><span class='ocrx_word' id='word_1_209' title='bbox 1950 1602 2174 1654; x_wconf 89' lang='lat' dir='ltr'><strong>sancto,</strong></span> <span class='ocrx_word' id='word_1_210' title='bbox 2215 1603 2271 1646; x_wconf 87' lang='lat' dir='ltr'><strong>et</strong></span> <span class='ocrx_word' id='word_1_211' title='bbox 2306 1593 2359 1645; x_wconf 90' lang='lat' dir='ltr'><strong>in</strong></span> <span class='ocrx_word' id='word_1_212' title='bbox 2391 1608 2720 1660; x_wconf 88' lang='lat' dir='ltr'><strong>unaquaque</strong></span> <span class='ocrx_word' id='word_1_213' title='bbox 2746 1606 2980 1660; x_wconf 87' lang='lat' dir='ltr'><strong>persona</strong></span> <span class='ocrx_word' id='word_1_214' title='bbox 3013 1592 3260 1660; x_wconf 80' lang='lat' dir='ltr'><strong>perfecte</strong></span> <span class='ocrx_word' id='word_1_215' title='bbox 3285 1593 3534 1655; x_wconf 78' lang='lat' dir='ltr'><strong>exsistat,</strong></span> 
     </span>
    </p>
   </div>
   <div class='ocr_carea' id='block_1_32' title="bbox 1950 1678 3537 1748">
    <p class='ocr_par' dir='ltr' id='par_1_32' title="bbox 1950 1678 3537 1748">
     <span class='ocr_line' id='line_1_32' title="bbox 1950 1678 3537 1748; baseline 0.002 -18"><span class='ocrx_word' id='word_1_216' title='bbox 1950 1679 2256 1732; x_wconf 86' lang='lat' dir='ltr'><strong>secundum</strong></span> <span class='ocrx_word' id='word_1_217' title='bbox 2303 1678 2604 1732; x_wconf 84' lang='lat' dir='ltr'><strong>Salvatoris</strong></span> <span class='ocrx_word' id='word_1_218' title='bbox 2660 1693 2850 1731; x_wconf 85' lang='lat' dir='ltr'><strong>vocem</strong></span> <span class='ocrx_word' id='word_1_219' title='bbox 2895 1695 2907 1730; x_wconf 93' lang='lat'><strong>:</strong></span> <span class='ocrx_word' id='word_1_220' title='bbox 2951 1678 3143 1732; x_wconf 86' lang='lat' dir='ltr'><strong>Omnia</strong></span> <span class='ocrx_word' id='word_1_221' title='bbox 3194 1696 3310 1748; x_wconf 67' lang='lat' dir='ltr'><strong>qua&#39;</strong></span> <span class='ocrx_word' id='word_1_222' title='bbox 3355 1679 3537 1734; x_wconf 73' lang='lat' dir='ltr'><strong>Patris</strong></span> 
     </span>
    </p>
   </div>
   <div class='ocr_carea' id='block_1_33' title="bbox 1953 1771 3539 1840">
    <p class='ocr_par' dir='ltr' id='par_1_33' title="bbox 1953 1771 3539 1840">
     <span class='ocr_line' id='line_1_33' title="bbox 1953 1771 3539 1840; baseline 0.003 -19"><span class='ocrx_word' id='word_1_223' title='bbox 1953 1771 2051 1822; x_wconf 86' lang='lat' dir='ltr'><strong>mei</strong></span> <span class='ocrx_word' id='word_1_224' title='bbox 2097 1780 2239 1833; x_wconf 79' lang='lat' dir='ltr'><strong>sunt,</strong></span> <span class='ocrx_word' id='word_1_225' title='bbox 2275 1786 2392 1822; x_wconf 88' lang='lat' dir='ltr'><strong>mea</strong></span> <span class='ocrx_word' id='word_1_226' title='bbox 2437 1778 2596 1831; x_wconf 83' lang='lat' dir='ltr'><strong>sunt;</strong></span> <span class='ocrx_word' id='word_1_227' title='bbox 2632 1771 2736 1822; x_wconf 87' lang='lat' dir='ltr'><strong>hoc</strong></span> <span class='ocrx_word' id='word_1_228' title='bbox 2784 1779 2887 1832; x_wconf 86' lang='lat' dir='ltr'><strong>est,</strong></span> <span class='ocrx_word' id='word_1_229' title='bbox 2917 1785 3262 1840; x_wconf 66' lang='lat' dir='ltr'><strong>quaecunque</strong></span> <span class='ocrx_word' id='word_1_230' title='bbox 3287 1772 3539 1826; x_wconf 74' lang='lat' dir='ltr'><strong>essentia:</strong></span> 
     </span>
    </p>
   </div>
   <div class='ocr_carea' id='block_1_34' title="bbox 243 1845 1837 1927">
    <p class='ocr_par' dir='ltr' id='par_1_34' title="bbox 243 1853 1837 1926">
     <span class='ocr_line' id='line_1_34' title="bbox 243 1853 1837 1926; baseline 0.004 -22"><span class='ocrx_word' id='word_1_231' title='bbox 243 1853 348 1921; x_wconf 77' lang='grc' dir='ltr'>τῆς</span> <span class='ocrx_word' id='word_1_232' title='bbox 380 1853 474 1906; x_wconf 85' lang='grc' dir='ltr'><strong>τοῦ</strong></span> <span class='ocrx_word' id='word_1_233' title='bbox 506 1855 719 1923; x_wconf 84' lang='grc' dir='ltr'>Πατρὸς</span> <span class='ocrx_word' id='word_1_234' title='bbox 753 1856 941 1918; x_wconf 85' lang='grc' dir='ltr'>οὑσίας</span> <span class='ocrx_word' id='word_1_235' title='bbox 977 1857 1212 1926; x_wconf 78' lang='grc' dir='ltr'>ὑπάρχει</span> <span class='ocrx_word' id='word_1_236' title='bbox 1242 1858 1596 1926; x_wconf 77' lang='grc' dir='ltr'>γνωρίσματα</span> <span class='ocrx_word' id='word_1_237' title='bbox 1618 1899 1630 1922; x_wconf 96' lang='grc'><strong>,</strong></span> <span class='ocrx_word' id='word_1_238' title='bbox 1668 1858 1837 1912; x_wconf 89' lang='grc' dir='ltr'>ταῦτα</span> 
     </span>
    </p>
   </div>
   <div class='ocr_carea' id='block_1_35' title="bbox 1943 1845 3540 1927">
    <p class='ocr_par' dir='ltr' id='par_1_35' title="bbox 1950 1858 3540 1927">
     <span class='ocr_line' id='line_1_35' title="bbox 1950 1858 3540 1927; baseline 0.003 -15"><span class='ocrx_word' id='word_1_239' title='bbox 1950 1858 2129 1912; x_wconf 86' lang='lat' dir='ltr'><strong>Patris</strong></span> <span class='ocrx_word' id='word_1_240' title='bbox 2160 1859 2417 1927; x_wconf 89' lang='lat' dir='ltr'><strong>insignia,</strong></span> <span class='ocrx_word' id='word_1_241' title='bbox 2451 1858 2642 1912; x_wconf 89' lang='lat' dir='ltr'><strong>eadem</strong></span> <span class='ocrx_word' id='word_1_242' title='bbox 2678 1868 2732 1911; x_wconf 91' lang='lat' dir='ltr'><strong>et</strong></span> <span class='ocrx_word' id='word_1_243' title='bbox 2757 1858 2920 1912; x_wconf 69' lang='lat' dir='ltr'><strong>Verbi</strong></span> <span class='ocrx_word' id='word_1_244' title='bbox 2948 1859 3042 1911; x_wconf 91' lang='lat' dir='ltr'><strong>Dei</strong></span> <span class='ocrx_word' id='word_1_245' title='bbox 3077 1872 3226 1924; x_wconf 90' lang='lat' dir='ltr'><strong>sunt,</strong></span> <span class='ocrx_word' id='word_1_246' title='bbox 3257 1862 3422 1915; x_wconf 91' lang='lat' dir='ltr'><strong>etiam</strong></span> <span class='ocrx_word' id='word_1_247' title='bbox 3456 1863 3540 1916; x_wconf 87' lang='lat' dir='ltr'><strong>in-</strong></span> 
     </span>
    </p>
   </div>
   <div class='ocr_carea' id='block_1_36' title="bbox 245 1943 1844 2018">
    <p class='ocr_par' dir='ltr' id='par_1_36' title="bbox 245 1943 1844 2018">
     <span class='ocr_line' id='line_1_36' title="bbox 245 1943 1844 2018; baseline 0.004 -24"><span class='ocrx_word' id='word_1_248' title='bbox 245 1943 345 1994; x_wconf 82' lang='grc' dir='ltr'><strong>τοῦ</strong></span> <span class='ocrx_word' id='word_1_249' title='bbox 388 1944 524 1996; x_wconf 80' lang='grc' dir='ltr'>Θεοῦ</span> <span class='ocrx_word' id='word_1_250' title='bbox 555 1946 766 2011; x_wconf 85' lang='grc' dir='ltr'>Λόγου,</span> <span class='ocrx_word' id='word_1_251' title='bbox 821 1948 914 1998; x_wconf 70' lang='grc' dir='ltr'><strong>καὶ</strong></span> <span class='ocrx_word' id='word_1_252' title='bbox 960 1947 1334 2016; x_wconf 82' lang='grc' dir='ltr'>σαρκωθέντος</span> <span class='ocrx_word' id='word_1_253' title='bbox 1376 1949 1560 2000; x_wconf 75' lang='grc' dir='ltr'>ἐστίν’</span> <span class='ocrx_word' id='word_1_254' title='bbox 1620 1950 1718 2018; x_wconf 82' lang='grc' dir='ltr'><strong>οὐχ</strong></span> <span class='ocrx_word' id='word_1_255' title='bbox 1769 1950 1844 2012; x_wconf 82' lang='grc' dir='ltr'>ὼς</span> 
     </span>
    </p>
   </div>
   <div class='ocr_carea' id='block_1_37' title="bbox 243 2035 1840 2108">
    <p class='ocr_par' dir='ltr' id='par_1_37' title="bbox 243 2035 1840 2108">
     <span class='ocr_line' id='line_1_37' title="bbox 243 2035 1840 2108; baseline 0.005 -24"><span class='ocrx_word' id='word_1_256' title='bbox 243 2035 344 2084; x_wconf 81' lang='grc' dir='ltr'><strong>τοῦ</strong></span> <span class='ocrx_word' id='word_1_257' title='bbox 392 2035 605 2105; x_wconf 79' lang='grc' dir='ltr'>Πατρδς</span> <span class='ocrx_word' id='word_1_258' title='bbox 645 2036 806 2099; x_wconf 76' lang='grc' dir='ltr'>’ὄντος</span> <span class='ocrx_word' id='word_1_259' title='bbox 851 2039 1009 2102; x_wconf 83' lang='grc' dir='ltr'>Υίοῦ,</span> <span class='ocrx_word' id='word_1_260' title='bbox 1061 2038 1092 2108; x_wconf 76' lang='grc' dir='ltr'>ἢ</span> <span class='ocrx_word' id='word_1_261' title='bbox 1132 2038 1227 2090; x_wconf 91' lang='grc' dir='ltr'><strong>τοῦ</strong></span> <span class='ocrx_word' id='word_1_262' title='bbox 1269 2040 1396 2092; x_wconf 80' lang='grc' dir='ltr'>Υἱοῦ</span> <span class='ocrx_word' id='word_1_263' title='bbox 1424 2040 1577 2102; x_wconf 75' lang='grc' dir='ltr'>ὄντος</span> <span class='ocrx_word' id='word_1_264' title='bbox 1607 2039 1840 2107; x_wconf 85' lang='grc' dir='ltr'>Πατρός.</span> 
     </span>
    </p>
   </div>
   <div class='ocr_carea' id='block_1_38' title="bbox 245 2122 1844 2199">
    <p class='ocr_par' dir='ltr' id='par_1_38' title="bbox 245 2122 1844 2199">
     <span class='ocr_line' id='line_1_38' title="bbox 245 2122 1844 2199; baseline 0.007 -27"><span class='ocrx_word' id='word_1_265' title='bbox 245 2122 439 2176; x_wconf 79' lang='grc' dir='ltr'>Ταῦτα</span> <span class='ocrx_word' id='word_1_266' title='bbox 487 2128 592 2194; x_wconf 77' lang='grc' dir='ltr'>γὰρ</span> <span class='ocrx_word' id='word_1_267' title='bbox 645 2126 885 2194; x_wconf 83' lang='grc' dir='ltr'>ὀνόματα</span> <span class='ocrx_word' id='word_1_268' title='bbox 919 2129 1231 2195; x_wconf 80' lang='grc' dir='ltr'>σημαντικά</span> <span class='ocrx_word' id='word_1_269' title='bbox 1277 2130 1374 2198; x_wconf 73' lang='grc' dir='ltr'>τῆς</span> <span class='ocrx_word' id='word_1_270' title='bbox 1411 2129 1548 2199; x_wconf 79' lang='grc' dir='ltr'>πρὸς</span> <span class='ocrx_word' id='word_1_271' title='bbox 1583 2130 1844 2199; x_wconf 81' lang='grc' dir='ltr'>ἀλλήλους</span> 
     </span>
    </p>
   </div>
   <div class='ocr_carea' id='block_1_39' title="bbox 249 2211 1844 2290">
    <p class='ocr_par' dir='ltr' id='par_1_39' title="bbox 249 2211 1844 2290">
     <span class='ocr_line' id='line_1_39' title="bbox 249 2211 1844 2290; baseline 0.007 -29"><span class='ocrx_word' id='word_1_272' title='bbox 249 2211 492 2280; x_wconf 83' lang='grc' dir='ltr'>σχέσεως</span> <span class='ocrx_word' id='word_1_273' title='bbox 527 2213 780 2284; x_wconf 76' lang='grc' dir='ltr'>ὑπάρχει.</span> <span class='ocrx_word' id='word_1_274' title='bbox 846 2217 969 2280; x_wconf 86' lang='grc' dir='ltr'><strong>Πῶς</strong></span> <span class='ocrx_word' id='word_1_275' title='bbox 1001 2217 1093 2269; x_wconf 79' lang='grc' dir='ltr'><strong>οῦν</strong></span> <span class='ocrx_word' id='word_1_276' title='bbox 1143 2219 1215 2289; x_wconf 83' lang='grc' dir='ltr'>μὴ</span> <span class='ocrx_word' id='word_1_277' title='bbox 1252 2219 1496 2285; x_wconf 75' lang='grc' dir='ltr'>εἴπωμεν</span> <span class='ocrx_word' id='word_1_278' title='bbox 1528 2220 1626 2290; x_wconf 77' lang='grc' dir='ltr'><strong>τὴν</strong></span> <span class='ocrx_word' id='word_1_279' title='bbox 1654 2221 1844 2274; x_wconf 80' lang='grc' dir='ltr'>οὐσίαν</span> 
     </span>
    </p>
   </div>
   <div class='ocr_carea' id='block_1_40' title="bbox 247 2295 1843 2377">
    <p class='ocr_par' dir='ltr' id='par_1_40' title="bbox 247 2295 1843 2377">
     <span class='ocr_line' id='line_1_40' title="bbox 247 2295 1843 2377; baseline 0.006 -26"><span class='ocrx_word' id='word_1_280' title='bbox 247 2302 351 2369; x_wconf 80' lang='grc' dir='ltr'>τῆς</span> <span class='ocrx_word' id='word_1_281' title='bbox 385 2301 638 2372; x_wconf 79' lang='grc' dir='ltr'>θεότητος</span> <span class='ocrx_word' id='word_1_282' title='bbox 674 2305 978 2369; x_wconf 55' lang='lat' dir='ltr'><strong>summa);</strong></span> <span class='ocrx_word' id='word_1_283' title='bbox 1010 2309 1068 2359; x_wconf 87' lang='grc' dir='ltr'>ὲν</span> <span class='ocrx_word' id='word_1_284' title='bbox 1100 2295 1178 2377; x_wconf 72' lang='grc' dir='ltr'>τῷ</span> <span class='ocrx_word' id='word_1_285' title='bbox 1222 2308 1442 2377; x_wconf 85' lang='grc' dir='ltr'>Χριστῷ</span> <span class='ocrx_word' id='word_1_286' title='bbox 1473 2305 1608 2362; x_wconf 70' lang='grc' dir='ltr'>εἶναι</span> <span class='ocrx_word' id='word_1_287' title='bbox 1630 2351 1643 2372; x_wconf 94' lang='grc'><strong>,</strong></span> <span class='ocrx_word' id='word_1_288' title='bbox 1682 2310 1843 2362; x_wconf 83' lang='grc' dir='ltr'>ὁπότε</span> 
     </span>
    </p>
   </div>
   <div class='ocr_carea' id='block_1_41' title="bbox 247 2391 1846 2466">
    <p class='ocr_par' dir='ltr' id='par_1_41' title="bbox 247 2391 1846 2466">
     <span class='ocr_line' id='line_1_41' title="bbox 247 2391 1846 2466; baseline 0.006 -23"><span class='ocrx_word' id='word_1_289' title='bbox 247 2391 456 2444; x_wconf 79' lang='grc' dir='ltr'>τέλειον</span> <span class='ocrx_word' id='word_1_290' title='bbox 485 2394 616 2446; x_wconf 68' lang='grc' dir='ltr'>Θεὸν</span> <span class='ocrx_word' id='word_1_291' title='bbox 644 2395 804 2447; x_wconf 77' lang='grc' dir='ltr'>αὐτόν</span> <span class='ocrx_word' id='word_1_292' title='bbox 830 2393 969 2448; x_wconf 77' lang='grc' dir='ltr'>εἷναί</span> <span class='ocrx_word' id='word_1_293' title='bbox 998 2413 1214 2466; x_wconf 72' lang='grc' dir='ltr'>φαμεν;</span> <span class='ocrx_word' id='word_1_294' title='bbox 1251 2398 1372 2460; x_wconf 89' lang='grc' dir='ltr'><strong>Πῶς</strong></span> <span class='ocrx_word' id='word_1_295' title='bbox 1401 2399 1474 2461; x_wconf 78' lang='grc' dir='ltr'>δὲ,</span> <span class='ocrx_word' id='word_1_296' title='bbox 1510 2399 1601 2452; x_wconf 76' lang='grc' dir='ltr'>καὶ</span> <span class='ocrx_word' id='word_1_297' title='bbox 1629 2403 1739 2462; x_wconf 88' lang='grc' dir='ltr'>τοῖς</span> <span class='ocrx_word' id='word_1_298' title='bbox 1759 2401 1846 2452; x_wconf 86' lang='grc' dir='ltr'>τέ-</span> 
     </span>
    </p>
   </div>
   <div class='ocr_carea' id='block_1_42' title="bbox 249 2482 1842 2561">
    <p class='ocr_par' dir='ltr' id='par_1_42' title="bbox 249 2482 1842 2561">
     <span class='ocr_line' id='line_1_42' title="bbox 249 2482 1842 2561; baseline 0.007 -29"><span class='ocrx_word' id='word_1_299' title='bbox 249 2482 396 2535; x_wconf 79' lang='grc' dir='ltr'>λειον</span> <span class='ocrx_word' id='word_1_300' title='bbox 413 2484 574 2535; x_wconf 70' lang='grc' dir='ltr'>αὑτὸν</span> <span class='ocrx_word' id='word_1_301' title='bbox 594 2485 878 2556; x_wconf 76' lang='grc' dir='ltr'>ἄνθρωπον</span> <span class='ocrx_word' id='word_1_302' title='bbox 890 2487 1266 2557; x_wconf 77' lang='grc' dir='ltr'>ὁμολογοῦσιν,</span> <span class='ocrx_word' id='word_1_303' title='bbox 1286 2491 1342 2541; x_wconf 83' lang='grc' dir='ltr'><strong>οὑ</strong></span> <span class='ocrx_word' id='word_1_304' title='bbox 1365 2491 1545 2542; x_wconf 82' lang='grc' dir='ltr'>πᾶσαν</span> <span class='ocrx_word' id='word_1_305' title='bbox 1561 2489 1658 2543; x_wconf 84' lang='grc' dir='ltr'>ἀνο</span> <span class='ocrx_word' id='word_1_306' title='bbox 1668 2491 1842 2561; x_wconf 84' lang='grc' dir='ltr'>ρωπό-</span> 
     </span>
    </p>
   </div>
   <div class='ocr_carea' id='block_1_43' title="bbox 249 2571 1841 2650">
    <p class='ocr_par' dir='ltr' id='par_1_43' title="bbox 249 2571 1841 2650">
     <span class='ocr_line' id='line_1_43' title="bbox 249 2571 1841 2650; baseline 0.008 -31"><span class='ocrx_word' id='word_1_307' title='bbox 249 2585 417 2636; x_wconf 64' lang='lat' dir='ltr'><strong>tnta;</strong></span> <span class='ocrx_word' id='word_1_308' title='bbox 451 2571 640 2625; x_wconf 82' lang='grc' dir='ltr'>οὐσίαν</span> <span class='ocrx_word' id='word_1_309' title='bbox 683 2574 1013 2644; x_wconf 76' lang='grc' dir='ltr'>ἐνυπάρχειν</span> <span class='ocrx_word' id='word_1_310' title='bbox 1045 2577 1196 2647; x_wconf 85' lang='grc' dir='ltr'><strong>αὑτῴ</strong></span> <span class='ocrx_word' id='word_1_311' title='bbox 1255 2581 1841 2650; x_wconf 73' lang='grc' dir='ltr'>προσομολογήσομενς</span> 
     </span>
    </p>
   </div>
   <div class='ocr_carea' id='block_1_44' title="bbox 251 2649 1841 2740">
    <p class='ocr_par' dir='ltr' id='par_1_44' title="bbox 251 2649 1841 2740">
     <span class='ocr_line' id='line_1_44' title="bbox 251 2649 1841 2740; baseline -0.003 -13"><span class='ocrx_word' id='word_1_312' title='bbox 251 2662 332 2712; x_wconf 65' lang='grc' dir='ltr'><strong>Οὐ</strong></span> <span class='ocrx_word' id='word_1_313' title='bbox 365 2663 473 2732; x_wconf 69' lang='grc' dir='ltr'><strong>γὰρ</strong></span> <span class='ocrx_word' id='word_1_314' title='bbox 507 2649 673 2733; x_wconf 69' lang='grc' dir='ltr'>ιὶέρος</span> <span class='ocrx_word' id='word_1_315' title='bbox 705 2667 873 2735; x_wconf 65' lang='grc' dir='ltr'>αὐτῆς</span> <span class='ocrx_word' id='word_1_316' title='bbox 914 2670 1315 2739; x_wconf 70' lang='grc' dir='ltr'>προσείληῳεν,</span> <span class='ocrx_word' id='word_1_317' title='bbox 1369 2670 1442 2732; x_wconf 82' lang='grc' dir='ltr'>ὡς</span> <span class='ocrx_word' id='word_1_318' title='bbox 1465 2671 1841 2740; x_wconf 78' lang='grc' dir='ltr'>Ἀπολινάριός</span> 
     </span>
    </p>
   </div>
   <div class='ocr_carea' id='block_1_45' title="bbox 252 2754 1842 2830">
    <p class='ocr_par' dir='ltr' id='par_1_45' title="bbox 252 2754 1842 2830">
     <span class='ocr_line' id='line_1_45' title="bbox 252 2754 1842 2830; baseline 0.008 -29"><span class='ocrx_word' id='word_1_319' title='bbox 252 2767 390 2818; x_wconf 82' lang='grc' dir='ltr'>φησι</span> <span class='ocrx_word' id='word_1_320' title='bbox 411 2792 425 2816; x_wconf 95' lang='grc'><strong>,</strong></span> <span class='ocrx_word' id='word_1_321' title='bbox 479 2755 655 2822; x_wconf 83' lang='grc' dir='ltr'>σάρκα</span> <span class='ocrx_word' id='word_1_322' title='bbox 700 2754 820 2824; x_wconf 86' lang='grc' dir='ltr'>δίχα</span> <span class='ocrx_word' id='word_1_323' title='bbox 851 2756 1076 2826; x_wconf 82' lang='grc' dir='ltr'>λογικῆς</span> <span class='ocrx_word' id='word_1_324' title='bbox 1105 2759 1286 2828; x_wconf 77' lang='grc' dir='ltr'>ψυχῆς</span> <span class='ocrx_word' id='word_1_325' title='bbox 1310 2797 1324 2821; x_wconf 95' lang='grc'><strong>,</strong></span> <span class='ocrx_word' id='word_1_326' title='bbox 1361 2760 1498 2812; x_wconf 87' lang='grc' dir='ltr'><strong>ἀλλά</strong></span> <span class='ocrx_word' id='word_1_327' title='bbox 1531 2761 1713 2813; x_wconf 77' lang='grc' dir='ltr'>πᾶσαν</span> <span class='ocrx_word' id='word_1_328' title='bbox 1743 2761 1842 2830; x_wconf 75' lang='grc' dir='ltr'>τὴν</span> 
     </span>
    </p>
   </div>
   <div class='ocr_carea' id='block_1_46' title="bbox 232 2843 1842 2920">
    <p class='ocr_par' dir='ltr' id='par_1_46' title="bbox 232 2843 1842 2920">
     <span class='ocr_line' id='line_1_46' title="bbox 232 2843 1842 2920; baseline 0.005 -25"><span class='ocrx_word' id='word_1_329' title='bbox 232 2843 465 2904; x_wconf 77' lang='grc' dir='ltr'>-οὑσίαν,</span> <span class='ocrx_word' id='word_1_330' title='bbox 493 2845 521 2896; x_wconf 84' lang='grc' dir='ltr'><strong>ὅ</strong></span> <span class='ocrx_word' id='word_1_331' title='bbox 551 2847 666 2896; x_wconf 81' lang='grc' dir='ltr'>ἐστι</span> <span class='ocrx_word' id='word_1_332' title='bbox 699 2845 834 2915; x_wconf 78' lang='grc' dir='ltr'>σὰρξ</span> <span class='ocrx_word' id='word_1_333' title='bbox 860 2847 1231 2920; x_wconf 80' lang='grc' dir='ltr'>ὲμψυχωμένη</span> <span class='ocrx_word' id='word_1_334' title='bbox 1265 2849 1410 2919; x_wconf 67' lang='grc' dir='ltr'>ψυχῇ</span> <span class='ocrx_word' id='word_1_335' title='bbox 1439 2851 1628 2920; x_wconf 78' lang='grc' dir='ltr'>λογικῇ</span> <span class='ocrx_word' id='word_1_336' title='bbox 1657 2869 1716 2902; x_wconf 90' lang='grc' dir='ltr'><strong>τε</strong></span> <span class='ocrx_word' id='word_1_337' title='bbox 1749 2852 1842 2904; x_wconf 76' lang='grc' dir='ltr'>καὶ</span> 
     </span>
    </p>
   </div>
   <div class='ocr_carea' id='block_1_47' title="bbox 249 2935 442 3005">
    <p class='ocr_par' dir='ltr' id='par_1_47' title="bbox 249 2935 442 3005">
     <span class='ocr_line' id='line_1_47' title="bbox 249 2935 442 3005; baseline 0.01 -20"><span class='ocrx_word' id='word_1_338' title='bbox 249 2949 338 2985; x_wconf 73' lang='lat' dir='ltr'><strong>vos</strong></span> <span class='ocrx_word' id='word_1_339' title='bbox 351 2935 442 3005; x_wconf 78' lang='grc' dir='ltr'><strong>ρᾷ.</strong></span> 
     </span>
    </p>
   </div>
   <div class='ocr_carea' id='block_1_48' title="bbox 327 3028 1842 3103">
    <p class='ocr_par' dir='ltr' id='par_1_48' title="bbox 327 3028 1842 3103">
     <span class='ocr_line' id='line_1_48' title="bbox 327 3028 1842 3103; baseline 0.003 -23"><span class='ocrx_word' id='word_1_340' title='bbox 327 3028 473 3097; x_wconf 72' lang='grc' dir='ltr'>Αὕτη</span> <span class='ocrx_word' id='word_1_341' title='bbox 508 3029 615 3099; x_wconf 77' lang='grc' dir='ltr'>γὰρ</span> <span class='ocrx_word' id='word_1_342' title='bbox 650 3031 842 3093; x_wconf 83' lang='grc' dir='ltr'>κοινῶς</span> <span class='ocrx_word' id='word_1_343' title='bbox 881 3032 939 3084; x_wconf 82' lang='grc' dir='ltr'>ὲν</span> <span class='ocrx_word' id='word_1_344' title='bbox 967 3034 1079 3096; x_wconf 80' lang='grc' dir='ltr'>τοῖς</span> <span class='ocrx_word' id='word_1_345' title='bbox 1113 3033 1236 3085; x_wconf 82' lang='grc' dir='ltr'>καθ’</span> <span class='ocrx_word' id='word_1_346' title='bbox 1270 3035 1498 3086; x_wconf 74' lang='grc' dir='ltr'>ἕκαστον</span> <span class='ocrx_word' id='word_1_347' title='bbox 1529 3033 1842 3103; x_wconf 81' lang='grc' dir='ltr'>ἀνθρώποις</span> 
     </span>
    </p>
   </div>
   <div class='ocr_carea' id='block_1_49' title="bbox 1950 1949 3535 2014">
    <p class='ocr_par' dir='ltr' id='par_1_49' title="bbox 1950 1949 3535 2014">
     <span class='ocr_line' id='line_1_49' title="bbox 1950 1949 3535 2014; baseline 0.003 -12"><span class='ocrx_word' id='word_1_348' title='bbox 1950 1949 2200 2012; x_wconf 83' lang='lat' dir='ltr'><strong>carnali;</strong></span> <span class='ocrx_word' id='word_1_349' title='bbox 2245 1966 2356 2002; x_wconf 90' lang='lat' dir='ltr'><strong>non</strong></span> <span class='ocrx_word' id='word_1_350' title='bbox 2394 1959 2453 2003; x_wconf 90' lang='lat' dir='ltr'><strong>ut</strong></span> <span class='ocrx_word' id='word_1_351' title='bbox 2483 1951 2645 2004; x_wconf 84' lang='lat' dir='ltr'><strong>Pater</strong></span> <span class='ocrx_word' id='word_1_352' title='bbox 2677 1949 2848 2003; x_wconf 85' lang='lat' dir='ltr'><strong>Filius</strong></span> <span class='ocrx_word' id='word_1_353' title='bbox 2878 1950 2978 2014; x_wconf 86' lang='lat' dir='ltr'><strong>sit,</strong></span> <span class='ocrx_word' id='word_1_354' title='bbox 3017 1960 3110 2004; x_wconf 89' lang='lat' dir='ltr'><strong>aut</strong></span> <span class='ocrx_word' id='word_1_355' title='bbox 3146 1951 3318 2005; x_wconf 83' lang='lat' dir='ltr'><strong>Filius</strong></span> <span class='ocrx_word' id='word_1_356' title='bbox 3350 1953 3535 2007; x_wconf 85' lang='lat' dir='ltr'><strong>Pater.</strong></span> 
     </span>
    </p>
   </div>
   <div class='ocr_carea' id='block_1_50' title="bbox 1949 2037 3538 2110">
    <p class='ocr_par' dir='ltr' id='par_1_50' title="bbox 1949 2037 3538 2110">
     <span class='ocr_line' id='line_1_50' title="bbox 1949 2037 3538 2110; baseline 0.001 -19"><span class='ocrx_word' id='word_1_357' title='bbox 1949 2038 2073 2092; x_wconf 55' lang='lat' dir='ltr'><strong>Hac</strong></span> <span class='ocrx_word' id='word_1_358' title='bbox 2102 2054 2340 2106; x_wconf 86' lang='lat' dir='ltr'><strong>namque</strong></span> <span class='ocrx_word' id='word_1_359' title='bbox 2372 2037 2594 2090; x_wconf 84' lang='lat' dir='ltr'><strong>nomina</strong></span> <span class='ocrx_word' id='word_1_360' title='bbox 2626 2037 2952 2110; x_wconf 86' lang='lat' dir='ltr'><strong>relationem</strong></span> <span class='ocrx_word' id='word_1_361' title='bbox 2990 2037 3340 2109; x_wconf 69' lang='lat' dir='ltr'><strong>solummodo</strong></span> <span class='ocrx_word' id='word_1_362' title='bbox 3368 2039 3538 2109; x_wconf 85' lang='lat' dir='ltr'><strong>signi-</strong></span> 
     </span>
    </p>
   </div>
   <div class='ocr_carea' id='block_1_51' title="bbox 1947 2129 3536 2197">
    <p class='ocr_par' dir='ltr' id='par_1_51' title="bbox 1947 2129 3536 2197">
     <span class='ocr_line' id='line_1_51' title="bbox 1947 2129 3536 2197; baseline 0.001 -16"><span class='ocrx_word' id='word_1_363' title='bbox 1947 2129 2136 2183; x_wconf 76' lang='lat' dir='ltr'><strong>ficant.</strong></span> <span class='ocrx_word' id='word_1_364' title='bbox 2190 2129 2370 2182; x_wconf 87' lang='lat' dir='ltr'><strong>Eccur</strong></span> <span class='ocrx_word' id='word_1_365' title='bbox 2402 2145 2531 2197; x_wconf 90' lang='lat' dir='ltr'><strong>ergo</strong></span> <span class='ocrx_word' id='word_1_366' title='bbox 2579 2145 2688 2181; x_wconf 93' lang='lat' dir='ltr'><strong>non</strong></span> <span class='ocrx_word' id='word_1_367' title='bbox 2723 2129 2974 2182; x_wconf 83' lang='lat' dir='ltr'><strong>dicamus</strong></span> <span class='ocrx_word' id='word_1_368' title='bbox 3006 2130 3315 2183; x_wconf 81' lang='lat' dir='ltr'><strong>divinitatis</strong></span> <span class='ocrx_word' id='word_1_369' title='bbox 3344 2145 3536 2183; x_wconf 77' lang='lat' dir='ltr'><strong>essen~</strong></span> 
     </span>
    </p>
   </div>
   <div class='ocr_carea' id='block_1_52' title="bbox 1949 2223 3534 2293">
    <p class='ocr_par' dir='ltr' id='par_1_52' title="bbox 1949 2223 3534 2293">
     <span class='ocr_line' id='line_1_52' title="bbox 1949 2223 3534 2293; baseline -0.001 -15"><span class='ocrx_word' id='word_1_370' title='bbox 1949 2226 2103 2288; x_wconf 85' lang='lat' dir='ltr'><strong>tiam,</strong></span> <span class='ocrx_word' id='word_1_371' title='bbox 2148 2225 2357 2293; x_wconf 87' lang='lat' dir='ltr'><strong>absque</strong></span> <span class='ocrx_word' id='word_1_372' title='bbox 2399 2225 2510 2276; x_wconf 92' lang='lat' dir='ltr'><strong>ullo</strong></span> <span class='ocrx_word' id='word_1_373' title='bbox 2545 2223 2788 2286; x_wconf 89' lang='lat' dir='ltr'><strong>defectu,</strong></span> <span class='ocrx_word' id='word_1_374' title='bbox 2825 2223 3090 2292; x_wconf 87' lang='lat' dir='ltr'><strong>integram</strong></span> <span class='ocrx_word' id='word_1_375' title='bbox 3122 2238 3240 2276; x_wconf 89' lang='lat' dir='ltr'><strong>esse</strong></span> <span class='ocrx_word' id='word_1_376' title='bbox 3277 2223 3334 2276; x_wconf 85' lang='lat' dir='ltr'><strong>in</strong></span> <span class='ocrx_word' id='word_1_377' title='bbox 3361 2223 3534 2288; x_wconf 86' lang='lat' dir='ltr'><strong>Filio;</strong></span> 
     </span>
    </p>
   </div>
   <div class='ocr_carea' id='block_1_53' title="bbox 1946 2312 3534 2386">
    <p class='ocr_par' dir='ltr' id='par_1_53' title="bbox 1946 2312 3534 2386">
     <span class='ocr_line' id='line_1_53' title="bbox 1946 2312 3534 2386; baseline -0.001 -19"><span class='ocrx_word' id='word_1_378' title='bbox 1946 2315 2395 2384; x_wconf 83' lang='lat' dir='ltr'><strong>quandoquidem</strong></span> <span class='ocrx_word' id='word_1_379' title='bbox 2453 2314 2633 2386; x_wconf 88' lang='lat' dir='ltr'><strong>ipsum</strong></span> <span class='ocrx_word' id='word_1_380' title='bbox 2681 2329 2801 2367; x_wconf 89' lang='lat' dir='ltr'><strong>csse</strong></span> <span class='ocrx_word' id='word_1_381' title='bbox 2838 2312 3143 2382; x_wconf 86' lang='lat' dir='ltr'><strong>perfectum</strong></span> <span class='ocrx_word' id='word_1_382' title='bbox 3182 2314 3353 2366; x_wconf 88' lang='lat' dir='ltr'><strong>Deum</strong></span> <span class='ocrx_word' id='word_1_383' title='bbox 3403 2329 3534 2382; x_wconf 90' lang='lat' dir='ltr'><strong>pro-</strong></span> 
     </span>
    </p>
   </div>
   <div class='ocr_carea' id='block_1_54' title="bbox 1947 2403 3538 2472">
    <p class='ocr_par' dir='ltr' id='par_1_54' title="bbox 1947 2403 3538 2472">
     <span class='ocr_line' id='line_1_54' title="bbox 1947 2403 3538 2472; baseline -0.001 -13"><span class='ocrx_word' id='word_1_384' title='bbox 1947 2406 2311 2459; x_wconf 82' lang='lat' dir='ltr'><strong>nuntiamus?</strong></span> <span class='ocrx_word' id='word_1_385' title='bbox 2365 2404 2464 2469; x_wconf 89' lang='lat' dir='ltr'><strong>Qui</strong></span> <span class='ocrx_word' id='word_1_386' title='bbox 2519 2419 2652 2458; x_wconf 75' lang='lat' dir='ltr'><strong>vero</strong></span> <span class='ocrx_word' id='word_1_387' title='bbox 2694 2420 2817 2456; x_wconf 88' lang='lat' dir='ltr'><strong>cum</strong></span> <span class='ocrx_word' id='word_1_388' title='bbox 2852 2403 2935 2456; x_wconf 88' lang='lat' dir='ltr'><strong>his</strong></span> <span class='ocrx_word' id='word_1_389' title='bbox 2974 2405 3065 2471; x_wconf 90' lang='lat' dir='ltr'><strong>qui</strong></span> <span class='ocrx_word' id='word_1_390' title='bbox 3101 2403 3401 2472; x_wconf 85' lang='lat' dir='ltr'><strong>perfectum</strong></span> <span class='ocrx_word' id='word_1_391' title='bbox 3437 2404 3538 2458; x_wconf 81' lang='lat' dir='ltr'><strong>bo-</strong></span> 
     </span>
    </p>
   </div>
   <div class='ocr_carea' id='block_1_55' title="bbox 1945 2496 3535 2564">
    <p class='ocr_par' dir='ltr' id='par_1_55' title="bbox 1945 2496 3535 2564">
     <span class='ocr_line' id='line_1_55' title="bbox 1945 2496 3535 2564; baseline -0.001 -14"><span class='ocrx_word' id='word_1_392' title='bbox 1945 2498 2154 2550; x_wconf 90' lang='lat' dir='ltr'><strong>minem</strong></span> <span class='ocrx_word' id='word_1_393' title='bbox 2207 2499 2358 2550; x_wconf 84' lang='lat' dir='ltr'><strong>illum</strong></span> <span class='ocrx_word' id='word_1_394' title='bbox 2394 2511 2515 2549; x_wconf 84' lang='lat' dir='ltr'><strong>esse</strong></span> <span class='ocrx_word' id='word_1_395' title='bbox 2554 2499 2830 2559; x_wconf 88' lang='lat' dir='ltr'><strong>fatentur,</strong></span> <span class='ocrx_word' id='word_1_396' title='bbox 2870 2504 3038 2548; x_wconf 80' lang='lat' dir='ltr'><strong>totam</strong></span> <span class='ocrx_word' id='word_1_397' title='bbox 3077 2511 3297 2564; x_wconf 89' lang='lat' dir='ltr'><strong>quoque</strong></span> <span class='ocrx_word' id='word_1_398' title='bbox 3336 2496 3535 2549; x_wconf 89' lang='lat' dir='ltr'><strong>huma-</strong></span> 
     </span>
    </p>
   </div>
   <div class='ocr_carea' id='block_1_56' title="bbox 1949 2586 3539 2641">
    <p class='ocr_par' dir='ltr' id='par_1_56' title="bbox 1949 2586 3539 2641">
     <span class='ocr_line' id='line_1_56' title="bbox 1949 2586 3539 2641; baseline -0.001 -1"><span class='ocrx_word' id='word_1_399' title='bbox 1949 2588 2140 2641; x_wconf 89' lang='lat' dir='ltr'><strong>nitatis</strong></span> <span class='ocrx_word' id='word_1_400' title='bbox 2188 2587 2554 2641; x_wconf 85' lang='lat' dir='ltr'><strong>substantiam</strong></span> <span class='ocrx_word' id='word_1_401' title='bbox 2609 2587 2662 2639; x_wconf 93' lang='lat' dir='ltr'><strong>in</strong></span> <span class='ocrx_word' id='word_1_402' title='bbox 2709 2602 2776 2638; x_wconf 91' lang='lat' dir='ltr'><strong>eo</strong></span> <span class='ocrx_word' id='word_1_403' title='bbox 2815 2601 2935 2639; x_wconf 83' lang='lat' dir='ltr'><strong>esse</strong></span> <span class='ocrx_word' id='word_1_404' title='bbox 2985 2601 3095 2638; x_wconf 90' lang='lat' dir='ltr'><strong>non</strong></span> <span class='ocrx_word' id='word_1_405' title='bbox 3131 2586 3539 2639; x_wconf 77' lang='lat' dir='ltr'><strong>contiteamur?</strong></span> 
     </span>
    </p>
   </div>
   <div class='ocr_carea' id='block_1_57' title="bbox 1945 2675 3538 2748">
    <p class='ocr_par' dir='ltr' id='par_1_57' title="bbox 1945 2675 3538 2748">
     <span class='ocr_line' id='line_1_57' title="bbox 1945 2675 3538 2748; baseline -0.003 -14"><span class='ocrx_word' id='word_1_406' title='bbox 1945 2681 2066 2734; x_wconf 89' lang='lat' dir='ltr'><strong>Non</strong></span> <span class='ocrx_word' id='word_1_407' title='bbox 2109 2680 2254 2734; x_wconf 88' lang='lat' dir='ltr'><strong>enim</strong></span> <span class='ocrx_word' id='word_1_408' title='bbox 2304 2689 2514 2748; x_wconf 88' lang='lat' dir='ltr'><strong>partem</strong></span> <span class='ocrx_word' id='word_1_409' title='bbox 2556 2677 2825 2730; x_wconf 76' lang='lat' dir='ltr'><strong>duntaxat</strong></span> <span class='ocrx_word' id='word_1_410' title='bbox 2857 2677 2978 2745; x_wconf 87' lang='lat' dir='ltr'><strong>ejus</strong></span> <span class='ocrx_word' id='word_1_411' title='bbox 3009 2676 3247 2744; x_wconf 87' lang='lat' dir='ltr'><strong>accepit,</strong></span> <span class='ocrx_word' id='word_1_412' title='bbox 3287 2684 3346 2728; x_wconf 90' lang='lat' dir='ltr'><strong>ut</strong></span> <span class='ocrx_word' id='word_1_413' title='bbox 3375 2675 3538 2730; x_wconf 88' lang='lat' dir='ltr'><strong>docet</strong></span> 
     </span>
    </p>
   </div>
   <div class='ocr_carea' id='block_1_58' title="bbox 1947 2767 3535 2842">
    <p class='ocr_par' dir='ltr' id='par_1_58' title="bbox 1947 2767 3535 2842">
     <span class='ocr_line' id='line_1_58' title="bbox 1947 2767 3535 2842; baseline -0.006 -14"><span class='ocrx_word' id='word_1_414' title='bbox 1947 2772 2343 2842; x_wconf 79' lang='lat' dir='ltr'><strong>Apollinarius,</strong></span> <span class='ocrx_word' id='word_1_415' title='bbox 2366 2771 2457 2824; x_wconf 90' lang='lat' dir='ltr'><strong>sed</strong></span> <span class='ocrx_word' id='word_1_416' title='bbox 2487 2770 2850 2823; x_wconf 89' lang='lat' dir='ltr'><strong>substantiam</strong></span> <span class='ocrx_word' id='word_1_417' title='bbox 2877 2768 3143 2836; x_wconf 74' lang='lat' dir='ltr'><strong>integram</strong></span> <span class='ocrx_word' id='word_1_418' title='bbox 3176 2767 3289 2820; x_wconf 82' lang='lat' dir='ltr'><strong>sive</strong></span> <span class='ocrx_word' id='word_1_419' title='bbox 3312 2781 3535 2820; x_wconf 82' lang='lat' dir='ltr'><strong>carnem</strong></span> 
     </span>
    </p>
   </div>
   <div class='ocr_carea' id='block_1_59' title="bbox 1947 2860 3229 2929">
    <p class='ocr_par' dir='ltr' id='par_1_59' title="bbox 1947 2860 3229 2929">
     <span class='ocr_line' id='line_1_59' title="bbox 1947 2860 3229 2929; baseline -0.005 -11"><span class='ocrx_word' id='word_1_420' title='bbox 1947 2866 2129 2918; x_wconf 86' lang='lat' dir='ltr'><strong>anima</strong></span> <span class='ocrx_word' id='word_1_421' title='bbox 2160 2863 2415 2916; x_wconf 83' lang='lat' dir='ltr'><strong>rationali</strong></span> <span class='ocrx_word' id='word_1_422' title='bbox 2450 2870 2506 2915; x_wconf 90' lang='lat' dir='ltr'><strong>et</strong></span> <span class='ocrx_word' id='word_1_423' title='bbox 2535 2860 2880 2929; x_wconf 87' lang='lat' dir='ltr'><strong>intelligente</strong></span> <span class='ocrx_word' id='word_1_424' title='bbox 2909 2861 3229 2913; x_wconf 87' lang='lat' dir='ltr'><strong>animatam.</strong></span> 
     </span>
    </p>
   </div>
   <div class='ocr_carea' id='block_1_60' title="bbox 2019 3031 3536 3103">
    <p class='ocr_par' dir='ltr' id='par_1_60' title="bbox 2019 3031 3536 3103">
     <span class='ocr_line' id='line_1_60' title="bbox 2019 3031 3536 3103; baseline -0.001 -14"><span class='ocrx_word' id='word_1_425' title='bbox 2019 3037 2143 3090; x_wconf 69' lang='lat' dir='ltr'><strong>llazc</strong></span> <span class='ocrx_word' id='word_1_426' title='bbox 2193 3035 2338 3088; x_wconf 91' lang='lat' dir='ltr'><strong>enim</strong></span> <span class='ocrx_word' id='word_1_427' title='bbox 2392 3035 2764 3088; x_wconf 83' lang='lat' dir='ltr'><strong>communiter</strong></span> <span class='ocrx_word' id='word_1_428' title='bbox 2819 3033 2874 3087; x_wconf 90' lang='lat' dir='ltr'><strong>in</strong></span> <span class='ocrx_word' id='word_1_429' title='bbox 2928 3033 3160 3103; x_wconf 84' lang='lat' dir='ltr'><strong>singulis</strong></span> <span class='ocrx_word' id='word_1_430' title='bbox 3211 3031 3536 3088; x_wconf 81' lang='lat' dir='ltr'><strong>hominibus</strong></span> 
     </span>
    </p>
   </div>
   <div class='ocr_carea' id='block_1_61' title="bbox 247 3118 1837 3229">
    <p class='ocr_par' dir='ltr' id='par_1_61' title="bbox 247 3118 1837 3191">
     <span class='ocr_line' id='line_1_61' title="bbox 247 3118 1837 3191; baseline 0.004 -21"><span class='ocrx_word' id='word_1_431' title='bbox 247 3118 472 3180; x_wconf 82' lang='grc' dir='ltr'>τελείως</span> <span class='ocrx_word' id='word_1_432' title='bbox 525 3120 909 3190; x_wconf 77' lang='grc' dir='ltr'>ἐνυπάρχουσα</span> <span class='ocrx_word' id='word_1_433' title='bbox 930 3162 944 3186; x_wconf 94' lang='grc'><strong>,</strong></span> <span class='ocrx_word' id='word_1_434' title='bbox 999 3123 1182 3176; x_wconf 82' lang='grc' dir='ltr'>οὐσία</span> <span class='ocrx_word' id='word_1_435' title='bbox 1218 3125 1458 3189; x_wconf 74' lang='grc' dir='ltr'>εἰκότως</span> <span class='ocrx_word' id='word_1_436' title='bbox 1491 3123 1568 3176; x_wconf 82' lang='grc' dir='ltr'><strong>ἂν</strong></span> <span class='ocrx_word' id='word_1_437' title='bbox 1589 3125 1803 3191; x_wconf 71' lang='grc' dir='ltr'>ῥηθείη</span> <span class='ocrx_word' id='word_1_438' title='bbox 1825 3141 1837 3153; x_wconf 92' lang='grc'><strong>·</strong></span> 
     </span>
    </p>
   </div>
   <div class='ocr_carea' id='block_1_62' title="bbox 1943 3118 3532 3229">
    <p class='ocr_par' dir='ltr' id='par_1_62' title="bbox 1946 3120 3532 3229">
     <span class='ocr_line' id='line_1_62' title="bbox 1946 3120 3532 3196; baseline -0.003 -19"><span class='ocrx_word' id='word_1_439' title='bbox 1946 3125 2188 3196; x_wconf 80' lang='lat' dir='ltr'><strong>perfecte</strong></span> <span class='ocrx_word' id='word_1_440' title='bbox 2218 3123 2510 3185; x_wconf 80' lang='lat' dir='ltr'><strong>exsistens,</strong></span> <span class='ocrx_word' id='word_1_441' title='bbox 2544 3121 2700 3172; x_wconf 79' lang='grc' dir='ltr'>οῦσία</span> <span class='ocrx_word' id='word_1_442' title='bbox 2733 3121 2954 3184; x_wconf 73' lang='grc' dir='ltr'>εἰκότως</span> <span class='ocrx_word' id='word_1_443' title='bbox 2987 3121 3053 3174; x_wconf 84' lang='grc' dir='ltr'><strong>ἂν</strong></span> <span class='ocrx_word' id='word_1_444' title='bbox 3084 3121 3295 3192; x_wconf 74' lang='grc' dir='ltr'>ῥηθείη,</span> <span class='ocrx_word' id='word_1_445' title='bbox 3339 3120 3392 3174; x_wconf 91' lang='lat' dir='ltr'><strong>id</strong></span> <span class='ocrx_word' id='word_1_446' title='bbox 3425 3130 3532 3182; x_wconf 88' lang='lat' dir='ltr'><strong>est,</strong></span> 
     </span>
     <span class='ocr_line' id='line_1_63' title="bbox 1949 3207 3510 3229; baseline 0 0"><span class='ocrx_word' id='word_1_447' title='bbox 1949 3228 1954 3229; x_wconf 61' lang='lat'><strong><em>,</em></strong></span> <span class='ocrx_word' id='word_1_448' title='bbox 1987 3227 1994 3229; x_wconf 31' lang='grc' dir='ltr'><strong>ι</strong></span> <span class='ocrx_word' id='word_1_449' title='bbox 2019 3220 2088 3229; x_wconf 74' lang='grc'><strong>-.-</strong></span> <span class='ocrx_word' id='word_1_450' title='bbox 2147 3217 2220 3229; x_wconf 67' lang='grc' dir='ltr'><strong>--ι</strong></span> <span class='ocrx_word' id='word_1_451' title='bbox 2273 3209 2570 3229; x_wconf 62' lang='lat' dir='ltr'><strong>---L-n-_.f-</strong></span> <span class='ocrx_word' id='word_1_452' title='bbox 2648 3207 2857 3229; x_wconf 53' lang='grc' dir='ltr'>(ηιμ-.--ιε</span> <span class='ocrx_word' id='word_1_453' title='bbox 2903 3208 3041 3229; x_wconf 53' lang='grc' dir='ltr'><strong>Α-ε...</strong></span> <span class='ocrx_word' id='word_1_454' title='bbox 3099 3209 3510 3229; x_wconf 57' lang='grc' dir='ltr'><strong>Δε-.ε-..-μ--..--..</strong></span> 
     </span>
    </p>
   </div>
   <div class='ocr_carea' id='block_1_63' title="bbox 248 3207 1836 3288">
    <p class='ocr_par' dir='ltr' id='par_1_63' title="bbox 248 3207 1836 3288">
     <span class='ocr_line' id='line_1_64' title="bbox 248 3207 1836 3288; baseline 0.009 -31"><span class='ocrx_word' id='word_1_455' title='bbox 248 3207 580 3277; x_wconf 77' lang='grc' dir='ltr'>χωρίζονται</span> <span class='ocrx_word' id='word_1_456' title='bbox 606 3211 716 3281; x_wconf 84' lang='grc' dir='ltr'><strong>γὰρ</strong></span> <span class='ocrx_word' id='word_1_457' title='bbox 743 3212 988 3282; x_wconf 81' lang='grc' dir='ltr'>ἀλλήλων</span> <span class='ocrx_word' id='word_1_458' title='bbox 1016 3214 1066 3266; x_wconf 78' lang='lat' dir='ltr'><strong>oi</strong></span> <span class='ocrx_word' id='word_1_459' title='bbox 1094 3215 1236 3267; x_wconf 86' lang='grc' dir='ltr'>κατά</span> <span class='ocrx_word' id='word_1_460' title='bbox 1262 3215 1448 3286; x_wconf 81' lang='grc' dir='ltr'>μέρος,</span> <span class='ocrx_word' id='word_1_461' title='bbox 1477 3217 1537 3269; x_wconf 86' lang='grc' dir='ltr'><strong>οὑ</strong></span> <span class='ocrx_word' id='word_1_462' title='bbox 1565 3220 1630 3287; x_wconf 78' lang='grc' dir='ltr'>τῇ</span> <span class='ocrx_word' id='word_1_463' title='bbox 1656 3219 1836 3288; x_wconf 76' lang='grc' dir='ltr'>οὑσίᾳ,</span> 
     </span>
    </p>
   </div>
   <div class='ocr_carea' id='block_1_64' title="bbox 247 3298 1839 3376">
    <p class='ocr_par' dir='ltr' id='par_1_64' title="bbox 247 3298 1839 3376">
     <span class='ocr_line' id='line_1_65' title="bbox 247 3298 1839 3376; baseline 0.004 -25"><span class='ocrx_word' id='word_1_464' title='bbox 247 3303 366 3362; x_wconf 81' lang='grc' dir='ltr'>τοῖς</span> <span class='ocrx_word' id='word_1_465' title='bbox 394 3298 458 3352; x_wconf 72' lang='grc' dir='ltr'><strong>δὲ’</strong></span> <span class='ocrx_word' id='word_1_466' title='bbox 480 3304 884 3372; x_wconf 86' lang='grc' dir='ltr'>παρεπομένοις</span> <span class='ocrx_word' id='word_1_467' title='bbox 920 3304 1213 3374; x_wconf 81' lang='grc' dir='ltr'>ίδιώμασι,</span> <span class='ocrx_word' id='word_1_468' title='bbox 1269 3306 1518 3375; x_wconf 83' lang='grc' dir='ltr'>μεγέθει,</span> <span class='ocrx_word' id='word_1_469' title='bbox 1567 3307 1664 3359; x_wconf 65' lang='grc' dir='ltr'><strong>καλ⁸</strong></span> <span class='ocrx_word' id='word_1_470' title='bbox 1694 3307 1839 3376; x_wconf 85' lang='grc' dir='ltr'><strong>χρώ-</strong></span> 
     </span>
    </p>
   </div>
   <div class='ocr_carea' id='block_1_65' title="bbox 253 3394 1841 3466">
    <p class='ocr_par' dir='ltr' id='par_1_65' title="bbox 253 3394 1841 3466">
     <span class='ocr_line' id='line_1_66' title="bbox 253 3394 1841 3466; baseline 0.004 -22"><span class='ocrx_word' id='word_1_471' title='bbox 253 3408 418 3460; x_wconf 86' lang='grc' dir='ltr'>ματι,</span> <span class='ocrx_word' id='word_1_472' title='bbox 464 3394 556 3446; x_wconf 81' lang='grc' dir='ltr'>καὶ</span> <span class='ocrx_word' id='word_1_473' title='bbox 589 3395 775 3457; x_wconf 86' lang='grc' dir='ltr'>ἁπλῶς</span> <span class='ocrx_word' id='word_1_474' title='bbox 804 3397 1002 3457; x_wconf 79' lang='grc' dir='ltr'>εἰπεῖν,</span> <span class='ocrx_word' id='word_1_475' title='bbox 1035 3403 1152 3459; x_wconf 77' lang='grc' dir='ltr'>ταῖς</span> <span class='ocrx_word' id='word_1_476' title='bbox 1182 3401 1702 3466; x_wconf 77' lang='grc' dir='ltr'>χαρακτηριστικοίς</span> <span class='ocrx_word' id='word_1_477' title='bbox 1733 3398 1841 3451; x_wconf 87' lang='grc' dir='ltr'><strong>τῶν</strong></span> 
     </span>
    </p>
   </div>
   <div class='ocr_carea' id='block_1_66' title="bbox 252 3484 1839 3559">
    <p class='ocr_par' dir='ltr' id='par_1_66' title="bbox 252 3484 1839 3559">
     <span class='ocr_line' id='line_1_67' title="bbox 252 3484 1839 3559; baseline 0.006 -24"><span class='ocrx_word' id='word_1_478' title='bbox 252 3484 568 3554; x_wconf 74' lang='grc' dir='ltr'>προσώπων</span> <span class='ocrx_word' id='word_1_479' title='bbox 595 3487 866 3555; x_wconf 83' lang='grc' dir='ltr'>ποιότησι.</span> <span class='ocrx_word' id='word_1_480' title='bbox 909 3488 1033 3550; x_wconf 86' lang='grc' dir='ltr'><strong>Πῶς</strong></span> <span class='ocrx_word' id='word_1_481' title='bbox 1065 3489 1122 3540; x_wconf 86' lang='grc' dir='ltr'><strong>δὲ</strong></span> <span class='ocrx_word' id='word_1_482' title='bbox 1152 3489 1245 3545; x_wconf 73' lang='grc' dir='ltr'><strong>καὶ</strong></span> <span class='ocrx_word' id='word_1_483' title='bbox 1275 3489 1338 3541; x_wconf 82' lang='grc' dir='ltr'><strong>ὲκ</strong></span> <span class='ocrx_word' id='word_1_484' title='bbox 1367 3488 1460 3542; x_wconf 72' lang='grc' dir='ltr'><strong>δύο</strong></span> <span class='ocrx_word' id='word_1_485' title='bbox 1486 3489 1701 3558; x_wconf 82' lang='grc' dir='ltr'>φύσεων</span> <span class='ocrx_word' id='word_1_486' title='bbox 1731 3491 1839 3559; x_wconf 83' lang='grc' dir='ltr'><strong>φή-</strong></span> 
     </span>
    </p>
   </div>
   <div class='ocr_carea' id='block_1_67' title="bbox 255 3576 1838 3653">
    <p class='ocr_par' dir='ltr' id='par_1_67' title="bbox 255 3576 1838 3653">
     <span class='ocr_line' id='line_1_68' title="bbox 255 3576 1838 3653; baseline 0.005 -27"><span class='ocrx_word' id='word_1_487' title='bbox 255 3592 414 3628; x_wconf 84' lang='grc' dir='ltr'>σουσι</span> <span class='ocrx_word' id='word_1_488' title='bbox 443 3576 532 3628; x_wconf 79' lang='grc' dir='ltr'><strong>τὸν</strong></span> <span class='ocrx_word' id='word_1_489' title='bbox 558 3576 818 3646; x_wconf 57' lang='grc' dir='ltr'>Χριστὸν,</span> <span class='ocrx_word' id='word_1_490' title='bbox 848 3579 896 3630; x_wconf 81' lang='grc' dir='ltr'><strong>εί</strong></span> <span class='ocrx_word' id='word_1_491' title='bbox 927 3580 1004 3648; x_wconf 81' lang='grc' dir='ltr'>μὴ</span> <span class='ocrx_word' id='word_1_492' title='bbox 1032 3579 1154 3630; x_wconf 76' lang='grc' dir='ltr'>ἀντὶ</span> <span class='ocrx_word' id='word_1_493' title='bbox 1180 3579 1380 3633; x_wconf 88' lang='grc' dir='ltr'>οὑσιῶν</span> <span class='ocrx_word' id='word_1_494' title='bbox 1410 3581 1594 3643; x_wconf 80' lang='grc' dir='ltr'>αὐτοῖς</span> <span class='ocrx_word' id='word_1_495' title='bbox 1621 3582 1838 3653; x_wconf 75' lang='grc' dir='ltr'>νοηθείη</span> 
     </span>
    </p>
   </div>
   <div class='ocr_carea' id='block_1_68' title="bbox 247 3667 1840 3739">
    <p class='ocr_par' dir='ltr' id='par_1_68' title="bbox 247 3667 1840 3739">
     <span class='ocr_line' id='line_1_69' title="bbox 247 3667 1840 3739; baseline 0.003 -22"><span class='ocrx_word' id='word_1_496' title='bbox 247 3667 311 3718; x_wconf 72' lang='grc' dir='ltr'>τὸ</span> <span class='ocrx_word' id='word_1_497' title='bbox 361 3667 460 3735; x_wconf 80' lang='grc' dir='ltr'>τῆς</span> <span class='ocrx_word' id='word_1_498' title='bbox 506 3668 722 3734; x_wconf 77' lang='grc' dir='ltr'>φύσεως</span> <span class='ocrx_word' id='word_1_499' title='bbox 775 3668 988 3738; x_wconf 78' lang='grc' dir='ltr'>δνομα;</span> <span class='ocrx_word' id='word_1_500' title='bbox 1046 3668 1106 3720; x_wconf 86' lang='grc' dir='ltr'><strong>οὑ</strong></span> <span class='ocrx_word' id='word_1_501' title='bbox 1156 3668 1265 3739; x_wconf 83' lang='grc' dir='ltr'>γὰρ</span> <span class='ocrx_word' id='word_1_502' title='bbox 1319 3669 1440 3721; x_wconf 71' lang='grc' dir='ltr'>ἀντὶ</span> <span class='ocrx_word' id='word_1_503' title='bbox 1484 3670 1840 3723; x_wconf 84' lang='grc' dir='ltr'>ὑποστάσεων</span> 
     </span>
    </p>
   </div>
   <div class='ocr_carea' id='block_1_69' title="bbox 247 3761 1838 3831">
    <p class='ocr_par' dir='ltr' id='par_1_69' title="bbox 247 3761 1838 3831">
     <span class='ocr_line' id='line_1_70' title="bbox 247 3761 1838 3831; baseline 0.002 -19"><span class='ocrx_word' id='word_1_504' title='bbox 247 3761 791 3830; x_wconf 81' lang='grc' dir='ltr'>χαρακτηριστικῶν,</span> <span class='ocrx_word' id='word_1_505' title='bbox 817 3762 1153 3831; x_wconf 84' lang='grc' dir='ltr'>τολμήσουσι</span> <span class='ocrx_word' id='word_1_506' title='bbox 1176 3761 1377 3829; x_wconf 82' lang='grc' dir='ltr'>λέγειν·</span> <span class='ocrx_word' id='word_1_507' title='bbox 1405 3763 1527 3813; x_wconf 76' lang='grc' dir='ltr'>ἐπεὶ</span> <span class='ocrx_word' id='word_1_508' title='bbox 1549 3764 1641 3815; x_wconf 78' lang='grc' dir='ltr'>καὶ</span> <span class='ocrx_word' id='word_1_509' title='bbox 1664 3765 1726 3814; x_wconf 82' lang='grc' dir='ltr'><strong>ὲκ</strong></span> <span class='ocrx_word' id='word_1_510' title='bbox 1747 3762 1838 3816; x_wconf 85' lang='grc' dir='ltr'><strong>δύο</strong></span> 
     </span>
    </p>
   </div>
   <div class='ocr_carea' id='block_1_70' title="bbox 250 3852 1838 3925">
    <p class='ocr_par' dir='ltr' id='par_1_70' title="bbox 250 3852 1838 3925">
     <span class='ocr_line' id='line_1_71' title="bbox 250 3852 1838 3925; baseline 0.002 -21"><span class='ocrx_word' id='word_1_511' title='bbox 250 3852 564 3922; x_wconf 85' lang='grc' dir='ltr'>προσώπων</span> <span class='ocrx_word' id='word_1_512' title='bbox 588 3854 1102 3923; x_wconf 79' lang='grc' dir='ltr'>ἀναγκασθήσονται</span> <span class='ocrx_word' id='word_1_513' title='bbox 1122 3856 1318 3906; x_wconf 79' lang='grc' dir='ltr'>εἰπεῖν·</span> <span class='ocrx_word' id='word_1_514' title='bbox 1352 3857 1382 3923; x_wconf 69' lang='grc' dir='ltr'><strong>ἡ</strong></span> <span class='ocrx_word' id='word_1_515' title='bbox 1410 3857 1516 3925; x_wconf 70' lang='grc' dir='ltr'><strong>γὰρ</strong></span> <span class='ocrx_word' id='word_1_516' title='bbox 1540 3855 1838 3918; x_wconf 72' lang='grc' dir='ltr'>ὑπόστασις</span> 
     </span>
    </p>
   </div>
   <div class='ocr_carea' id='block_1_71' title="bbox 248 3947 1838 4018">
    <p class='ocr_par' dir='ltr' id='par_1_71' title="bbox 248 3947 1838 4018">
     <span class='ocr_line' id='line_1_72' title="bbox 248 3947 1838 4018; baseline 0.003 -21"><span class='ocrx_word' id='word_1_517' title='bbox 248 3949 283 4016; x_wconf 81' lang='grc' dir='ltr'>ἡ</span> <span class='ocrx_word' id='word_1_518' title='bbox 314 3948 816 4018; x_wconf 77' lang='grc' dir='ltr'>χαρακτηριστικὴ,</span> <span class='ocrx_word' id='word_1_519' title='bbox 845 3948 1138 4016; x_wconf 85' lang='grc' dir='ltr'>πρόσωπον</span> <span class='ocrx_word' id='word_1_520' title='bbox 1169 3947 1383 3999; x_wconf 75' lang='grc' dir='ltr'>δίδωσιν</span> <span class='ocrx_word' id='word_1_521' title='bbox 1414 3949 1634 4000; x_wconf 75' lang='grc' dir='ltr'>ἐννοεῖνο</span> <span class='ocrx_word' id='word_1_522' title='bbox 1668 3951 1723 4000; x_wconf 81' lang='grc' dir='ltr'>ὲν</span> <span class='ocrx_word' id='word_1_523' title='bbox 1749 3967 1838 4018; x_wconf 86' lang='grc' dir='ltr'>χα-</span> 
     </span>
    </p>
   </div>
   <div class='ocr_carea' id='block_1_72' title="bbox 253 4038 1837 4110">
    <p class='ocr_par' dir='ltr' id='par_1_72' title="bbox 253 4038 1837 4110">
     <span class='ocr_line' id='line_1_73' title="bbox 253 4038 1837 4110; baseline 0.002 -20"><span class='ocrx_word' id='word_1_524' title='bbox 253 4038 490 4107; x_wconf 71' lang='grc' dir='ltr'>ρακτῆρι</span> <span class='ocrx_word' id='word_1_525' title='bbox 521 4039 577 4088; x_wconf 80' lang='grc' dir='ltr'>δέ</span> <span class='ocrx_word' id='word_1_526' title='bbox 612 4056 753 4107; x_wconf 72' lang='grc' dir='ltr'>φημι</span> <span class='ocrx_word' id='word_1_527' title='bbox 779 4079 792 4102; x_wconf 93' lang='grc'><strong>,</strong></span> <span class='ocrx_word' id='word_1_528' title='bbox 830 4041 1029 4107; x_wconf 75' lang='grc' dir='ltr'>μήπως</span> <span class='ocrx_word' id='word_1_529' title='bbox 1063 4042 1125 4108; x_wconf 80' lang='grc' dir='ltr'>τῇ</span> <span class='ocrx_word' id='word_1_530' title='bbox 1161 4039 1379 4108; x_wconf 79' lang='grc' dir='ltr'>συνήθει</span> <span class='ocrx_word' id='word_1_531' title='bbox 1412 4039 1518 4090; x_wconf 89' lang='grc' dir='ltr'><strong>τῶν</strong></span> <span class='ocrx_word' id='word_1_532' title='bbox 1546 4041 1837 4110; x_wconf 83' lang='grc' dir='ltr'>αἱρετικῶν</span> 
     </span>
    </p>
   </div>
   <div class='ocr_carea' id='block_1_73' title="bbox 249 4129 1834 4201">
    <p class='ocr_par' dir='ltr' id='par_1_73' title="bbox 249 4129 1834 4201">
     <span class='ocr_line' id='line_1_74' title="bbox 249 4129 1834 4201; baseline 0.002 -19"><span class='ocrx_word' id='word_1_533' title='bbox 249 4129 436 4199; x_wconf 76' lang='grc' dir='ltr'>ἀπάτῃ</span> <span class='ocrx_word' id='word_1_534' title='bbox 481 4129 606 4198; x_wconf 84' lang='grc' dir='ltr'>δίχα</span> <span class='ocrx_word' id='word_1_535' title='bbox 646 4131 996 4199; x_wconf 82' lang='grc' dir='ltr'>χαρακτῆρος</span> <span class='ocrx_word' id='word_1_536' title='bbox 1028 4129 1341 4182; x_wconf 78' lang='grc' dir='ltr'>ὑποθῶνται</span> <span class='ocrx_word' id='word_1_537' title='bbox 1374 4132 1472 4201; x_wconf 81' lang='grc' dir='ltr'>τὴν</span> <span class='ocrx_word' id='word_1_538' title='bbox 1503 4131 1799 4184; x_wconf 81' lang='grc' dir='ltr'>ὑπόστασιν</span> <span class='ocrx_word' id='word_1_539' title='bbox 1820 4147 1834 4162; x_wconf 82' lang='lat'><strong><em>°</em></strong></span> 
     </span>
    </p>
   </div>
   <div class='ocr_carea' id='block_1_74' title="bbox 245 4219 1837 4292">
    <p class='ocr_par' dir='ltr' id='par_1_74' title="bbox 245 4219 1837 4292">
     <span class='ocr_line' id='line_1_75' title="bbox 245 4219 1837 4292; baseline 0.002 -20"><span class='ocrx_word' id='word_1_540' title='bbox 245 4221 368 4272; x_wconf 83' lang='grc' dir='ltr'>τότε</span> <span class='ocrx_word' id='word_1_541' title='bbox 396 4222 503 4288; x_wconf 73' lang='grc' dir='ltr'>γὰρ</span> <span class='ocrx_word' id='word_1_542' title='bbox 533 4219 632 4288; x_wconf 80' lang='grc' dir='ltr'>τὴν</span> <span class='ocrx_word' id='word_1_543' title='bbox 661 4221 760 4287; x_wconf 71' lang='grc' dir='ltr'>τῆς</span> <span class='ocrx_word' id='word_1_544' title='bbox 784 4221 972 4284; x_wconf 77' lang='grc' dir='ltr'>οὐσίας</span> <span class='ocrx_word' id='word_1_545' title='bbox 1003 4220 1282 4291; x_wconf 81' lang='grc' dir='ltr'>σημασίαν</span> <span class='ocrx_word' id='word_1_546' title='bbox 1318 4221 1674 4292; x_wconf 70' lang='grc' dir='ltr'>ἀποφέρεται.</span> <span class='ocrx_word' id='word_1_547' title='bbox 1711 4222 1837 4282; x_wconf 85' lang='grc' dir='ltr'><strong>Πῶς</strong></span> 
     </span>
    </p>
   </div>
   <div class='ocr_carea' id='block_1_75' title="bbox 245 4311 1836 4384">
    <p class='ocr_par' dir='ltr' id='par_1_75' title="bbox 245 4311 1836 4384">
     <span class='ocr_line' id='line_1_76' title="bbox 245 4311 1836 4384; baseline 0.004 -21"><span class='ocrx_word' id='word_1_548' title='bbox 245 4312 302 4364; x_wconf 82' lang='grc' dir='ltr'><strong>δὲ</strong></span> <span class='ocrx_word' id='word_1_549' title='bbox 358 4311 450 4363; x_wconf 73' lang='grc' dir='ltr'>καὶ</span> <span class='ocrx_word' id='word_1_550' title='bbox 502 4311 786 4381; x_wconf 72' lang='grc' dir='ltr'>όμοούσιον</span> <span class='ocrx_word' id='word_1_551' title='bbox 823 4311 898 4382; x_wconf 84' lang='grc' dir='ltr'>τῷ</span> <span class='ocrx_word' id='word_1_552' title='bbox 934 4314 1108 4381; x_wconf 81' lang='grc' dir='ltr'>Πατρὶ</span> <span class='ocrx_word' id='word_1_553' title='bbox 1143 4313 1235 4365; x_wconf 78' lang='grc' dir='ltr'><strong>καὶ</strong></span> <span class='ocrx_word' id='word_1_554' title='bbox 1266 4315 1397 4384; x_wconf 78' lang='grc' dir='ltr'>ἡμῖν</span> <span class='ocrx_word' id='word_1_555' title='bbox 1425 4313 1713 4382; x_wconf 78' lang='grc' dir='ltr'>ὑμοούσιον</span> <span class='ocrx_word' id='word_1_556' title='bbox 1745 4316 1836 4369; x_wconf 73' lang='grc' dir='ltr'>τὸν</span> 
     </span>
    </p>
   </div>
   <div class='ocr_carea' id='block_1_76' title="bbox 244 4402 1845 4476">
    <p class='ocr_par' dir='ltr' id='par_1_76' title="bbox 244 4402 1845 4476">
     <span class='ocr_line' id='line_1_77' title="bbox 244 4402 1845 4476; baseline 0.002 -22"><span class='ocrx_word' id='word_1_557' title='bbox 244 4402 485 4473; x_wconf 80' lang='grc' dir='ltr'>Χριστὸν</span> <span class='ocrx_word' id='word_1_558' title='bbox 512 4405 650 4472; x_wconf 86' lang='grc' dir='ltr'><strong>μετά</strong></span> <span class='ocrx_word' id='word_1_559' title='bbox 671 4405 766 4474; x_wconf 84' lang='grc' dir='ltr'>τὴν</span> <span class='ocrx_word' id='word_1_560' title='bbox 790 4404 986 4456; x_wconf 72' lang='grc' dir='ltr'>ἕνωσιν</span> <span class='ocrx_word' id='word_1_561' title='bbox 1009 4405 1356 4457; x_wconf 83' lang='grc' dir='ltr'>ὑποτίθενται</span> <span class='ocrx_word' id='word_1_562' title='bbox 1377 4422 1389 4469; x_wconf 90' lang='grc'><strong>;</strong></span> <span class='ocrx_word' id='word_1_563' title='bbox 1420 4408 1514 4457; x_wconf 76' lang='grc' dir='ltr'><strong>καὶ</strong></span> <span class='ocrx_word' id='word_1_564' title='bbox 1536 4408 1596 4458; x_wconf 84' lang='grc' dir='ltr'><strong>οὑ</strong></span> <span class='ocrx_word' id='word_1_565' title='bbox 1620 4408 1845 4476; x_wconf 83' lang='grc' dir='ltr'>ναρκῶ-’</span> 
     </span>
    </p>
   </div>
   <div class='ocr_carea' id='block_1_77' title="bbox 1948 3207 3530 3280">
    <p class='ocr_par' dir='ltr' id='par_1_77' title="bbox 1948 3207 3530 3280">
     <span class='ocr_line' id='line_1_78' title="bbox 1948 3207 3530 3280; baseline -0.001 -16"><span class='ocrx_word' id='word_1_566' title='bbox 1948 3220 2095 3265; x_wconf 90' lang='lat' dir='ltr'><strong>recte</strong></span> <span class='ocrx_word' id='word_1_567' title='bbox 2140 3217 2224 3263; x_wconf 85' lang='lat' dir='ltr'><strong>est</strong></span> <span class='ocrx_word' id='word_1_568' title='bbox 2269 3209 2598 3262; x_wconf 89' lang='lat' dir='ltr'><strong>substantia.</strong></span> <span class='ocrx_word' id='word_1_569' title='bbox 2648 3207 2860 3278; x_wconf 87' lang='lat' dir='ltr'><strong>Singuli</strong></span> <span class='ocrx_word' id='word_1_570' title='bbox 2897 3208 3047 3262; x_wconf 89' lang='lat' dir='ltr'><strong>enim</strong></span> <span class='ocrx_word' id='word_1_571' title='bbox 3093 3209 3530 3280; x_wconf 87' lang='lat' dir='ltr'><strong>distinguuntur,</strong></span> 
     </span>
    </p>
   </div>
   <div class='ocr_carea' id='block_1_78' title="bbox 1943 3300 3536 3371">
    <p class='ocr_par' dir='ltr' id='par_1_78' title="bbox 1943 3300 3536 3371">
     <span class='ocr_line' id='line_1_79' title="bbox 1943 3300 3536 3371; baseline 0 -13"><span class='ocrx_word' id='word_1_572' title='bbox 1943 3303 2059 3359; x_wconf 82' lang='lat' dir='ltr'><strong>sive</strong></span> <span class='ocrx_word' id='word_1_573' title='bbox 2099 3310 2426 3371; x_wconf 90' lang='lat' dir='ltr'><strong>separantur</strong></span> <span class='ocrx_word' id='word_1_574' title='bbox 2469 3303 2613 3355; x_wconf 90' lang='lat' dir='ltr'><strong>inter</strong></span> <span class='ocrx_word' id='word_1_575' title='bbox 2657 3317 2713 3356; x_wconf 88' lang='lat' dir='ltr'><strong>se</strong></span> <span class='ocrx_word' id='word_1_576' title='bbox 2749 3315 2861 3355; x_wconf 91' lang='lat' dir='ltr'><strong>non</strong></span> <span class='ocrx_word' id='word_1_577' title='bbox 2891 3300 3199 3356; x_wconf 88' lang='lat' dir='ltr'><strong>substantia</strong></span> <span class='ocrx_word' id='word_1_578' title='bbox 3235 3343 3248 3365; x_wconf 93' lang='lat'><strong>,</strong></span> <span class='ocrx_word' id='word_1_579' title='bbox 3277 3301 3370 3356; x_wconf 85' lang='lat' dir='ltr'><strong>sed</strong></span> <span class='ocrx_word' id='word_1_580' title='bbox 3408 3317 3536 3358; x_wconf 80' lang='lat' dir='ltr'><strong>nro-</strong></span> 
     </span>
    </p>
   </div>
   <div class='ocr_carea' id='block_1_79' title="bbox 1944 3377 3534 3463">
    <p class='ocr_par' dir='ltr' id='par_1_79' title="bbox 1944 3377 3534 3463">
     <span class='ocr_line' id='line_1_80' title="bbox 1944 3377 3534 3463; baseline 0.003 -17"><span class='ocrx_word' id='word_1_581' title='bbox 1944 3377 2278 3463; x_wconf 81' lang='lat' dir='ltr'><strong>prietatibus</strong></span> <span class='ocrx_word' id='word_1_582' title='bbox 2307 3392 2802 3461; x_wconf 88' lang='lat' dir='ltr'><strong>consequentibus,</strong></span> <span class='ocrx_word' id='word_1_583' title='bbox 2840 3393 2956 3448; x_wconf 86' lang='lat' dir='ltr'><strong>sive</strong></span> <span class='ocrx_word' id='word_1_584' title='bbox 2987 3393 3386 3450; x_wconf 85' lang='lat' dir='ltr'><strong>comitantibus</strong></span> <span class='ocrx_word' id='word_1_585' title='bbox 3415 3410 3534 3450; x_wconf 73' lang='grc' dir='ltr'>ωει-</span> 
     </span>
    </p>
   </div>
   <div class='ocr_carea' id='block_1_80' title="bbox 1942 3484 3534 3556">
    <p class='ocr_par' dir='ltr' id='par_1_80' title="bbox 1942 3484 3534 3556">
     <span class='ocr_line' id='line_1_81' title="bbox 1942 3484 3534 3556; baseline 0.001 -18"><span class='ocrx_word' id='word_1_586' title='bbox 1942 3484 2258 3556; x_wconf 87' lang='lat' dir='ltr'><strong>gnitudine,</strong></span> <span class='ocrx_word' id='word_1_587' title='bbox 2293 3485 2500 3548; x_wconf 91' lang='lat' dir='ltr'><strong>colore,</strong></span> <span class='ocrx_word' id='word_1_588' title='bbox 2534 3492 2615 3548; x_wconf 89' lang='lat' dir='ltr'><strong>et,</strong></span> <span class='ocrx_word' id='word_1_589' title='bbox 2654 3493 2714 3537; x_wconf 91' lang='lat' dir='ltr'><strong>ut</strong></span> <span class='ocrx_word' id='word_1_590' title='bbox 2749 3499 2860 3538; x_wconf 91' lang='lat' dir='ltr'><strong>uno</strong></span> <span class='ocrx_word' id='word_1_591' title='bbox 2887 3485 3059 3540; x_wconf 74' lang='lat' dir='ltr'><strong>verbo</strong></span> <span class='ocrx_word' id='word_1_592' title='bbox 3095 3485 3301 3551; x_wconf 90' lang='lat' dir='ltr'><strong>dicam,</strong></span> <span class='ocrx_word' id='word_1_593' title='bbox 3334 3486 3534 3540; x_wconf 86' lang='lat' dir='ltr'><strong>chara-</strong></span> 
     </span>
    </p>
   </div>
   <div class='ocr_carea' id='block_1_81' title="bbox 1942 3577 3531 3647">
    <p class='ocr_par' dir='ltr' id='par_1_81' title="bbox 1942 3577 3531 3647">
     <span class='ocr_line' id='line_1_82' title="bbox 1942 3577 3531 3647; baseline 0 -15"><span class='ocrx_word' id='word_1_594' title='bbox 1942 3579 2238 3632; x_wconf 90' lang='lat' dir='ltr'><strong>cteristicis</strong></span> <span class='ocrx_word' id='word_1_595' title='bbox 2266 3592 2628 3647; x_wconf 89' lang='lat' dir='ltr'><strong>personarum</strong></span> <span class='ocrx_word' id='word_1_596' title='bbox 2663 3577 3042 3646; x_wconf 88' lang='lat' dir='ltr'><strong>qualitatibus.</strong></span> <span class='ocrx_word' id='word_1_597' title='bbox 3069 3577 3358 3645; x_wconf 84' lang='lat' dir='ltr'><strong>Quomodo</strong></span> <span class='ocrx_word' id='word_1_598' title='bbox 3383 3580 3531 3634; x_wconf 90' lang='lat' dir='ltr'><strong>enim</strong></span> 
     </span>
    </p>
   </div>
   <div class='ocr_carea' id='block_1_82' title="bbox 1941 3668 3536 3735">
    <p class='ocr_par' dir='ltr' id='par_1_82' title="bbox 1941 3668 3536 3735">
     <span class='ocr_line' id='line_1_83' title="bbox 1941 3668 3536 3735; baseline 0.002 -11"><span class='ocrx_word' id='word_1_599' title='bbox 1941 3687 2008 3725; x_wconf 82' lang='lat' dir='ltr'><strong>ex</strong></span> <span class='ocrx_word' id='word_1_600' title='bbox 2057 3671 2273 3724; x_wconf 87' lang='lat' dir='ltr'><strong>duabus</strong></span> <span class='ocrx_word' id='word_1_601' title='bbox 2318 3669 2533 3723; x_wconf 89' lang='lat' dir='ltr'><strong>naturis</strong></span> <span class='ocrx_word' id='word_1_602' title='bbox 2575 3668 2858 3724; x_wconf 88' lang='lat' dir='ltr'><strong>Christum</strong></span> <span class='ocrx_word' id='word_1_603' title='bbox 2888 3686 3014 3727; x_wconf 85' lang='lat' dir='ltr'><strong>esse</strong></span> <span class='ocrx_word' id='word_1_604' title='bbox 3038 3672 3249 3735; x_wconf 90' lang='lat' dir='ltr'><strong>dicent,</strong></span> <span class='ocrx_word' id='word_1_605' title='bbox 3290 3673 3394 3727; x_wconf 88' lang='lat' dir='ltr'><strong>nisi</strong></span> <span class='ocrx_word' id='word_1_606' title='bbox 3434 3689 3536 3727; x_wconf 84' lang='lat' dir='ltr'><strong>no-</strong></span> 
     </span>
    </p>
   </div>
   <div class='ocr_carea' id='block_1_83' title="bbox 1943 3762 3533 3834">
    <p class='ocr_par' dir='ltr' id='par_1_83' title="bbox 1943 3762 3533 3834">
     <span class='ocr_line' id='line_1_84' title="bbox 1943 3762 3533 3834; baseline 0.002 -18"><span class='ocrx_word' id='word_1_607' title='bbox 1943 3779 2069 3816; x_wconf 90' lang='lat' dir='ltr'><strong>men</strong></span> <span class='ocrx_word' id='word_1_608' title='bbox 2101 3772 2312 3816; x_wconf 75' lang='lat' dir='ltr'><strong>naturze</strong></span> <span class='ocrx_word' id='word_1_609' title='bbox 2342 3778 2442 3832; x_wconf 87' lang='lat' dir='ltr'><strong>pro</strong></span> <span class='ocrx_word' id='word_1_610' title='bbox 2470 3762 2797 3817; x_wconf 89' lang='lat' dir='ltr'><strong>substantiis</strong></span> <span class='ocrx_word' id='word_1_611' title='bbox 2827 3763 3177 3834; x_wconf 83' lang='lat' dir='ltr'><strong>intelligant?</strong></span> <span class='ocrx_word' id='word_1_612' title='bbox 3220 3765 3338 3820; x_wconf 82' lang='lat' dir='ltr'><strong>Non</strong></span> <span class='ocrx_word' id='word_1_613' title='bbox 3383 3766 3533 3820; x_wconf 92' lang='lat' dir='ltr'><strong>enim</strong></span> 
     </span>
    </p>
   </div>
   <div class='ocr_carea' id='block_1_84' title="bbox 1943 3852 3534 3924">
    <p class='ocr_par' dir='ltr' id='par_1_84' title="bbox 1943 3852 3534 3924">
     <span class='ocr_line' id='line_1_85' title="bbox 1943 3852 3534 3924; baseline 0.005 -18"><span class='ocrx_word' id='word_1_614' title='bbox 1943 3852 2229 3906; x_wconf 83' lang='lat' dir='ltr'><strong>audebunt</strong></span> <span class='ocrx_word' id='word_1_615' title='bbox 2269 3852 2454 3908; x_wconf 90' lang='lat' dir='ltr'><strong>dicere</strong></span> <span class='ocrx_word' id='word_1_616' title='bbox 2498 3869 2598 3923; x_wconf 88' lang='lat' dir='ltr'><strong>pro</strong></span> <span class='ocrx_word' id='word_1_617' title='bbox 2644 3854 3038 3924; x_wconf 87' lang='lat' dir='ltr'><strong>hypostasibus</strong></span> <span class='ocrx_word' id='word_1_618' title='bbox 3067 3857 3534 3914; x_wconf 84' lang='lat' dir='ltr'><strong>cbaraeteristicis</strong></span> 
     </span>
    </p>
   </div>
   <div class='ocr_carea' id='block_1_85' title="bbox 1942 3944 3531 4017">
    <p class='ocr_par' dir='ltr' id='par_1_85' title="bbox 1942 3944 3531 4017">
     <span class='ocr_line' id='line_1_86' title="bbox 1942 3944 3531 4017; baseline 0.005 -19"><span class='ocrx_word' id='word_1_619' title='bbox 1942 3944 2051 3998; x_wconf 87' lang='lat' dir='ltr'><strong>dici</strong></span> <span class='ocrx_word' id='word_1_620' title='bbox 2109 3960 2176 3997; x_wconf 75' lang='lat' dir='ltr'><strong>ex</strong></span> <span class='ocrx_word' id='word_1_621' title='bbox 2231 3945 2445 3998; x_wconf 85' lang='lat' dir='ltr'><strong>duabus</strong></span> <span class='ocrx_word' id='word_1_622' title='bbox 2489 3947 2723 4010; x_wconf 89' lang='lat' dir='ltr'><strong>naturis,</strong></span> <span class='ocrx_word' id='word_1_623' title='bbox 2779 3963 2848 4001; x_wconf 90' lang='lat' dir='ltr'><strong>ne</strong></span> <span class='ocrx_word' id='word_1_624' title='bbox 2903 3959 3173 4017; x_wconf 85' lang='lat' dir='ltr'><strong>cogantur</strong></span> <span class='ocrx_word' id='word_1_625' title='bbox 3223 3951 3412 4005; x_wconf 90' lang='lat' dir='ltr'><strong>dicere</strong></span> <span class='ocrx_word' id='word_1_626' title='bbox 3464 3967 3531 4006; x_wconf 80' lang='lat' dir='ltr'><strong>ex</strong></span> 
     </span>
    </p>
   </div>
   <div class='ocr_carea' id='block_1_86' title="bbox 1941 4036 3534 4108">
    <p class='ocr_par' dir='ltr' id='par_1_86' title="bbox 1941 4036 3534 4108">
     <span class='ocr_line' id='line_1_87' title="bbox 1941 4036 3534 4108; baseline 0.006 -18"><span class='ocrx_word' id='word_1_627' title='bbox 1941 4036 2153 4090; x_wconf 85' lang='lat' dir='ltr'><strong>duabus</strong></span> <span class='ocrx_word' id='word_1_628' title='bbox 2191 4037 2462 4106; x_wconf 88' lang='lat' dir='ltr'><strong>personis.</strong></span> <span class='ocrx_word' id='word_1_629' title='bbox 2504 4037 2824 4108; x_wconf 87' lang='lat' dir='ltr'><strong>llypostasis</strong></span> <span class='ocrx_word' id='word_1_630' title='bbox 2877 4040 3023 4094; x_wconf 88' lang='lat' dir='ltr'><strong>enim</strong></span> <span class='ocrx_word' id='word_1_631' title='bbox 3080 4041 3534 4099; x_wconf 79' lang='lat' dir='ltr'><strong>characteristica</strong></span> 
     </span>
    </p>
   </div>
   <div class='ocr_carea' id='block_1_87' title="bbox 1941 4128 3530 4202">
    <p class='ocr_par' dir='ltr' id='par_1_87' title="bbox 1941 4128 3530 4202">
     <span class='ocr_line' id='line_1_88' title="bbox 1941 4128 3530 4202; baseline 0.004 -21"><span class='ocrx_word' id='word_1_632' title='bbox 1941 4135 2179 4198; x_wconf 80' lang='lat' dir='ltr'><strong>persona</strong></span> <span class='ocrx_word' id='word_1_633' title='bbox 2214 4128 2579 4196; x_wconf 82' lang='lat' dir='ltr'><strong>intelligitur:</strong></span> <span class='ocrx_word' id='word_1_634' title='bbox 2631 4129 2756 4182; x_wconf 92' lang='lat' dir='ltr'><strong>dico</strong></span> <span class='ocrx_word' id='word_1_635' title='bbox 2795 4140 2977 4185; x_wconf 90' lang='lat' dir='ltr'><strong>autem</strong></span> <span class='ocrx_word' id='word_1_636' title='bbox 3013 4132 3350 4202; x_wconf 84' lang='lat' dir='ltr'><strong>hypostasim</strong></span> <span class='ocrx_word' id='word_1_637' title='bbox 3397 4134 3530 4188; x_wconf 90' lang='lat' dir='ltr'><strong>cha-</strong></span> 
     </span>
    </p>
   </div>
   <div class='ocr_carea' id='block_1_88' title="bbox 1940 4221 3532 4288">
    <p class='ocr_par' dir='ltr' id='par_1_88' title="bbox 1940 4221 3532 4288">
     <span class='ocr_line' id='line_1_89' title="bbox 1940 4221 3532 4288; baseline 0.004 -15"><span class='ocrx_word' id='word_1_638' title='bbox 1940 4221 2358 4282; x_wconf 89' lang='lat' dir='ltr'><strong>racteristicam,</strong></span> <span class='ocrx_word' id='word_1_639' title='bbox 2397 4221 2510 4274; x_wconf 65' lang='lat' dir='ltr'><strong>sixe</strong></span> <span class='ocrx_word' id='word_1_640' title='bbox 2549 4221 2601 4273; x_wconf 85' lang='lat' dir='ltr'><strong>in</strong></span> <span class='ocrx_word' id='word_1_641' title='bbox 2635 4221 2986 4288; x_wconf 78' lang='lat' dir='ltr'><strong>charactere,</strong></span> <span class='ocrx_word' id='word_1_642' title='bbox 3038 4240 3125 4288; x_wconf 82' lang='lat' dir='ltr'><strong>ne,</strong></span> <span class='ocrx_word' id='word_1_643' title='bbox 3181 4225 3373 4280; x_wconf 89' lang='lat' dir='ltr'><strong>fraude</strong></span> <span class='ocrx_word' id='word_1_644' title='bbox 3425 4228 3532 4280; x_wconf 70' lang='lat' dir='ltr'><strong>bae-</strong></span> 
     </span>
    </p>
   </div>
   <div class='ocr_carea' id='block_1_89' title="bbox 1940 4312 3533 4388">
    <p class='ocr_par' dir='ltr' id='par_1_89' title="bbox 1940 4312 3533 4388">
     <span class='ocr_line' id='line_1_90' title="bbox 1940 4312 3533 4388; baseline 0.004 -24"><span class='ocrx_word' id='word_1_645' title='bbox 1940 4312 2128 4365; x_wconf 88' lang='lat' dir='ltr'><strong>reticis</strong></span> <span class='ocrx_word' id='word_1_646' title='bbox 2165 4321 2448 4376; x_wconf 83' lang='lat' dir='ltr'><strong>consueta,</strong></span> <span class='ocrx_word' id='word_1_647' title='bbox 2500 4314 2836 4383; x_wconf 84' lang='lat' dir='ltr'><strong>hypostasim</strong></span> <span class='ocrx_word' id='word_1_648' title='bbox 2888 4316 3008 4370; x_wconf 90' lang='lat' dir='ltr'><strong>sine</strong></span> <span class='ocrx_word' id='word_1_649' title='bbox 3046 4317 3370 4370; x_wconf 78' lang='lat' dir='ltr'><strong>charactere</strong></span> <span class='ocrx_word' id='word_1_650' title='bbox 3402 4334 3533 4388; x_wconf 87' lang='lat' dir='ltr'><strong>sup-</strong></span> 
     </span>
    </p>
   </div>
   <div class='ocr_carea' id='block_1_90' title="bbox 1940 4404 3529 4476">
    <p class='ocr_par' dir='ltr' id='par_1_90' title="bbox 1940 4404 3529 4476">
     <span class='ocr_line' id='line_1_91' title="bbox 1940 4404 3529 4476; baseline 0.007 -21"><span class='ocrx_word' id='word_1_651' title='bbox 1940 4413 2166 4472; x_wconf 88' lang='lat' dir='ltr'><strong>ponant.</strong></span> <span class='ocrx_word' id='word_1_652' title='bbox 2203 4404 2358 4457; x_wconf 85' lang='lat' dir='ltr'><strong>Tunc</strong></span> <span class='ocrx_word' id='word_1_653' title='bbox 2392 4405 2538 4458; x_wconf 92' lang='lat' dir='ltr'><strong>enim</strong></span> <span class='ocrx_word' id='word_1_654' title='bbox 2572 4406 3034 4476; x_wconf 84' lang='lat' dir='ltr'><strong>significationem</strong></span> <span class='ocrx_word' id='word_1_655' title='bbox 3070 4411 3391 4466; x_wconf 70' lang='lat' dir='ltr'><strong>substantim</strong></span> <span class='ocrx_word' id='word_1_656' title='bbox 3424 4412 3529 4466; x_wconf 82' lang='lat' dir='ltr'><strong>fert</strong></span> 
     </span>
    </p>
   </div>
   <div class='ocr_carea' id='block_1_91' title="bbox 246 4493 1837 4568">
    <p class='ocr_par' dir='ltr' id='par_1_91' title="bbox 246 4493 1828 4568">
     <span class='ocr_line' id='line_1_92' title="bbox 246 4493 1828 4568; baseline 0.004 -23"><span class='ocrx_word' id='word_1_657' title='bbox 246 4510 300 4545; x_wconf 82' lang='grc' dir='ltr'><strong>σι</strong></span> <span class='ocrx_word' id='word_1_658' title='bbox 325 4535 338 4556; x_wconf 90' lang='grc'><strong>,</strong></span> <span class='ocrx_word' id='word_1_659' title='bbox 385 4493 477 4544; x_wconf 73' lang='grc' dir='ltr'><strong>δύο</strong></span> <span class='ocrx_word' id='word_1_660' title='bbox 522 4495 620 4563; x_wconf 80' lang='grc' dir='ltr'>μὲν</span> <span class='ocrx_word' id='word_1_661' title='bbox 661 4495 922 4564; x_wconf 77' lang='grc' dir='ltr'>ὁμοούσια</span> <span class='ocrx_word' id='word_1_662' title='bbox 957 4495 1374 4566; x_wconf 79' lang='grc' dir='ltr'>ὁμολογοῦντες,</span> <span class='ocrx_word' id='word_1_663' title='bbox 1417 4500 1743 4568; x_wconf 78' lang='grc' dir='ltr'>ἀρνούμενοι</span> <span class='ocrx_word' id='word_1_664' title='bbox 1775 4499 1828 4551; x_wconf 82' lang='grc' dir='ltr'><strong>δὲ</strong></span> 
     </span>
    </p>
   </div>
   <div class='ocr_carea' id='block_1_92' title="bbox 1943 4493 3527 4568">
    <p class='ocr_par' dir='ltr' id='par_1_92' title="bbox 1943 4496 3527 4566">
     <span class='ocr_line' id='line_1_93' title="bbox 1943 4496 3527 4566; baseline 0.008 -19"><span class='ocrx_word' id='word_1_665' title='bbox 1943 4496 2266 4566; x_wconf 75' lang='lat' dir='ltr'><strong>hypostasis.</strong></span> <span class='ocrx_word' id='word_1_666' title='bbox 2323 4497 2609 4562; x_wconf 85' lang='lat' dir='ltr'><strong>Quomodo</strong></span> <span class='ocrx_word' id='word_1_667' title='bbox 2643 4510 2824 4552; x_wconf 88' lang='lat' dir='ltr'><strong>autem</strong></span> <span class='ocrx_word' id='word_1_668' title='bbox 2857 4501 3388 4558; x_wconf 73' lang='lat' dir='ltr'><strong>consubsmntialem</strong></span> <span class='ocrx_word' id='word_1_669' title='bbox 3425 4505 3527 4558; x_wconf 81' lang='lat' dir='ltr'><strong>Pa-</strong></span> 
     </span>
    </p>
   </div>
   <div class='ocr_carea' id='block_1_93' title="bbox 241 4585 724 4651">
    <p class='ocr_par' dir='ltr' id='par_1_93' title="bbox 241 4585 724 4651">
     <span class='ocr_line' id='line_1_94' title="bbox 241 4585 724 4651; baseline 0.002 -14"><span class='ocrx_word' id='word_1_670' title='bbox 241 4587 344 4647; x_wconf 76' lang='grc' dir='ltr'><strong>τάς</strong></span> <span class='ocrx_word' id='word_1_671' title='bbox 376 4585 469 4637; x_wconf 71' lang='grc' dir='ltr'><strong>δύο</strong></span> <span class='ocrx_word' id='word_1_672' title='bbox 498 4587 724 4651; x_wconf 51' lang='lat' dir='ltr'><strong>obsim;</strong></span> 
     </span>
    </p>
   </div>
   <div class='ocr_carea' id='block_1_94' title="bbox 254 4889 1833 4962">
    <p class='ocr_par' dir='ltr' id='par_1_94' title="bbox 254 4889 1833 4962">
     <span class='ocr_line' id='line_1_95' title="bbox 254 4889 1833 4962; baseline 0.001 -18"><span class='ocrx_word' id='word_1_673' title='bbox 254 4889 586 4962; x_wconf 62' lang='grc' dir='ltr'>Ἀιςτίθεσις</span> <span class='ocrx_word' id='word_1_674' title='bbox 635 4892 973 4959; x_wconf 80' lang='grc' dir='ltr'>πρὸς“τοὺς</span> <span class='ocrx_word' id='word_1_675' title='bbox 1014 4894 1326 4962; x_wconf 64' lang='grc' dir='ltr'>λέγοντας,</span> <span class='ocrx_word' id='word_1_676' title='bbox 1361 4895 1562 4958; x_wconf 72' lang='grc' dir='ltr'>ιδικὴν</span> <span class='ocrx_word' id='word_1_677' title='bbox 1612 4897 1833 4949; x_wconf 71' lang='grc' dir='ltr'>οὐσίαν</span> 
     </span>
    </p>
   </div>
   <div class='ocr_carea' id='block_1_95' title="bbox 314 4957 1829 5032">
    <p class='ocr_par' dir='ltr' id='par_1_95' title="bbox 314 4957 1829 5032">
     <span class='ocr_line' id='line_1_96' title="bbox 314 4957 1829 5032; baseline 0.002 -19"><span class='ocrx_word' id='word_1_678' title='bbox 314 4957 466 5032; x_wconf 77' lang='grc' dir='ltr'>εἶναι</span> <span class='ocrx_word' id='word_1_679' title='bbox 498 4963 602 5013; x_wconf 84' lang='grc' dir='ltr'><strong>τοῦ</strong></span> <span class='ocrx_word' id='word_1_680' title='bbox 639 4957 866 5030; x_wconf 53' lang='lat' dir='ltr'><strong>nam</strong></span> <span class='ocrx_word' id='word_1_681' title='bbox 889 5004 903 5025; x_wconf 95' lang='lat'><strong>,</strong></span> <span class='ocrx_word' id='word_1_682' title='bbox 951 4957 1057 5016; x_wconf 21' lang='lat' dir='ltr'><strong>‘xat</strong></span> <span class='ocrx_word' id='word_1_683' title='bbox 1097 4957 1321 5032; x_wconf 64' lang='grc' dir='ltr'><strong>’ἐδικὴέ</strong></span> <span class='ocrx_word' id='word_1_684' title='bbox 1356 4965 1462 5018; x_wconf 86' lang='grc' dir='ltr'><strong>τοῦ</strong></span> <span class='ocrx_word' id='word_1_685' title='bbox 1510 4957 1674 5029; x_wconf 79' lang='grc' dir='ltr'>Υἱοῦ,</span> <span class='ocrx_word' id='word_1_686' title='bbox 1731 4966 1829 5017; x_wconf 76' lang='grc' dir='ltr'><strong>καὶ</strong></span> 
     </span>
    </p>
   </div>
   <div class='ocr_carea' id='block_1_96' title="bbox 317 5031 1272 5102">
    <p class='ocr_par' dir='ltr' id='par_1_96' title="bbox 317 5031 1272 5102">
     <span class='ocr_line' id='line_1_97' title="bbox 317 5031 1272 5102; baseline 0.005 -19"><span class='ocrx_word' id='word_1_687' title='bbox 317 5031 534 5098; x_wconf 72' lang='grc' dir='ltr'>ὁμοίως</span> <span class='ocrx_word' id='word_1_688' title='bbox 565 5032 671 5084; x_wconf 85' lang='grc' dir='ltr'><strong>τοῦ</strong></span> <span class='ocrx_word' id='word_1_689' title='bbox 702 5033 875 5102; x_wconf 73' lang='grc' dir='ltr'>ἁγίου</span> <span class='ocrx_word' id='word_1_690' title='bbox 905 5031 1272 5102; x_wconf 17' lang='grc' dir='ltr'>Πνεύματοςν.</span> 
     </span>
    </p>
   </div>
   <div class='ocr_carea' id='block_1_97' title="bbox 317 5139 1828 5216">
    <p class='ocr_par' dir='ltr' id='par_1_97' title="bbox 317 5139 1828 5216">
     <span class='ocr_line' id='line_1_98' title="bbox 317 5139 1828 5216; baseline 0.008 -24"><span class='ocrx_word' id='word_1_691' title='bbox 317 5139 379 5193; x_wconf 79' lang='lat' dir='ltr'><strong>Et</strong></span> <span class='ocrx_word' id='word_1_692' title='bbox 431 5143 672 5208; x_wconf 78' lang='grc' dir='ltr'>ὀΛόγος,</span> <span class='ocrx_word' id='word_1_693' title='bbox 726 5142 848 5195; x_wconf 82' lang='grc' dir='ltr'>καθ’</span> <span class='ocrx_word' id='word_1_694' title='bbox 885 5143 912 5195; x_wconf 82' lang='grc' dir='ltr'>ὃ</span> <span class='ocrx_word' id='word_1_695' title='bbox 959 5145 1131 5211; x_wconf 75' lang='grc' dir='ltr'>Λόγος</span> <span class='ocrx_word' id='word_1_696' title='bbox 1162 5146 1330 5207; x_wconf 67' lang='grc' dir='ltr'>ἐστὶν,</span> <span class='ocrx_word' id='word_1_697' title='bbox 1371 5146 1529 5216; x_wconf 77' lang='grc' dir='ltr'>φύσις</span> <span class='ocrx_word' id='word_1_698' title='bbox 1564 5150 1730 5213; x_wconf 73' lang='grc' dir='ltr'>ἐστὶν,</span> <span class='ocrx_word' id='word_1_699' title='bbox 1766 5151 1828 5203; x_wconf 86' lang='grc' dir='ltr'><strong>οὑ</strong></span> 
     </span>
    </p>
   </div>
   <div class='ocr_carea' id='block_1_98' title="bbox 239 5230 1826 5308">
    <p class='ocr_par' dir='ltr' id='par_1_98' title="bbox 239 5230 1826 5308">
     <span class='ocr_line' id='line_1_99' title="bbox 239 5230 1826 5308; baseline 0.006 -26"><span class='ocrx_word' id='word_1_700' title='bbox 239 5230 370 5283; x_wconf 79' lang='grc' dir='ltr'>καθ’</span> <span class='ocrx_word' id='word_1_701' title='bbox 399 5230 426 5281; x_wconf 83' lang='grc' dir='ltr'><strong>ὑ</strong></span> <span class='ocrx_word' id='word_1_702' title='bbox 453 5231 603 5293; x_wconf 71' lang='grc' dir='ltr'>θεόςο</span> <span class='ocrx_word' id='word_1_703' title='bbox 639 5234 732 5283; x_wconf 69' lang='grc' dir='ltr'><strong>καὶ</strong></span> <span class='ocrx_word' id='word_1_704' title='bbox 761 5233 788 5284; x_wconf 80' lang='grc' dir='ltr'><strong>ὁ</strong></span> <span class='ocrx_word' id='word_1_705' title='bbox 817 5233 1025 5303; x_wconf 83' lang='grc' dir='ltr'>Πατὴρ,</span> <span class='ocrx_word' id='word_1_706' title='bbox 1049 5236 1168 5287; x_wconf 81' lang='grc' dir='ltr'>καθ’</span> <span class='ocrx_word' id='word_1_707' title='bbox 1198 5235 1226 5288; x_wconf 81' lang='grc' dir='ltr'><strong>ὃ</strong></span> <span class='ocrx_word' id='word_1_708' title='bbox 1261 5237 1470 5308; x_wconf 75' lang='grc' dir='ltr'>Πατὴρ,</span> <span class='ocrx_word' id='word_1_709' title='bbox 1497 5238 1655 5306; x_wconf 83' lang='grc' dir='ltr'>φύσις</span> <span class='ocrx_word' id='word_1_710' title='bbox 1687 5241 1826 5300; x_wconf 71' lang='grc' dir='ltr'>ἐστὶ,</span> 
     </span>
    </p>
   </div>
   <div class='ocr_carea' id='block_1_99' title="bbox 237 5321 1829 5398">
    <p class='ocr_par' dir='ltr' id='par_1_99' title="bbox 237 5321 1829 5398">
     <span class='ocr_line' id='line_1_100' title="bbox 237 5321 1829 5398; baseline 0.006 -24"><span class='ocrx_word' id='word_1_711' title='bbox 237 5321 337 5374; x_wconf 74' lang='grc' dir='ltr'><strong>καὶ</strong></span> <span class='ocrx_word' id='word_1_712' title='bbox 371 5321 432 5373; x_wconf 87' lang='grc' dir='ltr'><strong>οὑ</strong></span> <span class='ocrx_word' id='word_1_713' title='bbox 465 5321 585 5373; x_wconf 70' lang='grc' dir='ltr'>καθ’</span> <span class='ocrx_word' id='word_1_714' title='bbox 616 5323 642 5374; x_wconf 86' lang='grc' dir='ltr'>ὃ</span> <span class='ocrx_word' id='word_1_715' title='bbox 674 5323 805 5386; x_wconf 85' lang='grc' dir='ltr'>Θεός</span> <span class='ocrx_word' id='word_1_716' title='bbox 833 5341 845 5354; x_wconf 87' lang='lat'><strong>&#39;</strong></span> <span class='ocrx_word' id='word_1_717' title='bbox 884 5327 977 5376; x_wconf 72' lang='grc' dir='ltr'>καὶ</span> <span class='ocrx_word' id='word_1_718' title='bbox 1011 5326 1070 5378; x_wconf 84' lang='grc' dir='ltr'><strong>τὸ</strong></span> <span class='ocrx_word' id='word_1_719' title='bbox 1104 5327 1328 5397; x_wconf 88' lang='grc' dir='ltr'>Πνεῦμα</span> <span class='ocrx_word' id='word_1_720' title='bbox 1360 5331 1419 5382; x_wconf 74' lang='grc' dir='ltr'><strong>τὸ</strong></span> <span class='ocrx_word' id='word_1_721' title='bbox 1446 5331 1619 5398; x_wconf 66' lang='grc' dir='ltr'>ἅγιον,</span> <span class='ocrx_word' id='word_1_722' title='bbox 1653 5332 1774 5383; x_wconf 78' lang='grc' dir='ltr'>καθ’</span> <span class='ocrx_word' id='word_1_723' title='bbox 1801 5332 1829 5384; x_wconf 82' lang='grc' dir='ltr'><strong>ὃ</strong></span> 
     </span>
    </p>
   </div>
   <div class='ocr_carea' id='block_1_100' title="bbox 233 5412 1826 5484">
    <p class='ocr_par' dir='ltr' id='par_1_100' title="bbox 233 5412 1826 5484">
     <span class='ocr_line' id='line_1_101' title="bbox 233 5412 1826 5484; baseline 0.008 -22"><span class='ocrx_word' id='word_1_724' title='bbox 233 5412 573 5481; x_wconf 67' lang='grc' dir='ltr'>ἑκπορευτὴ,</span> <span class='ocrx_word' id='word_1_725' title='bbox 608 5415 769 5482; x_wconf 81' lang='grc' dir='ltr'>φύσις</span> <span class='ocrx_word' id='word_1_726' title='bbox 795 5417 935 5480; x_wconf 73' lang='grc' dir='ltr'>ἐστὶ,</span> <span class='ocrx_word' id='word_1_727' title='bbox 959 5419 1053 5469; x_wconf 76' lang='grc' dir='ltr'>καὶ</span> <span class='ocrx_word' id='word_1_728' title='bbox 1083 5419 1142 5470; x_wconf 86' lang='grc' dir='ltr'><strong>οὑ</strong></span> <span class='ocrx_word' id='word_1_729' title='bbox 1173 5419 1297 5472; x_wconf 82' lang='grc' dir='ltr'>καθ’</span> <span class='ocrx_word' id='word_1_730' title='bbox 1323 5420 1350 5472; x_wconf 83' lang='grc' dir='ltr'>ὃ</span> <span class='ocrx_word' id='word_1_731' title='bbox 1379 5421 1531 5484; x_wconf 80' lang='grc' dir='ltr'>Θεὸς,</span> <span class='ocrx_word' id='word_1_732' title='bbox 1559 5423 1666 5474; x_wconf 81' lang='grc' dir='ltr'><strong>οὐδ’</strong></span> <span class='ocrx_word' id='word_1_733' title='bbox 1695 5422 1826 5475; x_wconf 84' lang='grc' dir='ltr'>όπό-</span> 
     </span>
    </p>
   </div>
   <div class='ocr_carea' id='block_1_101' title="bbox 231 5503 1826 5580">
    <p class='ocr_par' dir='ltr' id='par_1_101' title="bbox 231 5503 1826 5580">
     <span class='ocr_line' id='line_1_102' title="bbox 231 5503 1826 5580; baseline 0.01 -28"><span class='ocrx_word' id='word_1_734' title='bbox 231 5518 396 5571; x_wconf 82' lang='grc' dir='ltr'>τερος</span> <span class='ocrx_word' id='word_1_735' title='bbox 419 5503 599 5556; x_wconf 80' lang='grc' dir='ltr'>αὐτῶν</span> <span class='ocrx_word' id='word_1_736' title='bbox 624 5504 777 5559; x_wconf 75' lang='grc' dir='ltr'>ἔσται</span> <span class='ocrx_word' id='word_1_737' title='bbox 806 5508 963 5574; x_wconf 79' lang='grc' dir='ltr'>φύσει</span> <span class='ocrx_word' id='word_1_738' title='bbox 987 5506 1118 5572; x_wconf 80' lang='grc' dir='ltr'>Θεός</span> <span class='ocrx_word' id='word_1_739' title='bbox 1143 5527 1156 5541; x_wconf 89' lang='grc'><strong>·</strong></span> <span class='ocrx_word' id='word_1_740' title='bbox 1191 5513 1347 5580; x_wconf 74' lang='grc' dir='ltr'>εἴπερ</span> <span class='ocrx_word' id='word_1_741' title='bbox 1371 5513 1430 5564; x_wconf 82' lang='grc' dir='ltr'><strong>τὸ</strong></span> <span class='ocrx_word' id='word_1_742' title='bbox 1452 5514 1614 5580; x_wconf 71' lang='grc' dir='ltr'>Θεὸς,</span> <span class='ocrx_word' id='word_1_743' title='bbox 1638 5515 1826 5568; x_wconf 78' lang='grc' dir='ltr'>οὐκέτι</span> 
     </span>
    </p>
   </div>
   <div class='ocr_carea' id='block_1_102' title="bbox 234 5593 1825 5678">
    <p class='ocr_par' dir='ltr' id='par_1_102' title="bbox 234 5593 1825 5678">
     <span class='ocr_line' id='line_1_103' title="bbox 234 5593 1825 5678; baseline 0.013 -36"><span class='ocrx_word' id='word_1_744' title='bbox 234 5593 336 5665; x_wconf 68' lang='grc' dir='ltr'>καὶ</span> <span class='ocrx_word' id='word_1_745' title='bbox 377 5595 655 5663; x_wconf 83' lang='grc' dir='ltr'>πατρότης</span> <span class='ocrx_word' id='word_1_746' title='bbox 690 5598 782 5650; x_wconf 77' lang='grc' dir='ltr'><strong>καὶ</strong></span> <span class='ocrx_word' id='word_1_747' title='bbox 810 5600 998 5670; x_wconf 80' lang='grc' dir='ltr'>υίότης</span> <span class='ocrx_word' id='word_1_748' title='bbox 1031 5603 1122 5654; x_wconf 70' lang='grc' dir='ltr'>καὶ</span> <span class='ocrx_word' id='word_1_749' title='bbox 1151 5604 1481 5672; x_wconf 79' lang='grc' dir='ltr'>ὲκπόρευσις</span> <span class='ocrx_word' id='word_1_750' title='bbox 1507 5622 1522 5637; x_wconf 77' lang='grc' dir='ltr'><strong>ο</strong></span> <span class='ocrx_word' id='word_1_751' title='bbox 1575 5607 1623 5658; x_wconf 76' lang='lat' dir='ltr'><strong>ti</strong></span> <span class='ocrx_word' id='word_1_752' title='bbox 1655 5606 1711 5660; x_wconf 77' lang='grc' dir='ltr'><strong>δὲ</strong></span> <span class='ocrx_word' id='word_1_753' title='bbox 1752 5609 1825 5678; x_wconf 79' lang='grc' dir='ltr'>μὴ</span> 
     </span>
    </p>
   </div>
   <div class='ocr_carea' id='block_1_103' title="bbox 233 5682 1823 5767">
    <p class='ocr_par' dir='ltr' id='par_1_103' title="bbox 233 5682 1823 5767">
     <span class='ocr_line' id='line_1_104' title="bbox 233 5682 1823 5767; baseline 0.012 -37"><span class='ocrx_word' id='word_1_754' title='bbox 233 5682 393 5745; x_wconf 59' lang='grc' dir='ltr'>Θεὶς,</span> <span class='ocrx_word' id='word_1_755' title='bbox 429 5683 636 5750; x_wconf 73' lang='grc' dir='ltr'>κτίσμα</span> <span class='ocrx_word' id='word_1_756' title='bbox 665 5685 902 5750; x_wconf 83' lang='grc' dir='ltr'>πάντως.</span> <span class='ocrx_word' id='word_1_757' title='bbox 954 5691 1060 5743; x_wconf 78' lang='grc' dir='ltr'><strong>Καὶ</strong></span> <span class='ocrx_word' id='word_1_758' title='bbox 1097 5692 1283 5744; x_wconf 68' lang='grc' dir='ltr'>πιῌιν</span> <span class='ocrx_word' id='word_1_759' title='bbox 1308 5711 1319 5722; x_wconf 80' lang='grc'><em>’</em></span> <span class='ocrx_word' id='word_1_760' title='bbox 1376 5695 1462 5746; x_wconf 82' lang='grc' dir='ltr'>Ἐν</span> <span class='ocrx_word' id='word_1_761' title='bbox 1495 5691 1575 5757; x_wconf 79' lang='grc' dir='ltr'>οἷς</span> <span class='ocrx_word' id='word_1_762' title='bbox 1607 5697 1823 5767; x_wconf 83' lang='grc' dir='ltr'>διακρί-</span> 
     </span>
    </p>
   </div>
   <div class='ocr_carea' id='block_1_104' title="bbox 237 5773 1820 5852">
    <p class='ocr_par' dir='ltr' id='par_1_104' title="bbox 237 5773 1820 5852">
     <span class='ocr_line' id='line_1_105' title="bbox 237 5773 1820 5852; baseline 0.011 -30"><span class='ocrx_word' id='word_1_763' title='bbox 237 5789 384 5823; x_wconf 68' lang='grc' dir='ltr'>νεται</span> <span class='ocrx_word' id='word_1_764' title='bbox 438 5773 531 5824; x_wconf 84' lang='grc' dir='ltr'><strong>τοῦ</strong></span> <span class='ocrx_word' id='word_1_765' title='bbox 581 5775 790 5844; x_wconf 77' lang='grc' dir='ltr'>Πατρὸς</span> <span class='ocrx_word' id='word_1_766' title='bbox 838 5781 865 5830; x_wconf 88' lang='grc' dir='ltr'>ὁ</span> <span class='ocrx_word' id='word_1_767' title='bbox 908 5781 1094 5847; x_wconf 75' lang='grc' dir='ltr'>Λόγος,</span> <span class='ocrx_word' id='word_1_768' title='bbox 1139 5783 1343 5844; x_wconf 71' lang='grc' dir='ltr'>τούτοις</span> <span class='ocrx_word' id='word_1_769' title='bbox 1375 5786 1463 5836; x_wconf 64' lang='grc' dir='ltr'>καὶ</span> <span class='ocrx_word' id='word_1_770' title='bbox 1495 5786 1653 5852; x_wconf 51' lang='lat' dir='ltr'><strong>enim;</strong></span> <span class='ocrx_word' id='word_1_771' title='bbox 1683 5789 1820 5852; x_wconf 65' lang='grc' dir='ltr'>ἐστὶ,</span> 
     </span>
    </p>
   </div>
   <div class='ocr_carea' id='block_1_105' title="bbox 1941 4585 3529 4660">
    <p class='ocr_par' dir='ltr' id='par_1_105' title="bbox 1941 4585 3529 4660">
     <span class='ocr_line' id='line_1_106' title="bbox 1941 4585 3529 4660; baseline 0.007 -24"><span class='ocrx_word' id='word_1_772' title='bbox 1941 4588 2008 4636; x_wconf 88' lang='lat' dir='ltr'><strong>tri</strong></span> <span class='ocrx_word' id='word_1_773' title='bbox 2069 4596 2121 4638; x_wconf 88' lang='lat' dir='ltr'><strong>et</strong></span> <span class='ocrx_word' id='word_1_774' title='bbox 2175 4586 2333 4638; x_wconf 85' lang='lat' dir='ltr'><strong>nobis</strong></span> <span class='ocrx_word' id='word_1_775' title='bbox 2391 4585 2672 4639; x_wconf 89' lang='lat' dir='ltr'><strong>Christum</strong></span> <span class='ocrx_word' id='word_1_776' title='bbox 2722 4597 2848 4656; x_wconf 89' lang='lat' dir='ltr'><strong>post</strong></span> <span class='ocrx_word' id='word_1_777' title='bbox 2887 4590 3146 4643; x_wconf 90' lang='lat' dir='ltr'><strong>unionem</strong></span> <span class='ocrx_word' id='word_1_778' title='bbox 3200 4602 3431 4660; x_wconf 83' lang='lat' dir='ltr'><strong>ponunt,</strong></span> <span class='ocrx_word' id='word_1_779' title='bbox 3473 4603 3529 4647; x_wconf 92' lang='lat' dir='ltr'><strong>et</strong></span> 
     </span>
    </p>
   </div>
   <div class='ocr_carea' id='block_1_106' title="bbox 1939 4677 3525 4749">
    <p class='ocr_par' dir='ltr' id='par_1_106' title="bbox 1939 4677 3525 4749">
     <span class='ocr_line' id='line_1_107' title="bbox 1939 4677 3525 4749; baseline 0.007 -21"><span class='ocrx_word' id='word_1_780' title='bbox 1939 4691 2046 4728; x_wconf 86' lang='lat' dir='ltr'><strong>non</strong></span> <span class='ocrx_word' id='word_1_781' title='bbox 2096 4686 2225 4729; x_wconf 89' lang='lat' dir='ltr'><strong>sunt</strong></span> <span class='ocrx_word' id='word_1_782' title='bbox 2273 4677 2476 4746; x_wconf 91' lang='lat' dir='ltr'><strong>stupidi</strong></span> <span class='ocrx_word' id='word_1_783' title='bbox 2523 4678 2852 4732; x_wconf 84' lang='lat' dir='ltr'><strong>confitentes</strong></span> <span class='ocrx_word' id='word_1_784' title='bbox 2892 4681 3115 4749; x_wconf 87' lang='lat' dir='ltr'><strong>quidem</strong></span> <span class='ocrx_word' id='word_1_785' title='bbox 3147 4682 3258 4735; x_wconf 85' lang='lat' dir='ltr'><strong>duo</strong></span> <span class='ocrx_word' id='word_1_786' title='bbox 3287 4686 3525 4739; x_wconf 86' lang='lat' dir='ltr'><strong>consub-</strong></span> 
     </span>
    </p>
   </div>
   <div class='ocr_carea' id='block_1_107' title="bbox 1938 4768 3271 4839">
    <p class='ocr_par' dir='ltr' id='par_1_107' title="bbox 1938 4768 3271 4839">
     <span class='ocr_line' id='line_1_108' title="bbox 1938 4768 3271 4839; baseline 0.008 -20"><span class='ocrx_word' id='word_1_787' title='bbox 1938 4768 2234 4833; x_wconf 86' lang='lat' dir='ltr'><strong>stantialia,</strong></span> <span class='ocrx_word' id='word_1_788' title='bbox 2271 4778 2534 4839; x_wconf 90' lang='lat' dir='ltr'><strong>negantes</strong></span> <span class='ocrx_word' id='word_1_789' title='bbox 2564 4785 2697 4824; x_wconf 79' lang='lat' dir='ltr'><strong>vero</strong></span> <span class='ocrx_word' id='word_1_790' title='bbox 2725 4770 2863 4825; x_wconf 89' lang='lat' dir='ltr'><strong>duas</strong></span> <span class='ocrx_word' id='word_1_791' title='bbox 2891 4773 3271 4829; x_wconf 87' lang='lat' dir='ltr'><strong>substantias?</strong></span> 
     </span>
    </p>
   </div>
   <div class='ocr_carea' id='block_1_108' title="bbox 1936 4899 3526 4976">
    <p class='ocr_par' dir='ltr' id='par_1_108' title="bbox 1936 4899 3526 4976">
     <span class='ocr_line' id='line_1_109' title="bbox 1936 4899 3526 4976; baseline 0.007 -22"><span class='ocrx_word' id='word_1_792' title='bbox 1936 4899 2203 4976; x_wconf 70' lang='lat' dir='ltr'><strong>Oppositio</strong></span> <span class='ocrx_word' id='word_1_793' title='bbox 2243 4905 2295 4955; x_wconf 89' lang='lat' dir='ltr'><strong>in</strong></span> <span class='ocrx_word' id='word_1_794' title='bbox 2319 4903 2468 4976; x_wconf 60' lang='lat' dir='ltr'><strong>illos,</strong></span> <span class='ocrx_word' id='word_1_795' title='bbox 2508 4906 2597 4974; x_wconf 83' lang='lat' dir='ltr'><strong>qui</strong></span> <span class='ocrx_word' id='word_1_796' title='bbox 2635 4905 2815 4959; x_wconf 85' lang='lat' dir='ltr'><strong>dicunt</strong></span> <span class='ocrx_word' id='word_1_797' title='bbox 2847 4908 3227 4976; x_wconf 80' lang='lat' dir='ltr'><strong>particularem</strong></span> <span class='ocrx_word' id='word_1_798' title='bbox 3276 4911 3526 4965; x_wconf 71' lang='lat' dir='ltr'><strong>substan-</strong></span> 
     </span>
    </p>
   </div>
   <div class='ocr_carea' id='block_1_109' title="bbox 2006 4973 3525 5046">
    <p class='ocr_par' dir='ltr' id='par_1_109' title="bbox 2006 4973 3525 5046">
     <span class='ocr_line' id='line_1_110' title="bbox 2006 4973 3525 5046; baseline 0.009 -24"><span class='ocrx_word' id='word_1_799' title='bbox 2006 4973 2276 5046; x_wconf 41' lang='lat' dir='ltr'><strong>tiamncsse</strong></span> <span class='ocrx_word' id='word_1_800' title='bbox 2313 4973 2526 5037; x_wconf 79' lang='lat' dir='ltr'><strong>Patris,</strong></span> <span class='ocrx_word' id='word_1_801' title='bbox 2565 4985 2613 5028; x_wconf 80' lang='lat' dir='ltr'><strong>et</strong></span> <span class='ocrx_word' id='word_1_802' title='bbox 2663 4973 3042 5046; x_wconf 64' lang='lat' dir='ltr'><strong>particularem</strong></span> <span class='ocrx_word' id='word_1_803' title='bbox 3077 4979 3218 5046; x_wconf 83' lang='lat' dir='ltr'><strong>Filii,</strong></span> <span class='ocrx_word' id='word_1_804' title='bbox 3255 4983 3525 5035; x_wconf 81' lang='lat' dir='ltr'><strong>similiter-</strong></span> 
     </span>
    </p>
   </div>
   <div class='ocr_carea' id='block_1_110' title="bbox 2005 5040 2899 5111">
    <p class='ocr_par' dir='ltr' id='par_1_110' title="bbox 2005 5040 2899 5111">
     <span class='ocr_line' id='line_1_111' title="bbox 2005 5040 2899 5111; baseline 0.013 -20"><span class='ocrx_word' id='word_1_805' title='bbox 2005 5057 2103 5108; x_wconf 83' lang='lat' dir='ltr'><strong>que</strong></span> <span class='ocrx_word' id='word_1_806' title='bbox 2136 5040 2363 5111; x_wconf 84' lang='lat' dir='ltr'><strong>Spiritus</strong></span> <span class='ocrx_word' id='word_1_807' title='bbox 2404 5047 2593 5099; x_wconf 79' lang='lat' dir='ltr'><strong>sancti.</strong></span> <span class='ocrx_word' id='word_1_808' title='bbox 2663 5040 2672 5045; x_wconf 52' lang='grc'>⁷</span> <span class='ocrx_word' id='word_1_809' title='bbox 2895 5044 2899 5049; x_wconf 70' lang='grc'><em>’</em></span> 
     </span>
    </p>
   </div>
   <div class='ocr_carea' id='block_1_111' title="bbox 2005 5153 3523 5228">
    <p class='ocr_par' dir='ltr' id='par_1_111' title="bbox 2005 5153 3523 5228">
     <span class='ocr_line' id='line_1_112' title="bbox 2005 5153 3523 5228; baseline 0.01 -23"><span class='ocrx_word' id='word_1_810' title='bbox 2005 5153 2060 5206; x_wconf 91' lang='lat' dir='ltr'><strong>Si</strong></span> <span class='ocrx_word' id='word_1_811' title='bbox 2091 5153 2352 5218; x_wconf 84' lang='lat' dir='ltr'><strong>Verbum,</strong></span> <span class='ocrx_word' id='word_1_812' title='bbox 2383 5157 2691 5210; x_wconf 89' lang='lat' dir='ltr'><strong>secundum</strong></span> <span class='ocrx_word' id='word_1_813' title='bbox 2723 5160 2872 5228; x_wconf 89' lang='lat' dir='ltr'><strong>quod</strong></span> <span class='ocrx_word' id='word_1_814' title='bbox 2905 5171 2989 5214; x_wconf 72' lang='lat' dir='ltr'><strong>est</strong></span> <span class='ocrx_word' id='word_1_815' title='bbox 3026 5162 3293 5223; x_wconf 79' lang='lat' dir='ltr'><strong>Verbum.</strong></span> <span class='ocrx_word' id='word_1_816' title='bbox 3329 5172 3523 5220; x_wconf 83' lang='lat' dir='ltr'><strong>natura</strong></span> 
     </span>
    </p>
   </div>
   <div class='ocr_carea' id='block_1_112' title="bbox 1933 5246 3524 5319">
    <p class='ocr_par' dir='ltr' id='par_1_112' title="bbox 1933 5246 3524 5319">
     <span class='ocr_line' id='line_1_113' title="bbox 1933 5246 3524 5319; baseline 0.009 -22"><span class='ocrx_word' id='word_1_817' title='bbox 1933 5253 2038 5308; x_wconf 89' lang='lat' dir='ltr'><strong>est,</strong></span> <span class='ocrx_word' id='word_1_818' title='bbox 2068 5261 2177 5298; x_wconf 88' lang='lat' dir='ltr'><strong>non</strong></span> <span class='ocrx_word' id='word_1_819' title='bbox 2206 5246 2508 5301; x_wconf 88' lang='lat' dir='ltr'><strong>secundum</strong></span> <span class='ocrx_word' id='word_1_820' title='bbox 2537 5250 2683 5318; x_wconf 90' lang='lat' dir='ltr'><strong>quod</strong></span> <span class='ocrx_word' id='word_1_821' title='bbox 2717 5251 2862 5306; x_wconf 88' lang='lat' dir='ltr'><strong>Deus</strong></span> <span class='ocrx_word' id='word_1_822' title='bbox 2885 5264 3002 5318; x_wconf 87' lang='lat' dir='ltr'><strong>est;</strong></span> <span class='ocrx_word' id='word_1_823' title='bbox 3035 5263 3088 5307; x_wconf 89' lang='lat' dir='ltr'><strong>et</strong></span> <span class='ocrx_word' id='word_1_824' title='bbox 3115 5255 3296 5319; x_wconf 86' lang='lat' dir='ltr'><strong>Pater,</strong></span> <span class='ocrx_word' id='word_1_825' title='bbox 3328 5272 3524 5311; x_wconf 86' lang='lat' dir='ltr'><strong>secun-</strong></span> 
     </span>
    </p>
   </div>
   <div class='ocr_carea' id='block_1_113' title="bbox 1931 5336 3522 5418">
    <p class='ocr_par' dir='ltr' id='par_1_113' title="bbox 1931 5336 3522 5418">
     <span class='ocr_line' id='line_1_114' title="bbox 1931 5336 3522 5418; baseline 0.009 -30"><span class='ocrx_word' id='word_1_826' title='bbox 1931 5336 2061 5389; x_wconf 87' lang='lat' dir='ltr'><strong>dum</strong></span> <span class='ocrx_word' id='word_1_827' title='bbox 2087 5337 2235 5406; x_wconf 90' lang='lat' dir='ltr'><strong>quod</strong></span> <span class='ocrx_word' id='word_1_828' title='bbox 2265 5339 2444 5403; x_wconf 87' lang='lat' dir='ltr'><strong>Pater,</strong></span> <span class='ocrx_word' id='word_1_829' title='bbox 2478 5351 2670 5396; x_wconf 90' lang='lat' dir='ltr'><strong>natura</strong></span> <span class='ocrx_word' id='word_1_830' title='bbox 2697 5354 2801 5406; x_wconf 91' lang='lat' dir='ltr'><strong>est,</strong></span> <span class='ocrx_word' id='word_1_831' title='bbox 2833 5355 2885 5397; x_wconf 89' lang='lat' dir='ltr'><strong>et</strong></span> <span class='ocrx_word' id='word_1_832' title='bbox 2911 5361 3016 5398; x_wconf 92' lang='lat' dir='ltr'><strong>non</strong></span> <span class='ocrx_word' id='word_1_833' title='bbox 3042 5347 3347 5401; x_wconf 87' lang='lat' dir='ltr'><strong>secundum</strong></span> <span class='ocrx_word' id='word_1_834' title='bbox 3375 5350 3522 5418; x_wconf 71' lang='lat' dir='ltr'><strong>qvod</strong></span> 
     </span>
    </p>
   </div>
   <div class='ocr_carea' id='block_1_114' title="bbox 1934 5427 3522 5509">
    <p class='ocr_par' dir='ltr' id='par_1_114' title="bbox 1934 5427 3522 5509">
     <span class='ocr_line' id='line_1_115' title="bbox 1934 5427 3522 5509; baseline 0.009 -29"><span class='ocrx_word' id='word_1_835' title='bbox 1934 5427 2079 5481; x_wconf 90' lang='lat' dir='ltr'><strong>Deus</strong></span> <span class='ocrx_word' id='word_1_836' title='bbox 2132 5436 2254 5492; x_wconf 81' lang='lat' dir='ltr'><strong>est,</strong></span> <span class='ocrx_word' id='word_1_837' title='bbox 2308 5439 2363 5484; x_wconf 90' lang='lat' dir='ltr'><strong>et</strong></span> <span class='ocrx_word' id='word_1_838' title='bbox 2415 5431 2656 5500; x_wconf 87' lang='lat' dir='ltr'><strong>Spiritus</strong></span> <span class='ocrx_word' id='word_1_839' title='bbox 2717 5446 2959 5500; x_wconf 86' lang='lat' dir='ltr'><strong>sanctus,</strong></span> <span class='ocrx_word' id='word_1_840' title='bbox 2999 5438 3305 5492; x_wconf 86' lang='lat' dir='ltr'><strong>secundum</strong></span> <span class='ocrx_word' id='word_1_841' title='bbox 3373 5441 3522 5509; x_wconf 87' lang='lat' dir='ltr'><strong>quod</strong></span> 
     </span>
    </p>
   </div>
   <div class='ocr_carea' id='block_1_115' title="bbox 1930 5519 3524 5600">
    <p class='ocr_par' dir='ltr' id='par_1_115' title="bbox 1930 5519 3524 5600">
     <span class='ocr_line' id='line_1_116' title="bbox 1930 5519 3524 5600; baseline 0.01 -30"><span class='ocrx_word' id='word_1_842' title='bbox 1930 5519 2241 5587; x_wconf 81' lang='lat' dir='ltr'><strong>procedens</strong></span> <span class='ocrx_word' id='word_1_843' title='bbox 2273 5531 2468 5576; x_wconf 86' lang='lat' dir='ltr'><strong>natura</strong></span> <span class='ocrx_word' id='word_1_844' title='bbox 2501 5535 2606 5588; x_wconf 90' lang='lat' dir='ltr'><strong>est,</strong></span> <span class='ocrx_word' id='word_1_845' title='bbox 2641 5535 2698 5580; x_wconf 85' lang='lat' dir='ltr'><strong>et</strong></span> <span class='ocrx_word' id='word_1_846' title='bbox 2733 5543 2841 5580; x_wconf 93' lang='lat' dir='ltr'><strong>non</strong></span> <span class='ocrx_word' id='word_1_847' title='bbox 2869 5529 3174 5584; x_wconf 84' lang='lat' dir='ltr'><strong>secundum</strong></span> <span class='ocrx_word' id='word_1_848' title='bbox 3202 5530 3347 5600; x_wconf 87' lang='lat' dir='ltr'><strong>quod</strong></span> <span class='ocrx_word' id='word_1_849' title='bbox 3377 5532 3524 5586; x_wconf 85' lang='lat' dir='ltr'><strong>Deus</strong></span> 
     </span>
    </p>
   </div>
   <div class='ocr_carea' id='block_1_116' title="bbox 1929 5612 3520 5688">
    <p class='ocr_par' dir='ltr' id='par_1_116' title="bbox 1929 5612 3520 5688">
     <span class='ocr_line' id='line_1_117' title="bbox 1929 5612 3520 5688; baseline 0.009 -25"><span class='ocrx_word' id='word_1_850' title='bbox 1929 5619 2045 5674; x_wconf 89' lang='lat' dir='ltr'><strong>est;</strong></span> <span class='ocrx_word' id='word_1_851' title='bbox 2098 5612 2294 5666; x_wconf 89' lang='lat' dir='ltr'><strong>horum</strong></span> <span class='ocrx_word' id='word_1_852' title='bbox 2360 5625 2554 5670; x_wconf 85' lang='lat' dir='ltr'><strong>neuter</strong></span> <span class='ocrx_word' id='word_1_853' title='bbox 2610 5627 2805 5673; x_wconf 84' lang='lat' dir='ltr'><strong>natura</strong></span> <span class='ocrx_word' id='word_1_854' title='bbox 2863 5621 3006 5676; x_wconf 88' lang='lat' dir='ltr'><strong>Deus</strong></span> <span class='ocrx_word' id='word_1_855' title='bbox 3059 5623 3195 5688; x_wconf 87' lang='lat' dir='ltr'><strong>erit;</strong></span> <span class='ocrx_word' id='word_1_856' title='bbox 3246 5623 3520 5688; x_wconf 84' lang='lat' dir='ltr'><strong>siquidem</strong></span> 
     </span>
    </p>
   </div>
   <div class='ocr_carea' id='block_1_117' title="bbox 1931 5699 3523 5785">
    <p class='ocr_par' dir='ltr' id='par_1_117' title="bbox 1931 5699 3523 5785">
     <span class='ocr_line' id='line_1_118' title="bbox 1931 5699 3523 5785; baseline 0.01 -32"><span class='ocrx_word' id='word_1_857' title='bbox 1931 5699 2101 5764; x_wconf 81' lang='lat' dir='ltr'><strong>Deus,</strong></span> <span class='ocrx_word' id='word_1_858' title='bbox 2156 5704 2380 5760; x_wconf 86' lang='lat' dir='ltr'><strong>minime</strong></span> <span class='ocrx_word' id='word_1_859' title='bbox 2461 5710 2791 5777; x_wconf 87' lang='lat' dir='ltr'><strong>paternitas,</strong></span> <span class='ocrx_word' id='word_1_860' title='bbox 2865 5712 3053 5766; x_wconf 83' lang='lat' dir='ltr'><strong>tifiatio</strong></span> <span class='ocrx_word' id='word_1_861' title='bbox 3120 5725 3175 5768; x_wconf 89' lang='lat' dir='ltr'><strong>et</strong></span> <span class='ocrx_word' id='word_1_862' title='bbox 3239 5716 3523 5785; x_wconf 84' lang='lat' dir='ltr'><strong>processio</strong></span> 
     </span>
    </p>
   </div>
   <div class='ocr_carea' id='block_1_118' title="bbox 1928 5795 3524 5865">
    <p class='ocr_par' dir='ltr' id='par_1_118' title="bbox 1928 5795 3524 5865">
     <span class='ocr_line' id='line_1_119' title="bbox 1928 5795 3524 5865; baseline 0.008 -21"><span class='ocrx_word' id='word_1_863' title='bbox 1928 5802 2039 5852; x_wconf 84' lang='lat' dir='ltr'><strong>est;</strong></span> <span class='ocrx_word' id='word_1_864' title='bbox 2092 5795 2238 5862; x_wconf 84' lang='lat' dir='ltr'><strong>quod</strong></span> <span class='ocrx_word' id='word_1_865' title='bbox 2293 5797 2336 5849; x_wconf 85' lang='lat' dir='ltr'><strong>si</strong></span> <span class='ocrx_word' id='word_1_866' title='bbox 2388 5814 2493 5850; x_wconf 87' lang='lat' dir='ltr'><strong>non</strong></span> <span class='ocrx_word' id='word_1_867' title='bbox 2538 5800 2683 5852; x_wconf 86' lang='lat' dir='ltr'><strong>Deus</strong></span> <span class='ocrx_word' id='word_1_868' title='bbox 2725 5811 2829 5865; x_wconf 75' lang='lat' dir='ltr'><strong>est,</strong></span> <span class='ocrx_word' id='word_1_869' title='bbox 2865 5815 3114 5857; x_wconf 74' lang='lat' dir='ltr'><strong>creatura</strong></span> <span class='ocrx_word' id='word_1_870' title='bbox 3163 5806 3407 5858; x_wconf 89' lang='lat' dir='ltr'><strong>omnino.</strong></span> <span class='ocrx_word' id='word_1_871' title='bbox 3455 5804 3524 5858; x_wconf 70' lang='lat' dir='ltr'><strong>Et</strong></span> 
     </span>
    </p>
   </div>
  </div>
