4118 6474
625 315 770 381 2947

1664 319 1729 379 S.
1770 316 2090 378 EULOGII
2129 316 2483 376 ABCHlEP.
2526 318 2906 383 ALEXAND.

3768 320 3907 386 2918

629 443 855 483 rursus:
889 426 950 482 ln
976 426 1179 497 quibus
1218 426 1584 497 distinguitur
1612 441 1642 481 a
1671 426 1835 481 Patre
1866 414 2133 489 Verbum,
2167 425 2214 479 in

2326 425 2540 488 τούτοις
2586 425 2642 477 δὲ
2685 428 2779 478 καὶ
2813 427 2949 496 πρὸς
2980 426 3078 496 τὴν
3107 426 3285 496 σάρκα
3312 427 3635 505 ταυτίζετάι
3664 431 3694 481 ό
3714 430 3906 498 Λόγος⁸

630 510 718 573 his
742 526 941 573 natura
979 524 1087 583 est,
1120 516 1315 576 iisdem
1350 530 1483 572 vero
1515 515 1597 570 ad‘
1626 530 1851 571 carnem
1883 515 2219 570 assimilatur

627 608 894 673 Verbum,
920 608 1169 678 ejusdem
1212 608 1434 678 quidem
1478 608 1553 661 ita
1594 607 1944 675 naturre‘erit
1981 622 2045 660 ac
2067 622 2215 669 caro,

624 701 852 775 alterius
898 708 1083 755 autem
1118 712 1326 753 natura:
1365 714 1429 753 ac
1454 699 1638 753 Pater.
1686 698 2134 768 Singularitatem
2160 697 2216 752 in

625 791 1023 847 communitate
1073 798 1287 843 natura:
1329 789 1495 844 habet
1526 805 1650 843 cum
1682 787 2219 859 particularitatibus

620 897 748 951 quae
782 883 935 936 illum
972 897 1003 936 a
1033 877 1435 935 communitate
1483 880 1852 951 distinguunt,
1881 894 1991 933 non
2016 894 2217 933 secun~

624 974 759 1027 dum
804 982 965 1027 notas
991 988 1116 1042 qua:
1142 973 1303 1041 illum
1329 972 1399 1027 ab
1426 972 1620 1027 iisdem
1650 970 1958 1026 substantia
1982 969 2214 1039 reliquis

606 1065 999 1134 distinguunt,
1031 1061 1347 1118 communis
1374 1063 1719 1131 ejusnatura
1749 1068 1867 1126 est:
1898 1060 1992 1115 sed
2023 1077 2215 1115 secun-

621 1154 753 1207 dum
806 1162 977 1208 totam
1005 1164 1124 1209 toto
1164 1154 1219 1208 in
1251 1154 1345 1208 illo
1372 1154 1732 1207 exsistentem
1759 1152 2020 1225 distincte
2051 1162 2215 1207 natu-

623 1230 762 1297 ram.
801 1243 923 1297 Non
951 1244 1100 1298 enim
1128 1242 1281 1297 aliud
1316 1250 1405 1297 est
1434 1240 1797 1297 subsistentia
1827 1241 1976 1296 circa
1999 1240 2218 1296 divinos

620 1333 935 1401 genitores,
993 1347 1057 1386 ac
1102 1326 1413 1385 substantia
1466 1346 1593 1386 cum
1648 1330 2213 1402 particularitatibus.

621 1423 864 1493 Superat
898 1426 1047 1477 enim
1080 1423 1310 1478 omnino
1335 1409 1850 1493 subsistentia'ejus
1895 1422 2218 1477 substantias

620 1514 1025 1585 distinguentes
1054 1516 1120 1570 ab
1143 1516 1209 1569 iis
1240 1517 1333 1585 qui
1366 1516 1613 1586 ejusdem
1646 1514 1853 1584 speciei
1885 1524 2016 1575 sunt
2042 1516 2216 1584 parti-

620 1607 963 1661 cularitates.
1013 1608 1171 1663 Unde
1205 1608 1343 1661 nihil
1377 1610 1433 1661 in
1463 1606 1790 1662 substantia:
1828 1608 1990 1662 istius
2017 1605 2218 1662 deﬁni-

532 1736 537 1739 ι
623 1697 774 1750 tione
806 1697 1133 1760 assumitur,
1162 1696 1268 1762 sed
1313 1696 1374 1749 in
1417 1694 1782 1759 indicatione,
1815 1693 2090 1762 siquidem
2122 1708 2218 1762 ap.

622 1789 867 1857 parentia
899 1787 1076 1841 solum
1111 1787 1377 1849 occurrit,
1401 1802 1511 1840 non
1545 1786 1875 1842 substantia.
1903 1785 2035 1860 ldeq
2062 1785 2216 1839 Basi-

619 1878 729 1933 lius
773 1877 929 1940 dicit,
967 1892 1247 1947 quemque
1288 1885 1542 1931 nostrum
1576 1874 1857 1930 communi
1887 1875 2211 1929 substantia:

542 2022 543 2027 η
621 1969 838 2025 ratione
857 1970 1193 2025 exsistentire
1216 1970 1571 2039 participare;
1599 1978 1653 2023 et
1678 1967 2212 2038 particularitatibus

621 2076 719 2129 per
769 2060 1040 2130 singulos,
1096 2061 1260 2113 talem
1313 2071 1409 2114 aut
1459 2060 1624 2115 talem
1659 2072 1936 2129 quemque
1970 2072 2114 2131 esse.
2154 2052 2210 2110 Si

620 2157 954 2229 cogitatione
980 2165 1295 2210 .moventes
1328 2170 1521 2209 munes
1561 2169 1684 2223 qua:
1723 2154 2044 2229 contingere
2089 2167 2213 2221 pns—

621 2255 752 2301 sunt
788 2246 1278 2316 particularitates,
1311 2256 1366 2299 et
1396 2246 1546 2299 Petri
1590 2253 1845 2298 naturam
1874 2245 2045 2313 ipsam
2076 2258 2210 2296 con-

620 2337 963 2400 siderantes.
1027 2339 1102 2391 ita
1159 2338 1477 2392 deﬁniendo
1538 2336 1807 2400 dicimus,
1869 2336 2025 2389 illum
2088 2350 2209 2389 esse

622 2429 822 2482 animal
856 2430 1184 2483 rationabile
1216 2430 1470 2483 mortale.
1509 2429 1711 2483 Eadem
1748 2438 1932 2481 autem
1962 2410 2211 2481 deﬁnitio

624 2522 677 2575 in
737 2530 938 2575 natura
994 2522 1323 2591 simpliciter
1360 2536 1389 2575 a
1435 2520 1597 2574 nobis
1640 2520 1983 2589 assignatur;
2016 2518 2209 2571 eadem

621 2628 754 2683 ergo
799 2613 907 2668 erit
960 2614 1101 2666 ratio
1144 2614 1199 2666 in
1240 2624 1435 2667 natura
1463 2612 1816 2681 simpliciter,
1847 2620 1905 2665 et
1931 2611 1984 2663 in
2015 2620 2208 2664 natura

624 2704 679 2756 ia
726 2704 913 2772 aliquo
956 2703 1325 2757 considerata.
1372 2702 1660 2769 Quomodo
1701 2703 1869 2771 igitur
1910 2717 2019 2755 non
2051 2716 2211 2770 posse

622 2809 973 2849 communem
1006 2795 1079 2848 in
1128 2794 1361 2863 singulis
1410 2802 1665 2848 naturam
1700 2809 1843 2856 esse,
1880 2794 1984 2848 etsi
2014 2793 2212 2861 saepius

622 2903 689 2940 ex
720 2888 810 2940 illa
844 2886 1071 2949 dicitur,
1104 2902 1131 2937 a
1163 2886 1319 2937 vobis
1355 2884 1657 2938 all'lrmatur
1693 2885 1716 2937 ?
1744 2885 1815 2937 ita
1845 2892 1897 2937 ut
1933 2895 2125 2939 natura
2156 2884 2210 2936 in

624 2976 1211 3048 singuliscommunis,
1252 2976 1611 3030 subsistentia
1647 2984 1828 3029 autem
1863 2976 2212 3044 partieularis

624 3070 717 3124 sit.
758 3069 811 3123 Si
842 3083 1188 3122 communem
1216 3077 1467 3121 naturam
1492 3067 1729 3121 Verbum
1754 3081 1864 3119 non
1891 3066 2207 3133 assumpsit.
2238 3102 2282 3159 Ω

624 3177 957 3216 excusamur
998 3175 1099 3214 nos
1141 3160 1288 3229 quod
1336 3168 1590 3212 naturain
1638 3157 1877 3211 dicimus
1920 3158 2074 3210 illum
2127 3173 2212 3210 asc

627 3252 962 3321 sumpsisse.
1013 3266 1124 3302 non
1171 3248 1392 3319 quidem
1448 3247 1896 3302 subsistentiales
1946 3246 2214 3315 cujusque

626 3341 1096 3413 particularitates
1122 3359 1135 3393 :
1176 3341 1260 3394 Ita:
1288 3340 1440 3394 enim
1465 3338 1713 3393 eiliciunt
1751 3337 1949 3392 Judam
1976 3353 2098 3392 esse
2130 3346 2214 3391 ta-

627 3436 734 3489 lem
774 3442 868 3487 aut
900 3434 1098 3495 talem;
1132 3431 1280 3501 quod
1311 3430 1569 3485 omnibus
1598 3429 1826 3483 omnino
1851 3429 2077 3483 evidens
2106 3437 2210 3483 est.

584 3550 587 3554 ν
628 3528 756 3582 ideo
786 3543 816 3581 e
849 3526 1243 3580 cummunibus
1284 3522 1612 3577 substantiis
1656 3522 1917 3575 unionem
1966 3520 2085 3574 ﬁeri
2128 3520 2213 3573 di—

626 3629 835 3681 centes,
870 3633 979 3670 non
1015 3616 1417 3671 necessitamur
1448 3601 1713 3669 inducere
1745 3628 1937 3667 omnes
1984 3613 2036 3666 in
2070 3612 2213 3679 invi:

628 3726 749 3764 cem
776 3703 1190 3771 sulisistentias,
1226 3716 1287 3759 ut
1317 3706 1407 3759 isti
1447 3705 1747 3775 hypocrita:
1776 3705 2123 3759 cavillantur.
2159 3691 2214 3757 Si

631 3801 798 3871 igitur
824 3798 1119 3869 perfectam
1151 3806 1207 3851 ct
1232 3796 1559 3865 completam
1587 3804 1643 3849 et
1672 3793 2213 3862 superabundantem

628 3894 685 3947 in
730 3893 823 3946 illo
869 3891 1179 3945 divinitatis
1222 3898 1471 3953 naturam
1521 3888 1801 3940 hominem
1853 3886 2049 3940 factam
2093 3900 2214 3939 esse

627 3984 888 4044 dicimus.
938 3998 1061 4053 qua:
1104 3981 1410 4037 necessitas
1457 3979 1605 4048 cogit
1654 3993 1756 4033 nos
1810 3978 1936 4032 talia
1978 3977 2216 4031 dicendo

630 4081 693 4126 ut
730 4072 944 4126 Patrem
990 4082 1047 4125 et
1078 4069 1348 4138 Spiritum
1388 4068 1451 4122 ad
1488 4067 1733 4122 hominis
1781 4066 2213 4135 assumptionein

628 4180 853 4236 quoque
878 4165 1105 4217 omnino
1128 4160 1524 4215 demittamus?
1555 4158 1845 4225 Quomodo
1863 4158 2030 4236 enim,
2052 4157 2215 4211 Petro

629 4256 923 4319 cruciﬁxo,
953 4264 1009 4309 et
1028 4255 1201 4308 Paulo
1224 4254 1521 4316 decollato,
1551 4266 1619 4306 eo
1645 4250 1793 4321 quod
1818 4232 2032 4305 illorum
2066 4257 2216 4302 uter-

628 4365 738 4419 que
766 4348 983 4418 plenam
1016 4356 1073 4400 et
1096 4346 1427 4414 completam
1455 4344 1595 4398 cum'
1615 4341 1937 4397 hominibus
1968 4355 2215 4395 commu-

2320 515 2568 586 ὀμοφυὴς
2605 517 2704 585 μὲν
2735 517 2886 588 ἔσται
2921 519 3067 571 οὕτω
3096 535 3160 585 γε
3190 521 3255 588 τῇ
3284 521 3490 590 σαρκὶ,
3524 521 3822 591 ὲτεροφυὴς
3850 523 3911 575 δὶ

2319 608 2396 677 τῷ
2419 608 2599 677 Πατρι
2620 624 2635 638 ’
2671 612 2733 660 τὸ
2759 608 3100 661 καθέκαστον
3124 609 3185 661 τὸ
3208 609 3389 663 κοινὸν
3409 608 3552 679 ἔχων
3578 594 3675 680 τῆς
3696 610 3913 678 φύσεως

2324 698 2461 766 μετὰ
2486 696 2594 750 τῶν
2617 700 2990 769 ἀφοριστικῶν
3020 699 3187 753 αὐτοῦ
3212 700 3322 753 άπὸ
3347 700 3443 753 τοῦ
3466 701 3650 754 κοινοῦ
3680 702 3911 768 ἰδιωμάο

2319 803 2427 838 των
2448 829 2463 852 ,
2514 788 2574 840 οὐ
2610 789 2752 842 κατά
2782 791 2847 842 τὰ
2876 790 3205 860 ἀφοριστικά
3232 791 3396 845 αὑτοῦ
3434 792 3545 844 ἀπὸ
3574 792 3683 845 τῶν
3705 792 3913 845 λοιπῶν

2324 879 2659 945 όμοουσίων,
2718 883 2859 933 κατὰ
2895 883 3069 935 ταῦτα
3106 885 3139 952 ἠ
3174 883 3330 955 κοινὴ
3358 882 3522 954 φύσις
3550 884 3735 938 ἐστίν’
3771 886 3914 938 ἀλλὰ

2324 966 2463 1017 κατὰ
2520 968 2620 1035 τὴν
2664 967 2793 1037 ὃλην
2838 969 2944 1040 ὅλῳ
2982 970 3400 1040 ἐνυπάρχουσαν
3426 970 3591 1041 αὐτῷ
3618 972 3911 1042 όριστικῶς

2323 1057 2507 1124 φύσιν.
2552 1059 2687 1112 Οὐδὲ
2719 1061 2825 1130 γὰρ
2852 1061 3044 1132 ἕτερόν
3074 1063 3584 1133 ὲστινήὺπόστασις
3615 1064 3913 1121 accrate-3:

2321 1148 2615 1216 050;6pou:
2647 1150 2898 1219 Πατέρας
2920 1189 2936 1213 ,
2983 1151 3016 1221 ἢ
3056 1152 3213 1204 οὐσία
3263 1152 3404 1221 μετὰ
3432 1153 3540 1204 τῶν
3574 1153 3838 1223 ἰδιωμάτι.
3857 1168 3911 1205 ν’

2320 1227 2630 1308 περιττεύει
2679 1242 2789 1313 γάρ
2842 1243 3064 1306 πάντως
3129 1244 3163 1313 ή
3211 1244 3514 1307 ὑπόστασις
3572 1244 3672 1314 τῆς
3718 1246 3914 1306 οὐσίας

2320 1331 2493 1396 αὐτῆς
2544 1334 2657 1395 τοῖς
2698 1337 3075 1404 ἁςροριστικοῖς
3115 1335 3223 1388 ἀπὸ
3257 1334 3366 1387 τῶν
3396 1334 3603 1388 λοιπῶν
3641 1337 3913 1403 ὁμοειδῶν

2325 1418 2615 1489 ίὸιὼμασιν
2636 1438 2649 1451 ·
2699 1423 2823 1476 ὅθεν
2857 1423 3012 1477 οὐδὲν
3044 1426 3102 1476 ιν
3133 1424 3210 1494 τῷ
3237 1426 3350 1495 ὅρῳ
3388 1414 3493 1493 τῆς
3522 1425 3710 1487 οὐσίας
3736 1426 3911 1493 αὐτῆς

2320 1511 2687 1581 λαμϐάνεται,
2728 1516 2845 1567 ἀλλ’
2874 1518 2933 1569 ὲν
2961 1518 3025 1585 τῇ
3057 1512 3375 1591 ὑπογραῖρνῇ.
3411 1518 3600 1589 ἐπειδὴ
3630 1518 3912 1571 ὲπουσιώ-

2319 1600 2381 1671 δη
2438 1605 2838 1673 τυγχάνουσιν,
2896 1607 2996 1659 οὐκ
3047 1607 3303 1675 οὐσιώδη.
3357 1606 3449 1659 Διὸ
3493 1608 3590 1661 καὶ
3626 1608 3913 1672 Βασίλειός

2321 1710 2487 1762 φησιν
2510 1734 2525 1758 ,
2579 1696 2662 1747 ὅτι
2699 1696 2931 1760 ἕκαστος
2958 1697 3116 1768 ήμῶν
3148 1698 3245 1756 καὶ
3276 1694 3355 1767 τῷ
3386 1697 3552 1768 κοινῷ
3586 1700 3687 1768 τῆς
3714 1699 3913 1762 οὐσίας

2255 1780 2295 1836 Β
2319 1785 2464 1856 λόγῳ
2497 1786 2591 1839 τοῦ
2625 1782 2764 1839 εἶναι
2797 1789 3013 1858 μετέχει
3038 1806 3051 1819 ο
3110 1781 3203 1842 xal
3246 1792 3363 1853 τοῖς
3394 1790 3522 1860 περὶ
3547 1790 3730 1845 αὐτῶν
3763 1790 3915 1842 ῐδιώο

2320 1894 2485 1946 μασιν
2511 1917 2526 1937 ,
2564 1880 2593 1931 ὁ
2625 1877 2774 1933 δεῖνά
2799 1881 2915 1933 ἐστι
2949 1881 3040 1933 καὶ
3073 1882 3101 1933 ὁ
3128 1881 3298 1952 δεῖνα.
3355 1882 3417 1939 El
3452 1882 3807 1953 χωρήσαντες
3840 1887 3912 1953 τῇ

2314 1968 2533 2038 ἐπινοίᾳ
2563 1969 2633 2021 τὰ
2666 1970 3056 2040 συμϐεϐηκότα
3087 1971 3353 2040 ἰδιώματα
3377 2010 3392 2033 ,
3447 1973 3543 2025 καὶ
3586 1972 3675 2040 ἐφ’
3704 1974 3917 2043 ἑαυτὴν

2314 2058 2412 2128 τὴν
2443 2060 2650 2129 Πέτρου
2681 2055 3057 2131 σκοπήσαντες
3083 2062 3268 2133 φύσιν,
3304 2064 3614 2133 ὁριζόμενοι
3637 2063 3785 2117 οὕτω
3819 2064 3918 2117 λέ-

2314 2165 2509 2217 γομεν,
2546 2152 2629 2203 ὅτι
2662 2150 2802 2213 ζῶον
2825 2152 3041 2221 λογικὸν
3075 2154 3290 2223 θνητόν·
3328 2156 3356 2205 ό
3387 2155 3543 2217 αὐτὸς
3574 2156 3629 2207 δὲ
3658 2156 3787 2224 ὄρος
3815 2156 3918 2209 καὶ

2316 2242 2408 2292 ἐπὶ
2458 2242 2555 2308 τῆς
2606 2242 2793 2305 άπλῶς
2848 2243 3063 2313 φύσεως
3121 2246 3263 2316 παρ’
3310 2247 3470 2315 ἡμῶν
3502 2246 3918 2325 ἀποδίδοται,9

2314 2331 2475 2393 αὐτὸς
2505 2332 2610 2403 ἄρα
2638 2332 2789 2417 ἔσται
2814 2333 2970 2402 λόγος
2994 2338 3087 2388 ἐπὶ
3108 2338 3206 2408 τῆς
3230 2336 3672 2404 άπλῶςζφύσεως,
3698 2336 3794 2389 καὶ
3817 2338 3919 2388 ἐπὶ

2313 2424 2410 2493 τῆς
2442 2425 2498 2475 ἔν
2519 2441 2623 2478 τινι
2654 2424 3057 2496 θεωρουμένηςο
3094 2428 3190 2481 ποῦ
3217 2429 3308 2491 οὖν
3334 2429 3396 2482 τὸ
3424 2429 3499 2500 μὴ
3523 2429 3787 2482 δύνασθαι
3810 2428 3921 2496 τὴν

2316 2516 2500 2583 φύσιν,
2534 2516 2627 2569 τοῦ
2658 2516 2783 2569 καθ’
2812 2517 3045 2571 ἕκαστον
3077 2520 3265 2587 κοινὴν
3291 2515 3461 2583 εἶναι,
3498 2519 3604 2572 κᾶν
3632 2519 3919 2581 πολλάκις

2292 2606 2374 2671 ’ἐξ
2414 2608 2584 2687 αὐτῆς
2619 2608 2885 2677 λέγηται,
2926 2611 3064 2681 ὅπερ
3102 2610 3161 2664 ἓν
3200 2610 3545 2681 βεϐαιοῦται;
3574 2610 3717 2662 ὥστε
3745 2610 3779 2673 ἡ
3807 2610 3920 2677 μὲν

2266 2704 2277 2712 ”
2315 2700 2475 2767 φύσις
2506 2697 2601 2751 τοῦ
2631 2700 2753 2754 καθ’
2777 2701 3009 2765 ἕκαστον
3041 2701 3231 2771 κοινὴ,
3269 2703 3301 2772 ἠ
3329 2700 3376 2754 δ’
3406 2702 3705 2763 ὑπόστασις
3734 2702 3918 2772 ιδική.

2314 2792 2377 2844 Ei
2422 2791 2519 2861 τὴν
2556 2795 2745 2863 κοινὴν
2779 2794 2941 2862 φύσιν
2984 2795 3013 2846 ό
3056 2796 3230 2863 Λόγος
3277 2797 3380 2849 οὐκ
3428 2794 3729 2858 ἀνέλαϐεν,
3768 2796 3921 2849 ἁπο-

2316 2882 2628 2952 λογούμεθα
2660 2885 2825 2954 ἡμεῖς
2843 2924 2857 2948 ,
2896 2884 2977 2936 ὅτι
3004 2884 3104 2953 τὴν
3126 2884 3291 2948 φύσιν
3316 2887 3544 2955 εἴπομεν
3570 2885 3736 2938 αὑτὸν
3762 2885 3919 2938 ἀνα-

2314 2971 2502 3025 λαϐεῖν
2528 3014 2542 3038 ,
2600 2975 2671 3045 ού
2714 2975 2820 3044 μὴν
2852 2975 2921 3026 τὰ
2945 2974 3297 3033 summm:
3325 2976 3561 3029 ἑκάστου
3594 2976 3879 3045 ἰδιώματα
3900 2993 3916 3007 ⁶

2314 3063 2487 3115 ταῦτα
2518 3064 2627 3132 γὰρ
2658 3044 2805 3115 ⁸ἷκτοιεί
2833 3065 2924 3118 τὸν
2950 3062 3150 3117 Ἰούδαν
3183 3067 3395 3120 καὶτὸν
3424 3067 3573 3120 δεῖνα
3592 3083 3605 3095 ·
3640 3067 3669 3119 ὅ
3702 3083 3759 3119 τι
3787 3069 3920 3131 τοῖς

2318 3153 2547 3206 καθόλου
2591 3155 2758 3207 πᾶσιν
2793 3156 2941 3208 ἔστιν
2972 3153 3213 3226 εῦδηλον.
3256 3157 3458 3227 Διόπερ
3492 3159 3559 3210 ἐκ
3588 3156 3788 3210 κοινῶν
3820 3160 3921 3211 οὐ-

2318 3245 2451 3297 σιῶν
2483 3245 2734 3313 λέγοντες
2766 3246 2863 3313 τὴν
2892 3247 3083 3299 ἕνωσιν
3110 3247 3363 3314 γενέσθαι
3386 3287 3401 3310 ,
3456 3248 3557 3301 οὐκ
3590 3246 3920 3313 άναγκαζό·

2320 3336 2460 3405 μεθα
2504 3337 2848 3403 συνεισάγειν
2886 3338 2983 3396 τὰς
3017 3338 3109 3389 ὑπ’
3136 3338 3307 3400 αὐτὰς
3335 3339 3664 3400 ὑποστάσεις
3691 3336 3914 3399 πάσας.

2315 3426 2391 3487 ὡς
2439 3427 2486 3477 οἱ
2538 3426 2877 3495 συκοφάνται
2917 3426 3198 3497 ληροῦσιν.
3251 3428 3315 3480 El
3349 3428 3527 3481 τοίνυν
3560 3428 3775 3481 τελείαν
3810 3429 3916 3483 καὶ

2315 3514 2581 3586 ἀνελλιπῆ
2621 3518 2715 3569 καὶ
2760 3518 3091 3590 ὐπερπλήρη
3122 3518 3315 3589 ἔχοντα
3357 3521 3415 3573 ἑν
3447 3520 3625 3592 ἑαυτῷ
3654 3518 3754 3590 τῆς
3780 3520 3917 3575 θεό-

2315 3624 2477 3675 τητος
2504 3606 2600 3678 τὴν
2620 3607 2782 3675 φύσιν
2803 3608 3228 3679 ὲνανθρωπῆσαι
3250 3609 3505 3680 λέγομεν,
3531 3611 3661 3663 ποία
3684 3611 3915 3681 ἀνάγκη

2318 3699 2464 3766 ἡμᾶς
2499 3696 2656 3749 τοῦτο
2687 3698 2945 3764 λέγοντας
2974 3698 3195 3762 πάντως
3226 3701 3323 3753 καὶ
3351 3700 3442 3754 τὸν
3471 3701 3695 3771 Πατέρα
3723 3701 3826 3755 καὶ
3852 3704 3919 3754 τδ

2318 3790 2543 3860 Πνεῦμα
2570 3790 2962 3855 καταϐιϐάζειν
2990 3793 3071 3854 εἰς
3096 3793 3195 3862 τὴν
3221 3792 3664 3864 ὲνανθρώπησινς
3700 3792 3768 3843 Ti
3796 3792 3918 3863 γὰρ

2321 3885 2528 3954 Πέτρου
2563 3883 2970 3953 σταυρωθέντος
3022 3884 3055 3953 ἢ
3093 3884 3310 3936 Παύλου
3338 3883 3776 3954 ἀποτμηθέντος.
3816 3888 3918 3937 καὶ

2319 3972 2552 4043 θατέρου
2606 3972 2789 4024 αὐτῶν
2844 3974 3028 4044 πλήρη
3085 3975 3177 4027 καὶ
3224 3973 3523 4045 ὁλόκληρον
3574 3975 3675 4043 τὴν
3717 3976 3916 4043 κοινὴν

2317 4066 2531 4135 ἔχοντος
2578 4065 2689 4119 τῶν
2735 4065 3040 4137 ἀνθρώπων
3078 4067 3243 4135 φύσιν
3266 4107 3282 4131 ,
3334 4068 3460 4128 τοὺς
3488 4066 3714 4129 λοιποὺς
3748 4066 3916 4117 τοῦτο

2317 4157 2660 4227 παρέϐλαψε,
2699 4159 2825 4219 τοὺς
2856 4156 2961 4209 ὑπὸ
2986 4157 3083 4228 τὴν
3106 4157 3278 4227 αὐτὴν
3304 4157 3680 4225 ἀναγομένους
3707 4155 3912 4223 (pacm;

2316 4250 2397 4301 ὅτι
2432 4250 2493 4300 οὔ
2526 4249 2775 4314 φύσεων,
2813 4247 2929 4301 ἀλλ’
2961 4248 3316 4301 ὑποστάσεων
3352 4247 3624 4317 ἰδιότητας
3649 4245 3913 4299 διδασκό-

2322 4340 2483 4409 μεθα.
2544 4340 2848 4410 Γρηγόριος
2898 4342 2955 4391 ὲν
2999 4341 3240 4410 δευτέρῳ
3291 4339 3411 4392 κατ’
3446 4337 3720 4405 Εὐνομῑου
3760 4337 3915 4406 λόγῳ

629 4456 757 4493 nem
788 4438 1045 4492 habuerit
1079 4444 1357 4497 naturam,
1386 4434 1630 4504 reliquos
1670 4433 1789 4487 haec
1818 4430 2088 4501 Supplicia
2121 4431 2214 4485 lae—

2321 4430 2465 4484 οὖτω
2496 4434 2628 4501 φησὶ
2671 4433 2801 4502 περὶ
2843 4432 3077 4502 Πατρδς,
3110 4433 3203 4486 καὶ
3231 4431 3385 4496 Υῐοῦ,
3414 4432 3508 4485 καὶ
3544 4430 3701 4498 ἁγίου
3729 4430 3913 4482 Πνεύ-

634 4536 829 4583 serunt
881 4541 1094 4591 omnes,
1141 4525 1235 4594 qui
1266 4523 1514 4578 eamdem
1544 4530 1797 4577 naturam
1828 4520 2008 4574 sortiti
2043 4519 2215 4573 sunt?

627 4622 758 4687 quia
804 4636 914 4674 non
946 4626 1268 4673 naturarum
1301 4614 1398 4669 sed
1441 4612 1925 4669 subsistentiarum
1972 4608 2215 4679 particu—

630 4712 880 4765 laritates
910 4708 1283 4781 agnoscimus.
1319 4704 1619 4775 Gregorius
1652 4702 1707 4757 in
1741 4701 1988 4756 secundo
2018 4710 2214 4756 contra

2326 4540 2493 4592 ματος
2517 4563 2531 4583 ,
2579 4523 2653 4585 ὡς
2686 4523 2772 4575 διὰ
2800 4523 2908 4576 τῶν
2934 4524 3179 4591 κλήσεων
3204 4522 3429 4587 τούτων,
3458 4523 3521 4574 οὐ
3547 4520 3761 4591 φύσεων
3783 4519 3911 4572 δια-

2323 4612 2495 4681 φορὰν
2516 4610 2907 4679 διδασκόμεθα,
2934 4612 3071 4664 ἀλλὰ
3098 4610 3265 4680 μόνας
3291 4611 3391 4673 τὰς
3414 4610 3523 4663 τῶν
3547 4609 3910 4662 ὁποστάσεων

2321 4703 2690 4773 γνωριστικὰς
2730 4703 3021 4773 ἰδιότητας.

632 4804 967 4858 Eunomium
998 4814 1255 4856 sermone
1284 4798 1358 4852 ita
1389 4795 1525 4851 dicit
1568 4795 1636 4848 de
1684 4794 1863 4858 Patre,
1904 4800 1962 4846 ct
2002 4793 2164 4852 Filio.
2210 4802 2265 4848 et
2304 4800 2498 4848 sancto
2547 4793 2776 4863 Spiritu.
2823 4793 2971 4862 quod
3024 4808 3123 4862 per
3173 4792 3273 4848 has
3321 4791 3738 4861 appellationes,
3790 4804 3905 4843 uou

630 4912 954 4957 naturarum
979 4895 1346 4953 diil‘erentiam
1368 4891 1737 4964 agnoscimus,
1768 4887 1863 4943 sed
1890 4889 2035 4943 solas
2054 4888 2534 4945 subsistentiarum
2564 4880 2913 4942 distinctivas
2936 4887 3419 4960 particularitates.

845 5017 930 5071 Ex
958 5015 1174 5085 Eulogii
1202 4996 1552 5067 Alexandrini
1577 5005 1992 5076 Defensionibus.

2391 5004 2485 5055 Ἐκ
2513 5000 2632 5053 τῶν
2657 5000 3037 5068 Συνηγοριᾱν
3058 5000 3357 5066 Eulog-(av
3391 4997 3861 5064 Ἀλεξανδρεὺς.

1649 5121 1808 5190 (Ang.
1842 5119 1941 5173 MAI
1975 5116 2170 5187 Script.
2200 5125 2301 5169 ret.
2340 5127 2379 5169 t.
2415 5115 2547 5179 Vill,
2571 5132 2629 5185 p.
2664 5114 2879 5182 54-57.)

702 5248 897 5304 Audivi
924 5246 1165 5314 aliquem
1204 5257 1399 5298 eorum
1426 5250 1651 5295 strenue
1682 5236 2007 5307 gesticntem
2036 5234 2205 5288 disse-

629 5356 771 5403 rere,
816 5354 926 5392 non
965 5353 1085 5391 esse
1119 5342 1374 5389 naturam
1407 5328 1854 5399 impcrsonalcm.
1890 5326 1986 5379 sed
2017 5340 2212 5379 consc-

628 5434 857 5487 elariam
915 5439 1126 5482 natura:
1181 5440 1493 5496 personam.
1553 5422 1612 5476 Si
1677 5420 1847 5491 igitur
1906 5418 2028 5472 (ωδε
2083 5424 2213 5469 ειιιιι

628 5532 869 5586 naturae,
936 5518 1232 5573 admodum
1291 5531 1512 5586 quoque
1574 5528 1698 5569 esse
1737 5512 1877 5565 duas
1924 5522 2211 5579 personas,

630 5614 910 5675 quomodo
946 5614 1169 5668 illorum
1213 5612 1309 5681 qui
1346 5610 1473 5664 talia
1505 5607 1791 5678 proferunt
1820 5620 1929 5659 non
1962 5617 2063 5657 nos
2111 5600 2213 5653 mi-

632 5719 863 5774 sereret,
894 5722 1021 5762 cum
1052 5708 1126 5761 ita
1157 5704 1447 5760 evidenter
1475 5702 1758 5763 aberrent,
1797 5709 1853 5753 et
1897 5695 2211 5779 Eestoriiiiii

2396 5233 2645 5286 Ἧκουσά
2695 5246 2839 5294 τινος
2890 5230 3071 5283 αὐτῶν
3119 5230 3382 5298 γενναίως
3431 5228 3681 5297 οἰομένου
3726 5225 3904 5278 διαὶὲ-

2320 5323 2509 5389 γεσθαι
2568 5326 2651 5377 ὃτι
2702 5326 2801 5375 οὐκ
2848 5322 2966 5375 ἐστι
3008 5321 3169 5389 φύσις
3202 5322 3553 5389 άπρόσωπος,
3589 5316 3730 5369 ἀλλὰ
3759 5332 3897 5384 παρο

2318 5416 2511 5467 έπεται
2563 5418 2629 5485 τῇ
2670 5413 2830 5481 φύσει
2875 5414 2969 5467 καὶ
3002 5413 3319 5482 πρόσωπον.
3359 5411 3419 5462 Ei
3444 5406 3538 5463 οὖν
3567 5408 3663 5462 δύο
3688 5407 3900 5475 φύσεις,

2320 5508 2538 5568 πάντως
2581 5508 2674 5558 καὶ
2708 5506 2801 5557 δύο
2834 5507 3103 5574 πρόσωπα
3128 5520 3145 5535 θ
3200 5503 3319 5562 πῶς
3347 5501 3447 5554 οὐκ
3475 5502 3541 5554 ἄν
3567 5515 3652 5561 τις
3678 5500 3807 5561 τοὺς
3832 5497 3901 5549 τά

2320 5599 2546 5651 τοιαῦτα
2580 5598 3055 5669 προϐαλλομένους
3089 5596 3366 5665 ἐλεήσειεν
3389 5631 3404 5655 ,
3444 5592 3494 5645 οἳ
3538 5590 3727 5658 σαφῶς
3758 5589 3903 5642 οὔτω

2325 5692 2794 5761 προσπταίουτινς
2849 5690 2943 5743 καὶ
2990 5687 3275 5758 Νεστορίῳ
3307 5682 3771 5756 προσποιούμενοι
3802 5696 3899 5733 πο-
