4118 6486
229 362 369 426 2949

1407 333 1876 415 FRAGMENTA
1919 347 2376 407 DOGMA'I‘ICA.

3385 341 3533 406 2950

223 477 410 548 λεμεῖν
437 516 452 542 ,
509 478 624 532 τοῖς
673 473 839 528 αὑτοῦ
868 472 1218 543 προϐλήμασι
1249 469 1574 538 κέχρηνται,
1610 462 1706 517 καὶ
1735 460 1834 530 τὴν

1944 459 2265 529 impugnare
2301 456 2650 521 simulantes,
2693 456 2861 527 hujus
2894 454 3236 526 argumentis
3277 462 3531 520 utuntur,

226 568 434 622 ἐκείνου
476 567 631 621 νόσον
675 565 737 618 τό
776 580 840 633 γε
881 563 968 616 ἐπ’
1010 562 1192 624 αὑτοῖς
1235 555 1605 622 ἀσπάζονταις
1637 552 1834 622 Είγᾰρ

225 658 325 712 οὑκ
345 658 458 713 ἔστι
477 658 640 728 φύσις
661 658 1010 727 διπρόσωπος,
1029 653 1165 710 ἀλλὰ
1186 654 1278 706 καὶ
1300 651 1611 723 παρέπεται
1639 649 1705 716 τῇ
1735 645 1837 713 φύ-

231 764 316 800 σει
348 751 441 802 καὶ
473 746 790 816 πρόσωπον,
825 745 958 815 φασὶ
986 744 1042 796 δὲ
1073 745 1138 795 ἐκ
1166 741 1260 794 δύο
1289 741 1507 810 φύσεων
1531 737 1630 808 τὴν
1657 734 1832 805 ἀπόρο

234 844 398 912 ρητον
421 841 616 894 ἕνωσιν
641 841 698 892 ὲν
721 835 946 908 Χριστῷ
967 834 1273 904 γεγονέναι,
1309 832 1419 905 ἀρα
1453 832 1516 882 ὲκ
1542 829 1637 881 δύο
1661 842 1833 897 προσ-

232 933 401 987 ώπων
454 933 575 985 κατ’
619 931 820 992 αὑτοὺς
869 930 897 980 ὁ
936 924 1331 996 Ἐμμανουὴλ,
1396 921 1494 975 καὶ
1551 919 1830 988 ἀνέῳκται

227 1024 420 1079 λοιπον
444 1027 555 1085 τοῖς
587 1018 976 1091 βλασφημοῦσι
1004 1014 1288 1087 παρρησία
1317 1012 1411 1066 δύο
1441 1011 1713 1081 πρόσωπα
1736 1005 1829 1061 Χέ-

227 1132 350 1184 γειν
384 1117 442 1167 ἐν
474 1111 699 1182 Χριστῷ
725 1152 738 1172 ,
798 1111 937 1178 ὅπερ
992 1107 1190 1177 μανίας
1224 1104 1557 1176 ἀνάμεστον.
1609 1102 1686 1156 Οὑ
1722 1099 1831 1171 γὰρ

220 1205 294 1259 ’ἂν
327 1206 535 1275 Πέτρον
565 1203 598 1273 ἦ
629 1202 843 1256 Παῦλον
873 1202 927 1253 εί
951 1218 1036 1263 τις
1065 1198 1286 1252 ὲνώσειε
1326 1238 1341 1262 ,
1368 1196 1500 1268 μίαν
1525 1194 1829 1248 ὑπόστασιν

230 1299 327 1352 καὶ
363 1296 420 1349 ἓν
450 1295 748 1366 πρόσωπον
783 1295 928 1347 εἴποι
953 1309 967 1322 ·
1016 1294 1071 1346 αἱ
1103 1292 1211 1362 γὰρ
1243 1289 1597 1352 ὑποστάσεις,
1626 1285 1663 1340 ἃ
1691 1281 1830 1338 εἶναι

230 1391 501 1461 πρόσωπα
545 1389 644 1460 τὴν
679 1388 801 1441 κατ’
831 1387 1021 1439 οὑσίαν
1075 1385 1171 1438 καὶ
1204 1385 1390 1456 σχέσιν
1418 1383 1614 1436 ἕνωσιν
1646 1379 1830 1433 ἐπιδέ-

229 1497 418 1551 χονται
443 1521 456 1544 ,
512 1479 574 1532 οὑ
620 1479 723 1550 τὴν
752 1477 1120 1531 ὲνυπόστατον
1150 1475 1246 1529 καὶ
1275 1474 1334 1526 ἓν
1364 1474 1660 1544 πρόσωπον
1688 1472 1828 1524 ἀπο-

229 1573 503 1627 τελοῦσιν.
549 1569 687 1626 Κατ’
718 1570 910 1624 οὐσίαν
942 1569 1042 1639 μὲν
1070 1568 1165 1621 οὑν
1198 1567 1251 1619 αἱ
1282 1566 1610 1628 ὑποστάσεις
1643 1564 1830 1617 ἑνοῦν-

231 1681 344 1730 ται,
378 1664 453 1728 ώς
488 1665 580 1716 ὲπὶ
611 1663 712 1731 τῆς
743 1662 908 1729 ἁγίας
934 1661 1165 1731 Τριάδος
1187 1677 1200 1690 °
1258 1663 1411 1732 τρεῖς
1441 1661 1550 1729 γὰρ
1585 1655 1826 1709 ὑποστά-

230 1772 345 1819 σεις
381 1758 511 1827 μιᾶς
538 1753 728 1818 ούσίας
764 1755 1127 1824 ὑπάρχουσιν.

305 1935 383 1987 "H
432 1935 487 1988 δὲ
540 1932 686 1986 κατὰ
733 1932 917 2002 σχέσιν
963 1931 1160 1993 ἓνωσις
1196 1930 1336 1984 κατὰ
1370 1926 1603 1988 πολλοὺς
1634 1927 1836 1978 νοεῖται

231 2027 494 2096 τρόπους,
534 2027 591 2076 ἐν
631 2022 943 2093 ὁμωνυμίᾳ,
975 2024 1033 2074 ὲν
1066 2019 1325 2091 ἰσοτιμίᾳ,
1356 2020 1411 2071 ἐν
1452 2015 1835 2086 ταυτοϐουλία,

236 2115 326 2165 καὶ
359 2113 462 2164 ὅσα
491 2111 704 2173 τούτοις
737 2110 1135 2180 παραπλήσια]
1183 2112 1240 2161 ὲν
1269 2107 1560 2178 ὁμωνυμίᾳ
1590 2106 1690 2174 μὲν
1712 2146 1726 2168 ,
1763 2105 1839 2168 ώς

248 2204 450 2266 Ἰούδας
479 2205 508 2254 ὁ
542 2201 824 2266 Ἰακώϐου,
854 2203 947 2254 καὶ.
962 2187 1163 2264 Ἰούδας
1188 2201 1562 2271 Ἰσκαριώτης·
1600 2197 1840 2266 ἰσοτιμία

233 2296 290 2348 δὲ
339 2295 434 2347 καὶ
469 2293 823 2364 ταυτοϐουλία
844 2335 857 2355 ,
899 2293 973 2356 ὡς
1005 2295 1209 2362 Πέτρος
1242 2293 1336 2346 καὶ⁹
1371 2292 1621 2360 Ἰωάννης
1645 2305 1656 2317 ·
1707 2289 1839 2342 ἑκα-

236 2405 290 2439 τε
303 2405 391 2456 ρος
412 2389 517 2456 γὰρ
537 2387 833 2448 ἀπόστολος
856 2387 949 2438 καὶ
971 2384 1155 2449 αὑξειν
1192 2378 1484 2454 ἠϐούλοντο
1501 2382 1559 2433 τὸ
1579 2381 1842 2451 κήρυγμα

235 2481 327 2533 τοῦ
360 2479 621 2551 Χριστοῦ.
660 2481 724 2531 ’Ὀ
755 2478 846 2531 οὖν
880 2478 1049 2549 ἔφθην
1091 2476 1262 2530 εἰπὼν
1304 2477 1361 2528 αἱ
1394 2475 1488 2527 δύο
1512 2475 1842 2535 ὑποστάσεις

231 2577 296 2645 ἡκ,
311 2591 404 2627 ουν
433 2573 701 2644 πρόσωπα
728 2572 1014 2642 ἐνούμενα,
1041 2571 1296 2623 οὑδὲποτε
1332 2569 1458 2639 μίαν
1488 2567 1842 2622 ἀποτελοῦσιν

239 2668 540 2719 ὑπόστασιν
571 2666 664 2718 καὶ
698 2664 755 2716 ἒν
797 2665 1105 2734 πρόσωπον.
1152 2660 1221 2715 Ἐἰ
1250 2659 1341 2714 οὑν
1387 2663 1451 2712 ἐκ
1493 2659 1585 2712 δύο
1625 2659 1843 2727 φύσεων

238 2761 265 2811 ὁ
294 2757 664 2828 Ἐμμανουὴλ,
689 2759 720 2827 ἡ
745 2757 801 2809 δὲ
833 2755 993 2825 φύσις
1027 2755 1316 2824 πρόσωπόν
1340 2757 1458 2807 ἐστι
1483 2756 1599 2807 κατ’
1624 2754 1844 2815 αὑτοὺς,

241 2851 391 2904 ἔσται
441 2851 694 2920 ἀραλκαὶ
738 2851 802 2901 ἐκ
842 2847 937 2900 δύο
982 2847 1292 2916 προσώπων
1320 2888 1333 2910 ,
1369 2845 1511 2917 ἅπερ
1544 2845 1643 2898 οὑκ
1671 2843 1846 2896 ἐπιδέ-

241 2953 425 3004 χονται
457 2939 553 3007 τὴν
585 2937 948 2989 ἐνυπόστατον
980 2937 1176 2989 ἕνωσιν
1203 2954 1214 2966 ·
1268 2937 1356 2988 καῖ
1394 2935 1453 2988 οὔ
1467 2954 1536 2986 τω
1567 2935 1708 2988 κατὰ
1737 2932 1844 2985 τῶν

223 3028 653 3097 δεφθαρμένων
703 3029 861 3096 λόγον
903 3029 962 3081 τὸ
1005 3031 1103 3098 τῆς
1131 3029 1289 3081 ἀθέου
1319 3028 1639 3097 διαιρέσεως
1668 3026 1846 3094 δόγμα

244 3120 425 3190 χώραν
456 3121 717 3190 εὑρήσει·
776 3121 868 3172 καὶ
917 3119 1184 3190 Κύριλλος
1235 3116 1632 3187 ἐκϐληθήσεται
1676 3115 1844 3168 πάλαι

243 3214 380 3265 κατὰ
412 3211 711 3282 Νεστορίου
744 3210 966 3263 τοιαῦτα
999 3211 1168 3280 βοῶν,
1203 3210 1384 3280 ὀνήσει
1413 3208 1468 3261 δὲ
1500 3209 1616 3260 κατ’
1648 3207 1842 3259 οὑδὲνα

229 3307 438 3372 -τρόπον
459 3304 551 3357 τὸν
571 3304 732 3374 ὀρθὸν
749 3305 993 3374 περὶτῆς
1023 3302 1256 3364 πίστεως
1286 3301 1442 3369 λόγον
1474 3302 1552 3362 εἰς
1581 3299 1641 3352 τὸ
1667 3298 1841 3360 οὑτως

237 3397 412 3466 ῐχειν.
465 3396 587 3450 Κᾶν
620 3397 669 3448 εί
702 3393 1012 3464 προσώπων
1037 3394 1233 3445 ’ἑνωσιν
1265 3390 1644 3460 ὲπιφημίζωσί
1672 3406 1839 3452 τινες,

247 3488 360 3541 ἀλλ’
415 3489 516 3558 οὑχ
559 3487 734 3550 οὑτως
766 3486 892 3540 οὗτε
923 3488 955 3556 ἡ
988 3485 1216 3554 ἀλήθεια
1249 3485 1495 3547 ἀπαιτεῖ,
1533 3481 1646 3535 οὗθ’
1679 3484 1843 3552 ἡμεῖς

247 3579 551 3648 ἀνεξόμεθα
573 3614 587 3639 ,
636 3575 772 3628 ἀλλὰ
801 3575 900 3644 τὴν
928 3575 1119 3643 ἀκλινῆ
1152 3575 1243 3626 καὶ
1277 3574 1451 3643 μέσην
1476 3571 1594 3625 ὁδὸν
1625 3570 1843 3640 βαδιού-

254 3670 418 3740 μεθα,
451 3672 580 3733 τοὺς
615 3669 715 3739 μὲν
742 3668 911 3722 δυάδα
942 3669 1250 3738 προσώπων
1279 3666 1677 3734 εἰσαγαγόντας
1711 3665 1842 3715 ἁνα-

246 3764 632 3834 Οεματίζοντες
656 3803 670 3825 ,
728 3762 828 3832 τὴν
872 3760 926 3813 δὲ
972 3759 1234 3830 ἀλήθειαν
1262 3758 1371 3811 τῶν
1401 3761 1457 3811 ὲν
1484 3756 1709 3827 Χριστῷ
1743 3755 1841 3807 δύο

247 3855 444 3910 οὐσιῶν
478 3852 894 3924 ὁμολογοῦντες.

327 4103 469 4157 Ἀλλ’
508 4102 639 4166 ἴσως
670 4101 729 4166 ἐξ
750 4101 979 4172 ἀπορίας
1009 4100 1353 4169 διαστρέφειν
1385 4099 1714 4170 πειρώμενοι
1747 4103 1843 4172 τὴν

248 4196 512 4265 τοιαύτην
543 4192 874 4263 πεποίηνται
908 4192 1195 4261 πρότασιν·
1231 4191 1389 4262 ἡμῶν
1414 4193 1522 4264 γὰρ
1551 4195 1843 4247 ὲνυποστά-

249 4304 352 4349 τως
385 4284 679 4356 ἡνωμένας
709 4283 804 4336 δύο
831 4283 1025 4350 φύσεις
1052 4282 1326 4349 λεγόντων
1345 4324 1359 4350 ,
1399 4284 1841 4355 ὲθελοκωφῶσιν,

251 4382 346 4434 καὶ
385 4379 738 4450 περιξύοντες
769 4377 870 4445 τῆς
894 4377 1189 4446 ὁμολογίας
1218 4377 1402 4446 ἡμῶν,
1436 4377 1514 4446 τῷ
1541 4377 1843 4430 ὲνυποστά-

1939 561 1998 606 et
2028 552 2179 606 illius
2209 537 2575 606 m’orbum'ita
2607 549 2714 604 sibi
2763 547 3126 618 adiudicarit?
3155 546 3211 602 Si
3241 547 3391 602 enim
3423 562 3533 602 non

1938 653 2024 698 est
2071 652 2269 697 natura
2306 641 2718 712 impersonalis,
2771 639 2866 697 sed
2912 648 3170 693 naturam
3223 637 3536 707 insequitur

1940 749 2208 804 persona,
2261 734 2455 789 dicunt
2498 749 2528 787 e
2581 733 2799 787 duabus
2856 730 3075 785 naturis
3134 730 3537 798 impossibilem

1937 825 1996 880 in
2042 824 2268 881 Christo
2323 825 2585 879 unionem
2619 823 2822 877 factam
2868 837 3013 886 esse,
3047 836 3178 892 ergo
3217 837 3286 876 ex
3319 822 3538 876 duabus

1937 917 2194 989 personis
2248 916 2558 991 secundum
2613 918 2750 973 istos
2805 927 3020 973 constat
3067 918 3428 983 Emmanuel,
3482 926 3540 973 et

1936 1017 2350 1078 consequenter
2420 1007 2671 1078 aperitur
2731 1007 3252 1077 blasphemantibus
3307 1007 3540 1062 libertas

1904 1177 1910 1181 _
1935 1101 2074 1156 duas
2111 1115 2384 1170 personas
2412 1100 2635 1155 dicendi
2667 1099 2723 1154 in
2747 1099 2994 1164 Christo,
3025 1098 3172 1169 quod
3201 1108 3286 1153 est
3313 1098 3541 1152 demen~

1937 1193 2011 1258 tia
2073 1192 2364 1246 refertum.
2433 1191 2555 1244 Non
2605 1192 2776 1255 enim,
2835 1192 2881 1244 si
2934 1191 3158 1245 Petrum
3203 1199 3258 1243 et
3305 1188 3537 1243 Paulum

1937 1285 2209 1349 univeris,
2250 1298 2418 1337 unam
2469 1284 2889 1338 subsistentiam
2938 1291 2996 1337 et
3027 1298 3195 1336 unam
3241 1295 3538 1352 personam

1935 1380 2179 1445 dixeris;
2245 1394 2369 1448 qua:
2429 1378 2579 1432 enim
2634 1377 3042 1440 subsistentia,
3106 1391 3229 1445 quae
3289 1388 3540 1444 persona:

1936 1473 2199 1527 unionem
2247 1471 2302 1525 in
2338 1471 2652 1525 substantia
2682 1471 3035 1525 etrelatione
3083 1469 3384 1538 recipiunt,
3425 1485 3537 1524 non

1938 1580 2103 1618 unam
2140 1563 2562 1619 subsistentiam
2611 1578 2791 1632 neque
2839 1577 3004 1616 unam
3039 1576 3332 1631 personam
3371 1562 3540 1629 perli—

1935 1657 2113 1709 ciunt.
2163 1654 2484 1709 Secundum
2529 1653 2898 1708 substantiam
2944 1651 3116 1720 igitur
3164 1651 3540 1706 subsistentia:

1936 1746 2231 1810 uniuntur,
2265 1754 2325 1799 ut
2357 1745 2412 1797 in
2444 1753 2634 1798 sancta
2663 1742 2899 1805 Triade;
2936 1751 3049 1795 tres
3085 1740 3233 1794 enim
3288 1739 3365 1793 ibi
3401 1740 3537 1793 sub-

1941 1837 2209 1892 sistentia:
2257 1836 2423 1890 unius
2458 1849 2588 1890 sunt
2619 1834 2963 1888 substantiae.

2044 1925 2188 1981 Unio
2254 1934 2441 1979 autem
2509 1923 2818 1978 secundum
2888 1923 3216 1980 relationem
3286 1924 3543 1994 plurimis

1942 2014 2259 2083 concipitur
2295 2013 2506 2078 modis,
2540 2014 2598 2066 in
2634 2013 2987 2084 homonymia
3014 2054 3028 2078 ,
3078 2017 3132 2068 in
3169 2014 3455 2084 dignitatis
3487 2022 3544 2067 et

1940 2106 2249 2161 voluntatis
2278 2108 2692 2171 conformitate,
2725 2116 2781 2162 et
2808 2108 2935 2161 aliis
2959 2125 3079 2177 quae
3108 2110 3260 2164 hisce
3291 2109 3544 2163 referun-

1943 2208 2072 2253 tur:
2110 2199 2166 2253 in
2197 2199 2554 2271 bomonymia
2578 2199 2829 2269 quidem,
2868 2211 2928 2254 ut
2962 2201 3135 2256 Jutlas
3165 2202 3337 2256 Jacob
3374 2195 3543 2260 (ilius.

1941 2298 1999 2346 et
2027 2287 2199 2346 Judas
2233 2291 2564 2356 lseariotes;
2606 2291 2660 2344 in
2696 2290 2983 2360 dignitatis
3015 2303 3199 2346 autem
3248 2302 3304 2345 et
3348 2291 3546 2345 volun-

1947 2384 2077 2438 tatis
2131 2383 2545 2448 conl‘ormitate,
2586 2393 2647 2438 ut
2676 2384 2875 2438 Petrus
2907 2392 2964 2438 et
2996 2384 3260 2447 Joannes,
3310 2395 3543 2453 uterque

1944 2481 2093 2535 enim
2125 2481 2411 2550 apostolus
2437 2489 2492 2534 et
2525 2480 2831 2536 extendere
2867 2481 3126 2534 volebant
3149 2481 3358 2536 Christi
3409 2495 3546 2549 pra:-

1945 2571 2306 2626 dicationcm.
2341 2571 2500 2638 Quod
2539 2572 2708 2642 igitur
2737 2573 2849 2642 jam
2883 2572 3095 2626 asserui
3130 2572 3366 2626 dicens:
3421 2571 3544 2625 dua:

1945 2663 2353 2727 subsistentia,
2405 2680 2655 2733 personae
2707 2665 2951 2727 scilicet,
3017 2665 3207 2728 unitze,
3261 2680 3543 2733 nunquam

1947 2770 2116 2807 unam
2163 2756 2581 2811 subsistentiam
2618 2773 2800 2826 neque
2847 2772 3012 2811 unam
3050 2771 3342 2825 personam
3383 2756 3547 2825 perii-

1947 2847 2121 2900 ciunt.
2174 2845 2229 2900 Si
2280 2847 2454 2916 igilur
2491 2864 2558 2902 ex
2598 2848 2818 2903 duabus
2868 2849 3084 2902 naturis
3140 2858 3356 2903 constat
3414 2848 3545 2901 Em-

1949 2937 2189 3001 manuel,
2221 2946 2278 2990 et
2305 2953 2536 3006 qumque
2569 2951 2769 2992 natura
2815 2941 2886 2993 sit
2935 2956 3173 3008 persona
3230 2940 3539 2994 secundum

1950 3025 2105 3089 istos,
2137 3026 2413 3080 constabit
2454 3043 2586 3096 ergo
2628 3045 2693 3083 ex
2731 3030 2949 3084 duabus
2973 3033 3251 3098 personis,
3283 3049 3406 3101 qua:
3434 3047 3543 3085 non

1869 3147 1914 3208 Ο
1950 3112 2250 3168 admittunt
2305 3115 2570 3169 unionem
2628 3117 2682 3171 iii
2735 3135 2844 3172 una
2897 3120 3277 3174 subsistentia.
3321 3121 3395 3175 Ita
3449 3137 3548 3190 per

1950 3204 2181 3257 istorqu
2215 3205 2562 3274 perditorum
2598 3210 2869 3264 rationem
2900 3212 3006 3265 hoc
3035 3212 3216 3281 impize
3237 3213 3548 3265 distinctio-

1947 3299 2032 3350 nis
2065 3297 2261 3366 dogma
2295 3300 2481 3355 locum
2515 3301 2801 3367 inveniet;
2834 3314 2888 3358 et
2923 3305 3165 3374 Cyrillus
3197 3305 3546 3360 deridebitur
3597 3345 3600 3348 ι

1946 3401 2070 3440 cum
2121 3389 2248 3442 talia
2283 3388 2420 3443 dicit
2453 3391 2506 3444 in
2554 3391 2895 3453 Nestorium,
2932 3402 2985 3446 et
3020 3395 3172 3446 nullo
3205 3393 3370 3446 modo
3421 3409 3547 3461 pro-

1946 3479 2092 3533 derit
2126 3489 2185 3533 ut
2216 3492 2428 3536 rectum
2459 3483 2607 3537 circa
2637 3483 2762 3537 fidei
2788 3487 3079 3550 rationem,
3111 3498 3170 3541 ut
3199 3488 3302 3540 tale
3327 3486 3542 3541 evadat.

1946 3572 2210 3636 Quamvis
2259 3589 2621 3641 personarum
2677 3578 2942 3631 unionem
2975 3580 3397 3647 patrocinantur
3425 3578 3545 3646 qui-

1947 3665 2096 3728 dam,
2145 3681 2253 3718 non
2312 3665 2365 3718 id
2415 3675 2598 3719 tamen
2635 3667 2843 3720 veritas
2895 3669 3158 3735 postulat,
3214 3684 3392 3737 neque
3446 3683 3551 3722 nes

1947 3757 2213 3822 feremus,
2268 3757 2362 3811 sed
2397 3758 2654 3812 inﬂexam
2686 3767 2742 3812 et
2770 3759 3008 3814 mediam
3041 3761 3185 3813 viam
3228 3777 3546 3830 sequemur,

1949 3849 2049 3902 hos
2094 3849 2190 3918 qui
2225 3848 2464 3902 duadem
2497 3863 2860 3918 personarum
2907 3851 3180 3904 inducunt
3229 3853 3550 3905 anathema-

1949 3939 2191 4004 tizando,
2232 3939 2526 3994 veritatem
2572 3949 2758 3994 autem
2806 3940 3044 3995 duarum
3078 3942 3133 3996 in
3163 3941 3389 3998 Christo
3418 3943 3551 3996 sul:—

1948 4033 2277 4086 stantiarum
2308 4031 2643 4100 proﬁtendo.

2053 4123 2160 4178 Sed
2232 4123 2376 4178 torte
2439 4125 2508 4178 ad
2574 4124 2955 4179 ditﬁcultatem
3008 4124 3327 4179 solvendam
3382 4125 3547 4179 talem

1949 4215 2276 4269 statuissent
2326 4215 2789 4284 propositionem.
2841 4216 3012 4270 Nobis
3066 4217 3214 4271 enim
3265 4217 3318 4271 in
3359 4217 3544 4273 subsi-

1948 4305 2153 4359 stentia
2207 4305 2392 4359 unitas
2444 4306 2583 4360 duas
2645 4305 3281 4370 naturas,dicentibus,
3349 4307 3551 4361 surdcs

1947 4411 2008 4450 se
2071 4397 2358 4466 praebent,
2413 4405 2468 4450 et
2529 4396 2688 4466 quasi
2735 4404 2984 4451 nostram
3029 4397 3392 4451 assertionem
3460 4414 3548 4451 ra-

251 4489 356 4535 τως
388 4469 680 4543 ἡνωμένος
710 4468 1050 4540 προϐλήματι
1080 4468 1374 4538 κέχρηνται
1405 4467 1526 4520 καθ’
1559 4469 1717 4538 ἡμῶν
1747 4469 1841 4538 τῆς

1951 4485 2189 4549 dentes,
2249 4495 2501 4539 statuunt
2547 4486 2771 4556 quidem
2841 4487 3041 4540 unitas.
3082 4487 3135 4540 in
3188 4488 3548 4542 subsistentia

254 4558 536 4634 ἡμετέρας
569 4562 866 4633 ὁμολογίας
898 4561 1157 4630 ἀπᾴδοντι
1181 4601 1196 4625 ,
1234 4563 1328 4613 καί
1362 4579 1550 4628 φασιν,
1583 4563 1699 4614 Οὑκ
1729 4563 1845 4614 ἔστι

257 4658 415 4724 φύσις
450 4656 784 4724 διπρόσωπος
809 4670 823 4684 ·
880 4653 932 4704 τί
967 4653 1146 4705 τοίνυν
1178 4653 1361 4714 αὐτοῖς
1396 4651 1456 4704 τὸ
1495 4653 1658 4722 σοφὸν
1689 4653 1848 4704 τοῦτο

257 4748 505 4817 βούλεται
537 4747 834 4817 πρόϐλημα
862 4764 875 4811 ;
918 4747 980 4797 Εἰ
1015 4745 1115 4812 μὲν
1158 4746 1239 4796 ὄτι
1268 4745 1327 4796 οὑ
1358 4746 1583 4798 δυνατὸν
1615 4746 1713 4807 τὰς
1743 4745 1848 4813 φύ-

256 4861 367 4907 σεις
401 4845 582 4906 ἄλλως
615 4843 648 4913 ῆ
682 4845 740 4895 ἐν
769 4841 1083 4912 προσώποις
1114 4840 1462 4910 θεωρεῖσθαι,
1497 4842 1707 4904 τούτοις
1741 4843 1849 4905 πᾶς

254 4953 335 5002 τις
363 4941 458 4994 καὶ
483 4936 595 4989 τῶν
628 4937 801 5007 μικρά
828 4935 1047 4988 εἰδότων
1077 4934 1589 5004 συνομολογήσειεν·
1629 4935 1710 4997 τίς
1740 4935 1849 5005 γὰρ

257 5032 440 5096 ἀγνοεῖ
485 5032 568 5082 ὅτι
617 5026 848 5080 καθόλου
896 5029 954 5079 ἐν
988 5029 1100 5088 τοῖς
1135 5028 1279 5080 κατὰ
1311 5027 1479 5096 μέρος
1509 5027 1847 5098 προσώποις,

258 5123 395 5194 ὅπερ
441 5126 565 5184 ταῖς
610 5121 1142 5190 χαρακτηριστικαῖς
1172 5120 1505 5173 ὑποστάσεσι
1535 5121 1849 5193 θεωρεῖται,

260 5218 342 5284 εἰη
390 5219 488 5285 τῆς
535 5215 791 5282 θεότητος
825 5213 987 5281 φύσις
1020 5215 1077 5264 ἐν
1107 5213 1313 5278 ῐΙατρὶ,
1358 5216 1415 5265 ἐν
1451 5215 1586 5284 Υίῷ,
1625 5218 1680 5267 ἐν
1711 5215 1851 5286 ἁγίῳ

263 5307 536 5376 Πνεύματι
567 5325 579 5371 ;
619 5308 824 5377 ὁμοίως
923 5308 1191 5377 ἀγγελικὴ
1224 5309 1387 5376 φύσις
1420 5309 1477 5360 ἐν
1510 5309 1753 5378 Μιχαὴλ,
1795 5311 1852 5360 ὲν

264 5398 500 5471 Γαϐριὴλ
545 5401 641 5453 καὶ
683 5403 796 5462 τοῖς
830 5401 1073 5462 λοιποῖςς
1117 5401 1210 5452 καλ.
1239 5403 1271 5470 ἡ
1303 5401 1402 5468 τῆς
1431 5402 1853 5473 ἀνθρωπίτητος

266 5487 424 5556 φύσις
473 5494 532 5544 ὲν
575 5495 688 5554 τοῖς
731 5492 852 5544 καθ’
881 5491 1115 5544 ’ἑκαστον
1141 5493 1470 5562 γνωρίζεται
1501 5496 1850 5564 προσώποικ

268 5581 330 5636 Εἰ
357 5584 413 5644 δὲ
443 5584 601 5637 τοῦτο
629 5583 910 5653 βούλονται
939 5585 1375 5649 κατασκευάζειν
1406 5587 1487 5637 ὅτι
1519 5588 1666 5657 πάσῃ
1696 5588 1853 5654 φύσει

269 5673 467 5739 ἰδιάζον
497 5675 822 5746 περιέπεται
852 5677 1164 5747 πρόσωπον,
1192 5679 1280 5730 ἐπὶ
1325 5679 1436 5730 τῶν
1468 5679 1541 5747 μὴ
1571 5680 1694 5730 καθ’
1720 5681 1854 5731 ὑπό-

271 5781 456 5821 στασιν
480 5768 781 5838 ήνωμένων
806 5768 1044 5840 φύσεων,
1071 5771 1097 5824 ὃ
1127 5773 1270 5822 ἐστιν
1296 5771 1519 5834 οὐσιῶν,
1550 5772 1640 5822 καί
1667 5772 1854 5826 τοῦτον

1953 4587 2217 4643 naturas,
2269 4578 2364 4632 sed
2422 4589 2615 4632 contra
2667 4595 2768 4633 nos
2825 4579 3032 4634 utendo
3092 4581 3474 4650 propositione
3521 4599 3550 4636 a

1952 4685 2142 4732 nostra
2191 4672 2500 4728 assertione
2549 4673 2914 4742 discrepanti,
2962 4685 3019 4728 ct
3063 4673 3259 4727 dicunt
3289 4689 3396 4727 non
3430 4689 3552 4728 esse

1953 4775 2209 4821 naturam
2261 4765 2712 4834 impersonalem.
2765 4764 2907 4829 Quid
2958 4765 3127 4833 igitur
3180 4765 3402 4833 sapiens
3449 4765 3553 4820 ista

1954 4859 2071 4912 vult
2115 4855 2474 4926 propositio?
2526 4855 2815 4924 Siquidem
2852 4872 2964 4909 non
3006 4871 3166 4924 posse
3205 4855 3324 4909 ﬁeri
3367 4857 3554 4912 dicant

1955 4961 2017 5002 ut
2057 4958 2273 5002 natum
2299 4958 2728 5017 cognoscantur,
2759 4947 2864 5001 nisi
2908 4947 2961 5000 in
2999 4948 3257 5015 personis
3282 4948 3386 5002 hoc
3421 4963 3554 5017 pro-

1955 5038 2103 5094 fecto
2159 5040 2267 5092 illis
2317 5039 2656 5092 concesserit
2688 5037 2944 5107 quisquis
2976 5037 3058 5092 vel
3100 5037 3379 5092 modicum
3411 5039 3558 5107 peri-

1958 5141 2045 5185 tus
2096 5130 2187 5184 sit.
2225 5130 2361 5196 Quis
2391 5130 2538 5184 enim
2578 5130 2794 5200 ignorat
2841 5129 2892 5183 id
2927 5131 3078 5198 quc‘J
3116 5107 3436 5184 universale
3470 5141 3558 5184 cst

1959 5224 2010 5276 in
2066 5223 2302 5294 singulis
2350 5223 2628 5292 personis,
2662 5223 2714 5276 id
2743 5222 3244 5276 est-subsistentiis
3274 5226 3561 5276 characte-

1959 5315 2164 5384 risticis
2221 5316 2535 5385 inspicitur,
2589 5326 2742 5386 puta.
2791 5315 3109 5368 Divinitatis
3144 5314 3425 5367 naturain
3455 5313 3560 5367 Pa-

1961 5417 2062 5470 trc,
2104 5407 2242 5460 Filio
2272 5416 2328 5460 et
2363 5415 2558 5461 saneto
2599 5407 2862 5476 Spiritu?
2903 5405 3153 5475 angelica
3204 5407 3259 5458 in
3302 5404 3558 5467 Michael,

1958 5497 2180 5553 Gabriel
2237 5509 2294 5552 et
2341 5501 2601 5554 caeteris?
2633 5509 2687 5554 et
2723 5499 3086 5553 humanitatis
3116 5507 3316 5553 natura
3347 5498 3402 5551 in
3443 5499 3560 5551 sin—

1960 5591 2103 5661 gulis
2127 5593 2484 5662 cognoscitur
2512 5593 2812 5662 personis?
2863 5593 2960 5647 Sin
2995 5602 3178 5646 autem
3214 5591 3562 5646 contendunt

1963 5700 2413 5754 unamquamque
2449 5694 2703 5740 naturam
2747 5702 3043 5755 personam
3079 5686 3357 5755 propriam
3392 5688 3564 5740 corni-

1963 5774 2095 5841 tnri;
2127 5775 2232 5829 hoc
2256 5776 2483 5845 quidem
2513 5793 2635 5832 esse
2668 5794 2861 5832 verum
2895 5777 3210 5834 censuerim
3243 5780 3298 5834 in
3326 5779 3564 5839 naturis,
