4118 6464
612 369 750 434 2951

1639 371 1702 437 S,
1743 367 2059 428 EULOGII
2099 364 2451 424 ARCHIEP.
2495 368 2872 432 ALEXAND.

3739 367 3873 429 2952

613 487 730 541 sive
755 483 1084 539 substantiis
1110 498 1233 553 qia:
1258 483 1562 538 secundum
1592 481 2003 537 subsistentiam
2029 480 2196 534 unitas

2301 480 2477 550 ὀρθῶς
2505 482 2650 552 ἔχειν
2683 486 2923 555 ἡγοῦμαι
2956 486 3049 538 τὸν
3077 486 3250 553 λόγον·
3287 485 3375 536 ἐπὶ
3393 485 3453 537 δὲ
3479 474 3589 536 τῶν
3609 483 3669 534 έν
3691 482 3874 534 συνθέ-

613 591 725 629 non
760 585 916 639 sunt;
963 582 1019 628 at
1060 575 1248 642 procul
1290 575 1446 629 abest
1483 590 1512 627 a
1539 588 1693 638 vero,
1722 573 1769 627 si
1801 586 1982 626 sermo
2011 579 2095 624 est
2126 570 2192 624 de

613 664 828 718 naturis
858 680 981 733 qua:
1025 680 1123 733 per
1171 664 1626 733 compositionem
1658 674 1713 716 et
1752 661 1804 715 in
1833 660 2192 715 subsistentia

614 755 966 822 copulantur.
1019 756 1221 809 Verum
1263 750 1412 808 enim
1457 755 1509 808 in
1542 755 1646 808 hoc
1675 761 1892 808 constat
1928 771 1940 805 :
1974 751 2196 821 quando

615 845 937 900 ditl‘erentes
980 854 1198 899 natura:
1243 845 1568 898 indivisi'bili
1610 844 1812 898 unione
1851 844 2193 901 coadunataa.

615 951 778 990 unam
811 951 1100 1004 personam
1127 945 1184 990 et
1215 951 1379 989 unam
1412 935 1826 990 subsistentiam
1858 934 2193 1003 perﬁciunt;

615 1030 658 1082 si
694 1038 930 1098 quatuor
960 1030 1071 1082 sint
1103 1029 1396 1094 elementa,
1427 1029 1747 1084 diﬂ'erentes
1778 1037 1908 1082 sunt
1935 1027 2194 1081 substan-

616 1117 723 1182 tiae,
769 1117 864 1171 sed
913 1118 1167 1172 similiter
1213 1135 1385 1171 unum
1436 1118 1684 1172 etliciunt
1723 1132 1928 1186 corpus
1958 1116 2011 1169 in
2048 1115 2197 1186 ligno

615 1218 710 1262 aut
753 1209 936 1278 lapide
982 1209 1392 1284 particulariter
1446 1196 1690 1277 sumptu,
1733 1206 1881 1276 quod
1937 1215 2021 1261 cst
2064 1205 2196 1259 sub-

617 1301 886 1355 sistentia‘.

681 1392 792 1446 Sed
823 1407 947 1446 cum
985 1391 1091 1447 hoc
1118 1392 1430 1462 exemplum
1448 1392 1702 1447 breviter
1725 1402 1778 1447 et
1807 1393 1974 1446 nimis
2000 1392 2196 1446 confu-

618 1498 676 1537 se
709 1483 1021 1537 adhibitum
1053 1483 1298 1548 videtur,
1329 1485 1660 1539 sumendum
1716 1485 1878 1538 nobis
1907 1495 1993 1538 est
2017 1500 2199 1539 exem-

619 1574 770 1642 plum
799 1573 854 1626 in
881 1572 1105 1627 homine
1139 1587 1245 1625 una
1280 1573 1643 1627 subsistentia
1678 1573 1934 1641 praedito.
1964 1573 2022 1626 ln
2052 1580 2196 1625 uno-

2300 590 2382 625 σει
2412 577 2505 627 καὶ
2532 577 2913 642 ὲνυποστάτως
2938 578 3259 648 ὴνωμένων,
3283 579 3472 647 πόρρω
3493 577 3596 643 τῆς
3623 574 3874 643 ἀληθείας

2297 665 2657 739 καθέστηκεν.
2689 671 2843 722 Ἐστι
2873 671 2980 740 γάρ
3014 671 3100 723 ὅτε
3128 669 3372 738 διάφοροι
3402 667 3595 735 φύσεις
3621 666 3877 736 συνερχόο

2301 775 2460 828 μεναι
2493 760 2636 811 κατά
2663 760 2761 830 τὴν
2788 761 3092 830 ἀδιαίρετον
3117 761 3332 822 ἕνωσιν,
3370 759 3427 810 ἓν
3454 759 3750 828 πρόσωπον
3783 758 3877 810 καὶ

2302 851 2430 918 μίαν
2458 851 2815 903 ἀποτελοῦσιν
2841 852 3160 914 ὑπόστασιν,
3185 853 3234 902 εί
3255 851 3322 901 τά
3345 852 3592 916 τέσσαρα
3617 851 3874 916 στοιχεῖα.

2297 941 2545 1011 διάφοροι
2578 944 2918 1013 ὑπάρχουσιν
2949 942 3150 1003 οὐσίαι,
3184 942 3300 994 ἀλλ’
3326 943 3473 1010 ὅμως
3503 940 3560 991 ἒν
3588 939 3877 992 ἀποτελοῦ·

2300 1051 2353 1089 σι
2388 1035 2544 1104 σῶμα
2575 1035 2729 1088 τοίδε
2759 1037 2921 1105 τυχὸν
2951 1037 3044 1088 τοῦ
3070 1034 3228 1100 ξύλου
3273 1034 3305 1105 ἢ
3347 1033 3495 1085 λίθου
3526 1031 3633 1084 τῶν
3663 1034 3718 1083 ἐν
3750 1031 3875 1082 [619'-

2297 1143 2421 1196 τητι
2449 1128 2849 1197 θεωρουμένου,
2886 1129 3023 1198 ὅπερ
3049 1128 3197 1180 ἐστὶν
3226 1128 3542 1187 ὑπόστασις.

2385 1391 2540 1443 Ἀλλ’
2588 1392 2820 1463 ἐπείπερ
2851 1393 3201 1464 παράδειγμα
3233 1365 3428 1465 κρᾶσιν
3456 1395 3604 1449 δοκεῖ
3637 1415 3747 1456 πως
3777 1399 3876 1465 ἐμ.-

2301 1482 2516 1550 φαίνειν
2549 1484 2643 1536 καὶ⁵
2671 1485 2958 1553 σύγχυσιν,
2996 1485 3231 1554 ληπτέον
3259 1487 3391 1555 ἡμῖν
3417 1487 3477 1548 τὸ
3505 1487 3646 1539 κατὰ
3671 1486 3762 1539 τδν
3784 1491 3882 1541 ἀν-

2301 1574 2518 1644 θρωπον
2544 1576 2900 1647 παράδειγμα
2921 1579 3011 1629 τὸν
3035 1579 3093 1629 ὲν
3116 1579 3214 1648 μιᾷ
3235 1578 3558 1631 ὑποστάσειο
3585 1580 3643 1630 ἐν
3665 1580 3880 1647 ἑκάστῳ

621 1679 842 1732 quoque
900 1672 1149 1718 nostrum
1213 1666 1407 1719 animae
1474 1665 1779 1720 substantia
1845 1665 1950 1719 alia
1999 1675 2082 1718 est
2137 1678 2199 1717 ac

2301 1667 2410 1737 γὰρ
2439 1667 2599 1735 ἡμῶν
2643 1669 2675 1737 ἡ
2710 1668 2867 1723 οὐσία
2901 1670 3000 1736 τῆς
3028 1668 3204 1739 ψυχῆς
3235 1670 3395 1739 ἑτέρα
3425 1671 3595 1735 ἐστὶν,
3639 1669 3713 1733 ὡς
3745 1672 3882 1739 πρὸς

625 1756 874 1823 corporis
905 1755 1250 1820 substantia;
1276 1756 1371 1811 sed
1405 1764 1586 1810 tamen
1624 1756 1705 1809 ha:
1739 1756 1859 1810 dua:
1877 1755 2199 1810 substantiae

2301 1757 2398 1826 τὴν
2446 1759 2634 1810 οὐσίαν
2681 1759 2775 1811 τοῦ
2827 1760 3100 1827 σώματος.
3144 1760 3283 1814 Ἀλλ’
3322 1763 3471 1831 ὅμως
3501 1763 3555 1815 ai
3581 1762 3674 1816 δύο
3701 1764 3881 1815 οὐσίαι

615 1846 922 1914 conjuncta:
970 1847 1024 1899 in
1089 1847 1318 1916 singulis
1377 1864 1540 1930 unam
1595 1864 1884 1918 personant
1934 1849 2197 1908 elliciunt,

2306 1847 2659 1901 συνελθοῦσαι
2693 1851 2750 1900 ὲν
2776 1853 2888 1913 τοῖς
2917 1852 3038 1903 καθ’
3063 1851 3315 1916 ἕκαστον,
3348 1852 3406 1905 ἓν
3436 1853 3725 1924 πρόσωπον
3750 1857 3896 1907 ἀπο--

622 1935 772 1989 verbi
832 1936 1037 2005 gratia,
1100 1937 1367 1991 Joannem
1425 1950 1522 1993 aut
1579 1939 1808 1993 Paulum
1881 1949 1975 1993 aut
2028 1941 2196 1994 alium

618 2026 885 2093 quemvis,
917 2026 1039 2080 dua:
1067 2038 1377 2082 manentes.
1421 2030 1538 2082 Non
1567 2029 1710 2082 enim
1737 2030 1918 2082 anima
1944 2030 2082 2083 facta
2117 2040 2200 2084 est

619 2131 770 2180 caro,
820 2133 1001 2187 neque
1046 2135 1175 2173 caro
1208 2122 1388 2174 anima
1421 2119 1561 2174 facta
1588 2129 1691 2174 est.
1729 2120 1904 2188 Hujus
1933 2121 2011 2175 rei
2046 2122 2200 2174 testis

622 2217 707 2261 est
753 2207 955 2262 Paulus
1000 2211 1251 2264 veritatis
1303 2227 1502 2280 przeco,
1550 2227 1673 2290 cum
1746 2212 1914 2277 dicit;
1979 2214 2200 2265 interior

619 2303 769 2352 homo
795 2311 841 2353 et
876 2303 1224 2369 exterior",ut
1253 2303 1620 2358 diﬂ‘erentiam
1650 2304 1919 2373 signiticet
1945 2306 2201 2367 substan-

622 2394 841 2446 tiarum.
902 2396 1142 2464 Vcstigia
1179 2397 1300 2466 ejus
1339 2408 1563 2451 secutus
1603 2397 1842 2452 Joannes
1878 2397 2197 2451 Constanti-

618 2485 834 2552 nopolis
858 2485 1152 2554 episcopus
1177 2496 1231 2540 et
1251 2487 1527 2541 universae
1553 2488 1812 2542 Ecclesiae
1836 2488 2050 2553 doctor,
2071 2489 2201 2542 talia

619 2575 813 2629 scribit
846 2577 897 2629 in
926 2592 1026 2631 suo
1053 2579 1261 2647 scripto
1293 2594 1549 2633 sermone
1586 2580 1641 2632 In
1667 2580 2063 2634 obscuritatem
2094 2579 2200 2633 Ve-

625 2669 758 2722 teris
811 2670 1173 2748 Testamenti.
1217 2670 1425 2741 Duplex
1447 2674 1586 2724 enim
1633 2670 1769 2724 illud
1812 2671 2018 2725 animal
2047 2672 2200 2724 homo

619 2759 822 2813 duabus
868 2772 1117 2815 constans
1170 2763 1500 2827 substantiis,
1553 2766 1808 2818 sentiente
1858 2783 1990 2828 una,
2027 2763 2201 2818 altera

620 2847 796 2905 autem
831 2856 1117 2923 cogitante,
1151 2858 1388 2909 animam
1440 2857 1554 2909 dico
1585 2865 1634 2909 et
1665 2873 1874 2927 corpus,
1906 2866 1954 2910 et
1987 2859 2042 2911 in
2074 2858 2201 2911 coelo

619 2953 666 2998 et
689 2945 744 2997 in
776 2948 921 2998 terra
953 2949 1318 3015 cognationem
1342 2948 1556 3001 habens.
1601 2947 1739 3001 Nam
1763 2964 1856 3017 per
1882 2951 2201 3019 cogitantem

619 3037 973 3091 substantiam
995 3039 1347 3092 communicat
1373 3040 1617 3109 supernis
1638 3039 1938 3102 virtutibus,
1967 3056 2058 3108 per
2078 3048 2229 3093 sen-‘

2299 1939 2582 2004 τελοῦσιν,
2642 1940 2775 2012 φέρε
2823 1944 2997 1996 εἰπεῖν
3037 1944 3282 1998 Ἰωάννου
3330 1946 3362 2016 ἢ
3410 1947 3620 1999 Παύλου
3650 1948 3685 2017 ,ἢ
3719 1946 3881 2000 ἀλλον

2301 2032 2468 2092 τινος,
2503 2033 2756 2099 μείνασαι
2784 2033 2898 2088 δύο.
2937 2034 3074 2088 Οὔτε
3104 2036 3212 2108 γὰρ
3243 2035 3275 2106 ἢ
3303 2036 3448 2108 ψυχὴ
3484 2038 3620 2110 σὰρξ
3645 2039 3882 2106 ἐγένετο,

2300 2119 2425 2171 οὔτε
2477 2120 2582 2190 μὴν
2633 2123 2666 2192 ὴ
2711 2123 2848 2193 σὰρξ
2884 2124 3031 2195 ψυχὴ
3063 2127 3320 2194 γέγονεν·
3364 2130 3574 2201 μάρτυς
3602 2131 3659 2183 δὲ
3689 2132 3882 2184 τούτου

2303 2211 2518 2274 Παῦλος
2564 2213 2592 2264 ὁ
2631 2216 2807 2284 κήρυξ
2836 2220 2934 2287 τῆς
2961 2218 3216 2287 ἀληθείας
3248 2221 3495 2288 φάσκων,
3541 2224 3594 2274 '0
3626 2223 3747 2277 ἔσω
3773 2224 3881 2275 dr-

2303 2305 2534 2369 θριυπος
2583 2305 2682 2358 καὶ
2729 2310 2761 2360 ό
2800 2307 2950 2373 ἔξω,
3003 2307 3089 2362 ἵνα
3120 2311 3180 2364 τὸ
3212 2311 3465 2387 διάφορον
3501 2314 3739 2386 σημαίνῃ
3773 2315 3885 2367 τῶν

2285 2393 2532 2465 οὐσιῶν·
2568 2396 2744 2465 τούτῳ
2789 2399 2910 2451 κατ’
2946 2400 3091 2468 ῐχνος
3125 2401 3389 2470 ἑπόμενος
3422 2403 3692 2471 Ἰωάννης,
3723 2403 3753 2455 ὀ
3784 2406 3885 2473 τῆς

2302 2483 2928 2552 Κωνσταντινουπόλεως
2995 2489 3296 2554 ἐπίσκοπος
3367 2493 3461 2545 καὶ
3518 2493 3696 2563 πάσης
3762 2495 3887 2546 Ἐκ-

2304 2570 2534 2640 κλησίας
2560 2568 2928 2642 διδάσκαλος,
2969 2580 3194 2632 τοιαῦτα
3229 2581 3430 2650 γράφει
3483 2583 3542 2634 ὲν
3582 2582 3660 2652 τῷ
3690 2584 3884 2649 ἐπιγε-

2302 2665 2607 2735 γραμμένῳ
2629 2666 2771 2736 λόγῳ
2795 2668 2876 2730 εἰς
2899 2668 2995 2737 τὴν
3021 2670 3284 2736 ἀσάφειαν
3306 2671 3407 2740 τῆς
3431 2670 3670 2734 Παλαιᾶς
3689 2671 3887 2739 Διαθήο

2304 2772 2406 2825 κης
2430 2771 2443 2785 ·
2486 2758 2748 2812 Διπλοῦν
2776 2759 2887 2827 γὰρ
2915 2761 3092 2815 τοῦτο
3137 2762 3203 2814 τὸ
3234 2761 3392 2822 ζῶον-
3411 2765 3445 2816 ό
3469 2761 3776 2831 ἄνθρωπος
3812 2766 3886 2816 ἐκ

2302 2845 2413 2900 δύο
2440 2849 2842 2918 συγκείμενον
2869 2851 3115 2916 οὐσιῶν,
3153 2851 3264 2920 τῆς
3284 2853 3398 2921 μὲν
3423 2853 3738 2919 αἰσθητῆς,
3773 2853 3888 2920 τῆς

2302 2934 2369 2988 δὲ
2391 2937 2635 3004 νοητῆς,
2665 2938 2896 3007 ψυχῆς,
2923 2940 3098 3010 λέγω,
3131 2941 3228 2993 καὶ
3253 2941 3545 3010 σώματος,
3566 2936 3664 2994 καὶ
3688 2943 3758 2995 ἐν
3780 2945 3888 2996 οὐ·

2296 3027 2465 3095 ρανῷ
2513 3028 2612 3081 καί
2658 3029 2727 3082 ἐν
2772 3027 2851 3099 τῇ
2896 3031 3257 3100 συγγένειαν
3284 3033 3458 3102 ἕχον.
3508 3034 3610 3086 Διὰ
3635 3036 3747 3103 γὰρ
3774 3034 3888 3101 τῆς

621 3131 858 3194 tieutem,
895 3129 1227 3183 terrestribus
1249 3140 1590 3184 conversatur
1611 3131 1782 3197 rebus,
1809 3141 2016 3186 arctam
2035 3132 2199 3200 factus

2303 3119 2536 3187 νοητῆς
2560 3122 2776 3187 οὐσίας
2805 3123 3081 3176 κοινωνεῖ
3106 3123 3235 3190 ταῖς
3259 3125 3382 3179 ἀνω
3403 3125 3756 3193 δυνάμεσιν·
3787 3127 3889 3180 διὰ

620 3219 894 3288 utriusque
925 3221 1208 3273 creationis
1248 3219 1537 3273 vinculum.
1590 3220 1667 3275 Ita
1709 3236 1841 3292 ergo
1891 3222 1946 3277 in
1979 3221 2202 3278 Christo

620 3312 855 3365 duarum
885 3311 1321 3366 substantiarum
1352 3314 1496 3369 facta
1519 3323 1602 3369 est
1632 3315 1764 3369 unio
1795 3315 1851 3370 in
1882 3331 2045 3369 unam
2069 3316 2202 3370 sub-

622 3404 932 3460 sistentiam
983 3415 1038 3459 et
1083 3421 1247 3460 unam
1304 3422 1631 3477 personam;
1678 3408 1782 3465 etsi
1839 3409 2074 3464 obscure
2109 3424 2205 3480 per

619 3497 867 3565 exempla
903 3496 1343 3574 demonstratum
1366 3500 1474 3564 sit';
1507 3516 1726 3555 omnem
1762 3501 1909 3555 enim
1939 3502 2202 3557 unionem

621 3584 807 3638 habita
859 3585 914 3639 in
964 3585 1188 3642 Christo
1219 3587 1512 3658 dispositio
1545 3604 1674 3646 vere
1708 3604 1976 3660 superans
2009 3590 2206 3647 huma-

621 3691 745 3729 nam
780 3675 918 3746 fugit
948 3677 1322 3732 collationem.

694 3936 802 3998 Sed
837 3936 1037 3991 iterum
1076 3937 1271 3992 iisdem
1295 3938 1620 4007 epidemicis
1658 3941 1889 4006 morbis,
1915 3951 1971 3997 et
2001 3956 2203 3997 secun-

619 4029 752 4083 dum
801 4029 1078 4083 rationem
1119 4030 1236 4083 luto
1286 4029 1553 4093 immersi;
1584 4029 1700 4085 haec
1725 4031 1941 4086 diverse
1968 4041 2205 4101 praeten-

619 4122 779 4175 dunt.
832 4120 1032 4173 Dicunt
1079 4120 1271 4174 enim:
1317 4136 1427 4174 non
1486 4131 1568 4175 est
1608 4116 1914 4177 substantia
1965 4123 2206 4178 insubsi-

620 4223 808 4275 stens;
842 4211 1121 4280 quomodo
1153 4226 1284 4282 ergo
1313 4227 1422 4266 non
1455 4211 1752 4267 dicendum
1781 4215 1952 4286 estin
1983 4215 2203 4270 duabus

619 4304 1015 4368 subsistentiis,
1082 4304 1126 4358 si
1179 4304 1318 4360 duas
1361 4305 1695 4361 substantias
1737 4306 1963 4360 dicitis?
2006 4307 2201 4363 Videte

621 4397 928 4465 peritorum
959 4397 1158 4450 horum
1191 4398 1592 4467 ignorantiam;
1626 4400 1767 4452 hanc
1805 4400 1952 4454 enim
2003 4402 2198 4454 incon-

2306 3207 2376 3261 δὲ
2427 3208 2535 3276 τῆς
2583 3210 2878 3280 αἰσθητῆς
2903 3252 2918 3277 ,
2972 3212 3100 3279 τοῖς
3131 3215 3227 3267 ἐπὶ
3261 3211 3373 3284 γῆς
3403 3214 3708 3282 συνῆπται
3738 3218 3891 3284 πρα-

2306 3314 2550 3367 γμασιν,
2578 3301 2927 3371 σύνδεσμος
2951 3303 3036 3357 ὢν
3061 3305 3310 3376 ἀκριϐὴς
3333 3305 3618 3375 ἑκατέρας
3638 3306 3749 3376 τῆς
3769 3303 3889 3363 αἰτί-

2304 3404 2479 3457 σεως.
2541 3391 2728 3458 Οὕτως
2754 3389 2848 3447 οὖν
2879 3395 2936 3448 ἐν
2953 3395 3175 3466 Χριστῷ
3188 3396 3296 3449 τῶν
3320 3395 3414 3449 δύο
3439 3397 3636 3450 οὐσιῶν
3664 3398 3891 3465 γέγονεν

2304 3484 2499 3550 ἓνωσις
2531 3489 2612 3551 είς
2646 3489 2776 3555 μίαν
2804 3489 3104 3542 ὑπόστασιν
3133 3487 3229 3541 καὶ
3255 3487 3314 3542 ἓν
3340 3489 3634 3562 πρόσωπον
3660 3508 3674 3523 ο
3711 3493 3762 3544 εί
3791 3493 3889 3546 καὶ

2305 3577 2564 3648 ἀμυδρῶς
2594 3579 2681 3633 διὰ
2707 3580 2818 3633 τῶν
2844 3580 3306 3651 παραδειγμάτων
3336 3581 3745 3636 ἀποδέδεικται·
3783 3585 3890 3636 πᾶ-

2307 3686 2406 3722 σαν
2454 3670 2563 3741 γὰρ
2608 3670 2805 3724 ἕνωσιν
2843 3673 2874 3742 ἡ
2908 3673 2967 3724 έν
2997 3672 3222 3744 Χριστῷ
3249 3674 3532 3742 οἰκονομία
3569 3673 3645 3736 ὡς
3671 3673 3888 3745 ἀληθῶς

2305 3761 2682 3832 ὑπεραίρουσα
2743 3765 2843 3831 τὴν
2901 3762 3252 3834 ἀνθρωπίνην
3299 3763 3668 3834 διαδιδράσκει
3714 3767 3886 3818 κατά-

2303 3851 2485 3922 ληψιν.

2378 3945 2541 3998 Ἀλλά
2562 3945 2723 4000 πάλιν
2751 3948 2861 4008 τοῖς
2886 3947 3069 4011 αὐτοῖς
3097 3946 3535 4017 έμφιλοχωροῦσι
3559 3949 3884 4018 νοσήμασιν,

2305 4039 2400 4091 καὶ
2431 4037 2572 4090 κατὰ
2600 4037 2690 4090 τὸν
2714 4037 2874 4105 λόγον
2903 4038 2980 4108 τῷ
3012 4037 3259 4109 βορϐόρῳ
3287 4040 3684 4110 ὲγκυλιόμενοιο
3713 4040 3885 4094 ταῦτα

2303 4130 2411 4200 γάρ
2444 4131 2605 4185 πάλιν
2638 4131 2910 4203 διαφόρως
2944 4131 3343 4199 προδάλλονται
3366 4149 3379 4163 ·
3419 4135 3552 4200 φασὶ
3582 4133 3726 4202 γὰρ,
3772 4134 3884 4184 Οὐκ

2303 4223 2451 4278 ἔστιν
2472 4225 2625 4278 οὐσία
2649 4225 3040 4287 ἀνυπόστατος.
3069 4224 3192 4288 Πῶς
3215 4220 3308 4278 οὖν
3333 4224 3432 4277 οὐκ
3459 4227 3515 4276 ἐν
3539 4223 3631 4276 δύο
3653 4225 3886 4277 ὑποστά-

2305 4329 2422 4364 σεσι
2455 4313 2647 4382 ῥητέον
2668 4351 2682 4374 ,
2714 4313 2873 4380 εἴπερ
2905 4313 3015 4380 ἄρα
3043 4311 3138 4364 δύο
3160 4311 3350 4373 οὐσίας
3380 4312 3552 4378 φατές
3585 4312 3747 4380 ὁρᾶτε
3777 4314 3885 4364 τῶν

2304 4403 2531 4472 κομψῶν
2566 4401 2770 4455 τούτων
2796 4401 2893 4471 τὴν
2922 4403 3146 4470 ἄγνοιαν
3172 4416 3187 4433 ⁸
3240 4404 3340 4472 τὴν
3383 4406 3492 4473 γὰρ
3535 4403 3707 4471 αὐτὴν
3752 4405 3884 4470 ἡμῖν

618 4489 857 4543 siderate
906 4489 1149 4544 aﬂ‘erunt
1216 4490 1668 4560 pr0positionem,
1721 4493 1942 4546 nomina
2001 4495 2198 4547 iterum

2307 4493 2550 4563 ἀνοήτως
2599 4494 2894 4564 εἰσήγαγον
2944 4495 3248 4564 πρότασιν;
3306 4494 3374 4546 τὰ
3433 4472 3675 4563 ὀνόματα
3725 4494 3884 4546 πάλιν

621 4581 996 4632 immutantes.
1048 4578 1179 4644 Quae
1231 4588 1314 4633 est
1361 4580 1510 4634 enim
1552 4581 1914 4636 substantiam
1952 4584 2096 4638 inter
2143 4593 2200 4641 et

619 4677 872 4722 naturam
923 4667 1274 4722 diﬂerentia?
1332 4669 1478 4722 unde
1560 4671 1705 4725 idem
1750 4673 1911 4727 nobis
1943 4675 2107 4728 etiam
2140 4676 2196 4729 in

619 4777 674 4815 re
700 4762 954 4828 praesenti
983 4776 1166 4816 sermo
1185 4762 1559 4832 suppleretur.
1584 4764 1832 4820 Dicerem
1863 4767 2010 4819 enim
2040 4767 2190 4820 istis:

617 4852 731 4906 Etsi
780 4852 1164 4907 consideretur
1191 4855 1245 4907 in
1271 4855 1707 4924 proprietatibus
1737 4856 2195 4913 eharaeteristicis

617 4942 784 4995 homo
809 4957 874 4995 ex
910 4943 1091 4996 anima
1133 4953 1196 4998 et
1221 4959 1455 5015 corpore
1487 4949 2039 5017 constans,plurimas
2070 4950 2202 5004 sub-

618 5035 895 5094 sistentias
928 5044 982 5088 et
1011 5035 1281 5103 plurimos
1324 5037 1578 5092 homines
1615 5039 1768 5092 illum
1795 5038 2011 5094 eﬂicere
2042 5050 2202 5112 puta-

621 5130 722 5182 tis?
770 5125 1064 5183 Non-eniin
1095 5128 1162 5182 ad
1205 5129 1259 5184 id
1301 5131 1550 5185 stultitia:
1577 5131 1823 5192 venistis,
1857 5141 1917 5185 ut
1943 5133 2202 5187 nesciatis

618 5218 783 5271 diam
814 5233 935 5272 esse
962 5219 1198 5271 animam
1231 5220 1284 5273 in
1324 5220 1628 5275 substantia
1657 5236 1720 5275 ac
1750 5237 1970 5291 corpus,
2005 5224 2198 5276 aliam-

617 5325 722 5377 que
751 5325 949 5380 corpus
993 5310 1136 5364 circa
1169 5311 1532 5364 substantiam
1565 5311 1832 5366 rationem
1870 5329 2110 5368 servare.
2139 5313 2194 5369 Si

616 5411 799 5456 autem
824 5418 1051 5472 quasque
1095 5401 1402 5457 substantia
1437 5404 1739 5479 secundum
1770 5419 1868 5457 vos
1901 5405 2196 5474 particula-

619 5509 732 5546 rem
772 5492 1188 5547 subsistentiam
1244 5494 1750 5549 characteristicam
1806 5497 2022 5565 recipit,
2083 5497 2194 5566 jam

617 5583 750 5636 mibi
783 5581 985 5635 unione
1006 5589 1177 5644 caret,
1210 5589 1267 5635 et
1292 5597 1435 5637 unus
1468 5583 1527 5636 tit
1553 5583 1684 5645 duo,
1712 5591 1771 5635 ut
1802 5583 1954 5637 vobis
1986 5593 2039 5637 et
2073 5583 2194 5636 ina-

615 5675 779 5727 nibus
813 5672 1212 5727 subtilitatibus
1241 5674 1419 5728 visum
1481 5674 1569 5726 sit.
1619 5673 1712 5726 Sin
1772 5684 1952 5728 autem
1999 5690 2100 5746 ego
2128 5691 2192 5731 ex

699 5786 708 5810 ’
754 5782 795 5835 ΙΙ
823 5785 949 5840 Cor.
983 5801 1051 5851 tv,
1085 5780 1175 5837 16.

2303 4584 2732 4650 ὑπαλλάξαντες.
2770 4584 2868 4646 Τίς
2900 4585 3006 4651 γὰρ
3037 4584 3269 4653 διαφορὰ
3292 4583 3478 4645 οὐσίας
3509 4583 3604 4636 κα)⁵
3632 4582 3880 4650 tetidem;

2299 4679 2383 4739 τίς
2409 4676 2466 4729 δὲ
2501 4675 2792 4746 προσώπου
2825 4675 3096 4743 προέστην
3127 4674 3185 4725 ὲν
3213 4672 3524 4743 χαρακτῆρι
3556 4671 3879 4736 ὑπόστασινς,

2301 4768 2466 4821 Ὀθεν
2503 4769 2530 4819 ὁ
2561 4765 2722 4828 αὐτὸς
2753 4766 2885 4834 ἡμῖν
2933 4765 3027 4815 καὶ
3071 4764 3164 4816 ἐπὶ
3206 4763 3298 4816 τοῦ
3349 4762 3613 4832 παρόντος
3659 4763 3881 4830 ἀρκέσει

2297 4860 2452 4928 λόγος
2478 4877 2491 4890 '
2529 4859 2739 4928 εἴποιμι
2773 4857 2878 4926 γάρ
2912 4858 2978 4909 ἂν
3009 4857 3144 4927 πρὸς
3173 4855 3368 4910 αὐτούς
3393 4870 3408 4886 ⁸
3449 4854 3557 4907 Καὶ
3586 4855 3632 4905 εί
3666 4854 3763 4924 μὲν
3791 4854 3882 4905 τὸν

2303 4951 2366 5000 ὲκ
2419 4948 2595 5018 ψυχῆς
2650 4948 2744 5001 καὶ
2794 4945 3046 5016 σώματος
3097 4947 3154 5000 έν
3207 4944 3491 5016 ἰδιώμασιν
3541 4960 3882 5014 χαρακτηρι-

2302 5043 2503 5102 cunei;
2533 5039 2908 5110 θεωρούμενον
2939 5039 3261 5108 ἄνθρωπον,
3317 5037 3519 5100 πολλὰς
3555 5035 3882 5096 ὑποστάσεις

2297 5133 2392 5187 καὶ
2442 5133 2671 5195 πολλοὺς
2722 5132 3041 5202 ἀνθρώπους
3083 5132 3291 5184 δοκεῖτε
3326 5133 3543 5194 ποιεῖν;
3584 5129 3645 5181 οὐ
3677 5129 3783 5197 γὰρ
3814 5129 3880 5197 δὴ

2299 5224 2548 5277 τοσοῦτον
2580 5223 2775 5292 ἠλίθιοι
2809 5223 3112 5290 πεφύκατε,
3149 5223 3289 5276 ὥστε
3319 5223 3532 5288 ἀγνοεῖν
3564 5221 3756 5290 ἑτέραν
3784 5219 3879 5290 μὲν

2305 5311 2444 5367 εἶναι
2477 5315 2595 5366 κατ’
2619 5314 2809 5366 οὐσίαν
2841 5317 2937 5383 τὴν
2965 5312 3141 5385 ψυχὴν
3174 5313 3306 5382 πρὸς
3331 5312 3390 5362 τὸ
3417 5312 3597 5379 σῶμα,
3617 5311 3802 5379 ἕτερον
3824 5308 3877 5358 δὲ

2303 5407 2364 5458 τὸ
2409 5405 2568 5475 σῶμα
2621 5406 2712 5459 τὸν
2760 5405 2892 5475 περὶ⁹
2922 5405 3024 5474 τῆς
3048 5404 3237 5466 οὐσίας
3267 5402 3426 5468 λόγον
3453 5403 3671 5470 ἐπέχειν
3693 5416 3709 5432 ο
3751 5402 3798 5452 εἰ
3825 5398 3876 5449 δὲ

2305 5497 2507 5567 ἑκάστη
2535 5498 2690 5551 οὐσία
2719 5498 2841 5552 καθ’
2866 5498 3011 5565 ὑμᾶς
3038 5496 3211 5567 ίδικὴν
3231 5497 3529 5548 ὑπόστασιν
3553 5507 3881 5564 χαρακτηρι-

2307 5589 2498 5658 στικὴν
2551 5590 2872 5659 ἀναδέχεται
2894 5626 2908 5648 .
2966 5573 3100 5641 πενά
3147 5605 3235 5656 μοι
3269 5587 3333 5640 τά
3360 5590 3456 5655 τῆς
3486 5586 3754 5646 ένὼσεως,
3791 5585 3880 5634 κ;-ὶ

2303 5682 2332 5732 ό
2379 5676 2458 5743 εἷς
2509 5681 2701 5748 γέγονε
2747 5681 2864 5745 δύο,
2917 5683 3004 5733 ἵνα
3039 5683 3170 5751 ὑμῖν
3201 5680 3325 5750 δόξῃ
3363 5681 3453 5731 καὶ
3491 5682 3604 5741 τοῖς
3634 5676 3877 5747 ματαίιις
