4118 6482
702 377 842 439 2055

1741 370 1799 433 s.
1835 372 2150 436 EULOGII
2182 348 2541 440 meumr.
2580 380 2959 442 ALEXAND.

3821 382 3945 444 2336

701 497 1009 560 spectatur,
1043 498 1101 544 ut
1127 496 1410 544 ostensum
1432 502 1535 543 est.
1566 487 1622 543 Si
1648 488 1817 558 igitur
1833 496 2088 544 naturam
2115 504 2270 544 unam

2382 489 2567 561 νουὴλ,
2591 491 2729 560 ὅπερ
2749 490 2849 544 οὐκ
2875 489 3011 546 εστι.
3035 491 3185 563 Μηδὲ
3204 492 3460 547 τοσοῦτον
3477 492 3947 566 παραφρονήσειαν

699 582 969 636 ambabus
1018 579 1280 635 constitui
1334 577 1625 645 aiﬂrment,
1655 580 1907 634 essentia
1938 579 2185 650 ejusdem
2214 595 2279 637 ac

700 674 1024 728 Emmanuel
1066 673 1161 727 alii
1210 680 1494 727 consortes
1542 679 1729 737 erunt,
1755 671 1903 741 quod
1940 687 2131 727 verum
2164 687 2277 727 non

2386 581 2435 633 οἱ
2468 579 2562 633 νῦν
2613 580 2971 648 συκοφάνται,
3001 584 3050 635 εί
3082 583 3175 635 καὶ
3228 582 3349 634 λίαν
3400 582 3665 654 θεομάχοι
3725 584 3820 637 καὶ
3859 584 3948 652 τῆς

2384 671 2645 740 ἀληθείας
2668 671 2858 741 ἐχθροὶ
2883 670 3282 742 καθεστήκασι.

697 776 803 822 est.
836 766 946 821 Nec
979 766 1069 822 isti
1108 765 1483 837 sycophanta,
1529 765 1837 835 quamlibet
1900 764 2013 821 Deo
2070 766 2277 822 bellum
2317 765 2577 831 inferant,
2608 780 2677 819 eo
2711 765 2967 819 amentia
2993 766 3364 831 venerint,.ut
3392 774 3449 822 et
3477 767 3583 822 hoc
3619 775 3885 837 sstruant.

1088 878 1159 932 Et
1201 878 1518 949 quibusdam
1548 879 1834 949 interjectis
1869 897 1887 933 :

770 968 1203 1033 Humanitatem,
1238 969 1368 1039 quia
1392 985 1460 1023 ex
1495 969 1730 1024 diversis
1778 970 1944 1024 rebus
1972 970 2276 1039 composita

697 1072 803 1127 est,
839 1062 1004 1116 unius
1033 1062 1289 1116 essentia
1344 1061 1613 1125 dicimus,
1674 1076 1783 1114 non
1834 1061 2057 1130 quidem
2090 1061 2275 1115 habita

697 1156 913 1208 ratione
956 1154 1152 1208 anima
1186 1162 1243 1207 et
1289 1153 1556 1221 corporis,
1590 1152 1684 1205 sed
1740 1153 1914 1221 magis
1960 1154 2081 1221 ejus
2128 1152 2275 1222 quod

698 1260 991 1303 commune
1012 1253 1129 1311 est;
1153 1246 1356 1315 quippe
1374 1260 1497 1297 cum
1525 1245 1580 1297 in
1606 1244 1864 1298 omnibus
1885 1260 2007 1313 qua
2026 1246 2275 1313 ejusdem

698 1337 1110 1407 speciei.sunt,
1156 1334 1526 1388 communiter
1571 1334 1974 1388 consideretur.
2010 1333 2145 1388 Nam
2184 1348 2274 1387 es-

700 1431 891 1483 sentia
918 1426 1170 1480 deﬁnitio
1199 1426 1317 1479 hac
1369 1433 1475 1487 est,
1537 1439 1701 1494 quam
1757 1423 1995 1477 Basilius
2048 1422 2277 1477 tradidit

696 1517 934 1573 dicendo
989 1514 1503 1582 :Quemadmodum
1560 1528 1852 1568 commune
1906 1528 1963 1567 se
1997 1513 2165 1567 habet
2205 1512 2273 1566 ad

694 1609 1051 1680 particulare,
1074 1607 1153 1661 sic
1187 1606 1426 1661 essentia
1468 1604 1534 1658 ad
1561 1604 1913 1674 hypostasim.
1940 1603 2113 1673 Igitur
2135 1603 2275 1657 ratio

696 1699 1111 1755 communitatis
1172 1696 1593 1759 humanitatem,
1662 1709 1785 1763 qua
1841 1694 1895 1748 in
1956 1694 2276 1748 hominibus

696 1790 1019 1861 inspicitur,
1046 1790 1207 1843 unius
1237 1803 1357 1843 esse
1380 1787 1635 1841 essentia
1660 1786 1898 1840 dicimus
1923 1804 1936 1839 :
1967 1787 2095 1854 quia
2123 1800 2274 1856 com-

2924 878 3031 933 Kal
3066 878 3197 947 μεθ’
3221 879 3392 948 ἔτερα
3409 893 3424 907 ·

2465 990 2567 1039 ιην
2617 970 3017 1039 ἁνθρωπότητα
3068 968 3325 1023 σύνθετον
3378 965 3544 1024 οὖσαν
3589 970 3651 1034 ἐξ
3696 968 3948 1039 ἀνομοίων

2382 1064 2723 1132 πραγμάτων
2760 1064 2889 1131 μιᾶς
2917 1062 3106 1123 οὐσίας
3138 1063 3341 1129 φαμὲν,
3372 1064 3435 1115 οὐ
3465 1063 3604 1133 πρθις
3652 1064 3752 1131 τὴν
3779 1063 3948 1123 διαρο-

2382 1157 2483 1225 ρὰν
2522 1155 2620 1223 τῆς
2658 1154 2837 1223 ψυχῆς
2890 1152 2986 1206 καὶ
3014 1151 3294 1221 σώματος,
3324 1152 3480 1205 -ἀλλὰ
3510 1152 3649 1222 πρὸς
3695 1153 3756 1204 τὸ
3784 1150 3950 1203 κοινὸν

2379 1246 2695 1316 ἀφορῶντες
2715 1263 2730 1277 ο
2771 1246 2853 1297 ὃτι
2915 1243 3109 1305 κοινῶς
3132 1245 3189 1295 ἐν
3214 1244 3351 1296 πᾶσι
3392 1246 3505 1307 τοῖς
3536 1245 3627 1295 ὑπ’
3654 1243 3789 1296 αὐτὸ
3828 1244 3948 1294 dva-

2378 1336 2634 1404 γομένοις
2699 1335 3009 1404 θεωρεῖται.
3076 1330 3244 1398 Οὗτος
3290 1336 3397 1403 γάρ
3454 1336 3571 1386 ἔστι
3618 1336 3719 1401 τῆς
3775 1333 3947 1393 οὐσίας

2379 1427 2526 1495 ὅρος,
2564 1426 2640 1487 ὡς
2696 1425 2982 1487 Βασίλειος
3030 1425 3321 1479 ἐπαίδευσε
3348 1425 3544 1493 λέγων,
3598 1426 3684 1477 ὅτι
3723 1425 3817 1476 Ὃν
3847 1424 3948 1491 ἔχει

2379 1521 2539 1587 λόγον
2575 1522 2636 1573 τὸ
2685 1519 2864 1574 κοινὸν
2891 1521 3026 1590 πρὸς
3059 1521 3118 1573 τὸ
3165 1521 3318 1582 ἴδιον,
3349 1520 3539 1572 τοῦτον
3596 1519 3710 1587 ἔχει
3745 1520 3777 1584 ἡ
3801 1518 3941 1569 οὐσία

2380 1612 2515 1682 πρὸς
2557 1613 2655 1681 τὴν
2698 1613 3018 1664 ὑπόστασιν.
3054 1609 3212 1663 Κατὰ
3242 1609 3433 1662 τοῦτον
3462 1607 3557 1683 οὖν
3585 1606 3678 1659 τὸν
3725 1610 3825 1671 τῆς
3849 1623 3949 1656 xm-

2377 1704 2600 1772 νότητος
2630 1703 2807 1769 λόγον,
2848 1703 2978 1770 μιᾶς
3008 1702 3198 1761 οὐσίας
3222 1700 3401 1767 φαμὲν
3423 1698 3523 1768 τὴν
3548 1702 3609 1749 ὲν
3654 1696 3948 1766 ἀνθρώποις

2378 1794 2775 1864 ἅνθρωποτητα
2798 1808 2814 1824 ·
2847 1794 2928 1845 ὃτι
2966 1791 3160 1853 κοινῶς
3186 1794 3244 1842 ὲν
3296 1790 3465 1842 πᾶσιν
3515 1788 3825 1857 ἀνθρώποις
3848 1789 3950 1847 τοῖς

697 1882 850 1937 muni
874 1882 1089 1934 ratione
1112 1879 1367 1934 omnibus
1389 1887 1445 1933 et
1467 1878 1766 1946 unicuique
1794 1878 2005 1930 homini
2031 1892 2095 1930 ex
2118 1892 2270 1946 aquo

2383 1884 2503 1935 καθ’
2529 1883 2760 1934 ἕκαστον
2790 1882 2882 1932 καὶ
2914 1880 2970 1945 ἐξ
3003 1878 3117 1931 ἴσου
3164 1878 3401 1947 ὑπάρχει
3434 1877 3495 1929 τὸ
3520 1872 3664 1929 εἶναι
3696 1876 3836 1943 ζῷον
3874 1874 3951 1925 λο-

697 1972 957 2029 convenit
1000 1981 1061 2025 ut
1106 1971 1179 2025 sit
1214 1968 1417 2023 animal
1465 1968 1755 2033 rationale,
1797 1967 2177 2036 intelligentia
2222 1977 2279 2021 et

697 2064 1004 2133 disciplina
1029 2077 1218 2132 capax.
1248 2062 1403 2115 Istae
1428 2061 1577 2115 enim
1622 2059 1983 2113 humanitatis
2023 2058 2275 2113 deﬁnitio

696 2164 799 2210 est.
825 2154 929 2211 Ubi
958 2168 1091 2207 vero
1114 2166 1411 2221 pensamus
1440 2165 1503 2205 ea
1526 2165 1592 2204 ex
1616 2148 1817 2217 quibus
1842 2157 2081 2214 constat,
2109 2157 2276 2218 atque

696 2243 933 2297 animam
977 2241 1349 2305 nominamus,
1382 2249 1437 2295 et
1474 2253 1677 2307 corpus
1708 2236 2145 2301 consideramus,
2176 2251 2275 2291 ne-

696 2348 972 2404 quaquam
997 2331 1309 2394 inﬁciamur
1331 2340 1628 2398 utrumque
1650 2327 2105 2397 diversanatura
2128 2343 2272 2392 esse,

694 2436 751 2481 et
776 2441 898 2495 qua
928 2423 1293 2478 essentiarum
1320 2423 1512 2475 harum
1539 2420 1759 2490 propria
1784 2410 2123 2495 sunthetiam
2147 2428 2273 2489 post

699 2518 1003 2571 unitionetn
1035 2530 1277 2568 manere.
1307 2512 1441 2567 Nam
1480 2511 1526 2565 si
1557 2526 1759 2580 corpus
1802 2518 1860 2565 et
1910 2511 2093 2564 anima
2144 2520 2272 2564 sunt

695 2607 942 2678 ejusdem
971 2617 1245 2669 essentia,
1278 2602 1727 2673 quandoquidem
1760 2600 1951 2655 eadem
2002 2602 2143 2655 ratio
2190 2609 2275 2656 est

696 2712 888 2752 eorum
924 2711 1047 2766 qua
1077 2693 1457 2750 coessentialia
1488 2700 1619 2746 sunt
1654 2691 1883 2761 (alioqui
1915 2706 2047 2746 vero
2074 2707 2275 2761 corpus

696 2788 1027 2857 corruptela
1051 2785 1351 2841 obnoxium
1365 2782 1469 2852 est)
1480 2824 1501 2844 ,.
1515 2783 1747 2837 omnino
1764 2766 2017 2851 sequitur
2036 2783 2273 2837 animam

2384 1967 2541 2035 γικδν
2573 1967 2787 2037 θνητὸν,
2825 1966 2917 2018 νοῦ
2977 1968 3072 2019 καὶ
3112 1968 3425 2035 ἐπιστήμης
3478 1964 3767 2018 δεκτικόν·
3805 1956 3949 2024 οὗτος

2382 2060 2490 2129 γὰρ
2540 2061 2569 2111 ὁ
2606 2059 2732 2127 ὅρος
2764 2058 2864 2124 τῆς
2895 2057 3337 2127 ἁνθρωπότητος.
3385 2056 3561 2110 Ἐπὰν
3588 2055 3645 2108 δὲ
3675 2055 3748 2107 τὰ
3791 2055 3849 2118 ἐξ
3884 2049 3949 2105 ὄιν

2380 2150 2497 2201 ἐστι
2526 2147 2895 2218 λογισώμεθα,
2926 2149 3018 2201 καὶ
3040 2148 3218 2219 ψυχὴν
3255 2146 3639 2217 ὀνομάσωμεν,
3670 2147 3768 2199 καὶ
3798 2145 3947 2213 σῶμα

2382 2239 2769 2309 σκοπήσωμεν,
2805 2239 2867 2291 τὸ
2899 2240 3193 2308 ἑτεροφυὲς
3224 2240 3319 2293 καὶ
3346 2239 3416 2290 τὰ
3442 2238 3550 2291 ῐδια
3594 2236 3705 2289 τῶν
3762 2237 3947 2289 οὐσιῶν

2380 2330 2475 2382 καὶ⁴
2506 2331 2645 2399 μετὰ
2670 2329 2767 2398 τὴν
2810 2331 3005 2383 ἕνωσιν
3046 2332 3144 2382 οὐκ
3174 2329 3569 2400 ἁρνηθείημεν.
3606 2328 3668 2380 El
3703 2328 3811 2396 γὰρ
3854 2324 3944 2389 τῆς

2375 2422 2546 2491 αὐτῆς
2573 2421 2765 2485 οὐσίας
2794 2421 2854 2474 τὸ
2884 2422 3041 2491 σῶμα
3076 2424 3167 2474 καὶ
3191 2424 3223 2492 ή
3248 2421 3415 2490 ψυχὴ,
3440 2410 3545 2472 τῶν
3567 2419 3625 2472 δὲ
3657 2415 3942 2487 ὀμοουσίων

2374 2512 2403 2563 ὁ
2427 2512 2590 2572 αὐτὸς
2616 2513 2796 2580 λόγος,
2833 2513 3071 2583 φθαρτὴν
3103 2512 3158 2566 δὲ
3186 2512 3250 2565 τὸ
3284 2512 3465 2581 σῶμα,
3503 2510 3698 2562 οὐκοῦν
3726 2511 3833 2578 ἄρα
3860 2510 3941 2558 καὶ

2376 2606 2409 2673 ἡ
2444 2603 2589 2675 ψυχὴ
2610 2603 3003 2673 διαφθείρεται,
3038 2606 3131 2655 καὶ
3170 2604 3231 2655 τὸ
3256 2602 3435 2670 λέγειν
3486 2601 3755 2654 ἀθάνατον
3814 2590 3939 2649 εἷναί

2376 2696 2476 2767 τὴν
2514 2696 2711 2765 ψυχὴν,
2759 2695 2955 2765 ψευδὲς
3001 2694 3449 2765 ἁναδειχθήσεται
3503 2692 3591 2747 διὰ
3638 2694 3739 2755 τὰς
3802 2689 3939 2756 ὑμῶν

2379 2786 2639 2855 ἀνοήτους
2662 2786 3014 2854 κενοφωνίας.

696 2879 1117 2948 corruptibilem
1149 2892 1291 2941 esse,
1357 2885 1414 2932 et
1482 2884 1709 2946 propter
1744 2876 1969 2930 insanas
2004 2876 2347 2946 nugacitates
2382 2888 2594 2933 vestras
2634 2878 2755 2934 falsi
2792 2890 3056 2951 arguetur
3106 2878 3161 2933 id
3206 2877 3356 2949 quod
3389 2876 3686 2941 asseritur,
3717 2874 3936 2929 animam

696 2991 837 3047 esse.
856 2974 1240 3030 immortalem.

1088 3088 1173 3144 Ex
1198 3087 1410 3159 Eulogii
1441 3085 1885 3143 Defensionibus.

2672 3082 2767 3135 Ἐκ
2812 3082 2931 3137 τῶν
2969 3083 3268 3153 Εὑλογίου
3306 3082 3669 3153 Συνηγοριιῖη.

1935 3194 2072 3265 Ang.
2110 3195 2233 3257 ΜΑι,
2266 3194 2303 3247 ι.
2335 3208 2382 3246 c.
2414 3208 2467 3261 p.
2499 3192 2587 3254 6|,
2620 3193 2707 3245 62.

770 3313 1067 3372 Sciendum
1094 3311 1240 3366 enim
1265 3317 1351 3365 est
1398 3323 1518 3372 nos,
1546 3308 1767 3377 quando
1803 3308 2168 3377 compositum
2196 3308 2273 3361 di-

701 3407 881 3460 cimus
910 3416 1073 3457 unam
1104 3399 1357 3454 absolute
1387 3405 1664 3461 naturam,
1694 3397 1921 3449 minime
1947 3411 2108 3465 posse
2142 3411 2271 3465 pro-

702 3496 821 3567 prie
848 3495 901 3548 in
926 3492 1031 3547 hoc
1067 3488 1403 3560 simplicium
1429 3485 1693 3541 adhibere
1726 3487 1989 3539 nomina:
2037 3486 2270 3554 exempli

702 3586 896 3655 gratia,
947 3596 1148 3652 corpus
1178 3595 1209 3634 e
1246 3585 1483 3648 quatuor
1528 3576 1816 3631 elementis
1867 3584 2147 3638 constans,
2207 3589 2272 3627 ex

703 3691 841 3747 aqua
857 3674 1111 3737 dicimus,
1136 3682 1305 3731 terra,
1328 3684 1456 3723 aere
1483 3675 1539 3722 et
1561 3667 1715 3736 igne;
1739 3681 1934 3734 aquam
1965 3677 2019 3719 et
2048 3675 2269 3730 terram,

616 3788 617 3791 η
704 3780 889 3820 aerem
918 3754 992 3818 iet
1042 3764 1223 3832 ignem
1270 3758 1489 3829 proprie
1540 3772 1653 3810 non
1697 3770 1990 3825 possumus
2039 3754 2222 3808 dicere
2258 3795 2270 3817 ,

705 3868 761 3911 et
818 3855 941 3909 ideo
992 3867 1154 3906 uuam
1192 3849 1481 3917 corporis,
1543 3858 1794 3901 naturam
1858 3861 2153 3909 vocamus,
2208 3860 2274 3899 eo

701 3943 847 4013 quod
878 3941 1025 3995 istud
1047 3938 1269 4009 proprie
1290 3938 1624 4006 simplicium
1654 3937 1972 3992 nominibus
1988 3937 2275 4007 designare

700 4051 809 4092 non
863 4035 1128 4089 valemus.
1184 4031 1399 4093 ltem,e
1442 4030 1717 4100 lapidibus
1759 4040 1815 4085 et
1854 4031 2017 4100 lignis
2050 4030 2273 4084 domum

702 4124 957 4187 dicimus,
987 4121 1136 4174 illam
1181 4128 1363 4174 autem
1399 4132 1501 4173 nec
1540 4119 1685 4189 ligna
1725 4133 1827 4173 nec
1851 4118 2062 4187 lapides
2087 4118 2275 4172 nullus

702 4216 889 4279 posset
951 4205 1261 4268 nominare,
1314 4203 1361 4258 si
1415 4204 1657 4274 propriis
1694 4204 1923 4258 \ocibus
1957 4204 2037 4258 uti
2084 4204 2269 4258 vellet.

703 4301 836 4353 item
862 4297 1140 4350 hominem
1167 4293 1349 4348 anima
1371 4302 1428 4347 et
1467 4308 1700 4363 corpore
1726 4302 1981 4348 constare
2010 4293 2268 4359 dicimus,

702 4398 813 4437 non
846 4391 1031 4436 autem
1067 4379 1288 4448 proprie
1312 4394 1433 4433 esse
1456 4379 1696 4433 animam
1722 4388 1778 4434 et
1808 4394 2042 4448 corpus;
2079 4388 2135 4434 et
2166 4380 2271 4435 hoc

698 4472 930 4528 evidens
960 4478 1045 4525 est
1084 4484 1152 4522 ex
1180 4484 1248 4523 eo
1276 4468 1421 4538 quod
1467 4468 1761 4538 nequimus
1794 4469 1989 4523 anima
2021 4478 2116 4523 aut
2144 4485 2270 4524 cor-

2462 3302 2658 3356 Ίστέον
2701 3303 2808 3373 γὰρ
2846 3304 2928 3356 ὅτι
2970 3304 3089 3356 τότε
3122 3303 3183 3356 τὸ
3223 3303 3478 3357 σύνθετον
3514 3303 3643 3373 μίαν
3670 3304 3935 3364 ἀπολύτως

2372 3394 2602 3463 λέγομεν
2656 3395 2848 3463 φύσιν,
2899 3396 2987 3447 ὅτε
3040 3395 3239 3465 μηκέτι
3288 3396 3566 3465 δυνάμεθα
3614 3399 3813 3468 κυρίως
3856 3394 3935 3449 ἐπ’

2374 3485 2537 3539 αὐτοῦ
2578 3486 2649 3537 τὰ
2690 3486 2798 3537 τῶν
2833 3486 3018 3539 ἁπλῶν
3048 3487 3230 3554 λέγειν
3267 3486 3530 3556 ὀνόματαο
3566 3482 3679 3540 οἷόν
3706 3504 3758 3540 τι
3786 3487 3932 3557 λέγωσ

2374 3576 2446 3628 Τὸ
2497 3577 2561 3628 ἐκ
2609 3576 2894 3645 τεσσάρων
2942 3576 3220 3646 στοιχείων
3272 3576 3432 3645 σῶμα
3486 3578 3858 3649 συγκείμενον,
3884 3579 3949 3644 t5-

2375 3664 2843 3735 ῦδατος,ἕφαμεν,
2873 3667 2965 3719 καὶ
3004 3666 3109 3735 γῆς
3149 3668 3310 3736 ἀέρος
3335 3682 3391 3719 τε
3440 3670 3535 3721 καὶ
3568 3668 3757 3739 πυρὸς,
3807 3667 3936 3736 ὕδωρ

2373 3757 2465 3808 καὶ
2499 3756 2602 3825 γῆν
2640 3758 2777 3825 ἀέρα
2814 3773 2876 3809 τε
2917 3759 3011 3809 καὶ
3048 3758 3160 3828 πῦρ
3191 3757 3290 3811 οὐκ
3338 3758 3404 3811 ἂν
3440 3758 3691 3829 εἴποιμεν
3727 3760 3936 3831 κυρίως,

2375 3846 2469 3900 καὶ
2493 3846 2580 3899 διὰ
2605 3847 2762 3916 τοῆτο
2793 3847 2923 3917 μίαν
2950 3848 3206 3918 σώματος
3229 3848 3391 3918 φύσιν
3421 3848 3848 3921 ἐπονομάζομεν,
3870 3850 3936 3912 ὡς

2378 3937 2574 4006 μηκέτι
2606 3937 2738 3991 αὐτὸ
2764 3938 2967 4007 κυρίως
3001 3941 3116 4001 τοῖς
3140 3939 3365 4009 ὀνόμασι
3397 3941 3508 3995 τῶν
3542 3942 3730 3996 ἁπλῶν
3763 3945 3933 3997 ὲιιτονο⁴

2378 4028 2570 4098 μάζειν
2603 4029 2897 4098 ἰσχύοντες·
2932 4030 3028 4083 καὶ
3058 4031 3221 4083 πάλιν
3247 4034 3313 4085 ὲκ
3343 4033 3504 4086 λίθων
3537 4035 3630 4087 καὶ
3661 4034 3828 4100 ξύλων
3852 4033 3937 4103 τὴν

2373 4120 2551 4172 οἰκίαν
2583 4120 2784 4190 φαμὲν,
2830 4120 2961 4185 ξύλα
3000 4121 3057 4173 δὲ
3095 4122 3264 4191 αὐτὴν
3296 4127 3389 4177 καὶ
3419 4122 3604 4187 λίθους
3640 4126 3740 4179 οὐκ
3771 4126 3833 4179 ἂν
3864 4143 3938 4188 τις

2375 4210 2627 4275 καλέσοι,
2662 4212 2881 4281 κυρίαις
2908 4212 3088 4278 λέξεσι
3125 4212 3363 4282 χρῆσθαι
3402 4214 3759 4285 βουλόμενος·
3793 4217 3937 4269 πάλιν

2373 4302 2464 4354 τὸν
2492 4301 2777 4371 ἄνθρωπον
2817 4304 2882 4355 ἐκ
2926 4302 3104 4373 ψυχῆς
3153 4304 3246 4357 καὶ
3294 4303 3547 4373 σώματος
3582 4301 3725 4359 εἷναί
3752 4322 3935 4375 φαμεν,

2376 4390 2535 4459 σῶμα
2587 4391 2643 4444 δὲ
2690 4392 2787 4445 καὶ¹
2831 4391 3011 4462 ψυχὴν
3051 4393 3235 4446 οὐκέτι
3277 4394 3506 4463 κυρίωςο
3555 4395 3652 4448 καὶ
3696 4395 3850 4465 δῆλον
3882 4398 3939 4446 ὲκ

2372 4480 2466 4534 τοῦ
2501 4482 2575 4551 μὴ
2603 4480 2863 4536 δύνασθαι
2891 4483 2981 4536 τὸν
3013 4486 3109 4553 τῆς
3138 4484 3319 4553 ψυχῆς
3350 4484 3383 4554 ἢ
3424 4484 3519 4538 τοῦ
3548 4487 3799 4554 σώματος
3826 4487 3938 4555 ὅρον

700 4563 852 4633 νοτὶς
890 4559 1266 4615 ἀθθυίίίοηθω
1301 4559 1357 4612 in
1392 4567 1687 4625 ιιιηιιηίιυθ
1715 4555 1980 4610 adbibere
2002 4597 2016 4621 ν
2055 4567 2111 4611 ει
2138 4572 2266 4625 Pw"
2301 4556 2344 4610 Ῑ)
2372 4571 2467 4641 ἐπὶ
2506 4570 2601 4625 τοῦ
2654 4573 3069 4644 συναμφοτέρου
3116 4573 3448 4641 ἀποδιδόναι,
3469 4575 3565 4629 καὶ
3585 4575 3772 4629 τούτου
3791 4575 3937 4645 χάριν

697 4665 887 4725 pterea
913 4666 982 4706 ex
1029 4650 1246 4705 duobus
1296 4648 1508 4703 naturis
1550 4662 1672 4702 esse
1729 4647 1985 4702 dicimus.
2032 4648 2268 4720 Diversa

695 4749 843 4802 enim
869 4756 1081 4801 natura
1108 4743 1495 4815 componentia
1533 4752 1590 4798 et
1628 4743 1860 4799 diversa
1885 4741 2117 4796 invicem
2142 4742 2273 4796 sub-

695 4837 932 4901 stantia,
992 4851 1159 4889 unam
1205 4836 1261 4888 in
1294 4836 1606 4905 composito
1636 4840 1891 4888 naturam
1923 4842 2263 4903 reputamus.

694 4931 813 4985 Non
838 4930 984 4983 enim
1034 4942 1237 4996 corpus
1262 4934 1319 4981 et
1339 4926 1580 4981 animam
1607 4925 1828 4996 pr0prie
1852 4926 2140 4995 loquentes
2170 4940 2269 4979 vo-

692 5034 882 5074 camus
921 5019 1223 5082 hominem,
1283 5018 1387 5072 etsi
1416 5026 1696 5072 assnetum
1727 5018 1799 5071 sit
1831 5016 2131 5087 Scriptura
2162 5033 2263 5073 sa-

691 5109 816 5179 pius
834 5108 1089 5162 libertate
1110 5106 1287 5161 utr-nti
1314 5106 1542 5175 spiritus
1570 5117 1725 5174 parte
1750 5116 1924 5160 totum
1947 5108 2261 5178 designare,

694 5211 951 5269 tanquam
997 5214 1107 5253 non
1145 5198 1431 5251 submissa
1471 5198 1603 5267 jugo
1641 5197 1925 5253 servitutis
1965 5200 2265 5256 dialectica

692 5291 967 5345 vanitatis.
998 5292 1059 5345 In
1114 5290 1337 5347 Christo
1372 5299 1557 5344 autem
1595 5290 1893 5345 inell‘abilis
1934 5301 1991 5346 et
2017 5308 2127 5347 non
2160 5294 2261 5347 hu-

689 5395 851 5435 mana
891 5379 1263 5450 intelligentia
1316 5379 1445 5433 huic
1478 5379 1674 5434 anima
1698 5382 1886 5450 juncta
1914 5392 1999 5437 est
2036 5398 2140 5438 nec
2180 5384 2257 5453 ju-

686 5482 831 5526 stum
863 5473 1177 5542 etemplum
1210 5471 1264 5524 in
1299 5472 1558 5526 omnibus
1608 5472 1865 5528 invenire
1898 5474 2110 5529 ratione
2138 5492 2265 5545 pos-

686 5574 897 5622 sumus,
935 5575 1059 5614 cum
1106 5561 1261 5614 illum
1307 5576 1415 5613 non
1449 5562 1627 5614 solum
1670 5562 2056 5619 ext-divinitate
2078 5576 2134 5619 et
2166 5567 2262 5620 hu-

687 5650 947 5704 inanitate
974 5664 1227 5707 constare
1269 5651 1525 5715 dicimus,
1586 5651 1679 5705 sed
1708 5651 1762 5704 in
1807 5654 1901 5707 illo
1938 5654 2015 5707 uti
2046 5658 2259 5726 simpli-

686 5743 829 5792 Lttllil
866 5741 1203 5796 nominibus.
1251 5741 1423 5794 Deum
1453 5743 1599 5793 cnint
1624 5741 1859 5798 dicimus
1890 5742 2170 5802 Christum
2200 5761 2257 5805 et

2371 4664 2435 4716 ὲκ
2466 4662 2559 4716 δύο
2608 4662 2825 4733 φύσεων
2870 4664 3119 4733 λέγοντες
3168 4666 3461 4735 (ἑτεροφυῆ
3506 4666 3619 4738 γὰρ
3648 4670 3717 4723 τὰ
3759 4667 3935 4721 συνελ-

2372 4752 2532 4807 θόντα
2584 4754 2679 4807 καὶ
2734 4755 2983 4823 ἀλλήλοις
3034 4757 3133 4826 οὐχ
3189 4754 3496 4827 ὀμοούσιο),
3544 4756 3672 4825 μίαν
3718 4758 3810 4810 ἐπὶ
3854 4758 3936 4809 τοῦ

2372 4843 2626 4897 συνθέτου
2665 4845 2826 4913 φύσιν
2854 4845 3176 4916 δοξάζομεν·
3211 4847 3330 4899 οὐδὲ
3376 4850 3485 4915 γὰρ
3516 4846 3676 4916 σῶμα
3707 4846 3741 4918 ἦ
3773 4847 3937 4916 ψυχὴν

2370 4939 2848 5007 κυριολεκτοῦντες
2887 4942 3271 5013 ἀποκαλοῠμεν
3308 4945 3402 4996 τὸν
3430 4943 3749 5014 ἄνθρωπον,
3778 4946 3825 4998 ει
3856 4946 3937 4998 καὶ

2371 5029 2598 5098 σύνηθες
2622 5035 2689 5103 τῇ
2719 5033 2908 5103 Γραφῇ
2941 5033 3199 5097 πολλάκις
3235 5036 3301 5105 τῇ
3327 5034 3610 5109 ἐλευθερίᾳ
3634 5037 3934 5108 κεχρημένῃ

2369 5120 2469 5173 τοῦ
2505 5124 2819 5191 Πνεύματος
2840 5123 3013 5177 ὲκτοῦ
3041 5125 3237 5193 μέρους
3254 5128 3313 5178 τὸ
3332 5127 3451 5179 ὅλον
3475 5128 3849 5197 ἐπονομάζειν,
3865 5128 3934 5191 ὡς

2372 5209 2519 5279 ζυγῷ
2543 5211 2787 5275 δουλείας
2807 5214 2905 5265 οὐκ
2928 5216 3220 5286 ὲνεχομὲνῃ
3239 5216 3338 5279 τῆς
3352 5216 3699 5288 διαλεκτικῆς
3724 5219 3931 5288 ματαιό-

2377 5319 2545 5371 τητοςο
2565 5305 2655 5356 ἐπὶ
2685 5305 2740 5357 δὲ
2761 5306 2853 5356 τοῦ
2870 5305 3102 5375 Χριστοῦ
3120 5308 3396 5376 ἄφραστος
3420 5309 3519 5377 μὲν
3552 5310 3645 5362 καὶ
3686 5310 3931 5380 ἀλαλητός

2370 5397 2483 5448 ἐστι
2515 5399 2546 5466 ἡ
2576 5398 2769 5469 timeat,
2797 5399 2894 5452 οὐκ
2917 5398 3253 5468 ἀνθρώπινος
3285 5402 3407 5461 νοῦς
3440 5403 3647 5473 ταύτης
3690 5405 3928 5473 ἐφίκοιτο,

2363 5487 2481 5538 οὐδὲ
2532 5489 2878 5558 παράδειγμα
2911 5490 3090 5560 εὑρεῖν
3118 5491 3230 5546 ἴσον
3264 5495 3405 5547 κατά
3444 5510 3505 5562 γε
3535 5497 3735 5561 πάντα,
3761 5494 3894 5565 λέγω
3915 5535 3927 5559 ,

2365 5577 2871 5651 δυνήσεται,ὲπειδὴ
2897 5582 2953 5633 δὲ
2975 5582 3137 5635 αὑτὸν
3162 5583 3222 5635 οὐ
3253 5585 3411 5653 μόνον
3438 5589 3503 5639 ἐκ
3538 5587 3788 5657 θεότητος
3807 5584 3928 5640 εἶναι

2369 5670 2460 5720 καὶ
2514 5670 2610 5722 ἀνθ
2618 5672 2930 5741 ρωπὸτητὸς
2952 5690 3151 5742 φαμεν,
3181 5675 3315 5728 ἀλλὰ
3339 5680 3434 5728 καὶ
3456 5680 3569 5740 τοῖς
3588 5678 3836 5748 ὀνόμασιν
3852 5676 3927 5729 ἐπ’

2360 5756 2522 5810 αὑτοῦ
2583 5759 2897 5831 κεχρήμεθα
2928 5761 3036 5815 τῶν
3066 5763 3423 5821 ἁπλῶνοθιδν
3458 5766 3567 5840 γὰρ
3600 5768 3827 5841 λέγομεν
3851 5770 3928 5822 τὸν
