4118 6510
275 387 417 455 2957

1464 391 1934 455 FRAGMENTA
1968 397 2430 465 DOGMATICA.

3432 420 3574 483 2958

275 500 516 570 Χριστὸν
550 499 646 555 καὶ
686 499 976 571 ἄνθρωπον
1005 499 1098 551 τὸν
1138 499 1325 565 αὐτὸν,
1360 500 1499 567 ὅπερ
1532 503 1619 555 ἐπ’
1650 504 1845 557 ὲκείνω

1981 509 2239 566 eumdem
2260 513 2545 571 hominem
2580 519 2729 587 quod
2761 520 2816 574 in
2848 521 2969 577 istis
2996 526 3224 596 proprie
3247 525 3436 584 dicere
3462 548 3575 587 non

272 590 455 661 λέγειν
502 592 707 664 κυρίως
756 594 857 645 οὑκ
905 590 1121 662 ἔχομεν·
1174 591 1380 662 κυρίως
1426 593 1533 665 γὰρ
1584 594 1680 646 καὶ
1733 595 1876 648 κατὰ

268 685 534 757 ἀλήθειαν
590 685 725 749 Θεὸς
779 687 808 739 ό
856 686 1133 757 Χριστός’
1185 685 1266 739 διὸ
1323 686 1531 756 κυρίως
1587 686 1681 739 καὶ
1733 688 1877 742 κατὰ

268 780 531 851 ἀλήθειαν
568 780 834 835 Θεοτόκον
874 780 975 850 τῆν
1019 781 1183 848 ἁγίαν
1224 779 1501 851 Παρθένον
1536 778 1743 850 φαμέν
1780 782 1874 834 καὶ

268 877 479 946 κυρίως
534 875 657 930 κατ’
708 874 969 945 ἀλήθειαν
1020 876 1310 946 ἄνθρωπος
1350 877 1379 928 ό
1422 875 1605 938 αὐτὸς,
1654 875 1873 945 άληθῶς

266 966 586 1029 ἀποθανὼν,
643 967 864 1039 άληθῶς
914 968 1187 1029 ἀναστάς·
1243 967 1435 1020 τούτου
1490 967 1653 1037 χάριν
1709 968 1872 1021 αὑτὸν

271 1060 407 1129 μίαν
437 1059 602 1129 φύσιν
634 1060 823 1124 ἁπλῶς
858 1063 1031 1116 εἰπεῖν
1059 1061 1342 1116 ἀδύνατον·
1385 1061 1473 1113 διὰ
1502 1059 1663 1115 τοῦτο
1692 1062 1872 1115 τοίνυν

263 1151 432 1219 ἡμεῖς
460 1152 552 1203 καὶ
576 1150 639 1203 ὲκ
664 1149 758 1204 δῦο
787 1151 1021 1223 λέγομεν
1042 1151 1282 1222 φύσεων,
1308 1151 1499 1222 ἐπειδὴ
1527 1153 1589 1206 ὲκ
1614 1152 1871 1222 θεότητος

261 1238 451 1292 αὺτὺνι
484 1240 645 1311 ἴσμεν
701 1241 797 1293 καὶ
848 1241 1271 1313 ἀνθρωπότητος
1326 1243 1719 1312 συγκείμενον,
1762 1246 1871 1296 καὶ

260 1331 534 1401 ἑτεροφυῆ
573 1333 639 1387 τά
668 1334 995 1388 συνελθόντα
1023 1334 1386 1404 γνωρίζομεν
1426 1334 1519 1387 καὶ
1551 1334 1646 1387 δύο
1676 1334 1870 1403 φύσεις

258 1420 577 1493 summa;
638 1423 900 1477 ὲπάὺτοῦ
960 1423 1233 1494 λέγομεν,
1308 1423 1497 1493 ἐπειδὴ
1567 1424 1701 1478 Θεὸν
1774 1426 1869 1478 καὶ

259 1512 555 1584 ἄνθρωπον
579 1516 787 1585 κυρίως
807 1515 897 1568 τὸν
921 1514 1087 1569 αὑτὸν
1108 1512 1247 1569 εἶναι
1270 1515 1591 1586 δοξάζομεν
1615 1515 1867 1587 καθάπερ

257 1601 290 1653 ό
348 1602 407 1654 ιν
457 1602 636 1669 ἁγίοις
686 1606 824 1672 φησι
881 1603 1153 1674 Κύριλλος
1198 1605 1257 1657 ἐν
1310 1609 1375 1676 τῇ
1444 1606 1673 1678 δευτέρᾳ
1732 1606 1867 1676 πρὸς

256 1693 567 1749 Σούκενσον
621 1696 905 1768 ἐπιστολῇ,
962 1698 1115 1751 Ἕνα
1164 1698 1403 1751 καὶτὸν
1452 1698 1643 1752 αὑτὸν
1686 1700 1865 1754 τοῦτο

256 1785 507 1841 κάκεῖνο
553 1787 924 1855 ὑπάρχοντα·
981 1788 1076 1841 καὶ
1120 1789 1396 1859 σκόπησον
1444 1788 1519 1853 ὡς
1563 1790 1665 1841 οὐκ
1686 1785 1861 1857 εἷπεν,

253 1879 328 1931 ἐκ
369 1881 587 1934 τούτου
614 1881 898 1935 κάκείνου
928 1880 1282 1949 ὑπάρχοντα
1318 1882 1434 1950 (καὶ
1467 1883 1628 1936 τοῦτο
1662 1883 1769 1954 γάρ
1798 1880 1866 1955 ἦν
1897 1859 1939 1915 Β

252 1969 504 2039 ἀληθὲς),
542 1970 680 2023 ἀλλὰ
738 1972 914 2026 τοῦτο
961 1972 1208 2027 κάκεῖνο
1242 1972 1625 2042 ὑπάρχοντα*
1659 1974 1720 2027 τὸ
1755 1976 1864 2046 γὰρ

250 2064 419 2117 τοῦτο
451 2065 692 2131 κάκεῖνο,
729 2063 824 2117 δύο
866 2066 1084 2129 πάντως
1111 2061 1253 2131 ἐστὶ,
1293 2067 1398 2119 κᾶν
1435 2067 1598 2129 αὐτὸς
1632 2067 1706 2139 μὴ
1740 2069 1865 2139 βου-

244 2158 500 2227 ληθείης·
536 2158 700 2212 πάλιν
733 2157 789 2212 δὲ
817 2158 845 2209 ό
877 2158 1043 2220 αὐτὸς
1068 2159 1205 2229 πρὸς
1233 2159 1601 2229 Οὐαλεριανὸν
1631 2161 1725 2213 τὸν
1761 2159 1858 2214 τοῦ

250 2248 505 2303 Είκονίου
560 2248 859 2303 ἐπίσκοπον
915 2246 1057 2302 οὕτω
1113 2249 1348 2319 γράψει’
1402 2249 1613 2303 Οὐκοῦν
1664 2250 1861 2320 ὁμολο-

248 2338 460 2409 γιῦμεν
489 2336 565 2400 ὠς
600 2337 699 2409 μὲν
733 2338 796 2391 τὸ
840 2336 948 2391 ἀπὸ
986 2338 1192 2409 σαρκὸς
1227 2338 1363 2411 σάρξ
1402 2340 1542 2403 ἐστι,
1588 2340 1648 2392 τὸ
1686 2340 1743 2392 δὲ
1791 2340 1856 2393 ὲκ

248 2434 387 2487 Θεοῦ
432 2432 589 2496 Θεός·
625 2433 741 2487 ἔστι
778 2433 835 2487 δὲ
879 2434 1020 2489 κατὰ
1050 2435 1251 2488 ταυτὸν
1295 2435 1585 2505 ἀμφότερα
1618 2435 1855 2507 Χριστὸς

244 2520 327 2588 είς
378 2524 454 2579 ὢν
483 2526 613 2591 Υίδς
651 2529 751 2581 καὶ
792 2523 873 2591 εἷς
905 2528 1112 2600 Κύριος
1158 2530 1297 2600 μετὰ
1344 2532 1444 2601 τῆς
1496 2530 1633 2595 ιδίας
1683 2530 1851 2583 αὑτοῦ

247 2621 491 2688 σαρκὸςο
544 2620 607 2674 τὸ
660 2619 719 2673 δὲ
775 2620 868 2673 τὸν
924 2620 1163 2691 Χριστὸν
1220 2618 1361 2675 εἶναι
1414 2622 1748 2693 ἀμφότερα,
1799 2621 1853 2674 τί

245 2708 438 2780 Ξτερόν
478 2712 647 2774 ὲστιν,
697 2710 729 2782 ἦ
764 2710 858 2764 δύο
901 2708 1042 2765 εἶναι
1090 2712 1280 2782 φύσεις
1327 2714 1418 2767 τὸν
1460 2713 1743 2785 Χριστόν;
1788 2713 1851 2766 οὑ

243 2800 358 2872 γάρ
398 2795 553 2855 εἶπεν
585 2803 824 2857 ἐνταῦθα
851 2804 910 2869 ἐξ
938 2807 1267 2877 ἀμφοτέρων
1295 2801 1437 2860 εἶναι
1468 2806 1560 2859 τὸν
1588 2806 1848 2877 Χριστὸν,

240 2893 363 2946 ἀλλ’
388 2894 471 2948 ὅτι
500 2896 791 2969 ἀμφότερά
818 2899 967 2953 ἐστιν
992 2901 1020 2953 ό
1046 2900 1283 2971 Χριστὸς
1313 2894 1394 2965 εἷς
1427 2899 1522 2955 ὥν.

254 3007 361 3061 Ἐκ
403 3006 525 3083 τῶς
547 3010 845 3083 Εὐλογζου
886 3011 1232 3083 Συνηγοριῶν
1271 3013 1422 3081 πρὸς
1454 3013 1597 3080 τοὺς
1630 3013 1846 3081 λόγον·

313 3093 445 3153 ξας,
473 3078 564 3153 ὅτι
600 3099 616 3130 ι
642 3083 709 3134 Ei
745 3080 854 3153 δύο
897 3078 1051 3150 φατὲ
1090 3078 1330 3149 οὐσίας,
1350 3083 1393 3153 ῥ’
1446 3078 1583 3137 ἐστὶ
1627 3078 1849 3153 φύσεις

314 3148 651 3223 ᾐνωμένας,
702 3148 1085 3223 πάντωςήμια
1126 3148 1591 3223 γέγοκίςρύσις·
1626 3148 1701 3207 τὰ
1733 3153 1846 3221 τὰρ

311 3217 633 3289 ἐνούμενα,
666 3217 1012 3289 πάντως-λέν
1048 3240 1103 3277 τι
1131 3217 1387 3287 ’γίῦθεταιξ
1428 3242 1445 3276 ι

1980 618 2309 672 possumus;
2368 611 2594 679 proprie
2643 612 2789 667 enim
2823 621 2880 668 et
2919 618 3229 673 secundum
3279 621 3575 677 veritatem

1977 695 2235 754 Christus
2278 710 2364 755 est
2392 701 2574 769 Deus;
2604 704 2731 761 ideo
2758 711 2985 779 proprie
3008 720 3065 765 et
3088 713 3397 769 secundum
3428 720 3577 772 veri-

1978 801 2147 847 tatem
2193 795 2289 849 Dei
2340 795 2567 852 Matrem
2614 800 2898 872 Virginem
2944 814 3191 861 sanctam
3220 806 3490 876 dicimus;
3520 820 3577 864 et

1977 887 2203 955 proprie
2233 890 2540 943 secundum
2579 892 2871 949 veritatem
2926 894 3094 951 homo
3118 906 3205 953 est
3242 899 3411 965 idem,
3440 917 3573 957 vere

1976 988 2252 1045 mortuus,
2300 995 2430 1037 vere
2464 997 2783 1053 resurgens.
2806 986 3180 1053 Quamobrem
3216 990 3372 1046 illum
3409 1009 3573 1049 unam

1975 1066 2307 1137 simpliciter
2334 1078 2591 1127 naturam
2616 1074 2808 1131 dicere
2837 1078 3183 1149 impossibile
3216 1090 3322 1146 est,
3352 1094 3575 1153 preptc~

1976 1174 2069 1238 rea
2097 1160 2267 1230 igitur
2288 1178 2389 1218 nos
2424 1173 2482 1219 et
2511 1183 2579 1221 ex
2614 1167 2831 1225 duabus
2861 1172 3081 1228 naturis
3113 1183 3373 1231 constare
3428 1176 3573 1230 dici-

1974 1267 2117 1316 mus,
2161 1270 2287 1310 cum
2332 1258 2625 1316 divinitate
2680 1262 2836 1316 illum
2881 1265 3091 1321 scimus
3135 1275 3192 1321 et
3224 1270 3573 1324 humanitate

1973 1354 2253 1412 constare,
2288 1357 2345 1402 et
2390 1350 2627 1406 diversa:
2663 1369 2786 1410 esse
2816 1366 3028 1411 naturae
3060 1362 3455 1429 componentia
3480 1378 3574 1418 co-

1972 1438 2313 1507 gnoscimus.
2349 1442 2511 1499 Dicas
2545 1460 2770 1516 quoque
2800 1457 3030 1505 naturas
3061 1450 3357 1509 distinctas
3392 1456 3448 1509 in
3478 1456 3572 1510 illo

1972 1531 2238 1597 dicimus,
2268 1551 2393 1588 cum
2428 1537 2599 1592 Deum
2640 1547 2697 1593 et
2741 1540 3024 1595 hominem
3057 1546 3281 1615 prOprie
3310 1548 3568 1603 eumdem

1970 1635 2093 1675 esse
2124 1632 2465 1692 reputamus.
2500 1627 2653 1682 Sicut
2688 1641 2916 1687 sanctus
2944 1632 3183 1703 Cyrillus
3222 1636 3359 1692 dicit
3395 1640 3449 1693 in
3483 1655 3571 1694 se-

1971 1715 2153 1769 cunda
2207 1717 2272 1770 ad
2320 1717 2664 1776 Succensum
2700 1724 2960 1793 epistola,
3006 1727 3181 1781 Unum
3236 1739 3283 1784 et
3326 1734 3568 1786 eumdem

1968 1810 2063 1863 hoc
2088 1821 2134 1864 et
2164 1812 2299 1865 illud
2329 1831 2470 1877 esse;
2505 1826 2558 1870 et
2606 1820 2911 1875 notandum
2960 1821 3103 1876 hanc
3148 1838 3258 1877 non
3287 1824 3473 1880 dicere
3504 1845 3568 1880 ea.

1970 1904 2065 1955 hoc
2096 1914 2144 1957 et
2177 1906 2267 1959 illo
2304 1924 2432 1971 esse,
2468 1910 2617 1964 istud
2646 1912 2794 1967 enim
2829 1913 2972 1969 foret
3008 1932 3229 1980 verum,
3263 1919 3357 1973 sed
3391 1921 3486 1973 hoc
3516 1930 3566 1975 ct

1968 1995 2104 2049 illud
2164 2016 2290 2053 esse.
2331 2002 2448 2058 Hoc
2501 2019 2699 2076 nempe
2735 2016 2792 2062 et
2839 2008 2974 2064 illud
3004 2009 3115 2063 duo
3143 2013 3374 2066 omnino
3408 2025 3561 2078 sunt,

1966 2089 2071 2143 etsi
2120 2092 2395 2149 nolueris.
2444 2095 2651 2151 lterum
2700 2099 2849 2155 idem
2899 2102 2966 2157 ad
3006 2104 3360 2159 Valerianum
3390 2106 3562 2160 lconii

1962 2181 2291 2253 episcopum
2343 2185 2426 2240 sic
2483 2188 2719 2243 scribit:
2756 2192 2901 2263 Ergo
2954 2193 3283 2264 profitemur
3335 2212 3562 2252 carnem

1962 2273 2189 2341 quidem
2219 2293 2249 2331 e
2278 2293 2445 2334 carne
2471 2296 2616 2346 esse,
2647 2284 2822 2339 Deum
2886 2302 3019 2341 vero
3056 2304 3123 2343 ex
3160 2290 3309 2352 Deo;
3344 2298 3427 2345 est
3460 2306 3560 2344 au-

1967 2372 2077 2419 tem
2108 2380 2337 2437 prOpter
2381 2371 2526 2426 idem
2554 2372 2813 2430 Chrisws
2847 2386 3105 2448 utraque,
3147 2396 3273 2435 cum
3307 2381 3379 2435 sit
3416 2400 3560 2437 unus

1963 2457 2137 2513 Filius
2185 2472 2241 2516 et
2289 2479 2434 2537 unus
2476 2466 2745 2523 Dominus
2787 2485 2912 2524 cum
2954 2473 3183 2541 propria
3232 2489 3328 2529 sua
3366 2490 3555 2531 carne.

1961 2549 2244 2608 Christum
2277 2566 2463 2612 autem
2501 2574 2624 2614 esse
2666 2570 2924 2632 utraque,
2951 2565 3084 2635 quid
3122 2567 3272 2621 aliud
3310 2578 3414 2631 est,
3450 2570 3556 2625 nisi

1961 2643 2100 2699 duas
2134 2661 2255 2702 esse
2288 2659 2515 2706 naturas
2547 2652 2600 2706 in
2629 2652 2894 2711 Christo?
2926 2673 3038 2713 non
3069 2660 3218 2714 enim
3266 2661 3379 2716 illic
3414 2660 3556 2717 dixit

1957 2750 2025 2790 ex
2064 2738 2314 2808 utrisque
2342 2756 2463 2796 esse
2493 2742 2802 2811 Christum,
2853 2749 2950 2805 sed
2989 2761 3227 2823 utraque
3269 2754 3554 2811 Christum

1954 2845 2075 2887 esse
2106 2848 2233 2888 cum
2283 2850 2429 2891 unus
2458 2836 2547 2891 sit.

1958 3010 2045 3065 Ex
2092 3012 2308 3093 Eulogii
2341 3014 2817 3093 Defensionibus
2865 3023 2936 3075 ad
2992 3040 3077 3078 eos
3126 3027 3219 3093 qui
3288 3027 3471 3081 dicunt
3528 3049 3547 3083 .-

2033 3099 2051 3131 ι
2097 3081 2354 3159 ζίηοπι,εί
2388 3084 2523 3139 duas
2546 3088 2718 3159 dicitis
2737 3091 3085 3157 substantias,
3106 3081 3159 3147 id
3188 3106 3266 3150 est
3294 3081 3545 3159 naturas,

2028 3154 2209 3233 unitas
2244 3168 2374 3233 esse,
2412 3158 2628 3212 omnino
2663 3160 2862 3229 factam
2894 3180 3006 3219 esse
3044 3154 3341 3233 naturam;
3370 3154 3547 3223 unitas
3625 3222 3627 3225 .

2025 3224 2189 3289 enim,
2224 3229 2441 3280 omnino
2490 3224 2672 3283 unum'
2697 3234 2825 3301 quid
2866 3234 3006 3302 ﬁeri.
3049 3255 3069 3287 ι

1580 3344 1722 3415 Ang.
1749 3341 1855 3398 Mn
1882 3340 1924 3397 ι.
1956 3357 2004 3398 c.
2040 3357 2096 3412 p.
2130 3342 2220 3398 65.

310 3459 380 3517 Ei
404 3460 502 3533 μὶν
529 3461 589 3515 τὸ
625 3461 695 3517 ἔν
729 3480 780 3516 τι
822 3460 1077 3531 γενέσθαι
1108 3463 1253 3519 κατὰ
1278 3464 1377 3533 τὴν
1413 3480 1842 3535 χαρακτηριστι-

2018 3461 2075 3517 Si
2106 3462 2331 3532 quidem
2364 3479 2529 3518 unum
2552 3464 2686 3535 quid
2715 3465 2836 3523 ﬁeri
2868 3472 3176 3528 secundum
3199 3476 3543 3534 characteri-

234 3552 346 3625 χὴν
393 3555 693 3609 ὑπόστασιν
728 3554 1011 3626 βούλονται
1042 3557 1500 3622 κατασκευάζειν,
1534 3556 1713 3628 ὀρθῶς
1743 3556 1840 3609 καὶ

234 3648 363 3702 λίαν
396 3648 635 3713 εὐσεϐῶς
663 3649 759 3702 καὶ
798 3647 1010 3721 συνῳδὰ
1047 3651 1160 3712 τοῖς
1202 3649 1261 3701 ἐν
1294 3649 1601 3721 Χαλκηδόνι
1633 3651 1841 3720 δογμα-

232 3746 502 3813 τίζουσινέ
531 3746 775 3800 κάκεῖνοι
798 3745 908 3817 γάρ
936 3744 1065 3815 μίαν
1093 3745 1396 3799 ὑπόστασιν
1417 3743 1835 3814 ἀποφαίνονται,

230 3838 331 3892 δύο
372 3839 426 3891 δὲ
448 3839 545 3901 τὰς
589 3837 777 3902 οὐσίας
802 3852 817 3867 ·
848 3839 883 3910 ὴ
907 3838 1017 3909 γάρ
1064 3836 1199 3909 σάρξ
1226 3836 1411 3909 ἔμεινε
1447 3838 1607 3909 σάρξ,
1650 3838 1698 3891 εί
1742 3838 1837 3891 καὶ

230 3930 332 3985 τοῦ
378 3930 515 3985 Θεοῦ
562 3930 739 4000 Λόγου
788 3928 928 4005 σάρξ
971 3928 1214 3997 ἐγένετο,
1258 3930 1287 3984 δ
1331 3930 1450 3983 ἐστι
1496 3927 1833 4000 προσείληφε

232 4022 419 4094 σάρκα
444 4024 538 4077 καὶ
563 4021 774 4094 ἥνωσεν
798 4019 981 4091 ἑαυτῷ
1009 4020 1353 4091 ἁδιαιρέτως.
1387 4020 1464 4073 Οὑ
1488 4019 1599 4089 γὰρ
1621 4020 1833 4093 τροπὴν

230 4115 447 4183 ὑπέστη
466 4115 568 4185 τὴν
592 4116 673 4177 είς
698 4112 899 4185 σάρκα·
926 4113 1059 4177 Θεὸς
1081 4113 1191 4184 γὰρ
1212 4112 1574 4178 ἀναλλοίωτος
1595 4114 1833 4184 ὑπάρχει

225 4204 335 4275 τῆς
363 4204 594 4275 Τριάδος
618 4205 652 4274 ἠ
682 4202 865 4273 φύσις
898 4204 975 4266 ὡς
1011 4202 1149 4274 ἔφην
1182 4198 1277 4257 οὖν
1318 4204 1617 4275 ἀσύγχυτοι
1661 4222 1834 4274 μεμε-

228 4297 465 4367 νήκασιν
500 4296 561 4348 εν
600 4293 680 4365 τῷ
728 4293 1076 4365 Ἐμμανουήλ
1121 4293 1200 4364 τῷ
1240 4294 1321 4345 ἐνὶ
1355 4295 1576 4365 Χριστῷ
1607 4295 1684 4363 τῷ
1716 4294 1831 4364 Υίῴ

224 4386 326 4441 τοῦ
358 4384 497 4442 Θεοῦ
546 4385 688 4456 μετά
726 4386 826 4456 τὴν
867 4384 1287 4457 ὲνανθρώπησιν
1322 4385 1379 4438 αἱ
1421 4384 1515 4438 δύο
1552 4386 1751 4439 οὐσίαι*
1782 4386 1831 4437 εί

227 4477 289 4533 δὲ
321 4480 452 4549 μίαν
484 4479 675 4532 οὐσίαν
702 4479 835 4547 φασὶ
859 4477 1148 4547 γεγονέναι
1181 4479 1279 4541 τὰς
1306 4476 1399 4531 δύο
1424 4476 1636 4547 φύσεις,
1675 4476 1832 4548 λελή-

228 4568 389 4623 Θασιν
406 4570 634 4633 ἑαυτοὺς
656 4569 999 4634 ἀπατῶντες,
1022 4568 1116 4622 καὶ
1141 4568 1404 4639 σύγχυσιν
1426 4569 1460 4638 ἢ
1478 4569 1684 4640 τροπὴν
1700 4569 1831 4623 ὐπο-

228 4660 531 4731 τιθέμενοι,
566 4662 645 4725 ὡς
671 4663 769 4732 τῆς
799 4663 927 4733 μιᾶς
957 4660 1265 4732 τραπείσης
1309 4664 1389 4725 είς
1428 4663 1528 4733 τὴν
1572 4664 1767 4734 ἑτέραν
1794 4662 1827 4733 ἢ

226 4757 633 4829 συγχυθείσης*
679 4756 761 4811 ὅτι
802 4756 911 4827 γάρ
959 4756 1030 4811 τά
1074 4755 1337 4828 ἑνούμενα
1394 4757 1682 4827 ἀτρέπτως
1733 4757 1829 4810 καὶ

1944 3556 2139 3611 sticam
2157 3556 2573 3613 subsistentiam
2591 3561 2784 3615 volunt
2801 3572 3069 3629 statuere,
3092 3583 3243 3623 recte
3260 3581 3317 3625 et
3331 3572 3420 3641 pie
3441 3575 3542 3628 ad-

1943 3650 2170 3706 modum
2207 3661 2261 3707 et
2302 3654 2817 3731 conformitercum
2848 3660 3237 3722 Chalcedonia;
3278 3669 3541 3726 Pati-ibus

1941 3744 2336 3817 dogmatizant.
2362 3746 2426 3801 lli
2448 3749 2597 3804 enim
2616 3767 2781 3806 unam
2796 3753 3213 3814 subsistentiam
3228 3761 3537 3826 declarant.

1940 3838 2079 3894 duas
2117 3847 2305 3895 autem
2336 3839 2750 3898 subsistentias.
2787 3845 2932 3903 Caro
2962 3850 3112 3904 enim
3140 3856 3347 3910 mansit
3381 3871 3534 3919 caro,

1938 3931 2042 3987 etsi
2066 3933 2163 3988 Dei
2188 3933 2346 3989 verbi
2375 3950 2506 3992 caro
2529 3939 2679 3997 facta
2698 3944 2791 4011 sit,
2816 3946 2869 4002 id
2883 3957 2968 4003 est
2985 3963 3211 4002 carnem
3232 3951 3536 4020 sumpserit

1938 4033 1994 4080 et
2010 4025 2119 4080 sibi
2144 4027 2598 4099 inseparabiliter
2624 4036 2869 4093 univerit
2889 4056 2904 4104 ;
2923 4055 3035 4093 non
3057 4040 3204 4095 enim
3226 4041 3279 4094 in
3304 4056 3535 4097 carnem

1936 4131 2245 4175 conversus
2271 4129 2388 4188 est;
2432 4138 2563 4179 nam
2592 4126 2739 4183 Deus
2771 4128 3143 4188 immutabilis
3179 4140 3265 4188 est
3308 4134 3534 4190 Triadis

1937 4220 2159 4267 natura.
2202 4213 2275 4270 Ut
2320 4214 2434 4271 dixi
2478 4216 3039 4291 igitur,“inconlusae
3089 4238 3415 4281 manserunt
3473 4228 3533 4283 in

1936 4302 2264 4360 Emmanuel
2294 4322 2407 4362 uno
2441 4307 2671 4367 Christo
2702 4313 2841 4369 Filio
2872 4314 2972 4369 Dei
2999 4324 3124 4385 post
3186 4317 3534 4374 incarnatio-

1934 4410 2063 4450 nem
2088 4395 2213 4452 duae
2238 4398 2568 4458 substantia:
2592 4419 2607 4469 ;
2638 4404 2725 4458 sin
2754 4412 2945 4459 autem
2966 4422 3133 4461 unam
3158 4408 3532 4465 substantiam

1933 4484 2130 4541 dicunt
2152 4487 2327 4544 factas
2358 4505 2483 4547 esse
2512 4491 2655 4547 duas
2682 4503 2933 4563 naturas,
2969 4497 3192 4568 seipsos
3240 4500 3534 4571 decipien-

1935 4587 2017 4633 tes
2040 4579 2259 4645 fallunt,
2300 4595 2427 4636 cum
2480 4583 2870 4640 confusionem
2934 4602 3033 4642 seu
3099 4591 3530 4649 conversionem

1930 4681 2202 4737 statuant,
2216 4682 2486 4751 tanquam
2524 4692 2634 4731 una
2683 4692 2953 4734 conversa
2993 4680 3165 4737 fuerit
3191 4683 3247 4738 in
3295 4685 3530 4741 alteram

1934 4776 2032 4822 aut
2062 4784 2189 4823 cum
2216 4769 2389 4825 altera
2418 4768 2672 4826 confusa.
2705 4769 2864 4837 Quod
2895 4772 3045 4827 enim
3071 4774 3243 4829 unita:
3270 4777 3530 4833 substan-

221 4849 550 4920 ἀσυγχύτως
584 4848 911 4919 φυλάττεται
939 4850 997 4903 ὲν
1022 4852 1089 4920 τῇ
1122 4848 1299 4920 οἰκείᾳ
1346 4849 1628 4919 ποσότητι,
1667 4847 1829 4902 τοῦτο

1959 4860 2024 4915 ite
2061 4861 2272 4932 absque
2300 4863 2673 4918 conversione
2703 4871 2760 4917 et
2799 4863 3136 4921 confusione
3178 4882 3526 4925 conserven-

223 4944 413 5013 σαφῶς
433 4944 565 5013 ὑμῖν
589 4945 931 5014 παραστήσω
952 4942 1040 4997 διὰ
1055 4941 1503 5014 παραδείγματος
1524 4943 1634 4996 τῶν
1654 4942 1825 5013 τριῶν

219 5037 579 5091 ὑποστάσεων
618 5035 945 5107 ἁδιαιρέτως
995 5038 1091 5092 καὶ
1144 5035 1473 5106 άσυγχύτως
1521 5037 1824 5107 ἡνωμένων

217 5124 496 5201 κατά“τὴν
519 5127 731 5193 οὐσίαν,
766 5128 912 5199 φημὶ
932 5128 988 5182 δὲ
1021 5128 1155 5200 πρὸς
1186 5128 1404 5201 [ἰατρὸς
1433 5128 1529 5181 καὶ
1564 5128 1695 5182 Υίοῦ
1728 5129 1823 5183 καὶ

217 5222 377 5290 ἁγίου
418 5222 773 5293 Πνεύματος·
816 5222 878 5275 οὐ
925 5220 1036 5293 γὰρ
1080 5222 1167 5275 διά
1219 5220 1281 5275 τὸ
1330 5221 1599 5292 ἡνῶσθαι,
1625 5220 1817 5287 αὐτὰς,

218 5314 321 5385 μία
367 5313 665 5379 ὑπόστασις
701 5315 991 5383 γεγόνασιν
1016 5354 1031 5379 ,
1074 5313 1189 5368 ἀλλ’
1216 5314 1497 5385 ἡνωμέναι
1542 5315 1643 5386 μέν
1677 5316 1818 5369 εἰσιν

219 5408 365 5463 κατὰ
400 5408 500 5477 τὴν
537 5407 749 5474 οὐσίαν,
785 5408 842 5461 ἐν
874 5407 1027 5477 τρισὶ
1058 5407 1115 5460 δὲ
1154 5408 1247 5461 καὶ
1276 5408 1586 5479 ἡνωμέναις
1617 5408 1817 5481 γνωρί-

216 5501 403 5567 ζονται
446 5501 842 5555 ὑποστάσεσιν·
880 5499 1053 5562 οὑτως
1084 5500 1178 5552 καὶ
1224 5498 1317 5553 ἐπὶ
1355 5500 1454 5571 τῆς
1501 5500 1817 5571 οἰκονομίας

214 5593 313 5650 τοῦ
358 5593 596 5665 Χριστοῦ
652 5592 747 5647 δύο
796 5592 978 5647 οὐσίαι
1030 5593 1311 5664 ἡνωμέναι
1353 5592 1679 5664 άδιαιρέτως
1722 5596 1819 5649 καὶ

214 5688 540 5759 ἀσυγχύτως
570 5686 940 5759 ὑπάρχουσιν·
970 5687 1175 5741 κείσθω
1194 5687 1252 5741 δὲ
1276 5687 1338 5741 τδ
1360 5689 1712 5760 παράδειγμα
1740 5692 1819 5754 εις

217 5780 383 5851 μόνον
422 5782 483 5835 τὸ
514 5779 868 5851 παραστῆσαι
902 5777 963 5831 τὸ
1004 5777 1299 5850 πρόϐλημα
1328 5778 1389 5831 τὸ
1423 5779 1622 5851 σαθρόν
1645 5797 1659 5811 ·
1696 5781 1821 5834 ἐπεὶ

213 5876 276 5928 εδ
322 5874 423 5947 τῆς
471 5876 531 5931 ιν
584 5871 807 5947 Χριστῷ
867 5869 1135 5938 ὲνὼσεως,
1192 5870 1431 5942 ἔμπαλιν
1493 5870 1526 5941 ἦ
1579 5873 1671 5927 ἐπὶ
1722 5874 1820 5944 τῆς

1936 4961 2027 5007 tur
2057 4953 2113 5007 in
2144 4954 2371 5024 pr0pria
2404 4956 2737 5025 quantitate,
2776 4955 2885 5011 hoc
2943 4958 3091 5013 clare
3120 4960 3279 5016 vobis
3337 4970 3530 5017 osten-

1932 5043 2060 5098 dam
2080 5060 2183 5114 per
2212 5045 2529 5115 exemplum
2565 5046 2735 5100 trium
2785 5046 3279 5105 subsistentiarum
3316 5052 3528 5106 indivi-

1931 5136 2171 5192 sibiliter
2198 5145 2256 5192 et
2286 5135 2580 5194 inconfuse
2614 5139 2898 5193 unitarum
2920 5142 3234 5196 secundum
3264 5143 3530 5200 substan-

1931 5227 2094 5293 tiam;
2118 5227 2188 5283 de
2210 5228 2372 5283 Patre
2407 5228 2552 5294 dico,
2586 5230 2727 5284 Filio
2756 5241 2813 5285 et
2874 5230 3088 5300 Spiritu
3142 5242 3361 5291 sancto.
3403 5235 3525 5291 Non

1928 5321 2076 5376 enim
2107 5320 2216 5377 illa
2242 5322 2623 5392 perunionem
2679 5339 2789 5377 una
2836 5323 3148 5380 substantia
3210 5327 3367 5409 ﬁunt,
3426 5328 3527 5385 sed

1930 5414 2098 5470 unita:
2126 5414 2354 5486 quidem
2379 5425 2513 5471 sunt
2547 5416 2859 5471 secundum
2906 5417 3301 5487 substantiam,
3337 5422 3393 5477 in
3423 5423 3528 5477 tri-

1928 5507 2034 5564 bus
2060 5518 2246 5565 autem
2262 5520 2319 5565 et
2338 5508 2512 5565 unitis
2529 5510 2914 5565 subsistentiis
2934 5526 3057 5567 esse
3081 5523 3522 5583 cognoscuntur;

1924 5602 1999 5657 ita
2031 5602 2088 5656 in
2118 5600 2716 5673 Christidispositioue
2740 5602 2864 5658 dum
2901 5604 3229 5661 substantia
3268 5614 3400 5661 sunt
3440 5608 3526 5663 in-

1923 5694 2288 5752 divisibiliter
2339 5705 2397 5751 et
2461 5696 2754 5753 incouluse
2819 5696 3013 5753 unita.
3068 5699 3389 5759 Profetatur
3418 5700 3525 5757 hoc

1924 5787 2241 5859 exemplum
2260 5789 2614 5846 solummodo
2644 5789 2709 5844 ad
2744 5792 3150 5849 ostendendam
3189 5802 3526 5851 controvero

1926 5877 2064 5933 siam
2092 5878 2311 5934 inanem
2347 5894 2510 5947 esse;
2541 5895 2666 5936 cum
2694 5883 2825 5938 unio
2857 5884 2913 5939 in
2935 5882 3163 5940 Christo
3190 5900 3299 5947 non
3324 5882 3523 5940 eadem
