4118 6464
669 378 810 444 2959
854 438 857 439 ν

1673 382 1733 446 S.
1777 383 2089 443 EULOGH
2131 385 2484 443 Mltiiiilil‘.
2528 382 2903 443 ALEXAND.

3793 378 3931 442 2960

671 496 739 546 sit
775 508 833 546 ac
868 492 921 545 in
948 492 1167 547 Triatle.
1203 492 1303 548 llic
1355 496 1500 549 enim
1538 494 1677 549 alius
1726 504 1788 551 et
1818 496 1979 559 alius,
2015 514 2081 552 ne
2110 497 2243 550 sub-

2355 497 2577 567 Τριάδος
2607 497 2740 567 ἔχει·
2780 497 2899 551 ἐκεῖ
2932 498 3030 567 μὲν
3056 497 3164 567 γάρ
3201 495 3356 551 ἄλλος
3387 497 3481 547 καὶ
3516 494 3699 559 ἄλλος,
3741 496 3825 547 ἵνα
3859 495 3934 564 μὴ

670 584 949 637 sistentias
974 584 1397 649 conluudamus,
1440 602 1551 639 non
1584 586 1728 639 aliud
1765 598 1818 641 et
1866 588 2045 649 aliud;
2074 606 2241 643 unum

667 676 813 727 enim
866 686 921 729 et
984 681 1124 730 idem
1180 678 1282 731 tria
1320 686 1446 730 sunt
1500 678 1554 731 in
1591 677 1902 732 divinitate.
1941 680 1996 732 ln
2032 681 2245 733 Emma-

670 769 800 821 ιινιιιι
846 780 1028 821 autem
1088 770 1233 821 aliud
1292 778 1377 823 est
1430 770 1715 833 divinitas,
1749 770 1897 829 aliud
1929 772 2245 826 humanitas

672 876 739 913 ne
763 862 1098 915 substantias
1129 862 1555 917 confundamus.
1600 862 1718 916 Non
1759 862 1904 917 enim
1942 862 2083 917 idem
2116 875 2246 918 sunt

672 962 941 1003 aeternum
968 963 1023 1005 et
1048 952 1370 1021 temporale,
1401 953 1617 1008 visibile
1651 963 1707 1008 et
1756 954 2073 1017 invisibile;
2136 970 2245 1009 non

671 1050 853 1093 autem
878 1041 1086 1096 dicitur
1113 1044 1257 1097 alius
1281 1050 1336 1099 et
1366 1044 1529 1103 alius,
1561 1060 1630 1097 ne
1654 1045 1759 1099 hoc
1790 1044 1902 1098 ﬁat.
1938 1046 2057 1098 Duo
2096 1047 2243 1100 enim

676 1132 878 1187 unione
904 1150 1067 1188 unam
1088 1150 1377 1203 personam
1404 1134 1650 1189 etlieiunt
1678 1144 1734 1188 et
1766 1150 1929 1189 unam
1955 1136 2244 1191 characte-

674 1226 911 1280 risticam
948 1227 1385 1281 subsistentiam.

1045 1338 1126 1390 Ex
1170 1336 1381 1408 Eulogii
1426 1338 1868 1393 Delensiouibus.

741 1454 816 1507 Ne
848 1468 979 1523 ergo
1011 1452 1229 1522 negotia
1260 1453 1422 1506 nobis
1454 1453 1841 1523 prrestent,qni
1876 1452 2016 1507 nihil
2050 1466 2245 1506 sanum

670 1546 910 1615 cogitare
946 1546 1156 1620 volunt,
1184 1544 1279 1598 sed
1312 1544 1723 1598 inconsiderate
1746 1544 2017 1614 garriunt,
2046 1554 2100 1598 et
2125 1559 2244 1598 rec-

672 1648 778 1690 tam
802 1646 857 1688 et
892 1634 1436 1704 irreprehensibilem
1468 1634 1631 1689 tidem
1668 1643 1929 1689 excutere
1972 1635 2245 1690 nituntur.

670 1729 779 1783 Nos
808 1729 954 1783 enim
981 1743 1152 1781 unum
1182 1726 1465 1787 Christum
1521 1727 1617 1781 Dei
1668 1726 1871 1781 Filium
1928 1726 2243 1791 adoramus,

672 1822 724 1874 in
768 1836 931 1875 carne
991 1820 1167 1873 visum
1199 1818 1286 1872 his
1311 1819 1405 1889 qui
1447 1820 1501 1873 in
1554 1828 1704 1873 terra
1758 1819 2003 1890 degunt;
2046 1819 2247 1873 distin-
2279 1854 2321 1910 Β

671 1913 911 1967 ctionem
965 1921 1146 1965 tamen
1203 1910 1553 1964 divinitatem
1611 1910 1757 1964 inter
1784 1920 1838 1965 et
1886 1926 2108 1965 carnem
2146 1911 2245 1963 ad-

672 2003 961 2057 mittimus.
998 2002 1145 2055 Deus
1171 2000 1318 2055 enim
1348 1999 1591 2055 Verbum
1622 2010 1884 2057 :eternus.
1913 2010 1997 2054 est
2027 2001 2245 2054 increa-

673 2105 781 2158 tus,
828 2092 1208 2162 impassibilis,
1258 2100 1313 2145 et
1359 2107 1481 2161 qum
1525 2090 1725 2145 decent
1772 2091 2015 2145 divinam
2066 2092 2247 2161 perle-

671 2187 933 2239 i-tioi.etu.
962 2183 1102 2238 Caro
1129 2191 1314 2237 autem
1346 2181 1496 2237 illius
1526 2197 1694 2235 unum
1731 2182 1939 2251 aliquid
1968 2197 2097 2235 eum
2156 2180 2247 2233 illo

670 2276 909 2329 i-llieicns
942 2291 1039 2344 per
1087 2284 1296 2329 arctam
1332 2282 1389 2329 et
1441 2273 1917 2345 subsistentialem
1961 2274 2246 2335 unionem,

670 2367 736 2419 de
768 2382 874 2435 qua
910 2366 1270 2435 propheticus
1307 2364 1546 2420 Joannes
1583 2366 1800 2419 clamat.
1858 2365 2081 2418 Verbum
2124 2380 2249 2416 caro

671 2464 866 2529 factum
889 2467 961 2511 est
993 2468 1041 2511 et
1069 2457 1322 2511 habitavit
1348 2458 1398 2510 in
1435 2456 1579 2511 nobis
1602 2456 1641 2518 ³,
1676 2457 2012 2527 temporalis,
2038 2464 2243 2521 creata,

670 2551 943 2620 passibilis
1004 2559 1106 2604 est.
1172 2549 1374 2604 Omnes
1440 2560 1621 2604 autem
1687 2550 1805 2604 illas
1869 2550 2053 2605 carnis
2119 2565 2246 2619 pro-

671 2641 936 2710 prietates
964 2642 1291 2710 prolitemur
1323 2638 1494 2694 factas
1517 2654 1638 2694 esse
1660 2656 1882 2709 quoque
1920 2640 2017 2694 Dei
2040 2639 2205 2694 Verbi
2232 2656 2245 2703 ;

672 2746 794 2783 nam
824 2730 865 2783 si
897 2730 1121 2799 propria
1154 2731 1273 2800 ejus
1303 2745 1433 2785 caro
1464 2730 1653 2795 fuerit,
1694 2730 1925 2786 evidens
1954 2740 2039 2785 est
2065 2731 2249 2786 carnis

671 2819 1038 2887 proprietates
1082 2820 1202 2889 ejus
1253 2835 1475 2889 quoque
1524 2820 1738 2875 futuras
1790 2836 1936 2875 esse.
1988 2820 2249 2889 Proprias

668 2910 815 2963 cnim
844 2909 947 2964 sibi
977 2911 1098 2965 illas
1128 2911 1280 2976 facit,
1318 2913 1423 2967 etsi
1474 2929 1585 2967 non
1634 2912 1963 2981 subjiciatur
2014 2913 2120 2967 illis
2166 2912 2251 2966 di-

672 3002 798 3054 vina
828 3002 948 3071 ejus
980 3012 1196 3057 natura.
1242 3004 1463 3058 Etenim
1520 3018 1715 3058 omnes
1764 3002 1936 3058 Verbi
1977 3004 2075 3057 Dei
2124 3017 2246 3057 esse

671 3090 1257 3169 postincarnationem
1308 3094 1493 3149 carnis
1537 3095 1657 3164 ejus
1716 3092 2111 3164 proprietates,
2162 3092 2246 3147 di-

2347 594 2439 655 τὲς
2473 591 2796 653 ὑποστάσεις
2844 592 3192 662 συγχέωμεν,
3225 593 3326 644 οὑκ
3360 593 3485 645 ἄλλο
3532 591 3590 644 δὲ
3641 594 3737 643 καὶ
3766 592 3931 645 ἀλλοο

2348 683 2405 735 ἓν
2445 684 2551 754 γὰρ
2595 684 2665 735 τὰ
2706 684 2833 749 τρία
2880 688 2973 737 καὶ
3014 684 3209 738 ratith
3256 686 3322 753 τῇ
3372 685 3609 751 θεότητν
3658 683 3717 734 ὲν
3764 683 3820 735 δὲ
3856 683 3932 751 τῷ

2362 775 2707 845 Ἐμμανουὴλ
2740 776 2867 829 ἄλλο
2904 777 3001 845 μὲν
3034 776 3246 845 θεότης,
3278 777 3405 829 ἄλλο
3448 776 3503 827 δὲ
3552 774 3932 852 άνθρωπότης,

2349 868 2437 921 ἵνα
2495 867 2567 936 μὴ
2625 869 2723 931 τὰς
2775 869 2965 932 obuia;
3018 870 3334 939 συγχέωμεν
3366 868 3468 920 ὀὐ
3502 866 3615 937 γάρ
3662 867 3825 920 ταυτδ
3878 869 3934 920 το

2350 958 2573 1027 ἄχρονον
2594 959 2673 1029 τῷ
2708 960 2765 1011 ὲν
2793 961 3001 1030 χρόνῳ,
3027 961 3121 1012 καὶ
3146 960 3206 1012 τὸ
3234 960 3427 1030 όρατδν
3570 960 3807 1028 ἀοράτῳ*
3837 961 3931 1011 οὐκ

2349 1033 2506 1111 άλλος
2534 1051 2589 1103 δὲ
2620 1051 2711 1103 καὶ
2738 1051 2915 1115 ἄλλος,
2956 1050 3030 1121 μὴ
3058 1051 3286 1117 γένοιτο’
3319 1052 3387 1105 τὰ
3417 1051 3527 1122 γὰρ
3555 1052 3841 1119 ἀμφότερα
3869 1055 3929 1119 τῇ

2350 1140 2539 1192 ἐνώσει
2575 1139 2633 1190 ἓν
2670 1141 2963 1210 πρόσωπον
2995 1139 3365 1209 ἀπετελέσθη,
3401 1140 3497 1193 καὶ
3534 1140 3665 1209 μίαν
3704 1140 3928 1192 ὑπόστα-

2352 1244 2436 1280 σιν
2465 1231 2991 1299 χαρακτηριστικήν.

2644 1341 2744 1393 Ἐκ
2783 1338 2902 1393 τῶν
2939 1340 3239 1409 Εὐλογίου
3280 1340 3651 1411 Συνηγοριῶν.

2419 1455 2511 1523 Μὴ
2540 1454 2717 1507 τοίνυν
2756 1454 3060 1525 πράγματα
3090 1454 3223 1524 ἡμῖν
3256 1454 3650 1523 παρεχέτωσαν
3682 1453 3732 1506 οἱ
3770 1453 3936 1525 μηδὲν

2350 1544 2501 1611 ὑγιὲς
2535 1547 2674 1597 νοεῖν
2715 1544 3049 1615 βουλόμενοι,
3086 1545 3218 1597 ἀλλὰ
3262 1544 3438 1614 μάτην
3478 1543 3936 1610 εῑκσιολογοῦντες

2350 1636 2443 1687 καὶ
2482 1635 2578 1706 τὴν
2616 1635 2781 1706 ὀρθὴν
2821 1636 2915 1689 καὶ
2957 1635 3257 1706 ἀμώμητον
3284 1633 3520 1706 [πίστιν]
3557 1634 3937 1707 διαταράττειν

2349 1720 2784 1791 ἐπιχειροῦντες·
2826 1725 2987 1793 ἡμεῖς
3039 1722 3146 1796 γὰρ
3200 1723 3296 1777 ἕνα
3352 1725 3590 1794 Χριστὸν
3634 1725 3763 1777 Υῐὸν
3801 1722 3938 1777 Θεοῦ

2350 1813 2764 1882 προσκυνοῦμεν
2795 1816 2961 1884 σαρκὶ
2988 1815 3221 1883 ὀφθέντα
3248 1818 3361 1880 τοῖς
3394 1817 3487 1869 ἐπὶ
3520 1817 3648 1886 γῆς·
3676 1815 3941 1888 διαφορὰν

2353 1903 2535 1970 μέντοι
2586 1903 2679 1973 τῆς
2727 1903 2981 1973 θεότητος
3027 1905 3163 1975 πρὸς
3202 1908 3301 1975 τὴν
3348 1908 3527 1979 σάρκα
3562 1907 3936 1975 γινώσκομεν·

2351 1996 2445 2047 καί
2480 1995 2589 2064 γὰρ
2622 1997 2649 2048 ό
2684 1995 2817 2058 Θεὸς
2869 1996 3044 2064 Λόγος
3085 1996 3329 2067 ἄχρονος,
3380 1999 3652 2063 άκτιστος,
3701 1998 3936 2069 ἀπαθὴς,

2351 2087 2444 2138 καὶ
2500 2088 2600 2142 ὅσα
2652 2089 2853 2159 πρέπει
2904 2092 2968 2158 τῇ
3020 2088 3142 2159 θείᾳ
3192 2089 3581 2163 μεγαλωσὺνῃσ
3628 2093 3661 2161 ἡ
3708 2091 3764 2145 δὲ
3807 2093 3938 2161 σὰρξ

2349 2177 2513 2229 αὑτοῦ
2556 2177 2612 2229 ἓν
2656 2196 2705 2230 τι
2750 2180 3071 2249 ὑπάρχουσα
3107 2181 3241 2249 πρὸς
3272 2181 3435 2234 αὑτὸν
3487 2181 3575 2235 διὰ
3626 2183 3726 2251 τὴν
3765 2183 3937 2251 ἄκραν

2351 2269 2449 2322 καὶ
2504 2270 2866 2324 ὲνυπόστατον
2920 2272 3144 2338 ἕνωσιν,
3196 2273 3267 2326 δι’
3314 2274 3380 2343 ἥν
3428 2274 3523 2327 καὶ
3577 2275 3606 2327 6
3656 2273 3938 2337 θεσπέσιος

2363 2362 2613 2431 Ἰωάννης
2650 2362 2779 2433 βοᾷ·
2827 2363 2890 2417 '0
2928 2365 3111 2431 λόγος
3149 2366 3305 2433 σὰρξ
3338 2364 3576 2434 ἐγένετο
3622 2366 3719 2419 καὶ
3756 2365 3935 2429 ἐσκή-

2348 2468 2547 2505 νωσεν
2672 2453 2836 2523 τἰμῖν,
2868 2454 3125 2526 ἐγχρονος
3161 2456 3419 2528 ὑπάρχει,
3453 2456 3670 2528 κτιστὴ,
3699 2458 3931 2525 παθητήθ

2350 2543 2526 2597 πάντα
2572 2544 2627 2596 δὲ
2676 2545 2849 2599 ταῦτα
2895 2548 2994 2617 τῆς
3046 2548 3247 2617 σαρκὸς
3285 2548 3655 2618 ὁμολογοῦμεν
3690 2548 3935 2615 γενέσθαι

2346 2634 2440 2686 τοῦ
2488 2634 2623 2687 Θεοῦ
2670 2636 2865 2704 Λόγονο
2914 2638 2963 2689 ει
3011 2637 3121 2708 γὰρ
3158 2639 3261 2692 ἰδία
3291 2639 3455 2692 αὐτοῦ
3503 2641 3536 2710 ἡ
3581 2639 3738 2709 σὰρξ,
3782 2639 3932 2710 δῆλον

2347 2724 2430 2779 ὅτι
2468 2727 2564 2778 καὶ
2612 2726 2681 2779 τὰ
2718 2727 2817 2795 τῆς
2861 2727 3065 2792 σαρκὸς
3109 2729 3285 2782 πάντα
3330 2727 3495 2783 αὑτοῦ
3532 2728 3705 2781 ἔσται·
3739 2731 3930 2781 οἰκειο-

2348 2820 2582 2870 ποιεῖται
2612 2818 2721 2889 γὰρ
2743 2817 2905 2885 αὑτὰ,
2936 2820 2983 2871 εἰ
3013 2818 3105 2870 καὶ
3131 2818 3206 2889 μὴ
3238 2814 3496 2873 ὑπέκειτο
3518 2820 3732 2883 τούτοις
3759 2821 3794 2891 ἡ
3819 2819 3930 2872 Osi:

2346 2907 2514 2960 αὑτοῦ
2572 2908 2762 2976 φύσιςο
2789 2909 2872 2963 ὃτι
2902 2909 3011 2979 γὰρ
3052 2909 3231 2963 πάντα
3277 2908 3375 2963 τοῦ
3408 2909 3545 2963 Θεοῦ
3602 2911 3777 2978 Λόγου
3816 2911 3929 2963 ἐστὶ

2351 2998 2486 3066 μετὰ
2534 2997 2631 3068 τὴν
2676 2998 3088 3069 ὲνανθρώπησιν
3142 3000 3211 3053 τὰ
3257 3001 3360 3071 τῆς
3414 3001 3619 3073 σαρκδς
3663 3002 3852 3066 αὑτοῦ,
3895 3003 3927 3065 ἡ

2349 3084 2467 3139 θεία
2512 3086 2704 3157 Γραφὴ
2731 3090 2874 3158 ἡμᾶς
2923 3088 3185 3144 παιδεύει*
3218 3090 3354 3161 φησὶ
3385 3092 3494 3162 γὰρ
3515 3130 3529 3153 ,
3571 3092 3931 3159 Ἑωράκαμεν

672 3180 799 3233 vina
831 3179 1115 3257 Scriptura
1147 3198 1249 3242 nos
1285 3184 1468 3249 docet,
1503 3184 1639 3239 dicit
1666 3183 1854 3239 enim:
1889 3183 2123 3238 Vidimus
2147 3182 2250 3237 Do-

2356 3175 2465 3229 τὸν
2494 3177 2733 3244 Κύριον,
2762 3178 2823 3231 τὸ
2855 3180 3262 3250 συναμφότερον
3286 3180 3602 3249 λέγουσα-,ὁ
3622 3183 3731 3254 γάρ
3763 3184 3926 3253 ἑωρα-

674 3272 900 3335 minam,
925 3283 1223 3343 utrumque
1248 3274 1586 3345 signiﬁcans.
1623 3274 1725 3341 Qui
1780 3275 1928 3330 enim
1961 3276 2098 3329 vidit
2132 3288 2247 3330 car-

675 3378 800 3417 nem
827 3362 1057 3427 Christi,
1080 3375 1255 3418 totum
1284 3364 1445 3431 vidit,
1479 3366 1583 3421 etsi
1627 3366 1922 3422 invisibilis
1957 3376 2153 3420 natura
2180 3364 2252 3419 sit

674 3453 967 3517 divinitas;
989 3464 1043 3508 et
1067 3455 1262 3509 iterum
1289 3456 1604 3509 :Dominum
1627 3456 1810 3526 gloria!
1831 3473 1935 3510 non
1958 3456 2255 3514 cruciﬁxi:—

672 3555 787 3599 sent
818 3546 859 3607 ’⁵,
885 3546 1071 3600 divina
1095 3562 1289 3615 nempe
1322 3557 1517 3602 natura
1580 3548 1673 3601 illo
1704 3563 1811 3602 non
1846 3548 2108 3617 patiente,
2157 3547 2250 3603 sed

677 3639 898 3708 propria
965 3654 1153 3693 carne.
1203 3639 1477 3694 Docemur
1531 3656 1661 3709 ergo
1714 3641 1803 3694 his
1850 3640 2109 3695 omnibus
2156 3639 2251 3694 Dei

678 3730 842 3785 Verbi
882 3731 1151 3785 incarnati
1186 3730 1360 3785 fuisse
1394 3741 1453 3789 et
1478 3731 1696 3787 divinas
1721 3740 1777 3786 et
1816 3732 2086 3786 humanas
2123 3732 2252 3801 pro-

679 3822 979 3891 prietatcs;
1007 3822 1103 3876 sed
1130 3823 1187 3876 in
1216 3821 1301 3876 his
1335 3822 1538 3893 quibus
1568 3823 1773 3877 dicitur
1813 3823 2095 3878 Christum
2123 3838 2245 3876 esu.

678 3916 895 3979 rivissc,
923 3915 1193 3979 sitivisse,
1222 3923 1425 3971 tactum
1466 3924 1561 3969 aut
1613 3930 1833 3985 passum
1872 3914 2064 3977 fuisse,
2118 3924 2253 3984 puto

678 4004 833 4061 illum
888 4019 996 4057 non
1061 4005 1114 4057 in
1182 4002 1367 4058 divina
1399 4012 1597 4057 natura
1647 4003 1763 4058 bmc
1787 4011 2071 4073 expertum
2108 4016 2251 4069 esse,

678 4094 773 4148 sed
812 4095 865 4148 in
920 4110 1083 4150 carne
1132 4110 1295 4164 Quam
1354 4105 1683 4165 sumpserat,
1718 4103 1773 4149 et
1822 4110 1920 4166 per
1971 4109 2135 4164 quam
2195 4102 2255 4151 ut

678 4184 844 4239 homo
872 4191 1234 4239 conversatus
1251 4190 1351 4242 est.

2356 3265 2468 3329 κὼς
2497 3268 2595 3337 τὴν
2633 3269 2809 3336 σάρκα
2842 3270 2936 3323 τοῦ
2970 3270 3228 3341 Χριστοῦ,
3265 3273 3386 3326 ὅλον
3425 3272 3722 3337 ἐθεάσατο,
3750 3278 3797 3329 ιι
3838 3278 3925 3330 καὶ

2357 3358 2584 3423 ἀθέατος
2617 3362 2675 3413 τὸ
2706 3362 2842 3415 κατά
2866 3361 3026 3430 φύσιν
3057 3366 3088 3431 ἡ
3120 3364 3310 3435 θεότης
3334 3366 3602 3436 ὑπῆρχεν·
3635 3368 3729 3421 καὶ
3756 3368 3924 3433 πάλιν,

2363 3452 2483 3503 Οὐκ
2518 3451 2594 3504 ἂν
2629 3453 2736 3505 τὸν
2762 3454 2980 3522 Κύριον
3017 3454 3127 3521 τῆς
3150 3454 3334 3521 δόξης
3359 3457 3754 3524 ἐσταύρωσαν
3772 3476 3789 3492 ο
3814 3458 3928 3512 καί·

2359 3557 2441 3594 τοι
2488 3546 2555 3612 τῇ
2608 3543 2729 3614 θείᾳ
2793 3544 2953 3613 φύσει
3000 3546 3163 3599 αὑτοῦ
3220 3546 3293 3617 μὴ
3342 3548 3640 3614 παθόντος.
3694 3549 3823 3603 ἀλλά
3863 3550 3923 3619 τῇ

2361 3633 2536 3704 οἰκείᾳ
2569 3635 2766 3703 σαρκί·
2798 3635 3165 3705 διδασκόμεθα
3201 3635 3295 3690 οὖν
3335 3639 3394 3690 ὲν
3430 3641 3564 3692 πᾶσι
3601 3640 3824 3705 τούτοις,
3852 3641 3922 3693 ὅτι

2360 3725 2452 3778 τοῦ
2482 3726 2614 3778 Θεοῦ
2646 3726 2814 3795 Λόγου
2850 3728 3224 3793 σαρκωθέντος
3253 3725 3321 3801 ἣν
3348 3731 3416 3783 τά
3440 3747 3499 3784 τε
3533 3731 3808 3805 θεοπρεπῆ
3838 3736 3923 3790 καὶ

2357 3814 2426 3867 τά
2452 3814 2785 3887 ἀνθρώπινα·
2822 3816 2937 3869 ἀλλ’
2977 3820 3035 3870 ὲν
3073 3814 3154 3879 οἷς
3194 3836 3358 3889 φησιν
3402 3820 3483 3873 ὅτι
3526 3822 3811 3893 ἐπείνησεν
3840 3825 3925 3878 καὶ

2359 3906 2609 3974 ὲδίψηστν
2643 3908 2674 3977 ἢ
2708 3907 3031 3979 ἐψηλαφήθη
3070 3910 3101 3979 ἢ
3132 3911 3319 3982 ὠράθη
3345 3952 3361 3976 ,
3394 3914 3497 3966 νοῶ
3523 3915 3606 3968 ὅτι
3633 3917 3697 3971 οὺ
3726 3920 3791 3987 τῇ
3818 3918 3922 3988 θείᾳ

2356 4001 2519 4063 φύσει
2543 3999 2710 4052 ταῦτα
2739 4000 3026 4067 πέπονθεν,
3052 4002 3190 4056 ἀλλὰ
3213 4007 3278 4074 τῇ
3306 4004 3717 4079 προσληφθείσῃ
3751 4009 3917 4077 σαρκὶ.

2357 4089 2478 4143 καθ’
2514 4090 2580 4161 ἣν
2613 4090 2896 4161 ἄνθρωπος
2925 4092 3295 4165 ἐχρημάτισεν
3324 4094 3421 4166 (1),

1050 4362 1107 4418 S.
1144 4363 1355 4436 Eulogii
1380 4368 1699 4435 patriarcltw
1720 4366 2095 4431 Alexandrini,
2125 4378 2188 4418 ex
2225 4362 2315 4417 lib.
2343 4378 2422 4427 nt,
2448 4362 2713 4418 Adversus
2738 4360 3088 4417 Novatianos.
3117 4362 3273 4417 Phot.
3303 4362 3431 4421 Cod.
3458 4366 3584 4425 280.

1278 4525 1338 4578 F.
1380 4525 1672 4580 FRANCISCO
1707 4523 1989 4580 Constans.
2021 4522 2341 4592 interprete.
2370 4520 2617 4576 Biblioth.
2645 4520 2951 4576 Concionat.
2978 4528 3018 4576 t.
3059 4521 3125 4588 V,
3150 4536 3205 4591 p.
3250 4520 3369 4574 127.

749 4680 902 4747 Quod
932 4681 1007 4735 ait
1040 4681 1349 4751 Apostolus.
1385 4680 1693 4735 Voluntaria
1722 4682 2057 4751 peccantibus
2107 4680 2252 4732 nobis

680 4782 793 4842 post
833 4780 1103 4842 acceptam
1139 4774 1383 4826 notitiam
1408 4772 1790 4843 veritatis,jam
1810 4786 1910 4824 non
1936 4770 2254 4827 relinquitur

680 4881 775 4935 pro
804 4873 1013 4933 peccato
1042 4864 1271 4927 hostia',
1302 4879 1412 4917 non
1433 4876 1499 4916 eo
1521 4870 1733 4931 spectat
1770 4870 2024 4931 tanquam
2050 4861 2259 4916 sacrili-

680 4973 709 5007 c
735 4973 825 5010 um
867 4956 1094 5009 omnino
1117 4955 1395 5010 sublatum
1428 4954 1603 5009 velit:
1642 4954 1737 5007 sed
1786 4953 1918 5007 illud
1963 4952 2251 5014 duntaxat,

683 5050 831 5118 qunti
865 5050 1001 5120 legis
1034 5049 1142 5102 ritu
1174 5048 1478 5118 peragitur.
1520 5046 1633 5101 Nec
1672 5046 1834 5099 modo
1894 5046 1946 5100 id
1978 5060 2149 5115 genus
2171 5060 2258 5098 sa-

681 5141 875 5195 crilicii
912 5148 1079 5203 vetat,
1120 5139 1214 5193 sed
1245 5148 1640 5207 etsupremum
1668 5136 1936 5206 judicium
1968 5137 2036 5189 iis
2094 5137 2261 5189 inter-

683 5232 942 5289 minatur.
978 5230 1072 5299 qui
1108 5237 1227 5298 post
1260 5228 1497 5297 agnitam
1525 5227 1839 5289 veritatem,
1886 5240 1948 5279 ac
1970 5240 2095 5279 cum
2146 5240 2261 5295 my-

682 5324 880 5375 stlcum
906 5320 1236 5374 sacriﬁcium
1273 5320 1417 5374 nacti
1446 5319 1580 5380 sint,
1614 5316 1681 5371 ad
1717 5317 1909 5385 legale,
1935 5318 2081 5385 quod
2142 5326 2260 5370 tan-

682 5426 867 5468 torum
902 5428 965 5467 ac
990 5413 1269 5465 hircorum
1296 5409 1669 5464 immolatione
1724 5416 2033 5477 prICStalttt‘,
2092 5408 2258 5461 sacri-

756 5596 950 5650 ‘Joan.
984 5612 1021 5657 ι,
1060 5594 1145 5647 Η.
1221 5591 1285 5644 ‘l
1340 5590 1464 5643 Cor.
1489 5608 1546 5651 ιι,
1600 5590 1651 5643 8.
1732 5592 1750 5621 ⁸
1788 5590 1952 5642 llehr.
1988 5604 2038 5649 χ,
2074 5588 2161 5641 ‘26.

2364 4676 2550 4732 licium
2583 4678 2840 4733 redeunt.
2867 4678 3104 4748 Haecque
3128 4678 3265 4734 adeo
3296 4679 3502 4732 Paulus
3524 4693 3592 4733 eo
3621 4680 3802 4735 animo
3854 4682 3925 4735 lo-

2363 4768 2574 4838 quitur,
2607 4775 2669 4820 ut
2695 4767 2939 4831 Iudaeos,
2963 4768 3059 4837 qui
3113 4767 3180 4821 ad
3217 4766 3501 4823 Christum
3552 4767 3665 4837 jam
3699 4784 3924 4823 accesse-

2366 4866 2488 4910 rant
2516 4867 2737 4912 revocet
2784 4858 2854 4913 ab
2883 4858 3271 4913 observatione
3323 4859 3605 4928 legalium.
3666 4858 3916 4925 Quemad-

2365 4949 2589 5002 modum
2615 4950 2783 5019 igitur
2804 4950 3073 5019 legalibus
3096 4948 3467 5017 baptismatis,
3499 4948 3581 5003 sic
3611 4955 3666 5003 et
3696 4952 3923 5005 cruentis

2366 5039 2678 5101 sacrificiis.
2714 5041 2784 5095 iis
2830 5039 3132 5094 interdicit.
3158 5039 3332 5094 Judaei
3364 5054 3606 5109 namque
3643 5054 3781 5109 quos
3809 5055 3924 5109 pec.

2367 5130 2474 5184 cati
2529 5139 2718 5184 reatus
2772 5130 3127 5201 astringeret.
3196 5130 3441 5199 primum
3486 5128 3712 5199 quidem
3760 5130 3927 5198 expia.

2367 5223 2591 5287 bantur,
2622 5232 2847 5293 tumque
2878 5237 3019 5292 aqua
3080 5222 3451 5278 abluebantur
3481 5236 3546 5275 ac
3603 5220 3925 5291 intingeban.

2368 5323 2495 5379 tur;
2530 5329 2594 5368 ac
2621 5322 2901 5383 postremo
2928 5314 3039 5383 jam
3058 5314 3309 5367 cruentis
3345 5312 3542 5367 hostiis
3593 5311 3875 5373 faciebant,
3898 5327 3923 5365 ι

2368 5406 2572 5475 quibus
2602 5421 2699 5460 eos
2754 5420 2992 5460 avocans
3038 5405 3356 5469 Apostolus,
3405 5403 3690 5461 terribiles
3727 5419 3923 5474 quoque

755 5732 829 5797 lt)
866 5728 1254 5797 Sequebantur
1282 5726 1334 5778 in
1371 5724 1560 5797 codice
1599 5725 1819 5794 plurimi
1861 5724 2053 5778 Pisida‘
2092 5723 2256 5776 iambi
2302 5720 2567 5776 adversus
2622 5721 2909 5785 Severum,
2956 5735 3096 5789 quos
3120 5736 3222 5791 ego
3250 5733 3402 5775 more
3441 5733 3565 5774 meo
3587 5718 3922 5797 praetermisi,

683 5796 1019 5873 quiaextant
1050 5799 1105 5852 in
1131 5796 1491 5851 editionibus.
