4118 6484
285 417 3549 465 W

1577 632 1751 679 anno
1787 605 2013 681 bonum
2048 636 2260 681 nxcvr.

787 818 961 998 s.
1126 814 2041 1081 SYMEON
2189 813 3045 998 JUNIOR.

1065 1307 1221 1395 DE
1291 1308 1386 1397 s.
1462 1274 2122 1401 SYMEONE
2215 1306 2824 1399 STYLITA

1162 1516 1227 1562 IN
1270 1514 1484 1563 monre
1510 1515 1792 1561 metu
1818 1516 2023 1562 more
2052 1497 2696 1572 smocmu‘sm,

687 1665 1289 1729 COMMENTARIUS
1332 1662 1691 1725 PRIEVIUS
1724 1662 1951 1723 CONR.
1992 1662 2432 1737 JANNINGHI,
2466 1660 2899 1724 SOCIETATIS
2932 1660 3135 1724 JESU.

1280 1830 1567 1901 (Romae.
1595 1828 1713 1885 Act.
1746 1825 1932 1883 Sanct.
1971 1835 2014 1883 t.
2050 1826 2095 1881 V
2125 1826 2276 1893 Maii,
2308 1842 2364 1897 p.
2396 1826 2551 1897 298.)

258 2137 289 2206 ξ
336 2134 377 2190 ι.
427 2133 607 2188 Trium
659 2133 890 2203 ejusdem
933 2132 1160 2206 nominis
1204 2129 1522 2206 StyIitarum
1563 2129 1861 2193 diversitas,
1892 2132 2208 2197 Aquorum
2269 2142 2442 2181 unum
2481 2127 2685 2182 laudat
2737 2125 3133 2187 inveniendum
3182 2124 3331 2196 apud
3385 2141 3446 2182 se
3488 2125 3589 2182 ad”

724 2204 1057 2272 cognomina,
1092 2209 1140 2254 et
1162 2199 1352 2253 cultus.

334 2315 387 2367 1.
419 2314 739 2369 Graecorum
762 2311 1057 2373 Triodion,
1092 2312 1251 2381 cujus
1279 2310 1334 2364 in
1368 2325 1567 2365 eorum
1600 2311 1860 2367 ecclesiis

258 2420 397 2459 usus
428 2414 561 2458 esta
586 2403 875 2457 Dominica
899 2402 1341 2472 Septuagesimm
1380 2416 1556 2471 usque
1588 2402 1655 2456 ad
1699 2410 1859 2456 octa-

257 2511 385 2549 vam
425 2495 810 2556 Pentecostes,
850 2494 903 2547 in
929 2492 1363 2555 Canonefcriae
1396 2509 1448 2546 γι
1490 2502 1621 2547 ante
1662 2492 1856 2547 Domi-

257 2586 441 2639 nieam
481 2584 1225 2655 Quinquxagesimmquando
1254 2583 1313 2636 iit
1337 2583 1593 2637 Memoria
1618 2585 1857 2637 omnium

256 2688 569 2732 sanctorum
596 2686 644 2730 et
681 2676 1019 2745 Deifcrorum
1051 2674 1303 2736 Patrum,
1332 2676 1423 2743 qui
1453 2677 1509 2727 in
1556 2676 1856 2728 monastica

262 2770 647 2823 exercitatione
691 2766 1048 2837 singulariter
1134 2765 1443 2829 eluxerunt,
1504 2764 1713 2835 Μνήμη
1748 2762 1856 2815 τῶν

260 2864 425 2915 ὁσίων
462 2861 863 2930 καὶΘεοφόρων
897 2861 1180 2928 Πατέρων,
1206 2860 1315 2911 τῶν
1366 2860 1425 2910 ὲν
1446 2860 1680 2927 ἀσκήσει
1712 2856 1855 2925 λαμ-

258 2955 525 3022 φάντων,
581 2967 776 3007 eorum
834 2951 1175 3005 celebriorcs
1230 2950 1515 3021 sigillatim
1553 2960 1611 3005 et
1655 2948 1857 3003 ordine

261 3045 615 3115 alphabetico
639 3043 951 3099 laudandos
976 3043 1261 3113 praponit,
1287 3058 1386 3112 per
1405 3042 1685 3097 Canonem
1712 3041 1857 3097 bene

262 3139 514 3208 longum.
550 3136 608 3190 in
632 3136 799 3206 hujus
825 3142 1013 3199 autem
1047 3135 1278 3189 canonis
1308 3133 1412 3188 ode
1462 3134 1515 3193 6.
1564 3132 1790 3203 stropha
1824 3132 1859 3185 5

263 3230 450 3299 (cujus
481 3238 537 3281 et
573 3227 850 3281 Baronius
879 3226 1137 3281 meminit
1160 3226 1228 3281 ad
1276 3242 1366 3279 an.
1396 3225 1523 3287 842,
1557 3240 1713 3278 num.
1738 3224 1855 3294 27),

264 3321 572 3392 Symeanes
620 3326 863 3387 quatuor
905 3317 987 3374 sic
1015 3325 1573 3372 commemorantur:
1613 3314 1857 3385 Οὐρανὸς

263 3414 705 3480 τετραφόστερος
773 3410 947 3479 ἐφάνη
978 3410 1037 3461 ὲν
1070 3411 1164 3478 γῇ,
1233 3409 1267 3477 ἡ
1316 3406 1405 3459 διὰ
1456 3406 1538 3467 δὶς
1575 3404 1671 3458 δύο
1718 3404 1857 3475 αὕτη

1968 2221 2175 2274 calcem
2205 2219 2659 2290 Evangeliorum,
2689 2218 2922 2273 Arabire
2980 2218 3035 2271 in
3057 2215 3292 2288 Egypto
3329 2219 3555 2287 perpul-

1968 2311 2101 2366 chre
2135 2311 2499 2381 scriptorum,
2529 2326 2623 2365 an.
2656 2318 2963 2381 martyrum
2998 2325 3099 2373 Ill,
3136 2308 3192 2363 id
3245 2317 3330 2364 est
3351 2308 3557 2363 Christi

1971 2400 2142 2465 1286;
2180 2403 2261 2456 sic
2292 2408 2477 2457 autem
2511 2401 2585 2455 ibi
2617 2400 2976 2458 referuntur:
3005 2403 3038 2455 4
3069 2401 3280 2455 mensis
3296 2400 3442 2455 Vhot
3463 2415 3565 2456 seu

1972 2493 1993 2546 1
2027 2492 2371 2561 Septembris
2403 2492 2678 2563 Symeonis
2735 2492 2968 2552 Detenti.
3008 2493 3168 2585 cujus
3210 2491 3564 2562 cognominis

1970 2582 2113 2637 ratio
2147 2584 2293 2637 haud
2324 2584 2488 2639 facile
2522 2594 2797 2654 apparet;
2828 2584 2897 2638 29
2935 2582 3142 2638 mensis
3168 2584 3423 2639 Bachnes
3460 2599 3561 2638 seu

1964 2676 2034 2730 Ἡ
2064 2676 2213 2739 Maii,
2246 2677 2419 2731 sancti
2461 2674 2737 2747 Symeonis
2764 2676 2989 2745 Magni;
3023 2677 3057 2731 ’5
3102 2676 3309 2731 mensis
3356 2676 3558 2738 Musre.

1916 2819 1921 2824 .
1967 2767 2021 2822 id
2048 2776 2135 2822 est
2166 2768 2235 2822 27
2259 2767 2393 2822 Julii
2430 2808 2443 2831 ,
2498 2766 2775 2838 Symeonis
2820 2765 3049 2837 Stylitaa.
3111 2766 3304 2821 Itidem
3363 2766 3561 2820 iisdem

1966 2859 2169 2915 diebus
2198 2871 2563 2915 recensentur
2608 2859 2775 2913 etiam
2812 2859 2867 2912 in
2914 2858 3256 2913 Kalendario
3303 2858 3554 2933 Syriaco.

1964 2950 2116 3019 quod
2152 2950 2413 3005 Patribus
2436 2950 2643 3005 nostris
2682 2950 3039 3005 Henschenio
3062 2958 3119 3005 et
3150 2950 3560 3020 Papcbrnchio.

1966 3041 2159 3096 Romae
2220 3041 2277 3094 in
2348 3041 2585 3111 collegio
2655 3042 3013 3105 Maronitico.
3072 3040 3273 3097 Latine
3326 3028 3561 3097 dictavit

1964 3133 2029 3188 Ι).
2084 3133 2407 3203 Josephus,
2472 3133 2691 3211 collegii
2751 3134 3004 3205 ejusdem
3070 3134 3378 3200 alumnus,
3430 3132 3570 3189 hoc

1969 3226 2138 3281 modo
2178 3244 2190 3280 :
2230 3225 2413 3281 Obitus
2454 3227 2629 3280 sancti
2673 3224 2954 3297 Symeonis
3006 3227 3170 3296 primi
3212 3224 3558 3297 Stylitarum.

1965 3318 2139 3371 sancti
2164 3316 2556 3387 Symconis.....
2589 3319 2764 3371 sancti
2792 3316 3068 3387 Symeonis
3090 3314 3321 3387 Stytitaz.
3383 3318 3565 3387 Atque

1968 3412 2167 3465 eodem
2194 3410 2313 3465 fere
2343 3406 2532 3475 modo,
2562 3411 2785 3480 punctis
2818 3410 2985 3464 etiam
3024 3409 3094 3464 ad
3119 3408 3427 3463 secundum
3463 3424 3567 3465 no-

266 3501 605 3571 Συμεώνειος
644 3500 958 3569 ὁμωνυμία,
980 3500 1037 3551 ὲν
1068 3500 1179 3560 τοῖς
1210 3496 1421 3559 στύλοις
1447 3498 1593 3567 τρεῖς
1614 3497 1739 3559 εισι,
1772 3496 1864 3549 καὶ

1976 3501 2125 3565 tatis,
2149 3502 2274 3555 loco
2296 3500 2449 3555 vocis
2473 3500 2713 3571 alicujus
2748 3499 3058 3555 deﬁcientis
3088 3514 3306 3570 usuque
3324 3499 3563 3565 extrita,

266 3588 348 3655 εἷς
377 3595 403 3645 ὁ
427 3592 614 3656 Σιλός.
634 3591 757 3646 Ηωσ
786 3592 864 3645 bis
890 3591 1121 3644 duorum
1145 3588 1467 3660 Symeonum
1499 3591 1859 3659 homonymia,

272 3686 531 3755 apparuit
562 3686 619 3737 in
665 3692 812 3737 terra
864 3681 1008 3737 velut
1039 3679 1229 3735 cretum
1280 3692 1515 3751 quatuor
1574 3679 1864 3734 lantinari-

267 3776 361 3831 bus
401 3776 731 3839 distinctum,
772 3792 1000 3846 quorum
1058 3783 1163 3827 tres
1198 3776 1251 3827 in
1286 3774 1546 3828 columnis
1600 3776 1863 3839 vixerunt,

270 3886 411 3923 unus
440 3867 757 3939 appellatur
784 3867 965 3923 Salus.
992 3868 1210 3925 Colitur
1235 3868 1469 3922 ultimus
1498 3866 1589 3921 die
1632 3867 1655 3920 1
1704 3866 1863 3921 Julii;

270 3960 599 4030 Stylitarum
650 3960 764 4014 duo
809 3960 1092 4014 notissimi
1145 3968 1297 4022 sunt,
1330 3959 1500 4013 etiam
1555 3957 1701 4026 apud
1746 3958 1865 4012 Ilo-

269 4052 438 4107 schos
460 4060 517 4106 et
541 4060 818 4121 quotquot
844 4052 937 4105 alii
961 4050 1170 4106 Graecis
1216 4051 1421 4105 ritibus
1463 4057 1738 4115 utuntur;
1785 4064 1866 4103 se-

272 4144 415 4205 nior,
441 4143 474 4195 5
498 4142 749 4197 Januarii
777 4142 922 4212 apud
968 4142 1219 4206 Latinos,
1264 4142 1410 4212 apud
1462 4142 1686 4198 Grzecos
1720 4144 1741 4197 l
1771 4141 1869 4197 Se-

270 4233 581 4304 ptembris;
627 4232 840 4301 junior,
869 4232 1082 4288 Latinis
1108 4233 1288 4287 Fastis
1322 4233 1542 4303 ignotus
1578 4247 1756 4302 usque
1797 4230 1866 4286 ad

272 4325 696 4380 renovationetn
744 4324 1118 4396 Martyrplogii
1176 4340 1206 4377 a
1238 4324 1478 4377 Baronio
1527 4322 1750 4388 factam,
1785 4322 1866 4378 fe.

270 4417 578 4471 stivitatem
634 4415 802 4469 habet
856 4415 1283 4469 celeberrimam
1327 4414 1563 4469 Oriente
1602 4424 1720 4471 toto
1776 4414 1869 4468 die

270 4506 346 4564 24
408 4508 558 4567 Maii,
610 4507 802 4561 nescio
850 4523 919 4561 ex
974 4522 1087 4576 quo
1131 4506 1314 4575 capite
1380 4506 1587 4561 relatus
1647 4506 1715 4559 ab
1768 4520 1868 4561 ρος

272 4598 401 4653 dem
425 4597 661 4651 Baronio
683 4596 749 4651 ad
780 4598 811 4649 5
830 4596 1199 4665 Septembris,
1233 4604 1353 4650 rato
1379 4595 1529 4650 hunc
1554 4596 1709 4650 illum
1745 4609 1867 4649 esse

272 4702 441 4757 quem
476 4687 616 4756 ipsis
646 4686 909 4741 Kalendis
932 4685 1109 4741 Graeci
1137 4685 1449 4740 celebrant.
1489 4686 1715 4741 Tertius
1744 4685 1869 4756 Sty-

273 4781 673 4843 litarum,cum
720 4779 900 4832 titulis
942 4778 1249 4848 Presbyteri
1303 4788 1353 4831 et
1392 4777 1865 4842 Archimandritw,

1972 3592 2329 3661 reperiuntur
2361 3592 2440 3646 illi
2478 3592 2624 3661 apud
2653 3591 2978 3657 Seldenum,
3005 3590 3198 3645 itidem
3244 3589 3341 3645 ubi
3374 3605 3563 3660 supra,

1972 3682 2029 3736 in
2080 3682 2190 3737 alio
2260 3682 2595 3738 Kalendario
2668 3683 2819 3753 quod
2883 3683 3200 3753 composuit
3271 3682 3568 3739 Mahumed

1971 3774 2217 3829 Achmed
2243 3773 2642 3829 Calcasendius
2676 3777 2740 3828 de
2767 3776 2912 3845 festis
2941 3774 3301 3845 Coptitarum,
3339 3775 3436 3831 ubi
3467 3790 3573 3831 no-

1972 3866 2122 3919 mina
2144 3865 2223 3919 sic
2251 3866 2553 3934 leguntur:
2592 3866 2615 3919 'l
2646 3865 2983 3935 septembris
3023 3864 3300 3937 Symeonis
3336 3864 3567 3936 Stylitc,

1970 3956 2042 4011 2:2
2066 3972 2166 4025 pro
2192 3958 2259 4010 ‘24
2284 3957 2408 4010 Maii
2443 3955 2657 4010 Festum
2703 3956 3001 4029 Symeonis,
3056 3957 3125 4010 27
3166 3956 3313 4012 Julii
3357 3955 3569 4013 Festum

1974 4041 2249 4117 Symeonis
2285 4046 2499 4118 Stylita:
2530 4064 2548 4102 :
2583 4049 2720 4117 quin
2767 4048 2936 4103 etiam
2973 4048 3043 4103 ad
3103 4048 3170 4102 Η
3220 4047 3572 4118 Septembris

1972 4137 2219 4203 additur,
2256 4139 2380 4192 aliis
2403 4139 2667 4193 omnibus
2720 4140 2994 4209 ignotum,
3049 4139 3238 4208 festum
3291 4137 3571 4211 Symeonis

1973 4214 2216 4298 Stylitae;
2244 4238 2301 4284 et
2335 4228 2611 4283 Seldenus
2644 4244 2743 4283 sua
2782 4244 2950 4283 manu
3013 4229 3295 4300 ascripsit,
3345 4230 3571 4285 alterius

1971 4337 2060 4374 seu
2086 4319 2374 4386 Juniuris;
2407 4335 2574 4389 quam
2606 4329 2775 4384 recte,
2813 4320 2932 4390 ipse
2959 4320 3183 4375 viderit.
3218 4321 3278 4376 ln
3299 4321 3573 4394 Martyro-

1974 4408 2119 4477 logio
2140 4408 2633 4479 Arabo-JEgyptio,
2662 4409 2813 4478 quod
2840 4409 3039 4464 iisdem
3073 4410 3341 4480 Rati-ibus
3396 4411 3574 4466 inter-

1973 4508 2225 4570 pretatus
2254 4510 2338 4556 est
2359 4501 2547 4555 Gratia
2602 4500 2909 4567 Simonius,
2948 4510 3085 4557 tunc
3138 4501 3390 4572 ejusdem
3457 4504 3574 4558 col-

1973 4594 2101 4663 legii
2128 4594 2387 4648 alumnus
2412 4609 2563 4648 nunc
2584 4593 3048 4663 archiepiscopus
3076 4593 3464 4663 Tripolitanus
3514 4595 3571 4650 in

1974 4685 2152 4756 Syria,
2180 4686 2359 4740 solum
2380 4684 2667 4739 invenitur
2701 4684 2967 4739 Memoria
3017 4684 3206 4738 sancti.
3254 4684 3438 4740 Patris
3469 4684 3572 4759 Sg-

1974 4779 2176 4831 meonis
2212 4776 2546 4838 Miraculosi.
2572 4777 2817 4846 ascripta
2839 4777 2910 4831 24
2939 4776 3087 4831 Maii.

278 4871 400 4927 solo
428 4870 698 4926 hactenus
714 4870 941 4925 nomine
980 4868 1155 4925 ferme
1181 4880 1351 4925 notus
1390 4870 1553 4924 nobis
1605 4878 1729 4923 est:
1765 4884 1872 4925 nec
1901 4852 1944 4909 ο
2051 4869 2163 4923 Leo
2186 4868 2444 4933 Allatius,
2479 4870 2535 4923 in
2563 4868 2811 4923 Diatriba
2844 4868 2913 4923 de
2941 4869 3283 4941 Symeonum
3339 4872 3573 4943 scriptis

272 4964 428 5017 enim
459 4963 594 5017 satis
628 4970 846 5018 constat
876 4963 1057 5032 ipsum
1081 4978 1226 5027 esse,
1252 4964 1349 5032 qui
1408 4962 1461 5016 in
1492 4962 1685 5018 Cilicia
1712 4963 1870 5029 vixit,

274 5061 332 5107 ct
363 5052 596 5108 fulmine
623 5060 809 5107 tactus
837 5052 999 5115 obiit,
1046 5052 1251 5107 Joanni
1300 5053 1526 5109 Moscho
1580 5053 1635 5107 in
1675 5052 1871 5107 ‘Prato

274 5142 834 5213 spiritualilaudatus
884 5160 899 5195 ι
955 5142 1021 5196 ad
1054 5143 1205 5198 diem
1258 5144 1327 5198 27
1357 5143 1492 5199 Julii
1540 5144 1875 5199 memoriam

279 5238 401 5309 ejus
420 5232 595 5289 Graeci
627 5234 900 5287 recolunt.

350 5328 405 5381 2.
454 5325 660 5381 Eadem
705 5325 876 5379 trium
936 5325 1130 5382 saltem
1187 5325 1527 5395 Symeonum
1582 5326 1879 5382 distinctio

280 5419 423 5472 adeo
452 5434 553 5487 per
576 5415 864 5472 Orientem
894 5426 1027 5471 nota
1053 5418 1161 5472 fuit
1182 5458 1197 5482 ,
1244 5428 1305 5473 ut
1325 5422 1492 5473 etiam
1516 5419 1581 5475 ad
1627 5419 1879 5489 Coptitas

280 5526 378 5565 seu
411 5508 765 5565 Christianos
792 5508 1075 5580 Egyptios
1107 5510 1473 5579 pertinuerit:
1516 5512 1661 5580 quod
1711 5527 1880 5581 appa—

282 5608 393 5655 ruit
426 5617 493 5655 es
520 5616 713 5656 eorum
736 5600 1103 5661 Kalendariis.
1134 5602 1187 5655 iu
1221 5602 1400 5657 lucem
1422 5603 1590 5658 editis
1613 5619 1642 5657 a
1670 5605 1873 5659 Jacobc

282 5688 544 5756 Seldeno,
588 5690 686 5745 lib.
717 5706 776 5744 ιιι
822 5689 891 5745 de
934 5690 1228 5761 Synedriis
1268 5690 1631 5747 Hebraeorum
1696 5695 1873 5759 c.~l5,

1976 4961 2187 5030 Optime
2236 4961 2306 5016 de
2336 4961 2713 5033 Symeonibus
2753 4961 3015 5025 meritus,
3034 4961 3104 5017 de
3128 4962 3355 5018 Juniore
3379 4979 3573 5033 agens,

1948 5112 1951 5113 ν
1977 5052 2167 5116 ϐνωεί,
2209 5053 2413 5122 inquit,
2443 5054 2779 5116 recentiores,
2804 5061 2860 5105 ut
2890 5054 3127 5123 primum
3166 5055 3231 5109 ab
3261 5056 3361 5110 hoc
3379 5073 3574 5111 secun-

1979 5142 2045 5195 do
2065 5143 2421 5214 distinguant,
2456 5146 2689 5212 primunt
2730 5143 3045 5215 Synteonem
3071 5149 3166 5201 τὸν
3220 5152 3279 5201 ἐν
3326 5153 3394 5221 τῇ
3436 5153 3575 5220 μάνο

1976 5234 2099 5305 δρᾳ.
2118 5236 2404 5288 secundum
2428 5238 2563 5289 hunc
2591 5236 2682 5289 τὸν
2704 5239 2763 5289 ἐν
2791 5238 2890 5290 Θαυ
2901 5239 3093 5309 μαστῷ
3113 5240 3229 5310 ὄρει
3257 5242 3535 5311 appellant
3560 5260 3579 5300 :

1982 5326 2179 5395 utique
2209 5341 2238 5378 a
2270 5326 2391 5380 loco
2424 5327 2483 5380 in
2529 5343 2640 5396 quo
2676 5328 2878 5398 singuli
2914 5336 3227 5385 extremum
3263 5332 3389 5387 vita:
3426 5334 3577 5390 diem

1981 5419 2268 5481 obierunt,
2319 5420 2372 5474 in
2412 5436 2511 5474 sua
2559 5420 2796 5490 quisque
2843 5423 3151 5490 columna;
3187 5425 3403 5492 primus
3463 5427 3583 5481 lon-

1980 5512 2104 5583 gius
2136 5512 2206 5567 ab
2243 5512 2567 5577 Antiochia,
2597 5514 2742 5568 inter
2767 5513 2915 5568 hanc
2954 5524 3011 5569 et
3040 5515 3339 5585 Alcppum,
3379 5516 3460 5571 uti
3497 5527 3580 5573 tc~

1981 5607 2084 5659 stis
2146 5615 2231 5661 est
2287 5606 2383 5674 qui
2421 5623 2601 5676 nuper
2640 5607 2824 5661 adhuc
2854 5607 3171 5661 columnam
3206 5609 3347 5663 vidit
3385 5610 3582 5667 Frater

1980 5698 2257 5754 Antonius
2284 5698 2558 5755 Conzalcs
2594 5698 3201 5757 Minoritazsecundus
3222 5701 3381 5757 haud
3418 5703 3581 5775 longe
