4118 6464
654 371 804 437 396⁸1

1937 375 1996 431 S.
2035 372 2329 433 SYMEON
2368 373 2674 435 JUNIOR.

3777 381 3921 443 2968

668 500 697 536 τι
762 482 1031 537 suburbio
1095 484 1371 553 Daphnes,
1424 484 1476 536 in
1533 492 1721 537 monte
1771 500 1934 552 quem
1986 484 2240 553 pluribus
2272 489 2316 544 Α
2346 481 2492 536 intra
2524 468 2804 536 mandram
2833 485 3093 539 conclusa
3130 484 3253 555 fuit,
3303 487 3382 541 uti
3422 487 3699 553 Senioris,
3750 503 3916 560 prout

668 574 1050 631 describemus
1078 574 1238 628 infra.
1264 576 1342 629 De
1377 574 1557 645 primo
1582 574 1802 629 abunde
1828 575 2126 629 Bollandus
2148 590 2243 629 no-

667 676 781 719 ster
811 666 922 737 egit
946 667 1003 720 in
1034 667 1315 731 Januario,
1343 676 1398 721 et
1426 667 1771 735 cognominis
1800 666 2047 735 praedicti
2074 665 2241 719 ratio-

678 773 807 810 nem
859 773 925 811 ex
966 767 1194 812 auctore
1239 757 1385 839 haud
1444 758 1607 827 paulo
1654 758 1952 827 antiquiori
2006 758 2243 827 Evagrio

669 848 1082 917 intelligendam
1125 838 1596 919 dedit,allegatis
1652 848 1773 921 ejus
1828 844 2034 912 verbis,
2066 860 2244 902 annos

666 940 793 992 vitae
818 939 898 993 sic
927 938 1411 1003 distribuentihus,
1453 948 1510 994 ut
1538 939 1736 994 dieatis
1768 939 1944 1009 egisse
1996 940 2054 990 ἐν
2105 938 2241 1009 αὐτῇ

670 1030 981 1101 καλουμένῃ
1050 1030 1277 1102 Μάνδρᾳ
1333 1032 1473 1084 ἑπτα
1537 1033 1628 1083 καὶ
1665 1032 2070 1102 τεσσαράκοντα.
2121 1030 2275 1099 ἕτη,’

667 1122 721 1172 in
770 1137 831 1173 ea
874 1138 991 1190 qua:
1018 1120 1507 1175 rocatur‘llandra
1556 1138 1725 1176 annos
1767 1122 2126 1192 quadraginta
2162 1137 2244 1175 se-

668 1218 831 1280 ptem,
860 1211 1117 1265 videlicet
1141 1211 1371 1265 ultimos
1410 1212 1535 1266 vitae
1575 1228 1707 1278 suae,
1744 1213 1909 1283 idque
1954 1228 2119 1281 supra
2152 1228 2239 1265 va-

670 1304 783 1358 rias
806 1303 1115 1359 successive
1149 1305 1455 1368 columnas,
1484 1306 1627 1359 intra
1664 1290 1914 1361 eamdem
1940 1290 2239 1360 Mandram

669 1401 905 1455 erectas,
951 1400 1117 1461 prout
1148 1408 1215 1445 ex
1266 1392 1387 1445 Vita
1417 1394 1484 1446 ab
1515 1394 1758 1447 Antonio
1794 1392 2065 1461 discipulo
2107 1391 2240 1445 scri—

668 1488 761 1547 pta
794 1481 1137 1550 intelligitur.
1175 1481 1271 1534 Est
1300 1491 1487 1535 autem
1524 1482 1751 1535 Mandra
1778 1482 1830 1535 in
1856 1483 2035 1551 primo
2075 1492 2241 1551 atque

665 1571 969 1639 nriginario
1020 1587 1123 1625 suo
1160 1571 1487 1642 signiﬁcato,
1533 1574 1690 1627 locus
1737 1574 1973 1628 maceria
2024 1575 2239 1643 lapidea

664 1662 1088 1732 circumseptus,
1120 1664 1334 1733 qualem
1381 1664 1484 1717 sibi
1533 1665 1586 1717 in
1618 1664 1788 1735 Syriae
1825 1666 2032 1735 campis
2061 1666 2240 1721 facere

666 1754 924 1808 solebant
975 1765 1241 1823 pastores,
1277 1756 1531 1825 intraque
1562 1772 1684 1810 eam
1712 1757 1954 1827 pecudes
1979 1773 2108 1813 suas
2135 1775 2240 1813 no-

660 1854 761 1898 ‘ctu
829 1846 1105 1916 colligere,
1140 1846 1232 1898 ubi
1260 1862 1288 1899 a
1320 1846 1460 1915 lupis
1497 1863 1559 1901 ac
1611 1847 1831 1902 furibus
1858 1857 1989 1903 tuta:
2029 1861 2234 1905 essent.

668 1937 837 2000 Talis,
872 1950 975 1991 nec
1032 1938 1158 2000 alia,
1186 1936 1291 1990 fuit
1321 1937 1568 2002 Mandra,
1608 1954 1731 2007 qua:
1765 1939 1945 2008 primo
1991 1938 2240 2010 Symeoni

669 2044 870 2085 nomen
894 2028 1045 2083 dedit
1076 2046 1089 2095 ;
1124 2029 1326 2098 quippe
1364 2030 1454 2098 qui
1482 2040 1679 2099 praeter
1707 2047 1875 2085 unum
1920 2033 2025 2086 sibi
2081 2035 2242 2089 mini-

665 2129 931 2174 strantem
958 2118 1253 2173 Antonium
1274 2120 1453 2173 nullos
1480 2121 1688 2174 sciatur
1703 2120 1963 2176 habuisse
1994 2121 2239 2192 discipu-

670 2215 752 2264 los
773 2229 788 2275 ;
813 2221 949 2264 ctco
973 2220 1181 2264 tantum
1204 2212 1308 2265 line
1345 2214 1463 2265 loco
1480 2228 1641 2281 quem
1667 2214 1920 2266 columna
1950 2230 2047 2267 sua
2076 2230 2242 2268 occu-

669 2303 835 2373 pabat
860 2302 1229 2358 circumduxit
1268 2304 1585 2366 maceriam,
1619 2320 1687 2373 ne
1721 2305 2067 2373 promiscuus
2092 2306 2159 2359 ad
2184 2323 2241 2361 se

670 2372 927 2447 accessus
965 2391 1190 2447 daretur
1224 2392 1390 2445 etiam
1421 2372 1750 2446 mulieribus
1780 2409 1793 2445 :
1821 2392 1949 2447 huic
1977 2409 2107 2447 vero
2140 2387 2239 2448 ad-

660 2484 852 2550 juncta
878 2493 998 2537 erat
1047 2484 1273 2537 mandra
1316 2483 1509 2546 altera,
1543 2484 1687 2536 intra
1714 2498 1877 2551 quam
1909 2500 2030 2539 sese
2081 2500 2240 2553 pere-

666 2572 809 2641 grini
862 2572 1219 2643 hospitesque
1274 2575 1624 2644 reciperent,
1661 2572 1837 2628 donec
1874 2574 1941 2628 ad
1990 2584 2240 2630 sanctum

664 2660 1113 2717 admitterentur.

736 2753 791 2806 4.
831 2752 1103 2809 Caeterum
1132 2754 1261 2823 quia
1292 2756 1551 2825 paulatim
1588 2772 1719 2812 usus
1752 2758 2016 2821 obtinuit,
2042 2764 2239 2811 utmo—

664 2845 967 2900 nachorum
1026 2847 1278 2901 cmnobia
1326 2848 1567 2903 Mandra:
1596 2892 1611 2913 ,
1642 2849 1707 2903 et‘
1759 2850 1951 2904 harum
2004 2850 2241 2919 [traiecti

665 2937 985 2991 dicerentur
1018 2939 1488 3004 Arcliimandritar;
1527 2941 1658 2996 hinc
1702 2941 1905 2996 factum
1940 2949 1999 2995 ut
2045 2941 2243 2996 Senior

669 3029 920 3101 Symeon,
952 3031 1047 3100 qui
1070 3032 1183 3101 jam
1216 3032 1416 3100 passim
1454 3032 1952 3105 cognominabatur
2014 3030 2242 3103 Symeon

2345 572 2549 627 dicitur
2601 574 2655 627 in
2712 573 2831 629 Vita
2865 576 3055 630 matris
3080 618 3095 642 ,
3126 578 3445 647 apparuisse
3486 579 3575 634 illa
3621 596 3651 634 e
3692 582 3923 635 subdidi

2345 676 2497 735 parte
2523 666 2765 720 mandric
2784 706 2799 730 ,
2849 672 2906 720 in
2960 684 3067 737 qua
3131 670 3376 725 columna
3405 682 3521 725 erat
3547 689 3569 739 ;
3602 672 3701 727 sed
3727 676 3919 729 eadem

2346 756 2575 811 mandra
2598 757 2927 828 intelligitur
2952 759 3212 815 habuisse
3242 770 3427 829 partes
3455 779 3566 818 non
3606 764 3915 827 subdiales.

2343 860 2535 902 verum
2570 858 2740 903 tectas
2777 862 2875 918 per
2910 850 3133 904 modum
3170 846 3393 907 claustri
3424 855 3767 909 monachalis
3801 856 3912 910 cir-

2344 938 2827 993 cumcurrentibus
2859 940 3256 995 monachorum
3312 932 3488 1007 cellis,
3548 959 3672 1014 qua:
3704 945 3759 997 in
3818 945 3918 998 im-

2343 1027 2591 1097 pluvium
2621 1038 2785 1098 atque
2815 1030 2871 1083 in
2896 1031 3207 1085 columnam
3238 1044 3592 1102 prospectum
3615 1034 3917 1101 habebant,

2344 1119 2810 1187 quemadmodum
2839 1122 3005 1187 etiam
3038 1122 3202 1177 hodie
3221 1123 3418 1189 videri,
3443 1125 3668 1179 memini
3704 1142 3793 1181 me
3817 1142 3921 1180 an-

2344 1209 2547 1265 divisse
2577 1228 2642 1265 ex
2675 1211 2743 1265 iis
2773 1213 2867 1282 qui
2902 1213 3299 1285 Hierosolymis
3342 1216 3575 1281 reversi,
3603 1218 3771 1271 etiam
3805 1218 3919 1271 An-

2346 1301 2540 1355 tiocha:
2572 1302 2832 1356 dicebant
2862 1318 2919 1357 se
2949 1304 3142 1358 fuisse.
3168 1303 3236 1359 Et
3262 1305 3367 1359 hoc
3388 1316 3473 1360 est
3508 1310 3915 1370 monasterium,

2343 1392 2411 1446 de
2436 1408 2545 1462 quo
2573 1398 2626 1447 in
2657 1395 2776 1449 Vita
2800 1396 2973 1448 sancti
3005 1410 3060 1447 n.
3100 1394 3224 1457 168,
3269 1396 3372 1450 ubi
3402 1397 3570 1452 etiam
3601 1397 3659 1451 ﬁt
3702 1399 3918 1451 mentio

2344 1483 2615 1552 inferioris
2652 1483 2971 1537 monasterii
3020 1482 3085 1536 ad
3115 1483 3310 1552 pedem
3371 1486 3539 1539 credo
3572 1488 3780 1539 montis
3818 1502 3919 1555 po—

2343 1574 2454 1637 siti,
2486 1589 2583 1644 pro
2615 1574 2949 1643 recipiendis
2979 1575 3288 1644 hospitibus
3312 1576 3504 1634 etaliis
3525 1575 3773 1641 advenis,
3804 1578 3919 1631 sic-

2345 1666 2422 1718 uti
2456 1664 2644 1719 videre
2668 1676 2750 1721 est
2775 1666 2831 1719 in
2863 1666 3017 1720 Italia
3079 1668 3473 1721 monasterium
3547 1671 3788 1737 positum
3850 1668 3917 1723 ad

2344 1755 2537 1825 pedem
2578 1756 2785 1809 montis
2814 1764 2977 1825 atque
2998 1756 3174 1810 eremi
3204 1756 3661 1813 Camaldulensis.
3689 1760 3918 1815 Utrohi-

2343 1862 2449 1916 que
2480 1856 2664 1900 autem
2694 1847 3377 1917 magnumdiscipulorum
3408 1865 3700 1903 numerum
3748 1852 3920 1902 habe.

2342 1937 2435 1991 bat
2469 1946 2727 1991 sanctus:
2760 1938 2963 2007 quibus
3008 1948 3063 1992 et
3107 1940 3327 1994 vivendi
3356 1956 3605 1994 normam
3656 1946 3921 2010 prucri-

2343 2039 2565 2097 pserat,
2605 2030 2764 2098 cuius
2794 2030 3238 2084 observationem
3286 2031 3589 2086 moriturus
3634 2047 3924 2086 commen-

2343 2121 2511 2173 davit.
2544 2121 2668 2175 Fuit
2702 2136 2833 2191 ergo
2864 2137 2992 2176 vere
3042 2122 3473 2181 Archimandrita
3510 2124 3601 2177 hic
3654 2122 3909 2195 Symeon.

2341 2212 2489 2266 Nihil
2534 2224 2710 2267 tamen
2748 2214 3317 2283 Opuseratejusmodi
3343 2230 3470 2276 eum
3502 2215 3664 2269 titulo
3712 2216 3913 2284 appel-

2340 2305 2471 2367 lare,
2507 2306 2601 2373 qui
2621 2306 2732 2374 jam
2758 2304 2997 2359 habebat
3022 2304 3091 2359 ab
3118 2306 3269 2359 omni
3318 2306 3582 2361 memoria
3641 2307 3921 2360 notio.em

2341 2394 2813 2448 nomenclaturam
2862 2394 2955 2447 τοῦ
3005 2396 3062 2447 ὲν
3117 2396 3196 2466 τῷ
3240 2396 3535 2466 θαυμαστῷ
3582 2398 3720 2465 ὄρει,
3770 2396 3922 2451 unde

2341 2486 2649 2553 composito
2687 2485 2912 2539 nomine
2948 2482 3462 2549 Thaumastoristam
3494 2489 3737 2557 appellat
3768 2489 3921 2543 Alia-

2343 2577 2472 2630 tius.
2491 2576 2665 2646 Hujus
2679 2578 2848 2632 cultui
2874 2588 3033 2632 vetus
3049 2578 3411 2649 Menologiutn
3424 2578 3641 2649 Crypta:
3656 2581 3918 2645 Ferrataa,

2337 2666 2492 2735 jussu
2521 2666 2705 2720 Basilii
2740 2667 3089 2736 imperatoris
3135 2668 3451 2729 collcctum,
3486 2685 3552 2723 ex
3607 2685 3787 2739 eoque
3827 2687 3921 2724 ac-

2342 2764 2562 2824 ceptum
2590 2770 2767 2826 nuper
2793 2756 3234 2827 impressumque
3265 2755 3527 2812 Basiliani
3567 2758 3709 2811 ritus
3734 2759 3919 2813 [loro-

2340 2846 2549 2917 legium
2576 2832 2902 2901 ascribit?!)
2968 2847 3090 2901 Maii
3128 2864 3228 2917 per
3276 2849 3441 2903 unius
3492 2848 3606 2902 diei
3644 2851 3918 2918 anticipa-

2343 2938 2571 3002 tionem,
2613 2938 2748 2992 satis
2781 2938 3111 3007 frequenter
3130 2938 3188 2992 in
3246 2938 3341 2993 illo
3380 2938 3693 3009 Menologio
3723 2940 3916 2993 obser-

2344 3038 2527 3084 vatam
2550 3046 2580 3084 a
2611 3030 2795 3094 nobis,
2826 3028 3055 3085 incertis
3084 3044 3155 3084 an
3183 3045 3305 3085 eam
3331 3038 3589 3099 oporteat
3608 3031 3916 3095 collectori,

663 3124 720 3174 in
752 3121 1003 3182 Mandra.
1034 3122 1087 3175 in
1132 3122 1351 3176 excusis
1387 3122 1702 3178 Graecorum
1731 3123 2047 3178 Ritualibus
2076 3138 2242 3178 voee-
2271 3134 2311 3191 (ς
2347 3136 2416 3175 an
2452 3120 2631 3175 solum
2670 3120 2931 3189 scriptori
2976 3120 3273 3189 imputare.
3327 3120 3537 3175 Caetera
3569 3121 3755 3173 omnia
3804 3130 3915 3176 tam

664 3222 758 3264 tur
810 3210 1265 3276 Archimandrita,
1294 3220 1495 3279 praeter
1546 3214 1716 3267 totius
1765 3212 2013 3266 historia:
2054 3212 2237 3267 ﬁdem.

666 3302 845 3356 Minus
872 3302 1030 3372 longe
1051 3302 1348 3365 aberravit,
1381 3303 1586 3357 erravit
1616 3311 1799 3357 tamen
1846 3312 2037 3359 auctor
2066 3303 2241 3373 Syna-

664 3392 806 3446 xarii
854 3392 1289 3455 Glaromontani,
1316 3392 1551 3463 elogium
1586 3395 1707 3464 ejus
1736 3395 1816 3449 sic
1850 3394 2052 3449 ﬁniens
2084 3410 2098 3445 :
2149 3394 2241 3447 Ἐκ

664 3484 798 3549 τῶν
854 3483 950 3536 τοῦ
1026 3484 1243 3554 οἰκῆσαι
1310 3488 1378 3555 τῇ
1410 3485 1585 3557 λαύρᾳ
1648 3490 1715 3557 τῇ
1792 3485 2239 3558 ἑπονομαζομένῃ

662 3574 913 3645 nivosa,
944 3574 1159 3641 λέγεται
1192 3575 1414 3644 Συμεὼν
1434 3578 1470 3629 ὁ
1492 3577 1586 3645 τῆς
1611 3578 1867 3648 Μὰνδρας
1902 3593 1915 3607 ο
1954 3581 2019 3632 ὲκ
2048 3579 2105 3631 δὲ
2144 3579 2239 3633 τοῦ

667 3666 747 3727 εἰς
773 3664 1059 3734 διαφόρους
1096 3664 1320 3727 στύλους
1352 3666 1652 3734 ἀναχθῆναι
1678 3708 1692 3730 ,
1721 3667 1966 3719 καλεῖται
2016 3669 2240 3737 Συμεὼν

664 3756 944 3824 Στυλίτης.
976 3756 1059 3810 Ea:
1085 3772 1144 3809 eo
1170 3758 1308 3826 quod
1339 3757 1612 3811 habitabat
1641 3758 1696 3811 in
1726 3738 2074 3827 monasterio‘
2102 3756 2241 3828 quod

663 3846 950 3916 uocabatur
973 3846 1221 3911 Mandra,
1249 3848 1439 3900 dicitur
1460 3847 1649 3918 Symeo
1687 3851 1741 3902 in
1780 3849 2051 3905 Handra:
2084 3865 2146 3904 ea:
2181 3867 2239 3903 eo

662 3952 786 3989 vero
821 3936 959 4003 quod
983 3936 1213 3990 diversos
1243 3936 1438 4007 Stylos,
1467 3939 1522 3993 id
1570 3948 1651 3994 est
1700 3941 2006 4003 columnas,
2054 3955 2241 3996 ascen—

662 4028 759 4091 dit,
790 4027 1097 4079 nominatur
1147 4025 1371 4097 Symeon
1433 4028 1665 4098 Stylites.
1699 4030 1853 4086 Licet
1905 4032 2072 4097 enim,
2100 4042 2239 4088 teste

662 4118 917 4185 Evagrio,
944 4120 996 4170 in
1022 4120 1341 4172 monasterio
1360 4160 1373 4183 ,
1400 4122 1455 4173 in
1489 4138 1591 4190 quo
1627 4124 1858 4191 primum
1906 4124 2111 4178 divinas
2161 4127 2237 4178 vi-

664 4210 818 4261 rcndi
869 4210 1241 4278 prwceptiones
1280 4212 1476 4273 didicit.
1510 4230 1679 4267 annos
1702 4214 1831 4267 vixit
1865 4231 2085 4280 novem,
2128 4230 2236 4269 non

668 4311 849 4354 tamen
886 4301 989 4354 hoc
1014 4303 1404 4355 monasterium
1459 4306 1685 4373 proprio
1724 4308 1947 4362 nomine
2000 4309 2237 4362 vocaba-

666 4401 759 4444 tur
791 4391 1039 4455 Mandra,
1075 4392 1171 4447 sed
1214 4392 1463 4449 Timothei
1490 4413 1507 4458 ;
1546 4412 1727 4467 neque
1778 4414 2081 4469 congruum
2111 4401 2235 4464 fuit,

2345 3210 2723 3280 manuscripta
2747 3223 2913 3279 quam
2945 3209 3088 3281 typis
3118 3224 3321 3264 excusa
3347 3210 3548 3265 Menses
3574 3211 3907 3281 ac_Synaxa-

2344 3305 2427 3359 ria
2458 3303 2730 3358 inhaerent
2757 3300 2867 3356 diei
2896 3302 2965 3355 ab
3024 3309 3255 3355 auctore
3284 3301 3422 3355 Vitae
3446 3310 3657 3364 notato,
3705 3302 3799 3370 qui
3832 3314 3912 3354 est

2345 3393 2438 3446 hic
2468 3392 2538 3445 24
2586 3389 2737 3454 Maii,
2768 3388 2990 3458 quando
3026 3388 3192 3443 etiam
3229 3389 3454 3453 Menaa,
3494 3389 3643 3458 quod
3664 3391 3802 3445 alias
3828 3406 3912 3443 ra-

2331 3498 2491 3549 rum,
2524 3482 2602 3537 ita
2636 3467 3093 3545 tutum'ollicium
3120 3478 3190 3534 de
3238 3480 3343 3534 hoc
3390 3487 3583 3543 sancto
3627 3492 3908 3550 peragunt,

2342 3575 2659 3631 utalterius
2688 3574 2924 3642 alicujus
2990 3585 3090 3625 nec
3138 3570 3727 3626 commemorationem
3787 3570 3911 3639 qni-

2342 3666 2466 3721 dem
2501 3665 2826 3736 adjungant.

2411 3757 2463 3812 6.
2524 3759 2731 3810 Auctor
2779 3754 2943 3810 oﬂicii
2968 3763 3133 3824 atque
3195 3754 3423 3809 canonis
3465 3752 3690 3808 videtur
3744 3753 3908 3808 fuisse

2340 3854 2565 3899 sanctus
2600 3844 2931 3908 Germanus,
2990 3844 3305 3913 patriarcha
3351 3842 3911 3912 ConstantinOpolita-

2337 3956 2470 3994 nus:
2498 3940 2663 4010 hujus
2686 3939 2957 4009 siquidem
2990 3939 3195 3993 nomini
3226 3938 3525 3993 ascribitur
3556 3938 3907 4008 Troparium,

2338 4042 2463 4101 post
2507 4031 2781 4094 Similaria
2840 4031 2907 4085 ad
2945 4031 3168 4094 Gloria,
3224 4030 3373 4099 quod
3438 4038 3523 4084 est
3584 4032 3690 4085 tale
3740 4049 3755 4082 :
3825 4032 3909 4101 EE;

2336 4125 2460 4193 ὅρος
2525 4123 2730 4193 ὑψηλὸν
2786 4121 3129 4192 συμϐολικῶς
3189 4122 3247 4173 τὸ
3294 4120 3609 4191 θαυμαστὸν
3657 4122 3907 4180 ἀνελθὼν.

2336 4214 2432 4265 καὶ
2457 4212 2555 4283 τὴν
2586 4213 2789 4282 σεπτὴν
2815 4211 3044 4264 κιϐωτὸν
3096 4210 3171 4269 ὡς
3228 4210 3416 4263 ἄδυτον
3467 4210 3746 4271 εἰσελθὼν,
3777 4213 3911 4281 πρᾶο

2337 4304 2419 4371 ξιν
2432 4304 2660 4381 ἀρίστην
2679 4305 2773 4356 καὶ
2794 4302 3045 4355 ἐπίϐασιν
3061 4303 3301 4372 Θεωρυῖιν
3320 4301 3667 4371 ἐπεδείξω,τῇ
3695 4303 3793 4371 μὲν
3808 4303 3909 4370 βίον

2336 4393 2702 4464 λαμπρύνας,
2757 4394 2976 4463 δεσμοῖς
3049 4392 3289 4463 σιδηροῖς
3331 4392 3407 4455 ὡς
3453 4394 3739 4462 oppdum;
3790 4412 3910 4465 χρυ-

668 4489 781 4533 uta
820 4480 941 4534 loco
967 4496 1129 4550 quem
1156 4497 1295 4551 pene
1334 4500 1469 4552 puer
1498 4486 1863 4550 habitaverat,
1895 4502 2094 4540 nomen
2120 4503 2239 4540 sors

2343 4488 2453 4548 σοῖς
2478 4484 2875 4553 κοσμούμενος·
2904 4484 3029 4554 τῇδε
3056 4483 3188 4536 Θεὸν
3216 4483 3356 4553 ὁρῶν
3393 4501 3454 4536 τε
3492 4485 3588 4536 καὶ
3618 4486 3906 4553 ὁρώμενος.

666 4574 867 4625 tiretur
916 4580 1040 4640 post
1096 4581 1349 4626 mortem.
1382 4574 1524 4629 Fieri
1557 4585 1740 4631 tamen
1795 4578 1973 4645 potuit
2027 4587 2087 4632 nt
2128 4594 2236 4633 non

667 4661 847 4714 solum
899 4676 1067 4730 super
1122 4662 1263 4726 illas,
1297 4680 1434 4733 quas
1464 4665 1553 4719 ille
1591 4667 2266 4736 successiveuimiserat

665 4753 950 4807 columnas
972 4754 1338 4808 ascenderem
1363 4756 1457 4809 alii
1504 4755 1598 4810 diu
1642 4766 1827 4826 postea
1858 4772 1872 4822 ;
1905 4758 1999 4812 sed
2032 4759 2197 4812 etiam
2221 4801 2236 4825 ,

664 4844 916 4913 quamvis
967 4860 1172 4914 corpus
1220 4854 1366 4900 esset
1419 4846 1741 4910 Antiochiaz,
1802 4849 1988 4917 plures
2057 4856 2238 4903 tamen

667 4936 758 4989 alii
810 4935 1013 4991 ibidem
1079 4938 1316 5000 collecti,
1365 4939 1563 5007 partim
1598 4940 1827 5010 Stylitar,
1881 4941 2078 5009 partim
2113 4938 2237 4995 Ca:-

666 5025 902 5090 nobitze,
974 5026 1262 5081 eﬂ‘ccerint
1325 5029 1558 5096 amplam
1630 5046 1695 5083 ac
1753 5028 2014 5083 famosam
2075 5031 2239 5084 Man-

667 5114 820 5166 dram
843 5131 872 5167 I:
908 5110 975 5169 ad
1012 5131 1175 5183 quam
1206 5116 1335 5186 quia
1367 5116 1612 5186 undique
1648 5119 2044 5172 occurrebatur
2080 5138 2110 5173 a
2146 5136 2241 5188 pc-

665 5204 921 5275 regrinis,
953 5206 1233 5260 celebrem
1266 5205 1343 5259 ibi
1391 5204 1664 5275 Symeonis
1699 5207 2011 5262 columnam
2059 5209 2241 5263 visere

666 5297 1040 5365 cupientibus,
1073 5297 1220 5366 apud
1257 5300 1597 5352 recentiores
1630 5298 1921 5353 im'aluerit
1944 5341 1957 5363 ,
1994 5309 2052 5353 ut
2084 5302 2242 5369 cujus

666 5387 923 5444 columna
960 5388 1139 5441 stabat
1172 5388 1224 5441 in
1254 5388 1498 5452 Mandra,
1530 5389 1710 5459 ipsum
1751 5406 1970 5459 quoque
1998 5393 2050 5443 in
2085 5390 2239 5443 Man-

665 5480 763 5534 (ἕνα
795 5479 1268 5548 cognominarent.
1296 5479 1640 5546 Hac,minus
1661 5482 1737 5535 ibi
1768 5482 2037 5551 explicata
2070 5497 2099 5535 a
2122 5480 2241 5535 Bol-

667 5569 855 5632 lando,
896 5570 1103 5638 placuit
1133 5570 1224 5624 hic
1249 5570 1545 5626 deducere.

741 5662 791 5711 Ξ.
830 5660 1116 5715 Secundus
1147 5660 1371 5731 Symeon
1391 5679 1517 5718 vere
1546 5680 1609 5717 ac
1636 5666 1855 5734 preprie
1912 5664 2126 5718 vocari‘
2146 5679 2242 5733 po-

666 5752 771 5809 tuit
801 5752 1230 5819 .irc.‘zime::drita
1268 5772 1283 5809 :
1313 5770 1419 5808 non
1442 5756 1585 5809 enim
1622 5757 1797 5810 solum
1834 5757 2086 5811 columna
2121 5758 2240 5827 cjus

2338 4578 2431 4630 καὶ
2466 4576 2624 4646 μόνος
2657 4576 2803 4646 μόνῳ
2834 4574 3174 4646 προσλαλῶνο
3199 4575 3257 4627 ὃν
3280 4575 3511 4639 ἱκέτευε,
3533 4575 3796 4643 σεϐάσμιε
3819 4576 3910 4627 Συ-

2342 4666 2506 4737 μεὼν,
2546 4666 2686 4735 ὑπὲρ
2714 4666 2821 4718 τῶν
2853 4665 3042 4734 ψυχῶν
3087 4664 3260 4733 ὑμῶν.
3320 4665 3553 4719 Videtur
3602 4666 3908 4733 respexisse

2340 4766 2533 4813 auctor
2562 4759 2630 4812 ad
2656 4758 2946 4812 Noeticam
2990 4771 3196 4820 arcam,
3256 4756 3312 4809 in
3374 4755 3607 4810 summis
3644 4757 3907 4809 Armenia:

2341 4850 2624 4904 montibus
2652 4848 3029 4918 quiescentem
3049 4888 3062 4911 ,
3085 4847 3229 4903 sicut
3249 4847 3479 4917 legimus
3498 4845 3779 4901 Geneseos
3799 4862 3902 4898 Vill.

2341 4940 2515 4994 Verba
2571 4940 2687 5008 ipsa
2717 4939 2908 4991 Latine
2937 4937 3018 4991 sic
3048 4936 3224 4991 reddo
3249 4955 3261 4989 :
3290 4936 3355 4989 In
3387 4946 3613 4989 montem
3632 4935 3902 4995 excelsum,

2339 5030 2617 5101 symbolice
2652 5030 2949 5083 mirabilem
2987 5029 3292 5093 ascendens,
3320 5036 3368 5080 et
3426 5028 3785 5090 venerandam
3819 5045 3904 5080 ar-

2341 5140 2457 5176 cam
2486 5122 2623 5176 velut
2651 5123 2869 5191 adytum
2898 5138 3110 5174 sacrum
3130 5122 3413 5190 ingressus,
3446 5119 3702 5189 optirnam
3725 5135 3904 5187 opera-

2344 5214 2537 5267 tionem
2567 5222 2614 5265 ct
2637 5214 3140 5281 rontemplationum
3158 5212 3461 5265 divinarum
3491 5210 3767 5263 sublimem
3790 5226 3904 5278 gra-

2342 5305 2467 5357 dum
2512 5304 2785 5357 ostendisti
2815 5314 2865 5356 te
2923 5314 3219 5356 assecutum
3252 5320 3267 5354 :
3298 5303 3415 5355 hinc
3464 5301 3677 5370 quidem
3736 5302 3903 5368 ferreis

2344 5392 2587 5455 vinculis,
2614 5402 2869 5459 tanquam
2888 5392 3062 5443 aureis
3092 5388 3392 5453 monilibus,
3412 5403 3600 5457 corpus
3625 5401 3903 5448 exornans;

2344 5485 2463 5538 inde
2512 5500 2633 5537 vero
2677 5482 2843 5535 Deum
2890 5483 3209 5551 conspiciens
3258 5480 3322 5534 ab
3377 5472 3900 5547 eoque'ronspcctus,

2344 5575 2467 5627 dum
2493 5574 2636 5626 solus
2656 5573 2752 5625 soli
2770 5572 3086 5641 loquereris;
3117 5588 3269 5639 quem
3299 5586 3391 5639 pro
3415 5570 3609 5621 nostris
3644 5569 3904 5621 animabus

2344 5665 2657 5733 depreceris,
2710 5678 3007 5729 quwsunms
3034 5700 3047 5721 .
3078 5660 3304 5729 Symeon
3358 5660 3675 5713 renerande.
3733 5657 3904 5727 Elegia

2347 5755 2645 5826 prxtigitur
2682 5754 2958 5808 distichon
2985 5751 3297 5822 hujnsmodi
3325 5768 3338 5805 :
