4118 6498
268 426 410 490 296⁸]

414 532 741 603 ﬁngant»)
771 532 903 603 ᾢκξι
929 532 1059 600 πρὶν
1090 528 1313 603 Συμεὼν
1332 528 1445 603 Ii};
1477 528 1623 595 690;,

417 585 556 657 [Ιολῦ
583 604 640 655 δὲ
664 585 1091 670 πανθαύμαᾶτον
1121 585 1261 651 οἱὶῑεῖ
1294 585 1568 669 νῧιίδρός.

276 718 397 786 Quo
431 718 730 781 indicatur,
758 714 904 785 quod
935 716 1025 786 qui
1048 716 1104 767 in
1136 724 1281 767 terra
1306 722 1535 767 montem
1562 713 1859 765 mirabilem

270 806 566 875 habitabat,
602 818 742 863 nunc
761 806 876 861 caeli
908 816 1137 860 montem
1171 806 1402 858 maxime
1441 803 1738 857 mirabilem
1764 804 1865 857 lia-

271 901 440 954 bitet:
470 908 524 955 et
568 899 625 953 in
678 898 828 953 hunc
881 897 1106 952 sensu‘m
1156 896 1322 951 etiam
1360 893 1685 966 premeris
1743 907 1864 948 mea

271 991 409 1045 trica
435 1008 450 1045 :

415 1089 604 1171 Eixdbt
661 1096 760 1170 ἠδὲ
794 1099 1032 1171 τετάρτῃ
1049 1098 1173 1168 ὅρος
1203 1094 1429 1166 Συμεὼν
1464 1086 1695 1164 ῆμειῲε·

418 1208 611 1264 Vicena
640 1217 839 1280 quarta
871 1218 1103 1263 montem
1126 1206 1355 1277 ngeon
1388 1206 1630 1259 mutavit.

266 1338 633 1416 Evangelium
662 1346 903 1415 denique
923 1344 1649 1415 prtescribitUrargumento
1674 1348 1860 1409 aptum

266 1454 334 1492 ex
394 1438 583 1493 verbis
623 1439 867 1493 Matthati
899 1456 931 1491 v
958 1446 970 1491 ἑ
1002 1436 1126 1491 'Vos
1163 1438 1286 1491 estis
1321 1438 1413 1489 tua:
1454 1435 1638 1488 mundi
1682 1450 1699 1486 :
1759 1449 1862 1485 non

266 1536 440 1597 potest
469 1528 651 1583 civitas
680 1530 929 1582 abscondi
958 1545 1116 1598 super
1142 1538 1369 1581 montem
1401 1527 1593 1595 posita,
1624 1535 1737 1579 etc.

342 1617 395 1670 7.
441 1616 589 1671 idem
634 1618 914 1672 secundus
984 1634 1079 1673 seu
1139 1618 1333 1672 Iunior
1387 1616 1651 1687 ngeon,
1693 1616 1861 1671 etiam

268 1708 541 1779 presbyter
572 1709 694 1770 fuit,
732 1710 811 1763 uti
848 1711 1126 1765 scitur‘ex
1163 1708 1299 1763 Vitae
1344 1726 1395 1763 (δ.
1429 1710 1495 1763 i9
1522 1726 1533 1761 :
1563 1709 1747 1762 nullus
1781 1718 1860 1761 ta-

269 1812 397 1850 tncn
437 1796 569 1851 hinc
602 1800 735 1852 mihi
767 1800 1063 1868 scrupulus
1112 1801 1360 1853 nascitur
1406 1800 1552 1853 circa
1605 1800 1857 1865 tertium,

278 1888 375 1957 qui
404 1900 513 1942 non
545 1890 722 1943 solum
750 1907 906 1960 teque
931 1907 994 1945 ac
1022 1893 1114 1946 ille
1134 1892 1402 1961 presbyter
1424 1892 1611 1953 fuerit,
1650 1892 1861 1960 specia-

277 1980 413 2035 liter
440 1990 627 2036 autem
673 1981 859 2038 dictus
918 1984 990 2037 sit
1032 1984 1493 2040 Archimandrita.
1538 1984 1674 2038 Nam
1734 1984 1865 2038 licet

264 2072 415 2127 alius
466 2088 689 2142 quoque
753 2075 879 2128 talis
908 2074 1096 2137 fuerit,
1126 2076 1499 2149 communiter
1533 2085 1714 2128 tamen
1769 2090 1865 2143 ap-

233 2164 577 2234 pellabatur
625 2166 810 2219 aliter.
854 2164 1010 2232 Quod
1064 2176 1252 2221 autem
1319 2166 1459 2220 nihil
1511 2165 1865 2236 iinpediverit

261 2254 438 2310 simul
464 2263 520 2309 et
580 2254 836 2325 Stylitam
869 2272 1000 2321 ,csse
1046 2267 1103 2310 et
1152 2257 1672 2331 ‘Arrhimandritam,
1715 2265 1866 2325 patet

260 2362 332 2403 cx
357 2347 479 2402 Vita
506 2349 768 2402 secundi:
807 2362 971 2418 quem
1012 2350 1183 2403 etiam
1221 2365 1289 2403 cx
1318 2348 1520 2426 eadem
1588 2347 1861 2418 intelligi-

264 2452 398 2492 mus
428 2438 482 2491 in
504 2453 602 2492 sua
644 2440 906 2494 columna
933 2456 1042 2494 non
1075 2440 1148 2494 ita
1188 2441 1524 2510 perstitisse,
1553 2441 1688 2509 quin
1718 2454 1863 2508 serpe

265 2530 337 2584 ab
362 2529 560 2585 eadem
604 2530 996 2594 descenderet,
1062 2546 1175 2585 non
1212 2533 1393 2586 soluat
1439 2532 1507 2586 ad
1560 2531 1863 2600 discipulos

269 2624 420 2678 intra
451 2623 761 2689 mandram,
783 2624 878 2678 sed
900 2624 1068 2678 etiam
1099 2624 1167 2678 ad
1201 2623 1436 2678 inferius
1464 2623 1863 2677 monasterium

269 2713 641 2770 visitandum.
669 2713 738 2767 Et
772 2714 911 2768 forte
936 2714 1106 2769 statio
1145 2714 1236 2767 illa
1268 2700 1327 2767 in.
1362 2715 1643 2773 columna.
1694 2713 1864 2769 certis

274 2790 1275 2873 interrumpebatureonversationis
1313 2805 1626 2859 communis
1684 2806 1862 2859 inter-

267 2896 435 2949 vallis
489 2894 547 2949 ld
575 2911 709 2950 vero
736 2897 903 2950 etiam
933 2896 1313 2953 necessarium
1340 2894 1457 2951 fuit
1489 2896 1540 2950 ei
1572 2896 1668 2966 qui
1730 2911 1861 2965 pre-

266 2984 463 3053 sbyter
492 2994 634 3049 erat,
669 2998 730 3037 ut
777 2994 963 3053 posset
1001 2984 1195 3039 divina
1240 2985 1529 3039 celebrare
1572 2979 1858 3055 mysteria,

263 3075 739 3147 quemadmodum
782 3076 931 3130 hunc
970 3076 1040 3131 de
1070 3092 1183 3147 quo
1218 3077 1435 3146 agimus
1473 3076 1726 3132 sanctum
1759 3076 1862 3148 Sy-

1406 412 2014 479 COMMENTARIUS
2050 416 2418 478 PRﬁ'v'IUS.

3415 414 3560 477 2970

1886 526 1927 582 Δ
1960 532 2070 579 tres
2106 527 2281 579 nostri
2330 525 2559 581 Parisiis
2609 526 2966 581 contulerant
3011 540 3136 593 cum
3178 524 3556 581 Combetisio:

1976 616 2120 670 unde
2144 632 2255 680 non
2287 617 2488 671 mirum
2516 618 2561 671 si
2585 619 2675 673 hic
2703 618 2841 688 ipsis
2864 618 3160 671 niltilcerti
3192 626 3307 672 tum
3333 630 3562 687 respon-

1969 707 2115 761 derit
2162 709 2231 763 de
2263 710 2572 791 orthodoxa
2599 710 2907 780 Hegumetii
2943 690 3377 763 Xeirocercensis
3426 706 3558 772 fide,

1969 809 2027 853 et
2053 802 2456 870 opusculorum
2496 819 2605 857 una
2636 818 2764 857 cum
2822 803 2945 884 Vita
2980 802 3407 873 descriptorum
3463 800 3563 855 do-

1967 891 2167 946 ctrina.

1968 1046 1995 1114 §
2029 1046 2093 1099 ll.
2126 1068 2196 1086 —-'-
2222 1047 2297 1100 De
2320 1047 2497 1102 Monte
2535 1048 2791 1121 Mirabili,
2828 1048 2881 1121 in
2926 1064 3037 1121 quo
3066 1059 3284 1103 sanctus
3336 1048 3563 1121 Synteon

2576 1118 2767 1172 Junior
2829 1118 2979 1174 vixit.

2040 1251 2092 1305 8‘.
2123 1252 2384 1307 Sanctum
2420 1252 2769 1324 Symeonem,
2794 1254 2863 1308 de
2886 1268 2997 1323 quo
3020 1254 3256 1325 agimus.
3278 1255 3562 1309 Juniorem

1967 1342 2253 1415 Stylitam,
2290 1345 2344 1397 in
2383 1344 2565 1399 lucem
2591 1347 2771 1415 primo
2805 1345 3040 1413 editum,
3078 1348 3399 1412 Antiochia,
3456 1348 3560 1417 Sy-

1971 1435 2067 1490 ritc
2087 1436 2376 1490 notissima
2405 1437 2559 1502 urbs,
2597 1437 2843 1506 excepit,
2909 1453 3150 1507 moxque
3203 1440 3258 1493 itt
3306 1439 3554 1494 vicinum

1969 1536 2213 1581 montem
2254 1528 2555 1581 transtulit.
2592 1513 2805 1581 lttdeis
2832 1544 2891 1583 se
2923 1530 3163 1583 contulit
3216 1531 3269 1583 in
3323 1530 3559 1583 Montem

1971 1620 2303 1685 Mirabilem,
2348 1637 2441 1689 qut
2479 1620 2761 1690 praecipua
2811 1621 2917 1674 viri
2969 1623 3146 1675 sancti
3193 1622 3447 1691 palmstra
3488 1624 3563 1676 ita

1967 1714 2149 1767 dictus
2174 1712 2299 1778 fuit,
2337 1728 2445 1767 non
2482 1716 2565 1783 (ut
2592 1715 2905 1783 5n5picatttr
2930 1713 3181 1783 quidam)
3235 1720 3363 1767 ante
3395 1715 3563 1785 hujus

1970 1808 2021 1860 in
2056 1806 2207 1860 illum
2240 1796 2564 1868 adventum,
2599 1807 2745 1859 unde
2769 1821 2895 1860 cum
2939 1805 3047 1860 hoc
3091 1806 3562 1861 communicatum

1968 1913 2168 1951 nomen
2195 1896 2433 1962 fuisset;
2469 1897 2565 1950 sed
2592 1890 2852 1967 ex‘hujus
2884 1897 3060 1966 ipsius
3087 1896 3352 1961 inauditis
3396 1907 3563 1966 atque

1968 1989 2313 2043 admirandis
2345 1990 2504 2057 plane
2532 1990 2834 2057 operibus;
2874 1990 2951 2043 uti
3006 1998 3133 2042 mox
3167 1989 3377 2043 indicat
3428 1990 3560 2044 Pl0*

1967 2081 2126 2151 logus
2171 2079 2312 2134 Vita:
2341 2095 2507 2149 quam
2542 2080 2741 2134 damus
2772 2098 2783 2133 :
2818 2081 2929 2134 imo
2960 2096 3027 2135 ex
3059 2078 3155 2133 Del
3183 2080 3358 2149 ipsius
3392 2088 3555 2144 nutu,

1968 2171 2433 2242 Quemadmodum
2465 2189 2520 2226 ιι.
2558 2172 2626 2225 79
2661 2174 2923 2241 expresse
2952 2181 3234 2241 narratur.
3280 2170 3418 2225 Cum
3455 2171 3559 2241 igi-

1971 2272 2060 2315 tur
2081 2261 2135 2316 in
2163 2262 2309 2317 illius
2330 2262 2569 2315 decursu
2593 2263 2857 2331 frequens
2890 2264 3157 2317 memoria
3182 2262 3272 2317 fiat
3301 2279 3411 2316 non
3443 2271 3566 2317 tan-

1971 2361 2085 2405 tunt
2115 2352 2318 2405 Montis
2347 2351 2497 2405 illius
2527 2352 2799 2407 Mirabills
2823 2394 2837 2419 ,
2888 2354 2982 2407 sed
3008 2354 3315 2407 Antior-hitc
3340 2363 3559 2423 quoque

1965 2451 2021 2495 et
2051 2442 2346 2511 Daphnes,
2400 2440 2546 2494 haud
2595 2442 2838 2497 otiosum
2887 2444 3077 2509 fuerit,
3127 2452 3301 2497 totam
3363 2443 3559 2495 horum

1966 2532 2215 2585 locorum
2264 2529 2738 2599 descriptionem,
2818 2532 3129 2603 elegantem
3191 2548 3347 2585 sane.
3394 2539 3561 2599 atque.

1966 2632 2307 2687 accuratam,
2344 2612 2411 2676 eti
2454 2622 2665 2676 Joanne
2703 2623 2920 2688 Phocm,
2963 2623 3058 2692 qui
3100 2638 3191 2675 an.
3248 2622 3384 2675 H85
3439 2622 3562 2673 istic

1967 2714 2356 2784 peregrinatus
2390 2715 2505 2767 visa
2536 2723 2756 2767 enarrat
2787 2712 3034 2779 referre;
3088 2724 3149 2767 ut
3193 2712 3261 2766 ad
3326 2729 3551 2766 manum

1967 2805 2388 2868 babeatlector,
2416 2804 2586 2858 veluti
2617 2804 2981 2869 delineatum,
3023 2804 3133 2858 loci
3182 2804 3237 2857 in
3283 2819 3394 2871 quo
3428 2819 3555 2858 ver-

1973 2912 2157 2951 santur
2197 2897 2369 2951 totius
2405 2897 2572 2950 situm
2616 2895 2709 2950 Sic
2735 2897 2811 2949 ait
2841 2895 2931 2949 ille
2963 2912 3019 2949 n.
3062 2896 3117 2948 ll
3148 2913 3159 2947 :

2036 2986 2300 3041 Exstabat
2360 2998 2509 3049 tum,
2557 3002 2677 3038 cum
2735 2995 2873 3050 erat,
2906 2987 2977 3038 ait
3023 2986 3274 3039 Orontem
3320 2986 3567 3039 Antiochi

1967 3076 2239 3147 Theopolis
2263 3116 2278 3139 ,
2314 3079 2645 3130 theatrorum
2671 3077 3061 3147 magnitudine,
3103 3086 3348 3131 stoarum
3390 3076 3568 3146 splen-

260 3174 744 3243 mconemlecisse
778 3174 833 3229 in
861 3174 1245 3229 anniversario
1273 3189 1387 3229 sua:
1425 3177 1639 3239 matris,
1662 3173 1864 3242 legitur
1892 3202 1933 3259 ε
1969 3167 2205 3229 tioribus,
2235 3166 2554 3237 templorum
2584 3167 2890 3229 structuris,
2935 3167 3087 3237 copia
3118 3169 3243 3221 item
3280 3169 3470 3221 cit-ium
3516 3177 3566 3222 et

267 3273 330 3323 in
366 3267 534 3338 hujus
564 3279 768 3322 sanctae
803 3265 926 3321 Vita
972 3283 1027 3320 n.
1056 3267 1146 3321 7|.
1172 3267 1346 3321 Porro
1375 3265 1527 3320 tertii
1557 3264 1708 3318 illius
1736 3264 1861 3335 Sty-

262 3361 380 3415 litte
432 3359 723 3431 Symeonis
786 3360 905 3412 Vita
950 3358 1131 3429 optari
1181 3358 1401 3413 facilius
1461 3366 1645 3427 potest
1691 3372 1860 3427 quam

262 3450 505 3520 sperari.
536 3449 673 3505 Nam
707 3450 857 3519 quod
882 3449 951 3503 ad
981 3448 1386 3519 Ephemerides
1424 3448 1864 3503 Grmco-moscas

265 3550 465 3596 noster
487 3541 651 3596 Pater
686 3541 1104 3610 Papebrochius
1138 3542 1228 3602 die
1256 3540 1317 3594 2i
1362 3540 1518 3605 Julii,
1571 3550 1862 3609 postquam

261 3630 381 3701 egit
412 3631 481 3684 de
505 3640 695 3684 sancto
722 3630 996 3700 Symeoue
1040 3630 1189 3697 Salo,
1250 3630 1458 3684 indicat
1478 3644 1537 3683 se
1586 3630 1865 3700 reperisse

264 3723 448 3777 Vitam
477 3723 761 3793 cujusdam
787 3724 961 3776 sancti
992 3724 1267 3794 ngeonis
1290 3722 1551 3788 Iunioris,
1572 3721 1866 3792 Hegumeni

261 3816 444 3871 sancti
536 3814 827 3869 Mamantis
903 3816 957 3868 in
1026 3815 1317 3868 Xeracerco
1382 3815 1634 3885 (rectius
1700 3812 1866 3867 Xero-

273 3906 475 3977 cerco),
494 3906 562 3961 de
594 3922 703 3976 quo
728 3906 1021 3960 dubitabat
1051 3922 1120 3959 an
1144 3914 1332 3977 posset
1360 3906 1505 3959 inter
1532 3913 1754 3959 sanctos
1779 3919 1867 3958 re—

273 3998 439 4064 ferri,
467 3998 785 4068 etquidem
835 3997 909 4050 ad
931 4006 1419 4067 pnetnemoratum
1465 3995 1533 4051 26
1577 3995 1745 4061 Julii;
1809 3993 1863 4048 id

272 4091 369 4146 hic
401 4106 432 4144 a
462 4105 548 4144 me
580 4090 755 4144 voluit
785 4104 888 4149 suo
918 4075 1142 4143 nomine
1162 4098 1550 4154 retractatum,
1576 4098 1867 4159 postquam

271 4183 411 4252 legit
436 4194 558 4251 quae
584 4181 652 4235 de
680 4182 801 4251 ejus
833 4196 943 4235 non
980 4197 1112 4235 suta
1140 4181 1247 4244 [ide
1278 4180 1699 4235 accuratissime
1728 4194 1863 4234 con-

274 4274 423 4346 gerit
455 4272 567 4327 Leo
593 4272 834 4327 Allatius
882 4272 1087 4343 p.137.
1158 4273 1516 4335 Demonstrat
1563 4271 1713 4326 enim
1746 4270 1862 4335 hic,

273 4381 343 4419 ex
374 4364 525 4418 illius
587 4362 944 4433 potissimum
1019 4363 1245 4433 scriptis
1296 4372 1650 4432 propagatam
1723 4361 1869 4416 inter

275 4453 581 4507 monachos
642 4453 868 4509 Graecos
918 4453 1095 4508 fuisse
1140 4452 1749 4524 Utnphalopsychorum
1799 4452 1869 4507 de

1969 3259 2277 3313 divitiarum
2305 3258 2710 3329 magniﬁcentia
2752 3258 2981 3328 superba
3015 3276 3077 3310 ac
3106 3269 3336 3323 tumens,
3360 3258 3570 3329 lateque

1964 3361 2185 3407 cazteras
2225 3353 2333 3419 fere
2358 3351 2641 3405 orientales
2674 3351 2825 3404 urbes
2871 3352 3243 3420 exsuperabat.
3276 3350 3381 3406 Sed
3434 3361 3567 3405 tem-

1967 3461 2063 3509 pus
2098 3462 2159 3497 ac
2203 3445 2275 3497 vis
2307 3444 2542 3497 barbara
2576 3428 2884 3497 beatitatem
2938 3443 3084 3496 illius
3134 3445 3375 3497 exhausit
3404 3460 3421 3497 :
3453 3444 3569 3497 licet

1966 3541 2247 3610 conspicua
2284 3539 2455 3592 adhuc
2486 3539 2574 3603 sit,
2624 3547 2673 3590 et
2716 3538 2945 3589 turrium
2984 3536 3271 3590 altitudine
3290 3546 3341 3589 et
3370 3553 3570 3605 propu-

1966 3630 2322 3703 gnaculorum
2358 3629 2653 3691 validitate,
2689 3640 2737 3681 et
2778 3637 3056 3699 pratorum
3083 3644 3146 3680 ac
3169 3630 3365 3698 [lorum
3397 3628 3569 3680 omni-

1966 3740 2101 3795 gena
2138 3714 2481 3793 fecunditate,
2507 3730 2555 3773 et
2584 3722 2639 3774 in
2673 3719 2851 3789 plures
2883 3735 2995 3773 sese
3021 3720 3368 3772 dividentium
3397 3736 3571 3788 aqua—

1970 3830 2091 3867 rum
2122 3812 2334 3876 sibilis;
2362 3827 2480 3864 cum
2536 3810 2746 3881 placide
2776 3810 2971 3879 fluvius
3018 3810 3353 3878 circumﬂuat
3393 3812 3571 3860 urbrm

1968 3916 2017 3962 et
2048 3908 2246 3977 cingat,
2275 3913 2324 3957 et
2346 3903 2496 3957 molli
2522 3914 2665 3958 tactu
2695 3904 2809 3973 ejus
2856 3911 3031 3955 turres
3083 3900 3569 3971 cfrcumplectctur.

1968 3999 2196 4069 Insuper
2230 4014 2257 4051 e
2307 3996 2533 4052 Castalii
2563 3996 2722 4065 fontis
2767 3995 2981 4065 ﬂuentis
3032 3995 3234 4064 egregie
3272 3995 3573 4063 irrigatur;

1971 4092 2121 4161 cujus
2148 4105 2301 4161 aquae
2335 4089 2653 4142 torrentium
2688 4088 2861 4139 instar
2892 4084 3189 4155 pelluntur,
3224 4094 3272 4136 et
3326 4085 3575 4153 frequen-

1971 4182 2106 4233 tibus
2152 4177 2424 4231 sulcorum
2469 4177 2594 4231 rivis
2650 4176 2830 4229 urbem
2884 4176 3187 4227 univirsant
3222 4168 3572 4241 per'funilum,

1971 4286 2192 4340 eamque
2221 4270 2447 4341 ﬂuxibus
2488 4278 2778 4339 aspergunt
2807 4286 2824 4331 ;
2853 4282 3138 4336 operarum
3179 4266 3328 4334 copia
3367 4276 3413 4317 et
3446 4282 3571 4316 con-

1972 4364 2159 4415 ditoris
2200 4343 2599 4431 magniﬁcentia
2634 4376 2698 4411 ex
2740 4358 2846 4412 illis
2891 4358 3118 4426 fontibus
3143 4373 3236 4426 per
3264 4367 3463 4408 montes
3506 4357 3575 4410 id

1972 4456 2145 4524 ipsam
2192 4453 2456 4505 civitatem
2512 4450 2756 4503 laticibus
2810 4448 3236 4526 cot'rigatis..Hic
3285 4448 3432 4516 tanta
3482 4464 3574 4514 ριν·

271 4544 509 4600 Lumine
540 4544 806 4600 Taborteo
837 4545 1121 4609 haeresim;
1154 4560 1319 4614 quam
1340 4553 1528 4614 postea
1562 4544 1866 4613 Gregorius
1892 4544 1945 4604 D
1971 4548 2149 4600 orbem
2194 4543 2471 4614 vulgatum
2515 4542 2762 4612 Daphnes
2790 4543 3120 4605 suburbium,
3150 4541 3378 4610 proceris
3411 4556 3565 4591 omne

274 4635 529 4689 Palamas
576 4635 785 4704 aliique
854 4649 1157 4707 sequaces,
1218 4636 1567 4703 dissnnulato
1618 4634 1866 4705 magistri

274 4725 527 4789 nomine,
576 4725 1021 4795 pertinacissime
1055 4733 1485 4795 propugnarunt
1514 4723 1735 4794 lateque
1758 4724 1871 4778 dis-

273 4816 665 4883 seminarunt;
701 4824 757 4872 et
788 4817 878 4870 cui
914 4826 973 4871 ut
998 4818 1175 4887 major
1225 4816 1623 4873 conciliaretur
1673 4823 1867 4869 aucto-

274 4910 437 4972 ritas,
476 4909 789 4977 conscripta
813 4909 907 4962 illa
962 4907 1084 4962 Vita
1137 4918 1243 4971 est,
1294 4908 1642 4978 conl‘t‘ctaque
1685 4908 1871 4962 eidem

268 4999 579 5069 subjuncta
608 4998 898 5054 miracula.
933 4998 1071 5054 Cum
1112 5010 1301 5053 autem
1363 4998 1613 5052 Palatinis
1660 5000 1870 5051 circum

271 5090 526 5147 medium
547 5092 735 5145 saeculi
753 5108 836 5145 xiv
857 5092 1133 5157 floruerit,
1153 5091 1426 5145 credibile
1452 5106 1556 5145 non
1580 5091 1639 5144 fit
1668 5090 1737 5145 de
1762 5098 1871 5144 tam

276 5183 504 5239 recenti
536 5198 698 5255 agere
723 5184 949 5238 Mena-a.
979 5184 1137 5250 Quod
1172 5186 1213 5238 si
1254 5185 1321 5238 ad
1349 5201 1575 5243 manuni
1598 5184 1719 5240 Vita
1757 5184 1873 5254 ipsa

276 5288 436 5331 nunc
478 5285 650 5341 esset,
696 5275 804 5330 levi
863 5286 1003 5330 tunc
1052 5276 1215 5329 oculo
1240 5286 1296 5331 et
1346 5277 1465 5329 solo
1506 5277 1668 5330 titulo
1714 5284 1875 5329 tenus

276 5364 417 5417 olim
444 5364 714 5433 inspecta,
750 5366 1002 5420 fortassis
1030 5366 1176 5419 hunc
1196 5367 1640 5436 quulctttt'unquc
1681 5376 1736 5419 et
1779 5382 1878 5419 cu-

275 5459 596 5528 juscunque
624 5456 752 5510 ﬁdei
785 5458 1118 5525 Sytneonctn
1169 5459 1278 5510 alio
1335 5474 1564 5527 prorsus
1605 5457 1694 5511 die
1728 5473 1875 5509 utor-

281 5558 444 5603 tuunt
492 5548 839 5611 ostenderet,
881 5563 934 5601 tt
983 5549 1034 5601 itt
1071 5549 1327 5603 columna
1380 5565 1620 5617 unquam
1672 5549 1876 5604 \‘ixissc

283 5638 571 5709 probaret.
595 5640 786 5693 Restat
814 5640 982 5709 igitur
1013 5649 1071 5693 ut
1097 5641 1183 5693 hic
1216 5649 1533 5702 retractata,
1557 5641 1630 5693 liti
1653 5641 1873 5696 ilclcau-

286 5738 401 5783 tur.
444 5729 603 5784 Edita
638 5746 801 5799 porro
824 5730 925 5785 fuit
955 5731 1137 5785 Allatii
1173 5733 1239 5786 de
1270 5732 1595 5786 Simeonuin
1654 5734 1878 5802 scriptis

291 5818 544 5875 itiatriba
580 5821 741 5875 annis
782 5830 1039 5889 quatuor.
1071 5833 1360 5893 lmstquztm
1392 5824 1457 5878 de
1490 5824 1579 5878 illa
1622 5825 1738 5880 Vita
1782 5827 1874 5880 Γα-

1972 4654 2134 4709 genus
2184 4634 2459 4689 arboribus
2505 4641 2857 4698 exornatum;
2913 4642 2962 4685 et
3024 4648 3171 4685 mons
3228 4641 3303 4683 est
3340 4630 3569 4682 maxime

1974 4727 2185 4791 nobilis,
2213 4742 2368 4797 quem
2421 4726 2772 4780 admirandus
2805 4724 3033 4795 ngeon
3074 4726 3129 4777 in
3188 4724 3569 4776 habitationem

1976 4822 2270 4890 adiiplavit.

2050 4911 2137 4964 10.
2166 4910 2319 4964 Hisce
2360 4908 2623 4977 ﬁnitimus
2674 4917 2747 4960 est
2781 4924 2930 4961 mons
2970 4906 3193 4960 Maurus
3220 4914 3268 4958 et
3296 4902 3576 4972 Scopulu:=,

1977 5004 2031 5056 in
2068 5002 2255 5071 quibus
2283 5001 2580 5069 antiquitus
2610 4998 2763 5051 multi
2793 4997 2899 5051 Deo
2932 4997 3281 5050 adtlictissinti
3306 4997 3425 5055 uiri.
3455 5013 3569 5047 cum

1979 5095 2307 5163 requirentes
2363 5094 2701 5156 invenerunt,
2736 5100 2785 5144 et
2842 5091 2911 5144 ad
2940 5092 3048 5144 lucc
3092 5098 3333 5158 tempora
3377 5090 3572 5158 perdu—

1980 5194 2127 5248 rant,
2162 5194 2210 5237 et
2235 5184 2578 5240 laudatorum
2613 5183 2871 5237 montium
2904 5182 3307 5252 pulrhritudine
3349 5180 3578 5248 pullati,

1978 5276 2139 5331 silvas
2162 5275 2497 5329 inhabitant.
2526 5273 2797 5329 Castalius
2838 5273 2953 5343 fons
2974 5275 3112 5327 inter
3142 5272 3271 5325 duos
3300 5272 3458 5325 colles
3486 5289 3576 5322 iur-

1978 5366 2182 5429 siliens,
2211 5380 2275 5418 ea:
2326 5366 2461 5435 ejus,
2490 5365 2581 5434 qui
2624 5365 2679 5419 in
2716 5380 2867 5417 mare
2928 5366 3214 5433 procurrit,
3254 5364 3361 5415 ima
3408 5371 3581 5430 partv,

1982 5458 2175 5511 eximia
2224 5456 2468 5526 quaedam
2521 5472 2789 5525 aquarum
2843 5456 3049 5525 irriqua
3100 5456 3329 5518 evomit;
3370 5456 3420 5505 in
3481 5471 3582 5521 quo

1983 5547 2313 5619 pra'grandis
2341 5548 2570 5618 assurgit
2597 5549 2855 5616 porticus,
2879 5564 3093 5600 cursum
3120 5547 3279 5616 fontis
3300 5563 3579 5598 CUJlt'.tiilt.'-

1986 5659 2132 5695 rans.
2162 5641 2296 5694 llinc
2322 5656 2475 5710 aqua:
2499 5641 2775 5709 afﬂuenter
2814 5640 3167 5709 ρνοδὶίίεηιυδ,
3195 5640 3247 5691 in
3272 5639 3399 5690 duos
3448 5655 3539 5689 rm
3560 5653 3581 5689 ε

1988 5733 2314 5789 dividuntur.
2346 5733 2547 5787 Eurum
2597 5750 2702 5786 una
2730 5751 2855 5801 pars
2886 5750 2979 5803 per
3027 5732 3317 5785 altissimos
3368 5733 3586 5788 ductus.

1986 5824 2147 5880 veluti
2167 5824 2336 5878 sulcos
2356 5824 2616 5878 ifrr’rrttsi.
2646 5840 2793 5876 nunc
2818 5840 2875 5875 ar
2907 5824 3083 5875 acrius
3108 5824 3322 5891 furius.
3350 5839 3410 5875 (π
3434 5839 3521 5891 pm
3542 5832 3601 5876 te
