  <div class='ocr_page' id='page_1' title='image "/cluster/home/n/w/nwhite01/storage/ocr_20150623/88 pt.2/uva.x004575615/634.png"; bbox 0 0 4118 6484; ppageno 0'>
   <div class='ocr_carea' id='block_1_1' title="bbox 224 442 375 504">
    <p class='ocr_par' dir='ltr' id='par_1_1' title="bbox 224 442 375 504">
     <span class='ocr_line' id='line_1_1' title="bbox 224 442 375 504; baseline -0.013 -1"><span class='ocrx_word' id='word_1_1' title='bbox 224 442 375 504; x_wconf 73' lang='lat'><strong><em>2373</em></strong></span> 
     </span>
    </p>
   </div>
   <div class='ocr_carea' id='block_1_2' title="bbox 1368 443 2382 509">
    <p class='ocr_par' dir='ltr' id='par_1_2' title="bbox 1368 443 2382 509">
     <span class='ocr_line' id='line_1_2' title="bbox 1368 443 2382 509; baseline 0.002 -2"><span class='ocrx_word' id='word_1_2' title='bbox 1368 443 1972 509; x_wconf 76' lang='lat' dir='ltr'><strong><em>COMMENTARIUS</em></strong></span> <span class='ocrx_word' id='word_1_3' title='bbox 2011 449 2382 509; x_wconf 61' lang='lat' dir='ltr'><strong><em>PREVIUS.</em></strong></span> 
     </span>
    </p>
   </div>
   <div class='ocr_carea' id='block_1_3' title="bbox 3368 458 3518 525">
    <p class='ocr_par' dir='ltr' id='par_1_3' title="bbox 3368 458 3518 525">
     <span class='ocr_line' id='line_1_3' title="bbox 3368 458 3518 525; baseline 0.02 -3"><span class='ocrx_word' id='word_1_4' title='bbox 3368 458 3518 525; x_wconf 65' lang='grc'><strong>29⁵74</strong></span> 
     </span>
    </p>
   </div>
   <div class='ocr_carea' id='block_1_4' title="bbox 224 561 1826 650">
    <p class='ocr_par' dir='ltr' id='par_1_4' title="bbox 224 561 1818 631">
     <span class='ocr_line' id='line_1_4' title="bbox 224 561 1818 631; baseline 0.005 -20"><span class='ocrx_word' id='word_1_5' title='bbox 224 561 858 631; x_wconf 71' lang='lat' dir='ltr'><strong><em>rum,pra:luseruntque</em></strong></span> <span class='ocrx_word' id='word_1_6' title='bbox 917 561 1314 617; x_wconf 68' lang='lat' dir='ltr'><strong><em>calamitatibus</em></strong></span> <span class='ocrx_word' id='word_1_7' title='bbox 1365 567 1619 618; x_wconf 71' lang='lat' dir='ltr'><strong><em>uenturis.</em></strong></span> <span class='ocrx_word' id='word_1_8' title='bbox 1678 564 1818 619; x_wconf 86' lang='lat' dir='ltr'><strong><em>Nam</em></strong></span> 
     </span>
    </p>
   </div>
   <div class='ocr_carea' id='block_1_5' title="bbox 1929 561 3511 650">
    <p class='ocr_par' dir='ltr' id='par_1_5' title="bbox 1929 566 3511 650">
     <span class='ocr_line' id='line_1_5' title="bbox 1929 566 3511 650; baseline 0.012 -38"><span class='ocrx_word' id='word_1_9' title='bbox 1929 567 2108 630; x_wconf 74' lang='grc' dir='ltr'><strong><em>λείας,</em></strong></span> <span class='ocrx_word' id='word_1_10' title='bbox 2145 568 2272 637; x_wconf 67' lang='grc' dir='ltr'><strong><em>μηνὶ</em></strong></span> <span class='ocrx_word' id='word_1_11' title='bbox 2295 566 2505 638; x_wconf 79' lang='grc' dir='ltr'>δεκάτῳ</span> <span class='ocrx_word' id='word_1_12' title='bbox 2533 585 2545 597; x_wconf 72' lang='grc' dir='ltr'><strong><em>ε</em></strong></span> <span class='ocrx_word' id='word_1_13' title='bbox 2583 566 2687 619; x_wconf 69' lang='grc' dir='ltr'>ἀνὰ</span> <span class='ocrx_word' id='word_1_14' title='bbox 2718 567 2807 619; x_wconf 77' lang='grc' dir='ltr'><strong><em>τὸν</em></strong></span> <span class='ocrx_word' id='word_1_15' title='bbox 2838 569 3182 639; x_wconf 55' lang='grc' dir='ltr'><strong><em>Ἀρτεμίσιον</em></strong></span> <span class='ocrx_word' id='word_1_16' title='bbox 3215 576 3358 643; x_wconf 71' lang='grc' dir='ltr'><strong><em>μῆνα</em></strong></span> <span class='ocrx_word' id='word_1_17' title='bbox 3388 580 3511 650; x_wconf 70' lang='grc' dir='ltr'><strong><em>ἦτοι</em></strong></span> 
     </span>
    </p>
   </div>
   <div class='ocr_carea' id='block_1_6' title="bbox 226 648 1823 730">
    <p class='ocr_par' dir='ltr' id='par_1_6' title="bbox 226 648 1823 730">
     <span class='ocr_line' id='line_1_6' title="bbox 226 648 1823 730; baseline 0.009 -29"><span class='ocrx_word' id='word_1_18' title='bbox 226 648 378 704; x_wconf 79' lang='lat' dir='ltr'><strong><em>brevi</em></strong></span> <span class='ocrx_word' id='word_1_19' title='bbox 432 662 566 725; x_wconf 85' lang='lat' dir='ltr'><strong><em>post_</em></strong></span> <span class='ocrx_word' id='word_1_20' title='bbox 584 662 837 723; x_wconf 87' lang='lat' dir='ltr'><strong><em>tempore,</em></strong></span> <span class='ocrx_word' id='word_1_21' title='bbox 865 674 1006 711; x_wconf 85' lang='lat' dir='ltr'><strong><em>anno</em></strong></span> <span class='ocrx_word' id='word_1_22' title='bbox 1035 661 1256 729; x_wconf 88' lang='lat' dir='ltr'><strong><em>septimo</em></strong></span> <span class='ocrx_word' id='word_1_23' title='bbox 1302 656 1512 730; x_wconf 52' lang='lat' dir='ltr'><strong><em>ifnperii</em></strong></span> <span class='ocrx_word' id='word_1_24' title='bbox 1552 660 1752 715; x_wconf 83' lang='lat' dir='ltr'><strong><em>Justini</em></strong></span> <span class='ocrx_word' id='word_1_25' title='bbox 1774 669 1823 715; x_wconf 87' lang='lat' dir='ltr'><strong><em>et</em></strong></span> 
     </span>
    </p>
   </div>
   <div class='ocr_carea' id='block_1_7' title="bbox 227 742 1825 821">
    <p class='ocr_par' dir='ltr' id='par_1_7' title="bbox 227 742 1825 821">
     <span class='ocr_line' id='line_1_7' title="bbox 227 742 1825 821; baseline 0.01 -31"><span class='ocrx_word' id='word_1_26' title='bbox 227 755 416 794; x_wconf 81' lang='lat' dir='ltr'><strong><em>mense</em></strong></span> <span class='ocrx_word' id='word_1_27' title='bbox 449 742 647 797; x_wconf 87' lang='lat' dir='ltr'><strong><em>decimo</em></strong></span> <span class='ocrx_word' id='word_1_28' title='bbox 677 761 694 809; x_wconf 85' lang='lat'><em>;</em></span> <span class='ocrx_word' id='word_1_29' title='bbox 725 763 901 800; x_wconf 92' lang='lat' dir='ltr'><strong><em>mense</em></strong></span> <span class='ocrx_word' id='word_1_30' title='bbox 939 748 1224 803; x_wconf 79' lang='lat' dir='ltr'><strong><em>Artemisio</em></strong></span> <span class='ocrx_word' id='word_1_31' title='bbox 1250 767 1342 804; x_wconf 84' lang='lat' dir='ltr'><strong><em>seu</em></strong></span> <span class='ocrx_word' id='word_1_32' title='bbox 1363 750 1545 815; x_wconf 77' lang='lat' dir='ltr'><strong><em>Maio;</em></strong></span> <span class='ocrx_word' id='word_1_33' title='bbox 1584 752 1667 805; x_wconf 85' lang='lat' dir='ltr'><strong><em>die</em></strong></span> <span class='ocrx_word' id='word_1_34' title='bbox 1712 753 1825 821; x_wconf 87' lang='lat' dir='ltr'><strong><em>ejus</em></strong></span> 
     </span>
    </p>
   </div>
   <div class='ocr_carea' id='block_1_8' title="bbox 228 836 1825 907">
    <p class='ocr_par' dir='ltr' id='par_1_8' title="bbox 228 836 1825 907">
     <span class='ocr_line' id='line_1_8' title="bbox 228 836 1825 907; baseline 0.011 -27"><span class='ocrx_word' id='word_1_35' title='bbox 228 844 378 884; x_wconf 81' lang='lat' dir='ltr'><strong><em>nona</em></strong></span> <span class='ocrx_word' id='word_1_36' title='bbox 403 849 465 886; x_wconf 84' lang='lat' dir='ltr'><strong><em>ac</em></strong></span> <span class='ocrx_word' id='word_1_37' title='bbox 495 836 761 900; x_wconf 83' lang='lat' dir='ltr'><strong><em>vicesima,</em></strong></span> <span class='ocrx_word' id='word_1_38' title='bbox 791 838 902 907; x_wconf 82' lang='lat' dir='ltr'><strong><em>ipso</em></strong></span> <span class='ocrx_word' id='word_1_39' title='bbox 943 842 1160 893; x_wconf 79' lang='lat' dir='ltr'><strong><em>meridie</em></strong></span> <span class='ocrx_word' id='word_1_40' title='bbox 1194 841 1339 907; x_wconf 75' lang='lat' dir='ltr'><strong><em>feria:</em></strong></span> <span class='ocrx_word' id='word_1_41' title='bbox 1362 852 1543 903; x_wconf 66' lang='lat' dir='ltr'><strong><em>sexta,</em></strong></span> <span class='ocrx_word' id='word_1_42' title='bbox 1567 852 1625 895; x_wconf 90' lang='lat' dir='ltr'><strong><em>ut</em></strong></span> <span class='ocrx_word' id='word_1_43' title='bbox 1668 858 1825 897; x_wconf 84' lang='lat' dir='ltr'><strong><em>voca-</em></strong></span> 
     </span>
    </p>
   </div>
   <div class='ocr_carea' id='block_1_9' title="bbox 225 912 1822 994">
    <p class='ocr_par' dir='ltr' id='par_1_9' title="bbox 225 912 1822 994">
     <span class='ocr_line' id='line_1_9' title="bbox 225 912 1822 994; baseline 0.009 -23"><span class='ocrx_word' id='word_1_44' title='bbox 225 924 344 983; x_wconf 80' lang='lat' dir='ltr'><strong><em>tur,</em></strong></span> <span class='ocrx_word' id='word_1_45' title='bbox 369 912 706 977; x_wconf 82' lang='lat' dir='ltr'><strong><em>hebdomadis</em></strong></span> <span class='ocrx_word' id='word_1_46' title='bbox 740 943 757 989; x_wconf 86' lang='lat'><em>;</em></span> <span class='ocrx_word' id='word_1_47' title='bbox 784 931 1048 982; x_wconf 84' lang='lat' dir='ltr'><strong><em>succussio</em></strong></span> <span class='ocrx_word' id='word_1_48' title='bbox 1082 947 1143 982; x_wconf 89' lang='lat' dir='ltr'><strong><em>ac</em></strong></span> <span class='ocrx_word' id='word_1_49' title='bbox 1166 939 1336 985; x_wconf 85' lang='lat' dir='ltr'><strong><em>motus</em></strong></span> <span class='ocrx_word' id='word_1_50' title='bbox 1368 941 1540 994; x_wconf 74' lang='lat' dir='ltr'><strong><em>terrae,</em></strong></span> <span class='ocrx_word' id='word_1_51' title='bbox 1567 931 1822 985; x_wconf 84' lang='lat' dir='ltr'><strong><em>invaden-</em></strong></span> 
     </span>
    </p>
   </div>
   <div class='ocr_carea' id='block_1_10' title="bbox 226 1012 1825 1087">
    <p class='ocr_par' dir='ltr' id='par_1_10' title="bbox 226 1012 1825 1087">
     <span class='ocr_line' id='line_1_10' title="bbox 226 1012 1825 1087; baseline 0.008 -25"><span class='ocrx_word' id='word_1_52' title='bbox 226 1018 309 1063; x_wconf 90' lang='lat' dir='ltr'><strong><em>tes</em></strong></span> <span class='ocrx_word' id='word_1_53' title='bbox 366 1012 573 1079; x_wconf 84' lang='lat' dir='ltr'><strong><em>urbem,</em></strong></span> <span class='ocrx_word' id='word_1_54' title='bbox 606 1030 739 1083; x_wconf 86' lang='lat' dir='ltr'><strong><em>pene</em></strong></span> <span class='ocrx_word' id='word_1_55' title='bbox 797 1026 965 1072; x_wconf 87' lang='lat' dir='ltr'><strong><em>totam</em></strong></span> <span class='ocrx_word' id='word_1_56' title='bbox 1011 1019 1250 1087; x_wconf 78' lang='lat' dir='ltr'><strong><em>funditus</em></strong></span> <span class='ocrx_word' id='word_1_57' title='bbox 1275 1021 1665 1075; x_wconf 86' lang='lat' dir='ltr'><strong><em>subverterunt.</em></strong></span> <span class='ocrx_word' id='word_1_58' title='bbox 1696 1020 1825 1075; x_wconf 90' lang='lat' dir='ltr'><strong><em>Post</em></strong></span> 
     </span>
    </p>
   </div>
   <div class='ocr_carea' id='block_1_11' title="bbox 226 1100 1827 1183">
    <p class='ocr_par' dir='ltr' id='par_1_11' title="bbox 226 1100 1827 1183">
     <span class='ocr_line' id='line_1_11' title="bbox 226 1100 1827 1183; baseline 0.007 -30"><span class='ocrx_word' id='word_1_59' title='bbox 226 1100 347 1155; x_wconf 69' lang='lat' dir='ltr'><strong><em>lucc</em></strong></span> <span class='ocrx_word' id='word_1_60' title='bbox 390 1106 635 1162; x_wconf 70' lang='lat' dir='ltr'><strong><em>successit</em></strong></span> <span class='ocrx_word' id='word_1_61' title='bbox 694 1108 830 1175; x_wconf 81' lang='lat' dir='ltr'><strong><em>ignis</em></strong></span> <span class='ocrx_word' id='word_1_62' title='bbox 882 1126 1108 1179; x_wconf 86' lang='lat' dir='ltr'><strong><em>quoque,</em></strong></span> <span class='ocrx_word' id='word_1_63' title='bbox 1149 1119 1198 1165; x_wconf 86' lang='lat' dir='ltr'><strong><em>et</em></strong></span> <span class='ocrx_word' id='word_1_64' title='bbox 1253 1113 1619 1167; x_wconf 80' lang='lat' dir='ltr'><strong><em>calamitatem</em></strong></span> <span class='ocrx_word' id='word_1_65' title='bbox 1670 1113 1827 1183; x_wconf 85' lang='lat' dir='ltr'><strong><em>quasi</em></strong></span> 
     </span>
    </p>
   </div>
   <div class='ocr_carea' id='block_1_12' title="bbox 188 1191 1827 1274">
    <p class='ocr_par' dir='ltr' id='par_1_12' title="bbox 188 1191 1827 1274">
     <span class='ocr_line' id='line_1_12' title="bbox 188 1191 1827 1274; baseline 0.008 -30"><span class='ocrx_word' id='word_1_66' title='bbox 188 1191 192 1195; x_wconf 83' lang='grc'><em>’</em></span> <span class='ocrx_word' id='word_1_67' title='bbox 226 1206 354 1245; x_wconf 85' lang='lat' dir='ltr'><strong><em>cum</em></strong></span> <span class='ocrx_word' id='word_1_68' title='bbox 399 1193 508 1249; x_wconf 88' lang='lat' dir='ltr'><strong><em>illis</em></strong></span> <span class='ocrx_word' id='word_1_69' title='bbox 569 1200 799 1265; x_wconf 87' lang='lat' dir='ltr'><strong><em>partitus</em></strong></span> <span class='ocrx_word' id='word_1_70' title='bbox 850 1208 947 1255; x_wconf 89' lang='lat' dir='ltr'><strong><em>est.</em></strong></span> <span class='ocrx_word' id='word_1_71' title='bbox 984 1200 1182 1265; x_wconf 83' lang='lat' dir='ltr'><strong><em>Quibus</em></strong></span> <span class='ocrx_word' id='word_1_72' title='bbox 1208 1206 1346 1258; x_wconf 88' lang='lat' dir='ltr'><strong><em>enim</em></strong></span> <span class='ocrx_word' id='word_1_73' title='bbox 1376 1203 1500 1271; x_wconf 74' lang='lat' dir='ltr'><strong><em>locis</em></strong></span> <span class='ocrx_word' id='word_1_74' title='bbox 1551 1207 1827 1274; x_wconf 81' lang='lat' dir='ltr'><strong><em>quassatio</em></strong></span> 
     </span>
    </p>
   </div>
   <div class='ocr_carea' id='block_1_13' title="bbox 228 1290 1825 1363">
    <p class='ocr_par' dir='ltr' id='par_1_13' title="bbox 228 1290 1825 1363">
     <span class='ocr_line' id='line_1_13' title="bbox 228 1290 1825 1363; baseline 0.008 -31"><span class='ocrx_word' id='word_1_75' title='bbox 228 1292 511 1354; x_wconf 84' lang='lat' dir='ltr'><strong><em>motusque</em></strong></span> <span class='ocrx_word' id='word_1_76' title='bbox 540 1296 905 1355; x_wconf 78' lang='lat' dir='ltr'><strong><em>pepercerant,</em></strong></span> <span class='ocrx_word' id='word_1_77' title='bbox 937 1290 1035 1344; x_wconf 90' lang='lat' dir='ltr'><strong><em>illa</em></strong></span> <span class='ocrx_word' id='word_1_78' title='bbox 1065 1292 1205 1362; x_wconf 84' lang='lat' dir='ltr'><strong><em>ignis</em></strong></span> <span class='ocrx_word' id='word_1_79' title='bbox 1230 1295 1428 1348; x_wconf 85' lang='lat' dir='ltr'><strong><em>circum</em></strong></span> <span class='ocrx_word' id='word_1_80' title='bbox 1452 1293 1738 1363; x_wconf 83' lang='lat' dir='ltr'><strong><em>deposcens</em></strong></span> <span class='ocrx_word' id='word_1_81' title='bbox 1772 1294 1825 1345; x_wconf 90' lang='lat' dir='ltr'><strong><em>in</em></strong></span> 
     </span>
    </p>
   </div>
   <div class='ocr_carea' id='block_1_14' title="bbox 225 1374 1829 1456">
    <p class='ocr_par' dir='ltr' id='par_1_14' title="bbox 225 1374 1829 1456">
     <span class='ocr_line' id='line_1_14' title="bbox 225 1374 1829 1456; baseline 0.01 -32"><span class='ocrx_word' id='word_1_82' title='bbox 225 1374 437 1427; x_wconf 83' lang='lat' dir='ltr'><strong><em>cineres</em></strong></span> <span class='ocrx_word' id='word_1_83' title='bbox 492 1376 814 1449; x_wconf 76' lang='lat' dir='ltr'><strong><em>favillasque</em></strong></span> <span class='ocrx_word' id='word_1_84' title='bbox 860 1381 1082 1451; x_wconf 85' lang='lat' dir='ltr'><strong><em>redegit.</em></strong></span> <span class='ocrx_word' id='word_1_85' title='bbox 1116 1382 1245 1447; x_wconf 52' lang='lat' dir='ltr'><strong><em>Quas</em></strong></span> <span class='ocrx_word' id='word_1_86' title='bbox 1277 1402 1437 1454; x_wconf 81' lang='lat' dir='ltr'><strong><em>porro</em></strong></span> <span class='ocrx_word' id='word_1_87' title='bbox 1471 1386 1612 1439; x_wconf 88' lang='lat' dir='ltr'><strong><em>urbis</em></strong></span> <span class='ocrx_word' id='word_1_88' title='bbox 1648 1396 1829 1456; x_wconf 77' lang='lat' dir='ltr'><strong><em>partes</em></strong></span> 
     </span>
    </p>
   </div>
   <div class='ocr_carea' id='block_1_15' title="bbox 228 1468 1829 1547">
    <p class='ocr_par' dir='ltr' id='par_1_15' title="bbox 228 1468 1829 1547">
     <span class='ocr_line' id='line_1_15' title="bbox 228 1468 1829 1547; baseline 0.01 -34"><span class='ocrx_word' id='word_1_89' title='bbox 228 1468 467 1529; x_wconf 84' lang='lat' dir='ltr'><strong><em>ruerint,</em></strong></span> <span class='ocrx_word' id='word_1_90' title='bbox 502 1478 626 1537; x_wconf 89' lang='lat' dir='ltr'><strong><em>quot</em></strong></span> <span class='ocrx_word' id='word_1_91' title='bbox 653 1471 892 1525; x_wconf 78' lang='lat' dir='ltr'><strong><em>homines</em></strong></span> <span class='ocrx_word' id='word_1_92' title='bbox 920 1474 1155 1542; x_wconf 77' lang='lat' dir='ltr'><strong><em>ﬂammis</em></strong></span> <span class='ocrx_word' id='word_1_93' title='bbox 1188 1476 1537 1547; x_wconf 82' lang='lat' dir='ltr'><strong><em>motibusque,</em></strong></span> <span class='ocrx_word' id='word_1_94' title='bbox 1575 1478 1652 1529; x_wconf 86' lang='lat' dir='ltr'><strong><em>uti</em></strong></span> <span class='ocrx_word' id='word_1_95' title='bbox 1679 1478 1829 1529; x_wconf 87' lang='lat' dir='ltr'><strong><em>simi-</em></strong></span> 
     </span>
    </p>
   </div>
   <div class='ocr_carea' id='block_1_16' title="bbox 229 1554 1827 1635">
    <p class='ocr_par' dir='ltr' id='par_1_16' title="bbox 229 1554 1827 1635">
     <span class='ocr_line' id='line_1_16' title="bbox 229 1554 1827 1635; baseline 0.01 -29"><span class='ocrx_word' id='word_1_96' title='bbox 229 1554 337 1608; x_wconf 86' lang='lat' dir='ltr'><strong><em>lius</em></strong></span> <span class='ocrx_word' id='word_1_97' title='bbox 394 1574 512 1612; x_wconf 84' lang='lat' dir='ltr'><strong><em>vero</em></strong></span> <span class='ocrx_word' id='word_1_98' title='bbox 540 1569 637 1624; x_wconf 91' lang='lat' dir='ltr'><strong><em>est,</em></strong></span> <span class='ocrx_word' id='word_1_99' title='bbox 682 1563 1022 1629; x_wconf 89' lang='lat' dir='ltr'><strong><em>interierint,</em></strong></span> <span class='ocrx_word' id='word_1_100' title='bbox 1088 1582 1207 1635; x_wconf 66' lang='lat' dir='ltr'><strong><em>qua</em></strong></span> <span class='ocrx_word' id='word_1_101' title='bbox 1250 1568 1411 1621; x_wconf 88' lang='lat' dir='ltr'><strong><em>etiam</em></strong></span> <span class='ocrx_word' id='word_1_102' title='bbox 1446 1568 1715 1622; x_wconf 88' lang='lat' dir='ltr'><strong><em>mirabilia</em></strong></span> <span class='ocrx_word' id='word_1_103' title='bbox 1746 1570 1827 1622; x_wconf 89' lang='lat' dir='ltr'><strong><em>di-</em></strong></span> 
     </span>
    </p>
   </div>
   <div class='ocr_carea' id='block_1_17' title="bbox 226 1649 1832 1737">
    <p class='ocr_par' dir='ltr' id='par_1_17' title="bbox 226 1649 1832 1737">
     <span class='ocr_line' id='line_1_17' title="bbox 226 1649 1832 1737; baseline 0.015 -40"><span class='ocrx_word' id='word_1_104' title='bbox 226 1649 489 1720; x_wconf 83' lang='lat' dir='ltr'><strong><em>cendique</em></strong></span> <span class='ocrx_word' id='word_1_105' title='bbox 528 1654 782 1721; x_wconf 79' lang='lat' dir='ltr'><strong><em>facultate</em></strong></span> <span class='ocrx_word' id='word_1_106' title='bbox 814 1662 959 1713; x_wconf 90' lang='lat' dir='ltr'><strong><em>omni</em></strong></span> <span class='ocrx_word' id='word_1_107' title='bbox 985 1663 1196 1732; x_wconf 83' lang='lat' dir='ltr'><strong><em>majora</em></strong></span> <span class='ocrx_word' id='word_1_108' title='bbox 1224 1667 1562 1735; x_wconf 86' lang='lat' dir='ltr'><strong><em>contigerint,</em></strong></span> <span class='ocrx_word' id='word_1_109' title='bbox 1619 1667 1832 1737; x_wconf 72' lang='lat' dir='ltr'><strong><em>lugubri</em></strong></span> 
     </span>
    </p>
   </div>
   <div class='ocr_carea' id='block_1_18' title="bbox 226 1751 1826 1822">
    <p class='ocr_par' dir='ltr' id='par_1_18' title="bbox 226 1751 1826 1822">
     <span class='ocr_line' id='line_1_18' title="bbox 226 1751 1826 1822; baseline 0.016 -32"><span class='ocrx_word' id='word_1_110' title='bbox 226 1754 545 1805; x_wconf 84' lang='lat' dir='ltr'><strong><em>prosecutus</em></strong></span> <span class='ocrx_word' id='word_1_111' title='bbox 595 1756 671 1800; x_wconf 90' lang='lat' dir='ltr'><strong><em>est</em></strong></span> <span class='ocrx_word' id='word_1_112' title='bbox 711 1752 953 1805; x_wconf 87' lang='lat' dir='ltr'><strong><em>oratione</em></strong></span> <span class='ocrx_word' id='word_1_113' title='bbox 1002 1751 1238 1810; x_wconf 84' lang='lat' dir='ltr'><strong><em>Joannes</em></strong></span> <span class='ocrx_word' id='word_1_114' title='bbox 1298 1758 1503 1822; x_wconf 84' lang='lat' dir='ltr'><strong><em>rhetor,</em></strong></span> <span class='ocrx_word' id='word_1_115' title='bbox 1534 1758 1826 1817; x_wconf 80' lang='lat' dir='ltr'><strong><em>Historiam</em></strong></span> 
     </span>
    </p>
   </div>
   <div class='ocr_carea' id='block_1_19' title="bbox 224 1837 1827 1915">
    <p class='ocr_par' dir='ltr' id='par_1_19' title="bbox 224 1837 1827 1915">
     <span class='ocr_line' id='line_1_19' title="bbox 224 1837 1827 1915; baseline 0.014 -32"><span class='ocrx_word' id='word_1_116' title='bbox 224 1846 392 1885; x_wconf 87' lang='lat' dir='ltr'><strong><em>snam</em></strong></span> <span class='ocrx_word' id='word_1_117' title='bbox 426 1837 509 1888; x_wconf 79' lang='lat' dir='ltr'><strong><em>hic</em></strong></span> <span class='ocrx_word' id='word_1_118' title='bbox 553 1837 889 1895; x_wconf 84' lang='lat' dir='ltr'><strong><em>concludens.</em></strong></span> <span class='ocrx_word' id='word_1_119' title='bbox 940 1842 1278 1915; x_wconf 80' lang='lat' dir='ltr'><strong><em>Euphrasius</em></strong></span> <span class='ocrx_word' id='word_1_120' title='bbox 1302 1865 1424 1902; x_wconf 87' lang='lat' dir='ltr'><strong><em>vero</em></strong></span> <span class='ocrx_word' id='word_1_121' title='bbox 1450 1852 1613 1905; x_wconf 86' lang='lat' dir='ltr'><strong><em>etiam</em></strong></span> <span class='ocrx_word' id='word_1_122' title='bbox 1656 1852 1827 1905; x_wconf 88' lang='lat' dir='ltr'><strong><em>ruinis</em></strong></span> 
     </span>
    </p>
   </div>
   <div class='ocr_carea' id='block_1_20' title="bbox 1934 659 3507 735">
    <p class='ocr_par' dir='ltr' id='par_1_20' title="bbox 1934 659 3507 735">
     <span class='ocr_line' id='line_1_20' title="bbox 1934 659 3507 735; baseline 0.007 -22"><span class='ocrx_word' id='word_1_123' title='bbox 1934 661 2133 724; x_wconf 82' lang='grc' dir='ltr'><strong><em>Μὰϊον,</em></strong></span> <span class='ocrx_word' id='word_1_124' title='bbox 2190 659 2385 729; x_wconf 54' lang='lat' dir='ltr'><strong><em>ivvit-.1]</em></strong></span> <span class='ocrx_word' id='word_1_125' title='bbox 2407 660 2461 711; x_wconf 80' lang='grc' dir='ltr'><strong><em>δὲ</em></strong></span> <span class='ocrx_word' id='word_1_126' title='bbox 2518 662 2738 728; x_wconf 74' lang='grc' dir='ltr'><strong><em>εἰκοστῇ</em></strong></span> <span class='ocrx_word' id='word_1_127' title='bbox 2788 662 2953 713; x_wconf 71' lang='grc' dir='ltr'>αὑτοῦ</span> <span class='ocrx_word' id='word_1_128' title='bbox 2992 664 3191 735; x_wconf 68' lang='grc' dir='ltr'><strong><em>ἡμέρᾳ.</em></strong></span> <span class='ocrx_word' id='word_1_129' title='bbox 3227 668 3382 721; x_wconf 80' lang='lat' dir='ltr'><strong><em>Anno</em></strong></span> <span class='ocrx_word' id='word_1_130' title='bbox 3422 688 3507 724; x_wconf 79' lang='lat' dir='ltr'><strong><em>ss-</em></strong></span> 
     </span>
    </p>
   </div>
   <div class='ocr_carea' id='block_1_21' title="bbox 1927 750 3518 820">
    <p class='ocr_par' dir='ltr' id='par_1_21' title="bbox 1927 750 3518 820">
     <span class='ocr_line' id='line_1_21' title="bbox 1927 750 3518 820; baseline 0.008 -18"><span class='ocrx_word' id='word_1_131' title='bbox 1927 753 2091 820; x_wconf 86' lang='lat' dir='ltr'><strong><em>ptimo</em></strong></span> <span class='ocrx_word' id='word_1_132' title='bbox 2116 751 2323 820; x_wconf 87' lang='lat' dir='ltr'><strong><em>imperii</em></strong></span> <span class='ocrx_word' id='word_1_133' title='bbox 2337 750 2560 811; x_wconf 81' lang='lat' dir='ltr'><strong><em>Justini,</em></strong></span> <span class='ocrx_word' id='word_1_134' title='bbox 2590 767 2763 805; x_wconf 85' lang='lat' dir='ltr'><strong><em>mense</em></strong></span> <span class='ocrx_word' id='word_1_135' title='bbox 2785 751 3020 807; x_wconf 85' lang='lat' dir='ltr'><strong><em>decimo:</em></strong></span> <span class='ocrx_word' id='word_1_136' title='bbox 3048 770 3221 809; x_wconf 87' lang='lat' dir='ltr'><strong><em>mense</em></strong></span> <span class='ocrx_word' id='word_1_137' title='bbox 3236 758 3518 815; x_wconf 82' lang='lat' dir='ltr'><strong><em>Artemisia</em></strong></span> 
     </span>
    </p>
   </div>
   <div class='ocr_carea' id='block_1_22' title="bbox 1924 832 3508 911">
    <p class='ocr_par' dir='ltr' id='par_1_22' title="bbox 1924 832 3508 911">
     <span class='ocr_line' id='line_1_22' title="bbox 1924 832 3508 911; baseline 0.006 -15"><span class='ocrx_word' id='word_1_138' title='bbox 1924 858 2015 896; x_wconf 79' lang='lat' dir='ltr'><strong><em>seu</em></strong></span> <span class='ocrx_word' id='word_1_139' title='bbox 2042 840 2205 906; x_wconf 72' lang='lat' dir='ltr'><strong><em>Maio,</em></strong></span> <span class='ocrx_word' id='word_1_140' title='bbox 2235 842 2318 895; x_wconf 89' lang='lat' dir='ltr'><strong><em>die</em></strong></span> <span class='ocrx_word' id='word_1_141' title='bbox 2337 843 2455 911; x_wconf 69' lang='lat' dir='ltr'><strong><em>ejus</em></strong></span> <span class='ocrx_word' id='word_1_142' title='bbox 2496 832 2635 896; x_wconf 82' lang='grc' dir='ltr'><strong><em>ηοηά</em></strong></span> <span class='ocrx_word' id='word_1_143' title='bbox 2671 851 2719 896; x_wconf 90' lang='lat' dir='ltr'><strong><em>et</em></strong></span> <span class='ocrx_word' id='word_1_144' title='bbox 2746 845 3154 899; x_wconf 38' lang='lat' dir='ltr'><strong><em>vicesimaeCttr</em></strong></span> <span class='ocrx_word' id='word_1_145' title='bbox 3184 848 3229 899; x_wconf 88' lang='lat' dir='ltr'><strong><em>si</em></strong></span> <span class='ocrx_word' id='word_1_146' title='bbox 3274 867 3508 905; x_wconf 82' lang='lat' dir='ltr'><strong><em>mensem</em></strong></span> 
     </span>
    </p>
   </div>
   <div class='ocr_carea' id='block_1_23' title="bbox 1932 931 3504 1005">
    <p class='ocr_par' dir='ltr' id='par_1_23' title="bbox 1932 931 3504 1005">
     <span class='ocr_line' id='line_1_23' title="bbox 1932 931 3504 1005; baseline 0.008 -21"><span class='ocrx_word' id='word_1_147' title='bbox 1932 931 2186 984; x_wconf 69' lang='lat' dir='ltr'><strong><em>decimum</em></strong></span> <span class='ocrx_word' id='word_1_148' title='bbox 2208 932 2335 991; x_wconf 87' lang='lat' dir='ltr'><strong><em>anni</em></strong></span> <span class='ocrx_word' id='word_1_149' title='bbox 2358 932 2567 1002; x_wconf 80' lang='lat' dir='ltr'><strong><em>septimi</em></strong></span> <span class='ocrx_word' id='word_1_150' title='bbox 2592 932 2711 986; x_wconf 96' lang='lat' dir='ltr'><strong><em>vult</em></strong></span> <span class='ocrx_word' id='word_1_151' title='bbox 2743 934 2997 1004; x_wconf 82' lang='lat' dir='ltr'><strong><em>intelligi,</em></strong></span> <span class='ocrx_word' id='word_1_152' title='bbox 3035 938 3504 1005; x_wconf 70' lang='lat' dir='ltr'><strong><em>quemadmodum</em></strong></span> 
     </span>
    </p>
   </div>
   <div class='ocr_carea' id='block_1_24' title="bbox 1926 1024 3512 1094">
    <p class='ocr_par' dir='ltr' id='par_1_24' title="bbox 1926 1024 3512 1094">
     <span class='ocr_line' id='line_1_24' title="bbox 1926 1024 3512 1094; baseline 0.008 -19"><span class='ocrx_word' id='word_1_153' title='bbox 1926 1024 2063 1077; x_wconf 87' lang='lat' dir='ltr'><strong><em>diem</em></strong></span> <span class='ocrx_word' id='word_1_154' title='bbox 2095 1025 2397 1087; x_wconf 83' lang='lat' dir='ltr'><strong><em>vicesimum</em></strong></span> <span class='ocrx_word' id='word_1_155' title='bbox 2444 1042 2643 1078; x_wconf 83' lang='lat' dir='ltr'><strong><em>nonum</em></strong></span> <span class='ocrx_word' id='word_1_156' title='bbox 2695 1025 2952 1094; x_wconf 78' lang='lat' dir='ltr'><strong><em>intelligit</em></strong></span> <span class='ocrx_word' id='word_1_157' title='bbox 3006 1030 3197 1081; x_wconf 80' lang='lat' dir='ltr'><strong><em>mensis</em></strong></span> <span class='ocrx_word' id='word_1_158' title='bbox 3239 1031 3512 1088; x_wconf 76' lang='lat' dir='ltr'><strong><em>Artemisii</em></strong></span> 
     </span>
    </p>
   </div>
   <div class='ocr_carea' id='block_1_25' title="bbox 1925 1097 3517 1192">
    <p class='ocr_par' dir='ltr' id='par_1_25' title="bbox 1925 1097 3517 1192">
     <span class='ocr_line' id='line_1_25' title="bbox 1925 1097 3517 1192; baseline 0.006 -24"><span class='ocrx_word' id='word_1_159' title='bbox 1925 1132 2017 1169; x_wconf 85' lang='lat' dir='ltr'><strong><em>seu</em></strong></span> <span class='ocrx_word' id='word_1_160' title='bbox 2045 1113 2205 1176; x_wconf 77' lang='lat' dir='ltr'><strong><em>Maii;</em></strong></span> <span class='ocrx_word' id='word_1_161' title='bbox 2233 1130 2349 1173; x_wconf 84' lang='lat' dir='ltr'><strong><em>cur,</em></strong></span> <span class='ocrx_word' id='word_1_162' title='bbox 2380 1097 2623 1184; x_wconf 82' lang='lat' dir='ltr'><strong><em>inquam,</em></strong></span> <span class='ocrx_word' id='word_1_163' title='bbox 2651 1114 2949 1185; x_wconf 84' lang='lat' dir='ltr'><strong><em>utrobique</em></strong></span> <span class='ocrx_word' id='word_1_164' title='bbox 2968 1134 3077 1171; x_wconf 90' lang='lat' dir='ltr'><strong><em>non</em></strong></span> <span class='ocrx_word' id='word_1_165' title='bbox 3100 1120 3349 1188; x_wconf 87' lang='lat' dir='ltr'><strong><em>loquitur</em></strong></span> <span class='ocrx_word' id='word_1_166' title='bbox 3374 1122 3517 1192; x_wconf 84' lang='lat' dir='ltr'><strong><em>pari-</em></strong></span> 
     </span>
    </p>
   </div>
   <div class='ocr_carea' id='block_1_26' title="bbox 1927 1204 3513 1267">
    <p class='ocr_par' dir='ltr' id='par_1_26' title="bbox 1927 1204 3513 1267">
     <span class='ocr_line' id='line_1_26' title="bbox 1927 1204 3513 1267; baseline 0.006 -8"><span class='ocrx_word' id='word_1_167' title='bbox 1927 1204 2214 1259; x_wconf 80' lang='lat' dir='ltr'><strong><em>formiter?</em></strong></span> <span class='ocrx_word' id='word_1_168' title='bbox 2258 1204 2516 1260; x_wconf 86' lang='lat' dir='ltr'><strong><em>Secundo</em></strong></span> <span class='ocrx_word' id='word_1_169' title='bbox 2564 1207 2687 1261; x_wconf 88' lang='lat' dir='ltr'><strong><em>loco</em></strong></span> <span class='ocrx_word' id='word_1_170' title='bbox 2716 1208 2859 1261; x_wconf 90' lang='lat' dir='ltr'><strong><em>diem</em></strong></span> <span class='ocrx_word' id='word_1_171' title='bbox 2896 1210 3103 1263; x_wconf 81' lang='lat' dir='ltr'><strong><em>mensis</em></strong></span> <span class='ocrx_word' id='word_1_172' title='bbox 3152 1209 3358 1265; x_wconf 76' lang='lat' dir='ltr'><strong><em>indicat</em></strong></span> <span class='ocrx_word' id='word_1_173' title='bbox 3413 1229 3513 1267; x_wconf 75' lang='lat' dir='ltr'><strong><em>ex-</em></strong></span> 
     </span>
    </p>
   </div>
   <div class='ocr_carea' id='block_1_27' title="bbox 1920 1296 3510 1371">
    <p class='ocr_par' dir='ltr' id='par_1_27' title="bbox 1920 1296 3510 1371">
     <span class='ocr_line' id='line_1_27' title="bbox 1920 1296 3510 1371; baseline 0.007 -24"><span class='ocrx_word' id='word_1_174' title='bbox 1920 1296 2113 1364; x_wconf 84' lang='lat' dir='ltr'><strong><em>presse</em></strong></span> <span class='ocrx_word' id='word_1_175' title='bbox 2140 1312 2237 1365; x_wconf 88' lang='lat' dir='ltr'><strong><em>per</em></strong></span> <span class='ocrx_word' id='word_1_176' title='bbox 2270 1296 2563 1353; x_wconf 75' lang='lat' dir='ltr'><strong><em>relativum</em></strong></span> <span class='ocrx_word' id='word_1_177' title='bbox 2590 1298 2779 1357; x_wconf 72' lang='grc' dir='ltr'><strong><em>αὑτοῦ,</em></strong></span> <span class='ocrx_word' id='word_1_178' title='bbox 2824 1299 2959 1366; x_wconf 85' lang='lat' dir='ltr'><strong><em>ejus.</em></strong></span> <span class='ocrx_word' id='word_1_179' title='bbox 3002 1315 3113 1353; x_wconf 88' lang='lat' dir='ltr'><strong><em>non</em></strong></span> <span class='ocrx_word' id='word_1_180' title='bbox 3159 1302 3289 1355; x_wconf 83' lang='lat' dir='ltr'><strong><em>item</em></strong></span> <span class='ocrx_word' id='word_1_181' title='bbox 3329 1304 3510 1371; x_wconf 88' lang='lat' dir='ltr'><strong><em>primo</em></strong></span> 
     </span>
    </p>
   </div>
   <div class='ocr_carea' id='block_1_28' title="bbox 1929 1388 3514 1453">
    <p class='ocr_par' dir='ltr' id='par_1_28' title="bbox 1929 1388 3514 1453">
     <span class='ocr_line' id='line_1_28' title="bbox 1929 1388 3514 1453; baseline 0.005 -13"><span class='ocrx_word' id='word_1_182' title='bbox 1929 1402 2172 1441; x_wconf 87' lang='lat' dir='ltr'><strong><em>mensem</em></strong></span> <span class='ocrx_word' id='word_1_183' title='bbox 2203 1388 2332 1442; x_wconf 88' lang='lat' dir='ltr'><strong><em>anni</em></strong></span> <span class='ocrx_word' id='word_1_184' title='bbox 2362 1406 2376 1453; x_wconf 89' lang='lat'><strong>;</strong></span> <span class='ocrx_word' id='word_1_185' title='bbox 2409 1389 2557 1441; x_wconf 86' lang='lat' dir='ltr'><strong><em>nulla</em></strong></span> <span class='ocrx_word' id='word_1_186' title='bbox 2590 1389 2681 1442; x_wconf 78' lang='lat' dir='ltr'><strong><em>hic</em></strong></span> <span class='ocrx_word' id='word_1_187' title='bbox 2710 1390 2919 1444; x_wconf 79' lang='lat' dir='ltr'><strong><em>mentio</em></strong></span> <span class='ocrx_word' id='word_1_188' title='bbox 2974 1392 3280 1446; x_wconf 81' lang='lat' dir='ltr'><strong><em>relationis.</em></strong></span> <span class='ocrx_word' id='word_1_189' title='bbox 3327 1393 3514 1449; x_wconf 68' lang='lat' dir='ltr'><strong><em>Voluit</em></strong></span> 
     </span>
    </p>
   </div>
   <div class='ocr_carea' id='block_1_29' title="bbox 1928 1478 3512 1549">
    <p class='ocr_par' dir='ltr' id='par_1_29' title="bbox 1928 1478 3512 1549">
     <span class='ocr_line' id='line_1_29' title="bbox 1928 1478 3512 1549; baseline 0.005 -18"><span class='ocrx_word' id='word_1_190' title='bbox 1928 1478 2097 1547; x_wconf 78' lang='lat' dir='ltr'><strong><em>igitur</em></strong></span> <span class='ocrx_word' id='word_1_191' title='bbox 2126 1478 2238 1531; x_wconf 86' lang='lat' dir='ltr'><strong><em>non</em></strong></span> <span class='ocrx_word' id='word_1_192' title='bbox 2262 1478 2389 1532; x_wconf 86' lang='lat' dir='ltr'><strong><em>anni</em></strong></span> <span class='ocrx_word' id='word_1_193' title='bbox 2418 1479 2665 1548; x_wconf 86' lang='lat' dir='ltr'><strong><em>septimi,</em></strong></span> <span class='ocrx_word' id='word_1_194' title='bbox 2698 1480 2793 1534; x_wconf 83' lang='lat' dir='ltr'><strong><em>sed</em></strong></span> <span class='ocrx_word' id='word_1_195' title='bbox 2840 1496 3003 1549; x_wconf 84' lang='lat' dir='ltr'><strong><em>supra</em></strong></span> <span class='ocrx_word' id='word_1_196' title='bbox 3038 1481 3212 1541; x_wconf 79' lang='lat' dir='ltr'><strong><em>illum.</em></strong></span> <span class='ocrx_word' id='word_1_197' title='bbox 3265 1500 3512 1539; x_wconf 80' lang='lat' dir='ltr'><strong><em>mensem</em></strong></span> 
     </span>
    </p>
   </div>
   <div class='ocr_carea' id='block_1_30' title="bbox 1928 1567 3518 1640">
    <p class='ocr_par' dir='ltr' id='par_1_30' title="bbox 1928 1567 3518 1640">
     <span class='ocr_line' id='line_1_30' title="bbox 1928 1567 3518 1640; baseline 0.004 -17"><span class='ocrx_word' id='word_1_198' title='bbox 1928 1567 2207 1623; x_wconf 79' lang='lat' dir='ltr'><strong><em>decimum</em></strong></span> <span class='ocrx_word' id='word_1_199' title='bbox 2233 1568 2574 1639; x_wconf 74' lang='lat' dir='ltr'><strong><em>signiﬁcare;</em></strong></span> <span class='ocrx_word' id='word_1_200' title='bbox 2607 1570 2760 1637; x_wconf 86' lang='lat' dir='ltr'><strong><em>quod</em></strong></span> <span class='ocrx_word' id='word_1_201' title='bbox 2797 1577 2855 1623; x_wconf 89' lang='lat' dir='ltr'><strong><em>ut</em></strong></span> <span class='ocrx_word' id='word_1_202' title='bbox 2915 1572 3184 1640; x_wconf 81' lang='lat' dir='ltr'><strong><em>liquidius</em></strong></span> <span class='ocrx_word' id='word_1_203' title='bbox 3233 1573 3376 1629; x_wconf 79' lang='lat' dir='ltr'><strong><em>foret</em></strong></span> <span class='ocrx_word' id='word_1_204' title='bbox 3413 1591 3518 1629; x_wconf 79' lang='lat' dir='ltr'><strong><em>nec</em></strong></span> 
     </span>
    </p>
   </div>
   <div class='ocr_carea' id='block_1_31' title="bbox 1932 1661 3519 1735">
    <p class='ocr_par' dir='ltr' id='par_1_31' title="bbox 1932 1661 3519 1735">
     <span class='ocr_line' id='line_1_31' title="bbox 1932 1661 3519 1735; baseline 0.005 -22"><span class='ocrx_word' id='word_1_205' title='bbox 1932 1661 1985 1714; x_wconf 91' lang='lat' dir='ltr'><strong><em>in</em></strong></span> <span class='ocrx_word' id='word_1_206' title='bbox 2013 1676 2262 1715; x_wconf 88' lang='lat' dir='ltr'><strong><em>errorem</em></strong></span> <span class='ocrx_word' id='word_1_207' title='bbox 2283 1662 2603 1731; x_wconf 77' lang='lat' dir='ltr'><strong><em>quempiam</em></strong></span> <span class='ocrx_word' id='word_1_208' title='bbox 2665 1662 2931 1732; x_wconf 73' lang='lat' dir='ltr'><strong><em>deinceps</em></strong></span> <span class='ocrx_word' id='word_1_209' title='bbox 2984 1664 3301 1727; x_wconf 87' lang='lat' dir='ltr'><strong><em>induceret,</em></strong></span> <span class='ocrx_word' id='word_1_210' title='bbox 3345 1669 3519 1735; x_wconf 77' lang='lat' dir='ltr'><strong><em>parti-</em></strong></span> 
     </span>
    </p>
   </div>
   <div class='ocr_carea' id='block_1_32' title="bbox 1930 1750 3513 1822">
    <p class='ocr_par' dir='ltr' id='par_1_32' title="bbox 1930 1750 3513 1822">
     <span class='ocr_line' id='line_1_32' title="bbox 1930 1750 3513 1822; baseline 0.004 -19"><span class='ocrx_word' id='word_1_211' title='bbox 1930 1751 2110 1804; x_wconf 86' lang='lat' dir='ltr'><strong><em>culam</em></strong></span> <span class='ocrx_word' id='word_1_212' title='bbox 2160 1750 2278 1816; x_wconf 79' lang='grc' dir='ltr'><strong><em>καί,</em></strong></span> <span class='ocrx_word' id='word_1_213' title='bbox 2323 1759 2391 1813; x_wconf 84' lang='lat' dir='ltr'><strong><em>et,</em></strong></span> <span class='ocrx_word' id='word_1_214' title='bbox 2445 1766 2763 1822; x_wconf 81' lang='lat' dir='ltr'><strong><em>quanquam</em></strong></span> <span class='ocrx_word' id='word_1_215' title='bbox 2813 1753 2904 1807; x_wconf 84' lang='lat' dir='ltr'><strong><em>vix</em></strong></span> <span class='ocrx_word' id='word_1_216' title='bbox 2952 1756 3343 1819; x_wconf 85' lang='lat' dir='ltr'><strong><em>necessariam,</em></strong></span> <span class='ocrx_word' id='word_1_217' title='bbox 3376 1773 3513 1811; x_wconf 83' lang='lat' dir='ltr'><strong><em>con-</em></strong></span> 
     </span>
    </p>
   </div>
   <div class='ocr_carea' id='block_1_33' title="bbox 1931 1840 3511 1912">
    <p class='ocr_par' dir='ltr' id='par_1_33' title="bbox 1931 1840 3511 1912">
     <span class='ocr_line' id='line_1_33' title="bbox 1931 1840 3511 1912; baseline 0.005 -20"><span class='ocrx_word' id='word_1_218' title='bbox 1931 1848 2109 1893; x_wconf 88' lang='lat' dir='ltr'><strong><em>stante</em></strong></span> <span class='ocrx_word' id='word_1_219' title='bbox 2134 1841 2299 1894; x_wconf 90' lang='lat' dir='ltr'><strong><em>etiam</em></strong></span> <span class='ocrx_word' id='word_1_220' title='bbox 2334 1840 2453 1894; x_wconf 88' lang='lat' dir='ltr'><strong><em>sine</em></strong></span> <span class='ocrx_word' id='word_1_221' title='bbox 2474 1842 2565 1895; x_wconf 88' lang='lat' dir='ltr'><strong><em>illa</em></strong></span> <span class='ocrx_word' id='word_1_222' title='bbox 2586 1856 2749 1896; x_wconf 88' lang='lat' dir='ltr'><strong><em>sensu</em></strong></span> <span class='ocrx_word' id='word_1_223' title='bbox 2792 1858 2958 1912; x_wconf 84' lang='lat' dir='ltr'><strong><em>quem</em></strong></span> <span class='ocrx_word' id='word_1_224' title='bbox 2995 1843 3385 1909; x_wconf 74' lang='lat' dir='ltr'><strong><em>indicavimus,</em></strong></span> <span class='ocrx_word' id='word_1_225' title='bbox 3411 1846 3511 1899; x_wconf 81' lang='lat' dir='ltr'><strong><em>ad-</em></strong></span> 
     </span>
    </p>
   </div>
   <div class='ocr_carea' id='block_1_34' title="bbox 227 1923 2443 2009">
    <p class='ocr_par' dir='ltr' id='par_1_34' title="bbox 227 1923 2443 2009">
     <span class='ocr_line' id='line_1_34' title="bbox 227 1923 2443 2009; baseline 0.011 -36"><span class='ocrx_word' id='word_1_226' title='bbox 227 1923 577 1995; x_wconf 86' lang='lat' dir='ltr'><strong><em>interceptus.</em></strong></span> <span class='ocrx_word' id='word_1_227' title='bbox 602 1929 763 1982; x_wconf 83' lang='lat' dir='ltr'><strong><em>vitam</em></strong></span> <span class='ocrx_word' id='word_1_228' title='bbox 802 1930 1017 1995; x_wconf 78' lang='lat' dir='ltr'><strong><em>ﬁnivit:</em></strong></span> <span class='ocrx_word' id='word_1_229' title='bbox 1052 1951 1115 1988; x_wconf 90' lang='lat' dir='ltr'><strong><em>ac</em></strong></span> <span class='ocrx_word' id='word_1_230' title='bbox 1179 1945 1347 1991; x_wconf 85' lang='lat' dir='ltr'><strong><em>morte</em></strong></span> <span class='ocrx_word' id='word_1_231' title='bbox 1406 1956 1505 1993; x_wconf 84' lang='lat' dir='ltr'><strong><em>sua</em></strong></span> <span class='ocrx_word' id='word_1_232' title='bbox 1558 1939 1822 2009; x_wconf 80' lang='lat' dir='ltr'><strong><em>publicam</em></strong></span> <span class='ocrx_word' id='word_1_233' title='bbox 1860 1924 1899 1979; x_wconf 76' lang='grc' dir='ltr'><strong><em>Β</em></strong></span> <span class='ocrx_word' id='word_1_234' title='bbox 1924 1931 2096 2000; x_wconf 66' lang='lat' dir='ltr'><strong><em>licere</em></strong></span> <span class='ocrx_word' id='word_1_235' title='bbox 2128 1931 2305 1984; x_wconf 67' lang='lat' dir='ltr'><strong><em>Visum</em></strong></span> <span class='ocrx_word' id='word_1_236' title='bbox 2338 1941 2443 1987; x_wconf 71' lang='grc' dir='ltr'><strong><em>εει·</em></strong></span> 
     </span>
    </p>
   </div>
   <div class='ocr_carea' id='block_1_35' title="bbox 224 2012 1822 2099">
    <p class='ocr_par' dir='ltr' id='par_1_35' title="bbox 224 2012 1822 2099">
     <span class='ocr_line' id='line_1_35' title="bbox 224 2012 1822 2099; baseline 0.012 -36"><span class='ocrx_word' id='word_1_237' title='bbox 224 2012 599 2069; x_wconf 84' lang='lat' dir='ltr'><strong><em>calamitatem</em></strong></span> <span class='ocrx_word' id='word_1_238' title='bbox 631 2022 803 2085; x_wconf 78' lang='lat' dir='ltr'><strong><em>auxit,</em></strong></span> <span class='ocrx_word' id='word_1_239' title='bbox 842 2024 1051 2078; x_wconf 87' lang='lat' dir='ltr'><strong><em>nemine</em></strong></span> <span class='ocrx_word' id='word_1_240' title='bbox 1068 2027 1209 2096; x_wconf 87' lang='lat' dir='ltr'><strong><em>jam,</em></strong></span> <span class='ocrx_word' id='word_1_241' title='bbox 1236 2026 1329 2099; x_wconf 90' lang='lat' dir='ltr'><strong><em>qui</em></strong></span> <span class='ocrx_word' id='word_1_242' title='bbox 1368 2033 1652 2099; x_wconf 71' lang='lat' dir='ltr'><strong><em>profutura</em></strong></span> <span class='ocrx_word' id='word_1_243' title='bbox 1696 2046 1822 2099; x_wconf 86' lang='lat' dir='ltr'><strong><em>sug-</em></strong></span> 
     </span>
    </p>
   </div>
   <div class='ocr_carea' id='block_1_36' title="bbox 224 2112 1824 2187">
    <p class='ocr_par' dir='ltr' id='par_1_36' title="bbox 224 2112 1824 2187">
     <span class='ocr_line' id='line_1_36' title="bbox 224 2112 1824 2187; baseline 0.011 -32"><span class='ocrx_word' id='word_1_244' title='bbox 224 2115 460 2173; x_wconf 79' lang='lat' dir='ltr'><strong><em>gereret,</em></strong></span> <span class='ocrx_word' id='word_1_245' title='bbox 482 2119 793 2175; x_wconf 81' lang='lat' dir='ltr'><strong><em>superante.</em></strong></span> <span class='ocrx_word' id='word_1_246' title='bbox 826 2112 994 2168; x_wconf 81' lang='lat' dir='ltr'><strong><em>Addit</em></strong></span> <span class='ocrx_word' id='word_1_247' title='bbox 1026 2115 1397 2187; x_wconf 85' lang='lat' dir='ltr'><strong><em>Theophanes</em></strong></span> <span class='ocrx_word' id='word_1_248' title='bbox 1425 2138 1439 2173; x_wconf 89' lang='lat'>:</span> <span class='ocrx_word' id='word_1_249' title='bbox 1480 2120 1670 2174; x_wconf 83' lang='lat' dir='ltr'><strong><em>Omnes</em></strong></span> <span class='ocrx_word' id='word_1_250' title='bbox 1690 2136 1824 2187; x_wconf 85' lang='lat' dir='ltr'><strong><em>quo-</em></strong></span> 
     </span>
    </p>
   </div>
   <div class='ocr_carea' id='block_1_37' title="bbox 223 2197 1823 2269">
    <p class='ocr_par' dir='ltr' id='par_1_37' title="bbox 223 2197 1823 2269">
     <span class='ocr_line' id='line_1_37' title="bbox 223 2197 1823 2269; baseline 0.013 -27"><span class='ocrx_word' id='word_1_251' title='bbox 223 2208 332 2261; x_wconf 86' lang='lat' dir='ltr'><strong><em>que</em></strong></span> <span class='ocrx_word' id='word_1_252' title='bbox 362 2197 497 2249; x_wconf 82' lang='lat' dir='ltr'><strong><em>cedes</em></strong></span> <span class='ocrx_word' id='word_1_253' title='bbox 528 2206 577 2251; x_wconf 88' lang='lat' dir='ltr'><strong><em>et</em></strong></span> <span class='ocrx_word' id='word_1_254' title='bbox 592 2199 821 2255; x_wconf 80' lang='lat' dir='ltr'><strong><em>ecclesia:</em></strong></span> <span class='ocrx_word' id='word_1_255' title='bbox 839 2206 1203 2269; x_wconf 88' lang='lat' dir='ltr'><strong><em>conciderunt,</em></strong></span> <span class='ocrx_word' id='word_1_256' title='bbox 1230 2218 1279 2267; x_wconf 86' lang='lat' dir='ltr'><strong><em>et</em></strong></span> <span class='ocrx_word' id='word_1_257' title='bbox 1315 2210 1454 2265; x_wconf 86' lang='lat' dir='ltr'><strong><em>urbis</em></strong></span> <span class='ocrx_word' id='word_1_258' title='bbox 1471 2211 1627 2265; x_wconf 82' lang='lat' dir='ltr'><strong><em>decor</em></strong></span> <span class='ocrx_word' id='word_1_259' title='bbox 1652 2212 1823 2264; x_wconf 87' lang='lat' dir='ltr'><strong><em>omnis</em></strong></span> 
     </span>
    </p>
   </div>
   <div class='ocr_carea' id='block_1_38' title="bbox 225 2281 1822 2357">
    <p class='ocr_par' dir='ltr' id='par_1_38' title="bbox 225 2281 1822 2357">
     <span class='ocr_line' id='line_1_38' title="bbox 225 2281 1822 2357; baseline 0.009 -23"><span class='ocrx_word' id='word_1_260' title='bbox 225 2281 435 2338; x_wconf 86' lang='lat' dir='ltr'><strong><em>deletus</em></strong></span> <span class='ocrx_word' id='word_1_261' title='bbox 458 2294 534 2339; x_wconf 87' lang='lat' dir='ltr'><strong><em>est</em></strong></span> <span class='ocrx_word' id='word_1_262' title='bbox 569 2305 587 2340; x_wconf 88' lang='lat'><strong><em>:</em></strong></span> <span class='ocrx_word' id='word_1_263' title='bbox 624 2289 716 2342; x_wconf 88' lang='lat' dir='ltr'><strong><em>sed</em></strong></span> <span class='ocrx_word' id='word_1_264' title='bbox 768 2306 937 2357; x_wconf 90' lang='lat' dir='ltr'><strong><em>neque</em></strong></span> <span class='ocrx_word' id='word_1_265' title='bbox 966 2292 1089 2348; x_wconf 90' lang='lat' dir='ltr'><strong><em>talis</em></strong></span> <span class='ocrx_word' id='word_1_266' title='bbox 1120 2295 1401 2351; x_wconf 86' lang='lat' dir='ltr'><strong><em>calamitas</em></strong></span> <span class='ocrx_word' id='word_1_267' title='bbox 1457 2297 1577 2351; x_wconf 87' lang='lat' dir='ltr'><strong><em>aliis</em></strong></span> <span class='ocrx_word' id='word_1_268' title='bbox 1615 2295 1822 2357; x_wconf 61' lang='lat' dir='ltr'><strong><em>sacculis</em></strong></span> 
     </span>
    </p>
   </div>
   <div class='ocr_carea' id='block_1_39' title="bbox 224 2376 1820 2460">
    <p class='ocr_par' dir='ltr' id='par_1_39' title="bbox 224 2376 1820 2460">
     <span class='ocr_line' id='line_1_39' title="bbox 224 2376 1820 2460; baseline 0.011 -36"><span class='ocrx_word' id='word_1_269' title='bbox 224 2376 418 2447; x_wconf 85' lang='lat' dir='ltr'><strong><em>quavis</em></strong></span> <span class='ocrx_word' id='word_1_270' title='bbox 461 2378 517 2430; x_wconf 90' lang='lat' dir='ltr'><strong><em>in</em></strong></span> <span class='ocrx_word' id='word_1_271' title='bbox 580 2380 706 2433; x_wconf 88' lang='lat' dir='ltr'><strong><em>urbe</em></strong></span> <span class='ocrx_word' id='word_1_272' title='bbox 762 2385 1004 2455; x_wconf 85' lang='lat' dir='ltr'><strong><em>contigit.</em></strong></span> <span class='ocrx_word' id='word_1_273' title='bbox 1032 2385 1398 2442; x_wconf 86' lang='lat' dir='ltr'><strong><em>Pientissimus</em></strong></span> <span class='ocrx_word' id='word_1_274' title='bbox 1423 2400 1601 2444; x_wconf 86' lang='lat' dir='ltr'><strong><em>autem</em></strong></span> <span class='ocrx_word' id='word_1_275' title='bbox 1657 2391 1820 2460; x_wconf 85' lang='lat' dir='ltr'><strong><em>impe-</em></strong></span> 
     </span>
    </p>
   </div>
   <div class='ocr_carea' id='block_1_40' title="bbox 226 2466 1823 2550">
    <p class='ocr_par' dir='ltr' id='par_1_40' title="bbox 226 2466 1823 2550">
     <span class='ocr_line' id='line_1_40' title="bbox 226 2466 1823 2550; baseline 0.009 -32"><span class='ocrx_word' id='word_1_276' title='bbox 226 2474 384 2518; x_wconf 81' lang='lat' dir='ltr'><strong><em>rator</em></strong></span> <span class='ocrx_word' id='word_1_277' title='bbox 415 2466 678 2535; x_wconf 83' lang='lat' dir='ltr'><strong><em>Justinus,</em></strong></span> <span class='ocrx_word' id='word_1_278' title='bbox 707 2489 765 2525; x_wconf 89' lang='lat' dir='ltr'><strong><em>re</em></strong></span> <span class='ocrx_word' id='word_1_279' title='bbox 786 2477 1021 2544; x_wconf 82' lang='lat' dir='ltr'><strong><em>cognita.</em></strong></span> <span class='ocrx_word' id='word_1_280' title='bbox 1047 2478 1252 2548; x_wconf 86' lang='lat' dir='ltr'><strong><em>ingenti</em></strong></span> <span class='ocrx_word' id='word_1_281' title='bbox 1284 2479 1467 2532; x_wconf 89' lang='lat' dir='ltr'><strong><em>dolore</em></strong></span> <span class='ocrx_word' id='word_1_282' title='bbox 1490 2480 1660 2535; x_wconf 83' lang='lat' dir='ltr'><strong><em>animi</em></strong></span> <span class='ocrx_word' id='word_1_283' title='bbox 1698 2497 1823 2550; x_wconf 66' lang='lat' dir='ltr'><strong><em>pero</em></strong></span> 
     </span>
    </p>
   </div>
   <div class='ocr_carea' id='block_1_41' title="bbox 224 2560 1826 2640">
    <p class='ocr_par' dir='ltr' id='par_1_41' title="bbox 224 2560 1826 2640">
     <span class='ocr_line' id='line_1_41' title="bbox 224 2560 1826 2640; baseline 0.011 -33"><span class='ocrx_word' id='word_1_284' title='bbox 224 2571 436 2621; x_wconf 77' lang='lat' dir='ltr'><strong><em>cassus,</em></strong></span> <span class='ocrx_word' id='word_1_285' title='bbox 460 2560 669 2614; x_wconf 88' lang='lat' dir='ltr'><strong><em>sublato</em></strong></span> <span class='ocrx_word' id='word_1_286' title='bbox 696 2564 885 2633; x_wconf 82' lang='lat' dir='ltr'><strong><em>capitis</em></strong></span> <span class='ocrx_word' id='word_1_287' title='bbox 907 2566 989 2619; x_wconf 88' lang='lat' dir='ltr'><strong><em>sui</em></strong></span> <span class='ocrx_word' id='word_1_288' title='bbox 1032 2576 1227 2619; x_wconf 89' lang='lat' dir='ltr'><strong><em>ornatu</em></strong></span> <span class='ocrx_word' id='word_1_289' title='bbox 1270 2584 1613 2639; x_wconf 83' lang='lat' dir='ltr'><strong><em>purpuraque</em></strong></span> <span class='ocrx_word' id='word_1_290' title='bbox 1665 2570 1826 2640; x_wconf 80' lang='lat' dir='ltr'><strong><em>depo-</em></strong></span> 
     </span>
    </p>
   </div>
   <div class='ocr_carea' id='block_1_42' title="bbox 223 2646 1824 2731">
    <p class='ocr_par' dir='ltr' id='par_1_42' title="bbox 223 2646 1824 2731">
     <span class='ocr_line' id='line_1_42' title="bbox 223 2646 1824 2731; baseline 0.009 -32"><span class='ocrx_word' id='word_1_291' title='bbox 223 2646 356 2711; x_wconf 88' lang='lat' dir='ltr'><strong><em>sita,</em></strong></span> <span class='ocrx_word' id='word_1_292' title='bbox 391 2648 571 2719; x_wconf 77' lang='lat' dir='ltr'><strong><em>plures</em></strong></span> <span class='ocrx_word' id='word_1_293' title='bbox 609 2651 718 2705; x_wconf 85' lang='lat' dir='ltr'><strong><em>dies</em></strong></span> <span class='ocrx_word' id='word_1_294' title='bbox 748 2669 961 2709; x_wconf 86' lang='lat' dir='ltr'><strong><em>saccum</em></strong></span> <span class='ocrx_word' id='word_1_295' title='bbox 1003 2657 1218 2712; x_wconf 85' lang='lat' dir='ltr'><strong><em>indutus</em></strong></span> <span class='ocrx_word' id='word_1_296' title='bbox 1252 2658 1385 2729; x_wconf 75' lang='lat' dir='ltr'><strong><em>luxit</em></strong></span> <span class='ocrx_word' id='word_1_297' title='bbox 1413 2676 1431 2723; x_wconf 88' lang='lat'><strong><em>;</em></strong></span> <span class='ocrx_word' id='word_1_298' title='bbox 1466 2660 1596 2713; x_wconf 85' lang='lat' dir='ltr'><strong><em>adeo</em></strong></span> <span class='ocrx_word' id='word_1_299' title='bbox 1645 2669 1704 2713; x_wconf 91' lang='lat' dir='ltr'><strong><em>ut</em></strong></span> <span class='ocrx_word' id='word_1_300' title='bbox 1743 2662 1824 2731; x_wconf 80' lang='lat' dir='ltr'><strong><em>fe-</em></strong></span> 
     </span>
    </p>
   </div>
   <div class='ocr_carea' id='block_1_43' title="bbox 231 2739 1824 2817">
    <p class='ocr_par' dir='ltr' id='par_1_43' title="bbox 231 2739 1824 2817">
     <span class='ocr_line' id='line_1_43' title="bbox 231 2739 1824 2817; baseline 0.006 -24"><span class='ocrx_word' id='word_1_301' title='bbox 231 2746 323 2793; x_wconf 71' lang='lat' dir='ltr'><strong><em>ua</em></strong></span> <span class='ocrx_word' id='word_1_302' title='bbox 373 2755 581 2808; x_wconf 86' lang='lat' dir='ltr'><strong><em>quoque</em></strong></span> <span class='ocrx_word' id='word_1_303' title='bbox 622 2739 734 2795; x_wconf 84' lang='lat' dir='ltr'><strong><em>luce</em></strong></span> <span class='ocrx_word' id='word_1_304' title='bbox 766 2744 1050 2812; x_wconf 80' lang='lat' dir='ltr'><strong><em>procedens</em></strong></span> <span class='ocrx_word' id='word_1_305' title='bbox 1081 2746 1134 2798; x_wconf 88' lang='lat' dir='ltr'><strong><em>in</em></strong></span> <span class='ocrx_word' id='word_1_306' title='bbox 1164 2747 1438 2817; x_wconf 82' lang='lat' dir='ltr'><strong><em>templum,</em></strong></span> <span class='ocrx_word' id='word_1_307' title='bbox 1459 2759 1824 2803; x_wconf 81' lang='lat' dir='ltr'><strong><em>coronantaut</em></strong></span> 
     </span>
    </p>
   </div>
   <div class='ocr_carea' id='block_1_44' title="bbox 222 2832 1821 2912">
    <p class='ocr_par' dir='ltr' id='par_1_44' title="bbox 222 2832 1821 2912">
     <span class='ocr_line' id='line_1_44' title="bbox 222 2832 1821 2912; baseline 0.009 -28"><span class='ocrx_word' id='word_1_308' title='bbox 222 2832 569 2904; x_wconf 35' lang='lat' dir='ltr'><strong><em>.dtlamydem</em></strong></span> <span class='ocrx_word' id='word_1_309' title='bbox 593 2846 801 2905; x_wconf 85' lang='lat' dir='ltr'><strong><em>gestare</em></strong></span> <span class='ocrx_word' id='word_1_310' title='bbox 827 2841 1063 2898; x_wconf 84' lang='lat' dir='ltr'><strong><em>renuerit</em></strong></span> <span class='ocrx_word' id='word_1_311' title='bbox 1088 2860 1104 2894; x_wconf 88' lang='lat'><strong><em>:</em></strong></span> <span class='ocrx_word' id='word_1_312' title='bbox 1134 2858 1316 2895; x_wconf 83' lang='lat' dir='ltr'><strong><em>verum</em></strong></span> <span class='ocrx_word' id='word_1_313' title='bbox 1352 2843 1429 2895; x_wconf 90' lang='lat' dir='ltr'><strong><em>sic</em></strong></span> <span class='ocrx_word' id='word_1_314' title='bbox 1460 2842 1687 2912; x_wconf 87' lang='lat' dir='ltr'><strong><em>simplici</em></strong></span> <span class='ocrx_word' id='word_1_315' title='bbox 1723 2844 1821 2897; x_wconf 74' lang='lat' dir='ltr'><strong><em>Iza-</em></strong></span> 
     </span>
    </p>
   </div>
   <div class='ocr_carea' id='block_1_45' title="bbox 224 2926 1821 3001">
    <p class='ocr_par' dir='ltr' id='par_1_45' title="bbox 224 2926 1821 3001">
     <span class='ocr_line' id='line_1_45' title="bbox 224 2926 1821 3001; baseline 0.004 -23"><span class='ocrx_word' id='word_1_316' title='bbox 224 2926 342 2981; x_wconf 79' lang='lat' dir='ltr'><strong><em>bitu</em></strong></span> <span class='ocrx_word' id='word_1_317' title='bbox 382 2942 499 2978; x_wconf 85' lang='lat' dir='ltr'><strong><em>cum</em></strong></span> <span class='ocrx_word' id='word_1_318' title='bbox 532 2926 646 2981; x_wconf 84' lang='lat' dir='ltr'><strong><em>solo</em></strong></span> <span class='ocrx_word' id='word_1_319' title='bbox 688 2929 918 2999; x_wconf 80' lang='lat' dir='ltr'><strong><em>mandya</em></strong></span> <span class='ocrx_word' id='word_1_320' title='bbox 950 2948 1215 3001; x_wconf 86' lang='lat' dir='ltr'><strong><em>purpureo</em></strong></span> <span class='ocrx_word' id='word_1_321' title='bbox 1247 2934 1589 3000; x_wconf 88' lang='lat' dir='ltr'><strong><em>processerit,</em></strong></span> <span class='ocrx_word' id='word_1_322' title='bbox 1624 2950 1686 2986; x_wconf 88' lang='lat' dir='ltr'><strong><em>ac</em></strong></span> <span class='ocrx_word' id='word_1_323' title='bbox 1731 2950 1821 2985; x_wconf 90' lang='lat' dir='ltr'><strong><em>co-</em></strong></span> 
     </span>
    </p>
   </div>
   <div class='ocr_carea' id='block_1_46' title="bbox 228 3021 1821 3095">
    <p class='ocr_par' dir='ltr' id='par_1_46' title="bbox 228 3021 1821 3095">
     <span class='ocr_line' id='line_1_46' title="bbox 228 3021 1821 3095; baseline 0.004 -24"><span class='ocrx_word' id='word_1_324' title='bbox 228 3034 353 3072; x_wconf 87' lang='lat' dir='ltr'><strong><em>ram</em></strong></span> <span class='ocrx_word' id='word_1_325' title='bbox 388 3025 495 3073; x_wconf 86' lang='lat' dir='ltr'><strong><em>toto</em></strong></span> <span class='ocrx_word' id='word_1_326' title='bbox 539 3031 730 3075; x_wconf 86' lang='lat' dir='ltr'><strong><em>senatu</em></strong></span> <span class='ocrx_word' id='word_1_327' title='bbox 762 3021 1102 3091; x_wconf 68' lang='lat' dir='ltr'><strong><em>ingemuerit,</em></strong></span> <span class='ocrx_word' id='word_1_328' title='bbox 1134 3025 1414 3093; x_wconf 78' lang='lat' dir='ltr'><strong><em>cwterique</em></strong></span> <span class='ocrx_word' id='word_1_329' title='bbox 1454 3040 1634 3082; x_wconf 74' lang='lat' dir='ltr'><strong><em>omnes</em></strong></span> <span class='ocrx_word' id='word_1_330' title='bbox 1666 3025 1821 3095; x_wconf 89' lang='lat' dir='ltr'><strong><em>lugu-</em></strong></span> 
     </span>
    </p>
   </div>
   <div class='ocr_carea' id='block_1_47' title="bbox 222 3107 1822 3185">
    <p class='ocr_par' dir='ltr' id='par_1_47' title="bbox 222 3107 1822 3185">
     <span class='ocr_line' id='line_1_47' title="bbox 222 3107 1822 3185; baseline 0.006 -24"><span class='ocrx_word' id='word_1_331' title='bbox 222 3107 377 3185; x_wconf 22' lang='lat' dir='ltr'><strong><em>bria’</em></strong></span> <span class='ocrx_word' id='word_1_332' title='bbox 410 3110 585 3164; x_wconf 81' lang='lat' dir='ltr'><strong><em>induti</em></strong></span> <span class='ocrx_word' id='word_1_333' title='bbox 638 3128 747 3165; x_wconf 87' lang='lat' dir='ltr'><strong><em>una</em></strong></span> <span class='ocrx_word' id='word_1_334' title='bbox 813 3128 930 3166; x_wconf 88' lang='lat' dir='ltr'><strong><em>cum</em></strong></span> <span class='ocrx_word' id='word_1_335' title='bbox 986 3114 1096 3182; x_wconf 89' lang='lat' dir='ltr'><strong><em>ipso</em></strong></span> <span class='ocrx_word' id='word_1_336' title='bbox 1152 3113 1424 3169; x_wconf 75' lang='lat' dir='ltr'><strong><em>luxerunt.</em></strong></span> <span class='ocrx_word' id='word_1_337' title='bbox 1458 3112 1584 3169; x_wconf 59' lang='lat' dir='ltr'><strong><em>Hac</em></strong></span> <span class='ocrx_word' id='word_1_338' title='bbox 1626 3113 1707 3166; x_wconf 84' lang='lat' dir='ltr'><strong><em>illi</em></strong></span> <span class='ocrx_word' id='word_1_339' title='bbox 1752 3113 1822 3170; x_wconf 88' lang='lat' dir='ltr'><strong><em>de</em></strong></span> 
     </span>
    </p>
   </div>
   <div class='ocr_carea' id='block_1_48' title="bbox 222 3198 1177 3268">
    <p class='ocr_par' dir='ltr' id='par_1_48' title="bbox 222 3198 1177 3268">
     <span class='ocr_line' id='line_1_48' title="bbox 222 3198 1177 3268; baseline 0.007 -16"><span class='ocrx_word' id='word_1_340' title='bbox 222 3198 405 3268; x_wconf 83' lang='lat' dir='ltr'><strong><em>priori</em></strong></span> <span class='ocrx_word' id='word_1_341' title='bbox 431 3198 777 3256; x_wconf 84' lang='lat' dir='ltr'><strong><em>Antiocheno</em></strong></span> <span class='ocrx_word' id='word_1_342' title='bbox 811 3210 975 3257; x_wconf 68' lang='lat' dir='ltr'><strong><em>terrae</em></strong></span> <span class='ocrx_word' id='word_1_343' title='bbox 1003 3213 1177 3259; x_wconf 90' lang='lat' dir='ltr'><strong><em>motu.</em></strong></span> 
     </span>
    </p>
   </div>
   <div class='ocr_carea' id='block_1_49' title="bbox 304 3290 1817 3368">
    <p class='ocr_par' dir='ltr' id='par_1_49' title="bbox 304 3290 1817 3368">
     <span class='ocr_line' id='line_1_49' title="bbox 304 3290 1817 3368; baseline 0.005 -23"><span class='ocrx_word' id='word_1_344' title='bbox 304 3291 391 3345; x_wconf 80' lang='lat' dir='ltr'><strong><em>l7.</em></strong></span> <span class='ocrx_word' id='word_1_345' title='bbox 427 3290 631 3347; x_wconf 81' lang='lat' dir='ltr'><strong><em>Verum</em></strong></span> <span class='ocrx_word' id='word_1_346' title='bbox 686 3295 1019 3365; x_wconf 84' lang='lat' dir='ltr'><strong><em>priusquam</em></strong></span> <span class='ocrx_word' id='word_1_347' title='bbox 1080 3296 1149 3351; x_wconf 87' lang='lat' dir='ltr'><strong><em>ad</em></strong></span> <span class='ocrx_word' id='word_1_348' title='bbox 1202 3296 1443 3352; x_wconf 89' lang='lat' dir='ltr'><strong><em>alterum</em></strong></span> <span class='ocrx_word' id='word_1_349' title='bbox 1494 3297 1817 3368; x_wconf 83' lang='lat' dir='ltr'><strong><em>progredia-</em></strong></span> 
     </span>
    </p>
   </div>
   <div class='ocr_carea' id='block_1_50' title="bbox 228 3385 1825 3461">
    <p class='ocr_par' dir='ltr' id='par_1_50' title="bbox 228 3385 1825 3461">
     <span class='ocr_line' id='line_1_50' title="bbox 228 3385 1825 3461; baseline 0.004 -22"><span class='ocrx_word' id='word_1_350' title='bbox 228 3399 378 3443; x_wconf 80' lang='lat' dir='ltr'><strong><em>mur.</em></strong></span> <span class='ocrx_word' id='word_1_351' title='bbox 408 3385 973 3444; x_wconf 85' lang='lat' dir='ltr'><strong><em>mouitumlcctorem</em></strong></span> <span class='ocrx_word' id='word_1_352' title='bbox 1023 3391 1214 3456; x_wconf 83' lang='lat' dir='ltr'><strong><em>velim,</em></strong></span> <span class='ocrx_word' id='word_1_353' title='bbox 1246 3405 1347 3445; x_wconf 86' lang='lat' dir='ltr'><strong><em>nos</em></strong></span> <span class='ocrx_word' id='word_1_354' title='bbox 1396 3390 1552 3444; x_wconf 89' lang='lat' dir='ltr'><strong><em>illum</em></strong></span> <span class='ocrx_word' id='word_1_355' title='bbox 1602 3390 1825 3461; x_wconf 79' lang='lat' dir='ltr'><strong><em>Evagrii</em></strong></span> 
     </span>
    </p>
   </div>
   <div class='ocr_carea' id='block_1_51' title="bbox 223 3477 1823 3553">
    <p class='ocr_par' dir='ltr' id='par_1_51' title="bbox 223 3477 1823 3553">
     <span class='ocr_line' id='line_1_51' title="bbox 223 3477 1823 3553; baseline 0.004 -24"><span class='ocrx_word' id='word_1_356' title='bbox 223 3477 435 3540; x_wconf 88' lang='lat' dir='ltr'><strong><em>locum,</em></strong></span> <span class='ocrx_word' id='word_1_357' title='bbox 462 3494 604 3530; x_wconf 86' lang='lat' dir='ltr'><strong><em>anno</em></strong></span> <span class='ocrx_word' id='word_1_358' title='bbox 631 3482 899 3547; x_wconf 69' lang='lat' dir='ltr'><strong><em>septima,</em></strong></span> <span class='ocrx_word' id='word_1_359' title='bbox 936 3497 1122 3536; x_wconf 87' lang='lat' dir='ltr'><strong><em>mense</em></strong></span> <span class='ocrx_word' id='word_1_360' title='bbox 1151 3482 1354 3535; x_wconf 88' lang='lat' dir='ltr'><strong><em>decimo</em></strong></span> <span class='ocrx_word' id='word_1_361' title='bbox 1390 3482 1600 3553; x_wconf 86' lang='lat' dir='ltr'><strong><em>imperii</em></strong></span> <span class='ocrx_word' id='word_1_362' title='bbox 1625 3481 1823 3536; x_wconf 79' lang='lat' dir='ltr'><strong><em>Justini</em></strong></span> 
     </span>
    </p>
   </div>
   <div class='ocr_carea' id='block_1_52' title="bbox 226 3568 1824 3644">
    <p class='ocr_par' dir='ltr' id='par_1_52' title="bbox 226 3568 1824 3644">
     <span class='ocr_line' id='line_1_52' title="bbox 226 3568 1824 3644; baseline 0.004 -23"><span class='ocrx_word' id='word_1_363' title='bbox 226 3569 351 3637; x_wconf 83' lang='lat' dir='ltr'><strong><em>(qui</em></strong></span> <span class='ocrx_word' id='word_1_364' title='bbox 383 3583 571 3624; x_wconf 87' lang='lat' dir='ltr'><strong><em>errare</em></strong></span> <span class='ocrx_word' id='word_1_365' title='bbox 592 3568 725 3625; x_wconf 88' lang='lat' dir='ltr'><strong><em>fecit</em></strong></span> <span class='ocrx_word' id='word_1_366' title='bbox 750 3571 1081 3637; x_wconf 87' lang='lat' dir='ltr'><strong><em>Baronium,</em></strong></span> <span class='ocrx_word' id='word_1_367' title='bbox 1113 3574 1438 3642; x_wconf 88' lang='lat' dir='ltr'><strong><em>errorisque</em></strong></span> <span class='ocrx_word' id='word_1_368' title='bbox 1498 3574 1750 3644; x_wconf 78' lang='lat' dir='ltr'><strong><em>arguitur</em></strong></span> <span class='ocrx_word' id='word_1_369' title='bbox 1793 3588 1824 3627; x_wconf 87' lang='lat' dir='ltr'><strong><em>a</em></strong></span> 
     </span>
    </p>
   </div>
   <div class='ocr_carea' id='block_1_53' title="bbox 222 3659 1825 3735">
    <p class='ocr_par' dir='ltr' id='par_1_53' title="bbox 222 3659 1825 3735">
     <span class='ocr_line' id='line_1_53' title="bbox 222 3659 1825 3735; baseline 0.002 -21"><span class='ocrx_word' id='word_1_370' title='bbox 222 3659 453 3714; x_wconf 75' lang='lat' dir='ltr'><strong><em>Valesio</em></strong></span> <span class='ocrx_word' id='word_1_371' title='bbox 485 3660 540 3713; x_wconf 90' lang='lat' dir='ltr'><strong><em>in</em></strong></span> <span class='ocrx_word' id='word_1_372' title='bbox 573 3660 1049 3718; x_wconf 86' lang='lat' dir='ltr'><strong><em>Adnotationibus</em></strong></span> <span class='ocrx_word' id='word_1_373' title='bbox 1080 3663 1222 3733; x_wconf 87' lang='lat' dir='ltr'><strong><em>hic),</em></strong></span> <span class='ocrx_word' id='word_1_374' title='bbox 1271 3662 1562 3734; x_wconf 85' lang='lat' dir='ltr'><strong><em>interjecta</em></strong></span> <span class='ocrx_word' id='word_1_375' title='bbox 1587 3665 1825 3735; x_wconf 86' lang='lat' dir='ltr'><strong><em>conjun-</em></strong></span> 
     </span>
    </p>
   </div>
   <div class='ocr_carea' id='block_1_54' title="bbox 225 3748 1824 3825">
    <p class='ocr_par' dir='ltr' id='par_1_54' title="bbox 225 3748 1824 3825">
     <span class='ocr_line' id='line_1_54' title="bbox 225 3748 1824 3825; baseline 0.004 -21"><span class='ocrx_word' id='word_1_376' title='bbox 225 3748 418 3805; x_wconf 82' lang='lat' dir='ltr'><strong><em>ctione</em></strong></span> <span class='ocrx_word' id='word_1_377' title='bbox 446 3758 517 3811; x_wconf 90' lang='lat' dir='ltr'><strong><em>et,</em></strong></span> <span class='ocrx_word' id='word_1_378' title='bbox 546 3751 627 3804; x_wconf 90' lang='lat' dir='ltr'><strong><em>sic</em></strong></span> <span class='ocrx_word' id='word_1_379' title='bbox 650 3752 953 3824; x_wconf 88' lang='lat' dir='ltr'><strong><em>corrigere,</em></strong></span> <span class='ocrx_word' id='word_1_380' title='bbox 991 3771 1134 3807; x_wconf 87' lang='lat' dir='ltr'><strong><em>anno</em></strong></span> <span class='ocrx_word' id='word_1_381' title='bbox 1157 3756 1378 3825; x_wconf 82' lang='lat' dir='ltr'><strong><em>septimo</em></strong></span> <span class='ocrx_word' id='word_1_382' title='bbox 1410 3764 1459 3809; x_wconf 89' lang='lat' dir='ltr'><strong><em>et</em></strong></span> <span class='ocrx_word' id='word_1_383' title='bbox 1507 3772 1681 3809; x_wconf 87' lang='lat' dir='ltr'><strong><em>mense</em></strong></span> <span class='ocrx_word' id='word_1_384' title='bbox 1730 3756 1824 3811; x_wconf 88' lang='lat' dir='ltr'><strong><em>de-</em></strong></span> 
     </span>
    </p>
   </div>
   <div class='ocr_carea' id='block_1_55' title="bbox 227 3842 1822 3916">
    <p class='ocr_par' dir='ltr' id='par_1_55' title="bbox 227 3842 1822 3916">
     <span class='ocr_line' id='line_1_55' title="bbox 227 3842 1822 3916; baseline 0.003 -20"><span class='ocrx_word' id='word_1_385' title='bbox 227 3843 371 3896; x_wconf 85' lang='lat' dir='ltr'><strong><em>cimo</em></strong></span> <span class='ocrx_word' id='word_1_386' title='bbox 399 3843 610 3911; x_wconf 87' lang='lat' dir='ltr'><strong><em>imperii</em></strong></span> <span class='ocrx_word' id='word_1_387' title='bbox 631 3842 850 3910; x_wconf 85' lang='lat' dir='ltr'><strong><em>Justini,</em></strong></span> <span class='ocrx_word' id='word_1_388' title='bbox 872 3855 931 3900; x_wconf 89' lang='lat' dir='ltr'><strong><em>ut</em></strong></span> <span class='ocrx_word' id='word_1_389' title='bbox 961 3862 1160 3916; x_wconf 89' lang='lat' dir='ltr'><strong><em>nempe</em></strong></span> <span class='ocrx_word' id='word_1_390' title='bbox 1197 3855 1472 3903; x_wconf 85' lang='lat' dir='ltr'><strong><em>statuatur</em></strong></span> <span class='ocrx_word' id='word_1_391' title='bbox 1490 3847 1585 3902; x_wconf 87' lang='lat' dir='ltr'><strong><em>hic</em></strong></span> <span class='ocrx_word' id='word_1_392' title='bbox 1610 3856 1822 3914; x_wconf 78' lang='lat' dir='ltr'><strong><em>motus,</em></strong></span> 
     </span>
    </p>
   </div>
   <div class='ocr_carea' id='block_1_56' title="bbox 234 3934 1824 4011">
    <p class='ocr_par' dir='ltr' id='par_1_56' title="bbox 234 3934 1824 4011">
     <span class='ocr_line' id='line_1_56' title="bbox 234 3934 1824 4011; baseline 0.005 -22"><span class='ocrx_word' id='word_1_393' title='bbox 234 3936 321 3989; x_wconf 90' lang='lat' dir='ltr'><strong><em>uti</em></strong></span> <span class='ocrx_word' id='word_1_394' title='bbox 346 3934 534 4002; x_wconf 85' lang='lat' dir='ltr'><strong><em>debet,</em></strong></span> <span class='ocrx_word' id='word_1_395' title='bbox 561 3937 830 3993; x_wconf 83' lang='lat' dir='ltr'><strong><em>accidisse</em></strong></span> <span class='ocrx_word' id='word_1_396' title='bbox 864 3948 1062 3995; x_wconf 84' lang='lat' dir='ltr'><strong><em>octavo</em></strong></span> <span class='ocrx_word' id='word_1_397' title='bbox 1092 3940 1311 4011; x_wconf 87' lang='lat' dir='ltr'><strong><em>imperii</em></strong></span> <span class='ocrx_word' id='word_1_398' title='bbox 1367 3956 1515 3997; x_wconf 84' lang='lat' dir='ltr'><strong><em>anno</em></strong></span> <span class='ocrx_word' id='word_1_399' title='bbox 1558 3941 1626 3996; x_wconf 88' lang='lat' dir='ltr'><strong><em>ad</em></strong></span> <span class='ocrx_word' id='word_1_400' title='bbox 1657 3943 1824 3997; x_wconf 83' lang='lat' dir='ltr'><strong><em>ﬁnem</em></strong></span> 
     </span>
    </p>
   </div>
   <div class='ocr_carea' id='block_1_57' title="bbox 224 4026 1821 4101">
    <p class='ocr_par' dir='ltr' id='par_1_57' title="bbox 224 4026 1821 4101">
     <span class='ocr_line' id='line_1_57' title="bbox 224 4026 1821 4101; baseline 0.007 -24"><span class='ocrx_word' id='word_1_401' title='bbox 224 4034 527 4095; x_wconf 69' lang='lat' dir='ltr'><strong><em>vergente,</em></strong></span> <span class='ocrx_word' id='word_1_402' title='bbox 564 4026 659 4095; x_wconf 89' lang='lat' dir='ltr'><strong><em>qui</em></strong></span> <span class='ocrx_word' id='word_1_403' title='bbox 725 4028 894 4083; x_wconf 89' lang='lat' dir='ltr'><strong><em>refert</em></strong></span> <span class='ocrx_word' id='word_1_404' title='bbox 952 4045 1163 4085; x_wconf 88' lang='lat' dir='ltr'><strong><em>annum</em></strong></span> <span class='ocrx_word' id='word_1_405' title='bbox 1215 4030 1459 4101; x_wconf 87' lang='lat' dir='ltr'><strong><em>vulgaris</em></strong></span> <span class='ocrx_word' id='word_1_406' title='bbox 1523 4046 1651 4086; x_wconf 71' lang='lat' dir='ltr'><strong><em>aera:</em></strong></span> <span class='ocrx_word' id='word_1_407' title='bbox 1691 4033 1821 4097; x_wconf 82' lang='grc'><strong><em>526,</em></strong></span> 
     </span>
    </p>
   </div>
   <div class='ocr_carea' id='block_1_58' title="bbox 223 4116 1824 4192">
    <p class='ocr_par' dir='ltr' id='par_1_58' title="bbox 223 4116 1824 4192">
     <span class='ocr_line' id='line_1_58' title="bbox 223 4116 1824 4192; baseline 0.006 -23"><span class='ocrx_word' id='word_1_408' title='bbox 223 4116 459 4185; x_wconf 85' lang='lat' dir='ltr'><strong><em>quando</em></strong></span> <span class='ocrx_word' id='word_1_409' title='bbox 526 4116 712 4172; x_wconf 79' lang='lat' dir='ltr'><strong><em>littera</em></strong></span> <span class='ocrx_word' id='word_1_410' title='bbox 767 4118 1130 4192; x_wconf 69' lang='lat' dir='ltr'><strong><em>Dominicalis</em></strong></span> <span class='ocrx_word' id='word_1_411' title='bbox 1177 4119 1224 4174; x_wconf 89' lang='lat' dir='ltr'><strong><em>D</em></strong></span> <span class='ocrx_word' id='word_1_412' title='bbox 1272 4120 1514 4175; x_wconf 88' lang='lat' dir='ltr'><strong><em>faciebat</em></strong></span> <span class='ocrx_word' id='word_1_413' title='bbox 1564 4121 1709 4177; x_wconf 85' lang='lat' dir='ltr'><strong><em>diem</em></strong></span> <span class='ocrx_word' id='word_1_414' title='bbox 1754 4124 1824 4178; x_wconf 84' lang='grc'><strong>29</strong></span> 
     </span>
    </p>
   </div>
   <div class='ocr_carea' id='block_1_59' title="bbox 224 4208 1823 4269">
    <p class='ocr_par' dir='ltr' id='par_1_59' title="bbox 224 4208 1823 4269">
     <span class='ocr_line' id='line_1_59' title="bbox 224 4208 1823 4269; baseline 0.005 -8"><span class='ocrx_word' id='word_1_415' title='bbox 224 4208 362 4267; x_wconf 77' lang='lat' dir='ltr'><strong><em>Maii</em></strong></span> <span class='ocrx_word' id='word_1_416' title='bbox 429 4221 555 4262; x_wconf 90' lang='lat' dir='ltr'><strong><em>cum</em></strong></span> <span class='ocrx_word' id='word_1_417' title='bbox 624 4208 786 4263; x_wconf 85' lang='lat' dir='ltr'><strong><em>Feria</em></strong></span> <span class='ocrx_word' id='word_1_418' title='bbox 844 4210 877 4265; x_wconf 88' lang='lat'><strong><em>6</em></strong></span> <span class='ocrx_word' id='word_1_419' title='bbox 938 4210 1307 4267; x_wconf 82' lang='lat' dir='ltr'><strong><em>hebdomadis</em></strong></span> <span class='ocrx_word' id='word_1_420' title='bbox 1359 4214 1682 4268; x_wconf 88' lang='lat' dir='ltr'><strong><em>convenire.</em></strong></span> <span class='ocrx_word' id='word_1_421' title='bbox 1744 4215 1823 4269; x_wconf 85' lang='lat' dir='ltr'><strong><em>lla</em></strong></span> 
     </span>
    </p>
   </div>
   <div class='ocr_carea' id='block_1_60' title="bbox 226 4298 1824 4372">
    <p class='ocr_par' dir='ltr' id='par_1_60' title="bbox 226 4298 1824 4372">
     <span class='ocr_line' id='line_1_60' title="bbox 226 4298 1824 4372; baseline 0.005 -21"><span class='ocrx_word' id='word_1_422' title='bbox 226 4312 374 4352; x_wconf 85' lang='lat' dir='ltr'><strong><em>vero</em></strong></span> <span class='ocrx_word' id='word_1_423' title='bbox 425 4298 590 4352; x_wconf 89' lang='lat' dir='ltr'><strong><em>etiam</em></strong></span> <span class='ocrx_word' id='word_1_424' title='bbox 621 4298 689 4352; x_wconf 91' lang='lat' dir='ltr'><strong><em>ab</em></strong></span> <span class='ocrx_word' id='word_1_425' title='bbox 725 4299 962 4371; x_wconf 84' lang='lat' dir='ltr'><strong><em>Evagrio</em></strong></span> <span class='ocrx_word' id='word_1_426' title='bbox 980 4302 1258 4372; x_wconf 68' lang='lat' dir='ltr'><strong><em>scriptum</em></strong></span> <span class='ocrx_word' id='word_1_427' title='bbox 1292 4298 1462 4358; x_wconf 80' lang='lat' dir='ltr'><strong><em>fuisse</em></strong></span> <span class='ocrx_word' id='word_1_428' title='bbox 1488 4303 1685 4359; x_wconf 82' lang='lat' dir='ltr'><strong><em>suadet</em></strong></span> <span class='ocrx_word' id='word_1_429' title='bbox 1729 4320 1824 4359; x_wconf 79' lang='lat' dir='ltr'><strong><em>ex-</em></strong></span> 
     </span>
    </p>
   </div>
   <div class='ocr_carea' id='block_1_61' title="bbox 222 4386 1824 4463">
    <p class='ocr_par' dir='ltr' id='par_1_61' title="bbox 222 4386 1824 4463">
     <span class='ocr_line' id='line_1_61' title="bbox 222 4386 1824 4463; baseline 0.005 -22"><span class='ocrx_word' id='word_1_430' title='bbox 222 4386 578 4458; x_wconf 88' lang='lat' dir='ltr'><strong><em>pressissima</em></strong></span> <span class='ocrx_word' id='word_1_431' title='bbox 612 4390 1131 4459; x_wconf 87' lang='lat' dir='ltr'><strong><em>meutiotemporis,</em></strong></span> <span class='ocrx_word' id='word_1_432' title='bbox 1153 4392 1297 4447; x_wconf 88' lang='lat' dir='ltr'><strong><em>inter</em></strong></span> <span class='ocrx_word' id='word_1_433' title='bbox 1339 4402 1635 4463; x_wconf 89' lang='lat' dir='ltr'><strong><em>utrumque</em></strong></span> <span class='ocrx_word' id='word_1_434' title='bbox 1664 4402 1824 4449; x_wconf 66' lang='lat' dir='ltr'><strong><em>terra:</em></strong></span> 
     </span>
    </p>
   </div>
   <div class='ocr_carea' id='block_1_62' title="bbox 226 4478 1817 4551">
    <p class='ocr_par' dir='ltr' id='par_1_62' title="bbox 226 4478 1817 4551">
     <span class='ocr_line' id='line_1_62' title="bbox 226 4478 1817 4551; baseline 0.004 -20"><span class='ocrx_word' id='word_1_435' title='bbox 226 4486 447 4532; x_wconf 89' lang='lat' dir='ltr'><strong><em>motum</em></strong></span> <span class='ocrx_word' id='word_1_436' title='bbox 477 4478 673 4547; x_wconf 86' lang='lat' dir='ltr'><strong><em>elapsi,</em></strong></span> <span class='ocrx_word' id='word_1_437' title='bbox 708 4478 859 4548; x_wconf 89' lang='lat' dir='ltr'><strong><em>quod</em></strong></span> <span class='ocrx_word' id='word_1_438' title='bbox 896 4480 973 4534; x_wconf 90' lang='lat' dir='ltr'><strong><em>ait</em></strong></span> <span class='ocrx_word' id='word_1_439' title='bbox 1009 4480 1236 4551; x_wconf 85' lang='lat' dir='ltr'><strong><em>triginta</em></strong></span> <span class='ocrx_word' id='word_1_440' title='bbox 1302 4484 1581 4537; x_wconf 88' lang='lat' dir='ltr'><strong><em>mensium</em></strong></span> <span class='ocrx_word' id='word_1_441' title='bbox 1614 4483 1817 4550; x_wconf 87' lang='lat' dir='ltr'><strong><em>fuisse;</em></strong></span> 
     </span>
    </p>
   </div>
   <div class='ocr_carea' id='block_1_63' title="bbox 227 4568 1903 4640">
    <p class='ocr_par' dir='ltr' id='par_1_63' title="bbox 227 4568 1903 4640">
     <span class='ocr_line' id='line_1_63' title="bbox 227 4568 1903 4640; baseline 0.003 -18"><span class='ocrx_word' id='word_1_442' title='bbox 227 4568 383 4639; x_wconf 89' lang='lat' dir='ltr'><strong><em>quod</em></strong></span> <span class='ocrx_word' id='word_1_443' title='bbox 418 4576 636 4639; x_wconf 88' lang='lat' dir='ltr'><strong><em>tempus</em></strong></span> <span class='ocrx_word' id='word_1_444' title='bbox 672 4570 717 4623; x_wconf 88' lang='lat' dir='ltr'><strong><em>si</em></strong></span> <span class='ocrx_word' id='word_1_445' title='bbox 756 4570 988 4640; x_wconf 88' lang='lat' dir='ltr'><strong><em>adjicias</em></strong></span> <span class='ocrx_word' id='word_1_446' title='bbox 1017 4570 1084 4625; x_wconf 87' lang='lat' dir='ltr'><strong><em>ad</em></strong></span> <span class='ocrx_word' id='word_1_447' title='bbox 1116 4571 1263 4626; x_wconf 87' lang='lat' dir='ltr'><strong><em>diem</em></strong></span> <span class='ocrx_word' id='word_1_448' title='bbox 1297 4571 1367 4627; x_wconf 87' lang='grc'><strong><em>29</em></strong></span> <span class='ocrx_word' id='word_1_449' title='bbox 1422 4574 1634 4629; x_wconf 88' lang='lat' dir='ltr'><strong><em>mensis</em></strong></span> <span class='ocrx_word' id='word_1_450' title='bbox 1666 4574 1818 4639; x_wconf 79' lang='lat' dir='ltr'><strong><em>Maii,</em></strong></span> <span class='ocrx_word' id='word_1_451' title='bbox 1860 4581 1903 4637; x_wconf 78' lang='grc' dir='ltr'>ο</span> 
     </span>
    </p>
   </div>
   <div class='ocr_carea' id='block_1_64' title="bbox 144 4658 1829 4735">
    <p class='ocr_par' dir='ltr' id='par_1_64' title="bbox 144 4658 1829 4735">
     <span class='ocr_line' id='line_1_64' title="bbox 144 4658 1829 4735; baseline 0.005 -25"><span class='ocrx_word' id='word_1_452' title='bbox 144 4658 151 4661; x_wconf 21' lang='grc' dir='ltr'><em>Α</em></span> <span class='ocrx_word' id='word_1_453' title='bbox 226 4658 368 4715; x_wconf 87' lang='lat' dir='ltr'><strong><em>dicti</em></strong></span> <span class='ocrx_word' id='word_1_454' title='bbox 396 4673 519 4713; x_wconf 65' lang='lat' dir='ltr'><strong><em>mne</em></strong></span> <span class='ocrx_word' id='word_1_455' title='bbox 558 4659 803 4730; x_wconf 86' lang='lat' dir='ltr'><strong><em>vulgaris</em></strong></span> <span class='ocrx_word' id='word_1_456' title='bbox 824 4660 955 4713; x_wconf 90' lang='lat' dir='ltr'><strong><em>anni</em></strong></span> <span class='ocrx_word' id='word_1_457' title='bbox 988 4660 1112 4724; x_wconf 81' lang='grc'><strong><em>526,</em></strong></span> <span class='ocrx_word' id='word_1_458' title='bbox 1134 4670 1397 4732; x_wconf 80' lang='lat' dir='ltr'><strong><em>exsurget</em></strong></span> <span class='ocrx_word' id='word_1_459' title='bbox 1451 4678 1636 4719; x_wconf 89' lang='lat' dir='ltr'><strong><em>annus</em></strong></span> <span class='ocrx_word' id='word_1_460' title='bbox 1681 4666 1829 4735; x_wconf 85' lang='lat' dir='ltr'><strong><em>ejus-</em></strong></span> 
     </span>
    </p>
   </div>
   <div class='ocr_carea' id='block_1_65' title="bbox 229 4746 1831 4825">
    <p class='ocr_par' dir='ltr' id='par_1_65' title="bbox 229 4746 1831 4825">
     <span class='ocr_line' id='line_1_65' title="bbox 229 4746 1831 4825; baseline 0.006 -22"><span class='ocrx_word' id='word_1_461' title='bbox 229 4751 359 4803; x_wconf 73' lang='lat' dir='ltr'><strong><em>dum</em></strong></span> <span class='ocrx_word' id='word_1_462' title='bbox 379 4765 502 4807; x_wconf 68' lang='lat' dir='ltr'><strong><em>(era:</em></strong></span> <span class='ocrx_word' id='word_1_463' title='bbox 524 4750 650 4811; x_wconf 87' lang='grc'><strong>528.</strong></span> <span class='ocrx_word' id='word_1_464' title='bbox 682 4752 894 4807; x_wconf 86' lang='lat' dir='ltr'><strong><em>mensis</em></strong></span> <span class='ocrx_word' id='word_1_465' title='bbox 922 4746 1260 4819; x_wconf 73' lang='lat' dir='ltr'><strong><em>November,</em></strong></span> <span class='ocrx_word' id='word_1_466' title='bbox 1288 4753 1411 4809; x_wconf 89' lang='lat' dir='ltr'><strong><em>dies</em></strong></span> <span class='ocrx_word' id='word_1_467' title='bbox 1445 4754 1536 4822; x_wconf 88' lang='grc'><strong>29,</strong></span> <span class='ocrx_word' id='word_1_468' title='bbox 1562 4772 1675 4825; x_wconf 91' lang='lat' dir='ltr'><strong><em>quo</em></strong></span> <span class='ocrx_word' id='word_1_469' title='bbox 1696 4772 1831 4825; x_wconf 68' lang='lat' dir='ltr'><strong><em>prte-</em></strong></span> 
     </span>
    </p>
   </div>
   <div class='ocr_carea' id='block_1_66' title="bbox 234 4841 1829 4911">
    <p class='ocr_par' dir='ltr' id='par_1_66' title="bbox 234 4841 1829 4911">
     <span class='ocr_line' id='line_1_66' title="bbox 234 4841 1829 4911; baseline 0.003 -15"><span class='ocrx_word' id='word_1_470' title='bbox 234 4842 353 4896; x_wconf 83' lang='lat' dir='ltr'><strong><em>cise</em></strong></span> <span class='ocrx_word' id='word_1_471' title='bbox 395 4841 761 4911; x_wconf 86' lang='lat' dir='ltr'><strong><em>posteriorem</em></strong></span> <span class='ocrx_word' id='word_1_472' title='bbox 811 4850 977 4898; x_wconf 71' lang='lat' dir='ltr'><strong><em>terra:</em></strong></span> <span class='ocrx_word' id='word_1_473' title='bbox 1014 4851 1225 4897; x_wconf 90' lang='lat' dir='ltr'><strong><em>motum</em></strong></span> <span class='ocrx_word' id='word_1_474' title='bbox 1254 4845 1499 4899; x_wconf 63' lang='lat' dir='ltr'><strong><em>saeviisse</em></strong></span> <span class='ocrx_word' id='word_1_475' title='bbox 1524 4860 1589 4900; x_wconf 78' lang='lat' dir='ltr'><strong><em>ex</em></strong></span> <span class='ocrx_word' id='word_1_476' title='bbox 1646 4845 1829 4900; x_wconf 85' lang='lat' dir='ltr'><strong><em>Theo-</em></strong></span> 
     </span>
    </p>
   </div>
   <div class='ocr_carea' id='block_1_67' title="bbox 230 4931 1830 5003">
    <p class='ocr_par' dir='ltr' id='par_1_67' title="bbox 230 4931 1830 5003">
     <span class='ocr_line' id='line_1_67' title="bbox 230 4931 1830 5003; baseline 0.003 -19"><span class='ocrx_word' id='word_1_477' title='bbox 230 4933 417 5003; x_wconf 65' lang='lat' dir='ltr'><strong><em>phane</em></strong></span> <span class='ocrx_word' id='word_1_478' title='bbox 452 4931 691 5001; x_wconf 13' lang='lat' dir='ltr'><strong><em>aliisque,</em></strong></span> <span class='ocrx_word' id='word_1_479' title='bbox 727 4931 1019 4987; x_wconf 78' lang='lat' dir='ltr'><strong><em>manifeste</em></strong></span> <span class='ocrx_word' id='word_1_480' title='bbox 1062 4942 1300 4988; x_wconf 87' lang='lat' dir='ltr'><strong><em>constat.</em></strong></span> <span class='ocrx_word' id='word_1_481' title='bbox 1334 4933 1522 5003; x_wconf 80' lang='lat' dir='ltr'><strong><em>Neque</em></strong></span> <span class='ocrx_word' id='word_1_482' title='bbox 1561 4935 1830 4989; x_wconf 81' lang='lat' dir='ltr'><strong><em>credibile</em></strong></span> 
     </span>
    </p>
   </div>
   <div class='ocr_carea' id='block_1_68' title="bbox 232 5019 1833 5095">
    <p class='ocr_par' dir='ltr' id='par_1_68' title="bbox 232 5019 1833 5095">
     <span class='ocr_line' id='line_1_68' title="bbox 232 5019 1833 5095; baseline -0.001 -15"><span class='ocrx_word' id='word_1_483' title='bbox 232 5033 315 5080; x_wconf 81' lang='lat' dir='ltr'><strong><em>est</em></strong></span> <span class='ocrx_word' id='word_1_484' title='bbox 342 5033 631 5078; x_wconf 78' lang='lat' dir='ltr'><strong><em>auctorem</em></strong></span> <span class='ocrx_word' id='word_1_485' title='bbox 668 5023 762 5092; x_wconf 87' lang='lat' dir='ltr'><strong><em>qui</em></strong></span> <span class='ocrx_word' id='word_1_486' title='bbox 818 5032 929 5077; x_wconf 86' lang='lat' dir='ltr'><strong><em>tam</em></strong></span> <span class='ocrx_word' id='word_1_487' title='bbox 978 5019 1237 5079; x_wconf 81' lang='lat' dir='ltr'><strong><em>accurate</em></strong></span> <span class='ocrx_word' id='word_1_488' title='bbox 1284 5023 1652 5079; x_wconf 83' lang='lat' dir='ltr'><strong><em>minutissima</em></strong></span> <span class='ocrx_word' id='word_1_489' title='bbox 1681 5040 1833 5095; x_wconf 70' lang='lat' dir='ltr'><strong><em>quae-</em></strong></span> 
     </span>
    </p>
   </div>
   <div class='ocr_carea' id='block_1_69' title="bbox 233 5113 1827 5189">
    <p class='ocr_par' dir='ltr' id='par_1_69' title="bbox 233 5113 1827 5189">
     <span class='ocr_line' id='line_1_69' title="bbox 233 5113 1827 5189; baseline 0.001 -22"><span class='ocrx_word' id='word_1_490' title='bbox 233 5132 346 5186; x_wconf 82' lang='lat' dir='ltr'><strong><em>que</em></strong></span> <span class='ocrx_word' id='word_1_491' title='bbox 384 5114 729 5177; x_wconf 71' lang='lat' dir='ltr'><strong><em>observavit,</em></strong></span> <span class='ocrx_word' id='word_1_492' title='bbox 767 5123 830 5168; x_wconf 88' lang='lat' dir='ltr'><strong><em>ut</em></strong></span> <span class='ocrx_word' id='word_1_493' title='bbox 859 5114 1028 5168; x_wconf 88' lang='lat' dir='ltr'><strong><em>etiam</em></strong></span> <span class='ocrx_word' id='word_1_494' title='bbox 1060 5113 1253 5189; x_wconf 81' lang='lat' dir='ltr'><strong><em>horam</em></strong></span> <span class='ocrx_word' id='word_1_495' title='bbox 1285 5122 1341 5169; x_wconf 92' lang='lat' dir='ltr'><strong><em>et</em></strong></span> <span class='ocrx_word' id='word_1_496' title='bbox 1385 5121 1651 5183; x_wconf 89' lang='lat' dir='ltr'><strong><em>punctum</em></strong></span> <span class='ocrx_word' id='word_1_497' title='bbox 1691 5122 1827 5169; x_wconf 83' lang='lat' dir='ltr'><strong><em>tem-</em></strong></span> 
     </span>
    </p>
   </div>
   <div class='ocr_carea' id='block_1_70' title="bbox 229 5205 1829 5279">
    <p class='ocr_par' dir='ltr' id='par_1_70' title="bbox 229 5205 1829 5279">
     <span class='ocr_line' id='line_1_70' title="bbox 229 5205 1829 5279; baseline 0.002 -18"><span class='ocrx_word' id='word_1_498' title='bbox 229 5208 408 5279; x_wconf 85' lang='lat' dir='ltr'><strong><em>poris,</em></strong></span> <span class='ocrx_word' id='word_1_499' title='bbox 436 5220 550 5276; x_wconf 84' lang='lat' dir='ltr'><strong><em>quo</em></strong></span> <span class='ocrx_word' id='word_1_500' title='bbox 590 5216 776 5261; x_wconf 88' lang='lat' dir='ltr'><strong><em>motus</em></strong></span> <span class='ocrx_word' id='word_1_501' title='bbox 824 5205 1017 5275; x_wconf 84' lang='lat' dir='ltr'><strong><em>coepit,</em></strong></span> <span class='ocrx_word' id='word_1_502' title='bbox 1065 5206 1443 5275; x_wconf 82' lang='lat' dir='ltr'><strong><em>expresserit;</em></strong></span> <span class='ocrx_word' id='word_1_503' title='bbox 1478 5206 1829 5264; x_wconf 79' lang='lat' dir='ltr'><strong><em>aberravissc</em></strong></span> 
     </span>
    </p>
   </div>
   <div class='ocr_carea' id='block_1_71' title="bbox 227 5298 1825 5369">
    <p class='ocr_par' dir='ltr' id='par_1_71' title="bbox 227 5298 1825 5369">
     <span class='ocr_line' id='line_1_71' title="bbox 227 5298 1825 5369; baseline -0.001 -15"><span class='ocrx_word' id='word_1_504' title='bbox 227 5314 380 5354; x_wconf 85' lang='lat' dir='ltr'><strong><em>anno</em></strong></span> <span class='ocrx_word' id='word_1_505' title='bbox 409 5300 651 5367; x_wconf 83' lang='lat' dir='ltr'><strong><em>integro,</em></strong></span> <span class='ocrx_word' id='word_1_506' title='bbox 691 5298 999 5367; x_wconf 59' lang='lat' dir='ltr'><strong><em>praesertim</em></strong></span> <span class='ocrx_word' id='word_1_507' title='bbox 1029 5312 1153 5352; x_wconf 89' lang='lat' dir='ltr'><strong><em>cum</em></strong></span> <span class='ocrx_word' id='word_1_508' title='bbox 1212 5298 1306 5351; x_wconf 79' lang='lat' dir='ltr'><strong><em>vix</em></strong></span> <span class='ocrx_word' id='word_1_509' title='bbox 1363 5299 1609 5367; x_wconf 86' lang='lat' dir='ltr'><strong><em>potuerit</em></strong></span> <span class='ocrx_word' id='word_1_510' title='bbox 1644 5299 1825 5369; x_wconf 90' lang='lat' dir='ltr'><strong><em>ipsum</em></strong></span> 
     </span>
    </p>
   </div>
   <div class='ocr_carea' id='block_1_72' title="bbox 229 5385 1825 5455">
    <p class='ocr_par' dir='ltr' id='par_1_72' title="bbox 229 5385 1825 5455">
     <span class='ocr_line' id='line_1_72' title="bbox 229 5385 1825 5455; baseline -0.003 -12"><span class='ocrx_word' id='word_1_511' title='bbox 229 5388 465 5443; x_wconf 78' lang='lat' dir='ltr'><strong><em>secundi</em></strong></span> <span class='ocrx_word' id='word_1_512' title='bbox 527 5397 712 5441; x_wconf 87' lang='lat' dir='ltr'><strong><em>motus</em></strong></span> <span class='ocrx_word' id='word_1_513' title='bbox 768 5385 1098 5441; x_wconf 87' lang='lat' dir='ltr'><strong><em>distinctum</em></strong></span> <span class='ocrx_word' id='word_1_514' title='bbox 1161 5396 1382 5455; x_wconf 90' lang='lat' dir='ltr'><strong><em>tempus</em></strong></span> <span class='ocrx_word' id='word_1_515' title='bbox 1426 5386 1735 5455; x_wconf 60' lang='lat' dir='ltr'><strong><em>praeterire,</em></strong></span> <span class='ocrx_word' id='word_1_516' title='bbox 1795 5401 1825 5438; x_wconf 90' lang='lat' dir='ltr'><strong><em>a</em></strong></span> 
     </span>
    </p>
   </div>
   <div class='ocr_carea' id='block_1_73' title="bbox 227 5474 1823 5545">
    <p class='ocr_par' dir='ltr' id='par_1_73' title="bbox 227 5474 1823 5545">
     <span class='ocr_line' id='line_1_73' title="bbox 227 5474 1823 5545; baseline -0.001 -14"><span class='ocrx_word' id='word_1_517' title='bbox 227 5477 577 5545; x_wconf 62' lang='lat' dir='ltr'><strong><em>Theogiliane</em></strong></span> <span class='ocrx_word' id='word_1_518' title='bbox 616 5476 774 5544; x_wconf 81' lang='lat' dir='ltr'><strong><em>longe</em></strong></span> <span class='ocrx_word' id='word_1_519' title='bbox 805 5474 1117 5543; x_wconf 85' lang='lat' dir='ltr'><strong><em>posteriore</em></strong></span> <span class='ocrx_word' id='word_1_520' title='bbox 1146 5474 1598 5529; x_wconf 82' lang='lat' dir='ltr'><strong><em>determinatam.</em></strong></span> <span class='ocrx_word' id='word_1_521' title='bbox 1648 5474 1823 5536; x_wconf 81' lang='lat' dir='ltr'><strong><em>Adde,</em></strong></span> 
     </span>
    </p>
   </div>
   <div class='ocr_carea' id='block_1_74' title="bbox 228 5566 1827 5638">
    <p class='ocr_par' dir='ltr' id='par_1_74' title="bbox 228 5566 1827 5638">
     <span class='ocr_line' id='line_1_74' title="bbox 228 5566 1827 5638; baseline -0.002 -15"><span class='ocrx_word' id='word_1_522' title='bbox 228 5571 272 5623; x_wconf 84' lang='lat' dir='ltr'><strong><em>si</em></strong></span> <span class='ocrx_word' id='word_1_523' title='bbox 347 5568 482 5638; x_wconf 84' lang='lat' dir='ltr'><strong><em>quid</em></strong></span> <span class='ocrx_word' id='word_1_524' title='bbox 538 5566 706 5622; x_wconf 86' lang='lat' dir='ltr'><strong><em>etiam</em></strong></span> <span class='ocrx_word' id='word_1_525' title='bbox 762 5567 866 5620; x_wconf 82' lang='lat' dir='ltr'><strong><em>hoc</em></strong></span> <span class='ocrx_word' id='word_1_526' title='bbox 913 5566 1180 5621; x_wconf 88' lang='lat' dir='ltr'><strong><em>momenti</em></strong></span> <span class='ocrx_word' id='word_1_527' title='bbox 1232 5566 1419 5629; x_wconf 84' lang='lat' dir='ltr'><strong><em>habet,</em></strong></span> <span class='ocrx_word' id='word_1_528' title='bbox 1466 5567 1584 5637; x_wconf 85' lang='lat' dir='ltr'><strong><em>ipsa</em></strong></span> <span class='ocrx_word' id='word_1_529' title='bbox 1636 5575 1827 5621; x_wconf 78' lang='lat' dir='ltr'><strong><em>aucto-</em></strong></span> 
     </span>
    </p>
   </div>
   <div class='ocr_carea' id='block_1_75' title="bbox 231 5657 1825 5728">
    <p class='ocr_par' dir='ltr' id='par_1_75' title="bbox 231 5657 1825 5728">
     <span class='ocr_line' id='line_1_75' title="bbox 231 5657 1825 5728; baseline -0.003 -13"><span class='ocrx_word' id='word_1_530' title='bbox 231 5662 305 5716; x_wconf 86' lang='lat' dir='ltr'><strong><em>ris</em></strong></span> <span class='ocrx_word' id='word_1_531' title='bbox 338 5660 534 5721; x_wconf 85' lang='lat' dir='ltr'><strong><em>verba,</em></strong></span> <span class='ocrx_word' id='word_1_532' title='bbox 568 5658 623 5711; x_wconf 90' lang='lat' dir='ltr'><strong><em>in</em></strong></span> <span class='ocrx_word' id='word_1_533' title='bbox 656 5658 849 5712; x_wconf 84' lang='lat' dir='ltr'><strong><em>eadem</em></strong></span> <span class='ocrx_word' id='word_1_534' title='bbox 882 5658 995 5713; x_wconf 83' lang='lat' dir='ltr'><strong><em>fere</em></strong></span> <span class='ocrx_word' id='word_1_535' title='bbox 1022 5657 1255 5728; x_wconf 86' lang='lat' dir='ltr'><strong><em>periodo</em></strong></span> <span class='ocrx_word' id='word_1_536' title='bbox 1287 5657 1509 5713; x_wconf 87' lang='lat' dir='ltr'><strong><em>diversa</em></strong></span> <span class='ocrx_word' id='word_1_537' title='bbox 1561 5657 1825 5728; x_wconf 82' lang='lat' dir='ltr'><strong><em>loquendi</em></strong></span> 
     </span>
    </p>
   </div>
   <div class='ocr_carea' id='block_1_76' title="bbox 231 5745 1820 5817">
    <p class='ocr_par' dir='ltr' id='par_1_76' title="bbox 231 5745 1820 5817">
     <span class='ocr_line' id='line_1_76' title="bbox 231 5745 1820 5817; baseline -0.001 -17"><span class='ocrx_word' id='word_1_538' title='bbox 231 5750 405 5804; x_wconf 87' lang='lat' dir='ltr'><strong><em>forma</em></strong></span> <span class='ocrx_word' id='word_1_539' title='bbox 441 5746 681 5807; x_wconf 86' lang='lat' dir='ltr'><strong><em>utentis,</em></strong></span> <span class='ocrx_word' id='word_1_540' title='bbox 718 5745 809 5798; x_wconf 86' lang='lat' dir='ltr'><strong><em>ubi</em></strong></span> <span class='ocrx_word' id='word_1_541' title='bbox 837 5757 1018 5801; x_wconf 85' lang='lat' dir='ltr'><strong><em>tamen</em></strong></span> <span class='ocrx_word' id='word_1_542' title='bbox 1049 5745 1244 5801; x_wconf 87' lang='lat' dir='ltr'><strong><em>eadem</em></strong></span> <span class='ocrx_word' id='word_1_543' title='bbox 1270 5746 1468 5800; x_wconf 86' lang='lat' dir='ltr'><strong><em>volunt</em></strong></span> <span class='ocrx_word' id='word_1_544' title='bbox 1498 5746 1820 5817; x_wconf 78' lang='lat' dir='ltr'><strong><em>signiﬁcari.</em></strong></span> 
     </span>
    </p>
   </div>
   <div class='ocr_carea' id='block_1_77' title="bbox 231 5836 1822 5909">
    <p class='ocr_par' dir='ltr' id='par_1_77' title="bbox 231 5836 1822 5909">
     <span class='ocr_line' id='line_1_77' title="bbox 231 5836 1822 5909; baseline -0.004 -12"><span class='ocrx_word' id='word_1_545' title='bbox 231 5840 323 5897; x_wconf 80' lang='lat' dir='ltr'><strong><em>Sic</em></strong></span> <span class='ocrx_word' id='word_1_546' title='bbox 361 5841 483 5894; x_wconf 74' lang='lat' dir='ltr'><strong><em>ait:</em></strong></span> <span class='ocrx_word' id='word_1_547' title='bbox 536 5837 623 5889; x_wconf 72' lang='grc' dir='ltr'><strong><em>Ἐν</em></strong></span> <span class='ocrx_word' id='word_1_548' title='bbox 654 5838 731 5906; x_wconf 70' lang='grc' dir='ltr'><strong>τῷ</strong></span> <span class='ocrx_word' id='word_1_549' title='bbox 766 5837 977 5907; x_wconf 70' lang='grc' dir='ltr'><strong><em>ἑϐδόμῳ</em></strong></span> <span class='ocrx_word' id='word_1_550' title='bbox 1007 5836 1117 5891; x_wconf 78' lang='grc' dir='ltr'>ἔτει</span> <span class='ocrx_word' id='word_1_551' title='bbox 1170 5841 1267 5909; x_wconf 74' lang='grc' dir='ltr'><strong><em>τῆς</em></strong></span> <span class='ocrx_word' id='word_1_552' title='bbox 1312 5840 1597 5894; x_wconf 60' lang='grc' dir='ltr'><strong><em>Ὶῡυστίνου</em></strong></span> <span class='ocrx_word' id='word_1_553' title='bbox 1667 5840 1822 5898; x_wconf 67' lang='grc' dir='ltr'><strong><em>βασι-</em></strong></span> 
     </span>
    </p>
   </div>
   <div class='ocr_carea' id='block_1_78' title="bbox 1999 2020 3505 2094">
    <p class='ocr_par' dir='ltr' id='par_1_78' title="bbox 1999 2020 3505 2094">
     <span class='ocr_line' id='line_1_78' title="bbox 1999 2020 3505 2094; baseline 0.005 -22"><span class='ocrx_word' id='word_1_554' title='bbox 1999 2020 2084 2073; x_wconf 81' lang='lat' dir='ltr'><strong><em>l8.</em></strong></span> <span class='ocrx_word' id='word_1_555' title='bbox 2122 2020 2227 2077; x_wconf 86' lang='lat' dir='ltr'><strong><em>Sed</em></strong></span> <span class='ocrx_word' id='word_1_556' title='bbox 2266 2021 2577 2085; x_wconf 87' lang='lat' dir='ltr'><strong><em>redeamus,</em></strong></span> <span class='ocrx_word' id='word_1_557' title='bbox 2619 2022 2764 2077; x_wconf 88' lang='lat' dir='ltr'><strong><em>unde</em></strong></span> <span class='ocrx_word' id='word_1_558' title='bbox 2808 2022 3044 2094; x_wconf 85' lang='lat' dir='ltr'><strong><em>digressi</em></strong></span> <span class='ocrx_word' id='word_1_559' title='bbox 3075 2039 3289 2080; x_wconf 87' lang='lat' dir='ltr'><strong><em>sumus.</em></strong></span> <span class='ocrx_word' id='word_1_560' title='bbox 3322 2024 3505 2081; x_wconf 73' lang='lat' dir='ltr'><strong><em>Postc-</em></strong></span> 
     </span>
    </p>
   </div>
   <div class='ocr_carea' id='block_1_79' title="bbox 1927 2110 3517 2184">
    <p class='ocr_par' dir='ltr' id='par_1_79' title="bbox 1927 2110 3517 2184">
     <span class='ocr_line' id='line_1_79' title="bbox 1927 2110 3517 2184; baseline 0.004 -21"><span class='ocrx_word' id='word_1_561' title='bbox 1927 2110 2091 2163; x_wconf 88' lang='lat' dir='ltr'><strong><em>rioris</em></strong></span> <span class='ocrx_word' id='word_1_562' title='bbox 2140 2119 2324 2166; x_wconf 87' lang='lat' dir='ltr'><strong><em>motus</em></strong></span> <span class='ocrx_word' id='word_1_563' title='bbox 2372 2113 2744 2167; x_wconf 82' lang='lat' dir='ltr'><strong><em>calamitatem</em></strong></span> <span class='ocrx_word' id='word_1_564' title='bbox 2774 2114 2854 2167; x_wconf 87' lang='lat' dir='ltr'><strong><em>sic</em></strong></span> <span class='ocrx_word' id='word_1_565' title='bbox 2888 2124 3117 2169; x_wconf 87' lang='lat' dir='ltr'><strong><em>enarrat</em></strong></span> <span class='ocrx_word' id='word_1_566' title='bbox 3142 2115 3517 2184; x_wconf 77' lang='lat' dir='ltr'><strong><em>Theophanes</em></strong></span> 
     </span>
    </p>
   </div>
   <div class='ocr_carea' id='block_1_80' title="bbox 1926 2200 3510 2272">
    <p class='ocr_par' dir='ltr' id='par_1_80' title="bbox 1926 2200 3510 2272">
     <span class='ocr_line' id='line_1_80' title="bbox 1926 2200 3510 2272; baseline 0.002 -17"><span class='ocrx_word' id='word_1_567' title='bbox 1926 2216 2070 2255; x_wconf 89' lang='lat' dir='ltr'><strong><em>anno</em></strong></span> <span class='ocrx_word' id='word_1_568' title='bbox 2103 2200 2139 2253; x_wconf 88' lang='grc'><strong><em>2</em></strong></span> <span class='ocrx_word' id='word_1_569' title='bbox 2190 2201 2515 2268; x_wconf 70' lang='lat' dir='ltr'><strong><em>Iustiniani,</em></strong></span> <span class='ocrx_word' id='word_1_570' title='bbox 2572 2203 2667 2272; x_wconf 89' lang='lat' dir='ltr'><strong><em>qui</em></strong></span> <span class='ocrx_word' id='word_1_571' title='bbox 2728 2204 2832 2258; x_wconf 83' lang='grc'><strong>528</strong></span> <span class='ocrx_word' id='word_1_572' title='bbox 2878 2213 2965 2259; x_wconf 86' lang='lat' dir='ltr'><strong><em>est</em></strong></span> <span class='ocrx_word' id='word_1_573' title='bbox 2995 2219 3118 2260; x_wconf 64' lang='lat' dir='ltr'><strong><em>terre</em></strong></span> <span class='ocrx_word' id='word_1_574' title='bbox 3150 2205 3510 2261; x_wconf 89' lang='lat' dir='ltr'><strong><em>communis:</em></strong></span> 
     </span>
    </p>
   </div>
   <div class='ocr_carea' id='block_1_81' title="bbox 1928 2290 3517 2365">
    <p class='ocr_par' dir='ltr' id='par_1_81' title="bbox 1928 2290 3517 2365">
     <span class='ocr_line' id='line_1_81' title="bbox 1928 2290 3517 2365; baseline 0.003 -20"><span class='ocrx_word' id='word_1_575' title='bbox 1928 2290 2129 2345; x_wconf 86' lang='lat' dir='ltr'><strong><em>Eodem</em></strong></span> <span class='ocrx_word' id='word_1_576' title='bbox 2182 2308 2323 2345; x_wconf 89' lang='lat' dir='ltr'><strong><em>anno</em></strong></span> <span class='ocrx_word' id='word_1_577' title='bbox 2377 2295 2570 2347; x_wconf 80' lang='lat' dir='ltr'><strong><em>mensis</em></strong></span> <span class='ocrx_word' id='word_1_578' title='bbox 2618 2294 2925 2349; x_wconf 83' lang='lat' dir='ltr'><strong><em>Novembris</em></strong></span> <span class='ocrx_word' id='word_1_579' title='bbox 2952 2296 3037 2350; x_wconf 84' lang='lat' dir='ltr'><strong><em>die</em></strong></span> <span class='ocrx_word' id='word_1_580' title='bbox 3069 2312 3210 2351; x_wconf 91' lang='lat' dir='ltr'><strong><em>nona</em></strong></span> <span class='ocrx_word' id='word_1_581' title='bbox 3248 2314 3415 2365; x_wconf 88' lang='lat' dir='ltr'><strong><em>supra</em></strong></span> <span class='ocrx_word' id='word_1_582' title='bbox 3438 2297 3517 2349; x_wconf 82' lang='lat' dir='ltr'><strong><em>vi-</em></strong></span> 
     </span>
    </p>
   </div>
   <div class='ocr_carea' id='block_1_82' title="bbox 1926 2375 3519 2451">
    <p class='ocr_par' dir='ltr' id='par_1_82' title="bbox 1926 2375 3519 2451">
     <span class='ocr_line' id='line_1_82' title="bbox 1926 2375 3519 2451; baseline 0.004 -24"><span class='ocrx_word' id='word_1_583' title='bbox 1926 2375 2196 2439; x_wconf 88' lang='lat' dir='ltr'><strong><em>cesimam,</em></strong></span> <span class='ocrx_word' id='word_1_584' title='bbox 2229 2376 2359 2429; x_wconf 83' lang='lat' dir='ltr'><strong><em>hora</em></strong></span> <span class='ocrx_word' id='word_1_585' title='bbox 2387 2430 2390 2435; x_wconf 69' lang='grc'>,</span> <span class='ocrx_word' id='word_1_586' title='bbox 2414 2378 2519 2430; x_wconf 84' lang='lat' dir='ltr'><strong><em>diei</em></strong></span> <span class='ocrx_word' id='word_1_587' title='bbox 2573 2380 2755 2439; x_wconf 84' lang='lat' dir='ltr'><strong><em>tertia,</em></strong></span> <span class='ocrx_word' id='word_1_588' title='bbox 2794 2381 2926 2449; x_wconf 79' lang='lat' dir='ltr'><strong><em>feria</em></strong></span> <span class='ocrx_word' id='word_1_589' title='bbox 2964 2390 3184 2451; x_wconf 89' lang='lat' dir='ltr'><strong><em>quarta,</em></strong></span> <span class='ocrx_word' id='word_1_590' title='bbox 3230 2382 3519 2435; x_wconf 83' lang='lat' dir='ltr'><strong><em>indictione</em></strong></span> 
     </span>
    </p>
   </div>
   <div class='ocr_carea' id='block_1_83' title="bbox 1926 2452 3516 2545">
    <p class='ocr_par' dir='ltr' id='par_1_83' title="bbox 1926 2452 3516 2545">
     <span class='ocr_line' id='line_1_83' title="bbox 1926 2452 3516 2545; baseline 0.005 -30"><span class='ocrx_word' id='word_1_591' title='bbox 1926 2465 2169 2533; x_wconf 86' lang='lat' dir='ltr'><strong><em>septima,</em></strong></span> <span class='ocrx_word' id='word_1_592' title='bbox 2210 2464 2419 2517; x_wconf 84' lang='lat' dir='ltr'><strong><em>biennio</em></strong></span> <span class='ocrx_word' id='word_1_593' title='bbox 2453 2478 2567 2535; x_wconf 87' lang='lat' dir='ltr'><strong><em>post</em></strong></span> <span class='ocrx_word' id='word_1_594' title='bbox 2600 2470 2930 2537; x_wconf 87' lang='lat' dir='ltr'><strong><em>superiorem</em></strong></span> <span class='ocrx_word' id='word_1_595' title='bbox 2960 2452 3187 2533; x_wconf 77' lang='lat' dir='ltr'><strong><em>cladem,</em></strong></span> <span class='ocrx_word' id='word_1_596' title='bbox 3214 2469 3516 2545; x_wconf 75' lang='lat' dir='ltr'><strong><em>Antiochia,</em></strong></span> 
     </span>
    </p>
   </div>
   <div class='ocr_carea' id='block_1_84' title="bbox 1927 2553 3520 2627">
    <p class='ocr_par' dir='ltr' id='par_1_84' title="bbox 1927 2553 3520 2627">
     <span class='ocr_line' id='line_1_84' title="bbox 1927 2553 3520 2627; baseline 0.006 -23"><span class='ocrx_word' id='word_1_597' title='bbox 1927 2553 2111 2605; x_wconf 85' lang='lat' dir='ltr'><strong><em>civitas</em></strong></span> <span class='ocrx_word' id='word_1_598' title='bbox 2146 2570 2363 2624; x_wconf 85' lang='lat' dir='ltr'><strong><em>magna,</em></strong></span> <span class='ocrx_word' id='word_1_599' title='bbox 2390 2556 2563 2627; x_wconf 80' lang='lat' dir='ltr'><strong><em>plaga:</em></strong></span> <span class='ocrx_word' id='word_1_600' title='bbox 2591 2556 2794 2611; x_wconf 75' lang='lat' dir='ltr'><strong><em>ctelitus</em></strong></span> <span class='ocrx_word' id='word_1_601' title='bbox 2826 2558 2997 2612; x_wconf 64' lang='lat' dir='ltr'><strong><em>illata?</em></strong></span> <span class='ocrx_word' id='word_1_602' title='bbox 3026 2560 3283 2613; x_wconf 88' lang='lat' dir='ltr'><strong><em>damnum</em></strong></span> <span class='ocrx_word' id='word_1_603' title='bbox 3324 2560 3520 2613; x_wconf 80' lang='lat' dir='ltr'><strong><em>iterum</em></strong></span> 
     </span>
    </p>
   </div>
   <div class='ocr_carea' id='block_1_85' title="bbox 1926 2643 3519 2722">
    <p class='ocr_par' dir='ltr' id='par_1_85' title="bbox 1926 2643 3519 2722">
     <span class='ocr_line' id='line_1_85' title="bbox 1926 2643 3519 2722; baseline 0.006 -29"><span class='ocrx_word' id='word_1_604' title='bbox 1926 2658 2084 2711; x_wconf 87' lang='lat' dir='ltr'><strong><em>passa</em></strong></span> <span class='ocrx_word' id='word_1_605' title='bbox 2151 2653 2245 2696; x_wconf 89' lang='lat' dir='ltr'><strong><em>est.</em></strong></span> <span class='ocrx_word' id='word_1_606' title='bbox 2281 2643 2473 2713; x_wconf 86' lang='lat' dir='ltr'><strong><em>Ingens</em></strong></span> <span class='ocrx_word' id='word_1_607' title='bbox 2522 2648 2717 2715; x_wconf 80' lang='lat' dir='ltr'><strong><em>quippe</em></strong></span> <span class='ocrx_word' id='word_1_608' title='bbox 2768 2656 2926 2722; x_wconf 77' lang='lat' dir='ltr'><strong><em>terra:</em></strong></span> <span class='ocrx_word' id='word_1_609' title='bbox 2985 2659 3156 2701; x_wconf 88' lang='lat' dir='ltr'><strong><em>motus</em></strong></span> <span class='ocrx_word' id='word_1_610' title='bbox 3204 2666 3297 2718; x_wconf 88' lang='lat' dir='ltr'><strong><em>per</em></strong></span> <span class='ocrx_word' id='word_1_611' title='bbox 3330 2650 3519 2702; x_wconf 80' lang='lat' dir='ltr'><strong><em>horam</em></strong></span> 
     </span>
    </p>
   </div>
   <div class='ocr_carea' id='block_1_86' title="bbox 1926 2735 3519 2807">
    <p class='ocr_par' dir='ltr' id='par_1_86' title="bbox 1926 2735 3519 2807">
     <span class='ocr_line' id='line_1_86' title="bbox 1926 2735 3519 2807; baseline 0.005 -22"><span class='ocrx_word' id='word_1_612' title='bbox 1926 2750 2089 2801; x_wconf 85' lang='lat' dir='ltr'><strong><em>unam</em></strong></span> <span class='ocrx_word' id='word_1_613' title='bbox 2118 2735 2491 2805; x_wconf 78' lang='lat' dir='ltr'><strong><em>factus,atque</em></strong></span> <span class='ocrx_word' id='word_1_614' title='bbox 2509 2738 2803 2791; x_wconf 82' lang='lat' dir='ltr'><strong><em>horrendus</em></strong></span> <span class='ocrx_word' id='word_1_615' title='bbox 2831 2740 3046 2791; x_wconf 85' lang='lat' dir='ltr'><strong><em>omnino</em></strong></span> <span class='ocrx_word' id='word_1_616' title='bbox 3069 2741 3297 2807; x_wconf 81' lang='lat' dir='ltr'><strong><em>mugitus</em></strong></span> <span class='ocrx_word' id='word_1_617' title='bbox 3330 2756 3356 2794; x_wconf 89' lang='lat' dir='ltr'><strong><em>e</em></strong></span> <span class='ocrx_word' id='word_1_618' title='bbox 3390 2740 3519 2793; x_wconf 66' lang='lat' dir='ltr'><strong><em>cazlo</em></strong></span> 
     </span>
    </p>
   </div>
   <div class='ocr_carea' id='block_1_87' title="bbox 1925 2824 3511 2901">
    <p class='ocr_par' dir='ltr' id='par_1_87' title="bbox 1925 2824 3511 2901">
     <span class='ocr_line' id='line_1_87' title="bbox 1925 2824 3511 2901; baseline 0.007 -27"><span class='ocrx_word' id='word_1_619' title='bbox 1925 2824 2141 2877; x_wconf 87' lang='lat' dir='ltr'><strong><em>auditus</em></strong></span> <span class='ocrx_word' id='word_1_620' title='bbox 2195 2834 2271 2878; x_wconf 86' lang='lat' dir='ltr'><strong><em>est</em></strong></span> <span class='ocrx_word' id='word_1_621' title='bbox 2301 2844 2317 2881; x_wconf 88' lang='lat'><strong><em>:</em></strong></span> <span class='ocrx_word' id='word_1_622' title='bbox 2352 2828 2533 2879; x_wconf 81' lang='lat' dir='ltr'><strong><em>omnia</em></strong></span> <span class='ocrx_word' id='word_1_623' title='bbox 2574 2843 2784 2900; x_wconf 71' lang='lat' dir='ltr'><strong><em>qieoqne</em></strong></span> <span class='ocrx_word' id='word_1_624' title='bbox 2851 2832 3077 2901; x_wconf 63' lang='lat' dir='ltr'><strong><em>mdiﬁcia</em></strong></span> <span class='ocrx_word' id='word_1_625' title='bbox 3120 2842 3171 2885; x_wconf 89' lang='lat' dir='ltr'><strong><em>et</em></strong></span> <span class='ocrx_word' id='word_1_626' title='bbox 3209 2834 3349 2887; x_wconf 87' lang='lat' dir='ltr'><strong><em>muri</em></strong></span> <span class='ocrx_word' id='word_1_627' title='bbox 3398 2833 3511 2887; x_wconf 90' lang='lat' dir='ltr'><strong><em>solo</em></strong></span> 
     </span>
    </p>
   </div>
   <div class='ocr_carea' id='block_1_88' title="bbox 1925 2926 3519 3005">
    <p class='ocr_par' dir='ltr' id='par_1_88' title="bbox 1925 2926 3519 3005">
     <span class='ocr_line' id='line_1_88' title="bbox 1925 2926 3519 3005; baseline 0.008 -35"><span class='ocrx_word' id='word_1_628' title='bbox 1925 2926 2137 2985; x_wconf 71' lang='lat' dir='ltr'><strong><em>tuquata</em></strong></span> <span class='ocrx_word' id='word_1_629' title='bbox 2189 2927 2311 2972; x_wconf 87' lang='lat' dir='ltr'><strong><em>sunt</em></strong></span> <span class='ocrx_word' id='word_1_630' title='bbox 2343 2936 2361 2984; x_wconf 89' lang='lat'><em>;</em></span> <span class='ocrx_word' id='word_1_631' title='bbox 2402 2936 2623 2993; x_wconf 70' lang='lat' dir='ltr'><strong><em>qumque</em></strong></span> <span class='ocrx_word' id='word_1_632' title='bbox 2653 2928 2998 2981; x_wconf 85' lang='lat' dir='ltr'><strong><em>substiterant</em></strong></span> <span class='ocrx_word' id='word_1_633' title='bbox 3030 2929 3086 2981; x_wconf 88' lang='lat' dir='ltr'><strong><em>in</em></strong></span> <span class='ocrx_word' id='word_1_634' title='bbox 3132 2931 3310 3005; x_wconf 80' lang='lat' dir='ltr'><strong><em>priori</em></strong></span> <span class='ocrx_word' id='word_1_635' title='bbox 3358 2938 3519 2985; x_wconf 79' lang='lat' dir='ltr'><strong><em>terra:</em></strong></span> 
     </span>
    </p>
   </div>
   <div class='ocr_carea' id='block_1_89' title="bbox 1925 3012 3521 3089">
    <p class='ocr_par' dir='ltr' id='par_1_89' title="bbox 1925 3012 3521 3089">
     <span class='ocr_line' id='line_1_89' title="bbox 1925 3012 3521 3089; baseline 0.008 -30"><span class='ocrx_word' id='word_1_636' title='bbox 1925 3016 2069 3059; x_wconf 85' lang='lat' dir='ltr'><strong><em>motu</em></strong></span> <span class='ocrx_word' id='word_1_637' title='bbox 2108 3019 2303 3063; x_wconf 81' lang='lat' dir='ltr'><strong><em>veteres</em></strong></span> <span class='ocrx_word' id='word_1_638' title='bbox 2335 3012 2770 3081; x_wconf 79' lang='lat' dir='ltr'><strong><em>substructiones,</em></strong></span> <span class='ocrx_word' id='word_1_639' title='bbox 2804 3034 2879 3072; x_wconf 77' lang='lat' dir='ltr'><strong><em>ea:</em></strong></span> <span class='ocrx_word' id='word_1_640' title='bbox 2920 3036 3061 3072; x_wconf 88' lang='lat' dir='ltr'><strong><em>nunc</em></strong></span> <span class='ocrx_word' id='word_1_641' title='bbox 3089 3021 3335 3089; x_wconf 76' lang='lat' dir='ltr'><strong><em>funditus</em></strong></span> <span class='ocrx_word' id='word_1_642' title='bbox 3369 3037 3521 3075; x_wconf 86' lang='lat' dir='ltr'><strong><em>ever-</em></strong></span> 
     </span>
    </p>
   </div>
   <div class='ocr_carea' id='block_1_90' title="bbox 1922 3100 3520 3177">
    <p class='ocr_par' dir='ltr' id='par_1_90' title="bbox 1922 3100 3520 3177">
     <span class='ocr_line' id='line_1_90' title="bbox 1922 3100 3520 3177; baseline 0.01 -27"><span class='ocrx_word' id='word_1_643' title='bbox 1922 3114 2035 3151; x_wconf 63' lang='lat' dir='ltr'><strong><em>sae:</em></strong></span> <span class='ocrx_word' id='word_1_644' title='bbox 2075 3100 2299 3172; x_wconf 84' lang='lat' dir='ltr'><strong><em>denique</em></strong></span> <span class='ocrx_word' id='word_1_645' title='bbox 2318 3106 2573 3174; x_wconf 87' lang='lat' dir='ltr'><strong><em>quidquid</em></strong></span> <span class='ocrx_word' id='word_1_646' title='bbox 2606 3114 2717 3159; x_wconf 82' lang='lat' dir='ltr'><strong><em>tam</em></strong></span> <span class='ocrx_word' id='word_1_647' title='bbox 2739 3110 3124 3177; x_wconf 84' lang='lat' dir='ltr'><strong><em>imperatorum</em></strong></span> <span class='ocrx_word' id='word_1_648' title='bbox 3162 3110 3483 3165; x_wconf 84' lang='lat' dir='ltr'><strong><em>liberalitate</em></strong></span> <span class='ocrx_word' id='word_1_649' title='bbox 3506 3151 3520 3177; x_wconf 91' lang='lat'><strong><em>,</em></strong></span> 
     </span>
    </p>
   </div>
   <div class='ocr_carea' id='block_1_91' title="bbox 1927 3194 3519 3266">
    <p class='ocr_par' dir='ltr' id='par_1_91' title="bbox 1927 3194 3519 3266">
     <span class='ocr_line' id='line_1_91' title="bbox 1927 3194 3519 3266; baseline 0.009 -24"><span class='ocrx_word' id='word_1_650' title='bbox 1927 3205 2090 3260; x_wconf 86' lang='lat' dir='ltr'><strong><em>quam</em></strong></span> <span class='ocrx_word' id='word_1_651' title='bbox 2149 3194 2371 3261; x_wconf 75' lang='lat' dir='ltr'><strong><em>privatis</em></strong></span> <span class='ocrx_word' id='word_1_652' title='bbox 2421 3196 2614 3249; x_wconf 87' lang='lat' dir='ltr'><strong><em>civium</em></strong></span> <span class='ocrx_word' id='word_1_653' title='bbox 2678 3198 2975 3266; x_wconf 84' lang='lat' dir='ltr'><strong><em>sumptibus</em></strong></span> <span class='ocrx_word' id='word_1_654' title='bbox 3020 3200 3141 3253; x_wconf 89' lang='lat' dir='ltr'><strong><em>urbi</em></strong></span> <span class='ocrx_word' id='word_1_655' title='bbox 3180 3202 3519 3256; x_wconf 81' lang='lat' dir='ltr'><strong><em>conciliatum</em></strong></span> 
     </span>
    </p>
   </div>
   <div class='ocr_carea' id='block_1_92' title="bbox 1928 3281 3513 3360">
    <p class='ocr_par' dir='ltr' id='par_1_92' title="bbox 1928 3281 3513 3360">
     <span class='ocr_line' id='line_1_92' title="bbox 1928 3281 3513 3360; baseline 0.009 -28"><span class='ocrx_word' id='word_1_656' title='bbox 1928 3281 2103 3350; x_wconf 79' lang='lat' dir='ltr'><strong><em>fuerat</em></strong></span> <span class='ocrx_word' id='word_1_657' title='bbox 2136 3283 2341 3337; x_wconf 75' lang='lat' dir='ltr'><strong><em>decoris</em></strong></span> <span class='ocrx_word' id='word_1_658' title='bbox 2376 3294 2535 3354; x_wconf 88' lang='lat' dir='ltr'><strong><em>atque</em></strong></span> <span class='ocrx_word' id='word_1_659' title='bbox 2571 3296 2816 3351; x_wconf 85' lang='lat' dir='ltr'><strong><em>ornatus,</em></strong></span> <span class='ocrx_word' id='word_1_660' title='bbox 2848 3289 2901 3341; x_wconf 86' lang='lat' dir='ltr'><strong><em>id</em></strong></span> <span class='ocrx_word' id='word_1_661' title='bbox 2930 3297 3041 3342; x_wconf 89' lang='lat' dir='ltr'><strong><em>tum</em></strong></span> <span class='ocrx_word' id='word_1_662' title='bbox 3068 3306 3223 3344; x_wconf 85' lang='lat' dir='ltr'><strong><em>omne</em></strong></span> <span class='ocrx_word' id='word_1_663' title='bbox 3252 3292 3513 3360; x_wconf 81' lang='lat' dir='ltr'><strong><em>deiectum</em></strong></span> 
     </span>
    </p>
   </div>
   <div class='ocr_carea' id='block_1_93' title="bbox 1926 3373 3522 3445">
    <p class='ocr_par' dir='ltr' id='par_1_93' title="bbox 1926 3373 3522 3445">
     <span class='ocr_line' id='line_1_93' title="bbox 1926 3373 3522 3445; baseline 0.008 -20"><span class='ocrx_word' id='word_1_664' title='bbox 1926 3373 1981 3425; x_wconf 91' lang='lat' dir='ltr'><strong><em>in</em></strong></span> <span class='ocrx_word' id='word_1_665' title='bbox 2008 3383 2227 3427; x_wconf 88' lang='lat' dir='ltr'><strong><em>terram.</em></strong></span> <span class='ocrx_word' id='word_1_666' title='bbox 2262 3373 2356 3428; x_wconf 85' lang='lat' dir='ltr'><strong><em>His</em></strong></span> <span class='ocrx_word' id='word_1_667' title='bbox 2383 3377 2639 3445; x_wconf 85' lang='lat' dir='ltr'><strong><em>perceptis</em></strong></span> <span class='ocrx_word' id='word_1_668' title='bbox 2683 3378 2868 3432; x_wconf 71' lang='lat' dir='ltr'><strong><em>vicinae</em></strong></span> <span class='ocrx_word' id='word_1_669' title='bbox 2927 3381 3165 3435; x_wconf 86' lang='lat' dir='ltr'><strong><em>civitates</em></strong></span> <span class='ocrx_word' id='word_1_670' title='bbox 3210 3383 3263 3435; x_wconf 90' lang='lat' dir='ltr'><strong><em>in</em></strong></span> <span class='ocrx_word' id='word_1_671' title='bbox 3318 3382 3522 3438; x_wconf 85' lang='lat' dir='ltr'><strong><em>luctum</em></strong></span> 
     </span>
    </p>
   </div>
   <div class='ocr_carea' id='block_1_94' title="bbox 1927 3464 3514 3540">
    <p class='ocr_par' dir='ltr' id='par_1_94' title="bbox 1927 3464 3514 3540">
     <span class='ocr_line' id='line_1_94' title="bbox 1927 3464 3514 3540; baseline 0.007 -22"><span class='ocrx_word' id='word_1_672' title='bbox 1927 3474 1977 3519; x_wconf 90' lang='lat' dir='ltr'><strong><em>et</em></strong></span> <span class='ocrx_word' id='word_1_673' title='bbox 2019 3464 2256 3535; x_wconf 87' lang='lat' dir='ltr'><strong><em>publicas</em></strong></span> <span class='ocrx_word' id='word_1_674' title='bbox 2279 3467 2695 3538; x_wconf 87' lang='lat' dir='ltr'><strong><em>supplicationes</em></strong></span> <span class='ocrx_word' id='word_1_675' title='bbox 2729 3472 2906 3540; x_wconf 70' lang='lat' dir='ltr'><strong><em>eﬂ‘usre</em></strong></span> <span class='ocrx_word' id='word_1_676' title='bbox 2944 3483 3087 3527; x_wconf 84' lang='lat' dir='ltr'><strong><em>sunt.</em></strong></span> <span class='ocrx_word' id='word_1_677' title='bbox 3120 3472 3203 3527; x_wconf 86' lang='lat' dir='ltr'><strong><em>Ea</em></strong></span> <span class='ocrx_word' id='word_1_678' title='bbox 3230 3472 3384 3528; x_wconf 83' lang='lat' dir='ltr'><strong><em>clade</em></strong></span> <span class='ocrx_word' id='word_1_679' title='bbox 3422 3477 3514 3530; x_wconf 76' lang='lat' dir='ltr'><strong><em>Ito-</em></strong></span> 
     </span>
    </p>
   </div>
   <div class='ocr_carea' id='block_1_95' title="bbox 1928 3558 3516 3640">
    <p class='ocr_par' dir='ltr' id='par_1_95' title="bbox 1928 3558 3516 3640">
     <span class='ocr_line' id='line_1_95' title="bbox 1928 3558 3516 3640; baseline 0.008 -30"><span class='ocrx_word' id='word_1_680' title='bbox 1928 3558 2132 3611; x_wconf 86' lang='lat' dir='ltr'><strong><em>minum</em></strong></span> <span class='ocrx_word' id='word_1_681' title='bbox 2169 3570 2400 3628; x_wconf 89' lang='lat' dir='ltr'><strong><em>quatuor</em></strong></span> <span class='ocrx_word' id='word_1_682' title='bbox 2456 3562 2652 3627; x_wconf 89' lang='lat' dir='ltr'><strong><em>millia,</em></strong></span> <span class='ocrx_word' id='word_1_683' title='bbox 2695 3566 2981 3635; x_wconf 83' lang='lat' dir='ltr'><strong><em>octingenti</em></strong></span> <span class='ocrx_word' id='word_1_684' title='bbox 3046 3575 3097 3618; x_wconf 91' lang='lat' dir='ltr'><strong><em>et</em></strong></span> <span class='ocrx_word' id='word_1_685' title='bbox 3173 3570 3516 3640; x_wconf 81' lang='lat' dir='ltr'><strong><em>septuaginta</em></strong></span> 
     </span>
    </p>
   </div>
   <div class='ocr_carea' id='block_1_96' title="bbox 1928 3648 3523 3721">
    <p class='ocr_par' dir='ltr' id='par_1_96' title="bbox 1928 3648 3523 3721">
     <span class='ocr_line' id='line_1_96' title="bbox 1928 3648 3523 3721; baseline 0.009 -22"><span class='ocrx_word' id='word_1_686' title='bbox 1928 3649 2149 3718; x_wconf 68' lang='lat' dir='ltr'><strong><em>periere.</em></strong></span> <span class='ocrx_word' id='word_1_687' title='bbox 2184 3648 2308 3704; x_wconf 64' lang='lat' dir='ltr'><strong><em>llaec</em></strong></span> <span class='ocrx_word' id='word_1_688' title='bbox 2356 3650 2751 3721; x_wconf 81' lang='lat' dir='ltr'><strong><em>TbeOphanes,</em></strong></span> <span class='ocrx_word' id='word_1_689' title='bbox 2788 3654 2929 3708; x_wconf 88' lang='lat' dir='ltr'><strong><em>nihil</em></strong></span> <span class='ocrx_word' id='word_1_690' title='bbox 2970 3655 3120 3709; x_wconf 89' lang='lat' dir='ltr'><strong><em>aliud</em></strong></span> <span class='ocrx_word' id='word_1_691' title='bbox 3174 3665 3523 3713; x_wconf 81' lang='lat' dir='ltr'><strong><em>memorante</em></strong></span> 
     </span>
    </p>
   </div>
   <div class='ocr_carea' id='block_1_97' title="bbox 1929 3740 3523 3815">
    <p class='ocr_par' dir='ltr' id='par_1_97' title="bbox 1929 3740 3523 3815">
     <span class='ocr_line' id='line_1_97' title="bbox 1929 3740 3523 3815; baseline 0.004 -20"><span class='ocrx_word' id='word_1_692' title='bbox 1929 3740 2189 3811; x_wconf 76' lang='lat' dir='ltr'><strong><em>Evagrio,</em></strong></span> <span class='ocrx_word' id='word_1_693' title='bbox 2238 3757 2405 3811; x_wconf 88' lang='lat' dir='ltr'><strong><em>quam</em></strong></span> <span class='ocrx_word' id='word_1_694' title='bbox 2434 3742 2630 3813; x_wconf 88' lang='lat' dir='ltr'><strong><em>elapsis</em></strong></span> <span class='ocrx_word' id='word_1_695' title='bbox 2660 3745 2885 3815; x_wconf 85' lang='lat' dir='ltr'><strong><em>triginta</em></strong></span> <span class='ocrx_word' id='word_1_696' title='bbox 2926 3746 3213 3813; x_wconf 86' lang='lat' dir='ltr'><strong><em>mensibus,</em></strong></span> <span class='ocrx_word' id='word_1_697' title='bbox 3243 3748 3367 3803; x_wconf 90' lang='lat' dir='ltr'><strong><em>aliis</em></strong></span> <span class='ocrx_word' id='word_1_698' title='bbox 3399 3765 3523 3802; x_wconf 88' lang='lat' dir='ltr'><strong><em>rur-</em></strong></span> 
     </span>
    </p>
   </div>
   <div class='ocr_carea' id='block_1_98' title="bbox 1928 3833 3519 3909">
    <p class='ocr_par' dir='ltr' id='par_1_98' title="bbox 1928 3833 3519 3909">
     <span class='ocr_line' id='line_1_98' title="bbox 1928 3833 3519 3909; baseline 0.006 -24"><span class='ocrx_word' id='word_1_699' title='bbox 1928 3848 2046 3885; x_wconf 88' lang='lat' dir='ltr'><strong><em>sum</em></strong></span> <span class='ocrx_word' id='word_1_700' title='bbox 2064 3833 2290 3888; x_wconf 89' lang='lat' dir='ltr'><strong><em>motibus</em></strong></span> <span class='ocrx_word' id='word_1_701' title='bbox 2317 3834 2498 3887; x_wconf 85' lang='lat' dir='ltr'><strong><em>urbem</em></strong></span> <span class='ocrx_word' id='word_1_702' title='bbox 2522 3834 2904 3906; x_wconf 81' lang='lat' dir='ltr'><strong><em>labefactatam</em></strong></span> <span class='ocrx_word' id='word_1_703' title='bbox 2922 3853 3048 3891; x_wconf 88' lang='lat' dir='ltr'><strong><em>esse.</em></strong></span> <span class='ocrx_word' id='word_1_704' title='bbox 3069 3836 3377 3909; x_wconf 87' lang='lat' dir='ltr'><strong><em>Procopius</em></strong></span> <span class='ocrx_word' id='word_1_705' title='bbox 3394 3839 3519 3894; x_wconf 89' lang='lat' dir='ltr'><strong><em>nul-</em></strong></span> 
     </span>
    </p>
   </div>
   <div class='ocr_carea' id='block_1_99' title="bbox 1928 3922 3519 3992">
    <p class='ocr_par' dir='ltr' id='par_1_99' title="bbox 1928 3922 3519 3992">
     <span class='ocr_line' id='line_1_99' title="bbox 1928 3922 3519 3992; baseline 0.006 -15"><span class='ocrx_word' id='word_1_706' title='bbox 1928 3922 2035 3977; x_wconf 90' lang='lat' dir='ltr'><strong><em>lam</em></strong></span> <span class='ocrx_word' id='word_1_707' title='bbox 2064 3923 2293 3979; x_wconf 88' lang='lat' dir='ltr'><strong><em>omnino</em></strong></span> <span class='ocrx_word' id='word_1_708' title='bbox 2319 3924 2487 3992; x_wconf 83' lang='lat' dir='ltr'><strong><em>hujus</em></strong></span> <span class='ocrx_word' id='word_1_709' title='bbox 2515 3925 2748 3980; x_wconf 87' lang='lat' dir='ltr'><strong><em>secundi</em></strong></span> <span class='ocrx_word' id='word_1_710' title='bbox 2774 3935 2961 3982; x_wconf 86' lang='lat' dir='ltr'><strong><em>motus</em></strong></span> <span class='ocrx_word' id='word_1_711' title='bbox 2976 3926 3107 3983; x_wconf 80' lang='lat' dir='ltr'><strong><em>facit</em></strong></span> <span class='ocrx_word' id='word_1_712' title='bbox 3133 3929 3474 3985; x_wconf 86' lang='lat' dir='ltr'><strong><em>mentionem</em></strong></span> <span class='ocrx_word' id='word_1_713' title='bbox 3502 3947 3519 3987; x_wconf 87' lang='lat'><strong>:</strong></span> 
     </span>
    </p>
   </div>
   <div class='ocr_carea' id='block_1_100' title="bbox 1928 4014 3519 4091">
    <p class='ocr_par' dir='ltr' id='par_1_100' title="bbox 1928 4014 3519 4091">
     <span class='ocr_line' id='line_1_100' title="bbox 1928 4014 3519 4091; baseline 0.007 -25"><span class='ocrx_word' id='word_1_714' title='bbox 1928 4014 1996 4069; x_wconf 90' lang='lat' dir='ltr'><strong><em>de</em></strong></span> <span class='ocrx_word' id='word_1_715' title='bbox 2027 4016 2215 4084; x_wconf 85' lang='lat' dir='ltr'><strong><em>priore</em></strong></span> <span class='ocrx_word' id='word_1_716' title='bbox 2244 4016 2361 4071; x_wconf 67' lang='lat' dir='ltr'><strong><em>haec</em></strong></span> <span class='ocrx_word' id='word_1_717' title='bbox 2389 4018 2740 4073; x_wconf 87' lang='lat' dir='ltr'><strong><em>solummodo</em></strong></span> <span class='ocrx_word' id='word_1_718' title='bbox 2765 4018 2938 4072; x_wconf 81' lang='lat' dir='ltr'><strong><em>refert</em></strong></span> <span class='ocrx_word' id='word_1_719' title='bbox 2964 4019 3063 4072; x_wconf 87' lang='lat' dir='ltr'><strong><em>lib.</em></strong></span> <span class='ocrx_word' id='word_1_720' title='bbox 3097 4036 3156 4084; x_wconf 87' lang='grc' dir='ltr'><strong><em>ιι,</em></strong></span> <span class='ocrx_word' id='word_1_721' title='bbox 3182 4034 3304 4091; x_wconf 81' lang='lat' dir='ltr'><strong><em>cap.</em></strong></span> <span class='ocrx_word' id='word_1_722' title='bbox 3336 4018 3420 4087; x_wconf 70' lang='lat' dir='ltr'><strong><em>ll,</em></strong></span> <span class='ocrx_word' id='word_1_723' title='bbox 3448 4023 3519 4077; x_wconf 72' lang='lat' dir='ltr'><strong><em>de</em></strong></span> 
     </span>
    </p>
   </div>
   <div class='ocr_carea' id='block_1_101' title="bbox 1940 4104 3516 4181">
    <p class='ocr_par' dir='ltr' id='par_1_101' title="bbox 1940 4104 3516 4181">
     <span class='ocr_line' id='line_1_101' title="bbox 1940 4104 3516 4181; baseline 0.005 -23"><span class='ocrx_word' id='word_1_724' title='bbox 1940 4104 2087 4159; x_wconf 76' lang='lat' dir='ltr'><strong><em>bello</em></strong></span> <span class='ocrx_word' id='word_1_725' title='bbox 2115 4106 2337 4161; x_wconf 79' lang='lat' dir='ltr'><strong><em>Persico</em></strong></span> <span class='ocrx_word' id='word_1_726' title='bbox 2373 4124 2388 4160; x_wconf 89' lang='lat'><strong>:</strong></span> <span class='ocrx_word' id='word_1_727' title='bbox 2427 4106 2557 4162; x_wconf 84' lang='lat' dir='ltr'><strong><em>Cum</em></strong></span> <span class='ocrx_word' id='word_1_728' title='bbox 2610 4108 2857 4161; x_wconf 84' lang='lat' dir='ltr'><strong><em>Justinus</em></strong></span> <span class='ocrx_word' id='word_1_729' title='bbox 2901 4108 3156 4163; x_wconf 82' lang='lat' dir='ltr'><strong><em>Romanis</em></strong></span> <span class='ocrx_word' id='word_1_730' title='bbox 3206 4112 3516 4181; x_wconf 80' lang='lat' dir='ltr'><strong><em>imperaret.</em></strong></span> 
     </span>
    </p>
   </div>
   <div class='ocr_carea' id='block_1_102' title="bbox 1928 4200 3514 4274">
    <p class='ocr_par' dir='ltr' id='par_1_102' title="bbox 1928 4200 3514 4274">
     <span class='ocr_line' id='line_1_102' title="bbox 1928 4200 3514 4274; baseline 0.004 -24"><span class='ocrx_word' id='word_1_731' title='bbox 1928 4206 2037 4251; x_wconf 87' lang='lat' dir='ltr'><strong><em>tota</em></strong></span> <span class='ocrx_word' id='word_1_732' title='bbox 2071 4200 2302 4253; x_wconf 76' lang='lat' dir='ltr'><strong><em>maximo</em></strong></span> <span class='ocrx_word' id='word_1_733' title='bbox 2331 4209 2489 4254; x_wconf 77' lang='lat' dir='ltr'><strong><em>terra:</em></strong></span> <span class='ocrx_word' id='word_1_734' title='bbox 2528 4211 2682 4270; x_wconf 85' lang='lat' dir='ltr'><strong><em>motu</em></strong></span> <span class='ocrx_word' id='word_1_735' title='bbox 2711 4212 3065 4271; x_wconf 82' lang='lat' dir='ltr'><strong><em>conquassata</em></strong></span> <span class='ocrx_word' id='word_1_736' title='bbox 3097 4203 3242 4266; x_wconf 77' lang='lat' dir='ltr'><strong><em>urbe,</em></strong></span> <span class='ocrx_word' id='word_1_737' title='bbox 3281 4204 3514 4274; x_wconf 72' lang='lat' dir='ltr'><strong><em>plurima</em></strong></span> 
     </span>
    </p>
   </div>
   <div class='ocr_carea' id='block_1_103' title="bbox 1928 4290 3511 4363">
    <p class='ocr_par' dir='ltr' id='par_1_103' title="bbox 1928 4290 3511 4363">
     <span class='ocr_line' id='line_1_103' title="bbox 1928 4290 3511 4363; baseline 0.004 -19"><span class='ocrx_word' id='word_1_738' title='bbox 1928 4290 2448 4363; x_wconf 62' lang='lat' dir='ltr'><strong><em>praeclarissimaque</em></strong></span> <span class='ocrx_word' id='word_1_739' title='bbox 2502 4293 2731 4362; x_wconf 66' lang='lat' dir='ltr'><strong><em>aediﬁcia</em></strong></span> <span class='ocrx_word' id='word_1_740' title='bbox 2803 4296 2971 4349; x_wconf 87' lang='lat' dir='ltr'><strong><em>subito</em></strong></span> <span class='ocrx_word' id='word_1_741' title='bbox 3013 4309 3325 4351; x_wconf 87' lang='lat' dir='ltr'><strong><em>corruerunt</em></strong></span> <span class='ocrx_word' id='word_1_742' title='bbox 3376 4314 3395 4351; x_wconf 83' lang='lat'><strong><em>.°</em></strong></span> <span class='ocrx_word' id='word_1_743' title='bbox 3460 4306 3511 4353; x_wconf 90' lang='lat' dir='ltr'><strong><em>et</em></strong></span> 
     </span>
    </p>
   </div>
   <div class='ocr_carea' id='block_1_104' title="bbox 1926 4384 3522 4457">
    <p class='ocr_par' dir='ltr' id='par_1_104' title="bbox 1926 4384 3522 4457">
     <span class='ocr_line' id='line_1_104' title="bbox 1926 4384 3522 4457; baseline 0.004 -22"><span class='ocrx_word' id='word_1_744' title='bbox 1926 4384 2075 4453; x_wconf 77' lang='lat' dir='ltr'><strong><em>fama</em></strong></span> <span class='ocrx_word' id='word_1_745' title='bbox 2114 4385 2309 4438; x_wconf 85' lang='lat' dir='ltr'><strong><em>obtinet</em></strong></span> <span class='ocrx_word' id='word_1_746' title='bbox 2344 4387 2606 4441; x_wconf 83' lang='lat' dir='ltr'><strong><em>interiisse</em></strong></span> <span class='ocrx_word' id='word_1_747' title='bbox 2640 4396 2763 4441; x_wconf 87' lang='lat' dir='ltr'><strong><em>tunc</em></strong></span> <span class='ocrx_word' id='word_1_748' title='bbox 2792 4389 3044 4457; x_wconf 84' lang='lat' dir='ltr'><strong><em>temporis</em></strong></span> <span class='ocrx_word' id='word_1_749' title='bbox 3074 4389 3522 4444; x_wconf 75' lang='lat' dir='ltr'><strong><em>Antiocltenorunt</em></strong></span> 
     </span>
    </p>
   </div>
   <div class='ocr_carea' id='block_1_105' title="bbox 1928 4474 2383 4529">
    <p class='ocr_par' dir='ltr' id='par_1_105' title="bbox 1928 4474 2383 4529">
     <span class='ocr_line' id='line_1_105' title="bbox 1928 4474 2383 4529; baseline 0.007 -4"><span class='ocrx_word' id='word_1_750' title='bbox 1928 4482 2162 4528; x_wconf 89' lang='lat' dir='ltr'><strong><em>trecenta</em></strong></span> <span class='ocrx_word' id='word_1_751' title='bbox 2190 4474 2383 4529; x_wconf 88' lang='lat' dir='ltr'><strong><em>millia.</em></strong></span> 
     </span>
    </p>
   </div>
   <div class='ocr_carea' id='block_1_106' title="bbox 2006 4566 3511 4639">
    <p class='ocr_par' dir='ltr' id='par_1_106' title="bbox 2006 4566 3511 4639">
     <span class='ocr_line' id='line_1_106' title="bbox 2006 4566 3511 4639; baseline 0.005 -20"><span class='ocrx_word' id='word_1_752' title='bbox 2006 4566 2093 4622; x_wconf 83' lang='grc'><strong>19.</strong></span> <span class='ocrx_word' id='word_1_753' title='bbox 2133 4566 2319 4621; x_wconf 87' lang='lat' dir='ltr'><strong><em>Posito</em></strong></span> <span class='ocrx_word' id='word_1_754' title='bbox 2344 4569 2456 4638; x_wconf 88' lang='lat' dir='ltr'><strong><em>jam</em></strong></span> <span class='ocrx_word' id='word_1_755' title='bbox 2494 4568 2787 4639; x_wconf 83' lang='lat' dir='ltr'><strong><em>utriusque</em></strong></span> <span class='ocrx_word' id='word_1_756' title='bbox 2818 4577 2980 4625; x_wconf 63' lang='lat' dir='ltr'><strong><em>terrae</em></strong></span> <span class='ocrx_word' id='word_1_757' title='bbox 3025 4577 3209 4625; x_wconf 87' lang='lat' dir='ltr'><strong><em>motus</em></strong></span> <span class='ocrx_word' id='word_1_758' title='bbox 3243 4569 3511 4626; x_wconf 88' lang='lat' dir='ltr'><strong><em>determi-</em></strong></span> 
     </span>
    </p>
   </div>
   <div class='ocr_carea' id='block_1_107' title="bbox 1935 4660 3521 4729">
    <p class='ocr_par' dir='ltr' id='par_1_107' title="bbox 1935 4660 3521 4729">
     <span class='ocr_line' id='line_1_107' title="bbox 1935 4660 3521 4729; baseline 0.004 -17"><span class='ocrx_word' id='word_1_759' title='bbox 1935 4668 2066 4712; x_wconf 86' lang='lat' dir='ltr'><strong><em>nato</em></strong></span> <span class='ocrx_word' id='word_1_760' title='bbox 2094 4668 2364 4729; x_wconf 86' lang='lat' dir='ltr'><strong><em>tempore,</em></strong></span> <span class='ocrx_word' id='word_1_761' title='bbox 2394 4660 2627 4715; x_wconf 88' lang='lat' dir='ltr'><strong><em>alterius</em></strong></span> <span class='ocrx_word' id='word_1_762' title='bbox 2656 4677 2803 4717; x_wconf 88' lang='lat' dir='ltr'><strong><em>anno</em></strong></span> <span class='ocrx_word' id='word_1_763' title='bbox 2828 4660 3241 4717; x_wconf 81' lang='lat' dir='ltr'><strong><em>Justinioetavo</em></strong></span> <span class='ocrx_word' id='word_1_764' title='bbox 3256 4675 3521 4728; x_wconf 79' lang='lat' dir='ltr'><strong><em>exeunte,</em></strong></span> 
     </span>
    </p>
   </div>
   <div class='ocr_carea' id='block_1_108' title="bbox 1935 4748 3521 4818">
    <p class='ocr_par' dir='ltr' id='par_1_108' title="bbox 1935 4748 3521 4818">
     <span class='ocr_line' id='line_1_108' title="bbox 1935 4748 3521 4818; baseline 0.003 -17"><span class='ocrx_word' id='word_1_765' title='bbox 1935 4749 2180 4818; x_wconf 83' lang='lat' dir='ltr'><strong><em>vulgaris</em></strong></span> <span class='ocrx_word' id='word_1_766' title='bbox 2210 4764 2333 4803; x_wconf 65' lang='grc' dir='ltr'><strong><em>εει-ω</em></strong></span> <span class='ocrx_word' id='word_1_767' title='bbox 2358 4748 2483 4807; x_wconf 79' lang='grc'><strong><em>526.</em></strong></span> <span class='ocrx_word' id='word_1_768' title='bbox 2506 4750 2768 4805; x_wconf 89' lang='lat' dir='ltr'><strong><em>vicesima</em></strong></span> <span class='ocrx_word' id='word_1_769' title='bbox 2792 4766 2939 4805; x_wconf 88' lang='lat' dir='ltr'><strong><em>nona</em></strong></span> <span class='ocrx_word' id='word_1_770' title='bbox 2965 4750 3057 4806; x_wconf 87' lang='lat' dir='ltr'><strong><em>die</em></strong></span> <span class='ocrx_word' id='word_1_771' title='bbox 3095 4751 3219 4807; x_wconf 75' lang='lat' dir='ltr'><strong><em>Maii</em></strong></span> <span class='ocrx_word' id='word_1_772' title='bbox 3243 4767 3259 4816; x_wconf 87' lang='lat'><strong>;</strong></span> <span class='ocrx_word' id='word_1_773' title='bbox 3287 4752 3521 4807; x_wconf 87' lang='lat' dir='ltr'><strong><em>alterius</em></strong></span> 
     </span>
    </p>
   </div>
   <div class='ocr_carea' id='block_1_109' title="bbox 1934 4837 3524 4910">
    <p class='ocr_par' dir='ltr' id='par_1_109' title="bbox 1934 4837 3524 4910">
     <span class='ocr_line' id='line_1_109' title="bbox 1934 4837 3524 4910; baseline 0.004 -20"><span class='ocrx_word' id='word_1_774' title='bbox 1934 4853 2079 4891; x_wconf 88' lang='lat' dir='ltr'><strong><em>anno</em></strong></span> <span class='ocrx_word' id='word_1_775' title='bbox 2123 4837 2419 4893; x_wconf 83' lang='lat' dir='ltr'><strong><em>Justiniani</em></strong></span> <span class='ocrx_word' id='word_1_776' title='bbox 2446 4839 2714 4903; x_wconf 89' lang='lat' dir='ltr'><strong><em>secundo,</em></strong></span> <span class='ocrx_word' id='word_1_777' title='bbox 2765 4855 2891 4894; x_wconf 66' lang='lat' dir='ltr'><strong><em>serae</em></strong></span> <span class='ocrx_word' id='word_1_778' title='bbox 2931 4840 3176 4910; x_wconf 85' lang='lat' dir='ltr'><strong><em>vulgaris</em></strong></span> <span class='ocrx_word' id='word_1_779' title='bbox 3218 4840 3347 4905; x_wconf 85' lang='grc'><strong><em>528,</em></strong></span> <span class='ocrx_word' id='word_1_780' title='bbox 3373 4842 3524 4897; x_wconf 85' lang='lat' dir='ltr'><strong><em>vice-</em></strong></span> 
     </span>
    </p>
   </div>
   <div class='ocr_carea' id='block_1_110' title="bbox 1934 4929 3521 5007">
    <p class='ocr_par' dir='ltr' id='par_1_110' title="bbox 1934 4929 3521 5007">
     <span class='ocr_line' id='line_1_110' title="bbox 1934 4929 3521 5007; baseline 0.002 -23"><span class='ocrx_word' id='word_1_781' title='bbox 1934 4929 2075 4984; x_wconf 86' lang='lat' dir='ltr'><strong><em>sima</em></strong></span> <span class='ocrx_word' id='word_1_782' title='bbox 2120 4945 2264 4983; x_wconf 91' lang='lat' dir='ltr'><strong><em>nona</em></strong></span> <span class='ocrx_word' id='word_1_783' title='bbox 2325 4931 2414 4985; x_wconf 90' lang='lat' dir='ltr'><strong><em>die</em></strong></span> <span class='ocrx_word' id='word_1_784' title='bbox 2463 4932 2830 4997; x_wconf 85' lang='lat' dir='ltr'><strong><em>Novembris;</em></strong></span> <span class='ocrx_word' id='word_1_785' title='bbox 2904 4932 3278 5007; x_wconf 81' lang='lat' dir='ltr'><strong><em>indagandum</em></strong></span> <span class='ocrx_word' id='word_1_786' title='bbox 3326 4942 3521 5000; x_wconf 85' lang='lat' dir='ltr'><strong><em>restat,</em></strong></span> 
     </span>
    </p>
   </div>
   <div class='ocr_carea' id='block_1_111' title="bbox 1937 5018 3522 5092">
    <p class='ocr_par' dir='ltr' id='par_1_111' title="bbox 1937 5018 3522 5092">
     <span class='ocr_line' id='line_1_111' title="bbox 1937 5018 3522 5092; baseline 0.003 -21"><span class='ocrx_word' id='word_1_787' title='bbox 1937 5018 2044 5071; x_wconf 91' lang='lat' dir='ltr'><strong><em>utri</em></strong></span> <span class='ocrx_word' id='word_1_788' title='bbox 2069 5018 2419 5086; x_wconf 85' lang='lat' dir='ltr'><strong><em>potissimum</em></strong></span> <span class='ocrx_word' id='word_1_789' title='bbox 2439 5020 2737 5074; x_wconf 88' lang='lat' dir='ltr'><strong><em>conveniat</em></strong></span> <span class='ocrx_word' id='word_1_790' title='bbox 2761 5030 2944 5074; x_wconf 89' lang='lat' dir='ltr'><strong><em>motus</em></strong></span> <span class='ocrx_word' id='word_1_791' title='bbox 2969 5019 3081 5084; x_wconf 92' lang='lat' dir='ltr'><strong><em>ille,</em></strong></span> <span class='ocrx_word' id='word_1_792' title='bbox 3113 5022 3231 5089; x_wconf 87' lang='lat' dir='ltr'><strong><em>qui,</em></strong></span> <span class='ocrx_word' id='word_1_793' title='bbox 3260 5019 3522 5092; x_wconf 76' lang='lat' dir='ltr'><strong><em>Symeone</em></strong></span> 
     </span>
    </p>
   </div>
   <div class='ocr_carea' id='block_1_112' title="bbox 1936 5108 3522 5179">
    <p class='ocr_par' dir='ltr' id='par_1_112' title="bbox 1936 5108 3522 5179">
     <span class='ocr_line' id='line_1_112' title="bbox 1936 5108 3522 5179; baseline 0.002 -18"><span class='ocrx_word' id='word_1_794' title='bbox 1936 5115 2128 5161; x_wconf 88' lang='lat' dir='ltr'><strong><em>nostro</em></strong></span> <span class='ocrx_word' id='word_1_795' title='bbox 2154 5108 2265 5178; x_wconf 87' lang='lat' dir='ltr'><strong><em>jam</em></strong></span> <span class='ocrx_word' id='word_1_796' title='bbox 2297 5109 2545 5179; x_wconf 88' lang='lat' dir='ltr'><strong><em>quinque</em></strong></span> <span class='ocrx_word' id='word_1_797' title='bbox 2582 5124 2760 5164; x_wconf 88' lang='lat' dir='ltr'><strong><em>annos</em></strong></span> <span class='ocrx_word' id='word_1_798' title='bbox 2790 5117 2940 5172; x_wconf 87' lang='lat' dir='ltr'><strong><em>nato,</em></strong></span> <span class='ocrx_word' id='word_1_799' title='bbox 2980 5110 3331 5165; x_wconf 78' lang='lat' dir='ltr'><strong><em>Antiochiam</em></strong></span> <span class='ocrx_word' id='word_1_800' title='bbox 3385 5124 3522 5164; x_wconf 80' lang='lat' dir='ltr'><strong><em>cou-</em></strong></span> 
     </span>
    </p>
   </div>
   <div class='ocr_carea' id='block_1_113' title="bbox 1933 5199 3523 5270">
    <p class='ocr_par' dir='ltr' id='par_1_113' title="bbox 1933 5199 3523 5270">
     <span class='ocr_line' id='line_1_113' title="bbox 1933 5199 3523 5270; baseline 0.003 -17"><span class='ocrx_word' id='word_1_801' title='bbox 1933 5200 2126 5253; x_wconf 87' lang='lat' dir='ltr'><strong><em>cussit.</em></strong></span> <span class='ocrx_word' id='word_1_802' title='bbox 2161 5199 2252 5255; x_wconf 86' lang='lat' dir='ltr'><strong><em>Sic</em></strong></span> <span class='ocrx_word' id='word_1_803' title='bbox 2273 5215 2384 5270; x_wconf 88' lang='lat' dir='ltr'><strong><em>ego</em></strong></span> <span class='ocrx_word' id='word_1_804' title='bbox 2410 5209 2615 5255; x_wconf 87' lang='lat' dir='ltr'><strong><em>statuo.</em></strong></span> <span class='ocrx_word' id='word_1_805' title='bbox 2662 5201 2799 5256; x_wconf 88' lang='lat' dir='ltr'><strong><em>Cum</em></strong></span> <span class='ocrx_word' id='word_1_806' title='bbox 2854 5202 3021 5256; x_wconf 86' lang='lat' dir='ltr'><strong><em>unius</em></strong></span> <span class='ocrx_word' id='word_1_807' title='bbox 3057 5210 3270 5256; x_wconf 86' lang='lat' dir='ltr'><strong><em>tantum</em></strong></span> <span class='ocrx_word' id='word_1_808' title='bbox 3338 5212 3523 5257; x_wconf 83' lang='lat' dir='ltr'><strong><em>motus</em></strong></span> 
     </span>
    </p>
   </div>
   <div class='ocr_carea' id='block_1_114' title="bbox 1933 5290 3526 5362">
    <p class='ocr_par' dir='ltr' id='par_1_114' title="bbox 1933 5290 3526 5362">
     <span class='ocr_line' id='line_1_114' title="bbox 1933 5290 3526 5362; baseline 0.001 -17"><span class='ocrx_word' id='word_1_809' title='bbox 1933 5292 2159 5346; x_wconf 88' lang='lat' dir='ltr'><strong><em>circiter</em></strong></span> <span class='ocrx_word' id='word_1_810' title='bbox 2193 5292 2327 5345; x_wconf 90' lang='lat' dir='ltr'><strong><em>illud</em></strong></span> <span class='ocrx_word' id='word_1_811' title='bbox 2356 5300 2573 5362; x_wconf 84' lang='lat' dir='ltr'><strong><em>tempus</em></strong></span> <span class='ocrx_word' id='word_1_812' title='bbox 2611 5290 2933 5347; x_wconf 83' lang='lat' dir='ltr'><strong><em>meminerit</em></strong></span> <span class='ocrx_word' id='word_1_813' title='bbox 2960 5291 3097 5345; x_wconf 69' lang='lat' dir='ltr'><strong><em>Vita:</em></strong></span> <span class='ocrx_word' id='word_1_814' title='bbox 3128 5304 3346 5357; x_wconf 67' lang='lat' dir='ltr'><strong><em>aucuor,</em></strong></span> <span class='ocrx_word' id='word_1_815' title='bbox 3376 5292 3526 5347; x_wconf 77' lang='lat' dir='ltr'><strong><em>illius</em></strong></span> 
     </span>
    </p>
   </div>
   <div class='ocr_carea' id='block_1_115' title="bbox 1934 5382 3525 5451">
    <p class='ocr_par' dir='ltr' id='par_1_115' title="bbox 1934 5382 3525 5451">
     <span class='ocr_line' id='line_1_115' title="bbox 1934 5382 3525 5451; baseline 0.002 -16"><span class='ocrx_word' id='word_1_816' title='bbox 1934 5382 2275 5443; x_wconf 83' lang='lat' dir='ltr'><strong><em>meminisse,</em></strong></span> <span class='ocrx_word' id='word_1_817' title='bbox 2300 5383 2392 5451; x_wconf 89' lang='lat' dir='ltr'><strong><em>qui</em></strong></span> <span class='ocrx_word' id='word_1_818' title='bbox 2418 5384 2651 5437; x_wconf 78' lang='lat' dir='ltr'><strong><em>maxime</em></strong></span> <span class='ocrx_word' id='word_1_819' title='bbox 2672 5384 2982 5443; x_wconf 80' lang='lat' dir='ltr'><strong><em>luctuosus,</em></strong></span> <span class='ocrx_word' id='word_1_820' title='bbox 3004 5384 3096 5451; x_wconf 86' lang='lat' dir='ltr'><strong><em>qui</em></strong></span> <span class='ocrx_word' id='word_1_821' title='bbox 3115 5384 3284 5438; x_wconf 84' lang='lat' dir='ltr'><strong><em>variis</em></strong></span> <span class='ocrx_word' id='word_1_822' title='bbox 3306 5384 3525 5439; x_wconf 81' lang='lat' dir='ltr'><strong><em>eventi-</em></strong></span> 
     </span>
    </p>
   </div>
   <div class='ocr_carea' id='block_1_116' title="bbox 1932 5473 3527 5544">
    <p class='ocr_par' dir='ltr' id='par_1_116' title="bbox 1932 5473 3527 5544">
     <span class='ocr_line' id='line_1_116' title="bbox 1932 5473 3527 5544; baseline 0.002 -16"><span class='ocrx_word' id='word_1_823' title='bbox 1932 5474 2038 5528; x_wconf 87' lang='lat' dir='ltr'><strong><em>bus</em></strong></span> <span class='ocrx_word' id='word_1_824' title='bbox 2061 5474 2610 5543; x_wconf 84' lang='lat' dir='ltr'><strong><em>memorabilior,qui</em></strong></span> <span class='ocrx_word' id='word_1_825' title='bbox 2666 5473 2807 5527; x_wconf 80' lang='lat' dir='ltr'><strong><em>fama</em></strong></span> <span class='ocrx_word' id='word_1_826' title='bbox 2844 5474 3009 5528; x_wconf 80' lang='lat' dir='ltr'><strong><em>latius</em></strong></span> <span class='ocrx_word' id='word_1_827' title='bbox 3063 5473 3236 5527; x_wconf 83' lang='lat' dir='ltr'><strong><em>didita</em></strong></span> <span class='ocrx_word' id='word_1_828' title='bbox 3268 5475 3527 5544; x_wconf 77' lang='lat' dir='ltr'><strong><em>pluribus</em></strong></span> 
     </span>
    </p>
   </div>
   <div class='ocr_carea' id='block_1_117' title="bbox 1934 5563 3527 5635">
    <p class='ocr_par' dir='ltr' id='par_1_117' title="bbox 1934 5563 3527 5635">
     <span class='ocr_line' id='line_1_117' title="bbox 1934 5563 3527 5635; baseline -0.001 -17"><span class='ocrx_word' id='word_1_829' title='bbox 1934 5574 2099 5619; x_wconf 87' lang='lat' dir='ltr'><strong><em>notus</em></strong></span> <span class='ocrx_word' id='word_1_830' title='bbox 2120 5564 2420 5619; x_wconf 82' lang='lat' dir='ltr'><strong><em>fuit.&#39;l‘alla</em></strong></span> <span class='ocrx_word' id='word_1_831' title='bbox 2454 5566 2602 5620; x_wconf 79' lang='lat' dir='ltr'><strong><em>enim</em></strong></span> <span class='ocrx_word' id='word_1_832' title='bbox 2641 5563 2934 5618; x_wconf 85' lang='lat' dir='ltr'><strong><em>memorari</em></strong></span> <span class='ocrx_word' id='word_1_833' title='bbox 3000 5565 3375 5635; x_wconf 78' lang='lat' dir='ltr'><strong><em>scriptoribus</em></strong></span> <span class='ocrx_word' id='word_1_834' title='bbox 3423 5564 3527 5617; x_wconf 88' lang='lat' dir='ltr'><strong><em>im-</em></strong></span> 
     </span>
    </p>
   </div>
   <div class='ocr_carea' id='block_1_118' title="bbox 1934 5653 3521 5727">
    <p class='ocr_par' dir='ltr' id='par_1_118' title="bbox 1934 5653 3521 5727">
     <span class='ocr_line' id='line_1_118' title="bbox 1934 5653 3521 5727; baseline 0 -17"><span class='ocrx_word' id='word_1_835' title='bbox 1934 5657 2660 5727; x_wconf 72' lang='lat' dir='ltr'><strong><em>primissoleut,prmscrtim</em></strong></span> <span class='ocrx_word' id='word_1_836' title='bbox 2686 5672 2812 5709; x_wconf 86' lang='lat' dir='ltr'><strong><em>cum</em></strong></span> <span class='ocrx_word' id='word_1_837' title='bbox 2840 5663 2991 5709; x_wconf 84' lang='lat' dir='ltr'><strong><em>certo</em></strong></span> <span class='ocrx_word' id='word_1_838' title='bbox 3026 5666 3277 5724; x_wconf 81' lang='lat' dir='ltr'><strong><em>tempore</em></strong></span> <span class='ocrx_word' id='word_1_839' title='bbox 3310 5653 3521 5724; x_wconf 79' lang='lat' dir='ltr'><strong><em>aliquid</em></strong></span> 
     </span>
    </p>
   </div>
   <div class='ocr_carea' id='block_1_119' title="bbox 1932 5748 3529 5819">
    <p class='ocr_par' dir='ltr' id='par_1_119' title="bbox 1932 5748 3529 5819">
     <span class='ocr_line' id='line_1_119' title="bbox 1932 5748 3529 5819; baseline 0.001 -18"><span class='ocrx_word' id='word_1_840' title='bbox 1932 5748 2227 5812; x_wconf 80' lang='lat' dir='ltr'><strong><em>evenisse,</em></strong></span> <span class='ocrx_word' id='word_1_841' title='bbox 2301 5765 2622 5819; x_wconf 71' lang='lat' dir='ltr'><strong><em>expressum</em></strong></span> <span class='ocrx_word' id='word_1_842' title='bbox 2690 5748 2968 5817; x_wconf 83' lang='lat' dir='ltr'><strong><em>cupiunt;</em></strong></span> <span class='ocrx_word' id='word_1_843' title='bbox 3052 5748 3529 5816; x_wconf 60' lang='lat' dir='ltr'><strong><em>praetermittenti—</em></strong></span> 
     </span>
    </p>
   </div>
   <div class='ocr_carea' id='block_1_120' title="bbox 1935 5835 3520 5907">
    <p class='ocr_par' dir='ltr' id='par_1_120' title="bbox 1935 5835 3520 5907">
     <span class='ocr_line' id='line_1_120' title="bbox 1935 5835 3520 5907; baseline -0.001 -16"><span class='ocrx_word' id='word_1_844' title='bbox 1935 5837 2037 5891; x_wconf 75' lang='lat' dir='ltr'><strong><em>bus</em></strong></span> <span class='ocrx_word' id='word_1_845' title='bbox 2065 5837 2383 5891; x_wconf 68' lang='lat' dir='ltr'><strong><em>obscuriora</em></strong></span> <span class='ocrx_word' id='word_1_846' title='bbox 2405 5838 2693 5907; x_wconf 53' lang='lat' dir='ltr'><strong><em>miniique</em></strong></span> <span class='ocrx_word' id='word_1_847' title='bbox 2745 5836 2984 5905; x_wconf 61' lang='lat' dir='ltr'><strong><em>Cognita,</em></strong></span> <span class='ocrx_word' id='word_1_848' title='bbox 3030 5851 3094 5889; x_wconf 80' lang='lat' dir='ltr'><strong><em>nc</em></strong></span> <span class='ocrx_word' id='word_1_849' title='bbox 3154 5835 3307 5905; x_wconf 63' lang='lat' dir='ltr'><strong><em>quid</em></strong></span> <span class='ocrx_word' id='word_1_850' title='bbox 3352 5836 3520 5905; x_wconf 70' lang='lat' dir='ltr'><strong><em>igno—</em></strong></span> 
     </span>
    </p>
   </div>
  </div>
