4118 6464
605 377 747 453 2975

1894 375 1953 433 S.
1991 372 2286 434 SYMEON
2324 368 2627 431 JUNIOB.

3721 360 3874 423 2375

613 500 729 540 tum
785 460 884 557 per
934 485 1084 539 aliud
1130 501 1284 555 aque
1311 486 1556 557 ignotum
1581 497 1670 541 aut
1727 503 1833 540 non
1870 488 2041 540 multo
2088 501 2187 538 no-
2219 492 2262 546 Α
2295 501 2398 553 pus
2431 486 2497 539 ad
2535 502 2625 539 an.
2664 484 2734 539 85
2796 484 3005 539 faciunt
3037 490 3398 537 excrescere:
3436 476 3584 547 quod
3616 478 3703 531 alii
3748 488 3873 546 jost

611 579 741 643 tius,
802 577 1121 632 confudisse
1161 578 1366 646 potius,
1430 594 1593 648 quam
1639 580 1943 632 illustrasse
1991 578 2183 631 velint.

612 667 817 733 Quidni
856 667 1023 737 igitur
1064 668 1132 722 ad
1187 670 1428 738 priorem
1460 678 1616 723 terra:
1637 678 1845 723 motum
1873 669 2186 738 quinquen-

612 775 736 812 nem
789 759 1078 830 Symeouis
1108 769 1323 814 tetatem
1366 759 1708 816 reteramus?
1731 760 1920 825 Certe,
1948 762 1990 815 si
2009 760 2192 815 Theo-

615 852 781 921 phani
844 854 1162 917 credimus,
1225 869 1499 923 nunquam
1571 854 1693 907 talis
1752 853 2031 906 calamitas
2068 852 2189 907 aliis

562 954 565 957 λ
613 944 817 997 steculis
842 946 1024 1013 quavis
1053 944 1107 996 in
1132 944 1262 996 urbe
1281 945 1517 1013 contigit.
1542 943 1683 1009 Quid
1708 944 1922 997 tristius
1944 951 2039 996 aut
2072 958 2189 998 me-

616 1032 957 1096 morabilius,
989 1049 1151 1101 quam
1181 1033 1448 1087 subversa
1481 1035 1535 1087 in
1568 1034 1706 1087 urbe
1737 1044 1980 1089 trecenta
2012 1032 2191 1087 homi-

614 1140 746 1177 num
780 1124 949 1194 millia
982 1120 1275 1191 occidisse,
1310 1127 1588 1196 publicam
1631 1126 2000 1206 calamitatem
2025 1142 2191 1183 vene-

617 1217 849 1270 randum
887 1218 1191 1273 antistitem
1216 1232 1313 1271 sua
1344 1224 1528 1271 morte
1591 1219 1830 1282 auxisse,
1865 1217 2189 1288 augustissi~

615 1324 767 1362 mum
826 1310 1219 1378 imperatorem
1277 1309 1542 1363 inusitato
1613 1302 1972 1379 inauditoque
2023 1310 2189 1363 modo

615 1400 849 1454 luxisse?
870 1400 1015 1453 Nihil
1044 1400 1205 1454 istius
1230 1400 1377 1454 modi
1403 1400 1457 1453 in
1482 1401 1728 1455 secundo
1752 1409 1900 1454 motu
1924 1400 2190 1454 accidisse

616 1493 844 1563 legitur:
876 1492 985 1544 imo
1025 1491 1193 1562 hujus
1263 1493 1532 1546 memoria
1584 1493 1729 1560 apud
1772 1502 2049 1557 auctores,
2095 1493 2191 1563 qui

615 1598 842 1651 propius
901 1582 968 1636 ad
1017 1582 1107 1635 illa
1160 1590 1405 1651 tempora
1437 1581 1728 1647 accedunt,
1777 1582 1867 1635 vix
1932 1583 2076 1645 ulla,
2132 1590 2193 1636 ut

617 1674 879 1736 vidimus,
940 1682 1137 1738 exstat,
1194 1672 1310 1727 solo
1350 1672 1685 1742 Theophane
1726 1673 2011 1743 lugubrius
2072 1688 2190 1728 rem

616 1764 981 1817 describente.

2292 576 2429 631 alios
2456 576 2717 646 deinceps
2736 574 3227 644 transcripserunt.

2432 712 2458 783 ᾗ
2487 712 2575 765 IV.
2602 709 2920 780 Descriptis
2952 710 3129 762 sancti
3165 706 3439 780 Symconis
3471 704 3729 759 laniatis.

2360 846 2475 900 Leo
2505 842 2757 907 Allatius,
2788 842 2855 896 de
2888 840 3257 912 Symeonibus
3279 840 3487 910 Optime
3527 840 3783 901 meritus,
3816 840 3875 893 in

2290 936 2532 991 Diatriba
2581 934 2643 986 de
2687 950 2867 986 eorum
2919 932 3165 1001 scriptis,
3202 930 3368 1000 hujus
3416 944 3639 999 quoque
3693 928 3874 981 nos;ri

2294 1028 2544 1097 quaedam
2594 1035 2886 1080 recenset:
2923 1038 3159 1094 quorum
3208 1038 3332 1077 cum
3384 1022 3536 1076 nulla
3580 1024 3791 1076 mentio
3822 1023 3881 1075 in

2292 1118 2413 1173 Vita
2447 1117 2714 1171 habeatur
2748 1116 2980 1185 uspiam,
3004 1111 3214 1184 juverit
3248 1112 3339 1166 hic
3364 1113 3458 1167 illa
3486 1128 3555 1167 ex
3581 1112 3728 1167 dicto
3777 1128 3884 1165 au-

2295 1213 2470 1267 ctore,
2508 1219 2618 1257 non
2661 1202 2920 1256 omnibus
2962 1202 3146 1267 obvio,
3173 1200 3567 1266 adnumerare,
3618 1212 3883 1271 tanquam

2293 1274 2639 1364 egregias-iri
2672 1303 2728 1348 et
2760 1292 3108 1347 auctoritatis
3140 1290 3285 1361 apud
3320 1291 3599 1361 principes
3620 1331 3634 1355 ,
3665 1302 3721 1344 et
3778 1292 3885 1343 zeli

2294 1401 2393 1454 pro
2437 1385 2703 1449 Ecclesia,
2745 1393 2799 1439 et
2821 1368 3039 1453 pietatis
3066 1398 3196 1453 erga
3226 1381 3451 1437 leites
3499 1395 3884 1437 monumenta.

2294 1476 2539 1529 Primum
2571 1474 3055 1545 igiturscripsisse
3079 1472 3147 1528 de
3183 1473 3539 1544 imaginibus,
3568 1483 3785 1527 constat
3819 1490 3889 1526 ex

2294 1566 2507 1621 Joanne
2541 1567 2898 1630 Damasceno,
2924 1566 3020 1635 qui
3050 1575 3192 1621 orat.
3216 1567 3250 1621 5
3276 1566 3344 1619 de
3378 1566 3717 1635 imaginibus
3756 1581 3890 1634 par-

2297 1667 2405 1712 tem
2440 1658 2566 1712 inde
2601 1658 2816 1720 recitat,
2846 1672 2971 1711 cum
3005 1638 3113 1711 ho.e
3144 1657 3354 1712 indicio
3399 1657 3665 1718 auctoris,
3700 1656 3892 1727 Magni

2302 1748 2596 1821 Symconis,
2631 1748 2933 1802 admirandi
2954 1749 3165 1813 montis,
3192 1750 3254 1801 de
3291 1748 3641 1817 Imaginibus.
3674 1748 3894 1802 Secun-

685 1855 776 1909 ‘20.
814 1855 887 1908 Ex
914 1855 1111 1909 eodem
1158 1865 1343 1911 tamen
1394 1865 1623 1911 auctore
1672 1858 1807 1911 illud
1866 1859 2037 1912 etiam
2094 1873 2196 1914 no-
2231 1827 2271 1882 Β
2301 1840 2371 1893 d0
2421 1840 2621 1909 Stilum
2650 1831 2841 1893 00mm
2874 1838 3164 1893 δπτθίίοοε
3202 1838 3689 1901 ³ουί⁵⁵θ’“ε¹“υίί“¹”
3724 1854 3756 1891 θ
3794 1837 3890 1890 Μ’

621 1956 766 1999 Iasse
823 1945 1050 2014 juvcrit,
1096 1946 1244 2014 quod
1280 1946 1347 1999 de
1397 1947 1579 2015 priore
1634 1954 1785 2000 motu
1848 1963 2033 2017 agens,
2103 1964 2196 2018 per

618 2053 819 2089 umth
859 2052 1059 2100 unum;
1098 2036 1164 2090 de
1196 2036 1458 2098 secundo,
1492 2052 1590 2105 per
1650 2054 1814 2090 unam
1850 2038 2196 2093 solummodo

620 2129 827 2187 horam,
852 2126 997 2179 dicat
1027 2127 1290 2181 tenuisse.
1344 2126 1501 2193 Quod
1552 2130 1594 2180 si
1626 2128 1807 2182 minus
1854 2130 2057 2193 solide,
2086 2146 2195 2183 non

618 2216 1048 2287 suﬂragantihus
1103 2216 1225 2270 aliis
1288 2219 1654 2283 auctoribus,
1712 2218 1931 2287 probari
1988 2206 2192 2287 possit;

618 2307 1087 2369 obtinebitcerte,
1114 2293 1354 2375 priorem
1416 2309 1656 2377 longiori
1710 2308 1888 2378 spatio
1940 2309 2190 2373 durasse,

620 2399 980 2469 posteriOrem
1006 2397 1269 2451 breviori.
1302 2398 1479 2452 Motus
1510 2408 1719 2463 autem,
1755 2400 1822 2453 dc
1844 2416 1953 2469 quo
1984 2400 2037 2453 in
2073 2400 2195 2454 Vita

620 2494 821 2562 agitur,
850 2492 999 2547 horae
1037 2491 1201 2545 unius
1238 2490 1527 2543 intervallo
1568 2490 1780 2543 absolvi
1824 2507 1931 2543 non
1987 2492 2189 2559 potuit,

619 2597 745 2634 cum
769 2580 996 2650 Symcon
1034 2583 1088 2635 in
1118 2581 1324 2650 templo
1348 2581 1803 2651 Prom-Martyris
1838 2581 2074 2635 orationi
2099 2598 2194 2635 va-

620 2657 1205 2741 caritprimoppostea
1231 2662 1551 2726 labentibus
1576 2672 1780 2740 passim
1817 2672 2030 2726 aedibus
2067 2672 2194 2727 inde

622 2783 681 2823 se
710 2766 1068 2835 proripuerit,
1102 2764 1321 2819 tandem
1352 2781 1610 2834 egressus
1642 2765 1776 2819 urbe
1802 2766 2007 2820 circum
2040 2782 2199 2820 erra-

618 2858 780 2920 verit,
817 2872 1142 2910 reversurus
1199 2857 1389 2925 utique
1425 2856 1470 2909 si
1534 2866 1717 2910 motus
1764 2866 2072 2922 cessasset;
2100 2857 2197 2911 sed

616 2964 683 3001 eo
708 2956 1121 3018 perseverante,
1162 2947 1402 3017 denique
1439 2948 1700 3001 inventus
1744 2948 1912 3001 fuerit
1970 2963 1999 3001 a
2064 2958 2195 3003 nota

616 3038 847 3093 muliere
873 3037 1255 3106 abductosque
1292 3037 1347 3089 in
1370 3046 1635 3100 montem,
1659 3036 1781 3089 urbi
1808 3036 2102 3090 admodum
2124 3038 2197 3091 vi-

617 3127 826 3191 cinum,
867 3141 931 3181 ac
958 3126 1168 3181 ibidem
1193 3125 1312 3179 dies
1340 3136 1549 3194 septem
1579 3126 2007 3195 perstiterit.At,
2038 3134 2193 3196 puto,
2224 3155 2269 3213 ο

618 3216 663 3269 si
695 3216 849 3286 prius
919 3215 1045 3270 linis
1088 3224 1337 3270 motuum
1384 3216 1601 3280 luisset,
1638 3216 1793 3269 illum
1842 3226 1939 3271 aut
1981 3233 2082 3286 per
2136 3230 2195 3271 se

627 3306 989 3376 repetiturum
1016 3315 1309 3375 paternam
1344 3306 1592 3370 domum,
1618 3316 1711 3361 aut
1748 3323 1845 3376 per
1904 3308 2195 3362 mulierem

620 3397 800 3461 matri,
839 3397 1179 3451 desiderium
1208 3399 1306 3451 lilii
1340 3399 1445 3452 hoc
1488 3398 1789 3467 prtesertim
1826 3407 1969 3451 statu
2010 3412 2194 3452 rerum

617 3488 904 3556 iegerrime
937 3487 1161 3551 ferenti,
1186 3488 1592 3543 restituendum
1629 3487 1819 3542 fuiSSe.
1870 3488 1951 3542 Sit
2008 3490 2195 3560 itaque

621 3578 711 3631 hic
739 3593 916 3631 annus
941 3577 1219 3646 Symeonis
1273 3580 1521 3647 quintus,
1572 3594 1695 3632 aera:
1758 3579 1966 3648 vulgari
2027 3581 2193 3649 quin-

616 3668 967 3737 quagesimus
1016 3668 1312 3721 vicesimus
1336 3677 1521 3721 sextus
1563 3685 1574 3720 :
1610 3676 1664 3721 et
1704 3668 2053 3721 manifestum
2088 3667 2196 3721 erit

618 3760 960 3813 nativitatem
991 3760 1112 3828 ejus
1149 3760 1203 3812 in
1232 3774 1435 3812 annum
1464 3759 1588 3822 521,
1616 3768 1850 3811 mortem
1892 3774 2045 3824 vero,
2067 3754 2193 3813 cum

619 3867 763 3903 anno
784 3851 963 3903 :etatis
996 3851 1061 3903 73
1092 3850 1315 3913 obierit,
1344 3851 1399 3903 in
1424 3851 1526 3904 596
1557 3850 1839 3904 incidisse.

687 3941 776 3993 2|.
817 3942 960 3994 Vixit
998 3942 1165 4011 igitur
1197 3941 1299 3995 sub
1354 3942 1599 4010 quinque
1636 3942 1915 3995 continuis
1954 3941 2196 4010 impera-

621 4032 851 4093 toribus,
877 4032 1094 4085 .lustiuo
1119 4032 1676 4096 vetcre,.|ustiniano,
1695 4031 1913 4086 Justino
1942 4031 2191 4098 Juniore,

620 4123 842 4176 'liherio
870 4122 936 4185 ll,
997 4133 1053 4175 et
1101 4120 1339 4191 denique
1380 4122 1483 4175 sub
1514 4122 1804 4187 Mauritio;
1845 4122 2005 4191 primi
2050 4138 2195 4176 anno

624 4213 657 4265 .i
693 4222 875 4273 natus,
909 4212 1231 4279 posterioris
1259 4212 1474 4265 decimo
1496 4213 1691 4281 quinto
1724 4213 1977 4279 dcuatus,
1998 4224 2193 4283 quarta

618 4315 675 4357 et
704 4305 961 4358 vicesima
985 4292 1071 4357 die
1098 4304 1303 4359 mensis
1356 4306 1502 4359 Maii.
1541 4305 1748 4359 Horum
1778 4318 1962 4360 autem
2006 4307 2195 4360 termi-

620 4412 816 4449 norum
880 4395 1232 4449 intervallum
1269 4413 1445 4451 annos
1504 4397 1572 4449 ’ῑὸ
1620 4398 2025 4466 complectitur,
2055 4413 2194 4467 quos

2300 1930 2555 1985 bliotheca
2607 1930 2787 1985 Photii
2828 1929 2964 1984 Cod.
2988 1930 3116 1994 251,
3151 1930 3245 1983 ubi
3272 1937 3497 1984 sanctus
3532 1929 3892 1998 Sephronius

2300 2021 2613 2091 patriarcha
2646 2020 3177 2092 Hierosolymitanus
3207 2020 3262 2073 in
3303 2020 3537 2089 epistola
3582 2020 3888 2090 Synodica,

2300 2110 2545 2164 Honorio
2576 2110 2824 2164 Romano
2850 2110 3008 2178 Papae
3039 2108 3170 2179 (non
3200 2110 3540 2178 imperatori,
3596 2118 3656 2162 ut
3688 2125 3894 2179 perpe-

2300 2217 2415 2254 ram
2450 2202 2725 2271 interpres
2763 2201 2940 2270 ponit,
2978 2210 3166 2269 utpote
3197 2201 3357 2254 annis
3390 2210 3520 2255 ante
3546 2200 3807 2255 ducentis
3835 2212 3893 2255 ct

2298 2291 2533 2360 amplius
2564 2292 2674 2345 vita
2706 2290 2939 2359 functo),
2974 2292 3160 2355 missa,
3192 2292 3455 2362 colligens
3475 2292 3700 2346 Patrum
3732 2296 3895 2346 testi-

2300 2384 2480 2435 monia
2500 2424 2513 2449 ,
2546 2382 2611 2435 ad
2633 2382 3103 2452 comprobandum
3136 2381 3410 2455 duplicem
3432 2382 3484 2436 in
3507 2381 3729 2438 Christo
3754 2399 3892 2452 ope—

2300 2474 2591 2538 rationem,
2633 2474 2797 2545 hujus
2838 2490 3059 2543 quoque
3106 2475 3279 2528 nostri
3312 2473 3625 2545 Symconis,
3654 2486 3713 2530 ut
3736 2477 3893 2530 vide-

2299 2572 2389 2616 tur
2409 2606 2421 2625 ,
2454 2564 2706 2617 meminit
2743 2581 2869 2619 eum
2899 2564 3081 2619 laude.
3116 2563 3207 2619 Sic
3234 2565 3426 2621 scribit
3455 2566 3579 2621 loco
3607 2568 3891 2637 assignato

2300 2656 2530 2710 Pbotius
2565 2677 2578 2710 :
2616 2657 2795 2710 Etiam
2842 2656 3142 2727 Symonius,
3178 2660 3462 2712 monachus
3501 2668 3549 2711 et
3596 2659 3890 2729 presbyter.

2300 2748 2675 2802 Testimonium
2728 2766 2869 2811 vero,
2895 2750 3033 2820 quod
3093 2759 3336 2804 sanctum
3373 2752 3608 2821 agnoscit
3666 2750 3892 2822 Symeo—

2300 2855 2423 2893 nem
2457 2852 2760 2905 auctorem,
2792 2858 2855 2895 ea:
2894 2841 3115 2912 epistola
3149 2842 3369 2913 ejus,ad
3392 2841 3755 2896 Iustinianum
3784 2845 3890 2896 im-

2300 2940 2599 2999 peratorem
2658 2933 2807 2998 data,
2848 2949 2964 3003 qua:
3025 2935 3185 2986 etiam
3236 2943 3422 2987 contra
3464 2934 3889 2990 Nestorianoset

2300 3020 2656 3090 Eutycliianos
2689 3022 3049 3092 digladiatur,
3090 3022 3455 3091 depromptum
3484 3031 3579 3077 est.
3617 3024 3735 3093 Ipse
3769 3042 3889 3078 acra

2298 3109 2815 3183 Justinianus,'pius
2853 3114 3161 3182 imperator,
3215 3112 3267 3163 iu
3316 3114 3377 3165 iis
3408 3129 3525 3183 qua:
3569 3114 3638 3166 ad
3679 3113 3888 3167 Zoilum

2300 3194 2659 3269 patriarcham
2696 3201 3113 3255 Alexandrinum
3161 3202 3390 3271 scripsit,
3428 3205 3565 3257 hanc
3608 3205 3885 3273 epistolam

2300 3291 2602 3343 thesaurum
2633 3292 2938 3345 nominarit.

2368 3378 2457 3432 25.
2486 3378 2679 3434 Tertio
2732 3381 2998 3435 recitatur
3033 3382 3280 3452 ejusdem
3320 3383 3557 3454 epistola
3577 3385 3789 3453 quinta,
3815 3384 3881 3437 ad

2298 3468 2578 3524 Iustinum
2608 3470 2892 3526 Juniorem
2925 3482 3021 3527 aut
3071 3474 3258 3543 potius
3297 3475 3671 3529 Iustinianum
3711 3476 3884 3544 impe-

2301 3568 2564 3627 ratorem,
2625 3561 2679 3615 in
2706 3562 2927 3631 Synodo
2966 3564 3208 3633 generali
3242 3580 3339 3629 vn,
3372 3580 3540 3636 agens
3578 3575 3770 3619 contra
3801 3567 3883 3618 in-

2298 3653 2586 3707 solentiam
2623 3653 3016 3708 Samarilarum
3046 3673 3061 3721 ;
3122 3673 3286 3727 quam
3319 3659 3347 3728 §
3382 3673 3500 3728 seq.
3548 3657 3879 3726 descriptam

2298 3740 2575 3797 dabimus.
2613 3741 2877 3807 Quamvis
2906 3752 3089 3798 autem
3130 3746 3259 3801 istic
3293 3747 3510 3801 dicatur
3532 3747 3748 3801 Justino
3790 3745 3880 3799 Ju-

2298 3832 2443 3885 niori
2488 3833 2785 3903 inscripta,
2848 3834 3077 3890 inclinat
3133 3846 3317 3892 tamen
3360 3838 3581 3891 animus
3636 3853 3746 3890 non
3790 3852 3878 3907 pa—

2299 3939 2419 3976 rum
2452 3924 2527 3986 ei,
2566 3934 2624 3978 ut
2659 3933 2873 3993 putem,
2902 3925 2969 3979 ad
3001 3926 3373 3982 Justinianum
3427 3929 3612 3997 potius
3634 3970 3647 3987 .
3681 3928 3875 3983 Justini

2299 4014 2452 4068 illius
2482 4014 2829 4070 decessorem
2854 4058 2867 4082 ,
2911 4017 3095 4091 datam
3126 4033 3249 4073 esse
3285 4036 3297 4071 :
3332 4030 3445 4073 tum
3479 4019 3627 4090 quod
3666 4021 3765 4073 sub
3792 4020 3875 4075 Ju.

2299 4104 2537 4158 stiniano
2563 4105 2958 4159 Samaritarum
2995 4106 3224 4161 audacia
3255 4108 3379 4177 plus
3422 4108 3585 4162 solito
3639 4110 3874 4162 invalue-

2300 4195 2392 4259 rit,
2427 4196 2517 4248 vix
2551 4198 2769 4265 cognita
2800 4198 2902 4252 sub
2927 4200 3148 4254 Iustino
3171 4201 3417 4265 aliunde,
3448 4218 3612 4270 quam
3653 4218 3718 4255 ex
3758 4204 3872 4265 hac,

2298 4285 2366 4338 de
2398 4300 2505 4354 qua
2536 4286 2891 4357 ambigimus,
2928 4288 3218 4359 Symeonis
3253 4290 3510 4359 epistola,
3544 4291 3698 4344 velut
3726 4307 3752 4343 a
3778 4286 3874 4360 ‘po-

2300 4376 2542 4441 steriori,
2583 4387 2641 4431 ut
2664 4379 2969 4447 loquuntur
3016 4381 3071 4433 in
3127 4380 3381 4435 Scholis:
3415 4391 3528 4435 tum
3570 4383 3718 4451 quod
3766 4383 3875 4452 epi-

621 4487 693 4540 ιω
739 4486 1050 4557 Symeoncm
1087 4488 1397 4557 implevisse
1445 4504 1511 4542 ex
1538 4489 1666 4543 Vita
1720 4498 1955 4543 constat.
2009 4490 2194 4544 Annos

2303 4472 2441 4525 stola
2475 4470 2657 4526 Caroli
2686 4472 2885 4541 Magni,
2919 4489 2985 4526 ex
3017 4472 3323 4542 Capitulari
3352 4474 3419 4527 de
3447 4491 3554 4529 non
3586 4477 3873 4530 aderandis

618 4581 864 4648 quinque
910 4581 1090 4649 exegit
1125 4580 1178 4633 in
1248 4590 1476 4649 paterna
1513 4581 1679 4635 domo
1732 4596 1906 4650 usque
1939 4580 2007 4635 ad
2037 4590 2196 4636 terra:

623 4681 831 4723 mutum
860 4687 873 4734 ;
924 4671 1051 4723 hinc
1083 4686 1224 4723 unus
1252 4671 1473 4739 elapsus
1508 4670 1675 4725 fuerit
1701 4672 1752 4725 in
1778 4681 1964 4725 monte
1988 4687 2049 4725 ac
2077 4671 2195 4741 pri—

619 4762 723 4813 riis
748 4762 873 4814 vita:
900 4764 1223 4817 monastica:
1275 4762 1627 4824 rudimentis,
1657 4764 1977 4832 priusquam
2004 4762 2059 4815 in
2097 4777 2193 4816 co-

619 4852 861 4905 lumnam
883 4852 1293 4907 admitteretur.
1324 4854 1381 4907 In
1412 4854 1513 4907 hac
1556 4853 1865 4917 humiliori,
1899 4861 1956 4907 et
2010 4853 2196 4922 potius

619 4939 735 4992 basi
765 4955 929 5007 quam
964 4940 1241 5002 columna,
1270 4941 1372 4994 sub
1400 4941 1577 4995 oculis
1625 4941 1855 4996 Joannis
1899 4942 2027 4994 anni
2054 4941 2107 5004 6,
2139 4941 2194 4994 in

619 5030 882 5091 secunda,
937 5032 1103 5099 pedes
1131 5032 1198 5085 40
1228 5031 1529 5095 eminente,
1576 5032 1609 5085 8
1654 5033 1934 5085 transacti.
1992 5031 2195 5100 Sicque

620 5122 689 5173 ’.ΞΟ
723 5131 844 5174 erat
872 5137 1167 5184 annorum,
1202 5131 1263 5174 ut
1288 5123 1543 5175 meminit
1596 5138 1853 5191 expresse
1885 5123 2005 5176 Vita
2037 5138 2192 5175 num.

629 5211 719 5275 ’ἵε-2,
750 5227 875 5263 cum
924 5211 1050 5265 inde
1072 5212 1324 5281 migravit
1360 5212 1415 5265 in
1448 5213 1689 5266 Montem
1724 5213 2065 5268 Mirabilem:
2100 5212 2193 5267 ubi

630 5304 903 5371 reliquum
940 5302 1063 5356 vita:
1095 5312 1311 5373 tempus
1335 5303 1776 5371 eonfecit,annis
1836 5304 1901 5358 10
1933 5305 1988 5358 in
2038 5315 2189 5375 petra

619 5392 722 5445 sub
759 5392 875 5455 dio,
901 5392 970 5445 43
1004 5409 1177 5462 usque
1206 5394 1269 5447 ad
1300 5395 1511 5448 obitum
1549 5395 1605 5448 in
1641 5396 1897 5450 columna
1920 5406 2190 5464 perstans.

618 5481 995 5535 tbnrscntiunt
1054 5482 1140 5537 his
1192 5482 1415 5549 Mcuma,
1472 5495 1531 5539 et
1588 5486 1908 5556 Sjnaxaria,
1949 5503 2116 5541 unum
2149 5488 2193 5541 si

620 5573 802 5626 locum
832 5574 1098 5642 excipias,
1142 5575 1232 5627 ubi
1271 5577 1436 5629 stanti
1473 5575 1528 5629 in
1579 5577 1835 5630 columna
1871 5578 1940 5631 lt)
1992 5577 2191 5647 pcdmu

616 5681 791 5719 annos
830 5665 890 5717 l8
932 5665 1079 5733 ρι’οὸ
1110 5664 1378 5729 tribuunt,
1413 5666 1581 5731 facili,
1641 5677 1699 5721 ut
1735 5668 1910 5733 rides,
1952 5684 2143 5722 Ct't'orc
2179 5687 2189 5720 :

620 5756 705 5809 cui
734 5764 1141 5823 consequenter
1175 5754 1507 5812 inhaerentes
1540 5758 1859 5813 universum
1898 5760 2021 5814 \‘lliC
2057 5769 2193 5813 lt'lll-

2300 4559 2631 4631 imaginibus
2656 4562 2691 4615 Ι.
2718 4578 2790 4623 tv,
2814 4577 2864 4616 c.
2896 4562 2949 4623 5,
2975 4564 3044 4617 ab
3068 4562 3271 4617 Allatio
3307 4565 3360 4617 in
3390 4564 3734 4618 Diatribaliic
3759 4582 3871 4633 ir.)-

2298 4652 2461 4707 ducta
2490 4670 2502 4716 ;
2538 4663 2594 4707 ct
2626 4655 2729 4707 alia
2761 4654 3022 4707 Hadriani
3052 4655 3071 4708 l
3101 4671 3253 4724 papa:
3302 4656 3369 4709 ad
3417 4657 3673 4710 eumdem
3719 4658 3871 4710 Caro-

2300 4744 2413 4797 lum
2448 4761 2547 4814 pro
2579 4746 2787 4816 synodo
2814 4746 3031 4800 Nic-aena
3064 4763 3100 4800 ιι
3132 4747 3186 4799 in
3220 4746 3463 4800 editione
3506 4746 3867 4802 Conciliorum

2300 4836 2605 4912 Labbatana
2660 4838 2818 4893 dicta:
2864 4838 3077 4909 synodo
3126 4838 3420 4909 subjuncta
3456 4825 3721 4909 (utraque
3769 4856 3866 4893 non

2299 4930 2461 5001 longo
2490 4941 2614 5000 post
2669 4942 2913 5001 tempore
2950 4931 3175 5001 scripta)
3207 4932 3524 5001 exprimant
3555 4948 3750 4985 nonien
3775 4931 3864 4985 Ja-

2299 5024 2555 5087 stiniani,
2622 5039 2732 5075 non
2791 5023 3034 5076 Justini:
3099 5031 3214 5076 tum
3274 5023 3519 5093 denique
3577 5025 3740 5079 etiam
3788 5027 3861 5078 Vel

2302 5114 2557 5181 maxime,
2614 5114 2763 5184 quod
2818 5114 3002 5167 statim
3058 5114 3113 5168 in
3158 5115 3435 5184 principio
3490 5115 3746 5186 Epistolzc
3792 5118 3865 5169 di-

2298 5217 2495 5261 cantur
2542 5207 2829 5262 Samaritae
2887 5206 2943 5259 in
2995 5216 3241 5260 sanctum
3285 5207 3560 5278 templum.
3602 5210 3747 5278 quod
3777 5210 3863 5261 im~

2298 5307 2520 5367 perator
2562 5295 2890 5350 struendum
2945 5305 3260 5362 curaverat,
3314 5313 3412 5367 per
3454 5314 3731 5354 SUIDHIUIII
3759 5317 3861 5355 δρυ-

2298 5389 2384 5443 lus
2413 5398 2579 5457 atque
2620 5388 2959 5458 impietatem
3004 5389 3267 5444 smviisse.
3294 5391 3571 5446 Incertum
3602 5406 3777 5448 manet
3808 5413 3864 5449 ex

2298 5483 2553 5553 epistola,
2591 5490 2715 5534 uter
2740 5480 3021 5534 curaverit
3051 5498 3065 5545 ;
3110 5496 3220 5534 non
3252 5492 3438 5535 manet
3460 5498 3527 5537 ex
3567 5485 3866 5554 conjectura

2300 5574 2591 5643 probabili.
2628 5574 2765 5627 Cum
2801 5573 2950 5625 enim
2988 5572 3116 5626 totis
3159 5590 3251 5627 sex
3278 5574 3434 5627 libris
3466 5577 3783 5644 complexus
3808 5590 3867 5629 sll

2300 5644 2602 5732 Procopius
2635 5663 3078 5717 substructiones
3110 5676 3271 5733 atque
3300 5666 3535 5719 .edilicia
3564 5671 3745 5722 omnis
3783 5687 3863 5739 gr-

2299 5759 2446 5812 tzeris
2479 5758 2591 5813 fere
2630 5757 2939 5819 innumera,
2970 5757 3172 5827 tll‘iquc
3206 5770 3473 5813 it‘l'zttl‘df'i
3512 5780 3537 5813 ει
3573 5762 3864 5817 Justimiim
