4118 6512
274 418 419 482 2077

1412 412 2011 477 COMMENTARIUS
2050 414 2417 473 PIHZI'IUS.

3401 420 3539 482 2978

272 531 534 589 excitata.
572 528 825 597 interque
855 542 917 583 ea
952 534 1279 582 numeretur
1316 526 1578 595 templum
1610 524 1858 593 Dciparcc
1890 529 1929 582 Α
1964 523 2121 585 bens,
2178 524 2323 577 inter
2353 524 2458 577 alia
2500 525 2616 579 lirec
2658 525 2872 595 profert
2914 542 2981 580 ex
3023 526 3375 595 Epiphanio:
3414 529 3542 594 Qui-

273 621 521 692 Virginis
556 621 943 691 Porpliyreone
974 636 988 684 ;
1017 620 1163 673 circa
1208 632 1373 688 quam
1414 617 1692 671 civitatem
1724 627 1859 670 lem-

273 721 464 783 pestas
502 714 778 783 praecipue
814 711 1091 767 indicatur
1123 711 1437 766 deszeviisse
1464 753 1479 775 ,
1504 709 1704 764 Justini
1730 722 1859 762 vero

276 806 511 875 paucula
532 806 781 874 quzndam
811 813 1169 857 monumenta
1194 803 1263 856 ab
1298 801 1623 856 auctoribus
1646 815 1859 865 memo-

276 906 516 962 rentur;
550 895 706 950 facile
742 894 927 964 quivis
962 893 1308 964 dijudicabit,
1348 892 1455 946 utri
1486 890 1860 947 verosimilius

276 1002 343 1041 ac
376 989 585 1041 certius
611 986 727 1040 haec
764 986 997 1054 epistola
1028 985 1292 1053 inscripta
1329 982 1515 1038 luerit.

346 1076 439 1130 24.
479 1076 709 1143 Reliqua
746 1076 993 1145 ejusdem
1045 1076 1247 1144 scripta
1297 1079 1587 1129 enumerat
1625 1071 1860 1128 Allatius

276 1171 389 1223 hoc
417 1170 582 1223 modo
616 1188 628 1223 :
655 1172 708 1223 4.
745 1170 994 1240 Ejusdem
1018 1169 1304 1239 Τροπάρςα
1340 1172 1417 1231 si;
1444 1169 1533 1220 τὸν
1558 1169 1716 1235 ἆγιον
1768 1185 1861 1237 με·

274 1260 671 1331 γαλομάρτυρα
713 1262 1047 1332 Δημήτριον
1098 1262 1153 1312 ἐν
1181 1260 1256 1321 τῷ
1286 1261 1458 1329 Στίχῳ
1484 1278 1496 1290 ι
1529 1259 1782 1330 Troparia
1807 1259 1861 1312 in

274 1362 519 1405 sanctum
556 1370 806 1424 magnum
856 1362 1145 1424 martyrem
1204 1352 1522 1406 Demetrium
1560 1354 1613 1405 in
1660 1351 1858 1416 Sticho,

278 1443 351 1499 ‘26
384 1441 639 1497 Octobris.
701 1444 754 1496 5.
795 1442 1059 1512 Ejusdem
1092 1443 1243 1513 Εὐχὴ
1286 1443 1420 1512 πρὸς
1451 1443 1541 1494 τὸν
1566 1441 1715 1504 Υἱδν,
1756 1442 1863 1512 ἰδίᾳ

280 1535 422 1603 πρὸς
487 1536 612 1598 τοὺς
670 1533 1139 1604 παρενοχλοῦντας
1188 1532 1501 1603 λογισμούς’
1556 1531 1745 1587 Oratio
1793 1532 1861 1586 ad

281 1624 501 1687 Filium,
544 1623 951 1693 particulariter
1015 1623 1085 1677 ad
1138 1621 1468 1693 repellendas
1522 1620 1862 1674 obturbantes

280 1715 643 1786 cogitationes.
692 1713 1038 1782 Principium
1088 1723 1215 1769 est:
1253 1713 1499 1769 Δέσποτα
1525 1712 1698 1779 Κύριε
1752 1711 1862 1780 Ἰη-

282 1805 383 1856 σοῦ
423 1805 645 1874 Χριστὲ,
675 1805 812 1872 Λόγε
838 1806 929 1857 τοῦ
974 1804 1109 1857 Θεοῦ
1151 1803 1408 1866 ἀθάνατε,
1466 1802 1494 1857 ὁ
1544 1802 1653 1854 τῶν
1706 1800 1861 1871 μεγε-

284 1909 431 1949 στων
450 1894 676 1945 τουτωνὶ
706 1893 919 1960 φύσεων
950 1886 1198 1963 τεχνέτης
1225 1892 1316 1944 καὶ
1346 1891 1686 1960 κυϐερνήτης
1735 1890 1866 1943 Erat
1896 1870 1938 1923 Β

282 1998 350 2037 ea
373 1983 424 2035 in
442 1984 687 2038 Palatina
714 1992 769 2037 et
798 2000 969 2053 penes
1008 1983 1288 2038 Allatium.
1323 1982 1376 2035 6.
1410 1981 1661 2051 Ejusdem
1694 1979 1863 2049 Εὑχὴ,

282 2075 555 2145 λεγομένη
592 2075 729 2145 μετὰ
755 2074 1011 2144 δακρύων
1040 2076 1118 2137 εἰς
1159 2074 1250 2126 τὸν
1303 2070 1508 2143 Κύρμον
1564 2072 1719 2141 ἡμῶν
1763 2073 1867 2140 ’1ης

286 2165 418 2218 σοῦν
470 2167 727 2236 Χριστὸν,
770 2168 899 2219 ὅταν
956 2166 1282 2240 ἐπέρχονται
1320 2167 1367 2217 oi
1421 2164 1675 2233 λογισμοὶ
1729 2180 1866 2234 πορ-

285 2255 459 2317 νείας·
496 2256 680 2310 Oratio
724 2254 999 2310 recitando
1053 2272 1169 2309 cum
1211 2255 1457 2325 lacrymis
1488 2253 1557 2307 ad
1582 2252 1868 2307 Dominum

288 2358 529 2404 nostrum
552 2346 734 2401 Iesum
773 2347 1058 2413 Christum,
1096 2364 1229 2401 cum.
1258 2347 1540 2417 insurgunt
1597 2346 1871 2416 cogitatio-

290 2453 389 2491 nes
412 2438 897 2507 fornicationis.Est
938 2438 1272 2509 principium
1305 2454 1319 2492 :
1348 2438 1520 2507 Κύριε
1546 2437 1720 2504 ’1ησοῦ
1738 2439 1872 2508 Χρι-

290 2530 411 2593 στὲ,
442 2531 578 2599 Λόγε
607 2530 701 2587 τοῦ
723 2528 880 2596 Θεοῦ,
900 2531 1037 2597 Λόγε
1051 2530 1309 2589 aliave-ca,
1337 2531 1363 2582 ὁ
1394 2528 1467 2601 μὴ
1492 2528 1870 2602 καταισχύνων

287 2622 420 2683 τοὺς
480 2622 571 2673 ἐπὶ
636 2622 716 2675 σοὶ
759 2620 1111 2682 πεποιθότας.
1146 2621 1204 2677 lu
1233 2621 1517 2685 Vaticana,
1561 2623 1675 2676 (Tod
1745 2623 1868 2677 798.

291 2710 350 2764 8.
374 2708 643 2777 Ejusdem.
678 2710 822 2779 Εὐχή
854 2710 953 2777 τῆς
1018 2711 1327 2781 ὑπεραγίας
1352 2712 1615 2765 Θεοτόκου
1661 2715 1740 2776 εἰς
1780 2730 1883 2765 ποε

289 2800 493 2871 νηροὺς
519 2799 836 2871 λογισμούς·
872 2802 1055 2856 Oratio
1088 2804 1141 2856 in
1166 2804 1557 2858 sanctissimam
1582 2802 1874 2873 Deiparam

290 2907 396 2963 pro
468 2893 643 2959 pravis
715 2893 1138 2964 cogitationibus.
1197 2894 1579 2963 Principium:
1626 2895 1876 2963 Παναγία

293 2983 530 3035 Θεοτόκε
574 2984 874 3049 ὰποδίωξον
941 2987 1065 3046 τοὺς
1099 2986 1370 3055 πονηροὺς
1408 2988 1500 3040 καὶ
1532 2986 1877 3059 ἀκαθάρτους

291 3075 616 3144 λογισμούς.
658 3075 884 3130 Ibidem.
918 3076 1283 3143 Praeterliatc,
1322 3078 1390 3131 ab
1426 3078 1626 3133 Allatio
1664 3066 1877 3137 indica?

294 3178 376 3232 ta,
396 3176 571 3222 exstat
588 3183 809 3237 quoque
823 3168 1065 3237 Epistola
1085 3170 1205 3237 ejus
1233 3170 1287 3223 ir.
1314 3169 1433 3255 Vita
1452 3169 1625 3224 beatae
1650 3169 1874 3224 Martlue
1902 3198 1943 3256 ε

294 3259 510 3313 matris.
528 3258 772 3313 [labetur
789 3267 970 3314 autem
1002 3259 1147 3315 dicta
1168 3256 1413 3330 Epistula
1425 3278 1481 3315 n.
1504 3262 1589 3321 69,
1612 3262 1875 3333 inscripta

295 3350 721 3421 Stauropliylaci
751 3359 960 3405 sancta:
991 3352 1425 3406 resurrectionis
1457 3352 1877 3424 Hierosolymis,

296 3456 477 3511 quem
511 3441 578 3495 de
614 3441 792 3496 salute
818 3445 1041 3501 anxium
1083 3443 1310 3507 animat,
1335 3458 1399 3497 ac
1434 3453 1644 3514 partem
1676 3454 1879 3500 sancta:

298 3531 488 3588 crucis
535 3542 710 3603 rogat.
747 3534 927 3601 Atque
979 3544 1183 3603 praiter
1212 3535 1327 3589 haec
1351 3536 1530 3589 omnia
1557 3578 1571 3601 ,
1610 3536 1714 3591 alia
1745 3553 1882 3606 quo-

299 3638 412 3695 que
444 3622 595 3675 illum
633 3624 917 3694 scripsisse
941 3639 1048 3677 non
1072 3639 1270 3693 pauca,
1305 3641 1424 3693 quac
1458 3634 1765 3695 temporum
1799 3627 1882 3680 in-

296 3712 449 3783 juria
490 3698 728 3781 periere,
764 3713 819 3767 in
872 3700 1158 3781 comperto
1199 3720 1282 3767 est
1317 3728 1383 3766 ex
1414 3714 1648 3783 epistola
1675 3715 1743 3769 de
1774 3730 1880 3784 qua

302 3812 433 3863 mox
461 3843 475 3867 ,
528 3812 721 3857 contra
770 3804 1091 3867 Samaritas,
1121 3820 1242 3874 qum
1287 3807 1470 3876 quinta
1524 3805 1881 3875 indigitatur,

300 3894 388 3948 sic
426 3905 484 3948 ut
510 3893 629 3947 aliae
663 3894 978 3947 necessario
1001 3896 1407 3962 praecesserint.
1438 3895 1645 3949 Eodem
1677 3896 1883 3949 faciunt

304 3984 574 4053 Evagrius
611 3992 667 4037 et
692 3983 840 4045 Vita,
884 3999 1048 4052 quam
1083 3984 1277 4039 damus
1308 4003 1320 4037 :
1354 4000 1589 4054 quorum
1622 3985 1713 4039 ille
1740 3985 1779 4039 l.
1808 4000 1883 4046 vi,

302 4091 361 4130 c.
411 4075 503 4141 '25,
552 4074 708 4138 dicit,
756 4075 859 4129 ista
922 4090 979 4129 n.
1018 4074 1118 4131 190
1169 4076 1446 4132 Justinum
1489 4074 1779 4146 epistolam
1854 4089 1885 4129 a

308 4175 508 4223 sancto
533 4166 839 4237 accepisse.

310 4328 442 4403 εν.
471 4326 715 4398 Epistola
755 4328 925 4380 sancti
953 4324 1226 4403 ngeonis
1279 4326 1349 4403 ad
1388 4326 1656 4403 Iustinum
1700 4327 1891 4382 Junio-

612 4413 723 4450 rem
747 4406 933 4450 contra
971 4397 1276 4450 Samaritas
1308 4397 1601 4449 hwreticos.

1962 633 2085 668 nam
2126 634 2245 669 vero
2273 617 2467 685 fuerint
2525 617 2833 693 Samaritar,
2890 636 3041 672 nemo
3087 622 3139 672 iu
3179 621 3366 674 divinis
3418 638 3537 674 ver-

1960 715 2106 760 satus
2135 707 2421 775 Seriptu'ris
2450 709 2680 776 ignorat.
2709 708 2777 761 1Ιὶ
2815 717 2959 769 sunt,
2988 710 3075 777 qui
3105 726 3222 761 cum
3256 710 3407 763 diuisi
3459 726 3541 763 cs-

1963 807 2146 852 senta
2202 798 2420 860 luditis,
2459 815 2561 851 non
2613 799 2885 867 templum,
2952 817 3054 853 non
3107 802 3395 868 sacriﬁcia,
3461 802 3544 856 vel

1961 890 2299 942 rwremonias
2335 904 2636 941 communes
2679 907 2795 942 cum
2845 890 2950 944 illis
2987 888 3247 945 habebant
3272 909 3289 943 :
3320 909 3544 962 cumque

1964 980 2192 1049 quinque
2226 988 2432 1032 tantum
2468 979 2659 1048 Mogsis
2714 980 2873 1034 libros
2910 983 3216 1046 retinerent,
3264 984 3546 1052 prophetas

1967 1088 2029 1124 ac
2063 1079 2257 1135 caztera
2312 1072 2503 1124 divina:
2563 1070 2855 1141 Scriptura:
2898 1072 3168 1126 volumina
3222 1074 3547 1143 negligenter

1964 1162 2309 1233 rejiciebant;
2340 1180 2443 1216 non
2501 1164 2769 1216 credentes
2817 1167 3252 1217 resurrectionem
3308 1174 3544 1219 mortuo-

1964 1271 2121 1319 rum;
2162 1265 2413 1323 negantes
2443 1263 2492 1307 et
2523 1253 2779 1324 Spiritum
2833 1264 3103 1311 sanctum.
3128 1257 3289 1311 Plura
3333 1258 3375 1311 si
3415 1257 3501 1311 vis
3528 1298 3543 1320 ,

1963 1332 2146 1412 qumre
2178 1345 2319 1413 apud
2362 1345 2539 1414 ipsum
2576 1344 2945 1415 Epiphaniam
2976 1346 3040 1403 in
3068 1346 3328 1399 Panario.

2034 1436 2124 1490 26.
2156 1435 2326 1490 Iidem
2364 1436 2487 1489 aliis
2517 1437 2836 1490 successive
2868 1438 3087 1490 saeculis
3135 1437 3419 1506 impietate
3481 1454 3545 1491 ac

1966 1525 2273 1581 sceleribus
2323 1526 2833 1591 famosi,licentius
2882 1541 3045 1595 agere
3079 1536 3368 1594 creperum
3408 1535 3546 1580 tem-

1965 1618 2194 1687 poribus
2228 1619 2486 1673 Zenonis.
2514 1617 2646 1673 Cant
2670 1618 2810 1672 enim
2837 1620 3077 1672 coiisscnt
3108 1619 3299 1680 subito,
3327 1628 3388 1672 ut
3415 1617 3549 1673 scri-

1967 1711 2047 1765 bit
2087 1711 2445 1779 Procopiusl.
2473 1726 2507 1763 ν
2536 1710 2601 1762 de
2625 1708 2792 1779 ίΕάὶῙ.
2826 1725 2877 1764 c.
2919 1711 2971 1773 7,
3008 1710 3148 1779 facto
3174 1708 3401 1778 Neapoli
3443 1710 3547 1762 im-

1967 1811 2086 1872 petu
2103 1805 2155 1855 in
2171 1802 2517 1864 Christianos,
2538 1804 2727 1871 festum
2739 1803 2795 1854 in
2814 1800 3028 1853 ecclesia
3054 1799 3396 1862 celebrantes,
3410 1802 3549 1871 quoi

1967 1893 2274 1947 Pentecoste
2304 1904 2542 1952 vocatur,
2571 1891 2765 1945 multos
2794 1890 3078 1958 conﬁciunt
3109 1908 3126 1955 ;
3167 1891 3385 1944 illorum
3434 1892 3550 1961 epi-

1967 2000 2185 2054 scopum
2222 1984 2610 2036 Terebinthium
2640 1998 2810 2039 sacrm
2842 1998 3035 2035 mensw
3080 1991 3348 2036 astantem
3394 1998 3550 2034 occu-

1969 2081 2121 2143 pant,
2153 2073 2557 2141 oﬁ'erentemque
2590 2071 2854 2142 ineffabile
2885 2071 3207 2139 sacriﬁcium
3258 2072 3453 2143 gladiis
3480 2073 3552 2141 fe-

1970 2165 2137 2225 riunt,
2157 2162 2463 2217 vulneribus
2496 2163 2801 2226 concidunt,
2832 2179 3093 2215 manuum
3129 2171 3381 2217 truncant
3424 2164 3554 2233 digi-

1971 2254 2068 2318 tis;
2098 2253 2453 2322 mysteriaque
2482 2253 3048 2322 injuriosetractantes
3072 2292 3087 2314 ,
3115 2252 3327 2320 piacula
3357 2268 3549 2323 perpe-

1972 2353 2117 2398 trant
2163 2346 2324 2414 digna
2361 2343 2746 2410 Samaritanis,
2800 2345 2945 2398 nobis
2990 2344 3198 2398 silentio
3244 2344 3552 2415 premenda.

1971 2434 2346 2489 Renuntiante
2402 2434 2520 2489 hcce
2553 2434 3095 2504 Constantinopolim
3131 2444 3187 2489 et
3210 2435 3546 2489 ostendente

1975 2526 2032 2583 in
2064 2541 2122 2583 se
2156 2527 2395 2584 admissa
2455 2528 2667 2581 scelera
2720 2525 3109 2590 Terebintliio,
3152 2527 3551 2581 Samaritarum

1973 2618 2281 2679 insolentia
2299 2620 2368 2673 ab
2400 2619 2734 2689 imperatore
2757 2618 2927 2675 armis
2946 2637 3197 2691 repressa
3221 2630 3324 2676 est.
3350 2621 3557 2676 Deinde

1974 2711 2178 2767 iterum
2250 2712 2424 2765 moliti
2484 2713 2639 2766 varia
2694 2713 2798 2767 sub
2851 2715 3145 2768 Anastasio
3193 2714 3558 2783 imperatore,

1976 2802 2176 2855 iterum
2213 2818 2404 2872 pennas
2441 2803 2924 2865 dederunt,etiam
2966 2820 3275 2874 supremas.
3308 2805 3554 2875 Denique

1977 2893 2081 2948 sub
2105 2893 2420 2949 Iustiniano
2452 2895 2837 2951 crudelissime
2868 2898 3117 2951 omnium
3159 2898 3470 2960 saevientes,
3491 2913 3558 2953 ea

1977 2994 2265 3054 patrarunt
2282 3001 2473 3054 opera,
2497 3002 2621 3055 qua:
2641 2988 2822 3041 audiri
2852 2987 2972 3042 sine
2989 2988 3224 3043 horrore
3252 3000 3559 3059 nequeunt.

1978 3074 2059 3127 Ita
2108 3074 2504 3129 describuntur
2533 3092 2565 3129 a
2624 3077 2829 3148 Cyrillo
2871 3079 2927 3131 in
2980 3079 3105 3133 Vita
3149 3088 3354 3135 sancta:
3379 3080 3559 3141 Saba.

1979 3180 2103 3233 qua:
2131 3164 2317 3220 Graeca
2350 3182 2521 3235 penes
2554 3183 2653 3222 nos
2672 3177 2778 3231 est,
2808 3168 2989 3222 danda
3024 3169 3055 3221 5
3083 3169 3426 3224 Decembris.

2048 3256 2138 3310 27.
2164 3258 2394 3329 Jamque
2426 3278 2603 3313 rerum
2641 3262 2836 3330 potitus
2866 3261 3203 3315 Justinianus
3248 3263 3564 3317 moderaba-

1979 3360 2067 3404 tur
2113 3352 2414 3420 imperium,
2445 3369 2565 3404 cum
2611 3353 2667 3405 in
2712 3352 3004 3406 Palaestina
3038 3370 3161 3422 gens
3209 3352 3563 3408 Samaritana

1982 3457 2154 3511 regem
2184 3442 2280 3495 sibi
2302 3442 2578 3496 lulianum
2601 3444 2901 3513 quemdam,
2939 3452 2986 3496 et
3018 3446 3189 3514 ipsum
3213 3443 3563 3505 Samaritam.

1983 3532 2248 3603 eligentes,
2280 3534 2451 3586 multa
2501 3535 2881 3589 contumeliose
2906 3536 3157 3589 adversus
3199 3534 3566 3591 Christianum

1984 3638 2172 3674 nomen
2200 3623 2315 3674 ausi
2348 3623 2581 3691 fuerunt.
2627 3623 2854 3691 Templis
2888 3640 3119 3694 namque
3154 3626 3371 3695 direptis
3396 3626 3567 3695 subji-

1984 3712 2187 3765 ciebant
2209 3714 2421 3782 ignem;
2456 3713 2781 3767 Christianos
2810 3714 3033 3781 inﬁnitis
3084 3718 3413 3770 excruciatos
3460 3725 3571 3770 tor-

1986 3804 2173 3856 mentis
2231 3805 2440 3857 tandem
2491 3807 2650 3858 morti
2697 3806 3243 3870 tradebant;t'icinos
3292 3825 3455 3878 pagos
3488 3810 3572 3861 in-

1986 3894 2310 3946 cursionibus
2343 3888 2777 3964 populabantur;
2811 3907 3119 3950 sanctorum
3160 3903 3331 3952 thecas
3366 3899 3573 3969 diﬂ'rin-

1988 3993 2185 4053 gentes,
2245 3987 2595 4040 imminebant
2654 3990 2710 4041 in
2759 3990 3012 4057 ﬂammas
3042 4004 3059 4041 :
3089 4000 3138 4041 et
3189 3990 3299 4041 lucc
3350 3991 3572 4044 smitirs

1989 4078 2253 4146 pra'cipue
2281 4094 2381 4130 non
2434 4079 2717 4154 adpiodum
2771 4082 2983 4132 remotis
3021 4078 3251 4150 Neapoli
3289 4081 3577 4151 grassaba-

1991 4175 2078 4219 tur
2126 4166 2270 4221 locis.
2300 4166 2468 4220 Porro
2518 4170 2815 4238 episcopum
2849 4168 3176 4222 sustulerunt
3201 4168 3398 4237 gladio,
3431 4183 3577 4221 com-

1991 4259 2356 4327 prehensisque
2427 4258 2741 4326 quibusdam
2796 4259 3107 4329 presbyteris
3142 4300 3156 4322 ,
3238 4259 3572 4312 membratim

1993 4348 2162 4417 primo
2195 4365 2256 4400 ac
2297 4348 2566 4416 frustatim
2594 4348 2715 4401 illos
2739 4358 3039 4411 secuerunt,
3074 4365 3300 4417 cumque.
3332 4349 3571 4419 reliquiis

1995 4449 2293 4509 martyrum
2317 4441 2367 4492 in
2391 4440 2663 4509 sartagine
2704 4440 2966 4507 [riserunt
2994 4457 3011 4494 :
3044 4441 3267 4509 denique
3306 4440 3454 4493 nullo
3479 4458 3589 4492 and

385 4527 473 4582 ΕΒ.
503 4526 694 4581 Fidem
727 4525 1015 4590 solvimus,
1043 4542 1147 4594 qua
1181 4540 1238 4578 se
1272 4522 1567 4578 obstrinxit
1589 4523 1890 4577 Bollandus
1923 4522 1967 4580 D
1998 4532 2166 4585 ducite
2196 4540 2288 4583 aut
2316 4530 2646 4584 contumelia:
2674 4547 2864 4600 genere
2884 4541 3071 4585 contra
3101 4530 3427 4586 Christianos
3454 4532 3577 4585 abs-

308 4621 379 4675 ad
414 4620 448 4674 5
493 4620 721 4674 Ianuari
755 4619 810 4671 in
845 4618 970 4671 Vita
997 4618 1108 4687 jam
1136 4632 1278 4685 saepe
1327 4616 1617 4670 memorati
1665 4616 1892 4687 Symeo-

312 4714 401 4767 nis
427 4710 637 4781 Stylitae
689 4708 960 4784 Senioris,
1023 4722 1123 4778 per
1178 4708 1587 4776 Metaphrasten
1645 4708 1889 4775 scripta,

308 4818 436 4870 cap.
470 4802 553 4859 Η,
578 4808 770 4853 annot.
801 4799 856 4863 d,
901 4813 1027 4852 cum
1056 4798 1222 4852 latius
1252 4799 1343 4851 hic
1372 4798 1439 4852 de
1467 4796 1752 4852 Samaritis
1795 4812 1890 4850 seu

313 4892 678 4947 Samaritanis
717 4889 990 4959 agendum
1017 4890 1316 4957 promittit.
1342 4886 1611 4957 Neapolis,
1650 4886 1895 4941 Ilcbrzeis

314 4980 521 5045 Sichen,
554 4997 649 5036 seu
675 4979 877 5035 Sichem
901 4988 956 5033 et
973 4978 1225 5043 Sichima,
1248 4978 1383 5031 urbs
1412 4985 1498 5031 est
1510 4976 1818 5030 Palaestina:
1842 4976 1897 5029 in

315 5056 566 5128 Samaria
634 5071 984 5141 episcopalis,
1046 5069 1212 5124 hodie
1268 5068 1382 5123 fere
1437 5067 1716 5121 exstincta
1774 5075 1831 5121 et
1868 5082 1897 5120 a

318 5166 517 5237 paucis
555 5166 802 5220 habitata
835 5183 847 5217 :
883 5164 1057 5218 distat
1113 5179 1141 5217 a
1197 5162 1448 5217 Samaria
1496 5163 1634 5215 urbe
1661 5177 1711 5214 rx
1743 5161 1800 5215 P.
1828 5161 1897 5214 Μ.

318 5263 375 5313 in
412 5260 691 5314 Austrum.
723 5258 984 5311 Imminet
1016 5256 1137 5309 urbi
1160 5270 1319 5309 mons
1349 5256 1512 5319 altus,
1538 5254 1778 5309 Garizim
1811 5268 1903 5306 no-

318 5351 492 5413 mine,
520 5364 683 5417 quem
718 5349 851 5403 olim
884 5348 937 5401 in
991 5347 1354 5401 veneratione
1387 5346 1667 5400 habebant
1693 5358 1747 5399 et
1770 5360 1898 5415 prc-

319 5441 556 5495 rationis
598 5456 761 5495 causa
806 5440 1030 5494 adibant
1088 5439 1421 5495 Samaritani
1458 5456 1468 5491 :
1519 5454 1755 5506 quorum
1789 5439 1898 5507 jam

322 5547 440 5587 tum
493 5533 697 5588 Christi
752 5533 1093 5601 temporibus
1147 5540 1356 5587 sectam
1393 5531 1665 5584 Baronius
1716 5529 1899 5582 tom.l

324 5627 522 5687 Annal.
556 5626 692 5680 locis
736 5625 922 5689 variis,
966 5624 1241 5695 praecipue
1285 5625 1337 5677 in
1370 5625 1646 5692 .«tpparatu
1682 5622 1897 5677 αμογί-

2002 4622 2292 4674 tinnerunt.
2345 4620 2472 4674 Ηίεο
2525 4618 2924 4673 immanissima
2978 4620 3207 4674 scelera.
3262 4627 3316 4674 et
3371 4619 3417 4673 si
3472 4634 3580 4689 qua

2003 4720 2288 4783 praeterea,
2311 4710 2457 4765 circa
2481 4710 2940 4781 Porpliyrionem,
2961 4719 3021 4765 ut
3047 4720 3579 4781 putamus,'patrata.

2003 4812 2306 4874 potuerunt
2340 4818 2369 4856 a
2420 4802 2718 4857 mitissimo
2750 4802 2871 4856 viro
2903 4810 2959 4856 et
2991 4802 3210 4856 miseris
3259 4818 3584 4857 succurrere

2002 4893 2437 4962 promptissimo,
2471 4892 2567 4946 ubi
2632 4891 2806 4962 gloria
2856 4890 2956 4945 Dei
3012 4902 3071 4945 et
3104 4891 3455 4945 incolumitas
3486 4892 3587 4945 Ee-

2001 4984 2169 5039 clesia
2216 4984 2596 5053 periclitatur,
2661 4983 2917 5052 exemplo
2982 4984 3214 5037 aliorum
3246 4993 3586 5044 sanctorum,

2005 5072 2317 5128 istiusmodi
2356 5068 2699 5142 extorquere
2749 5072 3066 5141 epistolam,
3100 5074 3321 5141 qualem
3364 5073 3589 5142 subjici-

2007 5181 2148 5227 mns,
2177 5165 2241 5219 ad
2268 5165 2639 5220 Justiuianum
2675 5166 2759 5231 (ut
2798 5180 2966 5233 supra
3010 5164 3376 5233 probabiliter
3419 5165 3581 5217 susti-

2007 5258 2225 5327 nemus)
2262 5257 2470 5311 datam.
2504 5256 2703 5326 Ipsam,
2733 5273 2844 5311 non
2902 5266 2961 5311 ut
3012 5256 3283 5309 Duronius
3316 5255 3484 5309 habet
3523 5270 3590 5308 es

2009 5347 2254 5401 editione
2290 5348 2511 5402 concilii
2551 5362 2616 5401 tu
2662 5347 2869 5401 Niemni
2902 5347 3117 5409 I.atina,
3152 5346 3247 5399 sed
3274 5360 3338 5399 ex
3370 5345 3591 5398 Graeco—

2007 5440 2223 5504 Latina,
2254 5456 2568 5509 quanquam
2605 5454 2715 5493 non
2771 5440 2905 5493 satis
2935 5450 3204 5495 accurate
3250 5438 3590 5500 translatam,

2008 5540 2069 5584 ut
2100 5530 2224 5583 istic
2260 5530 2495 5585 Aetione
2514 5530 2723 5583 Eversa
2750 5537 2855 5591 est,
2882 5529 2971 5582 liic
2990 5529 3179 5598 accipe
3213 5569 3226 5582 .
3255 5524 3443 5597 utpote
3466 5542 3593 5579 cum

2006 5630 2266 5675 (‘Onlt‘Xill
2296 5622 2540 5677 auctoris
2562 5620 2733 5675 Grani
2766 5620 2936 5691 magis
2962 5619 3392 5675 eoneoriantem
3420 5616 3520 5687 (I).

397 5838 469 5907 (i)
500 5834 651 5895 lianc
692 5832 990 5904 Epistulam
1033 5830 1171 5889 infra
1206 5831 1419 5890 damus.
1458 5842 1571 5900 post
1613 5831 1789 5885 Vitam
1826 5828 1877 5883 Γν.
1915 5830 2224 5899 ςςξξνρηιιίδ.
