4118 6464
620 325 768 389 ἓως)

1899 327 1958 384 S.
2002 324 2303 385 SYMEON
2342 325 2621 385 JUNIOR

3749 326 3907 390 2930

699 440 787 491 3|.
827 436 1102 491 Hactenus
1124 434 1381 504 epistola,
1425 445 1532 488 tam
1595 434 1713 488 zelo
1770 434 1973 488 divina:
2014 434 2202 504 gloria!
2233 441 2276 495 Α
2306 437 2549 505 insignis,
2584 435 2751 488 multa
2785 444 2834 488 et
2865 437 2996 490 dixit
3020 447 3069 490 ct
3095 437 3237 505 fecit,
3277 453 3394 507 qua’
3422 437 3705 506 imperium
3736 437 3902 491 Hau-

628 524 869 593 odioque
895 524 1173 577 seelerum
1219 529 1401 593 plena,
1439 540 1602 591 quam
1634 538 1741 576 non
1819 523 2086 575 instructa
2142 524 2208 575 ab

630 616 875 669 oratorio
932 615 1229 669 verborum
1263 618 1492 677 urnam;
1553 613 1697 682 quod
1756 622 1935 667 tamen
1990 612 2208 668 olliecrc

630 708 769 760 nihil
816 706 985 760 debet
1055 716 1137 773 (ut
1208 708 1323 758 vult
1378 704 1630 773 epistola,
1672 719 1835 770 quam
1870 703 2103 756 Albitius
2154 703 2207 755 in

631 797 877 849 Diatriba
902 797 1011 859 hic,
1044 796 1145 849 sub
1182 796 1404 849 nomine
1455 792 1638 847 Caroli
1700 794 1873 861 ltlagni
1932 792 2207 861 producit)

631 890 928 955 quiiminus
976 888 1214 955 genuina
1271 887 1445 939 sancti
1492 886 1762 955 Symeonis
1804 886 2054 947 dicatur,
2099 885 2207 935 vim

630 978 1048 1047 signiﬁcationis
1100 978 1282 1046 potius
1308 992 1469 1045 quam
1533 978 1721 1029 fucum
1766 974 2033 1029 orationis
2082 989 2207 1042 spe-

630 1071 854 1123 ctantis.
883 1070 1107 1123 Refutat
1142 1071 1375 1122 Allatius
1409 1070 1530 1123 loco
1571 1072 1738 1121 citato
1770 1067 1970 1120 dictam
1998 1068 2208 1134 episto-

628 1164 761 1227 lam,
793 1165 1209 1232 lizecprtncipuc
1253 1172 1575 1231 argumenta
1627 1162 1998 1231 complexam;
2061 1160 2206 1228 quod

631 1256 1166 1309 sanctuslustiniani
1218 1256 1551 1323 imperatoris
1613 1270 1768 1307 cutes
1811 1253 2014 1305 divinas
2069 1269 2208 1303 nun-

634 1351 945 1416 cupaverit;
981 1348 1124 1415 quod
1151 1349 1387 1398 eunulem
1432 1348 1791 1399 rnisrricordia
1834 1347 1909 1397 uti
1936 1345 2211 1413 prohibue-

634 1440 701 1489 rit
735 1454 753 1501 ;
788 1438 934 1506 quod
972 1440 1061 1505 qui
1091 1439 1340 1490 debuerat
1377 1440 1517 1489 iram
1558 1438 1692 1504 regis
1729 1436 2018 1504 refrenare,
2054 1434 2208 1486 illam

630 1530 798 1596 magis
826 1530 1096 1597 magisque
1115 1530 1476 1591 succenderit;
1512 1528 1656 1596 quod
1677 1528 1789 1597 ejus
1818 1525 2054 1593 exemplo
2086 1542 2208 1578 usus

636 1635 740 1671 non
785 1620 873 1679 sit,
924 1622 1015 1688 qui
1044 1622 1301 1673 neminem
1344 1620 1453 1672 vult
1504 1620 1674 1687 perire
1705 1634 1723 1670 :
1778 1617 1921 1685 quod
1970 1617 2209 1684 denique

635 1713 799 1763 cidem
825 1713 1136 1778 imperatori
1178 1712 1342 1763 Deum
1402 1725 1727 1778 conregnare
1782 1709 1993 1759 dia'erit.
2042 1707 2207 1761 Vides

630 1818 793 1869 quam
821 1802 1118 1856 inelllcacia
1159 1804 1268 1855 sint
1316 1801 1520 1863 omnia,
1572 1802 1707 1853 adeo
1748 1809 1809 1853 ut
1854 1813 2036 1867 operre
2080 1814 2205 1866 pre-

634 1894 764 1944 tium
801 1909 907 1946 non
964 1894 1035 1947 sit
1074 1894 1335 1946 refutare.
1393 1895 1661 1961 Resurgat
1719 1893 1984 1961 propheta
2039 1892 2206 1956 Elias,

632 1986 753 2035 zelo
814 1984 1013 2036 divinze
1055 1985 1240 2052 gloria:
1279 1999 1605 2043 succensus,
1638 1983 1857 2050 gravius
1918 1984 2092 2037 multo
2153 1984 2205 2036 in

632 2074 839 2127 scolera
881 2075 1191 2127 istiusmodi
1252 2076 1565 2133 iuvehetur,
1616 2074 1692 2126 uti
1744 2075 1895 2131 olim,
1958 2074 2136 2142 ignem
2178 2087 2208 2125 e

633 2163 773 2215 cmlo
806 2178 1111 2216 accersens.
1155 2163 1207 2215 Si
1264 2164 1390 2231 quis
1456 2164 1689 2217 refutatu
1725 2164 1975 2233 pluribus
2035 2163 2205 2231 cupit,

636 2255 794 2306 adeat
831 2257 1057 2306 citatum
1090 2256 1275 2308 Allatii
1318 2255 1497 2308 locum
1541 2272 1552 2305 :
1585 2269 1687 2308 nos
1716 2254 1769 2307 in
1802 2270 1881 2316 re,
1936 2270 2044 2306 non
2106 2253 2202 2305 ad-

635 2344 858 2398 modum
896 2345 960 2399 ad
994 2345 1305 2399 institutum
1330 2354 1579 2399 nostrum
1629 2344 1886 2407 faciente.
1930 2342 2207 2411 longiores

637 2437 804 2490 etiam
858 2436 1083 2501 fuimus,
1135 2453 1298 2507 quam
1327 2454 1425 2506 par
1451 2445 1570 2490 est:
1622 2435 1715 2489 sed
1762 2435 2031 2504 promissa
2083 2434 2207 2486 Bol-

632 2528 780 2583 landi
814 2530 1096 2583 solvimus.

733 2699 760 2770 ᾗ
793 2700 878 2753 Vl.
902 2730 971 2739 ——-
1003 2700 1370 2823 Memorabig’a
1421 2700 1483 2752 de
1535 2707 1717 2753 saneto
1747 2697 2005 2769 Symeonc
2040 2716 2100 2753 (γι-

1340 2787 1542 2823 vaarzo.

1340 2787 1542 2839 vagrzo.

695 2902 785 2956 3‘2.
823 2902 1128 2955 Plurimum
1159 2900 1502 2953 auctoritatis
1554 2908 1849 2953 COllClltitl‘C
1879 2896 2042 2951 debet
2072 2898 2207 2953 Viue

629 3002 831 3045 nostra:
864 2991 1129 3060 Evagrius
1162 2990 1559 3051 Scholasticus,
1594 3006 1689 3056 per
1741 2990 1829 3041 illa
1856 3006 1977 3057 qua:
2028 2991 2081 3041 iu
2114 2982 2201 3041 lli:

2314 526 2437 583 ritio
2472 526 2810 579 nuntiabant.
2843 526 3106 592 Quasnam
3141 543 3274 583 vero
3330 528 3420 581 illa
3452 529 3585 591 sint,
3617 542 3727 580 non
3787 543 3913 583 me-

2313 618 2449 670 mini
2492 618 2704 685 uspiam
2734 618 3025 687 speciatim
3062 633 3389 688 expressum
3424 618 3632 686 legere,
3666 632 3739 671 nc
3773 619 3909 687 qui-

2313 707 2437 762 dcm
2473 709 2525 761 in
2552 708 2675 763 Vita
2704 718 2891 763 nostra
2923 710 3251 778 prolisiore;
3282 724 3403 778 qua:
3433 710 3606 762 multa
3668 710 3907 777 quidem

2313 799 2379 853 de
2410 797 2628 852 Justino
2672 799 2898 853 Juniore
2929 840 2943 862 ,
2999 800 3161 868 eique
3200 800 3464 869 przrdicto
3521 800 3779 870 imperio,
3831 802 3908 858 de

2313 888 2567 942 Mauritio
2604 904 2735 943 vero
2785 905 3014 958 prorsus
3046 891 3223 944 nihil:
3284 893 3454 954 unde,
3507 891 3583 945 uti
3611 902 3669 945 et
3709 908 3783 947 ex
3816 909 3911 948 sc-

2316 980 2638 1049 quentibus,
2676 997 2912 1050 prouum
2977 992 3065 1035 est
3121 983 3399 1051 colligere,
3449 985 3702 1052 quamvis
3775 1000 3913 1052 pro-

2312 1070 2576 1124 lisissima
2606 1071 2721 1123 Vita
2755 1072 3036 1125 contineat
3059 1072 3315 1140 plurima,
3359 1074 3516 1141 plura
3551 1082 3732 1127 tamen
3762 1089 3911 1142 prae-

2315 1164 2545 1216 teriisse.
2576 1163 2743 1215 Libro
2775 1163 2976 1218 deinde
3032 1173 3208 1225 sexto,
3258 1179 3380 1231 cap.
3426 1148 3495 1217 ΞΒ
3547 1174 3680 1227 toto,
3734 1167 3908 1232 quasi

2314 1255 2703 1323 compendium
2732 1256 2856 1310 vitae
2886 1256 3181 1325 Symeom’s
3213 1257 3294 1309 sic
3328 1256 3500 1310 texit:
3535 1256 3735 1311 Eodem
3769 1266 3910 1310 tcm—

2312 1362 2458 1415 pore,
2526 1362 2644 1397 cum
2696 1345 2977 1415 Gregorius
3042 1358 3283 1399 sanctum
3338 1344 3651 1415 Symeoncm
3711 1347 3911 1400 lethali

2313 1440 2493 1492 morbo
2524 1450 2802 1509 a’grotare,
2852 1456 2932 1492 me
2986 1440 3273 1499 indicante,
3312 1438 3615 1497 didicisset,
3655 1438 3725 1489 ad
3782 1454 3909 1490 cum

2311 1532 2585 1599 confestim
2635 1532 2897 1595 excurrit,
2954 1540 3010 1582 ut
3064 1540 3344 1599 postremw
3391 1527 3733 1581 salutationis
3791 1530 3911 1597 Oﬁ-

2313 1626 2451 1676 cium
2480 1625 2527 1676 ei
2557 1624 2837 1677 exhiberet.
2866 1623 3053 1676 Verum
3085 1624 3139 1676 id
3172 1623 3309 1692 quod
3354 1623 3616 1691 cupiebat,
3651 1623 3911 1689 consequi

2314 1732 2415 1768 non
2439 1717 2629 1785 potuit.
2671 1715 2839 1768 Porro
2875 1717 2957 1767 hic
2992 1714 3217 1783 Symeon
3248 1723 3458 1767 cunctos
3516 1714 3597 1766 sui
3646 1717 3907 1783 temporis

2316 1804 2567 1859 mortales
2596 1807 2790 1859 uirtute
2826 1806 2977 1875 longe
3020 1806 3309 1875 superavit.
3375 1803 3580 1875 Quippe
3622 1822 3656 1857 a
3704 1808 3908 1857 teneris

2316 1894 2617 1965 unguiculis
2654 1912 2899 1965 asperum
2939 1896 3145 1948 vivendi
3179 1910 3340 1963 genus
3380 1894 3433 1945 in
3488 1892 3738 1946 columna
3810 1910 3905 1946 cx-

2313 1986 2587 2041 coluerat:
2625 1986 2755 2039 adeo
2798 1995 2855 2037 ut
2887 1986 3065 2039 dentes
3120 1986 3173 2037 in
3213 1984 3472 2037 columna?
3516 1986 3748 2038 statione
3798 1986 3905 2053 ipsi

2313 2079 2504 2130 mutati
2538 2077 2752 2146 fuerint.

2386 2166 2475 2219 54.
2518 2164 2835 2220 Columnam
2899 2173 3077 2219 autem
3130 2165 3426 2219 conscendit
3481 2163 3789 2234 hujusmodi
3838 2179 3905 2216 ex

2311 2272 2511 2311 causa:
2552 2256 2685 2310 Cum
2713 2266 2843 2311 esset
2875 2259 3157 2311 admodum
3188 2266 3368 2311 tenera
3405 2258 3575 2310 adhuc
3605 2265 3786 2316 a'tatc,
3815 2256 3903 2307 lu-

2311 2348 2437 2400 dens
2473 2358 2522 2401 et
2576 2348 2782 2401 saltans
2810 2366 2903 2417 per
2933 2350 3123 2401 montis
3137 2350 3273 2417 juga
3303 2348 3584 2401 oberrabat
3619 2363 3636 2399 :
3670 2362 3901 2415 cumque

2312 2442 2364 2493 in
2398 2441 2628 2510 pardum
2687 2442 2975 2504 incidisset,
3002 2458 3191 2494 zonam
3250 2440 3386 2493 collo
3420 2440 3534 2504 ejus
3587 2440 3816 2508 injecit;
3848 2448 3900 2489 et

2310 2531 2561 2592 belluam,
2582 2532 2784 2585 innata:
2811 2533 3036 2599 feritatis
3067 2530 3306 2596 oblitam,
3342 2532 3494 2601 quasi
3511 2530 3633 2599 joco
3657 2530 3897 2589 Ira/iens,

2310 2623 2380 2676 ad
2413 2625 2793 2677 monasterium
2850 2640 3004 2676 suum
3050 2623 3285 2675 deduxit.
3315 2620 3467 2687 Quod
3502 2618 3898 2690 contemplatus

2314 2717 2569 2785 magister
2600 2716 2735 2785 ejus,
2765 2716 2852 2783 qui
2878 2715 2930 2766 in
2956 2713 3201 2767 columna
3240 2716 3399 2766 vitam
3426 2716 3635 2783 agebat,
3666 2728 3895 2782 puerum

2311 2806 3064 2876 interrogauit,quidnamhoc
3079 2813 3227 2858 esset.
3248 2802 3511 2872 Iilefelem
3540 2820 3648 2857 esse
3678 2820 3897 2871 respon-

2310 2898 2407 2957 dit,
2438 2915 2591 2967 quem
2622 2897 2772 2965 iulgo
2806 2907 3007 2949 caltam
3044 2897 3342 2949 nominant.
3374 2897 3544 2966 Atque
3574 2912 3638 2949 cx
3679 2896 3774 2948 laoc
3806 2897 3898 2963 [ιι-

2308 3001 2388 3045 cto
2414 2992 2776 3059 conjecwram
2800 2996 3033 3057 capiens,
3071 2989 3245 3058 quatis
3288 2996 3623 3057 quantusque
3659 2986 3891 3055 Symeou

632 3082 800 3137 storia
833 3098 927 3136 sua
970 3082 1343 3135 ecclesiastica
1376 3081 1441 3135 de
1467 3090 1650 3133 sancto
1700 3078 1955 3149 Symeone
2005 3080 2200 3150 Stylita
2239 3099 2279 3153 ο
2315 3085 2367 3135 in
2426 3084 2635 3137 virtutis
2697 3084 2869 3135 studio
2920 3082 3129 3149 futurus
3175 3089 3328 3143 esset,
3360 3082 3413 3133 in
3448 3080 3747 3132 columnam
3775 3096 3893 3131 eum

630 3176 850 3230 Juniore
876 3181 1164 3228 memorat.
1191 3174 1324 3228 Nam
1350 3182 1716 3242 prmterquam
1777 3172 1927 3239 quod
1979 3187 2207 3226 summa:

630 3269 758 3321 ﬁdei
818 3265 1121 3319 historicus
1173 3265 1264 3325 sit,
1298 3279 1515 3317 comvus
1567 3262 1825 3332 Symcoui
1868 3264 1989 3319 fuit.
2031 3276 2206 3331 eoque

630 3356 974 3411 familiariter
1038 3372 1190 3421 usus,
1269 3354 1732 3424 quemadmodum
1802 3368 1864 3405 ex
1920 3353 2208 3419 ipsiusmet

630 3447 833 3509 verbis,
889 3463 1013 3500 mox
1072 3445 1466 3515 subjiciend‘rs,
1528 3452 1711 3513 potest
1768 3443 1947 3512 colligi
1994 3461 2005 3494 :
2068 3443 2205 3496 dicit

631 3543 1091 3614 enim,Gregorio
1112 3543 1434 3613 patriarchae
1490 3541 1839 3596 Antiocheno
1892 3543 2200 3598 innotuisse

623 3633 884 3687 letlialem
926 3635 1097 3687 sancti
1155 3631 1428 3703 Symeonis
1461 3631 1751 3694 morbum,
1801 3631 2067 3683 indicante
2113 3648 2198 3685 se.

620 3726 876 3780 Ostendit
941 3726 1107 3781 etiam
1198 3730 1589 3779 commercium
1662 3725 1975 3777 litterarum
2057 3724 2202 3778 inter

623 3816 1346 3884 utrumqueintereessisse,
1385 3830 1509 3869 cum
1559 3815 1635 3868 ait
1690 3816 2033 3870 admonitum
2065 3831 2123 3871 se
2170 3832 2200 3870 a

627 3906 831 3959 Sancto
866 3922 962 3975 per
1011 3906 1225 3961 litteras
1251 3907 1420 3961 luisse
1449 3906 1683 3976 quadam
1717 3922 1885 3977 super
1926 3924 2005 3970 re,
2034 3924 2199 3977 quam

624 3998 855 4066 putabat
894 3997 1152 4051 omnibus
1177 3998 1316 4051 clam
1347 4013 1491 4052 esse.
1520 3997 1771 4053 Certiora
1802 4014 2024 4068 quoque
2067 4014 2199 4067 pro-

632 4086 735 4142 lert
762 4089 963 4143 indicia
994 4098 1200 4144 mutuae
1238 4090 1658 4144 consuetudinis
1690 4089 1810 4144 Vita
1878 4106 2033 4143 num.
2066 4089 2195 4154 238,

619 4178 712 4233 ubi
747 4194 868 4247 qua:
899 4188 1209 4247 cognoverat
1240 4180 1292 4231 in
1322 4180 1509 4247 spiritu
1538 4178 1785 4249 Symeon,
1811 4177 2057 4252 Evagrio,
2106 4194 2201 4247 pro

627 4272 709 4324 sui
738 4271 789 4322 in
810 4271 984 4338 ipsum
1015 4269 1277 4339 singulari
1302 4272 1645 4338 propensione
1666 4271 1852 4329 animi,
1898 4272 2059 4341 jussit
2116 4271 2201 4324 in-

626 4360 815 4411 dicari.
840 4358 1011 4411 Porro
1058 4361 1440 4413 auctoritatem
1494 4358 1651 4423 Viue,
1691 4370 1798 4413 tam
1855 4360 2195 4430 frequentia,

2316 3173 2547 3226 admisit.
2588 3171 2705 3235 Qua
2746 3173 2801 3225 in
2843 3173 3089 3226 columna
3114 3213 3127 3235 ,
3170 3181 3217 3224 ct
3254 3173 3305 3225 in
3356 3173 3528 3225 altera
3578 3185 3697 3239 qua!
3734 3179 3807 3222 est
3837 3172 3893 3220 in

2311 3281 2517 3317 summa
2546 3268 2734 3319 montis
2764 3270 2975 3329 vertice,
2999 3274 3110 3317 octo
3141 3281 3203 3317 ac
3256 3263 3538 3333 sexaginta
3575 3262 3742 3329 exegit
3795 3276 3895 3310 an-

2312 3372 2425 3417 nos,
2451 3357 2595 3408 omni
2619 3358 2807 3426 gratia:
2830 3372 3018 3426 genere
3059 3357 3303 3407 donatus.
3338 3352 3543 3423 Quippe
3584 3352 3674 3420 qui
3701 3357 3751 3401 et
3780 3350 3893 3401 dir-

2311 3464 2491 3500 mones
2550 3448 2803 3517 abigeret,
2830 3456 2878 3499 et
2926 3446 3133 3499 morbos
3182 3462 3244 3498 ac
3276 3444 3556 3513 languores
3589 3456 3767 3494 omnes
3798 3456 3893 3493 sa-

2310 3548 2482 3598 naret,
2519 3549 2566 3590 et
2622 3538 2805 3606 futura
2850 3538 3063 3606 perinde
3116 3554 3178 3589 ac
3229 3535 3513 3605 prazscntia
3554 3533 3885 3603 pramidcrct.

2313 3625 2566 3697 Gregorio
2603 3635 2740 3679 certe
2785 3626 3051 3696 prwdixit,
3083 3640 3201 3677 cum
3242 3632 3463 3677 mortem
3486 3620 3699 3690 quidem
3721 3620 3886 3689 ipsius

2307 3721 2543 3773 visurum
2579 3736 2681 3772 non
2710 3735 2820 3772 esse
2848 3734 2867 3782 ,°
2900 3733 3017 3789 qua:
3059 3734 3181 3772 vero
3239 3726 3353 3787 post
3420 3721 3642 3768 mortem
3708 3713 3888 3781 futura

2312 3820 2505 3871 essent,
2534 3813 2931 3881 ignoraturum.

2380 3904 2469 3957 '55.
2501 3902 2737 3972 Cumque
2762 3918 2856 3972 ego
2876 3904 3085 3954 amissis
3111 3900 3283 3954 liberis
3311 3899 3436 3952 meis
3464 3897 3517 3950 in
3540 3898 3717 3951 rarius
3742 3896 3881 3965 cogi-

2310 3996 2537 4048 tationes
2558 3994 2855 4056 diducerer,
2896 4002 2946 4045 et
2967 3992 3109 4063 apud
3144 4007 3223 4045 me
3250 4005 3542 4061 qua'rerem
3568 3989 3696 4059 quid
3714 4002 3884 4041 cause

2310 4095 2463 4151 esset,
2514 4103 2609 4140 cur
2634 4086 2936 4157 gentilibus,
2974 4084 3157 4155 quibus
3183 4083 3337 4137 multi
3378 4091 3503 4137 sunt
3535 4080 3705 4145 liben‘,
3750 4080 3882 4133 idem

2308 4193 2413 4231 non
2442 4178 2667 4229 eveniret
2704 4192 2721 4240 ,'
2766 4175 3005 4245 quamvis
3034 4174 3229 4228 nemini
3260 4188 3477 4243 prorsus
3509 4172 3878 4242 cogitationem

2308 4269 2446 4321 lianc
2473 4267 2819 4336 aperuissem,
2852 4265 2944 4319 ille
2985 4275 3162 4319 tamen
3210 4265 3551 4335 cogitationes
3580 4264 3747 4317 animi
3791 4265 3889 4317 ruri

2312 4358 2703 4427 introspiciens,
2735 4359 2945 4427 scripsit
2986 4357 3056 4409 ad
3098 4372 3201 4411 me.
3234 4366 3291 4410 ut
3337 4356 3401 4409 ab
3441 4356 3518 4408 his
3557 4355 3885 4425 cogitationi-

627 4449 905 4512 inusitata,
934 4449 1315 4521 stupendaque
1347 4450 1607 4503 miracula
1643 4462 1700 4505 et
1732 4450 2041 4505 inauditum
2066 4453 2195 4506 vita:
2236 4430 2275 4483 θ
2307 4449 2401 4503 bus
2460 4449 2819 4513 abstinerem;
2859 4450 3050 4519 quippe
3092 4464 3209 4518 quae
3249 4448 3667 4517 haudquaquam
3714 4444 3884 4517 placc-

625 4541 938 4594 iastitutum
965 4541 1297 4608 continenti,
1332 4544 1626 4608 conciliat;
1656 4559 1780 4597 cum
1801 4543 2024 4597 vixdum
2049 4559 2198 4597 mor-

625 4644 781 4691 tuum
812 4633 993 4687 Sancti
1030 4635 1403 4704 appellatione
1456 4652 1562 4689 non
1616 4637 1834 4691 dubitat
1890 4636 2197 4701 honorare;

622 4739 749 4779 cum
794 4724 946 4777 illum
1003 4732 1219 4777 cunctos
1264 4725 1345 4776 sui
1401 4724 1650 4793 temporis
1702 4722 1951 4777 mortales
2008 4724 2199 4776 uirtute

622 4818 775 4886 longe
798 4833 1095 4887 superasse,
1130 4818 1484 4887 pronuntiat;
1528 4832 1652 4871 cum
1680 4816 2008 4870 miraculum
2057 4817 2109 4869 in
2142 4830 2200 4869 se

621 4909 850 4972 factum,
888 4909 1032 4963 idem
1074 4908 1221 4979 quod
1257 4910 1310 4963 iu
1335 4910 1457 4963 Vita
1491 4926 1543 4963 n.
1580 4909 1687 4964 238
1726 4910 1972 4977 ponitur,
2032 4923 2197 4962 enar-

622 5007 726 5050 rat.
755 4997 941 5066 Neque
969 5007 1149 5050 tamen
1177 5012 1264 5050 om
1293 5014 1381 5055 ιν,
1414 5013 1535 5066 quae
1582 4996 1651 5050 de
1710 5006 1892 5049 sancto
1944 4995 2201 5068 Symeone

624 5090 713 5141 hic
740 5088 931 5147 refert.
958 5089 1354 5157 complectitur
1384 5089 1506 5142 Vita
1537 5101 1723 5143 nostra
1753 5106 1767 5155 ;
1796 5089 1997 5143 desunt
2025 5089 2203 5159 plera-

622 5192 772 5246 que:
814 5188 977 5246 atque
1030 5178 1154 5231 ideo
1191 5178 1539 5247 potissimum
1578 5196 1642 5234 ea
1701 5180 1917 5243 damus,
1948 5196 2017 5235 ne
2066 5179 2198 5250 quid

620 5269 759 5323 scitu
788 5269 1013 5337 dignum
1059 5280 1437 5335 prtetcreatur.

692 5361 781 5414 35.
816 5360 955 5414 Audi
1000 5361 1166 5431 igitur
1204 5361 1382 5431 ipsum
1412 5362 1510 5416 lib.
1559 5379 1613 5426 v,
1674 5378 1725 5418 c.
1768 5363 1859 5424 ΩΙ,
1904 5364 2051 5417 inter
2094 5362 2200 5416 alia

627 5451 783 5521 signa
847 5468 969 5521 qua:
1021 5452 1278 5507 Mauritio
1318 5454 1611 5523 imperium
1664 5454 2083 5523 portenderent,
2120 5454 2199 5508 sic

620 5541 939 5612 loquentem
967 5562 979 5596 :
1017 5543 1248 5614 Denique
1282 5544 1529 5617 ngeon,
1568 5548 1837 5615 quijuazta
1877 5547 2057 5599 urbem
2086 5546 2199 5601 An-

620 5634 869 5687 tiocln'am
892 5651 1050 5705 super
1069 5634 1311 5689 columna
1368 5646 1513 5690 stans
1547 5639 1706 5691 vitam
1773 5639 1963 5707 exegit,
2017 5639 2097 5692 vir
2131 5638 2201 5691 ad

620 5738 701 5777 res
736 5726 995 5795 gerendas
1028 5728 1329 5797 aptissimus
1352 5770 1365 5793 ,
1395 5736 1442 5780 et
1476 5728 1672 5781 cunctis
1702 5728 1889 5782 divinis
1922 5728 2198 5782 virtutibus

2308 4550 2425 4596 rent
2476 4542 2607 4596 Deo.
2638 4542 2811 4605 Idem,
2844 4558 2962 4595 cum
2994 4542 3149 4595 uxori
3170 4541 3448 4611 cujusdam
3485 4554 3551 4593 ea:
3578 4539 3708 4593 meis
3731 4554 3880 4591 ama-

2306 4633 2593 4687 nuensibus
2625 4644 2740 4704 post
2769 4643 2982 4704 partum
3039 4631 3123 4686 lac
3165 4632 3488 4686 obstructum
3524 4638 3677 4694 esset,
3714 4639 3760 4682 et
3804 4629 3884 4682 in-

2307 4725 2424 4795 fans
2452 4726 2503 4779 in
2534 4742 2741 4779 summa
2772 4725 3074 4779 discrimine
3126 4731 3430 4777 versaretur
3459 4737 3476 4787 ;
3509 4726 3751 4776 contacta
3787 4721 3884 4774 viii

2310 4818 2549 4881 dextera,
2578 4818 2848 4888 pra'cepit,
2881 4825 2938 4869 ut
2964 4832 3081 4869 eam
3102 4816 3339 4885 conjugis
3372 4830 3483 4869 sua!
3508 4810 3760 4867 mamillis
3784 4812 3881 4864 im-

2305 4917 2540 4978 poneret.
2576 4907 2690 4974 Quo
2722 4908 2883 4977 facta,
2907 4908 3087 4961 statim
3123 4906 3207 4960 lac
3227 4906 3384 4976 quasi
3406 4921 3470 4959 es:
3490 4903 3721 4974 quadam
3750 4903 3882 4971 fonto

2307 5000 2557 5069 prosiliit,
2617 4999 2748 5053 adeo
2789 5008 2845 5051 ut
2887 5007 3052 5052 totam
3091 4996 3330 5051 mulieris
3358 5005 3551 5050 vestem
3593 4993 3879 5063 madeface-

2306 5098 2406 5143 ret.
2432 5089 2535 5145 Sed
2566 5099 2614 5143 et
2638 5105 2860 5161 puerum
2882 5090 3186 5160 quemdam,
3210 5098 3361 5142 nocte
3381 5089 3696 5159 intempesta
3729 5105 3761 5142 a
3798 5103 3879 5141 co-

2308 5183 2514 5236 mitibus
2569 5183 2772 5237 itineris
2821 5198 2915 5253 per
2950 5181 3261 5236 oblivionem
3292 5180 3536 5234 relictum
3565 5182 3618 5234 in
3670 5180 3772 5243 via,
3800 5179 3877 5234 lea

2311 5271 2617 5341 impositum
2651 5274 2807 5325 dorso
2835 5288 2931 5325 suo
2960 5272 3029 5324 ad
3057 5270 3329 5343 Symconis
3370 5272 3748 5325 monasterium
3769 5286 3882 5339 por-

2310 5363 2480 5426 tavit;
2507 5372 2555 5415 et
2569 5363 2790 5433 jubente
2818 5362 3078 5436 ngeone
3125 5364 3319 5434 egressi
3362 5364 3616 5427 ministri,
3648 5378 3875 5432 puerum,

2310 5456 2398 5523 qui
2427 5474 2457 5509 α
2491 5454 2638 5508 leone
2660 5457 3084 5521 custodiebatur,
3110 5457 3546 5510 introduxerunt.
3563 5452 3734 5508 Nulla
3758 5468 3878 5523 quo.

2307 5562 2406 5615 que
2442 5547 2573 5612 alia,
2605 5550 2915 5601 memoriam
2970 5564 3176 5601 omnem
3223 5548 3556 5617 superantia,
3595 5545 3735 5599 idem
3767 5560 3874 5613 gss-

2308 5639 2395 5699 sit,
2430 5654 2547 5707 qum
2578 5647 2625 5690 et
2668 5637 2907 5709 linguam
2951 5639 3227 5703 disertam,
3256 5647 3304 5691 et
3330 5638 3520 5703 otium,
3552 5646 3601 5689 et
3629 5639 3876 5707 peculium

2310 5745 2435 5799 opus
2479 5730 2779 5783 desiderant
2817 5745 2836 5783 :
2881 5746 3099 5801 quaque
3138 5732 3374 5787 omnium
3416 5745 3548 5801 pene
3579 5729 3873 5787 mortalium
