4118 6496
304 372 445 437 2981

1463 382 1611 442 COM
1620 384 1870 445 MENTA
1880 384 2064 444 RIUS
2105 385 2319 446 PREV
2330 391 2347 444 l
2360 388 2472 447 US.

3439 397 3583 464 2992

305 488 507 557 linguis
540 486 890 542 celebrantur.
931 490 1177 544 Omnium
1213 492 1350 547 enim
1392 493 1671 545 nationum
1723 493 1888 544 homi-
1923 496 1969 553 Α
1997 508 2135 549 sum.
2170 492 2424 563 maligne,
2451 504 2499 546 et
2546 511 2701 548 curre
2752 499 2806 551 in
2851 503 3100 571 ﬂammas
3131 505 3287 583 ignis,
3313 524 3579 576 arsuras;

299 589 424 639 sies,
461 592 565 629 non
606 576 836 631 Romani
876 578 1071 641 solum.
1102 596 1281 634 verum
1332 585 1493 635 etiam
1548 581 1785 646 barbari,
1822 584 1890 635 ad

295 683 425 721 enm
452 669 820 733 uentitabant;
853 680 901 723 et
947 687 1267 741 quaecunque
1311 671 1744 741 postulaverant,
1789 675 1891 727 im-

294 759 608 825 petrabant.
644 758 752 812 Pro
792 759 902 812 cibo
952 770 1129 812 autem
1178 780 1240 815 ac
1292 772 1418 831 potu
1474 764 1520 816 ei
1574 766 1718 832 fuere
1750 768 1889 817 rami

295 849 582 917 cujusdam
640 850 887 919 fruticis,
951 852 1137 920 quieo
1192 854 1247 905 in
1308 862 1484 908 monte
1546 856 1883 929 nascebatur.

296 938 609 1008 Utrumque
645 940 794 995 hunc
826 942 1043 1011 Evagrii
1088 944 1272 997 locum
1306 946 1591 998 transtulit
1615 947 1781 1000 etiam
1816 946 1886 1000 ad

295 1044 395 1093 se,
469 1030 699 1085 totidem
750 1047 890 1100 pene
946 1031 1169 1095 verbis.
1218 1033 1570 1104 Nicephorus
1627 1035 1885 1092 Callistus

294 1121 332 1174 ι.
380 1138 531 1181 xvm.
571 1138 621 1176 c.
652 1123 682 1175 7
714 1135 771 1178 et
803 1124 895 1178 24.

286 1279 460 1351 LVII.
489 1281 612 1336 Alia
643 1284 705 1336 de
732 1284 911 1337 eodem
942 1285 1327 1356 memorabilia,
1355 1302 1417 1339 ea:
1443 1288 1640 1356 synodo
1662 1287 1882 1344 Nicama

582 1369 638 1413 ll,
682 1364 732 1405 et
765 1362 950 1406 sancto
979 1355 1188 1407 Joanne
1247 1356 1593 1411 Οοηῑαδεεηο.

376 1461 481 1518 Hic
504 1478 724 1533 quoque
775 1468 1154 1536 paragraphus
1206 1469 1399 1532 eodem
1434 1470 1620 1533 faciet,
1652 1488 1764 1540 quo
1790 1487 1883 1526 su-

295 1553 527 1622 perior:
564 1555 823 1610 videlicet
855 1567 914 1610 ut
958 1574 1025 1612 eo
1058 1561 1285 1629 majoris
1343 1564 1695 1617 auctoritatis
1744 1578 1880 1618 cen-

294 1654 489 1698 seatur
514 1660 633 1699 esse
662 1647 803 1709 Vita,
838 1665 947 1718 quo
980 1651 1265 1719 graviores
1302 1639 1433 1705 sunt
1462 1664 1718 1707 auctores
1744 1696 1755 1717 ,
1782 1655 1875 1723 qui

287 1747 395 1787 sua
420 1771 435 1797 ,
494 1734 538 1786 si
569 1750 676 1788 non
702 1750 768 1789 ex
794 1737 904 1799 illa.
943 1748 1093 1792 certe
1120 1741 1310 1795 eadem
1343 1756 1467 1795 eum
1496 1744 1609 1797 illic
1649 1755 1877 1799 conten-

288 1825 383 1889 tis,
419 1827 737 1880 testimonia
798 1840 1213 1899 prompserunt.
1281 1836 1359 1888 Ac
1406 1837 1586 1904 primo
1647 1839 1871 1906 quidem
1907 1832 1948 1886 Β

284 1916 535 1986 synodus
596 1919 814 1974 Nicaaua
847 1937 904 1985 ιι,
950 1925 1224 1992 generalis
1283 1942 1377 1990 vn,
1431 1944 1521 1981 an.
1575 1930 1696 1994 787,
1762 1930 1871 1984 lla-

283 2008 490 2062 driano
518 2009 536 2062 Ι
568 2024 703 2078 pupa
728 2051 741 2075 ,
778 2010 1146 2067 Constantino
1181 2025 1343 2085 atquc
1370 2017 1528 2071 lreue
1569 2019 1870 2087 imperato-

288 2100 473 2165 ribus,
536 2103 810 2158 evlebrata
879 2116 1071 2160 contra
1128 2108 1519 2173 lcouoclustas,
1572 2113 1787 2167 actione
1815 2115 1868 2179 4,

288 2190 346 2244 in
372 2192 618 2247 editione
640 2193 1059 2251 erco-Latina
1091 2199 1317 2267 Lalrbci,
1348 2204 1427 2257 sic
1454 2205 1699 2272 loquitur
1730 2224 1742 2258 :
1778 2206 1871 2258 Jo-

281 2280 435 2347 seph,
470 2284 933 2338 reverendissimus
972 2290 1258 2342 monachus
1300 2300 1347 2343 et
1378 2292 1713 2363 Hegamenus
1753 2314 1867 2348 mo-

282 2369 511 2421 nasterii
554 2369 837 2436 Heraclia",
897 2375 1030 2428 dixit
1066 2392 1082 2428 :
1114 2375 1181 2429 Et
1239 2395 1330 2447 ego
1381 2394 1624 2448 peccator
1676 2384 1868 2437 librum

278 2462 417 2526 fero,
454 2463 807 2515 continentem
864 2464 1033 2519 Vitam
1070 2471 1242 2521 sancti
1288 2469 1562 2540 ngeonis
1607 2474 1864 2529 Mirabilis

276 2550 497 2613 Montis,
517 2562 566 2605 et
588 2555 867 2619 utjubetis.
899 2555 1098 2610 Sancta
1148 2563 1377 2628 synodus
1411 2562 1542 2614 dixit
1572 2564 1864 2634 :Legatur.

282 2641 356 2693 Et
393 2645 650 2711 accipiens
685 2643 923 2712 Cosmus,
958 2648 1068 2701 Deo
1100 2651 1343 2705 amabilis
1381 2654 1632 2708 diaconus
1683 2667 1730 2708 et
1756 2656 1864 2710 Cu-

274 2731 557 2796 buclesius,
602 2734 743 2817 legit.
785 2737 868 2790 Ea:
892 2738 1006 2791 Vita
1040 2744 1211 2793 sancti
1240 2741 1418 2796 Patris
1450 2747 1620 2798 nostri
1647 2742 1866 2817 εντηρό-

278 2823 365 2875 nis
398 2804 879 2881 Mirabilisilontis
909 2830 1201 2898 capitulum
1234 2834 1355 2895 H8,
1383 2834 1459 2887 De
1482 2804 1719 2903 feminav,
1745 2856 1864 2908 quae

284 2912 571 2983 RhosOpoli
601 2917 797 2971 sterilis
831 2929 970 2984 erat,
1006 2922 1185 2975 valido
1218 2924 1476 2978 dwnwnio
1508 2944 1710 2996 pressa,
1746 2947 1861 2999 quin

275 3022 421 3059 sana
448 3017 497 3059 et
532 3010 755 3077 fecunda
786 3012 951 3080 facta,
982 3016 1268 3084 imaginem
1304 3016 1443 3071 Iusti
1480 3021 1728 3089 imposuit
1762 3024 1859 3074 do-

271 3097 352 3150 mi
372 3113 629 3165 sum,quaz
646 3101 923 3171 magnifice
943 3104 1203 3158 miracula
1231 3108 1567 3175 aperabatur.
1598 3109 1860 3175 Quamvis

271 3195 466 3240 autem
542 3189 685 3244 idem
765 3194 1095 3248 miraculum
1159 3198 1299 3252 intra
1347 3215 1567 3270 quoque
1621 3203 1674 3255 in
1740 3204 1859 3257 Vita

273 3291 334 3328 n.
375 3275 474 3329 125
510 3278 803 3346 referatur,
834 3284 964 3351 quia
1002 3296 1182 3340 tamen
1216 3288 1557 3357 aliquantum
1583 3292 1858 3347 discrimi-

269 3365 364 3419 nis
393 3366 706 3429 iutercedit.
735 3374 1011 3442 praecipue
1059 3377 1239 3443 quoad
1288 3378 1533 3447 phrasin,
1564 3391 1728 3451 atque
1766 3384 1849 3436 iu-

272 3472 448 3525 super
519 3462 905 3516 auctoritatem
979 3467 1180 3534 accipit
1234 3468 1377 3522 liber
1435 3479 1581 3524 totus
1643 3489 1707 3526 ex
1754 3474 1856 3528 hac

271 3556 444 3604 tantm
488 3551 678 3620 synodi
710 3554 939 3621 probata
972 3559 1313 3623 narratione,
1354 3561 1530 3615 videri
1561 3578 1857 3633 possumus

267 3648 459 3692 actum
488 3656 597 3693 non
635 3657 817 3711 agere,
851 3646 895 3697 si
936 3647 1079 3699 illam
1140 3652 1519 3706 narrationem
1569 3642 1660 3708 llic
1715 3656 1852 3724 adji-

262 3720 505 3785 ciamus.
532 3732 621 3787 Sic
671 3734 839 3803 igitur
875 3737 1167 3793 lectionem
1216 3756 1370 3795 suam
1417 3756 1853 3813 prosecutuscst

263 3820 501 3875 Cosmus
535 3823 799 3879 diaconus
818 3844 829 3877 1

344 3912 432 3965 37.
462 3912 654 3966 Mulier
676 3916 921 3985 quadam
953 3928 1067 3970 erat
1112 3917 1393 3989 RhosOpoli
1427 3921 1647 3988 Ciliciw,
1685 3925 1849 3980 Theo-

268 4012 427 4056 tecna
472 4004 795 4075 dicta,.qua:
833 4008 1164 4063 habitaverat
1220 4028 1337 4065 cum
1394 4015 1505 4067 uiro
1555 4033 1650 4070 suo
1692 4021 1849 4073 annis

258 4094 473 4162 uiginti,
508 4104 558 4147 et
607 4095 783 4164 filium
846 4115 950 4151 non
1000 4101 1199 4155 habuit.
1234 4102 1464 4175 Contigit
1526 4118 1704 4163 autem
1727 4129 1847 4168 eam

260 4186 430 4237 etiam
465 4202 495 4235 ο
520 4186 810 4241 dcemonea
845 4191 1072 4257 pueritia
1111 4196 1311 4257 vexari,
1342 4204 1393 4247 et
1445 4198 1695 4251 mandere
1746 4200 1849 4253 lin-

258 4291 450 4345 guam.
487 4274 576 4329 Vir
609 4286 785 4332 autem
812 4281 947 4348 ejus,
978 4281 1121 4336 ultra
1151 4300 1255 4337 non
1278 4287 1456 4340 valens
1485 4291 1702 4359 sufferre
1746 4294 1845 4345 tri-

269 4365 560 4422 bulationis
614 4370 728 4439 ejus
781 4374 1109 4443 angustiam,
1138 4378 1335 4431 dimisit
1401 4379 1553 4433 illam
1602 4399 1633 4434 a
1690 4383 1843 4437 domo

256 4474 385 4521 sua,
420 4469 471 4513 et
497 4478 590 4530 per
621 4472 851 4528 quatuor
880 4482 1047 4519 annos
1074 4483 1191 4521 cum
1215 4468 1363 4523 nulla
1404 4481 1477 4524 est
1514 4472 1711 4540 femina
1760 4492 1843 4527 so—
1877 4487 1919 4542 ι)
1951 4480 2080 4535 lium
2119 4486 2393 4554 cﬂ’ectoris,
2425 4498 2671 4549 narratio

256 4551 455 4605 ciatus.
497 4551 602 4605 Illa
662 4571 785 4608 vero
844 4558 1055 4611 invento
1093 4563 1346 4615 comitatu
1382 4564 1615 4633 confugit
1641 4567 1712 4619 ad
1739 4566 1839 4619 Ju-

254 4650 421 4696 stum.
455 4640 587 4696 Cum
638 4655 813 4699 autem
846 4650 1058 4703 vidisset
1093 4670 1209 4706 eum
1245 4656 1472 4723 daemon,
1500 4660 1683 4712 statim
1737 4661 1841 4728 fre-

257 4734 397 4785 muit
436 4742 483 4786 et
518 4737 863 4805 torquebatur
908 4756 1086 4795 coram
1118 4761 1211 4803 eo.
1236 4747 1411 4800 videns
1447 4765 1563 4802 cum
1622 4751 1842 4804 muliere

254 4824 593 4891 spiritualem
635 4828 749 4898 ejus
794 4833 1099 4902 imaginem,
1128 4836 1381 4890 dicentem
1408 4841 1638 4893 humana
1674 4858 1795 4895 noce
1823 4861 1840 4894 :

252 4909 528 4979 Separabo
568 4923 619 4967 te
655 4918 719 4969 ab
757 4935 843 4982 ea,
873 4920 1106 4992 maligne
1145 4932 1194 4976 et
1219 4925 1490 4979 immunda
1522 4929 1758 4994 spiritus,
1792 4938 1839 4980 et

255 5011 549 5054 revertetur
587 5004 656 5056 ad
685 5008 855 5061 virum
887 5026 1060 5074 suam,
1096 5022 1147 5065 et
1186 5015 1433 5083 efficietur
1459 5019 1541 5073 illi
1588 5039 1730 5076 anno
1759 5041 1842 5077 sc-

255 5091 437 5155 qncnti
464 5108 616 5159 puer.
652 5094 718 5147 Et
748 5096 966 5163 ejulavit
1006 5100 1322 5159 dazmonium
1359 5108 1603 5176 ferociter
1633 5127 1842 5171 contur-

255 5186 436 5235 batum
463 5198 479 5234 :
512 5180 555 5236 Ο
582 5183 829 5239 violentia
864 5189 1115 5245 adversus
1146 5211 1225 5250 me
1256 5198 1275 5249 ,ν
1306 5216 1409 5253 ηοη
1438 5211 1514 5254 est
1544 5214 1693 5259 tuum
1726 5226 1840 5263 ma-

255 5271 497 5323 trimonii
544 5273 831 5331 solutiones
867 5280 1064 5348 efﬁcere
1090 5300 1106 5334 :
1144 5290 1347 5356 utquid
1376 5301 1549 5347 autem
1587 5305 1633 5348 et
1662 5297 1837 5365 ﬁlium

252 5362 323 5413 eis
355 5362 475 5422 das.
500 5382 618 5419 cum
651 5386 681 5421 a
723 5387 803 5422 me
830 5370 1001 5437 ﬁlium
1039 5377 1251 5432 minime
1288 5382 1467 5449 fecerit
1496 5387 1520 5439 Ρ
1554 5392 1681 5457 quid
1711 5394 1839 5447 mali

252 5452 354 5519 feci
394 5454 517 5518 tibi,
548 5456 630 5546 vel
654 5462 780 5528 quid
810 5466 1020 5531 peccavi
1050 5468 1101 5519 in
1138 5484 1414 5543 conspectu
1441 5487 1550 5539 tuo,
1578 5484 1699 5550 quia
1750 5502 1837 5537 se-

252 5560 417 5613 paras
444 5565 525 5599 me
548 5568 577 5603 a
610 5552 829 5606 muliere
856 5573 969 5609 mea
992 5558 1017 5610 ?
1042 5558 1099 5613 Si
1114 5578 1318 5618 servum
1348 5585 1427 5620 me
1449 5588 1833 5643 compnrasses,

253 5634 409 5699 dares
439 5653 518 5690 me
550 5640 774 5707 forsitan
798 5654 846 5696 et
870 5647 921 5699 in
956 5652 1226 5706 servitium
1262 5656 1578 5714 hominibus.
1610 5663 1675 5717 At
1711 5683 1833 5721 vero

248 5723 473 5798 ngeon
506 5732 579 5783 ait
606 5747 623 5784 :
648 5731 784 5797 Quia
816 5737 988 5792 malus
1023 5758 1205 5798 seruus
1240 5763 1311 5810 cs,
1338 5766 1648 5822 recognosce
1670 5766 1721 5812 te
1753 5762 1834 5830 ip-

1994 592 2043 633 et
2072 583 2151 651 fer
2184 599 2380 664 aquam
2420 594 2470 637 et
2495 587 2683 656 collige
2706 589 2873 659 ligna.
2912 591 2975 645 Et
3007 596 3209 657 statim.
3252 598 3415 653 ueluti
3447 618 3575 655 uen-

1960 741 1971 748 .
1991 681 2094 736 tus,
2128 692 2346 728 currens
2378 686 2425 729 et
2465 680 2793 734 vehementer
2818 694 3053 739 azstuans
3100 688 3305 743 daemon
3327 732 3341 757 ,
3372 700 3419 745 et
3469 696 3577 749 tol-

1990 762 2104 816 lens
2136 767 2189 817 in
2222 765 2442 820 muliere
2469 774 2783 837 amphoram
2814 793 2987 843 aqua,
3014 782 3359 849 minabatur;
3394 795 3443 838 et
3478 788 3579 841 im-

1988 852 2185 919 pletum
2216 855 2390 920 illam,
2423 867 2471 910 et
2498 860 2720 916 collecta
2750 864 2813 917 de
2840 866 2975 922 silva
3031 868 3425 941 ligna’attulit,
3453 880 3572 947 eju-

1989 943 2105 997 lans
2133 957 2180 998 et
2199 947 2374 1001 dicens
2401 965 2417 1001 :
2448 950 2533 1005 Va:
2547 956 2671 1008 mihi
2698 958 2838 1010 malo
2865 976 3011 1015 servo
3030 979 3093 1016 ac
3117 966 3378 1022 inventori
3405 972 3575 1025 malo~

1989 1050 2103 1088 rum
2133 1038 2152 1089 !
2168 1040 2292 1107 quid
2318 1058 2502 1108 passus
2526 1061 2645 1099 sum
2671 1047 2850 1102 ?Nam
2880 1070 2910 1104 a
2940 1056 3164 1108 muliere
3209 1075 3324 1112 mea
3354 1072 3571 1131 separat

1986 1142 2069 1179 me
2086 1140 2298 1183 sanctas
2327 1130 2571 1202 Symeon,
2620 1147 2666 1189 et
2702 1140 2827 1207 quid
2882 1142 3078 1208 faciam
3117 1145 3300 1214 infelix
3328 1190 3341 1212 ,
3375 1130 3567 1209 nescio.

2061 1265 2150 1317 38.
2187 1266 2279 1318 llis
2318 1277 2496 1321 autem
2546 1272 2695 1325 dictis
2718 1290 2898 1328 coram
2942 1280 3156 1348 populo,
3202 1286 3291 1352 qui
3318 1303 3569 1342 convene-

1985 1364 2110 1417 rat;
2147 1368 2424 1424 postquam
2477 1360 2784 1426 adimplevit
2836 1369 3219 1437 ministerium,
3280 1379 3417 1445 quod
3468 1382 3566 1434 sibi

1983 1444 2159 1513 fuerat
2206 1448 2524 1515 imperatum
2550 1490 2561 1511 ,
2594 1452 2845 1509 clamavit
2905 1459 3131 1515 altisone
3157 1505 3169 1527 ,
3237 1466 3452 1537 loquens
3474 1490 3491 1535 ;
3517 1484 3566 1525 et

1987 1538 2251 1602 aspiciens
2281 1548 2463 1592 contra
2490 1558 2544 1595 sc
2568 1546 2779 1599 veniens
2799 1549 2980 1618 fulgur
3020 1556 3154 1623 ignis
3183 1598 3195 1619 ,
3230 1561 3474 1615 currebat
3508 1568 3561 1619 in

1983 1626 2207 1679 muliere
2252 1632 2657 1697 per‘circuitum
2688 1648 2858 1692 status
2892 1643 3024 1709 ejus,
3058 1646 3349 1714 plurimum
3388 1662 3437 1705 et
3466 1656 3563 1709 do-

1982 1714 2148 1769 lenter
2189 1722 2498 1785 cruciatus;
2556 1736 2603 1775 et
2634 1729 2811 1780 taliter
2870 1736 3107 1799 protinus
3143 1740 3269 1791 exiit
3298 1758 3314 1795 .·
3346 1754 3393 1795 et
3446 1764 3561 1799 mu-

1981 1806 2106 1860 liere
2157 1813 2382 1879 pristino
2423 1817 2597 1869 ordini
2641 1824 2903 1886 restituta,
2955 1828 3153 1883 dimisit
3183 1850 3297 1887 eam
3332 1836 3557 1907 Symw‘t

1976 1914 2205 1965 sanam;
2244 1903 2419 1957 dicens
2456 1908 2524 1958 ad
2566 1908 2718 1962 illam
2754 1929 2771 1964 :
2811 1913 2971 1981 Vade,
3008 1920 3217 1986 mulier,
3245 1928 3297 1978 in
3339 1930 3553 1985 domum

1975 1996 2121 2042 tuam
2164 2001 2211 2043 et
2266 1996 2505 2049 cohabita
2551 2018 2667 2051 cum
2697 2004 2806 2055 viro
2834 2016 2959 2070 tuo;
3017 2026 3129 2064 ecce
3176 2018 3319 2070 enim
3356 2021 3551 2075 direxit

1972 2077 2229 2133 Dominus
2255 2099 2345 2134 cor
2380 2087 2514 2153 ejus.
2550 2098 2601 2139 ut
2636 2096 2852 2160 recipiat
2888 2105 2937 2148 te
2968 2116 3085 2153 cum
3121 2106 3315 2170 gaudio
3339 2125 3549 2178 magno.

1974 2165 2124 2231 Quod
2154 2180 2201 2222 et
2234 2173 2431 2239 factum
2489 2188 2584 2230 est.
2650 2180 2887 2253 Cumque
2920 2189 3017 2242 illa
3075 2210 3284 2249 reversa
3341 2199 3549 2267 fuisset,

1970 2261 2148 2311 statim
2209 2274 2405 2317 rectum
2448 2267 2643 2333 factum
2676 2284 2750 2325 est
2783 2292 2873 2328 cor
2904 2281 3004 2331 viri
3032 2284 3114 2334 sui
3136 2285 3205 2335 ad
3228 2288 3550 2358 diligendum

1971 2365 2121 2411 cam';
2145 2362 2193 2403 et
2224 2357 2277 2407 in
2292 2372 2498 2423 gressus
2532 2373 2603 2414 cst
2647 2368 2715 2417 ad
2744 2366 2914 2434 illam,
2941 2382 2988 2423 et
3016 2377 3286 2445 confestim
3318 2390 3551 2455 concepit

1970 2442 2022 2493 in
2046 2454 2193 2496 utero
2224 2464 2239 2497 :
2274 2458 2319 2499 et
2352 2452 2609 2519 completo
2639 2474 2779 2511 anno
2807 2461 3041 2531 tulerunt
3098 2486 3318 2537 puerum
3346 2479 3415 2529 ad
3434 2496 3552 2532 ser-

1969 2547 2087 2584 vum
2145 2535 2255 2597 Dei,
2286 2538 2564 2595 laudantes
2596 2556 2643 2597 et
2687 2550 3045 2617 glorificantes
3080 2535 3261 2617 Deum.
3288 2565 3418 2621 Cum
3453 2588 3552 2623 au-

1970 2631 2071 2674 tem
2116 2628 2462 2695 complessent
2510 2638 2807 2692 orationem
2859 2661 3033 2705 suam.
3066 2660 3114 2701 et
3164 2656 3440 2711 rediisscnt
3477 2664 3549 2715 ad

1970 2717 2237 2781 propriam
2271 2720 2504 2783 domum,
2531 2731 2694 2779 erexit
2722 2732 2911 2784 mulier
2932 2735 3037 2800 ﬁde
3081 2740 3234 2795 ducta
3260 2746 3547 2815 imaginem

1967 2800 2150 2857 Sancti
2172 2812 2226 2859 in
2252 2810 2493 2863 interimi
2525 2817 2681 2869 domo
2708 2838 2805 2873 sua
2836 2840 2853 2875 :
2888 2842 3005 2893 qua:
3034 2833 3355 2897 operabatur
3380 2840 3547 2893 mira-

1965 2895 2105 2958 cula,
2135 2898 2442 2956 obumbrata
2468 2904 2666 2975 Spiritu
2700 2914 2789 2979 qui
2816 2895 3087 2973 habitabat
3130 2925 3181 2976 in
3211 2926 3406 2983 Sancto
3443 2949 3461 2985 :
3496 2941 3546 2987 el

1965 3002 1995 3035 α
2022 2985 2277 3041 damonis
2308 2995 2481 3044 veruti
2504 3000 2927 3056 emundabantur
2968 3009 3097 3075 illic,
3153 3024 3202 3065 et
3264 3034 3327 3070 ex
3384 3024 3549 3078 variis

1965 3078 2290 3141 passionibus
2329 3082 2589 3149 inﬁrmati
2630 3095 2975 3150 curabuntur.
3013 3099 3071 3153 In
3107 3106 3290 3171 quibus
3331 3120 3377 3163 et
3436 3129 3545 3170 una

1968 3168 2189 3226 mulier.
2220 3173 2423 3239 ﬂuxum
2446 3182 2721 3247 sanguinis
2750 3185 3072 3244 incessanter
3103 3213 3197 3264 per
3245 3204 3545 3268 quindecim

1966 3272 2134 3309 annos
2163 3276 2341 3327 passa,
2364 3264 2413 3315 in
2434 3264 2537 3329 fide
2560 3274 2780 3323 accessit
2804 3275 2875 3327 ad
2896 3279 3177 3335 uidendum
3208 3286 3491 3359 imaginem
3518 3312 3537 3358 ;

1962 3359 2007 3397 et
2040 3351 2285 3401 continuo
2310 3354 2483 3421 [incus
2515 3362 2669 3410 stetit.
2696 3358 2841 3414 Dixit
2872 3369 3009 3419 enim
3040 3370 3183 3426 intra
3204 3390 3289 3439 se,
3316 3351 3461 3447 quia,
3486 3381 3545 3437 Si

1963 3442 2167 3489 tantum
2195 3440 2370 3493 uidero
2412 3445 2807 3502 similitudinem
2856 3456 2992 3521 ejus,
3023 3460 3175 3514 salva
3200 3480 3308 3517 ero.
3357 3467 3544 3526 Videas

1962 3535 2139 3579 autem
2191 3533 2330 3599 quod
2363 3537 2651 3589 cxsiccatns
2702 3552 2832 3595 esset
2869 3546 2983 3613 fons
3014 3555 3289 3621 sanguinis
3333 3562 3435 3623 sui,
3469 3565 3542 3615 ad

1960 3619 2222 3674 Immineat
2256 3622 2611 3695 Dciprotinns
2658 3639 2909 3699 accurrit,
2939 3641 3170 3696 adorans
3225 3664 3405 3704 coram
3453 3670 3537 3718 eo,

1963 3707 2189 3765 laudans
2232 3725 2280 3767 et
2320 3718 2627 3784 gloriﬁcans
2664 3724 2847 3790 Deum,
2880 3746 2943 3781 ac
2982 3738 3264 3792 enuntians
3302 3740 3538 3799 miracu-

1959 3796 2067 3852 lum
2096 3802 2149 3853 in
2182 3819 2236 3855 se
2268 3816 2650 3875 perpetratum.

2026 3936 2115 3991 39.
2147 3936 2288 3994 Huic
2341 3943 2573 4000 alterum
2637 3950 2805 4007 etiam
2860 3962 3189 4017 iinraeulum
3236 3967 3537 4037 subjicitur

1953 4035 2078 4079 eum
2110 4028 2216 4083 hoc
2248 4031 2407 4086 titulo
2434 4052 2444 4088 :
2474 4035 2607 4090 Item
2631 4039 2754 4112 legit
2786 4045 3037 4113 (Cosmas
3062 4028 3358 4129 diaconus}:
3382 4065 3533 4120 aliud

1954 4119 2274 4175 miraculum
2334 4130 2508 4181 sancti
2544 4130 2724 4187 Patris
2780 4135 3091 4208 ngeonis:
3146 4146 3403 4221 idemque
3448 4170 3533 4214 est

1950 4211 2094 4278 quod
2122 4208 2347 4271 sanctus
2377 4218 2617 4278 Joannes
2663 4220 3035 4289 Damascenus
3072 4241 3323 4297 oratione
3355 4247 3417 4312 ὅ,
3456 4249 3534 4303 De

1950 4302 2288 4371 imaginibus,
2322 4324 2431 4363 non
2467 4316 2657 4381 procul
2691 4332 2721 4371 a
2751 4320 2856 4375 llne
2876 4324 3119 4393 adducit,
3154 4336 3377 4401 praefixo
3425 4341 3529 4399 hoc

1953 4392 2154 4448 titulo:
2200 4397 2283 4451 Ex
2326 4400 2438 4454 Vita
2484 4410 2657 4460 sancti
2691 4409 2966 4481 Symeonis
3014 4392 3191 4475 rerum
3244 4429 3531 4488 admirabi-

2718 4500 2938 4557 Arcadii
2990 4512 3369 4587 archiepiscopi
3424 4520 3526 4593 Cy-

1947 4573 2049 4640 pri,
2084 4574 2401 4632 miraculum
2428 4580 2550 4633 l52.
2604 4583 2926 4645 Couferenti
2976 4573 3179 4651 autem
3224 4573 3525 4677 utr'uque

1946 4670 2154 4719 textum
2184 4668 2329 4724 inter
2360 4686 2438 4737 se,
2506 4676 2718 4731 nullum
2770 4683 2903 4736 mihi
2963 4686 3195 4745 dubium
3229 4704 3336 4761 est,
3390 4668 3524 4769 quin

1942 4772 2008 4808 ex
2039 4758 2230 4812 eodem
2265 4778 2489 4830 prorsus
2517 4767 2712 4824 Graeco
2737 4772 2845 4828 sint
2893 4782 3165 4847 translati,
3214 4787 3287 4842 ita
3322 4758 3526 4849 conve-

1944 4847 2105 4902 niuut
2162 4854 2514 4923 principium,
2567 4860 2712 4928 linis,
2773 4867 3010 4937 periodi,
3077 4880 3284 4934 omnia.
3335 4882 3525 4943 Sicubi

1944 4938 2085 4993 forte
2118 4940 2341 4998 Gnecus
2399 4948 2718 5008 Damasceni
2781 4967 2963 5033 textus
2989 4977 3189 5033 exstat,
3242 4975 3335 5043 qui
3364 4978 3526 5035 nobis

1943 5030 2101 5096 deﬁt,
2130 5038 2516 5106 comprobabit
2539 5044 2705 5101 dicta.
2740 5050 2836 5104 Est
2890 5030 3073 5113 tamen
3122 5030 3293 5119 altera
3319 5030 3521 5138 versio:

1942 5122 2111 5177 altera
2139 5140 2245 5179 non
2271 5130 2431 5196 paulo
2451 5137 2777 5194 concinnior
2798 5144 3239 5221 elegantiorque.
3267 5122 3523 5219 Vidimus

1935 5213 2045 5281 jam
2068 5213 2483 5276 iuamoeniorem
2512 5228 2749 5293 concilii,
2775 5238 3037 5293 succedat
3057 5244 3325 5311 placitura
3350 5254 3523 5324 magis

1942 5304 1981 5324 Π
2004 5321 2064 5324 ν--
2118 5323 2123 5324 γ
2248 5311 2259 5322 ’
2309 5312 2353 5324 ⁸⁸
2525 5318 2535 5324 “
2566 5320 2575 5324 ³

1942 5304 2282 5365 Damasceni.
2309 5312 2496 5383 Neque
2525 5318 2631 5384 hic,
2671 5335 2826 5391 puto,
2852 5343 3077 5398 Operam
3112 5338 3385 5404 perdituri
3431 5304 3523 5399 ζι-

1939 5412 2063 5451 mus
2089 5398 2455 5459 deseribendo
2492 5410 2633 5466 lianc
2662 5419 3059 5486 narrationem.
3083 5432 3335 5495 quamvis
3371 5448 3521 5489 eam-

1939 5487 2085 5552 dem,
2116 5491 2286 5545 νει-Ιώ
2307 5502 2466 5549 tenus
2486 5497 2599 5553 fere
2630 5512 2838 5559 tantum
2858 5508 3288 5583 discrepantem,
3316 5520 3369 5573 iu
3399 5524 3519 5581 Vita

1939 5595 2091 5634 num.
2139 5582 2233 5637 17-1
2286 5588 2428 5657 ston
2488 5604 2678 5649 nostro
2728 5598 2962 5665 demus;
3024 5607 3130 5660 erit
3178 5627 3325 5665 enim
3382 5632 3515 5670 usus

1940 5674 2228 5746 utriusque
2260 5698 2382 5737 mox
2430 5683 2456 5755 ᾗ
2489 5701 2605 5756 seq.
2660 5690 2749 5741 Sic
2782 5693 2948 5763 igitur
2984 5699 3161 5768 titulo,
3192 5705 3301 5774 iam
3353 5722 3520 5779 supra

1941 5766 2199 5835 adducto,
2227 5773 2510 5849 subjungit
2538 5782 2905 5843 Dainasccnus
2934 5808 2945 5842 :
