4118 6468
611 395 753 461 2383

684 503 773 558 40.
801 497 1029 567 Contigit
1056 500 1233 547 autem
1259 488 1367 543 illis
1393 485 1591 544 diebus,
1610 489 1665 533 ut
1696 481 1772 533 vir
1803 477 2017 547 quidam
2046 489 2188 527 mer—
2224 470 2264 530 Ἀ

616 600 767 647 cator
795 561 1021 642 civitatis
1049 581 1337 637 Antiochia:
1368 576 1518 646 gravi
1560 570 1801 624 molestia
1837 566 1902 620 ab
1958 561 2193 632 improbo

618 684 853 736 datmone
889 675 1211 745 aﬂligeretur
1239 668 1429 736 diuque
1451 671 1759 731 angeretur,
1788 656 1921 709 adeo
1950 660 2005 705 ut
2034 651 2193 720 suffo-

614 779 848 831 caretur,
881 742 1171 818 interclusa
1208 753 1454 827 spirandi
1479 748 1753 820 facultate.
1798 745 1893 799 Hic
1925 742 2189 812 profectus

616 856 685 910 ad
714 853 994 913 Sanctum,
1032 856 1079 900 et
1127 846 1239 913 ejus
1270 840 1505 912 precibus
1534 836 1823 892 sanitatem
1864 835 1939 887 sic
1982 846 2192 884 assecu-

620 955 725 1007 tus,
757 951 815 995 ut
842 943 887 994 si
924 938 1052 997 nihil
1081 950 1317 1005 unquam
1347 945 1621 1001 perpessus
1643 933 1811 991 esset,
1843 940 1961 977 cum
1981 924 2035 975 in
2062 936 2189 990 pro-

614 1038 789 1107 prium
832 1032 1045 1084 domum
1094 1026 1349 1101 rediisset,
1372 1030 1429 1073 ut
1462 1020 1603 1091 grati
1644 1016 1809 1072 animi
1844 1011 2192 1083 signiﬁcatio-

616 1100 734 1179 nem
781 1123 954 1183 daret,
990 1122 1042 1173 in
1110 1116 1221 1171 loco
1266 1100 1494 1167 civitatis
1540 1107 1743 1180 publico
1778 1116 1938 1176 atque
1967 1100 2188 1165 illustri,

614 1232 777 1283 supra
807 1212 942 1281 fores
974 1210 1187 1279 ofﬁcina!
1207 1220 1336 1269 sum,
1353 1202 1634 1271 imaginem
1660 1193 2046 1253 statuitfllanc
2066 1190 2192 1261 inﬁ-

616 1279 815 1358 delium
838 1301 1053 1371 quidam
1082 1294 1373 1365 conspicati
1404 1290 1688 1345 luminibus
1720 1296 1770 1341 et
1804 1286 1931 1340 relis
1970 1279 2193 1337 decora-

617 1407 750 1456 tam.
777 1393 888 1447 zelo
909 1390 1076 1462 pleni,
1107 1389 1188 1441 sui
1213 1384 1408 1439 similes
1429 1381 1661 1435 homines
1679 1376 2045 1447 incompositos
2066 1388 2194 1426 con-

616 1486 869 1545 citarunt,
900 1489 959 1532 ut
996 1475 1273 1535 multitudo
1306 1472 1601 1527 conveniret
1649 1468 1962 1536 confuseque
2008 1464 2196 1532 vocife-

620 1584 835 1633 raretur
868 1588 885 1625 :
913 1560 1156 1625 Tollatur
1178 1582 1205 1619 e
1228 1566 1358 1629 vita,
1390 1565 1478 1632 qui
1501 1563 1594 1615 hoc
1622 1561 1759 1630 ﬁcit,
1792 1568 1839 1612 et
1859 1559 2034 1627 imago
2059 1554 2195 1624 deji-

614 1667 811 1718 ciatur.
845 1660 1035 1714 Diuina
1068 1666 1245 1711 autem
1275 1653 1602 1725 providentia
1628 1650 1829 1719 factum
1857 1655 1955 1711 est,
1980 1653 2038 1698 ut
2081 1653 2194 1698 tum

618 1755 760 1808 domi
778 1767 889 1805 suae
916 1767 1017 1804 non
1042 1732 1690 1822 inveriireturﬁupiebant
1718 1740 1858 1793 enim
1882 1753 2000 1791 eum
2025 1736 2192 1788 inter-

1883 374 1944 432 8.
1986 363 2281 429 SYMEON
2319 356 2621 425 JUNIOR.

3734 340 3883 402 2383

2296 461 2667 521 scribentem:
2695 458 2848 525 Quod
2877 458 2939 510 de
2960 456 3131 510 codice
3157 453 3373 523 qua‘ris,
3401 463 3463 500 ea:
3484 463 3589 516 quo
3601 447 3883 516 descripta

2296 564 2440 617 sunt,
2469 563 2583 608 erat
2620 554 2664 607 is
2692 549 2902 620 quidem
2931 548 2983 599 in
3032 543 3356 597 Bibliotheca
3378 528 3739 594 ‘i’allicet'tana
3772 554 3887 589 ma-

2298 647 2421 700 tilus
2472 651 2521 695 et
2580 639 2850 706 ἀκέφαλος
2878 653 2893 668 ·
2931 636 3022 692 sed
3057 632 3371 687 Laurentius
3425 629 3638 682 Portius
3672 628 3783 694 (est
3837 628 3889 680 is

2296 735 2573 807 Symonis,
2601 731 2694 800 qui
2726 714 3114 797 Dictionarium
3170 723 3443 782 Latinum,
3471 716 3888 773 Graeco—barba-

2298 845 2417 883 rum
2468 834 2514 879 et
2563 821 2793 877 litterate
2842 816 3072 873 Parisiis
3125 814 3283 876 1655,
3316 810 3534 873 edidit,
3565 808 3742 862 frater
3772 823 3787 867 ;
3822 814 3887 861 et

2297 932 2452 974 suam
2505 912 2667 968 nobis
2697 923 2922 979 operam
2963 908 3017 960 in
3052 901 3437 959 describendis
3490 898 3644 953 Actis
3674 895 3890 951 Gmis

2295 1006 2476 1083 pretio
2506 1002 2790 1061 moderato
2824 996 3047 1061 locavit,
3081 994 3241 1049 istius
3267 990 3551 1045 idiomatis
3577 984 3888 1041 admodum

2297 1077 2565 1168 peritus),
2598 1092 2688 1146 sed
2719 1089 3060 1149 Laurentius,
3090 1084 3291 1154 inquit,
3323 1082 3539 1136 Portius
3560 1079 3652 1147 qui
3676 1077 3889 1131 deacri-

2296 1166 2397 1257 psit
2416 1200 2479 1237 ea:
2504 1181 2610 1235 alio
2636 1177 2927 1248 exemplari
2956 1174 3145 1229 ibidem
3180 1181 3404 1241 reperto,
3426 1184 3591 1223 manu
3625 1166 3747 1220 licet
3781 1181 3887 1217 au-

2298 1275 2595 1345 tiquissima
2618 1280 2666 1324 et
2682 1271 2803 1340 jam
2838 1265 3156 1321 exolescente
3181 1264 3448 1333 scriptura
3486 1266 3731 1318 exarata,
3756 1272 3889 1323 sup-

2296 1369 2452 1441 plerit
2505 1382 2608 1419 non
2658 1377 2821 1434 parvo
2849 1358 3028 1415 labore
3058 1372 3151 1410 suo
3186 1351 3325 1426 quod
3353 1350 3556 1412 deerat,
3590 1359 3639 1401 et
3659 1346 3891 1416 integri-

2296 1462 2398 1515 tati
2418 1460 2529 1531 fere
2561 1452 2891 1526 primigenia
2924 1463 3052 1518 opus
3074 1447 3167 1499 hoc
3191 1444 3438 1499 reddidit.
3464 1440 3642 1511 Caput
3666 1448 3884 1498 autem,

2296 1530 2445 1622 quod
2477 1549 2691 1617 reliquo
2724 1541 2943 1612 corpori
2971 1540 3027 1597 in
3051 1538 3243 1593 codice
3278 1535 3520 1590 defuisse
3561 1544 3620 1589 et
3651 1530 3885 1585 aliunde

2297 1640 2613 1717 suppletum
2660 1635 2866 1691 dicitur
2902 1672 2917 1696 ,
2976 1640 3064 1685 est
3117 1627 3210 1681 illa
3265 1640 3392 1695 pars
3436 1623 3655 1693 Prologl
3710 1634 3884 1690 quam

2297 1710 2494 1802 primis
2552 1726 2772 1781 duobus
2817 1720 3068 1779 numeris
3115 1714 3386 1787 complexi
3416 1728 3629 1769 sumus.
3656 1710 3887 1766 Profert

622 1841 817 1910 ﬁcere;
849 1855 970 1892 cum
1010 1836 1147 1890 alius
1186 1814 1335 1890 aliud
1360 1830 1676 1909 clamaret:
1709 1840 1833 1879 nam
1872 1837 2054 1876 eorum
2100 1834 2194 1872 ne-
2224 1806 2272 1865 Β
2300 1801 2565 1892 praeterea
2594 1816 2861 1872 Possinus
2916 1813 2971 1867 in
3016 1809 3213 1867 eadem
3237 1806 3470 1881 epistola
3498 1819 3661 1859 suum
3689 1802 3765 1857 de
3796 1801 3890 1855 his

619 1908 785 1999 quitia
814 1928 983 1983 multa
1034 1934 1082 1979 et
1115 1940 1312 1993 magna
1354 1921 1558 1992 eratin
1584 1921 1859 1985 conspectu
1883 1911 1979 1965 Dei
2021 1908 2193 1971 valde,

621 2035 671 2078 et
698 2025 956 2076 immensa
985 2017 1209 2080 invidia,
1234 2031 1340 2084 qua
1369 2010 1577 2082 quidem
1601 2004 1813 2077 impulsi
1848 2019 1907 2057 eo
1942 2014 2197 2055 convene-

568 2118 573 2127 ’
621 2121 768 2175 runt,
794 2112 1153 2163 existimantes
1199 2120 1255 2158 se
1309 2110 1488 2155 nactos
1520 2112 1630 2151 esse
1678 2094 2025 2154 occasionem,
2091 2106 2197 2159 qua

619 2210 864 2257 sanctum
918 2198 1179 2252 hominem
1226 2193 1583 2263 opprimerent
1636 2195 1686 2241 et
1746 2186 2007 2256 ofﬁcerent
2043 2183 2199 2251 igno-

621 2295 811 2355 minia,
847 2290 985 2361 quod
1036 2302 1175 2356 saepe
1226 2285 1544 2354 impietatem
1572 2285 1624 2332 et
1681 2291 1913 2331 errorem
1954 2272 2193 2335 illorum,

623 2383 712 2451 qui
732 2360 999 2449 cumiipsis
1027 2378 1090 2430 de
1113 2373 1365 2442 religione
1394 2370 1533 2424 male
1572 2369 1863 2429 sentirent,
1896 2360 2200 2431 redarguit-

619 2478 718 2525 set.
754 2467 886 2524 Cum
914 2468 1074 2537 igitur
1108 2470 1318 2516 tantam
1350 2460 1617 2512 insaniam
1667 2454 1899 2509 cohibere
1933 2468 2034 2504 non
2079 2464 2201 2520 pos-

624 2569 765 2623 sent,
797 2557 1008 2611 cuidam
1040 2554 1271 2608 militum
1326 2548 1674 2611 m'oiidarunt,
1730 2552 1785 2598 ut
1836 2543 2032 2614 gradus
2081 2556 2203 2594 con-

624 2650 892 2706 scenderet
920 2656 971 2701 et
1021 2645 1308 2715 imaginem
1341 2640 1662 2693 deturbaret.
1706 2636 1808 2702 Qui
1855 2650 1972 2688 cum
2012 2648 2200 2686 ascen-

624 2743 781 2795 disset
802 2749 852 2792 et
892 2754 1079 2792 manus
1112 2733 1430 2790 extenderet,
1459 2737 1517 2782 ut
1532 2722 1686 2800 j'ussa
1715 2725 2202 2797 perﬁceret.statim

629 2831 841 2901 eollisus
876 2838 973 2890 cst,
1007 2842 1033 2879 e
1060 2826 1330 2893 superiore
1382 2820 1493 2873 loco
1558 2817 1805 2886 delapsus
1862 2817 2105 2869 deorsum
2148 2815 2203 2866 in

629 2932 831 2991 terram
853 2938 871 2975 :
904 2930 952 2973 et
986 2930 1209 2986 magnus
1255 2910 1511 2965 tumultus
1546 2911 1603 2962 in
1637 2908 1792 2961 turba
1818 2915 1895 2960 est
1926 2909 2202 2959 excitatus.

640 3009 1070 3080 lnﬂammatique
1121 3006 1487 3077 perrexerunt,
1512 2998 1740 3052 alterum
1777 2996 2022 3050 adhibere
2050 3038 2065 3061 ,
2113 2994 2205 3062 qui

643 3120 803 3164 manu
837 3110 1075 3174 protenta
1107 3117 1225 3155 cum
1255 3097 1530 3158 detrahere
1562 3096 1846 3171 imaginem
1873 3100 1982 3167 ipse
2002 3111 2206 3167 quoque

614 3202 939 3265 'eonaretur,
966 3200 1113 3253 humi
1145 3199 1346 3269 pariter
1376 3197 1575 3265 aﬁictus
1606 3203 1700 3248 est.
1734 3192 1845 3258 Quo
1884 3192 2092 3261 quidem
2128 3189 2209 3257 {tt-

636 3300 739 3356 cto,
771 3300 909 3344 metu
962 3304 1140 3343 omnes
1170 3287 1461 3357 perterriti,
1492 3285 1661 3338 crucis
1704 3285 1912 3354 signum
1952 3281 2049 3335 sibi
2104 3279 2207 3349 ipsi

634 3389 899 3452 coeperunt
954 3380 1251 3434 admovere.
1278 3377 1468 3431 Verum
1506 3392 1623 3430 cum
1662 3374 1831 3428 adhuc
1855 3372 2092 3440 inﬁdeles
2129 3370 2211 3424 illi

630 3472 948 3533 insanircnt,
981 3469 1195 3521 tertium
1214 3466 1394 3520 eodem
1426 3463 1698 3535 impellere
1720 3479 1824 3517 non
1851 3463 2158 3516 destiterunt
2191 3476 2208 3514 :

638 3563 727 3632 qui
759 3578 875 3614 cum
912 3576 1132 3613 manum
1160 3558 1498 3622 cxtendisset,
1528 3565 1587 3609 ut
1620 3556 1901 3625 imaginem
1926 3554 2171 3623 dejiceret
2191 3589 2207 3615 ,

639 3654 749 3722 ipse
773 3665 986 3719 .quoque
1024 3646 1269 3702 similiter
1314 3646 1636 3715 confractus,
1666 3645 1719 3697 in
1767 3651 1965 3697 terram
1998 3641 2206 3694 decidit.

636 3742 777 3796 Tunc
795 3741 976 3809 fideles
1008 3755 1208 3800 omnes,
1237 3739 1328 3809 qui
1357 3735 1791 3797 circumstabant,
1815 3749 2038 3802 magnus
2063 3733 2213 3783 invaé

637 3834 705 3887 sit
737 3834 917 3895 timor,
952 3838 1000 3883 et
1056 3827 1351 3895 inﬁdelium
1396 3825 1685 3880 ctecitatem
1739 3831 1894 3893 atque
1933 3822 2213 3875 audacam

638 3923 910 3986 admirati,
927 3921 1213 3990 imaginem
1239 3920 1523 3972 adorantes
1554 3930 1671 3968 cum
1704 3913 2087 3985 precationibus
2107 3913 2215 3965 dis-

637 4020 928 4073 cesserunt.
984 4010 1261 4064 Hactenus
1302 4009 1695 4063 Damascenus.
1721 4005 2150 4060 Recitatisbisce
2184 4018 2216 4057 a

638 4104 835 4167 Cosma
865 4103 1101 4157 diacono
1132 4116 1314 4155 coram
1346 4099 1602 4154 Patribus
1633 4096 1851 4153 concilii
1897 4095 2179 4151 miraculis
2198 4134 2214 4159 ,

643 4197 761 4253 tunc
817 4194 1005 4249 statim
1056 4190 1470 4262 subjiciuntur,
1504 4189 1869 4255 illorum,uti
1931 4196 1988 4242 et
2045 4188 2216 4240 totius

640 4287 778 4347 Vita:
809 4294 1031 4349 nostrae,
1060 4283 1220 4337 fidem
1250 4290 1306 4336 et
1329 4281 1713 4337 auctoritatem
1738 4279 1994 4351 augentia
2030 4296 2044 4332 :
2077 4277 2218 4333 Con-

638 4378 906 4439 stantinus
964 4376 1329 4429 sanctissimus
1381 4375 1646 4443 episcopus
1689 4372 2012 4427 Constantia:
2056 4369 2217 4440 Cypri

2298 1913 2452 1968 Actis
2503 1907 2798 1985 admodum
2848 1901 3147 1967 laudabile,
3180 1914 3285 1954 nec
3331 1896 3594 1968 ponderis
3644 1892 3885 1948 minoris

2296 2004 2567 2076 judicium
2603 2018 2619 2059 ;
2656 2000 2739 2054 Ea:
2779 1998 2948 2053 animi
2984 1996 3086 2049 mei
3124 1992 3391 2048 sententia
3420 2029 3434 2052 ,
3461 1988 3665 2058 inquit.
3712 1985 3888 2057 proli-

2303 2075 2414 2149 teor
2440 2092 2538 2156 me,
2567 2093 2622 2144 in
2648 2092 2712 2144 iis
2741 2094 2988 2143 accurate
3004 2084 3245 2157 perlectis
3262 2123 3276 2147 ,
3308 2079 3440 2151 nihil
3458 2080 3558 2133 nisi
3577 2075 3882 2131 verisimili-

2301 2194 2402 2248 ter,
2458 2182 2765 2255 prudenter,
2800 2178 3068 2248 eleganter
3119 2175 3379 2243 scriptum
3437 2172 3763 2225 observasse.
3802 2167 3889 2220 Ea:

2303 2292 2405 2346 quo
2432 2275 2559 2344 coepi
2583 2272 2773 2343 legere,
2805 2278 2979 2323 tenere
3014 2281 3095 2321 me
3124 2281 3229 2320 non
3251 2276 3489 2335 poteram
3516 2262 3682 2314 donec
3711 2259 3891 2324 abspl.

2303 2382 2500 2421 verem.
2534 2363 2705 2419 Tanta
2732 2369 2849 2415 erat
2887 2358 3175 2429 voluptas;
3211 2372 3304 2409 nec
3338 2355 3513 2408 minor
3543 2361 3740 2406 tenera
3768 2348 3892 2403 reli-

2302 2458 2472 2527 gionis
2501 2470 2705 2517 sensus,
2743 2468 2834 2506 cor
2863 2447 3249 2520 liquefacientis
3278 2437 3442 2516 usque
3475 2444 3546 2498 ad
3590 2443 3885 2513 lacrymas.

2302 2547 2493 2617 Itaque
2522 2562 2651 2599 rara
2673 2544 2912 2597 existimo
2956 2540 3174 2610 reperiri
3207 2536 3322 2608 ejus
3373 2536 3580 2607 generis
3635 2534 3889 2588 ecclesia-

2303 2640 2438 2694 stica
2468 2644 2831 2696 monumenta,
2858 2647 2975 2703 qua:
2997 2631 3123 2699 ﬁde,
3157 2628 3495 2692 auctoritate,
3525 2626 3887 2679 concinnitate

2305 2729 2719 2801 compositionis,
2753 2720 3170 2785 admirabilitate
3214 2736 3395 2782 rerum
3446 2734 3553 2772 non
3608 2716 3890 2778 incredibi-

2307 2818 2427 2874 liter
2470 2824 2840 2877 narratarum,
2868 2813 2988 2885 pari
3027 2828 3145 2866 cum
3168 2810 3247 2864 his
3274 2809 3416 2864 Actis
3444 2809 3573 2879 jure
3604 2809 3890 2862 editionem

2307 2912 2578 2985 lucemque
2608 2916 2931 2968 mereantur.
2965 2902 3211 2964 Verbum
3242 2904 3331 2963 his
3371 2920 3483 2961 non
3541 2903 3708 2960 addo.
3735 2901 3891 2958 Beli,

2305 3011 2469 3084 quam
2500 3005 2567 3067 de
2600 3024 2657 3065 se
2677 3004 2801 3078 ipsa
2834 2994 2966 3060 Acta
3002 3003 3163 3059 ﬁdem
3192 3000 3434 3059 facient:
3466 2998 3711 3068 perlege.

2378 3104 2465 3157 η,
2507 3102 2584 3156 De
2612 3107 2839 3157 auctore
2866 3102 3135 3167 quantum
3169 3090 3385 3160 assequi
3417 3090 3582 3154 licet,
3611 3087 3887 3142 dicamus.

2308 3195 2593 3262 Principio
2645 3192 2783 3245 Vitae
2811 3186 3069 3259 praefixos
3097 3190 3217 3239 erat
3244 3183 3337 3237 hic
3373 3180 3590 3241 titulus,
3622 3179 3749 3262 Βίας
3790 3174 3891 3228 καὶ

2310 3249 2557 3339 Δῖπολιτεία
2604 3282 2697 3335 τοῦ
2736 3249 2885 3333 ὁσίου
2930 3275 3142 3345 ιῐατρὺς
3166 3273 3323 3345 ἡμῶν
3346 3270 3573 3341 Συμεὼν
3594 3268 3687 3322 τοῦ
3702 3249 3781 3320 ’ἐν
3803 3265 3886 3333 τῷ

2311 3373 2619 3445 Θαυμαστῷ
2646 3374 2823 3441 Ὀρει,
2856 3368 3238 3437 συγγραφέντα
3268 3363 3418 3435 παρὰ
3447 3362 3765 3431 Νικηφόρον
3792 3360 3890 3413 τοῦ

2309 3468 2627 3535 Μαγιστρου
2663 3462 2990 3532 Ἀντιοχείας
3018 3459 3113 3512 τοῦ
3137 3454 3401 3528 Οὐρανοῦ·
3424 3453 3544 3513 Vita
3575 3462 3623 3507 et
3661 3470 3879 3507 concer-

2307 3560 2445 3613 satio
2492 3556 2664 3610 sancti
2700 3554 2878 3607 Patris
2922 3552 3088 3604 nostri
3114 3548 3387 3620 ngeonis
3421 3548 3477 3600 in
3522 3545 3697 3599 Monte
3722 3543 3893 3598 Hira-

2312 3647 2423 3712 bili,
2476 3646 2775 3714 conscripta
2807 3661 2839 3696 a
2885 3641 3179 3710 Nicephoro
3244 3635 3502 3706 Magistro
3546 3634 3837 3698 Antiochia:
3870 3672 3885 3699 ι

2314 3740 2513 3796 ϐωιιιηι
2561 3738 2717 3790 dicto.
2756 3733 2914 3791 Unde
2969 3747 3101 3787 vero
3152 3730 3274 3793 hoc,
3305 3727 3355 3783 ei
3408 3734 3832 3797 cognomentum
3866 3725 3891 3776 ἒ

2316 3830 2581 3885 Existimo
2605 3826 2751 3898 quod
2777 3826 2846 3881 ab
2872 3823 3224 3893 eloquentiae,
3258 3835 3424 3892 quam
3462 3820 3517 3874 in
3544 3819 3889 3877 Antiochena

2315 3922 2537 3978 civitate
2588 3918 2808 3988 publice
2858 3914 3251 3986 profitebatur,
3313 3918 3516 3967 ornatu
3577 3908 3887 3979 singulari.

2314 4013 2444 4083 quia
2474 4009 2653 4073 oratio
2695 4009 2817 4079 ejus
2870 4005 3052 4063 omnis
3100 4002 3401 4063 rhetoricis
3467 4001 3792 4061 luminibus,
3831 4009 3890 4053 ut

2317 4104 2519 4159 caelum
2577 4100 2774 4164 stellis,
2801 4096 3212 4167 resplendebat.
3243 4093 3420 4149 Habet
3477 4092 3699 4163 quidem
3746 4089 3888 4160 apud

2317 4193 2535 4249 Graecos
2572 4207 2679 4245 vox
2703 4188 2997 4257 Μαγίστηρ
3026 4186 3116 4242 vel
3170 4184 3487 4255 Μαγιστρος
3539 4180 3894 4253 signiﬁcatio-

2318 4299 2443 4340 nem
2473 4283 2640 4338 etiam
2675 4280 2861 4340 aliam.
2894 4287 2955 4333 ut
2984 4278 3055 4334 sit
3108 4276 3302 4333 titulus
3351 4276 3403 4330 in
3441 4274 3567 4328 aula
3602 4276 3892 4343 imperato-

2323 4377 2399 4431 ris
2429 4360 2747 4446 primarius,
2782 4382 2839 4427 et
2866 4370 3120 4426 Caesareo
3162 4367 3468 4440 proximus,
3509 4374 3650 4420 teste
3688 4364 3889 4420 Cedre-

639 4470 811 4529 dicit;
842 4466 967 4521 Hazc
999 4465 1228 4535 quidem,
1278 4465 1606 4517 honorabiles
1637 4463 1846 4529 Patres,
1874 4463 1938 4516 de
1988 4464 2065 4517 his
2097 4475 2216 4531 qua:
2248 4474 2293 4529 ι)
2317 4484 2408 4533 ne,
2442 4481 2614 4537 quare
2650 4464 2815 4520 etiam
2846 4462 3245 4532 imperatorum,
3264 4458 3462 4514 fratres
3501 4455 3710 4525 filiique
3765 4468 3889 4509 eum

646 4562 791 4613 lecta:
812 4567 957 4623 sunt,
990 4556 1288 4620 audiuimus
1311 4564 1359 4608 et
1398 4555 1677 4609 credimus.

645 4716 832 4789 §VIIL
872 4713 947 4789 De
968 4713 1146 4789 sancti
1196 4709 1470 4789 Symeonis
1534 4709 1671 4789 Vita,
1716 4710 2138 4789 nuncprimum
2184 4726 2218 4762 a

860 4785 1005 4837 nobis
1036 4786 1092 4836 in
1125 4781 1296 4835 lucem
1335 4782 1497 4844 edita,
1526 4781 1740 4855 ejusque
1771 4786 2002 4832 auctore.

711 4924 801 4976 41.
838 4920 939 4975 Cui
968 4918 1267 4989 plurimum
1294 4916 1429 4977 Acta
1448 4922 1784 4980 sanctorum,
1810 4922 1869 4969 et
1899 4929 2001 4969 nos
2026 4953 2041 4977 .
2083 4921 2140 4969 et
2160 4923 2217 4969 tu

649 5015 876 5076 Lector,
920 5011 1179 5067 leitum
1215 5008 1498 5065 studiosus
1540 5006 1749 5078 gloria,
1783 5006 2087 5072 debemus,
2134 5018 2221 5063 est

648 5108 717 5162 ιι.
735 5106 791 5161 Ρ.
811 5106 1009 5160 Petrus
1027 5102 1288 5157 Pessinus
1305 5098 1597 5154 Soeietatis
1614 5107 1834 5153 nostrm.
1856 5098 2066 5153 Nomen
2088 5114 2217 5170 ego;

648 5206 845 5255 caetera
872 5196 1003 5252 libri
1038 5196 1109 5250 ab
1139 5194 1259 5263 ipso
1282 5193 1414 5249 editi
1448 5203 1507 5248 et
1538 5192 1799 5262 frequens
1829 5192 1884 5245 in
1934 5192 2086 5248 hisce
2113 5194 2220 5248 Ac-

647 5288 723 5344 tis
752 5288 1020 5343 memoria
1048 5288 1364 5356 loquentur.
1400 5284 1630 5345 Curavit
1687 5283 1799 5347 ille,
1828 5292 1954 5353 post
2005 5293 2221 5339 nostro-

650 5395 769 5434 rum
798 5377 1130 5433 Henschenii
1165 5385 1329 5445 atque
1384 5373 1747 5445 Papebrochii
1782 5373 2087 5428 discessum
2116 5376 2224 5429 Ro-

652 5486 760 5529 ma.
796 5468 1035 5524 describi
1065 5468 1244 5522 Vitam
1274 5466 1414 5519 hanc
1466 5482 1533 5519 ex
1571 5465 1760 5520 codice
1790 5464 1982 5519 Graeco
2014 5465 2222 5520 Biblio-

658 5563 829 5615 tliecm
849 5559 1237 5623 Vallicellauae,
1259 5573 1380 5626 qua:
1403 5564 1487 5610 est
1503 5555 1957 5627 Cougregationis
1981 5556 2223 5610 Oratorii

661 5654 717 5705 ς.
750 5650 989 5720 Philippi
1052 5648 1225 5704 Nerii.
1263 5649 1368 5701 Sed
1414 5649 1594 5718 ipsum
1644 5649 1827 5716 potius
1857 5647 1923 5702 de
1958 5647 2044 5701 bis
2071 5648 2221 5707 audi.

658 5746 855 5797 tuteris
886 5756 1031 5796 anno
1076 5740 1232 5805 1036,
1263 5756 1336 5793 xu
1367 5742 1481 5794 tlal.
1518 5741 1687 5795 Julius
1734 5740 1904 5793 Routa
1935 5738 2097 5803 datis,
2144 5742 2223 5795 sic

2320 4554 2432 4615 non
2494 4555 2773 4627 dedignati
2832 4562 2984 4617 sunt,
3013 4561 3071 4607 et
3126 4552 3234 4606 hoc
3294 4564 3461 4604 sensu
3497 4548 3735 4618 Symeon
3778 4546 3889 4612 ille,

2318 4653 2484 4724 vulgo
2514 4649 2932 4719 Metapbrastes,
2963 4645 3219 4716 Magister
3237 4657 3457 4713 quoque
3483 4640 3667 4695 dictus
3682 4638 3889 4693 est.Ve-

2320 4759 2446 4798 rum
2473 4758 2581 4797 non
2602 4756 2703 4811 pro
2728 4755 2834 4794 una
2868 4740 3092 4795 civitate
3126 4745 3221 4792 aut
3243 4736 3367 4791 loco
3390 4734 3627 4789 dabatur
3650 4730 3740 4785 hic
3760 4729 3889 4784 titu-

2321 4832 2432 4895 lus,
2460 4831 2692 4900 ideoque
2708 4844 2929 4898 semper
2955 4826 3237 4881 invenitur
3257 4824 3377 4879 sine
3399 4820 3669 4890 ejusmodi
3690 4818 3890 4873 addita-

2323 4932 2531 4985 menta,
2563 4936 2705 4991 saepe
2732 4920 2898 4974 etiam
2935 4933 3061 4975 cum
3107 4916 3375 4987 epithetis
3402 4911 3771 4984 ιῐεριελέπτου
3799 4917 3890 4964 aut

2324 5012 2688 5085 Περιφανοῦς,
2735 5011 3017 5080 Conspicui
3068 5008 3156 5064 vel
3210 5006 3465 5063 Illustris.
3506 5003 3609 5058 llic
3642 5017 3774 5056 vero
3801 4999 3890 5054 Ni-

2324 5110 2576 5176 cephorus
2601 5118 2861 5175 expresse
2882 5100 3088 5156 dicitur
3115 5099 3369 5170 Magister
3416 5095 3705 5152 Antiochia
3729 5092 3887 5147 :soli-

2325 5207 2409 5254 tas
2441 5208 2626 5253 autem
2648 5195 2904 5253 civitates
2935 5190 3209 5263 ejusmodi
3238 5186 3551 5260 primarius.
3579 5184 3761 5255 qualis
3783 5185 3888 5237 An-

2325 5290 2528 5345 tiochia
2561 5295 2701 5349 erat,
2729 5300 2935 5356 magno
2986 5281 3265 5352 stipendio
3329 5279 3640 5337 conductos
3697 5275 3890 5330 habere

2325 5381 2577 5453 egregios
2603 5377 2935 5449 eloquentiae
2985 5374 3277 5445 magistros
3340 5370 3425 5427 vel
3473 5385 3541 5424 ex
3594 5367 3887 5439 Augustino

2327 5473 2532 5528 scimus
2593 5469 2860 5540 eiusmodi
2887 5483 2990 5537 spe
3020 5467 3253 5520 Romam
3306 5462 3513 5518 delato.
3548 5460 3736 5514 Talem
3766 5473 3885 5511 vem

2327 5558 2497 5612 fuisse
2523 5559 2873 5626 Nicephorum
2906 5556 3047 5610 hunc
3080 5563 3327 5609 nostrqu
3357 5550 3507 5620 quod
3536 5558 3594 5604 et
3641 5548 3886 5603 Pessinus

2328 5649 2563 5711 censuit,
2605 5663 2714 5701 non
2775 5646 2898 5703 ideo
2936 5644 3196 5709 dubites,
3237 5642 3365 5713 quia
3418 5640 3761 5709 Nicephorus
3787 5636 3885 5691 Ca-

2332 5741 2489 5795 listus
2523 5741 2615 5793 lib.
2644 5756 2775 5791 xv."
2805 5737 3050 5791 llistoria’
3102 5734 3279 5789 cccles.
3307 5749 3429 5803 cap.
3457 5731 3550 5798 ει,
3586 5744 3709 5787 cum
3732 5728 3883 5799 hujus
