4118 6476
220 399 371 467 2935
1370 393 1976 455 COMMENTARIUS
2010 391 2384 457 PR/EVIUS.
3369 401 3512 465 2986

219 515 356 569 vita
412 511 688 577 meminit,
723 509 917 565 Latino
983 509 1064 564 sic
1095 507 1334 562 vertitur
1375 507 1444 561 ab
1503 506 1807 576 interprete
1840 513 1881 566 Α
1914 499 2190 576 principio
2243 505 2456 562 aberit:
2488 504 2612 561 istic
2641 507 2940 577 capitulum
2967 507 3088 573 “8,
3133 509 3225 565 hic
3246 527 3514 569 numerus

217 604 456 676 Langio,
474 602 632 674 quasi
671 618 775 655 non
805 603 882 654 ita
909 601 1055 653 docte
1082 607 1140 652 ut
1171 599 1483 668 magnitudo
1508 613 1686 651 rerum
1709 600 1814 668 ﬂa-

1923 601 2045 655 l23.
2073 600 2152 654 En
2182 599 2509 674 quantulum
2535 598 2836 655 discrimen
2861 602 2873 655 !
2902 601 3154 657 Alterum
3184 605 3510 662 miraculum

215 696 430 767 gitabat
467 696 763 765 conscripta
793 695 898 748 sit:
949 693 1127 748 utitur
1171 691 1323 747 enim
1393 690 1484 746 ille
1545 687 1815 744 adverbio
1922 691 2086 760 paulo
2111 693 2333 763 lengius
2354 691 2568 748 recedit
2616 692 2672 747 in
2700 702 2889 748 nostra
2926 694 3070 760 Vita,
3115 712 3281 765 quam
3334 699 3512 756 Arca-

220 789 303 859 μὴ
331 790 518 858 ἀξίως,
548 805 653 842 non
681 788 857 864 digne,
893 787 1040 857 quod
1077 786 1243 842 etiam
1275 784 1654 840 Ciceronianas
1702 782 1819 837 elo-
1920 784 2086 839 diana
2113 801 2129 850 ;
2158 784 2254 840 sed
2284 784 2591 840 notandum
2624 800 2890 840 numeros
2918 785 2982 864 in.
3005 786 3127 842 vita
3143 798 3332 846 nostra
3361 789 3510 848 circa

212 881 468 952 quentia
497 889 684 951 posset
721 881 923 950 aptari,
960 880 1029 936 ad
1089 878 1518 950 exprimendum
1561 875 1809 946 singula-
1919 876 2163 932 medium
2192 875 2598 934 contractiores
2617 893 2762 944 esse,
2804 893 2970 948 quam
3011 895 3210 935 versus
3247 881 3510 939 initium:

211 989 336 1027 rem
363 973 774 1040 excellentiam,
826 973 979 1028 omni
1015 973 1261 1027 humano
1321 965 1588 1025 sermone
1633 968 1812 1022 subli-
1917 971 2168 1042 adeoque
2189 973 2562 1028 convenirent
2627 973 2858 1045 pr0pius
2919 974 3163 1039 numeri,
3215 957 3383 1032 etiam
3419 979 3511 1035 hic

208 1064 451 1118 miorem
476 1082 487 1117 :
513 1064 717 1135 alioqui
753 1065 961 1121 fatetur
1000 1065 1349 1136 Nicephorus
1398 1060 1568 1132 quod,
1617 1077 1736 1115 cum
1756 1061 1813 1114 in
1917 1063 2119 1127 nostri,
2155 1078 2282 1118 cum
2332 1077 2571 1118 numero
2618 1062 2782 1142 istius
2825 1063 3100 1130 miraculi,
3132 1065 3176 1119 si
3206 1069 3404 1137 aequali
3433 1079 3515 1124 tc-

206 1159 361 1210 hanc
383 1157 549 1210 vitam
586 1156 792 1222 incidit,
825 1156 1092 1227 obstupuit
1115 1155 1545 1226 magnitudinem
1577 1169 1642 1207 ac
1667 1152 1810 1206 mul-
1917 1166 2054 1207 nore
2079 1168 2143 1208 ac
2173 1153 2352 1222 spatio
2375 1162 2599 1210 nostros
2624 1152 2824 1223 ubique
2875 1154 3292 1212 incidissemus.

205 1249 498 1302 titudinem
532 1250 782 1303 nimiam
809 1266 1031 1321 operum
1051 1266 1084 1302 a
1118 1258 1305 1303 sancto
1329 1253 1670 1318 patratorum
1695 1261 1713 1298 :
1746 1261 1811 1300 ea
1986 1243 2076 1298 μ.
2101 1244 2209 1299 Sed
2245 1244 2540 1300 redeamus
2571 1245 2636 1299 ad
2667 1244 3020 1302 collationem
3039 1248 3319 1315 miraculi,
3352 1260 3410 1307 et
3437 1253 3514 1306 vi.

202 1350 428 1402 autem,
456 1339 660 1410 inquit,
695 1357 858 1412 usque
889 1338 1041 1394 hodie
1071 1337 1408 1393 celebrantur
1437 1338 1675 1392 omnium
1703 1337 1810 1390 lin-
1915 1334 2147 1391 deamus
2173 1353 2296 1406 qua:
2326 1336 2503 1393 videri
2529 1338 2744 1408 possint
2774 1339 2829 1395 in
2862 1339 2986 1395 Vita
3013 1351 3203 1396 nostra
3241 1347 3512 1415 superad-

201 1430 354 1504 guis,
387 1433 648 1502 descripta
677 1433 782 1486 ὑπὸ
815 1431 1064 1502 Συμεῶνι
1101 1431 1417 1504 (Νικηφόρῳ
1456 1429 1636 1484 voluit
1666 1428 1806 1484 scri-

1913 1426 2051 1493 dita,
2079 1427 2167 1482 vel
2197 1427 2417 1483 decoris
2439 1429 2526 1484 vel
2553 1430 2828 1486 claritatis
2856 1446 3043 1486 causa.
3079 1431 3223 1488 Sunt
3261 1435 3353 1502 illa
3378 1453 3520 1506 per-v-

201 1524 371 1589 bere,
404 1532 500 1579 aut
525 1525 692 1579 etiam
717 1525 964 1595 scripsit,
998 1522 1097 1580 sed
1133 1522 1348 1578 sciolus
1374 1521 1579 1592 aliquis
1604 1536 1809 1576 nomen
1913 1529 2228 1592 opportuna
2282 1529 2388 1578 ete
2416 1539 2477 1578 re
2530 1531 2678 1578 nata.
2711 1524 2817 1580 Ubi
2879 1525 2948 1580 de
3002 1524 3256 1584 daemone
3302 1530 3507 1600 agitur,

204 1615 456 1690 mutavit
482 1615 909 1686 Metapbrastem
965 1614 1200 1686 intelligi
1255 1614 1471 1682 volens)
1503 1612 1810 1682 Μαγίστρῳ
1913 1612 2200 1669 interserit
2233 1632 2246 1668 :
2285 1614 2748 1681 Quemadmodum
2777 1603 2949 1673 isthoc
2979 1623 3150 1675 scelus
3179 1637 3282 1677 non
3333 1623 3510 1695 loqui-

202 1708 296 1778 τῷ
350 1706 617 1779 Οὐρανῷο
661 1708 808 1779 quod
861 1707 1182 1764 abbreviate
1226 1708 1518 1776 scriptum,
1563 1720 1630 1759 ex
1655 1718 1809 1758 more
1911 1714 1999 1758 tur
2053 1708 2156 1761 nisi
2206 1709 2429 1764 scelera.
2472 1711 2683 1766 Deinde
2726 1723 2954 1784 accepta
3007 1715 3280 1772 beneficia
3337 1720 3508 1774 simul

199 1798 421 1854 Graecis
475 1800 841 1856 usitatissiuio
871 1840 886 1864 ,
939 1816 1041 1870 pro
1099 1799 1352 1870 Οὐρανῷ,
1407 1813 1520 1852 non
1577 1795 1807 1866 capiens
1836 1869 1881 1880 _
1909 1808 2281 1855 enulneratet
2305 1802 2461 1856 velut
2494 1804 2818 1873 parenthesi
2852 1805 3088 1862 includit
3117 1808 3321 1880 (Neque
3368 1814 3508 1866 enim

200 1891 458 1962 Langius
492 1890 880 1963 pratermisit;
907 1869 1121 1946 clarum
1151 1869 1336 1945 autem
1387 1890 1448 1944 lit
1496 1905 1564 1946 ex
1610 1887 1804 1959 eodem
1836 1869 1883 1928 Β
1911 1903 2224 1947 acoaztaneo
2240 1894 2339 1947 sibi
2359 1869 2886 1962 damoneimmunis,
2915 1897 3006 1952 sed
3028 1908 3076 1953 et
3099 1869 3293 1956 marito
3311 1903 3510 1974 integre

193 1988 540 2058 cognomine
562 1996 692 2041 ante
727 1986 910 2041 Vitam
941 1985 1153 2056 integre
1202 1999 1484 2055 expresso.
1908 1995 2125 2048 sanata,
2163 1987 2408 2041 restituta
2464 1988 2608 2058 fuit:
2636 1989 2708 2042 ad
2759 1990 2870 2045 lucc
2917 2007 3049 2061 puer
3085 2007 3290 2062 quoque
3323 2010 3387 2048 ea:
3417 1981 3503 2056 ea,

279 2079 373 2132 45.
400 2078 484 2132 Ab
530 2077 641 2132 alio
689 2092 912 2148 quoque
970 2092 1136 2147 quam
1161 2093 1192 2131 a
1249 2075 1566 2146 Nicephoro
1622 2073 1803 2128 Vitam
1909 2078 2048 2147 quod
2094 2094 2371 2148 nunquam
2406 2087 2552 2152 ante,
2579 2090 2870 2152 prognatus
2901 2081 3021 2152 est).
3053 2081 3306 2154 Denique
3339 2084 3502 2140 istam

194 2163 488 2235 Symeom's
539 2165 706 2236 hujus
757 2165 968 2221 litteris
1026 2165 1347 2220 mandatam
1387 2173 1445 2220 et
1490 2163 1804 2235 posteritati
1908 2165 1964 2220 in
2025 2167 2132 2221 line
2195 2167 2613 2223 conclusionem
2672 2169 2909 2241 adjicit:
2944 2171 3031 2226 Ita
3054 2174 3157 2227 viri
3198 2176 3374 2229 sancti
3420 2176 3504 2231 uel

197 2256 593 2311 transmissum
623 2271 770 2321 esse,
805 2271 874 2311 ex
913 2257 1269 2328 paragrapho
1314 2256 1606 2326 superiore
1643 2256 1801 2312 colli-
1907 2259 2078 2312 tenuis
2107 2259 2164 2312 in
2189 2259 2422 2331 imagine
2441 2263 2949 2333 aspectus,.signum
2978 2266 3173 2329 crucis,
3205 2268 3379 2339 uirga,
3399 2269 3506 2339 for-

195 2348 426 2418 gimus:
466 2348 623 2419 cujus
667 2350 1360 2418 auctorem,quamvisnon
1377 2342 1804 2404 noniinetconci-
1905 2365 2016 2415 ma,
2047 2349 2283 2416 uerbum,
2315 2351 2611 2417 invocatio,
2645 2362 2695 2407 et
2729 2355 2926 2426 siquid
2967 2355 3122 2412 aliud
3160 2375 3336 2413 rerum
3359 2359 3503 2414 illius

194 2437 370 2502 lium,
393 2453 461 2493 ex
497 2439 837 2495 Damasceno
884 2439 1178 2494 Arcadium
1223 2436 1385 2509 Cypri
1450 2436 1802 2504 archiepisco-
1905 2450 2057 2505 esset,
2082 2443 2376 2514 sufﬁciebat
2401 2443 2612 2499 cuilibet
2633 2447 2937 2502 morborum
2957 2451 3144 2520 generi
3174 2451 3500 2520 depellenda.

194 2549 339 2602 pum
358 2533 732 2602 agnoscimus,
770 2531 1250 2587 nihilonotiorcm
1276 2530 1568 2602 Nicephoro
1583 2535 1798 2594 nostro,
1975 2535 2067 2597 ιδ.
2107 2535 2235 2612 Haec
2267 2535 2336 2591 de
2365 2535 2671 2606 prioribus.
2713 2536 2966 2593 Otiosum
3002 2539 3147 2594 foret
3191 2542 3502 2610 posteriora

195 2623 320 2679 nisi
350 2623 516 2678 etiam
549 2624 934 2680 obscuriorem
973 2623 1147 2689 velis;
1189 2629 1381 2692 utpote
1445 2620 1540 2691 qui
1573 2635 1644 2675 ne
1701 2635 1803 2690 per
1903 2624 2069 2679 simili
2115 2625 2282 2680 modo
2323 2626 2581 2683 conferre
2625 2645 2638 2682 :
2675 2628 2924 2685 conferat
2955 2630 3044 2684 cui
3097 2631 3253 2686 lubet
3287 2649 3302 2685 :
3347 2648 3498 2703 repeo

193 2717 412 2786 scripta
473 2718 740 2788 quidem,
794 2734 924 2788 quae
977 2716 1408 2778 interciderunt,
1472 2714 1796 2770 iunotescit.
1903 2716 2011 2770 riet
2075 2716 2271 2793 eadem
2317 2718 2642 2789 utrobique.
2675 2719 2879 2775 Refero
2928 2720 3198 2775 duntaxat
3243 2723 3336 2777 illa
3380 2739 3499 2792 quae

193 2807 421 2880 Colligo
451 2810 643 2874 etiam,
691 2810 1120 2880 prolixissimam
1177 2808 1347 2863 fuisse
1397 2804 1579 2862 Vitam
1620 2806 1794 2871 illum,
1903 2808 2120 2880 adjecta
2152 2809 2439 2866 videntur.
2465 2811 2719 2866 Primum
2743 2822 2944 2868 erectae
2973 2813 3121 2868 iconi
3148 2829 3310 2868 suum
3345 2815 3505 2869 addit

195 2915 270 2956 ac
338 2911 541 2956 nostra:
588 2917 702 2957 non
753 2901 913 2956 valde
961 2901 1230 2972 imparem
1281 2897 1671 2970 longitudine;
1724 2897 1798 2951 ita
1901 2909 2183 2967 ornatum,
2208 2918 2338 2958 cum
2387 2903 2538 2960 illam
2573 2903 3246 2961 describit:Peruenuste
3273 2925 3378 2964 non
3410 2925 3498 2962 so-

195 2992 523 3063 Capitulum
557 2992 682 3057 “8,
714 2993 790 3048 ita
820 2992 1141 3047 Miraculum
1173 2989 1296 3056 152,
1334 3005 1504 3076 supra
1570 2989 1798 3044 recitata
1901 2992 2013 3046 lum
2033 2992 2316 3060 coloribus,
2337 2995 2432 3048 sed
2466 2995 2632 3049 etiam
2667 2997 2867 3050 amictu
2899 3005 2950 3051 et
2985 3000 3300 3068 tegumentis
3345 3015 3497 3053 orna-

195 3083 497 3148 obtinent;
549 3083 722 3137 multa
773 3083 921 3137 enim
978 3082 1329 3152 praecessisse
1393 3087 1634 3149 oportet.
1682 3079 1798 3133 lmo
1901 3093 2034 3138 tam.
2080 3085 2252 3140 Paulo
2304 3097 2432 3156 post
2478 3089 2939 3144 exclamationem
2965 3089 3112 3144 hanc
3163 3091 3500 3153 interserit:

197 3175 428 3230 nullum
461 3174 711 3240 dubium,
775 3174 910 3244 quin
976 3174 1150 3228 altera
1180 3187 1248 3227 ex
1303 3169 1798 3280 alterundescjrjipta
1827 3218 1872 3280 ο
1913 3168 1960 3225 0
1989 3169 2155 3236 Deus,
2195 3178 2397 3239 quanta
2431 3171 2606 3226 hostes
2637 3170 2890 3227 adversus
2921 3171 3180 3228 Sanctum
3210 3181 3356 3226 tuum
3386 3187 3500 3224 ma-

197 3269 280 3324 sit
318 3267 477 3333 Vita;
507 3275 563 3320 et
589 3275 779 3332 nostra
812 3266 998 3336 potius
1025 3281 1095 3320 ex
1147 3263 1238 3318 illa
1295 3261 1542 3326 Arcadii,
1594 3259 1802 3314 additis
1828 3259 1872 3280 υ
1915 3264 2122 3318 ehinati
2151 3263 2310 3318 sunt!
2345 3263 2468 3318 Nox
2501 3279 2627 3318 cum
2660 3265 2982 3321 extenderet
3018 3280 3164 3320 unus
3198 3266 3252 3319 in
3279 3264 3496 3320 iconeni

198 3361 466 3432 pauculis
530 3360 616 3415 vel
680 3358 1208 3422 exclamationibus,
1268 3355 1354 3410 vel
1413 3351 1794 3424 apostrophis,
1914 3366 2162 3418 manum,
2190 3351 2516 3408 deturbatus
2546 3353 2752 3409 dicitur
2773 3356 3134 3411 vcnustsbac
3165 3364 3222 3412 et
3246 3356 3332 3426 pia
3367 3369 3498 3424 apo-

199 3456 435 3520 aliisve,
461 3463 521 3508 ut
553 3453 628 3508 rei
657 3453 934 3524 exigentia
961 3459 1019 3506 et
1048 3451 1227 3522 pietas
1254 3449 1502 3504 auctoris
1531 3447 1799 3502 tulerunt.
1915 3445 2142 3515 stropbe
2171 3460 2185 3497 :
2217 3444 2468 3499 Manibus
2495 3447 2630 3510 illis,
2651 3455 2894 3516 quartu.
2925 3446 3150 3512 Christe,
3191 3463 3348 3516 super
3375 3447 3500 3502 illo.

198 3553 345 3610 Nam
378 3550 689 3606 cnnl'erenti
738 3548 1045 3620 superioris
1074 3545 1406 3618 paragraphi
1466 3541 1800 3599 miraculum
1915 3554 2034 3592 rum
2065 3533 2367 3606 superbiam
2389 3538 2654 3604 extulisti,
2695 3538 3087 3608 dejicientibus.
3118 3538 3344 3595 Demum
3371 3553 3496 3591 cum

199 3645 454 3714 primum
491 3657 616 3696 cum
641 3655 878 3695 numero
911 3637 1016 3694 l23
1047 3636 1207 3700 Vita,
1241 3645 1298 3692 et
1337 3633 1647 3691 secundum
1673 3649 1800 3689 cum
1914 3631 2112 3688 tertius
2134 3646 2358 3703 quoque
2385 3631 2632 3700 dejectus
2655 3643 2822 3696 esset,
2853 3633 3013 3702 quasi
3055 3631 3500 3702 epiphonematis

201 3750 367 3790 uum.
413 3733 538 3797 l7l,
584 3738 838 3801 apparet,
871 3727 1330 3789 lundameutalia,
1366 3725 1654 3788 notabilia,
1689 3724 1800 3779 cir-
1914 3724 2038 3778 loco
2085 3721 2289 3779 dicitur
2329 3743 2344 3779 :
2378 3723 2553 3779 Nullo
2593 3725 2859 3794 prioribus
2896 3724 3092 3794 majori
3133 3723 3366 3777 ludibrio
3413 3721 3500 3776 di-

199 3821 579 3878 cumstantias
603 3821 794 3883 etiam,
827 3819 1124 3889 utrobique
1150 3818 1344 3872 eadem
1374 3831 1520 3871 esse.
1553 3816 1612 3871 In
1640 3814 1799 3886 prio-
1912 3837 2047 3889 σω
2067 3861 2082 3885 ,
2115 3820 2255 3890 quod
2286 3820 2504 3876 illorum
2533 3822 2771 3890 exemplo
2804 3821 2971 3874 nihilo
3008 3821 3270 3890 sapuisse:
3302 3819 3495 3890 magis.

201 3914 386 3976 ribus,
419 3911 795 3967 locusRliosus
814 3926 909 3966 seu
938 3905 1242 3981 Rhosopolis
1275 3906 1475 3964 Cilicia
1508 3906 1672 3972 urbs;
1712 3921 1807 3962 no-
1907 3914 2051 3984 Qnid
2074 3916 2195 3974 haec
2210 3914 2317 3970 nisi
2341 3913 2723 3986 parentheses,
2746 3912 3215 3979 exclamationes,
3250 3924 3501 3986 apostro.

207 4019 342 4059 men
379 4002 631 4058 mulieris
661 4003 950 4056 Theotecna
972 4041 988 4066 ,
1022 4009 1243 4072 tempus
1265 3999 1508 4071 coniugii
1561 4000 1694 4053 anni
1723 4001 1803 4054 υἱ·
1908 4009 2053 4079 pne,
2083 4007 2534 4078 epiphonemata,
2553 4021 2621 4060 cx
2650 4005 2817 4059 rebus
2848 4004 2989 4058 nihil
3014 4007 3327 4062 immutatis
3350 4015 3502 4072 nata,
3530 3998 3535 4002 ’

201 4099 343 4168 ginti
360 4115 380 4163 ;
407 4097 624 4168 repudii
646 4099 1023 4167 anniquatuor
1040 4113 1060 4162 ;
1086 4094 1468 4151 hmmorrbtea:
1487 4094 1619 4148 anni
1647 4095 1803 4163 quin»
1908 4111 1965 4158 ει
1995 4100 2276 4171 emphasis
2306 4099 2480 4170 gratia
2508 4107 2742 4154 venuste
2767 4097 3020 4169 adjecta?

151 4264 154 4266 ν
202 4191 408 4256 decim;
436 4205 600 4245 causa
633 4188 875 4244 adeundi
919 4197 1209 4253 sanctum;
1250 4186 1471 4242 aversio
1501 4185 1802 4252 daemonis;
1985 4196 2077 4252 te.
2103 4194 2256 4250 Ordo
2288 4203 2475 4250 autem
2504 4203 2656 4250 totus
2696 4193 2750 4248 in
2792 4192 2900 4248 hac
2937 4191 3174 4246 historia
3205 4200 3290 4246 est
3317 4190 3502 4246 admo-

203 4281 458 4350 querelie
489 4280 784 4352 ejusdem;
830 4280 1070 4350 raptatio
1143 4279 1355 4334 circum
1428 4278 1747 4334 columnam
1788 4296 1800 4330 :

1911 4289 2046 4343 dum
2079 4287 2373 4353 naturalis,
2411 4287 2688 4357 incipiens
2723 4301 2752 4342 a
2779 4285 3072 4340 nativitate
3093 4326 3108 4350 ,
3140 4283 3505 4356 progrediens

204 4373 489 4446 promissa
532 4373 754 4429 mulieri
779 4376 944 4429 data:
976 4381 1304 4444 conceptus,
1342 4383 1527 4439 natus,
1587 4372 1807 4426 oblatus
1911 4395 2039 4434 cum
2073 4379 2256 4444 annis,
2289 4377 2556 4434 desinens
2605 4377 2661 4430 in
2694 4386 2874 4432 morte
2899 4393 2915 4430 :
2939 4376 3048 4430 imo
3075 4390 3186 4430 non
3225 4388 3366 4429 vana
3392 4374 3504 4430 erit

207 4467 397 4533 ﬁlius;
437 4467 738 4539 gratitudo,
763 4476 947 4522 erecta
982 4467 1171 4527 icoue;
1225 4465 1546 4521 sanationes
1577 4470 1676 4536 per
1736 4464 1804 4518 il-

1909 4469 2258 4543 suspicio,si
2317 4469 2586 4526 miracula
2641 4469 2908 4539 pleraque
2952 4467 3154 4522 ordine
3202 4465 3501 4537 temporis,

207 4557 320 4616 lam
352 4559 540 4615 factm.
576 4559 711 4630 quid
739 4559 939 4630 plura?
975 4557 1170 4614 eadem
1207 4557 1507 4629 utrobique
1535 4565 1802 4613 notantur
1837 4564 1877 4618 D
1909 4575 2021 4632 quo
2053 4561 2197 4617 facta
2243 4568 2394 4622 sunt,
2425 4552 2698 4631 putentur
2742 4559 2985 4629 primum
3015 4558 3296 4629 descripta
3328 4571 3455 4613 esse
3487 4574 3500 4612 :

206 4652 422 4708 omnia.
448 4652 568 4708 Non
592 4660 899 4722 potuerunt
918 4667 1053 4723 ergo
1082 4667 1197 4706 non
1234 4651 1322 4706 vel
1351 4652 1523 4706 altera
1556 4667 1626 4705 ex
1657 4650 1796 4704 altc-
1910 4651 1966 4708 id
1995 4653 2144 4708 enim
2175 4651 2316 4706 ordo
2340 4650 2519 4707 aetatis
2541 4660 2598 4705 et
2622 4650 2703 4704 hae
2728 4649 3035 4720 particulae,
3066 4659 3268 4719 postea,
3294 4647 3501 4714 deinde,

208 4745 310 4810 ris,
345 4744 434 4799 vel
465 4753 700 4814 utraque
726 4757 794 4797 ex
836 4742 1034 4798 iisdem
1071 4743 1468 4798 'monumentis
1524 4741 1800 4812 descripta
1911 4746 2181 4816 posthaec,
2212 4745 2318 4800 illis
2345 4745 2594 4817 peractis,
2619 4759 2683 4798 ac
2704 4743 2935 4807 similes,
2966 4743 3020 4797 in
3043 4743 3320 4813 principio
3338 4743 3503 4797 mira-

207 4839 411 4894 videri.
447 4837 566 4904 Qua
611 4835 1116 4891 conlirmaberisin
1167 4835 1466 4900 sententia,
1522 4835 1566 4890 si
1619 4837 1805 4890 conci-
1915 4838 2171 4892 culorum
2229 4835 2534 4891 identidem
2585 4835 2876 4906 repetitae,
2925 4833 3189 4889 videntur
3243 4832 3499 4888 innucre.

210 4931 355 4999 pias,
406 4929 575 4983 vitam
637 4929 788 4983 illam
843 4943 944 5000 per
979 4927 1242 4998 capitula,
1302 4926 1551 4982 numeris
1598 4929 1806 4983 nostris
1917 4927 2076 4984 Hunc
2103 4944 2271 4998 porro
2297 4937 2408 4983 tam
2438 4929 2728 5000 copiosum
2753 4927 2960 4984 fontem
2994 4927 3333 4982 habentibus
3362 4927 3500 4982 nihil

209 5021 329 5077 fere
355 5022 527 5094 paria,
556 5021 876 5077 distinctam
910 5019 1112 5086 fuisse;
1160 5020 1242 5075 sic
1268 5020 1416 5076 enim
1457 5020 1604 5075 istud
1639 5021 1805 5075 miras
1915 5037 2058 5094 opus
2090 5034 2175 5078 est
2209 5022 2422 5078 rivulos
2469 5021 2901 5095 Synaxariorum
2939 5019 3165 5085 sectari,
3194 5020 3250 5076 in
3295 5019 3504 5092 quibus

210 5115 402 5170 culum
434 5113 842 5186 propemodum
897 5111 1016 5181 pari
1073 5111 1367 5168 intervallo
1420 5112 1717 5183 utrobique
1772 5128 1801 5167 a
1912 5114 2154 5187 elogium
2181 5114 2314 5170 alibi
2343 5114 2593 5179 brevius,
2624 5113 2758 5169 alibi
2791 5113 3068 5186 prolixius
3096 5115 3321 5186 legitur.

533 5934 808 5996 Ρλτηοῐι.
835 5937 952 5998 Gn.
1003 5935 1355 5998 LXXXVI.
2989 5941 3069 6001 9's
