4118 6468
644 377 793 443 -ἓῧϐτ

1925 381 1985 437 S.
2023 377 2316 438 SYMEON
2356 377 2663 439 JUNIOR.

3766 384 3890 447 2968

657 506 685 541 τι
750 488 1020 543 suburbio
1084 490 1359 559 Daphnes,
1412 489 1465 541 in
1522 498 1710 543 monte
1760 505 1922 558 quem
1974 490 2228 558 pluribus
2260 494 2305 549 Α
2334 486 2481 540 intra
2512 471 2793 541 mandram
2822 489 3082 543 conclusa
3118 489 3242 559 fuit,
3292 491 3371 545 uti
3411 491 3690 557 Senioris,
3734 505 3887 564 prout

657 580 1039 638 describemus
1068 580 1227 634 intra.
1252 581 1331 635 De
1366 579 1546 650 primo
1572 580 1791 634 abunde
1817 580 2115 633 Bollandus
2137 595 2232 634 no-

656 682 770 725 ster
800 672 911 742 egit
935 672 992 726 in
1023 672 1304 735 Januario,
1332 681 1387 726 et
1415 672 1760 741 cognominis
1788 671 2035 740 praedicti
2062 670 2230 724 ratio-

667 778 796 816 nem
848 779 914 816 ex
955 773 1184 817 auctore
1228 762 1374 845 haud
1433 763 1596 832 paulo
1643 762 1940 832 antiquiori
1994 763 2232 832 Evagrio

658 853 1071 923 intelligendam
1115 843 1586 924 dedit,iallegatis
1642 853 1762 927 ejus
1817 850 2023 916 verbis,
2054 864 2233 907 annos

655 946 782 998 vita:
807 944 887 998 sic
916 936 1401 1009 distribdtentibus,
1442 953 1499 999 ut
1526 944 1725 999 dicatis
1757 944 1933 1013 egisse
1984 945 2043 995 ὲν
2094 944 2230 1013 αὐτῇ

658 1036 970 1107 καλουμένῃ
1038 1035 1267 1107 Μάνδρᾳ
1322 1037 1463 1089 ἑπτα
1526 1038 1618 1089 καὶ
1654 1036 2059 1107 τεσσαράκοντα
2110 1034 2264 1104 ἔτη,·

656 1128 711 1178 in
759 1143 821 1179 ea
863 1144 981 1196 qua:
1007 1135 1241 1180 vocatur
1268 1125 1496 1180 Mandra
1545 1142 1714 1181 annos
1756 1126 2115 1197 quadraginta
2150 1142 2233 1179 se-

658 1224 821 1286 ptem,
849 1217 1105 1272 videlicet
1130 1216 1361 1271 ultimos
1400 1217 1525 1271 vitae
1564 1233 1696 1283 suae,
1733 1217 1899 1288 idque
1943 1232 2108 1286 supra
2142 1232 2229 1270 va-

658 1310 772 1364 rias
795 1309 1104 1364 successive
1137 1310 1444 1373 columnas,
1474 1312 1617 1365 intra
1653 1295 1903 1366 eamdem
1928 1294 2228 1365 ‘Mandram

657 1406 894 1461 erectas,
940 1406 1107 1466 prout
1138 1413 1205 1450 ex
1256 1397 1376 1451 Vita
1406 1399 1473 1452 ab
1503 1399 1747 1452 Antonio
1783 1397 2053 1466 discipulo
2096 1396 2229 1450 scri-

657 1494 750 1553 pta
783 1486 1127 1555 intelligitur.
1164 1486 1260 1539 Est
1289 1496 1476 1540 autem
1513 1487 1740 1540 Mandra
1768 1487 1819 1540 in
1845 1488 2024 1556 primo
2064 1497 2230 1555 atque

654 1576 959 1644 originario
1010 1592 1112 1631 suo
1150 1576 1476 1647 significato,
1522 1579 1679 1632 locus
1726 1579 1962 1633 maceria
2014 1579 2229 1649 lapidea

654 1667 1078 1737 circumseptus,
1110 1668 1323 1738 qualem
1371 1669 1474 1722 sibi
1523 1670 1577 1723 in
1608 1669 1778 1741 Syriae
1815 1672 2022 1740 campis
2050 1670 2230 1725 facere

657 1759 914 1813 solebant
965 1769 1231 1827 pastores,
1266 1761 1521 1830 intraque
1551 1777 1674 1815 eam
1702 1762 1943 1831 pecudes
1969 1778 2098 1817 suas
2124 1780 2229 1818 no-

648 1860 751 1903 ‘ctu
819 1851 1095 1921 colligere,
1130 1850 1223 1903 ubi
1249 1866 1278 1904 a
1308 1852 1449 1920 lupis
1487 1868 1549 1906 ac
1600 1852 1821 1907 furibus
1849 1862 1978 1908 tuta:
2020 1866 2224 1910 essent.

658 1942 827 2005 Talis,
862 1955 965 1995 nec
1021 1942 1148 2005 alia,
1176 1941 1281 1995 fuit
1310 1942 1557 2007 Mandra,
1597 1959 1720 2013 qua:
1755 1945 1935 2013 primo
1981 1943 2230 2015 Symeoni

659 2048 860 2091 nomen
884 2033 1035 2087 dedit
1065 2051 1079 2100 ;
1114 2034 1315 2103 quippe
1354 2035 1444 2103 qui
1471 2045 1669 2103 praeter
1697 2052 1865 2090 unum
1910 2038 2015 2091 sibi
2070 2023 2231 2093 mini-

656 2134 922 2180 strantem
948 2124 1243 2178 Antonium
1264 2125 1443 2178 nullos
1470 2126 1678 2179 sciatur
1692 2126 1953 2181 habuisse
1983 2126 2229 2196 discipu.

660 2220 742 2269 los
763 2234 778 2281 ;
803 2226 939 2269 eteo
964 2225 1171 2269 tantum
1194 2216 1299 2271 line
1334 2218 1453 2271 loco
1471 2233 1631 2285 quem
1657 2219 1910 2271 columna
1940 2234 2037 2271 sua
2066 2234 2231 2272 occu-

658 2309 825 2378 pabat
850 2307 1219 2363 circumduxit
1259 2308 1575 2371 maceriam,
1609 2324 1677 2378 ne
1710 2310 2057 2377 promiscuus
2082 2310 2148 2363 ad
2173 2327 2231 2365 se

660 2376 917 2453 accessus
955 2396 1181 2451 daretur
1215 2397 1380 2450 etiam
1411 2376 1740 2452 mulieribus
1770 2414 1783 2449 :
1811 2397 1939 2451 huic
1967 2413 2097 2451 vero
2130 2392 2229 2452 ad-

651 2489 843 2555 juncta
869 2497 989 2542 erat
1037 2489 1265 2542 mandra
1307 2488 1499 2552 altera,
1533 2488 1677 2541 intra
1704 2502 1867 2557 quam
1899 2504 2021 2543 sese
2070 2504 2230 2557 pere-

655 2577 800 2646 grini
853 2578 1209 2649 hospitesque
1264 2580 1614 2649 reciperent,
1651 2576 1827 2632 donec
1864 2578 1931 2633 ad
1980 2588 2229 2635 sanctum

654 2665 1104 2722 admitterentur.

727 2758 781 2811 4.
821 2756 1094 2813 Caeterum
1122 2759 1251 2828 quia
1281 2761 1542 2829 paulatim
1578 2777 1710 2817 usus
1743 2762 2005 2825 obtinuit,
2033 2769 2094 2816 ut
2114 2776 2229 2816 mo-

654 2850 958 2905 nachorum
1016 2852 1268 2906 cmnobia
1316 2853 1557 2907 Μαντώ-ω
1586 2897 1601 2919 ,
1632 2852 1698 2908 et~
1750 2854 1941 2909 harum
1994 2854 2231 2923 praefecti

655 2942 976 2996 dicerentur
1008 2944 1478 3009 Arcliimandritaz;
1517 2945 1648 3001 hine
1693 2945 1896 3001 factum
1930 2954 1990 3001 ut
2035 2945 2233 3001 Senior

659 3034 911 3107 Symeon,
943 3036 1038 3105 qui
1061 3037 1174 3107 jam
1206 3037 1406 3105 passim
1444 3037 1943 3109 cognominabatur
2004 3035 2232 3108 Symeon

2334 578 2538 633 dicitur
2589 579 2644 632 in
2700 578 2821 634 Vita
2854 581 3044 635 matris
3069 622 3084 647 ,
3115 584 3434 651 apparuisse
3474 584 3565 638 illa
3611 601 3641 638 e
3681 587 3891 640 subdiali

2333 681 2485 740 parte
2512 670 2787 734 mandrw,
2838 677 2895 725 in
2948 689 3055 741 qua
3121 674 3365 730 columna
3394 686 3511 730 erat
3536 693 3557 743 ;
3591 677 3689 731 sed
3717 680 3889 734 eadem

2335 761 2563 816 mandra
2586 761 2916 833 intelligitur
2942 763 3201 819 habuisse
3232 775 3417 833 partes
3444 783 3554 822 non
3595 768 3884 833 subdiales,

2331 866 2524 907 verum
2559 863 2729 907 tectas
2766 867 2864 923 per
2899 854 3122 908 modum
3159 850 3383 911 claustri
3414 859 3756 913 monachalis
3787 860 3884 914 cir~

2333 943 2816 998 cumeurrentibus
2848 945 3246 999 monachorum
3302 936 3478 1011 cellis,
3536 964 3661 1018 quae
3695 949 3750 1002 in
3801 948 3887 1002 in»

2332 1032 2579 1102 pluvium
2609 1044 2773 1103 atque
2803 1035 2859 1088 in
2885 1036 3196 1089 columnam
3228 1047 3580 1106 prospectum
3605 1038 3886 1104 habebant,

2332 1124 2799 1192 quemadmodum
2828 1127 2993 1193 etiam
3026 1126 3192 1182 hodie
3210 1127 3408 1193 videri,
3432 1129 3657 1197 memini
3694 1146 3779 1185 me
3801 1146 3891 1183 aa-

2333 1214 2535 1270 divisse
2566 1232 2631 1270 ex
2663 1216 2732 1271 iis
2762 1218 2856 1286 qui
2892 1217 3288 1289 Hierosolymis
3332 1220 3563 1285 reversi,
3593 1222 3760 1275 etiam
3790 1222 3889 1276 An-

2335 1306 2529 1360 tiocbae
2560 1306 2821 1361 dicebant
2850 1323 2908 1361 se
2938 1308 3132 1362 fuisse.
3158 1306 3226 1363 Et
3251 1309 3357 1363 hoc
3378 1318 3462 1365 est
3498 1314 3887 1375 monasterium,

2332 1397 2399 1451 de
2425 1413 2534 1467 quo
2562 1402 2615 1451 in
2646 1400 2766 1453 Vita
2788 1400 2962 1452 sancti
2994 1414 3049 1451 n.
3090 1398 3214 1460 168,
3259 1400 3360 1454 ubi
3392 1401 3559 1456 etiam
3591 1400 3649 1454 ﬁt
3693 1402 3890 1455 mentio

2333 1487 2604 1556 inferioris
2640 1487 2960 1542 monasterii
3009 1486 3075 1541 ad
3104 1487 3299 1557 pedem
3360 1489 3529 1543 credo
3562 1491 3769 1543 montis
3802 1506 3891 1558 po-

2332 1579 2443 1641 siti,
2474 1594 2572 1649 pro
2604 1579 2938 1648 recipiendis
2968 1579 3277 1649 hospitibus
3302 1580 3494 1636 etaliis
3515 1578 3764 1644 advenis,
3790 1582 3891 1635 sic-

2334 1670 2411 1723 uti
2445 1669 2633 1723 videre
2657 1680 2739 1725 εει
2764 1670 2820 1723 in
2852 1671 3007 1724 italia
3068 1671 3462 1726 monasterium
3536 1674 3776 1741 positum
3833 1672 3891 1726 ad

2334 1760 2527 1829 pedem
2567 1760 2775 1813 montis
2802 1768 2967 1829 atque
2989 1761 3164 1814 eremi
3193 1760 3650 1817 Camaldulensis.
3679 1764 3893 1819 υποὺί-

2332 1866 2439 1920 que
2470 1861 2653 1904 autem
2684 1851 3366 1921 magnumrdiscipulorum
3398 1870 3690 1907 numerum
3741 1856 3895 1907 babe-

2332 1942 2424 1995 bat
2458 1950 2717 1995 sanctus:
2749 1943 2953 2011 quibus
2998 1952 3053 1997 et
3097 1944 3318 1998 vivendi
3345 1960 3595 1999 normam
3648 1949 3897 2014 praescri-

2333 2044 2555 2101 pserat,
2594 2034 2754 2103 cuius
2784 2034 3228 2100 observationem
3274 2034 3578 2089 moriturus
3626 2051 3901 2090 commen-

2332 2125 2501 2178 davit.
2533 2126 2658 2179 Fuit
2692 2141 2823 2195 ergo
2853 2141 2982 2181 vere
3031 2127 3463 2186 Ardrimandrita
3501 2127 3591 2181 hic
3644 2125 3891 2199 Symeon.

2331 2217 2479 2270 Nihil
2524 2228 2701 2271 tamen
2737 2218 3306 2287 opuseratejusmodi
3333 2234 3460 2279 eum
3491 2219 3653 2273 titulo
3703 2219 3895 2287 appel-

2329 2310 2461 2371 lare,
2497 2310 2592 2377 qui
2612 2310 2721 2378 jam
2748 2308 2987 2362 habebat
3012 2308 3081 2363 ab
3108 2309 3258 2363 omni
3307 2310 3572 2364 memoria
3631 2310 3803 2363 notio.
3819 2321 3904 2364 em

2330 2398 2802 2452 nomenclaturam
2851 2398 2945 2451 τοῦ
2994 2401 3052 2452 ἐν
3106 2400 3186 2470 τῷ
3229 2399 3526 2470 θαυμαστῷ
3572 2401 3712 2469 ὄρει,
3762 2400 3907 2455 unde

2330 2490 2639 2557 composito
2676 2488 2901 2543 nomine
2938 2486 3452 2554 Thaumastoristam
3485 2492 3730 2560 appellat
3760 2492 3909 2549 Alla-

2332 2581 2371 2634 ti
2381 2597 2462 2634 us.
2481 2580 2655 2650 Hujus
2669 2582 2838 2637 cultui
2864 2592 3024 2636 vetus
3038 2582 3401 2652 Menologium
3415 2582 3631 2653 Crypta:
3645 2584 3906 2648 Ferrataa,

2327 2670 2482 2739 jussu
2511 2670 2696 2724 Basilii
2730 2671 3079 2740 imperatoris
3125 2672 3442 2733 collectum.
3477 2688 3541 2727 ex
3598 2671 3777 2742 eoque
3816 2690 3909 2727 ac-

2331 2768 2553 2828 ceptum
2580 2774 2757 2830 nuper
2782 2760 3223 2831 impressumque
3255 2758 3517 2816 Basiliani
3555 2761 3698 2815 ritus
3725 2762 3909 2816 lloro-

2330 2850 2539 2921 legium
2566 2836 2799 2906 ascribit
2821 2852 2892 2906 23
2957 2851 3080 2905 Maii
3117 2868 3218 2921 per
3266 2853 3431 2906 unius
3481 2852 3595 2906 diei
3634 2854 3908 2921 anticipa-

2332 2942 2561 3007 tionem,
2603 2942 2738 2997 satis
2771 2942 3101 3012 frequenter
3120 2942 3178 2996 in
3236 2942 3331 2996 illo
3370 2941 3681 3013 Menologio
3713 2944 3908 2996 obser-

2334 3043 2517 3089 vatam
2540 3050 2571 3088 a
2601 3034 2785 3098 nobis,
2816 3033 3045 3089 incertis
3073 3048 3144 3088 an
3173 3048 3295 3088 eam
3320 3042 3578 3103 oporteat
3597 3034 3908 3098 collectori,

653 3128 711 3179 in
743 3126 993 3188 Mandra,
1024 3126 1078 3180 in
1123 3127 1342 3181 excusis
1378 3127 1693 3183 (irazcorum
1722 3128 2038 3183 Ritualibus
2066 3142 2232 3182 voce-
2261 3139 2301 3195 (ζ
2337 3141 2406 3179 an
2443 3124 2621 3179 solum
2661 3124 2921 3193 scriptori
2965 3124 3263 3193 imputare.
3317 3123 3529 3179 Caetera
3557 3125 3747 3177 omnia
3794 3135 3908 3179 tam

655 3227 748 3269 tur
801 3214 1256 3280 Archimandrita,
1284 3225 1485 3285 praeter
1536 3218 1708 3271 totius
1755 3217 2003 3271 historia:
2045 3217 2228 3271 ﬁdem.

656 3307 836 3361 Minus
862 3306 1020 3377 longe
1041 3306 1339 3370 aberravit,
1371 3307 1577 3362 erravit
1607 3315 1790 3363 tamen
1836 3316 2028 3364 auctor
2057 3308 2231 3378 Syna-

656 3398 797 3451 χλι·Ῐί
845 3397 1280 3460 Glaromontani,
1307 3397 1542 3469 elogium
1576 3400 1699 3469 ejus
1727 3400 1807 3454 sic
1841 3398 2042 3453 ﬁniens
2074 3416 2088 3450 :
2139 3399 2231 3452 Ἕκ

656 3489 789 3554 γῶν
846 3487 941 3541 τοῦ
1016 3489 1235 3558 οἰκῆσαι
1300 3492 1369 3560 τῇ
1401 3490 1576 3562 λαύρᾳ
1638 3495 1706 3561 τῇ
1782 3490 2229 3563 ὲπονθμαξομένῖι

653 3579 904 3650 Μάνδρᾳ,
935 3580 1150 3647 λέγεται
1182 3580 1405 3649 Συμεὼν
1424 3582 1462 3633 ὁ
1482 3582 1577 3650 τῆς
1601 3583 1858 3652 Μάνδρας
1893 3598 1907 3611 ο
1945 3586 2009 3636 ὲκ
2039 3583 2095 3635 δὲ
2134 3583 2229 3637 τοῦ

658 3671 738 3732 εἰς
764 3670 1051 3739 διαφόρους
1086 3668 1312 3731 στύλους
1343 3670 1643 3739 ἀναχθῆναι
1668 3712 1683 3735 ,
1712 3672 1957 3724 καλεῖται
2007 3672 2231 3741 Συμεὼν

656 3761 935 3829 Στυλίτης.
967 3761 1049 3815 Ex
1075 3777 1135 3814 eo
1161 3762 1299 3831 quod
1331 3762 1603 3815 habitabat
1632 3762 1687 3815 in
1716 3742 2064 3831 monasterio‘
2092 3760 2231 3833 quod

654 3850 941 3922 vocabatur
964 3850 1212 3917 Mandra,
1240 3852 1431 3904 dicitur
1452 3851 1640 3923 Symeo
1678 3855 1731 3907 in
1771 3853 2042 3909 Mandra:
2074 3868 2136 3908 ex
2171 3871 2229 3908 eo

654 3956 778 3993 vero
813 3940 951 4008 quod
974 3941 1203 3995 diuersos
1234 3940 1429 4011 Stylos,
1457 3943 1513 3997 id
1560 3952 1641 3999 est
1691 3945 1997 4007 columnas.
2045 3959 2231 4001 ascen-

654 4033 751 4095 dit,
782 4032 1088 4084 nominatur
1138 4030 1363 4102 Symeon
1424 4032 1657 4102 Styliles.
1690 4034 1845 4090 Licet
1895 4036 2063 4100 enim,
2090 4045 2229 4092 teste

653 4122 908 4190 EvagrioJ
936 4124 987 4175 in
1014 4124 1332 4176 monasterio
1352 4164 1365 4187 ,
1391 4126 1446 4177 in
1480 4142 1582 4195 quo
1618 4128 1849 4195 primum
1897 4128 2101 4182 divinas
2152 4132 2227 4182 vi-

657 4214 809 4265 rendi
861 4215 1232 4283 prwceptiones
1272 4215 1467 4277 didicit,
1501 4234 1669 4270 annos
1694 4218 1823 4271 uixit
1856 4235 2075 4283 novem,
2118 4235 2227 4273 non

660 4315 840 4359 tamen
878 4305 981 4358 hoc
1006 4307 1395 4360 monasterium
1450 4310 1675 4377 proprio
1714 4312 1938 4366 nomine
1991 4313 2228 4366 vocaba-

658 4406 751 4449 tur
782 4396 1031 4459 Mandra,
1066 4397 1161 4451 sed
1206 4396 1498 4463 Timothei;
1538 4416 1718 4470 neque
1769 4418 2071 4473 congruum
2101 4405 2225 4470 fuit,

2335 3215 2713 3284 manuscripts
2737 3228 2903 3283 quam
2936 3214 3077 3285 typis
3108 3227 3311 3268 excusa
3337 3214 3538 3268 Menses
3563 3214 3901 3284 ae_Synaxa-

2334 3309 2417 3363 ria
2448 3306 2720 3362 inhaerent
2747 3305 2856 3359 diei
2886 3306 2955 3359 ab
3014 3312 3246 3359 auctore
3274 3305 3413 3359 Vitae
3436 3312 3647 3367 notato,
3694 3305 3789 3373 qui
3824 3317 3907 3358 est

2335 3396 2428 3451 hic
2458 3396 2529 3449 24
2576 3393 2727 3459 Maii,
2758 3392 2980 3462 quando
3016 3392 3183 3447 etiam
3219 3392 3444 3457 Menaea,
3484 3392 3634 3462 quod
3653 3394 3792 3448 alias
3820 3409 3909 3447 ra-

2320 3502 2481 3553 .rum,
2514 3486 2592 3541 ita
2626 3471 3084 3550 ,tatum’otiicium
3110 3482 3179 3537 de
3228 3483 3334 3537 hoc
3380 3490 3573 3548 sancto
3618 3495 3905 3553 peragunt,

2333 3579 2649 3635 utalterius
2678 3577 2914 3646 alicujus
2980 3589 3081 3629 nec
3128 3574 3718 3629 commemorationem
3777 3574 3907 3643 qni-

2332 3671 2457 3726 dem
2491 3668 2816 3741 adjungant.

2401 3761 2454 3816 6.
2514 3763 2721 3814 Auctor
2769 3757 2934 3814 cilicii
2957 3767 3124 3828 atque
3185 3758 3414 3813 canonis
3455 3756 3679 3811 videtur
3735 3756 3907 3811 fuisse

2330 3858 2555 3903 sanctus
2590 3847 2921 3912 Germanus,
2980 3847 3295 3917 patriarcha
3342 3846 3909 3916 Constantinopolita-

2328 3960 2461 3999 nus:
2489 3944 2653 4014 hujus
2676 3942 2947 4014 siquidem
2980 3943 3186 3996 nomini
3215 3942 3515 3997 ascribitur
3546 3942 3907 4012 Troparium,

2327 4045 2453 4106 post
2497 4035 2772 4098 Similaria
2830 4035 2897 4089 ad
2935 4034 3159 4098 Gloria,
3214 4033 3363 4103 quod
3428 4041 3513 4088 est
3574 4035 3679 4088 tale
3732 4052 3745 4086 :
3819 4035 3910 4095 Et;

2326 4130 2451 4198 ὅρος
2515 4127 2720 4197 ὑψηλὸν
2775 4124 3120 4195 συμϐολικῶς
3179 4125 3237 4177 τὸ
3284 4123 3600 4194 Θαυμαστὸν
3647 4125 3909 4185 ἀνελθὼν,

2327 4218 2423 4270 καὶ
2447 4216 2546 4287 τὴν
2576 4217 2779 4285 σεπτὴν
2805 4215 3034 4268 κιϐωτὸν
3086 4214 3161 4273 ὡς
3218 4214 3406 4267 ἄδυτον
3457 4214 3738 4277 εἰσελθὼν,
3768 4217 3913 4285 πρᾶ-

2328 4308 2409 4375 ξιν
2422 4308 2650 4385 ἀρίστην
2669 4308 2763 4361 καὶ
2784 4306 3036 4359 ἐπίϐασιν
3052 4306 3291 4376 θεωριῶν
3311 4305 3658 4374 ἐπεδείξω,τῇ
3685 4307 3785 4375 μὲν
3800 4307 3912 4374 βίον

2326 4397 2692 4468 λαμπρύνας,
2747 4397 2967 4467 δεσμοῖς
3040 4396 3280 4467 σιδηροῖς
3321 4396 3398 4460 ὡς
3445 4397 3730 4466 ὁρμισκοες
3781 4416 3913 4469 χρυ.

659 4493 771 4538 uta
811 4485 932 4539 loco
958 4500 1120 4554 quem
1148 4501 1285 4555 pene
1324 4504 1461 4556 puer
1491 4490 1854 4555 habitaverat,
1886 4506 2085 4544 nomen
2111 4507 2229 4544 sora

2334 4492 2444 4553 σοῖς
2469 4488 2865 4557 κοσμούμενος·
2894 4488 3020 4557 τῇδε
3047 4487 3179 4540 Θεὸν
3206 4487 3346 4558 ὀρῶν
3384 4505 3445 4540 τε
3482 4490 3578 4540 καὶ
3608 4490 3911 4557 ὁρώμενος,

658 4578 858 4629 tiretur
908 4584 1032 4644 post
1088 4586 1341 4631 mortem.
1373 4578 1515 4633 Fieri
1548 4588 1731 4634 tamen
1786 4582 1965 4650 potuit
2019 4592 2077 4636 nt
2119 4598 2227 4637 non

659 4665 839 4719 solum
890 4681 1059 4735 super
1113 4667 1254 4730 illas,
1287 4684 1425 4737 quas
1454 4669 1545 4723 ille
1582 4672 2257 4740 successivedimiserat.

657 4758 942 4811 columnas
963 4758 1328 4813 ascenderem
1355 4760 1447 4813 alii
1496 4760 1590 4814 diu
1632 4770 1818 4830 postea
1849 4777 1863 4826 ;
1896 4762 1990 4816 sed
2023 4763 2187 4816 etiam
2212 4805 2228 4829 ,

656 4849 907 4918 quamvis
958 4864 1163 4919 corpus
1210 4859 1357 4905 esset
1410 4851 1733 4914 Antiochiae,
1794 4853 1979 4921 plures
2048 4861 2230 4908 tamen

658 4941 749 4997 alii
801 4940 1004 4995 ibidem
1071 4942 1307 5005 collecti,
1356 4943 1554 5012 partim
1590 4944 1818 5014 Stylitae,
1872 4946 2069 5013 partim
2104 4943 2229 4999 Cm-

658 5030 894 5095 nobitm,
965 5031 1253 5086 ell'ecerint
1316 5033 1549 5101 amplam
1621 5049 1687 5087 ac
1744 5033 2005 5087 lanmsam
2066 5035 2230 5088 Man-

659 5118 812 5171 dram
834 5136 863 5172 I:
900 5114 967 5173 ad
1004 5135 1166 5189 quam
1198 5120 1327 5190 quia
1359 5120 1604 5190 Undique
1639 5124 2035 5176 occurrebatur
2070 5142 2100 5177 a
2137 5140 2233 5193 pe-

658 5209 913 5280 regrinis,
944 5210 1225 5265 celebrem
1258 5210 1335 5265 ibi
1383 5208 1656 5280 Symeonis
1690 5212 2003 5266 columnam
2050 5214 2232 5268 visere

658 5302 1032 5369 cupientibus,
1064 5302 1211 5370 apud
1248 5303 1589 5357 recentiores
1622 5302 1913 5357 invaluerit
1935 5344 1947 5367 ,
1985 5313 2044 5357 ut
2075 5306 2233 5373 cujus

657 5392 914 5449 columna
951 5392 1132 5446 stabat
1164 5392 1216 5445 in
1245 5393 1490 5456 Mandra,
1522 5394 1701 5463 ipsum
1742 5410 1961 5464 quoque
1989 5397 2042 5448 in
2076 5395 2231 5448 Man-

656 5484 755 5540 o'ra
786 5484 1259 5552 cognominarent.
1288 5484 1631 5551 Hac,minus
1653 5485 1728 5540 ibi
1760 5486 2027 5555 explicata
2061 5501 2090 5540 a
2113 5485 2232 5540 Bo!-

658 5574 846 5636 lando,
887 5574 1095 5643 placuit
1124 5574 1216 5628 hic
1240 5574 1537 5631 deducere.

823 5664 1108 5719 Secundus
1138 5665 1363 5735 Symeon
1382 5683 1508 5722 vere
1537 5684 1600 5721 ac
1628 5669 1846 5737 proprie
1905 5669 2117 5723 vocari~
2137 5684 2234 5738 po-

657 5757 763 5814 tuit
792 5756 1221 5824 Arellimandrita
1259 5774 1409 5812 :non
1433 5759 1577 5814 enim
1614 5761 1789 5814 solum
1826 5760 2078 5815 columna
2114 5763 2232 5833 ejus

2329 4582 2422 4633 καὶ
2457 4580 2614 4650 μόνος
2647 4580 2793 4650 μόνῳ
2823 4578 3165 4649 προσλαλῶνο
3190 4579 3248 4631 ὃν
3271 4579 3502 4643 ἱκέτευε,
3525 4579 3789 4646 σεϐάσμιε
3814 4580 3915 4631 Συ-

2333 4670 2497 4741 μεὼν,
2536 4670 2676 4739 ὑπὲρ
2704 4669 2812 4722 τῶν
2843 4669 3033 4737 ψυχῶν
3078 4668 3251 4737 ὑμῶν.
3310 4669 3544 4723 Videtur
3592 4671 3913 4737 respexisse

2331 4770 2524 4817 auctor
2552 4762 2620 4815 ad
2646 4761 2937 4816 Noeticam
2981 4775 3186 4823 arcam,
3247 4760 3304 4813 in
3365 4759 3598 4814 summis
3636 4762 3913 4813 Armenia:

2332 4854 2614 4908 montibus
2642 4852 3020 4923 quiescentem
3040 4892 3053 4915 ,
3076 4850 3219 4906 sicut
3241 4850 3471 4920 legimus
3490 4849 3772 4905 Geneseos
3792 4865 3908 4903 vni.

2332 4944 2506 4999 Verba
2562 4944 2678 5012 ipsa
2708 4942 2898 4996 Latine
2927 4940 3008 4995 sic
3039 4940 3214 4994 reddo
3240 4958 3252 4993 :
3280 4939 3346 4993 In
3378 4948 3605 4993 montem
3624 4939 3909 4998 excelsum,

2330 5035 2608 5105 symbolice
2643 5033 2941 5087 mirabilem
2978 5032 3283 5097 ascendens,
3310 5040 3360 5083 et
3418 5032 3777 5094 venerandam
3816 5049 3911 5084 ar-

2332 5145 2449 5181 cam
2476 5127 2614 5180 velut
2642 5127 2859 5196 adytum
2888 5141 3100 5178 sacrum
3122 5126 3404 5194 ingressus,
3438 5124 3697 5192 optimam
3719 5139 3913 5192 apera-

2335 5218 2527 5271 tionem
2558 5226 2605 5270 ct
2627 5217 3131 5285 rontemplationum
3149 5215 3453 5268 divinarum
3483 5214 3759 5266 sublimem
3785 5229 3914 5281 gra-

2334 5309 2458 5362 dum
2502 5308 2775 5361 ostendisti
2806 5318 2855 5360 te
2914 5317 3209 5360 assecutum
3242 5322 3258 5358 :
3289 5307 3406 5359 hinc
3456 5304 3671 5374 quidem
3730 5305 3913 5371 ferreis

2334 5397 2578 5460 vinculis,
2605 5407 2859 5463 tanquam
2879 5396 3053 5447 aureis
3082 5392 3383 5457 monilibus,
3403 5407 3592 5461 corpus
3618 5404 3914 5452 exornans;

2335 5490 2454 5543 inde
2502 5505 2624 5542 vero
2667 5487 2834 5539 Deum
2881 5487 3200 5555 conspiciens
3249 5484 3312 5537 ab
3369 5498 3532 5551 eoque
3583 5490 3913 5550 conspectus,

2335 5580 2457 5631 dum
2484 5578 2626 5630 solus
2646 5576 2742 5630 soli
2761 5576 3078 5644 loquereris;
3108 5591 3259 5642 quem
3290 5590 3383 5643 pro
3406 5573 3601 5625 nostris
3638 5573 3918 5625 animabus

2335 5669 2647 5738 depreceris,
2700 5682 3038 5733 quwsumus.
3069 5664 3294 5733 Symeon
3349 5663 3666 5717 venerande.
3726 5661 3919 5731 Elogio

2338 5759 2636 5831 prxﬁgitur
2673 5757 2949 5812 distichon
2975 5754 3289 5826 hnjnsmodi
3316 5772 3329 5808 :
