4118 6494
266 423 407 486 2969

411 529 738 600 Θιυματτδν
768 528 900 600 ᾣκξι
925 529 1056 597 πρὶν
1086 525 1311 594 Συμεὼν
1328 526 1442 600 χῆς
1475 525 1620 593 ὅρος,

413 582 553 655 [Icilii
580 601 637 652 δὲ
661 582 1088 667 πανόαύμαᾶτον
1118 582 1258 649 elusi
1291 582 1565 667 νίῗιίῦρός.

275 714 395 783 Quo
429 714 728 777 indicatur,
754 712 901 781 quod
932 713 1023 782 qui
1045 713 1101 764 in
1132 720 1278 764 terra
1303 719 1532 764 montem
1558 710 1856 762 mirabilem

269 800 564 871 habitabat,
599 821 739 859 nunc
758 803 873 857 caeli
905 813 1134 857 montem
1168 802 1399 855 maxime
1438 800 1735 854 mirabilem
1762 801 1862 854 ha-

271 898 437 951 bitet:
466 904 521 952 et
566 896 622 950 in
675 895 824 949 hunc
878 894 1103 950 sensu‘m
1154 893 1319 948 etiam
1358 891 1683 962 Ephemeris
1740 904 1861 945 mea-

270 988 405 1042 trica
432 1005 447 1041 :

413 1085 601 1150 Εἰκάδι
658 1093 756 1167 ἡδὲ
792 1096 1029 1168 τετάρτῃ
1046 1096 1171 1165 ὅρος
1200 1090 1425 1163 Συμεὼν
1461 1086 1693 1161 ἤμειψεδ

415 1204 606 1260 Vicena
637 1214 836 1277 quarta
868 1180 1100 1260 montem
1123 1202 1351 1274 Symeon
1385 1202 1627 1255 mutavit.

267 1336 629 1412 Evangelium
660 1342 900 1413 denique
920 1341 1647 1412 prmscribiturargumento
1671 1345 1857 1406 aptum

265 1451 332 1489 ex
392 1435 580 1489 verbis
621 1436 863 1490 Mattliaci
896 1452 928 1487 ν
954 1443 967 1488 ξ
998 1434 1123 1488 ’νος
1160 1435 1283 1488 estis
1318 1434 1410 1486 lux
1451 1431 1636 1485 mundi
1679 1446 1695 1484 :
1756 1446 1860 1482 non

265 1533 437 1593 potest
467 1526 648 1579 civitas
677 1526 926 1579 abstemii
955 1542 1114 1595 super
1139 1534 1367 1579 montem
1397 1524 1590 1592 posita,
1621 1532 1733 1575 etc.

340 1613 392 1666 7.
438 1613 585 1667 idem
631 1614 911 1669 secundus
981 1630 1076 1669 seu
1136 1614 1330 1668 Iunior
1383 1612 1648 1683 ngeon,
1690 1613 1858 1668 etiam

266 1704 538 1775 presbyter
569 1706 692 1767 fuit,
729 1706 808 1759 uti
845 1707 1022 1761 scitur
1058 1722 1123 1760 ex
1159 1705 1297 1760 Vita:
1342 1722 1391 1759 (δ.
1426 1707 1492 1760 19
1519 1722 1529 1757 :
1560 1706 1745 1759 nullus
1779 1714 1857 1758 tae-

268 1809 394 1846 mcn
434 1793 566 1849 hinc
600 1796 732 1848 mihi
765 1797 1060 1865 scrupulus
1108 1798 1357 1849 nascitur
1403 1796 1550 1850 circa
1602 1796 1854 1861 tertium,

276 1885 372 1953 qui
401 1898 511 1939 non
541 1887 719 1940 solum
747 1904 903 1957 teque
928 1904 990 1942 ac
1020 1889 1110 1943 ille
1131 1888 1399 1958 rresbytcr
1421 1889 1609 1950 fuerit,
1646 1888 1858 1957 specia—

276 1976 409 2031 liter
436 1987 623 2033 autem
669 1978 856 2034 dictus
915 1980 987 2035 sit
1030 1981 1489 2036 Archimandrita.
1536 1980 1671 2035 Nam
1731 1980 1862 2035 licet

265 2068 412 2123 alius
464 2084 686 2139 quoque
749 2072 876 2125 talis
905 2071 1092 2134 fuerit,
1123 2072 1496 2146 communiter
1529 2082 1710 2125 tamen
1766 2086 1862 2140 ap-

234 2160 574 2230 pellabatur
622 2162 807 2215 aliter.
851 2160 1007 2228 Quod
1061 2172 1249 2217 autem
1316 2162 1457 2216 nihil
1508 2162 1863 2232 impediverit

262 2251 435 2307 simul
461 2260 516 2306 et
577 2251 832 2322 Stylitam
865 2268 997 2317 ,csse
1043 2263 1099 2307 et
1150 2254 1668 2327 Art/timandritam,
1712 2262 1863 2321 patet

260 2358 330 2399 cx
354 2343 476 2398 Vita
503 2345 765 2399 secundi:
804 2358 969 2415 quem
1010 2347 1179 2400 etiam
1218 2362 1286 2400 ex
1315 2328 1516 2423 eadem
1586 2344 1858 2415 intelligi-

264 2449 395 2488 mus
425 2434 479 2487 in
502 2449 599 2489 sua
640 2436 903 2490 columna
930 2452 1039 2491 non
1072 2436 1144 2491 ita
1184 2437 1521 2506 perstitisse,
1550 2437 1685 2505 quin
1715 2450 1859 2505 saepe

264 2526 335 2579 ab
358 2525 557 2581 eadem
602 2526 994 2590 descenderet,
1059 2542 1172 2582 non
1209 2529 1390 2582 solum
1436 2528 1504 2582 ad
1557 2528 1861 2596 discipulos

268 2620 417 2674 intra
448 2619 758 2685 mandram,
780 2620 874 2673 sed
897 2620 1065 2675 etiam
1096 2621 1165 2674 ad
1198 2620 1432 2674 inferius
1461 2620 1859 2673 monasterium

270 2709 637 2766 visitandum.
667 2709 735 2763 Et
768 2710 908 2764 forte
933 2711 1103 2765 statio
1142 2710 1233 2764 illa
1265 2698 1323 2763 in.
1359 2710 1639 2769 columna,
1691 2710 1861 2764 certis

273 2801 793 2869 interrumpebatur
828 2801 1272 2855 conversationis
1309 2801 1623 2855 communis
1681 2802 1859 2855 inter-

266 2892 431 2945 vallis
486 2890 544 2945 ld
573 2907 705 2946 vero
732 2893 900 2946 etiam
930 2892 1309 2950 necessarium
1338 2891 1454 2947 fuit
1486 2892 1538 2946 ei
1569 2892 1665 2961 qui
1726 2907 1857 2961 pre-

265 2980 461 3049 sbyter
489 2989 631 3045 erat,
666 2994 727 3033 ut
774 2990 961 3050 posset
999 2980 1191 3035 divina
1236 2981 1527 3035 celebrare
1570 2982 1855 3052 mysteria,

261 3071 737 3143 quemadmodum
779 3073 927 3126 hunc
967 3072 1037 3127 de
1067 3088 1180 3143 quo
1214 3073 1432 3143 agimus
1470 3082 1721 3129 sanctum
1755 3072 1859 3144 Sy-

260 3186 521 3226 mconem
546 3170 741 3226 fecisse
776 3170 829 3225 in
858 3170 1242 3226 anniversario
1270 3185 1383 3225 suae
1421 3173 1636 3235 matris,
1658 3169 1861 3238 legitur

265 3269 327 3318 in
364 3263 531 3334 hujus
561 3274 765 3317 sanctae
800 3261 923 3317 Vita
969 3279 1023 3316 n.
1053 3264 1143 3317 7|.
1168 3263 1342 3317 Porro
1371 3261 1525 3316 tertii
1554 3261 1705 3314 illius
1732 3260 1858 3331 Sty-

261 3356 378 3410 litaa
429 3355 720 3427 Symconis
784 3356 903 3408 Vita
947 3355 1128 3425 optari
1178 3354 1398 3409 facilius
1458 3362 1642 3423 potest
1688 3368 1857 3423 quam

260 3447 501 3516 sperari.
532 3446 670 3500 Nam
704 3446 854 3515 quod
880 3445 947 3499 ad
978 3444 1383 3515 premerides
1421 3444 1860 3499 Graeco-moscas

264 3547 461 3592 noster
484 3537 648 3592 Pater
683 3537 1101 3606 Papebrocliius
1135 3538 1225 3591 die
1253 3535 1315 3590 21
1359 3536 1515 3601 Julii,
1568 3546 1860 3605 postquam

259 3627 377 3697 egit
409 3626 477 3681 de
502 3636 692 3680 sancto
720 3626 993 3696 Symeone
1037 3626 1186 3691 Salo,
1246 3626 1535 3680 iudicatae
1582 3626 1861 3695 reperisse

263 3718 445 3772 Vitam
474 3719 759 3789 cujusdam
784 3720 957 3772 sancti
989 3720 1264 3790 Symeonis
1287 3718 1548 3783 Junioris,
1570 3717 1863 3788 Hegumeni

258 3812 441 3866 sancti
532 3811 823 3866 Mamantis
899 3812 953 3864 in
1021 3810 1314 3864 Xeracerco
1379 3810 1631 3881 (rectius
1696 3808 1863 3864 Xero-

270 3902 472 3972 cerco),
490 3902 559 3957 de
591 3918 700 3972 quo
726 3902 1018 3956 dubitabat
1049 3918 1117 3954 an
1141 3910 1329 3973 posset
1358 3901 1502 3955 inter
1529 3909 1751 3955 sanctos
1776 3916 1864 3953 re-

270 3994 435 4060 ferri,
464 4001 523 4049 et
553 3994 783 4064 quidem
833 3993 907 4046 ad
928 4001 1416 4063 praememoratum
1462 3990 1531 4046 26
1573 3991 1742 4056 Julii;
1806 3989 1860 4044 id

270 4087 366 4142 hic
397 4102 429 4141 a
458 4101 545 4140 me
577 4086 751 4141 voluit
782 4100 885 4142 suo
915 4072 1140 4139 nomine
1160 4093 1547 4150 retractatum,
1573 4094 1863 4155 postquam

268 4179 407 4248 legit
431 4191 555 4247 quin
581 4177 649 4231 de
677 4178 797 4247 ejus
830 4191 940 4231 non
976 4192 1109 4231 sma
1137 4176 1244 4239 fide
1276 4176 1696 4234 accuratissime
1725 4190 1860 4230 eon-

271 4270 420 4342 gerit
452 4269 564 4323 Leo
590 4268 831 4322 Allatius
878 4284 933 4338 p.
958 4268 1084 4322 157.
1156 4268 1513 4332 Demonstrat
1560 4267 1711 4322 enim
1742 4266 1859 4331 hic,

271 4376 340 4415 ex
371 4360 522 4414 illius
583 4358 941 4429 potissimum
1016 4358 1242 4428 scriptis
1293 4366 1647 4428 propagatam
1720 4358 1866 4411 inter

272 4449 578 4503 monachos
640 4448 864 4504 Grazcos
915 4448 1092 4504 fuisse
1137 4448 1746 4519 Umplialopsychorum
1797 4448 1866 4503 de

1404 410 2011 476 COMMENTARlUS
2048 412 2415 475 Pll.E‘v'lUS.

1883 524 1924 579 Δ
1957 530 2067 577 tres
2104 524 2278 577 nostri
2327 523 2556 578 Parisiis
2606 524 2962 579 contulerant
3008 538 3133 592 cum
3175 520 3553 578 Combelisio:

3412 411 3557 474 2970

1973 613 2117 667 unde
2141 630 2251 677 non
2284 614 2485 668 mirum
2512 616 2557 669 si
2582 616 2672 670 hic
2700 616 2837 685 ipsis
2861 615 3156 669 nihilcerti
3188 622 3303 669 tum
3330 628 3559 684 respon-

1966 704 2111 759 derit
2159 706 2227 760 de
2260 707 2569 789 orthodoxa
2596 708 2903 777 Hegumeni
2940 688 3374 760 Xerocercensis
3423 704 3556 769 fide,

1966 807 2023 850 et
2049 799 2452 866 opusculorum
2493 816 2602 854 una
2632 815 2760 854 cum
2820 800 2941 881 Vita
2976 800 3403 870 .descriptorum
3460 797 3560 852 do-

1964 888 2164 943 ctrina.

1966 1043 1991 1111 §
2026 1042 2089 1096 ll.
2123 1064 2193 1083 -ε-
2219 1044 2294 1097 De
2316 1044 2494 1099 Monte
2531 1045 2788 1117 Mirabili,
2824 1046 2879 1117 in
2922 1061 3033 1117 quo
3062 1055 3281 1099 sanctus
3332 1045 3560 1117 Synteon

2572 1115 2763 1169 Junior
2825 1115 2975 1170 vixit.

2036 1248 2089 1302 8‘.
2120 1249 2381 1303 Sanctum
2416 1249 2766 1321 Symeonem,
2791 1250 2860 1305 de
2883 1266 2993 1320 quo
3017 1250 3253 1322 agimus,
3275 1251 3558 1307 Juniorom

1964 1340 2249 1411 Stylitam,
2286 1342 2341 1395 in
2380 1341 2562 1396 lucem
2588 1344 2768 1411 primo
2802 1342 3037 1410 editum,
3075 1344 3395 1407 Antiochia,
3453 1345 3556 1415 Sy—

1968 1432 2064 1487 ria:
2086 1433 2374 1487 notissima
2402 1434 2556 1499 urbs,
2594 1434 2840 1503 excepit,
2906 1450 3147 1504 moxque
3200 1437 3255 1489 in
3303 1436 3550 1491 vicinum

1966 1532 2210 1578 montem
2252 1525 2552 1579 transtulit.
2589 1510 2802 1579 Inde.is
2830 1541 2888 1580 se
2920 1527 3159 1579 contulit
3212 1528 3267 1580 in
3320 1527 3557 1579 Montem

1969 1617 2299 1683 Mirabilem,
2345 1634 2439 1687 qut
2476 1617 2759 1687 prtecipua
2807 1618 2914 1671 viri
2966 1620 3143 1672 sancti
3191 1619 3443 1688 palaestra
3486 1620 3561 1673 ita

1964 1711 2147 1764 dictus
2172 1709 2297 1775 fuit,
2334 1726 2441 1763 non
2479 1714 2562 1781 (ut
2589 1712 2902 1780 suspicatur
2928 1710 3177 1780 quidam)
3233 1718 3360 1765 ante
3392 1711 3560 1782 hujus

1967 1804 2017 1857 in
2053 1803 2204 1857 illum
2237 1792 2561 1867 adventum,
2596 1804 2743 1857 unde
2767 1818 2892 1858 cum
2936 1803 3044 1857 hoc
3088 1802 3559 1857 communicatum

1965 1910 2165 1949 nomen
2192 1893 2430 1959 fuisset;
2466 1894 2562 1947 sed
2590 1888 2849 1964 ρςιιιῇυε
2882 1894 3057 1963 ipsius
3085 1893 3349 1957 inauditis
3393 1904 3561 1963 atque

1965 1986 2310 2039 admirandis
2342 1987 2501 2055 plane
2529 1987 2831 2055 operibus;
2871 1988 2949 2040 uti
3004 1995 3131 2039 mox
3165 1986 3375 2040 indicat
3424 1986 3557 2040 Pro-

1964 2078 2123 2147 logus
2168 2076 2309 2130 Vitae
2338 2092 2505 2146 quam
2540 2078 2738 2131 damus
2769 2096 2780 2130 :
2815 2078 2927 2131 imo
2958 2092 3024 2131 ex
3058 2076 3152 2130 Dei
3180 2077 3355 2146 ipsius
3389 2085 3553 2141 nutu,

1964 2168 2431 2238 quemadmodum
2462 2186 2517 2223 ιι.
2556 2169 2623 2223 79
2658 2170 2920 2239 expresse
2950 2178 3232 2239 narratur.
3277 2167 3414 2222 Cum
3451 2168 3556 2237 igi-

1968 2267 2057 2311 tur
2078 2257 2131 2312 in
2160 2258 2306 2313 illius
2328 2259 2566 2313 decursu
2591 2260 2855 2328 frequens
2887 2260 3154 2314 memoria
3179 2260 3269 2313 fiat
3298 2276 3408 2313 non
3441 2268 3564 2313 tan-

1967 2357 2081 2401 tum
2111 2348 2314 2402 Montis
2344 2349 2494 2401 illius
2524 2349 2797 2403 Mirabills
2820 2391 2835 2415 ,
2885 2351 2980 2405 sed
3006 2350 3313 2404 Antiochia:
3338 2360 3556 2419 quottue

1962 2447 2017 2492 et
2047 2438 2343 2507 Daphnes,
2398 2438 2543 2491 haud
2593 2440 2835 2494 otiosum
2884 2441 3075 2506 fuerit,
3125 2449 3299 2493 totam
3361 2440 3556 2492 [mrum

1962 2528 2211 2581 locorum
2261 2526 2735 2595 descriptionem,
2815 2529 3126 2599 elegantem
3188 2544 3343 2582 sane
3391 2535 3559 2595 atque

1963 2628 2304 2684 accuratam,
2341 2608 2408 2673 es
2450 2618 2663 2673 Joanne
2700 2619 2918 2684 Pliocze,
2960 2620 3055 2689 qui
3098 2634 3189 2672 an.
3246 2619 3381 2671 1185
3436 2618 3559 2669 istic

1964 2711 2353 2780 peregrinatus
2388 2712 2501 2763 visa
2533 2720 2753 2763 enarrat
2784 2709 3032 2776 referre;
3086 2720 3146 2763 ut
3190 2710 3259 2763 ad
3323 2726 3549 2763 manum

1964 2801 2385 2864 habeatlector,
2412 2800 2583 2854 veluti
2615 2800 2979 2865 delineatnm,
3020 2800 3131 2855 loci
3180 2800 3234 2853 in
3280 2816 3391 2868 quo
3425 2816 3552 2854 ver-

1970 2908 2154 2947 samur
2194 2893 2366 2947 totius
2402 2893 2569 2946 situm
2613 2892 2706 2946 Sic
2732 2893 2809 2946 ait
2839 2892 2929 2945 ille
2960 2908 3016 2945 n.
3060 2892 3115 2945 ll
3145 2909 3157 2943 :

2033 2983 2297 3038 Erstabat
2357 2994 2506 3047 tum,
2554 2999 2673 3035 cum
2732 2991 2871 3046 erat,
2903 2984 2974 3035 ad
3021 2982 3271 3035 Orontem
3318 2983 3565 3035 Antiochi

1963 3072 2237 3143 Theopolis
2260 3112 2275 3135 ,
2312 3075 2643 3127 theatrorum
2668 3074 3058 3143 magnitudine,
3101 3082 3345 3127 stoarum
3387 3073 3565 3142 splen-

1889 3198 1930 3255 ο
1966 3164 2202 3225 tioribus,
2232 3162 2551 3234 templorum
2582 3163 2887 3225 structuris,
2933 3164 3084 3233 copia
3115 3166 3241 3217 item
3278 3165 3468 3217 civium
3514 3174 3564 3218 et

1965 3256 2274 3309 divitiarum
2304 3254 2708 3325 magniﬁcentia
2750 3255 2979 3325 superba
3012 3272 3075 3307 ac
3104 3266 3334 3320 tumens,
3357 3255 3567 3325 lateque

1962 3358 2182 3403 ca’teras
2222 3349 2330 3416 fere
2356 3348 2638 3401 orientales
2671 3348 2823 3401 urbes
2868 3348 3241 3417 exsuperabat.
3274 3346 3378 3403 Sed
3432 3358 3565 3401 tem-

1963 3458 2061 3505 pus
2094 3459 2156 3494 ac
2200 3441 2273 3493 vis
2304 3440 2539 3493 barbara
2574 3440 2881 3493 beatitatem
2936 3439 3081 3492 illius
3132 3442 3373 3493 exhausit
3402 3456 3418 3493 :
3451 3440 3566 3493 licet

1963 3538 2244 3606 conspicua
2281 3536 2452 3588 adhuc
2483 3535 2572 3600 sit,
2622 3544 2670 3586 et
2712 3535 2943 3586 turrium
2981 3533 3269 3587 altitudine
3288 3542 3339 3586 et
3368 3548 3567 3602 propu-

1964 3626 2319 3699 gnaculorum
2355 3624 2650 3688 validitate,
2686 3636 2733 3677 et
2776 3634 3053 3694 pratorum
3081 3641 3144 3676 ac
3166 3626 3363 3694 ﬂorum
3395 3624 3566 3676 omni—

1963 3737 2099 3791 gena
2135 3718 2477 3789 fecunditate,
2504 3726 2552 3770 et
2582 3718 2635 3770 in
2670 3715 2849 3787 plures
2881 3732 2993 3769 sese
3019 3716 3366 3769 divitlentium
3394 3733 3568 3785 aqua-

1967 3826 2088 3863 rum
2120 3808 2287 3862 sibilis
2314 3825 2331 3872 ;
2359 3824 2477 3860 cum
2533 3806 2744 3877 placide
2774 3807 2969 3876 ﬂuuius
3015 3806 3351 3875 circumfluat
3390 3808 3568 3856 urbrm

1965 3912 2014 3957 et
2046 3904 2243 3973 cingat,
2272 3910 2323 3953 et
2344 3899 2493 3954 molli
2520 3909 2663 3954 tactu
2692 3901 2807 3969 ejus
2854 3908 3028 3952 turres
3081 3897 3566 3967 circumplecttstur.

1965 3995 2193 4065 Insuper
2228 4010 2253 4047 ε
2304 3992 2531 4049 Castalii
2560 3992 2719 4061 fontis
2764 3992 2978 4062 ﬂuentis
3029 3992 3232 4061 egregie
3270 3991 3570 4059 irrigatur;

1968 4088 2118 4157 cujus
2145 4074 2298 4157 aqua:
2332 4086 2650 4138 torrentium
2684 4084 2859 4136 instar
2890 4081 3187 4152 pelluntur,
3221 4091 3270 4133 et
3324 4081 3573 4149 frequen-

1968 4178 2103 4229 tibus
2150 4173 2421 4228 sulcorum
2466 4174 2591 4227 rivis
2648 4172 2829 4225 urbem
2881 4172 3185 4224 univtrsam
3219 4164 3569 4238 per'fumlm:t,

1968 4282 2189 4336 eamque
2219 4266 2445 4337 ﬂuxibus
2485 4274 2777 4335 aspergunt
2805 4282 2821 4327 ;
2850 4278 3135 4332 operarum
3176 4263 3325 4331 capia
3365 4272 3410 4313 et
3444 4278 3569 4313 cor:-

1969 4360 2156 4412 ditoris
2197 4339 2595 4427 magniﬁcentia
2631 4372 2695 4408 ea:
2737 4354 2843 4408 illis
2888 4354 3115 4423 fontibus
3141 4370 3235 4423 per
3262 4364 3461 4404 montes
3504 4354 3572 4406 ιλ

1969 4452 2142 4521 ipsam
2189 4449 2454 4501 civitatem
2510 4446 2753 4500 laticibus
2808 4444 3233 4522 corrigatis.ﬂic
3283 4444 3431 4513 fatua
3480 4460 3571 4511 ριν·

268 4540 506 4596 Lumine
537 4540 803 4596 Taboraeo
834 4540 1118 4604 bmresim;
1152 4555 1316 4609 quam
1337 4548 1525 4610 postea
1559 4540 1862 4609 Gregorius
1889 4540 1943 4600 D
1969 4543 2146 4596 orbem
2190 4538 2467 4609 vulgatum
2511 4539 2760 4609 Daphnes
2788 4539 3117 4601 suburbium,
3148 4538 3375 4607 proceris
3408 4552 3563 4589 omm-

270 4630 526 4685 Palamas
574 4631 783 4700 aliique
852 4644 1154 4701 sequaces,
1216 4631 1564 4700 diss:mulato
1614 4630 1863 4701 magistri

271 4721 523 4785 nomine,
573 4720 1018 4791 pertinacissime
1052 4728 1482 4790 propugnarunt
1510 4719 1731 4789 lateque
1755 4720 1869 4774 dis-

271 4812 662 4878 seminarunt;
697 4820 753 4867 et
784 4812 874 4866 cui
911 4822 970 4866 ut
994 4813 1172 4882 major
1222 4812 1620 4867 conciliaretur
1671 4820 1864 4865 aucto-

272 4906 434 4968 ritas,
474 4904 786 4973 conscripta
810 4904 904 4958 illa
958 4903 1081 4957 Vita
1134 4913 1240 4967 est,
1290 4903 1639 4973 confit-taque
1682 4904 1868 4957 eidem

270 4995 576 5065 subiuncta
605 4994 894 5049 miracula.
930 4994 1068 5049 Cum
1109 5006 1298 5048 autem
1360 4994 1611 5047 l’alamas
1657 4995 1867 5048 circum

272 5086 523 5141 medium
544 5087 731 5141 saeculi
749 5103 833 5140 xw
853 5087 1130 5152 floruerit,
1151 5086 1422 5141 credibile
1448 5102 1553 5141 non
1577 5086 1635 5140 fit
1665 5086 1733 5141 de
1759 5095 1868 5140 tam

277 5178 501 5233 recenti
533 5193 696 5250 agere
720 5179 946 5234 Mena-a.
976 5179 1133 5245 Quod
1169 5182 1211 5233 si
1251 5180 1317 5233 ad
1346 5196 1571 5234 manum
1596 5180 1716 5234 Vita
1754 5180 1870 5249 ipsa

276 5284 433 5325 nunc
475 5280 648 5336 esset,
694 5271 801 5325 levi
860 5281 1000 5325 tunc
1049 5271 1212 5325 oculo
1237 5281 1293 5326 et
1342 5272 1461 5325 solo
1503 5272 1666 5325 titulo
1711 5280 1872 5325 tenus

274 5360 413 5413 olim
441 5358 711 5429 inspecta,
747 5360 999 5415 fortassis
1026 5361 1637 5431 ltmthualcmrunquc
1678 5371 1733 5415 ct
1777 5378 1875 5414 eu-

272 5454 593 5524 juscunque
621 5450 750 5505 fidei
782 5453 1115 5520 Symeonem
1166 5454 1275 5505 alio
1332 5468 1561 5522 prorsus
1602 5452 1691 5505 dic
1725 5468 1873 5505 mor-

278 5555 440 5599 tuum
488 5542 836 5606 ostenderet,
879 5558 932 5596 tl
980 5544 1031 5596 in
1068 5545 1324 5597 columna
1377 5560 1616 5613 unquam
1670 5544 1873 5599 \‘ixissc

281 5634 567 5705 probaret.
592 5635 783 5689 Restat
812 5634 979 5703 igitur
1010 5644 1067 5688 ut
1094 5636 1181 5688 hic
1213 5644 1529 5699 retractatu,
1554 5635 1627 5688 illi
1650 5636 1870 5691 delean-

282 5734 395 5779 tur.
440 5725 599 5781 Edita
634 5742 798 5795 porro
821 5725 922 5780 luit
953 5726 1135 5781 Allatii
1170 5728 1235 5781 de
1268 5728 1592 5782 Simeonum
1651 5729 1875 5798 scriptis

287 5815 541 5872 liiatriba
576 5816 738 5869 annis
780 5825 1035 5885 quatuor.
1068 5828 1357 5887 [mstqnam
1389 5819 1455 5873 tle
1487 5820 1576 5873 illa
1618 5820 1735 5875 Vita
1779 5822 1871 5875 F.1-

1969 4650 2131 4705 genus
2181 4630 2456 4684 arboribus
2503 4638 2854 4694 exornatum;
2910 4638 2959 4681 et
3022 4645 3168 4681 mons
3225 4637 3302 4680 est
3338 4627 3567 4678 maxime

1971 4724 2182 4787 nobilis,
2210 4738 2366 4793 quem
2419 4722 2770 4776 admirandus
2802 4720 3029 4791 Symeon
3072 4722 3127 4773 in
3185 4720 3566 4773 habitationem

1973 4817 2267 4887 adoptavit.

2046 4908 2134 4960 lO.
2163 4905 2317 4959 Hisce
2356 4904 2620 4973 ﬁnitimus
2672 4913 2745 4957 est
2779 4920 2927 4957 mons
2967 4902 3191 4956 Maurus
3218 4910 3265 4955 et
3293 4899 3574 4969 δρομαίῳ,

1974 5000 2029 5052 in
2065 4998 2253 5067 quibus
2281 4997 2577 5065 antiquitus
2607 4994 2761 5047 multi
2791 4993 2897 5047 Deo
2929 4993 3279 5046 addictissimi
3303 4993 3423 5052 viri,
3452 5009 3567 5044 eun:

1977 5091 2304 5159 requirentes
2360 5090 2699 5152 invenerunt,
2734 5096 2783 5141 et
2839 5086 2909 5140 ad
2937 5088 3046 5141 lucc
3090 5094 3331 5155 tempora
3374 5086 3570 5154 perdu—

1978 5190 2124 5245 rant,
2159 5191 2208 5234 ct
2232 5180 2575 5237 laudatorum
2610 5180 2868 5233 montium
2901 5178 3304 5248 pulrhritudine
3346 5176 3576 5244 pellecti.

1975 5272 2136 5327 silvas
2160 5271 2495 5325 inhabitant.
2523 5269 2794 5325 Castalius
2835 5269 2950 5338 fons
2972 5272 3110 5323 inter
3139 5269 3268 5321 duos
3298 5268 3456 5321 colles
3483 5285 3573 5318 υπ-

1975 5361 2179 5425 siliens,
2208 5377 2272 5415 es:
2323 5362 2459 5430 ejus,
2487 5361 2578 5430 qui
2622 5361 2677 5415 in
2713 5376 2863 5413 mare
2926 5362 3212 5429 procurrit,
3252 5360 3358 5411 ima
3405 5367 3579 5426 parte,

1979 5454 2172 5506 eximia
2222 5452 2465 5522 quwdam
2518 5468 2786 5521 aquarum
2839 5453 3047 5522 irrigua
3098 5452 3327 5514 evomit;
3367 5452 3418 5501 in
3479 5468 3581 5517 qua

1980 5543 2310 5613 pra’grandis
2338 5543 2567 5613 assurgit
2594 5546 2852 5612 porticus,
2876 5560 3090 5597 cursum
3118 5544 3276 5612 fontis
3298 5559 3577 5594 conmme-

1982 5653 2129 5689 rans.
2159 5636 2293 5689 llinc
2319 5651 2472 5704 aqme
2496 5636 2772 5704 affluenter
2810 5636 3164 5705 prosilirntes,
3192 5637 3244 5687 in
3270 5635 3397 5687 «(nos
3446 5651 3536 5685 rm
3557 5650 3579 5685 ,ς

1984 5728 2311 5782 dividuntur.
2342 5728 2543 5782 Earum
2593 5746 2699 5781 una
2727 5746 2851 5796 pars
2884 5746 2977 5798 per
3024 5728 3315 5781 altissimos
3366 5729 3584 5784 «lactus,

1983 5818 2142 5873 relati
2163 5819 2611 5872 sulcostlcr'ratn.
2643 5834 2789 5870 u'aue
2814 5836 2873 5870 ac
2904 5820 3079 5871 acrius
3104 5819 3319 5887 Iturius.
3348 5834 3408 5870 cr
3431 5834 3519 5886 pm
3540 5828 3597 5872 te
