4118 6472
600 431 740 496 ΞΑἸῙ

1854 414 1947 477 .S.
1989 406 2289 472 SYMEON
2326 402 2633 467 JUNIOR.
3721 386 3869 449 2972

602 546 819 601 dextera
848 537 1213 610 superiarique
1231 538 1285 591 in
1304 537 1484 590 urbem
1506 534 1680 603 influit
1704 550 1721 597 ;
1753 530 1928 584 altera
1948 524 2251 584 sinistrisA
2279 518 2487 573 fuerint
2516 534 2528 569 :
2570 514 2663 568 hic
2690 511 2993 567 emindisse
3016 508 3164 562 inter
3213 518 3407 560 omnes
3434 494 3713 610 dicendus
3739 507 3819 552 est
3844 536 3859 557 ,

604 635 740 704 fonti
768 633 891 687 locis
916 629 1291 698 campestribus
1333 628 1633 689 exundans,
1669 623 1724 675 in
1764 617 2045 690 paludibus
2087 630 2169 704 su-

606 702 931 795 perstagnat,
956 720 1302 787 universaque
1350 715 1597 782 Daphnes
1638 718 1798 781 prata
1848 708 2069 765 irrorat,
2098 702 2187 755 de-

608 830 751 869 mum
808 811 951 866 larvis
1003 808 1216 863 Orontis
1260 807 1474 877 ﬂuentis
1501 805 1841 857 immiscctur.
1872 798 2022 852 Mons
2064 812 2185 849 vero

609 902 980 966 admirandus,
1008 902 1147 953 inter
1176 900 1355 950 urbem
1388 904 1437 949 et
1469 909 1616 949 mare
1645 893 1839 954 elatus,
1868 906 1948 942 res
1973 888 2184 956 egregia

610 1009 672 1046 ac
694 990 991 1058 spectabilis
1039 998 1086 1042 et
1120 987 1513 1041 advenientium
1541 982 1705 1037 oculis
1757 980 2022 1041 delicium,
2063 993 2187 1030 con-

611 1083 1110 1153 spiciturmamque
1128 1080 1242 1132 urbi
1270 1077 1545 1161 {laesaque
1570 1072 2189 1135 conterminus,utraque

608 1190 673 1228 ea:
720 1181 873 1243 parte
912 1171 1175 1224 montibus
1216 1158 1442 1237 scopulo
1486 1164 1828 1232 Caucasoque
1871 1158 2189 1227 constringi—

610 1274 717 1315 tur.
744 1260 963 1316 Orontes
989 1261 1177 1329 ﬂuvius
1202 1258 1495 1325 innumeris
1520 1255 1867 1325 inﬂexionum
1908 1248 2188 1307 verticibus

613 1353 684 1407 ad
724 1352 877 1423 pedes
909 1352 1095 1405 montis
1126 1350 1360 1419 prpﬂuit,
1393 1354 1442 1399 et
1466 1348 1520 1399 in
1561 1361 1709 1398 mare
1741 1360 1909 1413 aquas
1928 1340 2187 1394 immittit.

686 1444 862 1499 H.1n
914 1443 1103 1496 montis
1136 1441 1353 1510 hujusce
1406 1440 1602 1492 vertice
1656 1451 1877 1505 magnus
1937 1431 2029 1485 ille
2088 1431 2188 1495 vir,

612 1533 902 1605 tranquille
930 1536 1094 1587 vitam
1120 1548 1282 1601 agens
1306 1539 1356 1583 et
1386 1531 1441 1583 in
1469 1529 1623 1582 corde
1653 1528 1981 1581 escensiones
2008 1523 2191 1591 dispo-

613 1643 763 1691 nens,
796 1641 1013 1695 corpore
1038 1624 1276 1677 sublimis
1299 1620 1588 1685 extollitur,
1614 1628 1662 1671 et
1686 1634 1804 1672 cum
1834 1620 1945 1686 ipso
1977 1629 2194 1683 corpore

612 1719 865 1772 wthereus
892 1715 1031 1783 ﬁeri,
1050 1716 1288 1784 interque
1311 1712 1476 1765 Deum
1500 1719 1546 1763 et
1570 1710 1804 1763 homines
1827 1707 2026 1760 medius
2059 1720 2190 1767 esse,

562 1856 563 1859 η
614 1806 897 1860 contendit.
927 1805 995 1859 At
1021 1820 1126 1867 qua
1156 1804 1363 1856 ratione
1395 1802 1505 1856 Deo
1528 1800 1702 1853 dedito
1731 1799 1841 1851 viro
1866 1799 1968 1850 ista
1995 1811 2073 1847 res
2094 1794 2193 1847 ad-

613 1897 899 1951 miratione
946 1896 1108 1964 digna
1146 1883 1406 1954 evenerit,
1431 1894 1539 1961 ipse
1585 1892 1779 1944 dicam.
1815 1888 2194 1958 Lapicidarum

614 2004 777 2057 Opera
802 1988 1105 2041 summitate
1125 1983 1644 2039 HontisAdmirandi
1665 1986 1767 2035 alte
1787 1987 2063 2040 excavata,
2081 1993 2193 2030 mo-

617 2078 910 2130 nasterium
930 2090 990 2126 ea:
1004 2090 1108 2127 uno
1126 2073 1461 2141 ejusdemque
1478 2079 1688 2124 natura
1712 2067 1887 2139 lapide
1909 2067 2192 2131 exstruxit,

622 2167 680 2219 in
718 2165 866 2235 cujus
893 2166 1061 2222 medio
1084 2165 1320 2217 nativam
1348 2161 1651 2216 columnam
1675 2160 2017 2213 excidendam
2035 2175 2197 2217 cura-

618 2260 711 2315 vit.
738 2259 793 2311 in
816 2270 981 2325 eaque
1001 2256 1221 2323 vestigia
1240 2253 1435 2322 posuit,
1455 2251 1701 2319 ﬁrmans,
1724 2252 1801 2304 uti
1816 2267 1971 2304 sacra
2005 2257 2199 2303 sonant

620 2347 873 2417 Eloquia,
899 2361 1059 2415 super
1080 2352 1283 2409 petram
1310 2343 1461 2412 pedes
1484 2358 1604 2396 suos
1620 2342 1661 2394 ¹.
1690 2338 1875 2395 Versus
1898 2339 2062 2393 solem
2080 2353 2201 2391 vero

622 2426 970 2500 exorientem,
1000 2426 1259 2501 templum
1290 2431 1394 2483 Deo
1425 2429 1838 2499 pulcherrimum
1858 2429 2126 2488 excitavit,
2147 2427 2202 2477 in

622 2526 761 2597 quod
788 2523 1104 2578 convocabat
1139 2519 1421 2590 discipulos
1458 2536 1476 2572 :
1520 2530 1677 2589 atque
1722 2521 1799 2572 ita
1830 2517 1923 2572 sub
1966 2518 2051 2569 dio
2094 2517 2205 2582 ipse

626 2632 983 2680 commorans,
1012 2614 1094 2668 illi
1142 2622 1251 2666 tota
1284 2621 1432 2666 nocte
1458 2612 1512 2663 in
1542 2609 1734 2679 templo
1758 2619 1977 2672 stantes,
2011 2616 2067 2661 ut
2111 2609 2204 2660 de-

626 2708 775 2762 cebat
805 2714 1037 2767 sanctos,
1066 2704 1297 2757 debitum
1320 2703 1428 2756 Deo
1459 2701 1658 2755 cultum
1690 2700 1992 2771 offerebant.

700 2796 787 2851 η.
813 2787 1093 2848 Haet'enus
1114 2794 1446 2863 perpulchra
1467 2792 1707 2847 Joannes
1734 2790 1948 2844 Phocae.
1994 2788 2052 2841 lu
2079 2788 2207 2857 qni-

628 2892 733 2963 bus
757 2896 939 2941 tamen
970 2886 1073 2940 sub
1104 2884 1266 2939 finem
1293 2884 1527 2954 paucula
1609 2882 1861 2951 pandam,
1898 2896 1965 2935 ex
2002 2879 2213 2934 versio-

640 2994 708 3033 ne
735 2976 940 3040 Allatii,
971 2991 1134 3045 quam
1174 2984 1231 3031 et
1256 2990 1358 3029 nos
1389 2975 1509 3028 loco
1527 2975 1802 3043 assignato
1820 2973 2086 3041 integram
2112 2970 2209 3024 de-

637 3068 841 3133 dimus,
872 3067 1234 3131 subobscura,
1269 3067 1360 3120 hic
1387 3080 1512 3120 cum
1539 3063 1728 3119 Grzeco
1779 3071 1930 3117 textu
1990 3061 2211 3125 collata,

2223 1850 2270 1909 B

2285 625 2409 664 cum
2440 604 2708 661 nominati
2743 600 3002 672 Scopulus
3024 607 3083 653 et
3102 596 3370 658 Caucasus
3419 591 3590 645 veluti
3620 604 3722 659 pro
3765 602 3862 657 sp-

2285 697 2617 770 pendicibus
2654 694 3009 767 adjiciantur,
3037 704 3141 745 nec
3172 689 3343 742 ullum
3374 683 3616 738 aliorum
3666 692 3865 733 nomen

2286 796 2520 858 excepto
2550 786 2763 850 Mauro,
2790 792 2886 838 aut
2919 782 3030 844 bic,
3093 788 3189 834 aut
3242 779 3301 832 in
3329 776 3474 841 Vita,
3528 771 3699 833 forte,
3761 780 3867 821 nec

2288 880 2425 936 alibi
2447 878 2729 934 memoria:
2762 874 3044 946 proditum
3088 869 3428 926 inveniatur.

2359 972 2448 1026 14.
2479 971 2545 1025 Et
2590 983 2742 1032 sane,
2791 980 2958 1036 quem
3011 961 3233 1019 eminus
3282 957 3675 1014 advenientium
3744 956 3870 1007 ocu-

2290 1062 2353 1116 lis
2376 1060 2622 1115 delicium
2652 1057 2891 1127 appellat
2916 1062 3131 1116 auctor,
3165 1065 3276 1122 non
3313 1045 3655 1119 iniucundus
3691 1040 3867 1096 fuerit

2289 1154 2445 1209 locus
2470 1165 2697 1206 necesse
2741 1157 2847 1211 est,
2872 1144 3125 1216 quamvis
3156 1141 3211 1195 in
3244 1140 3389 1203 Vita,
3418 1154 3477 1192 n.
3512 1137 3606 1200 92,
3629 1136 3870 1190 desertus

2289 1243 2640 1313 incultusque,
2677 1257 2780 1295 non
2832 1241 2898 1294 ab
2930 1254 3092 1308 aqua,
3122 1242 3289 1297 tecto,
3323 1229 3500 1285 aliave
3526 1225 3677 1281 read
3708 1225 3873 1277 vitam

2291 1335 2588 1389 necessaria
2647 1334 2937 1385 instructus
3007 1328 3243 1380 dicatur.
3318 1314 3869 1401 Comntendationem

2291 1426 2496 1496 quippe
2526 1423 2798 1479 meruisse
2836 1427 3016 1490 potest
3043 1416 3162 1487 ipsa
3194 1411 3487 1470 sterilitate
3518 1416 3687 1475 atque
3715 1417 3874 1496 aspe-

2291 1494 2454 1571 ritate
2488 1530 2607 1574 sua.
2641 1512 2845 1583 quibus
2873 1509 3088 1572 oculos,
3104 1502 3418 1562 virentibus
3444 1500 3657 1554 circum
3685 1494 3873 1551 riden-

2293 1606 2553 1675 tibusque
2605 1602 2778 1673 pratis
2825 1607 3099 1671 assuetos,
3128 1591 3433 1666 jucundius
3454 1586 3749 1644 adiciebat.
3775 1584 3879 1638 Po-

2294 1697 2401 1751 tuit
2428 1696 2596 1749 etiam
2628 1691 2865 1754 laudari,
2890 1688 3037 1760 quod
3061 1681 3554 1757 injucundissimus
3594 1676 3727 1731 inde
3748 1688 3878 1743 pro-

2295 1796 2519 1857 spectus
2546 1792 2712 1840 esset.
2747 1781 2874 1837 Sive
2914 1763 3266 1855 enimtquOd
3314 1770 3521 1829 sanctis
3551 1767 3881 1823 deliciarum

2297 1855 2543 1933 omnium
2579 1873 3061 1931 deliciosissimum
3075 1867 3182 1940 est)
3202 1874 3423 1922 erectos
3446 1862 3505 1916 in
3522 1861 3729 1915 cretum
3754 1855 3881 1910 vul-

2298 1981 2387 2032 tus
2399 1972 2578 2039 placet
2601 1968 2819 2032 tollere,
2852 1966 2943 2020 hic
2963 1961 3262 2034 spatiosius
3285 1956 3639 2024 lucidiusque
3662 1949 3885 2020 conspi-

2299 2062 2467 2125 citur,
2503 2060 2673 2115 nuHis
2706 2068 2871 2113 terra:
2892 2053 3215 2125 fumigantis
3252 2047 3547 2105 inammuis
3584 2041 3886 2114 vaporibus

2299 2150 2708 2219 interceptum:
2740 2149 2859 2204 sive
2908 2155 3130 2201 terrena
3204 2135 3569 2210 contemplari
3625 2133 3885 2195 delectat,

2302 2245 2433 2299 inde
2463 2260 2528 2298 ac
2565 2242 2877 2298 caelestium
2928 2237 3348 2294 meditatiOnem
3384 2228 3645 2303 securius
3691 2240 3887 2281 ascen-

2302 2351 2526 2400 surum;
2562 2334 2679 2392 ubi.
2702 2346 2910 2402 quaeso,
2946 2339 3219 2384 terrarum
3257 2325 3603 2394 voluptatum
3649 2316 3891 2387 amplior

2304 2434 2734 2494 sanctarumque
2820 2422 3220 2493 cogitationum
3264 2415 3526 2489 fertilior
3608 2406 3892 2479 campus?

2302 2516 2481 2571 Urbes
2530 2514 2800 2583 imprimis
2861 2513 3121 2583 subjecta:
3163 2506 3457 2562 Antiochia
3497 2519 3562 2559 ac
3611 2499 3891 2563 Seleucia,

2307 2606 2695 2661 memorabiles
2721 2605 2957 2660 maxime
2984 2619 3049 2658 ac
3080 2601 3365 2672 speciosa,
3386 2596 3516 2667 quid
3550 2610 3661 2649 non
3688 2606 3895 2661 repraeo

2308 2699 2567 2754 sontant?
2598 2698 2738 2752 Hinc
2788 2695 3086 2764 Scopulus,
3110 2690 3412 2761 asperitate
3438 2700 3538 2741 sua
3577 2694 3835 2738 alumnus
3878 2696 3897 2745 ;

2310 2788 2438 2843 inde
2462 2787 2740 2841 celebrata
2772 2784 3023 2839 omnium
3053 2779 3294 2851 scriptis,
3322 2788 3384 2832 ut
3405 2769 3898 2841 merita,Dapbne.

2310 2888 2578 2949 quantum
2607 2878 2898 2931 recreant!
2936 2874 3137 2941 Prope,
3168 2870 3272 2925 sub
3310 2868 3428 2939 ipso
3471 2874 3685 2926 monte,
3747 2859 3894 2949 ludit

2312 2948 2483 3023 variis
2522 2966 2803 3021 meandris
2838 2972 3003 3033 atque
3029 2958 3382 3016 anfractibus
3406 2956 3681 3010 Orontes:
3703 2948 3900 3022 procul

2314 3068 2466 3130 patet
2489 3056 2945 3129 spatiosissimum
2976 3060 3139 3121 atque
3154 3048 3332 3103 oculis
3357 3041 3773 3100 interminabile
3791 3053 3893 3107 pe-

633 3129 868 3213 elariora
902 3158 1029 3212 feci.
1060 3156 1200 3222 Quid
1222 3129 1379 3210 enim
1403 3155 1508 3210 sibi
1546 3156 1663 3208 vult
1690 3152 1866 3207 istud:
1896 3152 1961 3206 In
2013 3153 2211 3204 cotum-
2238 3174 2285 3237 ο
2316 3129 2504 3221 lagus;
2536 3156 2687 3218 patet
2724 3148 2855 3201 item
2880 3144 3099 3198 diversa
3132 3151 3317 3203 terrm,
3346 3136 3478 3191 hinc
3512 3135 3566 3187 in
3592 3129 3892 3187 collesela-

637 3265 709 3301 ua
742 3246 938 3317 gradus
966 3246 1231 3315 appinxit,
1288 3242 1381 3297 ubi
1436 3241 1621 3297 Grmce
1689 3248 1777 3295 est
1829 3242 1887 3293 ὲν
1942 3238 2079 3291 κίονι
2113 3237 2213 3300 τὰς

640 3339 827 3409 βάσεις
862 3337 1055 3394 testo?
1087 3335 1314 3391 Rectius
1342 3343 1399 3388 et
1427 3340 1756 3402 argumento
1816 3329 2075 3401 praesenti
2121 3344 2215 3383 ac-

642 3428 1048 3484 commodatius
1073 3427 1589 3495 interpretaberis;
1622 3423 1686 3477 In
1715 3412 1966 3477 columna
1998 3423 2217 3490 vestigia

640 3538 732 3574 seu
786 3520 937 3590 pedes
982 3519 1174 3590 posuit.
1230 3518 1469 3572 Innuere
1523 3516 1728 3586 quippe
1787 3515 1907 3569 vult
1956 3515 2216 3583 scriptor,

642 3614 970 3683 Symeonem
992 3610 1309 3665 ascendisse
1336 3609 1703 3673 columnam,
1744 3609 1802 3660 in
1848 3622 2012 3677 eaque
2072 3614 2221 3660 stan—

647 3710 752 3756 tem
780 3701 884 3757 sub
921 3702 1014 3756 dio
1045 3701 1299 3755 laudasse
1320 3700 1515 3754 Deum.

717 3793 807 3847 15.
834 3792 925 3848 Sic
955 3792 1123 3863 igitur
1154 3792 1321 3846 situm
1350 3789 1557 3844 montis
1596 3790 1849 3859 concipe.
1885 3787 2005 3844 Non
2031 3789 2221 3843 admo-

648 3882 783 3937 dum
814 3881 1019 3957 procul.
1059 3879 1128 3935 ab
1186 3877 1500 3941 Antiochia,
1558 3877 1627 3933 ad
1680 3876 1944 3948 Orontem
1993 3877 2221 3932 fluvium

649 3970 896 4036 condita,
945 3966 1598 4039 septentrionemversus
1646 3968 1779 4023 urbs
1822 3969 2044 4023 Rhosus
2077 3968 2220 4022 mari

645 4062 889 4133 adiacet:
925 4062 1069 4115 inter
1102 4070 1392 4130 utramque
1426 4069 1597 4122 terra,
1623 4060 1971 4131 longiuscule
1993 4060 2050 4113 in
2070 4076 2221 4115 mare

647 4168 841 4209 versus
882 4151 1224 4208 occidentem
1260 4138 1614 4221 procurrens.
1643 4152 1698 4205 in
1748 4159 1997 4206 extremo
2027 4151 2223 4206 Seleu-

647 4244 788 4300 ciam
841 4242 1160 4308 continent,
1194 4242 1294 4297 130
1333 4240 1509 4295 stadia
1572 4242 1868 4300 Antiochia
1924 4241 2177 4296 dissitam

646 4335 788 4392 adeo
814 4342 874 4389 ut
901 4333 1134 4388 formam
1164 4333 1432 4403 trigonem
1462 4342 1632 4387 ternae
1660 4332 1777 4387 istae
1803 4332 2056 4388 civitates
2082 4346 2223 4401 quo-

646 4426 943 4483 dammodo
988 4432 1409 4493 reprzesentent,
1438 4425 1558 4494 pari
1583 4424 1757 4480 ferme
1787 4424 1931 4477 inter
1960 4438 2018 4477 se
2042 4424 2222 4493 spatio

2320 3255 2408 3307 tre,
2442 3242 2569 3297 inde
2600 3239 2657 3294 in
2681 3238 2848 3291 valles
2870 3236 3162 3304 depressae,
3194 3229 3327 3285 alibi
3357 3224 3589 3288 arentis,
3621 3222 3912 3278 alibicon-

2319 3335 2440 3390 sita:
2476 3332 2665 3388 facies.
2696 3326 2909 3398 Ecquid
2944 3326 3114 3396 igitur
3140 3322 3317 3386 deest,
3349 3328 3413 3375 ut
3451 3317 3704 3373 delicium
3750 3314 3907 3370 diea-

2323 3435 2413 3480 tur
2444 3440 2602 3480 mons
2639 3422 2791 3477 iste?

2410 3567 2413 3569 ,
2469 3513 2613 3586 9111.
2651 3512 2724 3565 De
2759 3519 2916 3565 (etate
2952 3508 3125 3563 sancti
3155 3504 3430 3575 Symconis
3464 3500 3726 3555 Junioris.

2395 3608 2483 3661 15.
2521 3606 2639 3659 Duo
2669 3604 2937 3658 hactenus
2969 3612 3234 3670 perquam
3265 3596 3524 3659 obscura,
3558 3607 3682 3663 quae
3726 3590 3795 3645 ad
3823 3590 3913 3645 di-

2322 3696 2675 3753 stinctionem
2737 3693 3070 3771 Sylmeonum
3127 3688 3492 3760 Stylitarum,
3544 3698 3778 3754 qumque
3830 3681 3899 3736 ad

2323 3790 2561 3844 Montem
2584 3785 2911 3847 Mirabilem,
2943 3782 3060 3837 solo
3088 3780 3204 3837 fere
3226 3778 3452 3847 nomine
3473 3776 3568 3831 diu
3600 3775 3909 3845 cognitum,

2323 3879 2581 3940 attinent,
2613 3873 2959 3946 prosecutis;
2991 3870 3137 3927 haud
3170 3870 3333 3940 paulo
3354 3866 3576 3939 graviur
3615 3863 3915 3921 difﬁcultas

2321 3968 2596 4024 incumbit
2620 3960 2923 4020 definiendi
2948 3969 3185 4023 certum,
3212 3961 3258 4015 si
3291 3958 3485 4031 possit,
3513 3966 3734 4027 tempus
3753 3995 3767 4018 ,
3800 3968 3912 4024 quo

2321 4059 2519 4115 Junior
2549 4058 2785 4128 Symeon
2815 4062 2980 4108 natus
3010 4058 3369 4120 mortuusque
3404 4047 3595 4102 fuerit.
3621 4045 3911 4101 Neminem

2323 4150 2570 4220 reperire
2623 4146 2785 4202 licuit
2840 4154 3149 4207 auctorem,
3181 4140 3279 4211 qui
3340 4138 3774 4195 determinatius
3811 4135 3914 4190 ali-

2322 4240 2457 4312 quid
2484 4238 2803 4302 aﬂirmaret,
2839 4250 3007 4306 quam
3036 4234 3209 4289 fuisse
3262 4232 3595 4303 Symeonem
3652 4229 3912 4298 tempori-

2323 4334 2415 4387 bus
2430 4332 2627 4407 Justini
2658 4329 2914 4385 Senioris.
2944 4329 3060 4382 lmo
3085 4339 3263 4395 neque
3290 4324 3439 4390 Vita,
3465 4336 3631 4392 quam
3681 4319 3911 4391 subjici-

2323 4422 2624 4486 mus,diem
2637 4434 2912 4474 annumve
2936 4427 3090 4471 ortus
3104 4424 3198 4471 aut
3210 4415 3395 4470 obitus
3411 4412 3560 4468 illius
3575 4410 3915 4468 determina-

646 4517 938 4573 distantes.
982 4513 1124 4570 Hinc
1151 4530 1332 4581 mons,
1380 4514 1476 4585 qui
1534 4514 1886 4570 Antiochiam
1949 4512 2223 4567 Rhosum-
2254 4494 2300 4552 ί)
2326 4518 2441 4565 tum
2460 4509 2643 4581 ponit;
2678 4507 2919 4578 suggerit
2940 4516 3119 4561 tamen
3134 4503 3381 4574 quaedam
3398 4500 3775 4564 bincinde,ex
3793 4499 3917 4571 qui-

645 4619 756 4676 que
782 4604 987 4658 dicitur
1009 4605 1379 4665 committere,
1418 4602 1729 4657 Seleuciam
1780 4602 2013 4658 includit
2040 4616 2225 4671 segre-

645 4704 848 4768 gatque
881 4697 950 4751 ab
975 4696 1189 4767 reliqua
1210 4695 1556 4751 continente.
1579 4695 1760 4765 Atque
1816 4696 1892 4751 ita
1938 4704 2087 4749 recte
2114 4710 2214 4764 po-

648 4785 803 4841 nitur
832 4785 976 4842 inter
1008 4786 1200 4841 urbem
1232 4785 1637 4840 Antiochenam
1685 4793 1854 4855 atque
1909 4802 2061 4841 utare
2105 4786 2223 4841 ela-

642 4884 771 4930 ‘tus:
807 4878 954 4945 quod
990 4878 1165 4947 ipsum
1203 4876 1368 4931 etiam
1393 4891 1459 4930 ex
1508 4877 1636 4930 Vita
1664 4893 1720 4929 n.
1758 4877 1823 4929 77
1859 4878 2093 4933 stabiliri
2127 4894 2225 4949 po-

649 4977 776 5023 test.
801 4969 978 5024 Habet
1009 4982 1173 5039 porro
1194 4984 1354 5023 mons
1386 4970 1494 5023 iste
1521 4968 1803 5038 oppositos
1851 4969 1992 5025 duos
2040 4969 2223 5035 alios;

648 5074 885 5127 quorum
911 5060 1051 5113 alter
1084 5058 1201 5128 qui,
1234 5057 1494 5125 Scopulus
1544 5058 1769 5125 dicitur,
1802 5057 2051 5113 Seleucia
2080 5058 2230 5112 Rbo-

651 5162 775 5200 sum
808 5147 1053 5202 tendenti
1079 5146 1259 5202 media
1290 5146 1538 5201 occurrit
1580 5148 1688 5211 via,
1722 5148 1859 5201 mari
1892 5149 2224 5214 imminens;

652 5246 711 5291 et
738 5236 808 5291 ab
837 5237 938 5291 hac
996 5237 1155 5302 urbe,
1192 5238 1384 5301 credo,
1424 5235 1674 5307 Scopulus
1707 5237 1955 5294 Rhosicus
1988 5240 2231 5309 appella-

655 5336 783 5392 tur;
814 5328 1072 5390 alterum,
1100 5328 1190 5381 cui
1218 5326 1485 5382 Caucasus
1538 5343 1740 5383 nomen
1767 5330 1984 5400 obtigit,
2035 5333 2089 5385 in
2120 5331 2228 5385 ad-

654 5432 810 5471 versa
832 5431 951 5471 esse
984 5426 1141 5487 parte
1170 5418 1359 5472 Montis
1386 5418 1646 5473 Mirabilis
1667 5460 1681 5482 ,
1738 5420 1995 5475 videlicet
2050 5423 2231 5477 orien-

661 5508 779 5570 tali,
816 5524 881 5562 ex
936 5512 1531 5565 narrationeconstare
1580 5513 1821 5567 videtur.
1866 5513 2021 5580 Quod
2066 5514 2230 5583 siqui

656 5600 745 5652 alii
780 5600 951 5655 colles
993 5615 1278 5657 montesve
1334 5603 1712 5673 ignobiliores,
1767 5603 2228 5674 quemadmodum

659 5691 775 5745 fieri
812 5694 1014 5749 assolet
1042 5703 1205 5763 atque
1237 5694 1291 5749 in
1325 5696 1444 5751 Vita
1478 5697 1641 5753 etiam
1679 5695 1954 5766 proditur,
1991 5696 2230 5751 circum-

739 5809 753 5838 ⁸
792 5810 927 5863 Psal.
964 5826 1143 5872 mus,
1183 5812 1233 5865 5.

2328 4598 2434 4654 bus
2462 4596 2680 4653 definiri
2700 4596 2935 4652 certiora
2956 4594 3188 4665 possint.
3201 4592 3323 4648 Mox
3338 4590 3488 4647 enim
3499 4607 3557 4645 n.
3579 4589 3644 4644 l0
3656 4588 3919 4654 habetur,

2332 4690 2658 4763 Symeonem
2688 4691 3100 4761 quinquennem
3125 4687 3314 4754 fuisse,
3351 4702 3476 4742 cum
3516 4686 3701 4757 gravis
3754 4696 3922 4741 terra

2333 4788 2517 4834 motus
2529 4778 2878 4833 Antiochiam
2902 4774 3272 4840 labefactavit,
3282 4788 3395 4844 quo
3416 4788 3609 4829 eversa
3624 4772 3775 4829 illius
3788 4788 3924 4843 quo-

2335 4888 2443 4941 que
2460 4872 2656 4926 domus
2675 4871 2821 4925 inter
2854 4869 2990 4924 alias
3016 4878 3122 4932 est,
3160 4874 3217 4923 et
3240 4875 3400 4938 pater
3423 4866 3602 4922 minis
3631 4866 3927 4921 involutus

2336 4961 2568 5019 interiit.
2597 4960 2894 5015 Deﬁnitum
2925 4958 3020 5012 hic
3052 4957 3217 5021 foret,
3245 4958 3293 5013 si
3330 4956 3550 5015 felicior
3600 4956 3916 5018 Antiochia,

2332 5053 2515 5108 minus
2541 5050 2929 5122 frequentibus
2957 5056 3215 5119 quassata
3244 5046 3489 5109 motibus
3519 5046 3740 5103 fuisset.
3773 5048 3922 5102 Duo-

2331 5159 2455 5199 rum
2480 5142 2856 5198 meminerunt
2878 5149 3133 5197 auctores
3162 5138 3432 5211 Evagrius
3453 5148 3621 5209 atque
3633 5139 3924 5209 Theopha-

2329 5251 2453 5299 nes,
2478 5235 2575 5304 qui
2609 5233 2715 5288 sub
2741 5232 2889 5288 idem
2921 5232 3038 5287 fere
3057 5240 3293 5301 tempus,
3327 5231 3624 5301 interiecto
3645 5233 3920 5288 mensium

2333 5329 2559 5399 triginta
2593 5342 2703 5381 non
2737 5325 2974 5397 amplius
3006 5325 3204 5395 spatio,
3238 5323 3612 5379 invaluerunt.

2409 5418 2496 5473 16.
2524 5416 2775 5473 Priorem
2816 5416 2895 5470 sic
2930 5413 3481 5484 describitEvagrius
3507 5414 3545 5467 Ι.
3578 5430 3655 5480 1v,
3688 5430 3812 5486 cap.
3843 5416 3876 5470 5
3904 5431 3922 5469 :

2335 5510 2531 5566 Iisdem
2571 5509 2773 5564 Justini
2804 5507 3121 5577 temporibus
3141 5506 3325 5561 crebra
3355 5506 3646 5575 graviaque
3681 5506 3923 5561 incendia

2336 5604 2630 5660 Antiochiw
2661 5602 3017 5671 contigerunt,
3057 5614 3175 5669 qua:
3203 5598 3365 5652 veluti
3387 5598 3543 5652 duces
3578 5599 3797 5668 fuerunt
3819 5608 3925 5653 ter-

2344 5696 2610 5764 riﬁcorum
2663 5705 2820 5749 terra:
2863 5702 3119 5759 motuum,
3147 5689 3339 5746 ibidem
3386 5699 3569 5761 postea
3624 5699 3920 5749 consecuto-
