4118 6484
254 443 397 505 2373

1387 444 1993 510 COMMENTARIUS
2033 450 2403 511 PRIEVIUS.

3387 459 3536 525 2974

252 561 879 632 rum,pra2luseruntque
938 562 1334 617 calamitatibus
1386 569 1641 619 venturis.
1698 566 1840 620 Nam

1950 568 2129 631 λείας,
2166 569 2293 638 μηνὶ
2316 568 2525 639 δεκάτῳ
2553 586 2566 598 ο
2603 568 2708 621 ἀνᾶ
2738 568 2827 620 τὸν
2858 570 3202 640 Ἀρτεμίσιον
3235 577 3379 643 μῆνα
3409 580 3530 651 ἦτοι

255 649 401 704 ιη·ευὶ
454 663 588 725 post.
605 663 858 725 tempore,
885 674 1027 713 anno
1055 662 1276 730 septimo
1323 656 1533 731 ifnperii
1573 661 1773 717 Justini
1795 670 1843 716 et

256 756 437 795 mense
471 743 668 797 decimo
698 762 716 809 ;
746 764 922 801 mense
960 749 1244 804 Artemisio
1270 768 1363 805 seu
1384 751 1566 817 Maio;
1605 752 1689 806 die
1732 754 1845 823 ejus

256 844 401 885 nona
425 850 487 886 ac
517 836 782 900 vicesima,
812 839 923 908 ipso
963 842 1181 894 meridie
1214 842 1359 908 feria?
1382 852 1564 905 δείδιτε,
1588 853 1646 895 ut
1689 859 1846 897 voca-

253 925 366 982 tur,
392 912 727 977 hebdomadis
761 944 778 989 ;
806 931 1069 983 succussio
1103 948 1164 983 ac
1186 940 1356 986 motus
1388 941 1561 992 terrae,
1588 931 1843 985 invaden-

254 1019 333 1063 tes
387 1012 592 1080 urbem,
628 1031 759 1084 pene
818 1028 985 1073 totam
1032 1020 1270 1093 funditus
1295 1021 1685 1077 subuerterant.
1718 1022 1845 1075 Post

253 1100 368 1155 luta
412 1106 656 1163 successit
716 1109 850 1176 ignis
903 1127 1129 1180 quoque,
1170 1120 1218 1165 et
1274 1113 1640 1167 calamitatem
1691 1114 1848 1183 quasi

215 1191 221 1201 τ
253 1207 376 1245 cum
421 1194 529 1249 illis
590 1200 821 1266 partitus
871 1209 967 1255 est.
1004 1200 1203 1266 Quibus
1228 1206 1367 1258 enim
1396 1203 1521 1272 locis
1571 1207 1848 1274 quassatio

254 1293 532 1354 motusque
562 1297 925 1355 pepercerant,
958 1290 1055 1345 illa
1086 1292 1225 1362 ignis
1251 1296 1449 1349 circum
1472 1294 1760 1363 deposcens
1793 1294 1846 1346 in

252 1373 459 1428 cineres
513 1376 835 1449 favillasque
881 1381 1103 1451 redegit.
1137 1383 1267 1448 Qua'
1298 1402 1457 1454 porro
1491 1386 1633 1439 urbis
1668 1396 1849 1457 partes

254 1468 489 1529 ruerint,
523 1478 647 1537 quot
675 1472 911 1525 homines
941 1474 1176 1543 ﬂammis
1208 1477 1557 1547 motibusque,
1595 1478 1672 1529 uti
1700 1478 1850 1529 simi-

254 1555 358 1608 lius
416 1574 534 1613 uero
562 1569 657 1625 est,
702 1562 1043 1629 interierint,
1108 1582 1227 1635 quce
1270 1568 1431 1620 etiam
1467 1568 1735 1622 mirabilia
1766 1571 1848 1622 di-

252 1649 511 1719 cendique
549 1653 803 1721 facultate
834 1662 981 1713 omni
1005 1662 1217 1732 majora
1244 1667 1583 1735 contigerint,
1640 1666 1853 1737 lugubri

252 1753 566 1805 prosecutus
616 1756 692 1799 est
732 1752 974 1805 oratione
1022 1752 1259 1810 Joannes
1319 1758 1524 1822 rhetor,
1555 1758 1846 1817 Historiam

249 1846 413 1885 suam
447 1837 530 1889 hic
574 1837 910 1895 concludens.
961 1842 1297 1914 Euphrasius
1324 1865 1445 1903 vero
1471 1853 1635 1905 etiam
1677 1853 1849 1905 ruinis

1955 662 2154 725 Μὰῖον,
2211 661 2406 729 ὲννᾶτῃ
2428 660 2481 712 δὲ
2537 662 2758 729 εἰκοστῇ
2808 662 2973 714 αὖτοῦ
3011 664 3212 736 ἡμέρᾳ,
3248 667 3402 721 Anno
3442 688 3527 725 η-

1948 754 2112 821 ptimo
2136 752 2344 821 imperii
2358 751 2553 805 Justini
2570 794 2581 813 ,
2610 768 2783 805 mense
2805 752 3041 808 decimo:
3068 772 3242 810 mense
3257 758 3537 815 Artemisia

1945 858 2035 897 seu
2062 841 2226 907 Maio,
2255 843 2338 895 die
2358 844 2475 912 ejus
2517 834 2655 897 ηοηά
2692 852 2739 896 et
2767 846 3174 900 vicesima.rCur
3204 848 3249 900 si
3294 867 3528 906 mensem

1954 932 2207 985 decimum
2229 934 2356 991 anni
2379 934 2588 1003 septimi
2612 933 2732 987 vult
2763 934 3018 1005 intelligi,
3055 938 3523 1005 quemadmodum

1947 1024 2083 1078 diem
2116 1026 2417 1087 vicesimum
2464 1042 2663 1078 nonum
2715 1026 2973 1095 intelligit
3027 1030 3217 1082 mensis
3259 1031 3532 1087 Artemisii

1946 1132 2037 1169 seu
2065 1114 2225 1177 Maii;
2253 1131 2371 1173 cur.
2401 1098 2643 1184 inquam,
2672 1115 2969 1185 utrobique
2988 1135 3097 1171 non
3120 1120 3370 1189 loquitur
3394 1122 3537 1192 pari-

1947 1205 2234 1260 formiter?
2278 1205 2537 1261 Secundo
2585 1207 2707 1261 loco
2737 1208 2881 1262 diem
2915 1210 3123 1263 mensis
3171 1209 3379 1266 indicat
3433 1229 3533 1267 ex-

1940 1297 2133 1365 presse
2160 1312 2257 1366 per
2290 1296 2583 1353 relativum
2610 1298 2799 1358 αὑτοῦ,
2845 1300 2979 1367 ejus.
3022 1315 3133 1353 non
3179 1303 3310 1355 item
3349 1304 3530 1372 primo

1950 1403 2193 1442 mensem
2224 1389 2353 1442 anni
2383 1406 2397 1453 ;
2430 1389 2579 1442 nulla
2611 1389 2701 1443 hic
2730 1390 2939 1444 mentio
2995 1392 3301 1447 relationis.
3347 1393 3534 1449 Voluit

1949 1478 2118 1548 igitur
2148 1484 2258 1532 nOn
2282 1479 2410 1533 anni
2439 1479 2685 1548 septimi,
2719 1480 2814 1534 sed
2860 1496 3023 1549 supra
3058 1482 3232 1543 illum,
3285 1500 3533 1540 mensem

1949 1568 2227 1623 decimam
2254 1569 2595 1639 signiﬁcare;
2628 1570 2780 1637 quod
2818 1578 2875 1623 ut
2936 1572 3205 1640 liquidius
3254 1573 3396 1629 foret
3434 1591 3538 1629 nec

1953 1661 2006 1714 in
2034 1677 2283 1715 errorem
2304 1662 2624 1732 quempiam
2685 1662 2953 1732 deinceps
3004 1664 3322 1727 induceret,
3366 1669 3538 1735 parti-

1950 1752 2131 1804 culam
2180 1750 2299 1816 xai,
2344 1759 2411 1813 et,
2466 1767 2784 1823 quanquam
2834 1754 2925 1806 vix
2971 1756 3363 1820 necessariam,
3396 1773 3532 1812 eon-

1952 1847 2129 1894 stante
2155 1842 2321 1894 etiam
2356 1841 2474 1894 sine
2496 1842 2587 1895 illa
2607 1856 2771 1896 sensu
2813 1857 2979 1912 quem
3016 1843 3405 1909 indicavimus,
3432 1846 3531 1899 ad-

250 1922 785 1995 interceptus.vitam
823 1930 1038 1996 finivit:
1073 1952 1136 1989 ac
1199 1946 1368 1991 morte
1426 1956 1525 1992 sua
1578 1940 1843 2009 publicam

1950 1931 2117 2000 ficere
2149 1930 2327 1984 visum
2360 1941 2464 1986 est.

247 2013 620 2069 calamitatem
652 2022 823 2085 auxit,
863 2025 1071 2078 nemine
1089 2027 1230 2096 jam,
1257 2026 1349 2098 qui
1388 2033 1673 2098 profutura
1716 2046 1843 2099 sug-

247 2115 482 2173 gereret,
504 2118 813 2175 superantc.
847 2112 1015 2169 Addit
1047 2115 1418 2187 Theophanes
1446 2138 1459 2173 :
1500 2120 1690 2174 Omnes
1711 2136 1844 2187 quo-

246 2208 353 2261 que
383 2197 519 2249 cedes
549 2206 597 2250 et
613 2198 841 2255 ecclesiis
860 2206 1224 2269 conciderunt,
1251 2218 1300 2265 et
1335 2210 1475 2266 urbis
1492 2211 1649 2265 decor
1673 2212 1845 2264 omnis

248 2281 456 2338 deletus
480 2294 556 2339 est
590 2306 609 2340 .’
646 2289 737 2343 sed
790 2306 958 2358 neque
988 2293 1110 2347 talis
1140 2296 1422 2351 calamitas
1478 2296 1598 2351 aliis
1635 2296 1843 2357 saxulis

248 2376 440 2443 quavis
483 2378 539 2430 in
600 2380 727 2433 urbe
783 2385 1419 2455 contigit.Pientissimus
1444 2400 1621 2444 autem
1678 2390 1841 2460 impe-

250 2474 405 2518 rator
436 2466 699 2535 Justinus,
728 2489 786 2525 re
807 2476 1042 2544 cognita.
1067 2478 1272 2547 ingenti
1305 2478 1487 2532 dolore
1511 2480 1680 2535 animi
1719 2497 1843 2549 per-

248 2571 458 2621 cussus,
482 2559 689 2614 sublato
717 2563 906 2633 capitis
928 2566 1010 2617 sui
1053 2576 1248 2619 ornatu
1290 2584 1633 2639 purpuraque
1685 2570 1847 2640 depo-

248 2646 377 2711 sita,
412 2648 592 2719 plures
630 2651 739 2706 dies
769 2669 983 2709 saccum
1024 2657 1238 2711 indutus
1272 2658 1405 2725 luxit
1433 2676 1451 2724 ;
1487 2660 1617 2713 adeo
1666 2669 1725 2713 ut
1763 2661 1845 2731 fc-

258 2746 344 2792 sta
394 2755 601 2809 quoque
643 2739 755 2795 luce
787 2744 1071 2811 procedens
1101 2746 1155 2798 in
1184 2747 1459 2817 templum,
1479 2765 1731 2802 coronam
1750 2758 1844 2803 aut

248 2832 590 2903 .cltlamydem
615 2847 823 2906 gestare
848 2841 1083 2897 renuerit
1109 2860 1125 2894 :
1154 2857 1336 2895 verum
1373 2842 1449 2895 sic
1480 2843 1707 2912 simplici
1744 2844 1842 2897 Ita-

250 2925 363 2979 bitu
404 2942 521 2978 cum
553 2927 667 2980 sole
709 2929 939 2999 mandya
972 2948 1235 3001 purpureo
1268 2934 1610 2999 processerit,
1645 2949 1707 2985 ac
1752 2950 1841 2985 co-

255 3033 375 3071 ram
408 3026 516 3073 toto
560 3031 751 3074 senatu
783 3021 1123 3090 ingemuerit,
1155 3024 1435 3093 ceterique
1476 3041 1654 3081 omnes
1688 3024 1843 3094 lugu-

248 3106 397 3186 bria.
430 3110 604 3164 induti
659 3128 769 3164 una
834 3128 951 3165 cum
1007 3114 1117 3181 ipso
1173 3112 1444 3169 luxerunt.
1479 3112 1604 3168 Hac
1648 3112 1727 3166 illi
1772 3113 1842 3169 de

249 3197 427 3268 priori
453 3198 799 3256 Antiocheno
832 3210 996 3256 terrae
1023 3213 1198 3258 motu.

326 3291 412 3345 17.
447 3290 652 3347 Verum
707 3294 1040 3364 priusquam
1102 3296 1170 3350 ad
1223 3296 1463 3352 alterum
1515 3296 1838 3368 progredia-

255 3399 399 3443 mur.
430 3385 993 3444 monitumlcctorem
1044 3390 1235 3456 velim,
1266 3404 1368 3445 nos
1417 3389 1574 3443 illum
1623 3390 1847 3460 Evagrii

250 3476 456 3540 locum,
483 3494 625 3530 anno
652 3481 920 3547 septima,
957 3497 1143 3534 mense
1172 3481 1375 3535 decimo
1410 3482 1621 3552 imperii
1646 3480 1844 3535 Justini

252 3568 373 3637 (qui
405 3583 592 3623 errare
612 3568 746 3624 fecit
771 3570 1102 3637 Baronium,
1134 3573 1459 3642 errarisque
1519 3573 1771 3643 arguitur
1814 3588 1845 3627 a

248 3659 475 3714 Valesio
507 3660 561 3713 in
594 3660 1070 3717 Adnotationibus
1101 3662 1243 3733 hic),
1292 3661 1584 3734 interjecta
1608 3664 1845 3735 conjun-

250 3749 440 3805 ctione
468 3758 538 3811 et,
568 3750 647 3804 sic
671 3752 975 3823 corrigere,
1013 3770 1155 3807 anno
1178 3756 1399 3824 septimo
1432 3763 1481 3808 et
1528 3771 1702 3809 mense
1752 3755 1845 3810 de-

252 3842 393 3895 cimo
421 3843 631 3911 imperii
651 3842 871 3909 Justini,
893 3854 952 3899 ut
981 3861 1181 3915 nempe
1218 3854 1493 3903 statuatur
1510 3846 1606 3901 hic
1633 3856 1843 3913 motus,

259 3935 343 3989 uti
369 3934 555 4002 debet,
582 3936 851 3993 accidisse
886 3948 1083 3995 octavo
1114 3940 1333 4009 imperii
1389 3956 1537 3996 anno
1579 3941 1647 3996 ad
1679 3942 1845 3996 tinem

250 4034 549 4095 vergente,
586 4026 679 4095 qui
746 4027 915 4083 refert
974 4045 1184 4084 annum
1236 4030 1481 4100 vulgaris
1545 4046 1671 4085 aera:
1712 4032 1842 4096 526,

248 4116 480 4185 quando
546 4116 734 4189 littera
789 4118 1151 4192 Dominicalis
1198 4119 1245 4172 D
1294 4120 1535 4175 faciebat
1585 4120 1730 4176 diem
1774 4123 1845 4177 29

250 4207 383 4267 Maii
450 4222 577 4262 eum
646 4208 808 4263 Feria
865 4209 898 4264 6
959 4209 1328 4266 hebdomadis
1380 4213 1703 4267 convenire.
1766 4214 1844 4267 Ita

252 4312 396 4351 vero
446 4298 612 4352 etiam
643 4297 711 4352 ab
746 4299 983 4370 Evagrio
1002 4302 1280 4371 scriptum
1313 4297 1484 4357 fuisse
1509 4302 1706 4357 suadet
1750 4319 1845 4358 ex-

248 4386 600 4457 pressissima
634 4390 846 4443 mentio
864 4391 1153 4459 temporis,
1174 4391 1319 4445 inter
1360 4400 1657 4462 utrumque
1685 4400 1845 4448 terra:

252 4485 468 4531 inotum
498 4478 695 4547 elapsi,
729 4478 880 4547 quod
916 4480 995 4534 ait
1030 4480 1259 4551 triginta
1323 4483 1602 4536 mensium
1636 4482 1839 4549 fuisse;

252 4568 405 4638 quod
439 4576 657 4638 tempus
693 4569 738 4622 si
778 4569 1009 4639 adjicias
1038 4570 1105 4624 ad
1138 4571 1284 4625 diem
1319 4571 1388 4626 29
1444 4572 1655 4628 mensis
1688 4573 1839 4637 Maii,
1882 4580 1924 4635 ι)

163 4659 173 4663 ’
252 4657 390 4713 dicti
417 4673 541 4713 terte
580 4659 825 4730 vulgaris
846 4660 976 4713 anni
1009 4660 1134 4724 526,
1156 4670 1419 4732 exsurget
1472 4677 1657 4718 annus
1703 4664 1851 4735 ejus-

255 4751 382 4803 dem
401 4765 524 4806 aera:
546 4750 672 4810 528.
704 4752 916 4807 mensis
944 4744 1281 4818 November,
1310 4753 1432 4808 dies
1467 4754 1557 4821 29,
1583 4771 1696 4824 quo
1717 4771 1852 4825 prae-

258 4841 376 4895 cise
417 4842 784 4911 posteriorem
832 4850 998 4897 terrae
1035 4850 1246 4897 motum
1275 4844 1520 4899 saeviisse
1545 4859 1611 4899 ex
1667 4844 1851 4899 Theo-

254 4932 439 5002 phane
475 4931 707 5001 aliisque
748 4931 1047 4987 manifeste.
1084 4941 1321 4987 constat.
1355 4932 1543 5003 Neque
1582 4934 1852 4988 credibile

256 5032 653 5079 estauetorem
688 5023 783 5091 qui
840 5032 951 5076 tam
1000 5018 1259 5078 accurate
1305 5010 1674 5078 minutissima
1703 5039 1855 5093 qua:-

258 5131 370 5185 qne
407 5114 750 5177 observavit,
789 5114 1050 5168 utetiam
1082 5113 1274 5189 horam
1306 5122 1362 5169 et
1406 5120 1673 5183 punctum
1712 5122 1849 5168 tem-

256 5206 432 5277 poris,
459 5221 572 5276 quo
612 5216 797 5261 motus
846 5205 1039 5275 carpit,
1086 5205 1464 5275 expresserit;
1499 5206 1850 5263 aberravisse

256 5313 403 5353 anno
432 5298 673 5366 integro,
712 5297 1021 5366 praesertim
1050 5312 1175 5351 cum
1233 5297 1328 5351 vix
1385 5297 1631 5367 potuerit
1665 5298 1846 5368 ipsum

257 5387 489 5441 secundi
549 5397 734 5441 motus
788 5384 1120 5440 distinctum
1182 5396 1403 5454 tempus
1448 5384 1756 5455 prazterire,
1817 5400 1847 5437 a

256 5476 599 5545 Theophane
637 5475 797 5545 longe
826 5473 1139 5543 posteriore
1168 5473 1620 5528 determinatam.
1669 5474 1845 5534 Adde.

256 5569 299 5621 si
372 5567 506 5637 quid
561 5566 728 5621 etiam
783 5567 887 5619 hoc
935 5565 1202 5620 momenti
1254 5565 1441 5628 habet,
1487 5566 1605 5637 ipsa
1657 5574 1849 5620 aucto-

259 5660 331 5714 ris
364 5658 557 5720 verba,
591 5657 645 5711 in
678 5658 871 5712 eadem
904 5656 1017 5711 fere
1044 5656 1276 5727 periodo
1309 5657 1530 5711 diversa
1583 5656 1845 5727 loquendi

258 5748 429 5803 forma
464 5746 703 5807 utentis,
739 5744 832 5797 ubi
859 5757 1039 5800 tamen
1070 5745 1265 5800 eadem
1292 5746 1490 5799 volunt
1520 5745 1841 5815 suguilicari.

258 5839 350 5896 Sic
386 5840 465 5893 ait
495 5856 507 5891 :
559 5836 645 5889 Ἐν
676 5838 753 5905 τῷ
788 5837 999 5905 ἑϐδόμῳ
1029 5836 1138 5891 ἔτει
1192 5840 1288 5909 τῆς
1334 5839 1619 5894 Ἰηυστίνου
1688 5840 1843 5898 Bast-

2020 2021 2105 2073 l8.
2144 2021 2249 2077 Sed
2287 2021 2599 2086 redeamus,
2640 2022 2785 2077 unde
2830 2022 3065 2094 digressi
3096 2039 3309 2080 sumus.
3343 2024 3525 2080 Poste-

1948 2110 2113 2164 rioris
2161 2119 2345 2167 motus
2393 2113 2765 2167 calamitatem
2796 2114 2875 2167 sic
2910 2124 3138 2169 enarrat
3163 2115 3538 2184 Theophanes

1947 2216 2091 2256 anno
2124 2200 2160 2253 2
2212 2201 2535 2268 Iustiniani,
2593 2203 2688 2271 qui
2749 2203 2854 2259 528
2899 2212 2987 2259 est
3016 2220 3140 2260 terat
3171 2205 3531 2260 communis:

1948 2289 2150 2344 Eodem
2202 2308 2344 2345 anno
2398 2295 2591 2347 mensis
2638 2294 2946 2348 Novembris
2973 2296 3058 2349 die
3090 2312 3231 2350 nona
3269 2313 3437 2365 supra
3459 2297 3539 2349 ui-

1946 2375 2217 2438 cesimum,
2249 2376 2380 2429 hora
2408 2377 2540 2439 (diei
2594 2380 2776 2439 tertia,
2814 2381 2946 2449 feria
2985 2390 3204 2450 quarta,
3251 2382 3540 2435 indictione

1946 2465 2190 2533 septima,
2230 2464 2440 2518 biennio
2474 2477 2589 2535 post
2621 2470 2951 2536 superiorem
2981 2460 3207 2533 cladem,
3235 2469 3538 2545 Antiochia,

1948 2553 2132 2605 civitas
2167 2570 2383 2624 magna,
2411 2556 2584 2627 plagae
2613 2557 2815 2611 caelitus
2848 2558 3017 2613 illata?
3047 2559 3304 2613 damnum
3345 2561 3541 2612 iterum

1946 2658 2105 2710 passa
2172 2653 2266 2696 est.
2302 2643 2494 2713 Ingens
2543 2648 2738 2715 quippe
2789 2656 2947 2702 terra:
3006 2660 3177 2701 motus
3224 2665 3317 2717 per
3350 2650 3541 2702 horam

1947 2749 2109 2801 unam
2138 2734 2512 2805 factus,atque
2530 2738 2824 2791 barrendus
2852 2740 3067 2791 omnino
3090 2741 3318 2807 mugitus
3350 2756 3377 2794 e
3410 2741 3541 2793 caelo

1945 2824 2161 2877 auditus
2216 2834 2291 2877 est
2322 2844 2337 2880 :
2372 2828 2554 2879 omnia
2595 2843 2805 2900 quoque
2872 2832 3099 2901 aediﬁcia
3140 2842 3192 2885 et
3230 2834 3370 2887 muri
3419 2833 3533 2887 solo

1946 2926 2159 2985 tequata
2209 2926 2332 2971 sunt
2364 2936 2383 2983 ;
2423 2936 2644 2992 qumque
2674 2928 3019 2980 substiterant
3051 2930 3106 2981 in
3154 2930 3331 3009 priori
3378 2938 3541 2986 terrm

1945 3016 2089 3059 motu
2128 3018 2324 3062 veteres
2356 3012 2790 3081 substructiones,
2825 3033 2900 3071 ea:
2941 3036 3083 3072 nunc
3111 3020 3356 3089 funditus
3390 3037 3543 3074 ever-

1943 3114 2015 3150 sa:
2038 3114 2056 3151 :
2096 3100 2320 3172 denique
2339 3106 2594 3174 quidquid
2627 3114 2738 3159 tam
2760 3109 3145 3177 imperatorum
3183 3109 3505 3165 liberalitate
3528 3151 3543 3177 ,

1947 3204 2111 3259 quam
2169 3194 2393 3260 privatis
2442 3196 2635 3249 civium
2700 3198 2996 3265 sumptibus
3042 3200 3162 3253 urbi
3200 3202 3542 3256 conciliatum

1948 3281 2124 3349 fuerat
2157 3282 2363 3336 decoris
2397 3294 2556 3355 atque
2593 3295 2837 3351 ornatus,
2869 3289 2922 3341 id
2951 3296 3063 3341 tum
3089 3305 3244 3344 omne
3273 3292 3536 3359 deiectum

1946 3372 2001 3425 in
2030 3383 2249 3426 terram.
2284 3373 2377 3427 His
2404 3376 2659 3445 perceptis
2704 3378 2889 3432 uicints
2948 3380 3185 3434 civitates
3231 3382 3285 3435 in
3339 3382 3545 3439 luctum

1948 3474 1997 3517 et
2040 3464 2277 3535 publicas
2301 3467 2717 3537 supplicationes
2751 3472 2927 3540 eﬂ‘usae
2966 3482 3108 3527 sunt.
3140 3471 3223 3525 Ea
3252 3473 3405 3528 clade
3444 3477 3537 3530 ho-

1949 3558 2153 3610 minum
2190 3570 2421 3627 quatuor
2477 3561 2673 3626 millia,
2716 3565 3003 3634 octingenti
3067 3574 3118 3618 et
3194 3570 3539 3639 septuaginta

1949 3648 2171 3717 periere.
2204 3648 2329 3704 llaec
2377 3650 2772 3721 Theophanes,
2809 3654 2950 3708 nihil
2991 3655 3141 3709 aliud
3195 3666 3547 3714 memorante

1949 3739 2211 3810 Evagrio,
2259 3756 2426 3811 quam
2455 3742 2651 3813 elapsis
2681 3744 2907 3815 triginta
2948 3746 3234 3812 mensibus,
3264 3748 3389 3802 aliis
3421 3765 3546 3801 rur-

1949 3848 2067 3885 sum
2085 3832 2311 3887 motibus
2339 3834 2519 3887 urbem
2543 3834 2925 3905 labefactatam
2942 3852 3069 3890 esse.
3090 3836 3398 3908 Procopius
3416 3839 3541 3893 nul-

1948 3922 2056 3976 lam
2085 3923 2314 3978 omnino
2340 3924 2508 3992 hujus
2536 3925 2769 3980 secundi
2795 3935 2982 3981 motus
2997 3926 3127 3983 facit
3154 3928 3494 3985 mentionem
3523 3947 3541 3987 :

1949 4013 2017 4068 de
2048 4016 2237 4083 priore
2265 4015 2383 4070 haec
2410 4018 2761 4071 solummodo
2786 4018 2959 4072 refert
2984 4018 3084 4072 lib.
3118 4036 3177 4083 ιι,
3202 4034 3325 4090 cap.
3357 4018 3441 4087 lt,
3469 4022 3541 4077 de

1962 4103 2107 4158 bello
2136 4106 2358 4160 Persico
2394 4124 2408 4159 :
2448 4106 2579 4161 Cum
2630 4107 2878 4161 Justinus
2922 4107 3177 4163 Romanis
3226 4111 3538 4181 imperaret.

1948 4206 2058 4250 tota
2092 4199 2324 4251 maximo
2352 4208 2510 4253 terra:
2550 4210 2703 4267 motu
2732 4212 3086 4271 conquassata
3119 4203 3263 4265 urbe,
3302 4203 3536 4273 plurima

1948 4289 2469 4363 prceclarissimaque
2523 4292 2752 4361 azdiﬁcia
2823 4295 2991 4348 subito
3034 4308 3347 4349 corruerunt
3397 4314 3416 4350 :
3481 4306 3533 4352 et

1948 4384 2097 4452 fama
2135 4384 2329 4437 obtinet
2366 4386 2627 4440 interiisse
2660 4394 2784 4439 tunc
2813 4388 3065 4457 temporis
3096 4388 3544 4443 Amice/tenerum

1950 4481 2183 4527 trecenta
2211 4473 2405 4529 millia.

2028 4565 2114 4621 t9.
2154 4565 2340 4621 Posito
2364 4568 2477 4637 jam
2514 4567 2808 4638 utriusque
2839 4577 3001 4624 terra
3046 4576 3230 4624 motus
3264 4569 3533 4625 determi-

1957 4667 2087 4711 nato
2114 4667 2385 4727 tempore,
2414 4660 2648 4714 alterius
2676 4676 2824 4715 anno
2848 4659 3262 4716 Justinioctavo
3277 4674 3543 4728 exeunte,

1956 4748 2200 4817 vulgaris
2230 4763 2354 4803 terte
2379 4747 2503 4809 5'26,
2526 4748 2789 4803 vicesima
2814 4764 2960 4803 nona
2986 4748 3078 4805 die
3116 4750 3240 4805 Maii
3264 4767 3281 4815 ;
3309 4751 3543 4807 alterius

1955 4852 2100 4891 anno
2144 4836 2440 4891 Justiniani
2467 4837 2734 4901 secundo,
2785 4853 2912 4892 tera:
2952 4838 3197 4909 vulgaris
3238 4840 3369 4905 528,
3394 4841 3547 4897 vice-

1955 4928 2096 4983 sima
2142 4944 2286 4982 nona
2346 4929 2435 4984 die
2484 4929 2851 4995 Novembris;
2925 4930 3299 5005 indagandum
3347 4941 3542 4999 restat,

1957 5018 2065 5070 utri
2090 5016 2440 5085 potissimum
2460 5018 2757 5072 conveniat
2782 5028 2965 5095 motus
2989 5018 3102 5083 ille,
3134 5020 3251 5088 qui,
3281 5018 3544 5091 Symeone

1956 5114 2149 5159 nostro
2175 5107 2288 5177 jam
2318 5107 2566 5177 quinque
2603 5123 2780 5162 annos
2811 5116 2961 5171 nato,
3000 5108 3351 5163 Antiochiam
3406 5124 3543 5163 con-

1954 5199 2147 5252 cussit.
2182 5198 2273 5253 Sic
2295 5215 2405 5269 ego
2431 5208 2637 5254 statuo.
2683 5199 2821 5254 Cum
2874 5200 3041 5253 unius
3078 5208 3291 5254 tantum
3359 5211 3544 5257 motus

1954 5291 2179 5345 circiter
2215 5290 2348 5344 illud
2377 5300 2594 5360 tempus
2632 5289 2955 5345 meminerit
2981 5289 3117 5344 Vitae
3149 5303 3367 5356 anetor,
3397 5291 3548 5347 illius

1955 5381 2296 5441 meminisse.
2321 5381 2413 5449 qui
2439 5382 2672 5435 maxime
2693 5382 3003 5441 luctuosus.
3025 5382 3117 5449 qui
3136 5382 3305 5437 variis
3326 5384 3545 5438 eventi-

1954 5473 2059 5527 bus
2082 5472 2631 5541 memorabilior,qui
2687 5472 2828 5525 fama
2864 5472 3029 5527 latius
3084 5471 3257 5525 didita
3288 5472 3548 5543 pluribus

1955 5573 2120 5618 notus
2141 5562 2264 5617 fuit.
2288 5562 2440 5616 Talia
2475 5564 2623 5617 enim
2661 5562 2955 5615 memorari
3020 5563 3397 5633 scriptoribus
3443 5563 3548 5617 im-

1956 5655 2148 5725 primis
2162 5654 2681 5723 solent,prmsertim
2706 5669 2833 5707 cum
2860 5661 3011 5706 certo
3047 5664 3298 5722 tempore
3330 5652 3542 5723 aliquid

1954 5747 2247 5811 evenisse,
2321 5761 2643 5815 expressum
2711 5746 2989 5813 cupiunt;
3072 5746 3550 5813 prmteriiiittetiti-

1956 5836 2058 5889 bus
2085 5834 2403 5889 obscuriora
2424 5834 2713 5903 minusplc
2765 5834 3005 5901 cognita,
3050 5849 3115 5887 ne
3175 5833 3328 5903 quid
3372 5834 3543 5905 igno-
