4118 6464
600 388 743 465 2915

1889 382 1949 441 S.
1986 378 2281 441 SYMEON
2320 374 2621 437 JUNIOR.

3712 363 3859 426 2376

531 534 534 536 η
610 510 725 551 tum
780 470 880 567 per
929 493 1080 548 aliud
1126 510 1279 564 aque
1307 494 1552 566 ignotum
1577 504 1666 549 aut
1722 510 1829 548 non
1866 495 2037 547 inulto
2084 507 2183 545 no-
2215 499 2258 552 Α
2291 507 2393 559 pus
2426 492 2492 545 ad
2530 507 2621 545 an.
2659 490 2729 545 85
2792 489 3000 544 faciunt
3033 492 3396 541 excrescere:
3431 480 3577 551 quod
3609 481 3697 535 alii
3737 491 3859 549 jost

608 590 744 654 tius,
799 587 1116 642 confudisse
1155 587 1363 655 potius,
1426 603 1589 657 quam
1636 588 1938 640 illustrasse
1986 584 2179 637 velint.

609 678 814 744 Quidni
852 676 1019 747 igitur
1061 678 1128 731 ad
1183 678 1425 747 priorem
1456 687 1613 731 terra:
1634 686 1841 730 motum
1868 676 2183 745 quinquen-

608 784 733 822 nem
786 769 1074 841 Symeouis
1104 778 1321 823 aetatem
1363 768 1705 823 referamus?
1728 768 1916 832 Certe,
1944 769 1986 823 si
2005 767 2188 821 Theo-

612 863 777 931 phani
841 864 1158 927 credimus,
1222 877 1495 931 nunquam
1568 862 1689 915 talis
1748 858 2027 914 Catamitus
2065 859 2185 914 aliis

560 964 564 967 '
610 953 814 1007 steculis
839 954 1021 1022 quavis
1049 953 1104 1005 in
1128 953 1259 1005 urbe
1278 954 1514 1022 contigit.
1539 951 1679 1017 Quid
1704 952 1918 1004 tristius
1940 958 2036 1003 aut
2068 965 2185 1004 me-

614 1042 955 1105 morabilius,
986 1057 1148 1111 quam
1178 1042 1446 1096 subversa
1478 1043 1533 1095 in
1565 1042 1703 1095 urbe
1734 1051 1977 1096 trecenta
2009 1039 2187 1093 homi-

613 1149 743 1187 num
778 1134 947 1205 millia
979 1130 1272 1199 occidisse,
1308 1135 1585 1204 publicam
1628 1133 1998 1214 calamitatem
2022 1148 2188 1190 vene—

614 1226 848 1280 randum
885 1226 1189 1281 antistitem
1214 1241 1311 1280 sua
1342 1233 1526 1279 morte
1589 1226 1827 1289 auxisse,
1862 1223 2187 1295 augustissi-v

614 1333 765 1371 mum
824 1320 1217 1387 imperatorem
1275 1318 1540 1372 inusitato
1611 1310 1969 1386 inauditoque
2020 1316 2186 1370 modo

614 1410 847 1464 luxisse?
868 1408 1013 1463 Nihil
1042 1409 1203 1463 istius
1228 1409 1376 1463 modi
1400 1409 1456 1462 in
1480 1409 1725 1463 secundo
1750 1416 1899 1461 motu
1921 1407 2197 1461 accidisse

615 1503 844 1572 legitur:
874 1502 983 1553 imo
1022 1501 1192 1571 hujus
1262 1502 1530 1555 memoria
1582 1501 1727 1568 apud
1770 1510 2046 1563 auctores,
2092 1498 2188 1570 qui

615 1608 840 1661 propius
900 1592 967 1645 ad
1015 1592 1107 1645 illa
1160 1599 1403 1660 tempora
1436 1589 1726 1655 accedunt,
1774 1590 1864 1642 vix
1929 1590 2073 1651 ulla,
2129 1597 2191 1643 ut

617 1683 879 1747 vidimus,
939 1691 1135 1747 exstat,
1194 1682 1309 1736 solo
1349 1681 1684 1750 Theophane
1724 1680 2009 1750 lugubrius
2071 1694 2187 1734 rem

616 1773 981 1827 describente.

2287 582 2425 637 alios
2452 582 2713 651 deinceps
2731 579 3223 649 transcripserunt.

2427 718 2454 789 ς
2483 718 2570 771 ιν.
2598 714 2915 785 Descriptis
2947 714 3124 767 sancti
3161 710 3434 783 Symeonis
3467 708 3723 762 iunioris.

2357 852 2471 906 Leo
2502 848 2754 913 Allatius,
2784 847 2851 902 de
2885 844 3253 917 Symconibus
3276 844 3483 914 Optime
3522 843 3774 904 meritus,
3808 842 3866 895 in

2286 941 2529 997 Diatriba
2577 940 2639 992 de
2683 955 2863 991 eorum
2915 936 3162 1006 scriptis,
3199 934 3363 1004 hujus
3413 947 3636 1003 quoque
3691 930 3866 984 noszri

2292 1034 2541 1103 quaadam
2591 1040 2882 1086 recenset:
2920 1043 3155 1098 quorum
3190 1032 3329 1081 eum
3380 1026 3531 1080 nulla
3576 1026 3783 1080 mentio
3816 1024 3871 1078 in

2288 1124 2410 1179 Vita
2444 1123 2711 1177 habeatur
2745 1121 2977 1189 uspiam,
3000 1116 3211 1189 juverit
3244 1116 3336 1171 hic
3361 1116 3454 1171 illa
3483 1132 3551 1171 ex
3578 1115 3725 1169 dicto
3770 1130 3876 1168 au-

2292 1219 2467 1273 ctore,
2504 1224 2615 1263 non
2658 1208 2917 1262 omnibus
2959 1206 3143 1271 obvio,
3169 1205 3563 1270 adnumerare,
3615 1216 3877 1273 tanquam

2290 1280 2637 1370 eg'regiaviri
2669 1309 2726 1354 et
2758 1296 3106 1351 auctoritatis
3137 1295 3283 1365 apud
3318 1295 3598 1365 principes
3618 1335 3632 1359 ,
3664 1306 3720 1347 et
3771 1294 3877 1346 zeii

2291 1407 2391 1460 pro
2434 1391 2701 1455 Ecclesia,
2743 1398 2796 1444 et
2818 1374 3036 1458 pietatis
3063 1402 3193 1457 erga
3223 1385 3448 1441 Caelites
3498 1397 3877 1440 monumenta.

2292 1482 2537 1536 Primum
2569 1479 3053 1550 igiturscripsisse
3077 1477 3144 1533 de
3179 1477 3536 1548 imaginibus,
3566 1485 3779 1531 constat
3813 1492 3883 1528 ex

2292 1572 2505 1627 Joanue
2539 1556 2897 1636 Damasceno,
2924 1571 3018 1640 qui
3048 1579 3189 1625 orat.
3213 1571 3247 1625 3
3274 1570 3342 1624 de
3376 1569 3716 1638 imaginibus
3752 1584 3883 1636 par-

2295 1673 2403 1718 tem
2438 1664 2565 1717 inde
2599 1662 2815 1725 recitat,
2845 1677 2970 1716 cum
3004 1643 3111 1716 hoc
3142 1661 3352 1715 indicio
3398 1660 3663 1721 auctoris,
3698 1659 3885 1728 Magni

2299 1754 2595 1827 Symeonis,
2630 1753 2931 1807 admirandi
2952 1754 3163 1816 montis,
3190 1753 3252 1805 de
3289 1751 3639 1821 Imaginibus.
3673 1750 3889 1805 Secun-

685 1864 777 1919 20.
814 1864 888 1917 Ex
914 1864 1110 1917 eodem
1158 1873 1340 1918 tamen
1393 1874 1622 1918 auctore
1671 1864 1805 1917 illud
1865 1865 2035 1919 etiam
2093 1879 2194 1920 no-

2300 1845 2369 1899 do
2419 1845 2621 1915 stylum
2648 1835 2841 1898 contra
2873 1842 3162 1897 hareticos
3199 1841 3688 1905 acuisse,«eruitur
3723 1856 3751 1894 e
3789 1839 3887 1892 Bi-

621 1966 767 2009 tasse
824 1954 1050 2023 juvcrit,
1096 1954 1244 2022 quod
1279 1954 1347 2007 de
1396 1954 1578 2022 priore
1632 1962 1784 2007 motu
1846 1970 2032 2024 agens,
2101 1970 2194 2025 per

618 2062 821 2099 animm
860 2062 1059 2109 unum;
1098 2044 1164 2097 de
1196 2044 1457 2107 secundo,
1492 2059 1590 2112 per
1650 2061 1813 2097 unum
1849 2044 2195 2099 solummodo

620 2138 827 2197 horam,
853 2134 999 2188 dicat
1026 2135 1290 2189 tenuisse.
1343 2134 1501 2201 Quod
1551 2136 1594 2188 si
1624 2135 1806 2189 minus
1854 2136 2055 2199 solide,
2084 2152 2194 2189 non

620 2223 1049 2295 suﬂragantibus
1103 2225 1225 2279 aliis
1288 2226 1654 2290 auctoribus,
1712 2225 1930 2294 probari
1987 2212 2191 2293 possit;

619 2315 1088 2377 obtinebiteerte,
1114 2301 1354 2383 priorem
1415 2316 1655 2385 longiori
1710 2315 1887 2385 spatio
1939 2315 2189 2380 durasse,

621 2407 981 2478 posteriorem
1007 2405 1269 2460 breviori.
1302 2407 1479 2460 Motus
1510 2416 1719 2470 autem,
1755 2407 1821 2459 de
1844 2423 1953 2475 quo
1983 2406 2038 2460 in
2072 2406 2194 2460 Vita

621 2502 822 2571 agitur,
851 2501 1001 2555 horae
1038 2499 1202 2553 unius
1239 2497 1528 2551 intervallo
1569 2497 1780 2551 absolvi
1824 2512 1931 2550 non
1987 2498 2188 2565 potuit,

621 2605 747 2643 cum
770 2588 997 2659 Symeon
1036 2591 1090 2643 in
1120 2589 1325 2658 templo
1348 2588 1804 2659 Protovlilartyris
1838 2588 2075 2641 orationi
2098 2604 2194 2642 va-

621 2665 1207 2750 caritprimoppostea
1232 2670 1551 2733 labentibus
1577 2679 1780 2747 passim
1817 2678 2031 2732 :edibus
2067 2678 2195 2733 inde

624 2792 683 2831 se
712 2775 1069 2843 proripuerit,
1103 2773 1323 2827 tandem
1354 2788 1611 2841 egressus
1643 2772 1777 2826 urbe
1802 2773 2007 2827 circum
2040 2788 2199 2826 erra-

621 2866 783 2941 verit,
819 2880 1144 2919 reversurus
1201 2865 1391 2933 utique
1427 2864 1472 2917 si
1534 2874 1717 2917 motus
1765 2872 2073 2928 Cessasset;
2100 2862 2197 2917 sed

618 2972 687 3010 eo
711 2964 1123 3026 perseverante,
1164 2954 1403 3024 denique
1440 2955 1701 3008 inventus
1745 2954 1914 3007 fuerit
1971 2969 2001 3007 a
2064 2964 2195 3009 nota

620 3046 850 3102 muliere
876 3046 1257 3114 abductusque
1294 3044 1349 3097 in
1372 3053 1636 3107 montem,
1660 3042 1782 3096 urbi
1809 3043 2103 3097 admodum
2124 3043 2199 3096 vi-

620 3135 830 3200 cinum,
870 3150 935 3190 ac
961 3134 1169 3189 ibidem
1195 3133 1315 3187 dies
1342 3144 1551 3202 septem
1581 3132 2008 3202 perstiterit.At,
2040 3141 2194 3201 puto,
2224 3161 2271 3218 ο

621 3225 854 3295 siprius
922 3224 1047 3279 ﬁnis
1090 3233 1339 3278 motuum
1386 3223 1602 3287 fuisset,
1640 3223 1794 3276 illum
1842 3232 1940 3276 aut
1983 3239 2083 3291 per
2138 3236 2197 3277 se

631 3315 993 3385 repetiturum
1019 3323 1312 3383 paternam
1345 3314 1594 3377 domum,
1619 3323 1713 3367 aut
1750 3329 1847 3382 per
1906 3314 2197 3367 mulierem

624 3406 805 3470 matri,
843 3405 1182 3459 desiderium
1209 3406 1307 3459 ﬁlii
1342 3406 1447 3459 hoc
1489 3405 1791 3474 praesertim
1827 3413 1971 3458 statu
2011 3418 2195 3458 rerum

622 3496 909 3565 :egerrime
940 3495 1163 3559 ferenti,
1188 3496 1594 3550 restituendum
1631 3494 1821 3549 fuisse.
1873 3494 1953 3549 Sit
2010 3496 2197 3565 itaque

625 3587 715 3639 hic
743 3601 920 3640 annus
945 3585 1221 3654 Symeonfs
1276 3586 1523 3654 quintus,
1575 3600 1697 3639 acra:
1760 3585 1968 3654 vulgari
2030 3587 2196 3655 quin-

620 3676 971 3746 quagesimus
1019 3675 1314 3729 vicesimus
1338 3683 1524 3728 sextus
1565 3692 1577 3727 :
1612 3682 1667 3727 et
1707 3674 2057 3727 manifestum
2091 3673 2199 3727 erit

623 3769 964 3822 nativitatem
995 3768 1116 3835 ejus
1151 3768 1207 3820 in
1234 3782 1437 3819 annum
1467 3766 1591 3829 5‘21,
1619 3775 1853 3818 mortem
1895 3779 2048 3830 vero,
2070 3778 2196 3819 cum

624 3876 767 3911 anim
788 3860 967 3912 relatis
1000 3858 1065 3922 7,3
1096 3857 1318 3920 obierit,
1346 3859 1402 3910 in
1427 3858 1530 3911 596
1560 3857 1842 3911 incidisse.

691 3950 781 4001 2|.
822 3950 964 4001 Vixit
1002 3949 1169 4018 igitur
1201 3948 1303 4002 sub
1357 3950 1603 4017 quinque
1640 3947 1918 4001 continuis
1957 3947 2199 4016 impera-

625 4040 855 4100 toribus,
881 4039 1099 4093 Justino
1123 4038 1680 4103 vetere,.lustiniano,
1698 4038 1916 4092 Justino
1945 4037 2194 4103 Juniorc,

625 4130 846 4183 'iibcrio
874 4130 940 4193 ll,
1001 4140 1058 4182 et
1106 4127 1343 4197 denique
1384 4129 1487 4183 sub
1518 4128 1808 4193 Mauritio;
1848 4128 2008 4197 primi
2054 4143 2198 4181 anno

629 4220 661 4273 εί
698 4229 880 4281 natus,
913 4219 1235 4286 posterioris
1264 4218 1478 4272 decimo
1500 4219 1695 4287 quinto
1727 4219 1981 4285 denatus,
2002 4229 2196 4289 quarta

623 4322 680 4365 et
708 4312 966 4365 vicesima
989 4299 1077 4364 die
1103 4311 1307 4365 mensis
1360 4312 1506 4365 Maii.
1546 4311 1752 4365 liorum
1783 4324 1967 4367 autem
2010 4312 2199 4366 termi-

626 4418 820 4455 nurum
884 4402 1238 4456 intervallum
1274 4419 1449 4457 annos
1508 4402 1577 4455 75
1625 4403 2029 4472 complectitur,
2060 4419 2198 4473 quos

2300 1936 2555 1990 bliotheca
2605 1935 2787 1991 Photii
2828 1933 2963 1989 Cod.
2988 1934 3114 1997 251,
3150 1934 3244 1986 ubi
3270 1940 3497 1988 sanctus
3531 1932 3889 2001 Sophronias

2299 2026 2611 2097 patriarcha
2644 2025 3175 2095 Hierosolymitanus
3206 2024 3261 2076 in
3302 2024 3536 2093 epistola
3582 2022 3885 2093 Synodiea,

2299 2116 2543 2169 Honorio
2575 2116 2824 2169 Romano
2850 2115 3008 2182 Papae
3038 2112 3168 2183 (non
3198 2113 3539 2181 imperatori,
3594 2120 3654 2165 ut
3687 2127 3891 2181 perpe-

2299 2223 2414 2260 ram
2449 2207 2724 2276 interpres
2763 2206 2939 2275 ponit,
2978 2213 3165 2274 utpote
3196 2204 3356 2258 annis
3390 2212 3519 2258 ante
3546 2203 3805 2257 ducentis
3834 2214 3890 2258 et

2298 2297 2532 2365 amplius
2562 2297 2674 2349 vita
2705 2294 2939 2363 functo),
2973 2296 3159 2358 missa,
3191 2295 3454 2365 colligens
3475 2295 3700 2348 Patrum
3731 2297 3893 2348 testi-

2299 2389 2481 2441 monia
2499 2429 2513 2453 ,
2546 2386 2611 2440 ad
2633 2386 3103 2456 comprobandum
3136 2385 3410 2458 duplicem
3431 2385 3484 2439 in
3507 2385 3730 2441 Christo
3751 2401 3891 2454 ope-

2300 2480 2591 2543 rationem,
2632 2479 2797 2549 hujus
2839 2494 3060 2548 quoque
3106 2478 3279 2532 nostri
3312 2476 3626 2548 Symeonis,
3654 2488 3713 2533 ut
3736 2479 3892 2532 video

2300 2577 2389 2621 tur
2409 2610 2421 2630 ,
2454 2569 2707 2623 meminit
2743 2585 2870 2624 cum
2901 2569 3082 2623 laude.
3116 2567 3207 2623 Sic
3234 2569 3427 2624 scribit
3454 2569 3580 2624 loco
3608 2570 3890 2640 assignato

2300 2661 2530 2715 Photius
2566 2682 2578 2715 :
2616 2662 2795 2715 Etiam
2843 2661 3143 2732 Symonius,
3177 2664 3462 2715 monachus
3503 2670 3550 2714 et
3598 2660 3887 2731 presbyter.

2300 2753 2676 2807 Testimonium
2729 2770 2870 2816 vero,
2896 2754 3033 2824 quod
3093 2763 3337 2808 sanctum
3372 2754 3610 2824 agnoscit
3666 2752 3891 2824 Symeo—

2300 2861 2424 2899 nem
2458 2856 2762 2910 auctorem,
2794 2862 2857 2899 ea:
2896 2844 3117 2916 epistola
3149 2845 3370 2917 ejus,ad
3394 2844 3754 2899 Iustinianum
3783 2846 3889 2899 im-

2301 2944 2600 3005 peratorem
2659 2937 2809 3003 data,
2850 2953 2965 3008 quae
3026 2940 3187 2990 etiam
3238 2946 3423 2990 contra
3465 2937 3812 2992 Nestorianos
3839 2948 3890 2991 et

2301 3026 2658 3095 Eutycliianos
2690 3026 3050 3097 digladiatur,
3092 3026 3457 3095 depromptum
3486 3034 3580 3080 est.
3620 3026 3737 3096 Ipse
3769 3044 3890 3080 vero

2300 3115 2817 3187 Justinianus,'pius
2855 3118 3162 3186 imperator,
3216 3116 3269 3167 in
3316 3117 3379 3168 iis
3410 3132 3527 3186 qua:
3570 3116 3640 3170 ad
3681 3116 3887 3169 Zoilum

2302 3198 2661 3275 patriarcham
2697 3206 3115 3260 Alexandrinum
3163 3206 3392 3274 scripsit,
3429 3208 3566 3260 lianc
3610 3206 3885 3276 epistolam

2301 3296 2603 3349 thesaurum
2636 3297 2941 3349 nominarit.

2369 3384 2458 3438 23.
2488 3383 2681 3439 Tertio
2734 3385 3001 3439 recitatur
3035 3386 3282 3456 ejusdem
3322 3386 3559 3457 epistola
3579 3386 3791 3456 quinta,
3818 3386 3883 3439 ad

2301 3474 2580 3530 Iustinum
2611 3475 2895 3541 Juniorem
2928 3486 3023 3531 aut
3073 3478 3260 3546 potius
3299 3478 3673 3532 Justiuianum
3714 3478 3885 3547 impe-

2303 3573 2566 3631 ratorem,
2628 3565 2681 3619 in
2708 3566 2930 3636 Synodo
2969 3567 3211 3636 generali
3244 3583 3341 3632 vn,
3374 3583 3542 3639 agens
3581 3577 3772 3622 contra
3805 3568 3884 3620 in-

2300 3658 2589 3711 solentiam
2626 3657 3020 3712 Samaritarum
3050 3677 3064 3725 ;
3126 3676 3288 3729 quam
3321 3662 3348 3731 ᾗ
3384 3676 3502 3730 seq.
3550 3660 3880 3728 descriptam

2301 3746 2578 3801 dabimus.
2616 3746 2880 3812 Quamvis
2909 3756 3093 3802 autent
3133 3749 3261 3804 istic
3295 3750 3513 3804 dicatur
3534 3748 3751 3803 Iustino
3793 3747 3883 3801 Ju-

2301 3836 2446 3890 niori
2491 3837 2789 3908 inscripta,
2850 3838 3080 3893 inclinat
3137 3850 3319 3895 tamen
3362 3841 3584 3894 animus
3638 3856 3749 3892 non
3794 3854 3881 3909 pa-

2302 3943 2422 3981 rum
2456 3928 2530 3990 ei,
2570 3938 2629 3983 ut
2664 3937 2877 3997 putem,
2905 3929 2973 3983 ad
3004 3930 3376 3985 Justinianum
3431 3932 3649 4000 potius,
3684 3931 3879 3985 Justiui

2302 4019 2456 4073 illius
2486 4020 2833 4074 deeessorem
2857 4062 2871 4087 ,
2915 4021 3099 4075 datam
3130 4037 3253 4076 esse
3288 4040 3301 4074 :
3336 4033 3447 4075 tum
3482 4021 3631 4092 quod
3670 4023 3770 4076 sub
3797 4023 3881 4078 ,ιιι-

2302 4109 2542 4163 stiuiano
2567 4109 2963 4163 Samaritarum
2998 4110 3228 4164 audacia
3258 4111 3382 4180 plus
3425 4112 3589 4165 solito
3643 4112 3880 4163 invalue«

2304 4200 2396 4264 rit,
2430 4200 2522 4253 vix
2555 4202 2774 4270 cognita
2804 4202 2906 4256 sub
2931 4203 3151 4258 Justino
3174 4204 3419 4267 aliunde,
3450 4220 3617 4273 quam
3658 4221 3723 4258 ex
3764 4206 3879 4269 hac,

2302 4290 2370 4344 de
2402 4305 2511 4359 qua
2541 4291 2895 4361 ambigimus,
2932 4291 3222 4362 Symeonis
3257 4292 3515 4361 cpistola,
3548 4294 3703 4346 velut
3731 4309 3758 4346 a
3786 4288 3882 4363 po-

2304 4381 2548 4446 steriori,
2587 4384 2974 4451 utloquuntur
3020 4384 3075 4437 in
3131 4382 3385 4437 Scholis:
3419 4392 3532 4438 tum
3574 4386 3723 4453 quod
3772 4385 3883 4455 epi-

626 4494 698 4547 ita
744 4492 1055 4563 Symeoucm
1092 4494 1403 4564 implevisse
1450 4510 1515 4549 ex
1543 4495 1670 4549 Vita
1725 4505 1960 4549 constat.
2014 4496 2195 4550 Annos

2307 4477 2445 4530 stola
2480 4474 2661 4530 Caroli
2691 4476 2890 4545 Magni,
2923 4492 2991 4530 ex
3021 4475 3328 4545 Capitulari
3356 4476 3425 4529 de
3451 4494 3560 4531 non
3592 4479 3883 4533 aderandis

623 4587 869 4656 quinque
917 4588 1097 4656 exegit
1131 4587 1184 4640 in
1254 4596 1482 4656 paterna
1518 4587 1684 4641 domo
1736 4602 1911 4655 usque
1944 4586 2012 4641 ad
2041 4596 2200 4641 terra:

628 4688 835 4730 nmium
865 4694 879 4742 ;
930 4678 1057 4730 hinc
1089 4693 1231 4731 unus
1258 4679 1479 4746 elapsus
1512 4675 1679 4731 fuerit
1706 4678 1757 4730 in
1784 4686 1968 4729 monte
1993 4692 2054 4730 ac
2082 4676 2199 4746 pri-

623 4769 728 4821 mis
753 4770 879 4823 vita:
907 4771 1230 4823 monasticae
1282 4768 1633 4829 rudimentis,
1662 4769 1981 4837 priusquam
2010 4767 2065 4819 in
2102 4782 2198 4821 co-

624 4860 867 4914 lumnam
889 4859 1300 4914 admitteretur.
1330 4860 1387 4913 In
1418 4859 1518 4913 hac
1562 4858 1872 4922 humiliori,
1905 4866 1962 4911 et
2016 4858 2201 4927 potius

624 4947 741 5000 basi
771 4963 936 5016 quam
970 4948 1248 5009 columna,
1276 4947 1379 5001 sub
1406 4947 1582 5002 oculis
1631 4946 1860 5001 Joannis
1905 4945 2112 5009 anniti,
2145 4946 2199 4998 in

624 5039 888 5101 secunda,
943 5040 1110 5107 pedes
1137 5040 1205 5092 40
1235 5038 1534 5101 eminente,
1583 5038 1615 5091 8
1659 5038 1940 5092 trausacti.
1998 5036 2200 5104 Sicque

626 5130 696 5182 :20
729 5140 850 5183 erat
878 5145 1174 5192 annorum,
1209 5138 1269 5182 ut
1294 5130 1549 5182 meminit
1602 5143 1860 5197 expresse
1891 5128 2010 5181 Vita
2043 5142 2198 5180 num.

636 5219 725 5283 7:2,
756 5235 881 5272 cum
930 5220 1057 5273 inde
1079 5219 1331 5289 migravit
1367 5219 1422 5272 in
1454 5219 1695 5273 Montem
1730 5219 2070 5273 Mirabilem:
2105 5217 2199 5272 ubi

638 5311 909 5378 reliquum
945 5310 1069 5364 vita:
1102 5320 1317 5380 tempus
1342 5310 1599 5377 confecit,
1621 5311 1782 5364 annis
1842 5310 1906 5364 10
1939 5311 1994 5363 in
2044 5320 2195 5379 petra

626 5400 730 5452 sub
766 5400 882 5463 dio,
907 5400 977 5454 43
1010 5417 1184 5469 usque
1212 5401 1275 5454 ad
1306 5402 1519 5455 obitum
1556 5402 1611 5455 in
1647 5402 1903 5455 columna
1926 5411 2196 5469 perstans.

627 5488 1003 5543 (I-mscntiunt
1061 5490 1146 5545 his
1198 5490 1423 5555 Menam,
1480 5502 1538 5545 et
1594 5492 1914 5561 Synaxaria,
1955 5508 2122 5545 unum
2155 5492 2199 5544 si

630 5580 810 5634 locum
840 5582 1106 5652 excipias,
1150 5582 1239 5634 ubi
1278 5583 1445 5636 stanti
1479 5582 1535 5635 in
1586 5582 1841 5636 columna
1876 5582 1946 5636 40
1999 5581 2197 5650 pedum

625 5672 898 5725 annos~18
940 5671 1087 5741 ρι’(ιὸ
1117 5672 1385 5737 tribuunt,
1420 5672 1587 5735 facili,
1648 5682 1706 5726 ut
1742 5672 1916 5737 vides,
1958 5688 2148 5726 errore
2185 5691 2195 5725 :

629 5763 714 5815 cui
744 5770 1148 5830 consequenter
1182 5761 1514 5818 inlnerentes
1547 5764 1866 5819 univeistun
1905 5764 2028 5818 \‘iliC
2063 5772 2199 5817 tem-

2305 4564 2637 4635 imaginibus
2662 4567 2695 4619 Ι.
2722 4582 2795 4627 tv,
2819 4580 2869 4620 c.
2901 4565 2955 4625 5.
2979 4567 3048 4619 ab
3071 4566 3275 4619 Allatio
3312 4568 3365 4619 in
3395 4566 3741 4621 Diatribahie
3766 4584 3881 4636 [m-

2302 4657 2466 4711 dueta
2495 4675 2508 4721 ;
2543 4667 2599 4712 et
2631 4659 2735 4711 alia
2766 4657 3026 4711 Hadriani
3056 4658 3076 4711 ι
3105 4674 3258 4728 papa:
3307 4658 3374 4711 ad
3422 4659 3679 4712 eumdem
3725 4660 3881 4713 Caru-

2304 4748 2418 4801 lum
2453 4766 2552 4819 pro
2584 4750 2792 4820 synodo
2819 4749 3036 4803 Nieaena
3069 4766 3105 4803 ιι
3136 4749 3190 4802 in
3225 4748 3469 4803 editione
3513 4748 3876 4804 Conciliorum

2305 4840 2610 4916 Labhacana
2664 4842 2823 4896 dicta:
2870 4842 3082 4912 synodo
3131 4840 3427 4912 subjuncta
3461 4826 3728 4910 (utraque
3777 4858 3876 4895 non

2303 4934 2467 5005 longe
2495 4945 2619 5004 post
2674 4945 2919 5004 tempore
2956 4934 3180 5004 scripta)
3212 4934 3531 5003 exprimant
3560 4948 3757 4985 nomen
3784 4932 3874 4985 Ja—

2304 5028 2561 5092 stiuiani,
2628 5042 2737 5079 non
2796 5026 3040 5079 Justiui:
3105 5033 3219 5078 tum
3280 5025 3525 5094 denique
3582 5025 3747 5079 etiam
3798 5027 3870 5078 vel

2306 5118 2562 5185 maxime,
2620 5117 2768 5187 quod
2823 5117 3008 5170 statim
3065 5116 3119 5170 in
3164 5116 3439 5186 principio
3496 5116 3753 5186 Epistoizc
3800 5118 3873 5169 di-

2304 5221 2500 5265 cantur
2548 5211 2835 5266 Samaritaa
2892 5208 2948 5261 in
3001 5218 3247 5263 sanctum
3290 5208 3565 5279 templum.
3607 5210 3753 5279 quod
3786 5210 3871 5261 Ξιιιο

2304 5311 2525 5371 perator
2568 5298 2896 5354 struendum
2952 5307 3267 5363 curaverat,
3320 5314 3417 5369 per
3458 5315 3736 5355 summum
3765 5316 3867 5355 scc-

2304 5393 2390 5447 lus
2419 5400 2585 5461 atque
2626 5390 2965 5461 impietatem
3011 5391 3272 5446 satviissc.
3299 5392 3576 5447 Incertum
3608 5406 3785 5448 manet
3815 5413 3871 5449 ex

2304 5486 2559 5556 epistola,
2597 5493 2722 5537 ulcr
2746 5482 3028 5537 curaverit
3057 5500 3071 5548 ;
3116 5498 3226 5536 non
3258 5491 3443 5535 manet
3465 5499 3532 5537 ex
3573 5486 3871 5554 conjectura

2306 5577 2597 5646 probabili.
2634 5576 2771 5630 Cum
2806 5575 2956 5628 enim
2994 5574 3122 5629 lctis
3164 5590 3257 5629 sex
3283 5574 3440 5628 libris
3472 5576 3787 5645 COlltplCMts
3812 5587 3872 5627 Hi.

2306 5647 2609 5735 Procopius
2641 5665 3085 5719 substructiones
3116 5678 3278 5735 atque
3306 5666 3540 5720 :cdilicia
3570 5669 3748 5721 munis
3788 5686 3868 5737 gr-

2306 5762 2454 5816 ncris
2487 5760 2599 5817 fere
2638 5760 2944 5821 innumera,
2976 5759 3179 5828 uirique
3212 5772 3479 5814 teram-4m
3518 5780 3543 5813 ιι
3577 5762 3868 5816 Justiniiim
