4118 6506
256 421 400 485 ΞΤΠΊ

1394 416 1992 480 COMMENTARIUS
2032 418 2399 477 Pltﬁii'lUS.

3382 424 3521 487 2978

255 534 515 591 excitata.
554 531 807 601 interque
837 545 899 587 ea
934 538 1261 585 numeretur
1298 530 1560 598 templum
1592 528 1840 597 Deiparte
1870 533 1910 587 Α
1946 527 2102 589 bons,
2160 528 2305 581 inter
2334 528 2439 581 alia
2482 529 2597 583 tunc
2640 529 2853 599 profert
2896 547 2963 585 ex
3006 531 3356 600 Epiphanio:
3395 534 3523 599 Qui-

256 623 502 694 Virginis
538 624 924 695 Porpliyreone
955 640 969 687 ;
999 624 1144 676 circa
1190 636 1354 691 quam
1396 620 1673 675 civitatem
1706 630 1841 674 tem-

256 724 444 785 pestas
483 718 760 787 praecipue
796 714 1072 770 indicatur
1104 714 1418 769 desaeviisse
1446 757 1461 781 ,
1486 713 1685 768 Justini
1711 726 1840 766 vero

258 809 492 877 paucula
514 808 763 877 qumdam
793 817 1151 860 monumenta
1175 807 1245 860 ab
1279 805 1605 859 auctoribus
1627 819 1839 867 memo-

260 908 497 965 rentur;
531 897 688 953 facile
724 898 909 967 quivis
944 896 1290 967 dijudicabit,
1329 895 1437 949 utri
1467 894 1841 950 verosimilius

260 1004 325 1043 ac
357 991 567 1044 certius
592 989 709 1043 bare
746 989 978 1057 epistola
1010 988 1273 1057 inscripta
1310 986 1497 1042 luerit.

328 1079 420 1132 24.
460 1080 690 1146 Reliqua
728 1079 973 1148 ejusdem
1026 1079 1228 1147 scripta
1278 1083 1567 1132 enumerat
1606 1075 1841 1131 Allatius

261 1174 370 1226 hoc
398 1172 563 1225 modo
597 1190 609 1225 :
637 1174 690 1226 4.
726 1173 976 1243 Ejusdem
999 1173 1285 1243 Tpom’zpea
1321 1176 1398 1235 si;
1425 1172 1514 1224 τὸν
1539 1172 1697 1238 ἆγιον
1749 1188 1843 1241 με·

258 1263 652 1334 γαλομάρτυρα
693 1265 1029 1335 -Δημήτριον
1079 1265 1134 1315 ἐν
1162 1263 1237 1324 τῷ
1266 1264 1439 1333 Στέχῳ
1466 1281 1477 1293 υ
1510 1263 1763 1333 Troparia
1788 1263 1843 1317 in

256 1364 500 1407 sanctum
537 1373 788 1427 magnum
838 1365 1125 1427 martyrem
1185 1355 1503 1409 Demetrium
1541 1357 1594 1408 in
1642 1354 1839 1419 Sticho,

259 1445 332 1500 26
365 1444 619 1499 Octobris.
682 1446 735 1499 5.
777 1445 1041 1515 Ejusdem
1073 1446 1223 1516 Εὐχὴ
1267 1445 1401 1514 πρὸς
1433 1446 1522 1497 τὸν
1546 1445 1695 1507 Υἱδν,
1737 1446 1843 1515 ἰδίᾳ

260 1538 402 1606 προς
467 1538 593 1601 τοὺς
651 1536 1119 1607 παρενοχλοῦντας
1168 1536 1482 1606 λογισμούς·
1537 1534 1726 1591 Oratio
1773 1535 1842 1589 ad

262 1627 481 1690 Filium,
525 1626 931 1696 particulariter
996 1626 1066 1680 ad
1120 1624 1449 1697 repellendas
1503 1623 1842 1677 obturbantes

262 1718 624 1788 cogitationes.
672 1716 1018 1785 Principium
1069 1727 1197 1773 est:
1233 1716 1480 1771 Δέσποτα
1506 1714 1679 1783 Κύριε
1732 1715 1843 1783 Ἰη-

264 1808 363 1859 σοῦ
404 1807 625 1877 Χριστὲ,
654 1808 793 1875 Δότε
819 1808 910 1860 τοῦ
955 1807 1090 1860 Θεοῦ
1132 1806 1388 1869 ἀθάνατε,
1447 1806 1475 1860 ὁ
1524 1805 1634 1857 τῶν
1687 1804 1842 1874 μεγιο

265 1912 411 1951 στων
430 1896 656 1947 τουτωνὶ
687 1895 900 1963 φύσεων
930 1888 1179 1966 τεχνέτης
1206 1894 1297 1947 καὶ
1326 1894 1666 1963 κυϐερνήτης
1716 1893 1847 1947 Erat
1877 1872 1919 1926 η

265 2001 330 2039 ea
352 1986 404 2038 in
422 1986 667 2041 Palatina
695 1994 750 2040 et
778 2002 949 2056 penes
989 1986 1268 2041 Allatium.
1304 1985 1356 2039 6.
1390 1984 1642 2055 Ejusdem
1676 1983 1844 2053 Εὺχὴ,

266 2077 535 2148 λεγομένη
572 2078 709 2147 μετὰ
736 2076 991 2147 δακρύων
1021 2080 1098 2140 εἰς
1140 2077 1230 2129 τὸν
1284 2074 1489 2146 Κύριον
1544 2075 1700 2145 ἡμῶν
1744 2076 1847 2144 Ἰη-

268 2168 399 2220 σοῦν
451 2169 707 2239 Χριστὸν,
750 2171 880 2222 ὅταν
936 2168 1263 2242 ἐπέρχονται
1301 2170 1349 2219 οἱ
1402 2167 1656 2237 λογισμοὶ
1709 2183 1847 2237 πορ-

268 2258 439 2319 νείας·
477 2258 660 2313 Oratio
705 2257 980 2312 recitanda
1034 2274 1149 2312 cum
1192 2258 1437 2328 lacrymis
1469 2256 1538 2310 ad
1564 2256 1849 2310 Dominum

271 2360 510 2407 nostrum
534 2349 714 2411 Iesum
753 2349 1039 2415 Christum,
1077 2367 1209 2405 cum.
1239 2350 1521 2419 insurgunt
1578 2350 1851 2418 cogitatio—

274 2457 369 2494 nes
391 2441 877 2510 fornicationis.Est
918 2442 1253 2513 principium
1285 2457 1299 2495 :
1328 2441 1500 2510 Κύριε
1527 2441 1700 2507 ’1ησοῦ
1720 2443 1853 2512 Χρι-

272 2533 389 2595 ore,
421 2533 559 2602 Δότε
587 2532 681 2590 τοῦ
704 2526 860 2599 Θεοῦ,
880 2534 1018 2599 Λόγε
1032 2533 1289 2593 ἀθάνατε,
1317 2535 1344 2585 ὁ
1374 2531 1447 2604 μὴ
1473 2532 1850 2605 numquam

270 2625 399 2685 τοὺς
460 2624 551 2675 ἐπὶ
616 2625 697 2679 σοὶ
740 2622 1092 2686 πεποιθότας.
1127 2624 1184 2679 Ιιι
1213 2624 1497 2689 Vaticana,
1542 2626 1656 2679 Cod
1726 2626 1848 2680 798.

273 2713 329 2766 8.
353 2710 623 2780 Ejusdem.
658 2712 803 2782 Εὐχή
834 2714 933 2780 τῆς
1000 2714 1307 2785 ὑπεραγίας
1333 2715 1595 2767 Θεοτόκου
1641 2718 1721 2778 εἰς
1761 2733 1850 2768 πο-

273 2802 473 2873 νηροὺς
500 2802 816 2874 λογισμούς·
852 2805 1037 2859 Oratio
1068 2807 1121 2859 in
1146 2806 1537 2861 sanctissimam
1563 2805 1855 2876 Deiparam

273 2910 374 2966 pro
448 2896 624 2962 pravis
695 2896 1118 2966 cogitationibus.
1178 2897 1559 2966 Principium:
1607 2898 1856 2966 Παναγία

275 2985 510 3038 Θεοτόκε
555 2987 855 3051 ἀποδίωξον
921 2990 1046 3049 τοὺς
1080 2989 1350 3059 πονηροὺς
1388 2991 1480 3042 καὶ
1512 2990 1857 3061 ἀκαθάρτους

274 3077 596 3147 λογισμούς.
637 3078 864 3133 Ibidem.
899 3079 1104 3134 praeter
1126 3080 1263 3145 haec,
1302 3081 1371 3134 ab
1407 3082 1606 3136 Allatio
1644 3070 1858 3141 indica?-

276 3181 355 3235 ta,
376 3179 551 3224 exstat
568 3185 788 3239 quoque
803 3170 1045 3239 Epistula
1065 3172 1185 3240 ejus
1213 3173 1268 3225 ir.
1294 3172 1415 3244 Vita
1434 3172 1605 3228 beata
1631 3172 1854 3227 Marthae

278 3261 490 3315 matris.
509 3261 752 3315 [labetur
769 3270 950 3317 autem
982 3262 1127 3317 dicta
1149 3252 1461 3333 Epistola'n.
1484 3265 1570 3324 69.
1593 3265 1855 3335 inscripta

238 3380 241 3381 ν
278 3353 701 3423 Stauropltylaci
731 3362 941 3408 sanctae
972 3354 1405 3409 resurrectionis
1437 3355 1856 3427 Hierosolymis,

278 3458 455 3513 quem
491 3444 559 3497 de
594 3444 772 3498 salute
799 3448 1022 3504 anxium
1063 3446 1291 3510 animat,
1315 3461 1380 3500 ac
1414 3456 1624 3517 partem
1657 3456 1859 3503 sancta:

280 3534 468 3590 crucis
515 3545 689 3605 rogat.
726 3536 907 3604 Atque
959 3547 1163 3605 praeter
1192 3538 1308 3591 haec
1331 3539 1511 3591 omnia
1538 3580 1552 3603 ,
1590 3539 1694 3594 alia
1725 3556 1862 3609 quo-

279 3640 391 3697 que
424 3625 575 3678 illum
614 3626 898 3701 scripsisse
921 3642 1028 3679 non
1053 3642 1251 3696 pauca,
1284 3643 1405 3696 qua:
1438 3636 1746 3698 temporum
1780 3629 1862 3683 in-

275 3714 429 3785 juria
470 3715 709 3784 periere,
744 3716 799 3769 in
852 3702 1138 3783 comperto
1179 3723 1264 3769 est
1298 3731 1364 3769 ex
1394 3717 1627 3785 epistola
1655 3717 1723 3771 de
1754 3734 1860 3787 qua

281 3815 455 3869 mox,
508 3815 701 3860 contra
750 3806 1071 3870 Samaritas,
1101 3823 1223 3876 quae
1267 3810 1450 3878 quinta
1504 3808 1861 3878 indigitatur.

278 3897 369 3950 sic
405 3908 463 3950 ut
490 3895 609 3950 alia:
643 3897 958 3950 necessario
982 3898 1387 3965 praecesserint.
1420 3898 1625 3952 Eodem
1657 3898 1863 3951 faciunt

282 3986 554 4056 Evagrius
592 3995 648 4039 et
673 3986 820 4048 Vita,
864 4001 1028 4055 quam
1063 3986 1257 4041 damus
1288 4005 1300 4040 :
1334 4002 1569 4056 quorum
1602 3987 1693 4041 ille
1719 3987 1759 4041 l.
1788 4002 1863 4049 τι,

282 4094 339 4132 c.
391 4078 483 4143 ΞΖ),
532 4077 688 4140 dicit,
736 4078 839 4131 ista
902 4093 959 4132 n.
998 4077 1099 4133 190
1149 4078 1426 4135 Justinum
1470 4078 1759 4148 epistolam
1835 4092 1865 4132 a

287 4178 487 4225 sancto
513 4168 819 4239 accepisse.

288 4331 322 4405 ᾗ
354 4332 422 4387 Υ.
452 4328 695 4400 Epistola
735 4331 904 4382 sancti
934 4326 1207 4405 ngeonis
1260 4329 1330 4405 ad
1368 4328 1637 4405 Ius-tinum
1680 4330 1870 4384 Iunio-

592 4416 703 4453 rem
727 4408 914 4452 contra
951 4399 1255 4453 Samarites
1289 4399 1581 4452 hwrcticos.

1943 636 2066 671 nam
2107 638 2226 674 vero
2253 616 2449 689 fuerint
2506 621 2814 695 Samaritce,
2840 676 2841 679 η
2871 640 3022 677 nemo
3068 626 3120 676 in
3161 625 3348 679 divinis
3399 642 3519 678 ver-

1940 720 2087 764 satus
2116 710 2402 780 Scripturis
2431 713 2661 780 ignorat.
2691 712 2759 765 Ili
2796 722 2940 773 sunt,
2969 714 3056 782 qui
3086 730 3203 766 cum
3237 715 3388 767 divisi
3441 731 3523 768 cs-

1944 810 2127 855 senta
2183 802 2401 865 Iudaeis,
2440 819 2542 855 non
2595 804 2865 872 templum,
2932 822 3035 858 non
3088 807 3376 873 sacriﬁcia,
3442 806 3525 861 vel

1942 894 2281 946 cwrcmonias
2316 909 2617 946 communes
2661 911 2778 947 cum
2826 894 2931 949 illis
2968 892 3269 949 habebant:
3301 914 3524 967 cumque

1945 984 2174 1053 quinque
2207 992 2414 1036 tantum
2450 983 2641 1053 Moysis
2696 985 2854 1038 libros
2892 988 3197 1049 retinerent,
3246 990 3526 1057 praphetas

1948 1091 2010 1128 ac
2044 1083 2239 1143 cratera
2293 1076 2484 1128 divina:
2544 1074 2836 1145 Scriptura:
2880 1076 3149 1131 volumina
3203 1078 3527 1147 negligenter

1946 1166 2291 1237 rejicicbant;
2322 1184 2425 1220 non
2482 1168 2751 1220 credentes
2798 1171 3233 1221 resurrectionem
3288 1178 3524 1223 mortuo-

1946 1276 2103 1322 rum;
2144 1268 2394 1327 negantes
2424 1268 2473 1311 et
2504 1257 2760 1327 Spiritum
2815 1268 3085 1315 sanctum.
3109 1261 3271 1316 Plura
3315 1262 3357 1316 si
3396 1262 3482 1316 vis
3508 1302 3523 1324 ,

1944 1336 2128 1416 qurere
2159 1348 2301 1417 apud
2344 1349 2520 1418 ipsum
2557 1349 2926 1418 Epiphanium
2957 1350 3021 1408 in
3051 1350 3309 1403 Panario.

2015 1439 2105 1494 26.
2138 1439 2309 1494 Iidem
2345 1440 2468 1493 aliis
2498 1441 2817 1494 successive
2849 1442 3068 1494 saeculis
3116 1441 3400 1510 impietate
3461 1458 3527 1495 ac

1947 1529 2255 1585 sceleribus
2305 1530 2814 1594 famosi,licentius
2863 1545 3026 1600 agere
3060 1540 3349 1599 cmpcrunt
3389 1540 3527 1585 tem-

1947 1622 2175 1691 poribus
2210 1623 2467 1677 Zenonis.
2495 1621 2627 1677 Cum
2652 1622 2791 1676 enim
2818 1624 3059 1676 coiissent
3090 1623 3281 1685 subito,
3308 1632 3369 1677 ut
3397 1622 3529 1677 seri-

1948 1714 2028 1768 bit
2068 1714 2426 1783 Procopius].
2454 1730 2488 1767 v
2517 1714 2581 1766 de
2606 1713 2773 1782 ίΕΔὶῙ.
2807 1729 2858 1768 c.
2900 1716 2953 1777 7,
2989 1713 3129 1783 facta
3156 1713 3382 1783 Neapoli
3424 1715 3528 1766 im-

1948 1815 2067 1875 petu
2085 1809 2137 1859 in
2153 1806 2498 1868 Christianos,
2519 1808 2707 1874 festum
2722 1807 2776 1858 in
2796 1804 3009 1857 ecclesia
3036 1803 3377 1866 celebrantes,
3391 1807 3531 1875 quot

1948 1896 2255 1951 Pentecoste
2285 1907 2523 1955 vocatur,
2552 1896 2746 1949 multos
2776 1894 3059 1962 conﬁciunt
3090 1912 3107 1959 ;
3148 1895 3366 1949 illorum
3415 1896 3531 1965 epi-

1948 2004 2167 2057 scopum
2203 1987 2591 2040 Terebinthium
2622 2002 2791 2043 sacrm
2824 2002 3016 2039 mensa:
3061 1994 3329 2039 astantem
3374 2002 3530 2038 occu-

1950 2085 2102 2147 pant,
2134 2077 2537 2145 oﬂ'erentemque
2570 2076 2836 2145 ineffabile
2866 2076 3188 2143 sacriﬁcium
3239 2076 3433 2146 gladiis
3461 2077 3533 2144 fe-

1950 2166 2443 2229 riunt,vulneribus
2477 2168 2782 2231 concidunt,
2813 2184 3075 2219 manuum
3110 2175 3362 2221 truncant
3405 2168 3535 2237 digi-

1952 2258 2049 2321 tis;
2079 2256 2433 2325 mysteriaque
2462 2257 3029 2325 injuriosetractantes
3054 2297 3068 2318 ,
3096 2255 3308 2324 piacula
3337 2272 3529 2327 perpe-

1953 2357 2098 2401 trant
2144 2349 2305 2418 digna
2341 2346 2727 2414 Samaritanis,
2781 2349 2926 2402 nobis
2970 2348 3179 2402 silentio
3224 2349 3533 2419 premenda.

1952 2438 2327 2492 Renuntiante
2383 2438 2501 2493 bare
2534 2437 3076 2507 Constantinopolim
3112 2448 3168 2492 et
3191 2439 3526 2493 ostendente

1954 2530 2012 2587 in
2045 2544 2102 2587 se
2137 2531 2375 2588 admissa
2436 2531 2648 2585 scelera
2700 2529 3089 2593 Terebintliio,
3133 2530 3531 2585 Samaritarum

1954 2621 2261 2677 insolentia
2280 2624 2349 2676 ab
2381 2623 2714 2693 imperatore
2737 2622 2908 2679 armis
2928 2640 3177 2695 repressa
3201 2634 3305 2679 est.
3331 2625 3538 2680 Deinde

1954 2714 2158 2770 iterum
2231 2715 2405 2768 moliti
2466 2716 2620 2769 varia
2674 2717 2779 2771 sub
2832 2718 3125 2772 Anastasio
3174 2718 3537 2786 imperatore,

1956 2805 2157 2859 iterum
2193 2821 2384 2875 pcenas
2422 2806 2905 2869 dederunt,ctiam
2947 2824 3256 2877 supremas.
3288 2809 3534 2879 Denique

1957 2896 2061 2951 sub
2086 2897 2400 2952 Iustiniano
2433 2898 2817 2955 crudelissime
2849 2901 3097 2955 omnium
3140 2901 3450 2963 satvientes.
3472 2916 3538 2957 ea

1956 2997 2453 3058 patraruntopera,
2478 3005 2601 3058 quae
2622 2991 2803 3045 audiri
2833 2991 2953 3046 sine
2970 2991 3204 3046 horrore
3232 3003 3539 3062 nequeunt.

1958 3077 2039 3130 Ita
2088 3078 2485 3133 describuntur
2514 3096 2544 3133 a
2605 3080 2809 3152 Cyrillo
2852 3082 2908 3135 in
2960 3082 3085 3136 Vita
3130 3092 3335 3138 sancta:
3360 3082 3539 3145 Saba.

1882 3201 1923 3258 ε
1960 3182 2083 3237 quae
2111 3168 2299 3223 Graeca
2331 3185 2501 3239 penes
2534 3186 2633 3225 nos
2652 3181 2758 3234 est,
2789 3171 2970 3226 danda
3003 3173 3036 3225 5
3064 3173 3406 3228 Decembris.

2028 3260 2118 3313 27.
2145 3261 2375 3331 Jamque
2407 3280 2584 3316 rerum
2622 3266 2815 3334 potitus
2847 3265 3184 3319 Justiniunus
3228 3267 3544 3320 moderaba-

1959 3363 2048 3407 tur
2093 3355 2394 3423 imperium,
2426 3372 2546 3408 cum
2592 3357 2647 3408 in
2692 3356 2985 3410 Palwstina
3018 3373 3142 3426 gens
3189 3355 3543 3411 Samaritana

1962 3460 2135 3515 regem
2165 3445 2260 3498 sibi
2283 3444 2557 3499 lulianum
2581 3448 2882 3517 quemdam,
2919 3456 2967 3500 et
3000 3450 3169 3517 ipsum
3192 3446 3543 3508 Samaritam.

1963 3535 2229 3605 eligentes,
2262 3537 2431 3589 multa
2481 3538 2861 3593 contumeliose
2886 3540 3137 3593 adversus
3178 3538 3546 3595 Christianum

1965 3640 2152 3677 nomen
2180 3626 2295 3677 ausi
2329 3626 2561 3695 fuerunt.
2608 3627 2835 3694 Templis
2869 3644 3100 3697 namque
3134 3630 3351 3698 direptis
3376 3630 3547 3698 subji-

1964 3715 2167 3768 ciebant
2189 3716 2401 3785 ignem;
2436 3716 2762 3771 Christianos
2790 3717 3013 3785 inﬁnitis
3064 3721 3392 3773 excruciatos
3440 3729 3551 3774 tar-

1966 3807 2153 3859 mentis
2212 3808 2420 3859 tamlem
2471 3809 2631 3863 morti
2678 3809 2954 3862 tradebant
2982 3827 3002 3874 ;
3029 3811 3223 3863 vicinos
3272 3828 3435 3881 pagos
3469 3814 3552 3865 in-

1966 3897 2291 3949 cursionibus
2324 3890 2758 3967 populabantur;
2792 3910 3099 3953 sanctorum
3140 3906 3311 3955 thecas
3346 3903 3553 3972 diﬂ'rin-

1967 3996 2165 4056 gentes.
2225 3990 2575 4043 immittebant
2635 3993 2690 4044 in
2739 3993 3118 4059 ﬂammas:et
3168 3993 3278 4045 hinc
3329 3995 3551 4047 sa't'itirs

1969 4081 2233 4149 pra'cipue
2261 4098 2361 4133 non
2414 4082 2699 4156 admodum
2751 4085 2963 4136 remotis
3000 4082 3231 4153 Neapoli
3269 4085 3556 4154 grassaba-

1971 4178 2058 4221 tur
2106 4168 2249 4224 locis.
2279 4169 2448 4223 Porro
2497 4174 2796 4241 episcopum
2828 4172 3156 4226 sustulerunt
3180 4170 3377 4240 gladio,
3410 4187 3557 4224 com-

1971 4262 2336 4331 prehensisque
2407 4262 2720 4329 quibusdam
2776 4262 3087 4332 presbyteris
3122 4303 3135 4325 ,
3218 4261 3552 4315 membratim

1973 4351 2142 4419 primo
2175 4368 2236 4403 ac
2276 4351 2545 4419 frustatim
2575 4351 2695 4403 illos
2718 4361 3018 4414 secuerunt,
3054 4368 3279 4419 cumque
3312 4352 3551 4422 reliquiis

1975 4451 2273 4511 martyrum
2297 4444 2347 4494 in
2371 4442 2643 4511 sartagine
2683 4443 2945 4509 [riserunt
2974 4460 2991 4497 :
3024 4444 3247 4512 denique
3286 4442 3433 4496 nullo
3458 4462 3568 4496 aut

365 4530 453 4585 25.
483 4528 674 4583 Fidem
708 4528 995 4593 solvimus,
1023 4544 1127 4597 qua
1162 4542 1219 4581 se
1252 4518 1547 4581 Obstrinxit
1568 4526 1870 4580 Bollandus
1903 4524 1947 4583 D
1978 4535 2146 4587 daciaa
2176 4543 2268 4586 aut
2296 4532 2626 4587 contumelia:
2654 4550 2843 4603 genere
2864 4543 3049 4587 contra
3081 4533 3406 4588 Christianos
3434 4535 3557 4588 abs-

288 4623 358 4678 ad
393 4622 428 4677 5
472 4622 701 4676 Januari
736 4621 791 4673 in
826 4620 950 4673 Vita
977 4621 1087 4690 jam
1116 4634 1258 4687 saepe
1307 4619 1597 4672 memorati
1645 4618 1872 4690 Symeo—

292 4715 381 4769 nis
406 4713 618 4783 Stylita:
670 4711 940 4785 Senioris,
1002 4725 1102 4781 per
1158 4710 1567 4779 Metaphrasten
1625 4710 1869 4777 scripta,

288 4820 415 4872 cap.
449 4804 533 4862 Η,
558 4810 750 4855 annot.
781 4801 837 4865 d,
881 4816 1007 4854 cum
1036 4800 1203 4854 latius
1232 4801 1322 4853 hic
1351 4800 1419 4854 de
1447 4799 1732 4854 Samaritis
1774 4815 1869 4853 seu

292 4895 658 4950 Samaritanis
698 4892 969 4961 agendum
998 4891 1296 4960 promittit.
1322 4888 1591 4958 Neapolis,
1630 4889 1874 4943 llebrzeis

293 4983 500 5047 Sic/ten,
534 4999 629 5038 seu
655 4982 857 5037 Sic/tem
880 4990 936 5036 et
953 4980 1205 5044 Sicln'ma,
1228 4980 1363 5033 urbs
1392 4978 1798 5033 estPalazstinaz
1822 4979 1877 5031 in

295 5058 547 5131 Samaria
614 5073 964 5143 episcopalis,
1027 5071 1192 5126 hodie
1248 5070 1362 5125 fere
1416 5069 1696 5123 exstincta
1753 5077 1810 5123 et
1848 5084 1877 5123 a

298 5169 497 5239 paucis
535 5168 782 5223 habitata
815 5185 827 5219 :
863 5167 1036 5221 distat
1093 5181 1121 5219 a
1177 5165 1428 5219 Samaria
1476 5165 1614 5217 urbe
1640 5180 1691 5216 Ix
1722 5163 1781 5217 P.
1809 5163 1877 5216 Μ.

298 5265 355 5315 in
391 5263 671 5319 Austrum.
703 5260 964 5313 lmminet
996 5258 1117 5311 urbi
1139 5273 1299 5311 mons
1329 5258 1492 5322 altus,
1518 5256 1758 5311 Garizim
1791 5272 1883 5309 no.

299 5353 472 5416 mine,
501 5367 663 5419 quem
698 5351 831 5405 olim
864 5350 917 5403 in
971 5349 1334 5404 veneratione
1367 5348 1647 5402 habebant
1673 5360 1727 5401 et
1750 5363 1878 5416 prc-

299 5443 537 5497 catiunis
578 5458 741 5497 causa
786 5442 1009 5495 a:libant
1068 5440 1401 5496 Samaritani
1437 5458 1448 5492 :
1499 5456 1734 5507 quorum
1769 5441 1879 5510 jam

302 5550 421 5589 tum
472 5535 676 5590 Christi
732 5535 1073 5603 temporibus
1127 5543 1336 5589 sectam
1373 5533 1645 5585 Baronius
1696 5531 1879 5584 tom.l

306 5630 501 5691 Annal.
536 5628 672 5682 locis
716 5627 901 5691 variis,
946 5626 1220 5696 prazciptte
1265 5627 1317 5678 in
1350 5626 1626 5694 Apparatu
1663 5623 1878 5678 timeri-

1982 4624 2271 4677 tinuerunt.
2326 4622 2452 4677 Haec
2505 4621 2903 4675 immanissima
2958 4622 3186 4677 scelera.
3241 4629 3295 4677 et
3351 4622 3397 4677 si
3452 4638 3559 4692 qua

1983 4723 2268 4785 praeterea,
2291 4713 2437 4767 circa
2461 4712 2919 4783 Porpliyrionem,
2940 4722 3000 4766 ut
3026 4722 3559 4783 pulamus,-patrata,

1983 4814 2286 4877 potuerunt
2320 4821 2349 4859 a
2400 4805 2698 4859 mitissimo
2728 4804 2850 4858 viro
2882 4813 2938 4859 et
2970 4804 3190 4859 miseris
3238 4820 3563 4860 succurrere

1982 4896 2417 4965 promptissimo,
2451 4894 2546 4948 ubi
2612 4893 2786 4964 gloria
2836 4893 2936 4948 Dei
2990 4904 3051 4948 et
3083 4894 3435 4948 incolumitas
3466 4895 3567 4948 Ec.-

1981 4987 2148 5041 clesia
2196 4987 2575 5056 periclitatur,
2640 4985 2897 5054 exemplo
2961 4986 3194 5039 aliorum
3225 4996 3565 5046 sanctorum.

1985 5075 2297 5130 istiusmodi
2336 5070 2677 5144 extorquere
2728 5075 3047 5144 epistolam.
3079 5076 3300 5144 qualem
3343 5076 3568 5144 subjici-

1987 5184 2129 5230 mns,
2157 5168 2221 5221 ad
2248 5168 2619 5223 Justiuianum
2655 5169 2738 5232 (ut
2777 5182 2945 5236 supra
2990 5167 3355 5235 probabiliter
3399 5168 3561 5221 susti-

1987 5261 2205 5330 nemus)
2242 5260 2449 5313 datam.
2482 5260 2682 5329 Ipsam,
2712 5275 2823 5313 non
2882 5270 2941 5313 ut
2992 5258 3263 5312 Baronius
3296 5258 3464 5312 habet
3502 5273 3570 5311 ex

1988 5350 2233 5404 editione
2270 5350 2491 5403 concilii
2531 5364 2595 5403 ιιι
2642 5349 2848 5403 Nicmni
2881 5349 3097 5411 l.atina,
3132 5349 3227 5403 sed
3254 5363 3318 5402 ex
3349 5348 3571 5402 Graeco-

1987 5442 2202 5505 Latina,
2234 5458 2547 5511 quanquam
2584 5456 2695 5496 non
2750 5442 2883 5494 satis
2914 5452 3184 5496 accurate
3230 5441 3570 5502 translatam,

1988 5541 2048 5584 ut
2080 5530 2203 5584 istic
2238 5531 2473 5587 Aetione
2494 5532 2701 5585 iivcrsa
2730 5538 2834 5593 est,
2860 5531 2951 5584 hic
2969 5531 3159 5600 accipe
3193 5571 3206 5584 .
3235 5527 3423 5599 utpote
3446 5544 3571 5582 cum

1985 5631 2245 5676 contextu
2275 5623 2519 5678 auctoris
2542 5622 2711 5676 (ἐττει-ἰ
2745 5621 2915 5691 magis
2942 5622 3371 5677 concordantem
3400 5619 3499 5691 (l).

376 5840 448 5910 (i)
479 5837 631 5897 lianc
672 5834 970 5906 Epistolam
1013 5832 1151 5891 infra
1186 5833 1399 5891 damus.
1438 5843 1551 5901 post
1594 5832 1769 5886 Vitam
1805 5830 1857 5886 3.
1895 5831 2202 5902 Sytz‘cmais.
