4118 6486
619 335 768 400 ἳέιῗθ

1897 337 1958 394 S.
2001 333 2302 395 SYMEON
2341 334 2620 395 JUNIOR

3744 333 3904 399 29950

698 450 788 502 '51.
827 447 1101 502 Hactenus
1123 445 1380 516 epistola,
1423 454 1531 498 tazu
1594 444 1712 498 zelo
1768 443 1972 498 divinae
2013 444 2200 514 gloriae.
2231 450 2275 506 Α
2305 446 2548 515 insignis,
2583 444 2751 498 multa
2783 453 2833 498 et
2863 446 2995 500 dixit
3018 455 3068 499 et
3094 446 3236 514 fecit,
3276 461 3394 516 qua‘
3421 446 3704 514 imperium
3733 445 3902 500 Hau-

627 535 868 604 odioque
894 535 1172 587 scelerum
1218 539 1400 603 plena,
1439 549 1601 602 quam
1633 548 1740 586 non
1817 533 2085 585 inslructa
2140 533 2207 585 ab

629 627 874 680 oratorio
930 626 1228 680 verborum
1262 631 1492 686 Ornatu;
1551 623 1696 692 quod
1755 633 1933 677 tamen
1989 622 2208 678 ollicerc

629 718 769 771 nihil
816 717 984 771 debet
1054 725 1137 784 (ut
1207 719 1322 767 vult
1377 714 1630 784 epistola,
1671 729 1834 780 quam
1868 712 2102 766 Allatius
2153 713 2206 766 in

631 807 878 860 Diatriba
901 807 1011 870 hic,
1043 807 1144 860 sub
1181 806 1404 860 nomine.
1455 802 1638 858 Caroli
1699 803 1872 871 Magni
1930 803 2206 871 producit)

630 900 928 966 quominus
975 898 1215 966 genuina
1270 897 1444 950 sancti
1491 896 1762 966 Symeonis
1803 895 2054 957 dicatur,
2098 895 2207 946 vim

631 989 1048 1058 signiﬁcationis
1098 988 1282 1057 potius
1308 1002 1469 1056 quam
1531 986 1720 1040 fucum
1764 984 2033 1040 orationis
2081 998 2206 1052 spe-

629 1082 854 1134 ctantis.
883 1081 1106 1134 Refutat
1142 1081 1374 1133 Allatius
1408 1080 1530 1132 loco
1571 1081 1738 1132 citato
1769 1077 1969 1131 dictam
1998 1077 2207 1145 episto-

629 1174 761 1237 lam,
793 1176 907 1227 lucc
933 1175 1210 1242 praecipue
1252 1183 1574 1241 argumenta
1626 1172 1998 1241 complexam;
2060 1169 2205 1238 quod

631 1267 1167 1320 sanctuslustiniani
1218 1266 1550 1333 imperatoris
1612 1281 1767 1317 aures
1810 1263 2014 1316 divinas
2069 1279 2208 1314 nun-

635 1361 945 1426 cupaverit;
981 1358 1124 1425 quod
1151 1358 1388 1409 euntdenr
1432 1357 1790 1410 misericordia
1833 1357 1909 1408 uti
1935 1354 2210 1424 prohibue-

634 1449 702 1500 rit
736 1464 754 1511 ;
788 1448 934 1516 quod
971 1450 1061 1516 qui
1091 1449 1340 1500 debuerat
1376 1450 1517 1499 iram
1558 1448 1692 1514 regis
1729 1446 2018 1514 refrenare,
2054 1444 2207 1496 illam

630 1540 799 1606 magis
826 1540 1096 1608 magisque
1115 1540 1476 1601 succenderit;
1511 1537 1656 1606 quod
1677 1538 1789 1606 ejus
1817 1535 2054 1603 exemplo
2083 1551 2207 1587 usus

638 1645 740 1681 non
786 1631 873 1690 sit,
924 1632 1016 1698 qui
1043 1633 1302 1683 neminem
1344 1629 1453 1682 t'ult
1504 1630 1674 1698 perire
1704 1645 1722 1681 .·
1777 1627 1921 1695 quod
1969 1626 2208 1694 denique

635 1723 800 1773 (idem
826 1723 1137 1788 imperatori
1177 1722 1342 1773 Deum
1402 1735 1728 1789 conregnare
1781 1719 1993 1770 dixerit.
2041 1716 2207 1770 Vides

631 1828 795 1879 quam
821 1812 1119 1866 inellleacia
1159 1813 1269 1865 sint
1316 1811 1521 1872 omnia,
1571 1811 1707 1863 adeo
1748 1818 1808 1863 ut
1853 1822 2035 1878 Operae
2078 1824 2205 1876 pre-

635 1905 765 1955 tium
801 1918 908 1955 non
964 1903 1035 1957 sit
1075 1904 1336 1957 refutare.
1394 1904 1662 1972 Resurgat
1719 1902 1984 1971 propheta
2038 1902 2206 1966 Elias,

633 1995 754 2046 zelo
815 1995 1015 2046 divitum,
1055 1995 1241 2063 gloria:
1280 2009 1604 2052 succensus,
1637 1992 1857 2059 gravius
1917 1993 2092 2046 multo
2153 1994 2206 2046 in

633 2084 841 2137 scelera
881 2084 1192 2136 istiusmodi
1252 2084 1566 2141 invehetur,
1616 2084 1693 2135 uti
1745 2084 1895 2142 olim,
1957 2083 2135 2152 ignem
2177 2096 2208 2134 e

634 2173 774 2225 caelo
806 2188 1112 2226 accersens.
1156 2172 1208 2225 Si
1265 2173 1391 2241 quis
1455 2174 1689 2227 refutatu
1723 2173 1975 2242 pluribus
2035 2173 2204 2240 cupit,

636 2264 797 2316 adeat
831 2266 1058 2316 citatum
1091 2265 1276 2318 Allatii
1319 2264 1498 2318 locum
1541 2281 1552 2315 :
1585 2277 1687 2318 nos
1716 2263 1769 2316 in
1801 2279 1881 2325 re,
1935 2279 2043 2315 non
2106 2262 2202 2314 ad.

636 2353 859 2408 modum
897 2354 961 2408 ad
995 2355 1306 2409 institutum
1332 2363 1581 2408 nostrum
1630 2353 1886 2416 faciente,
1930 2351 2206 2421 longiores

638 2446 806 2500 etiam
859 2445 1084 2510 fuimus,
1135 2463 1299 2516 quam
1328 2462 1425 2515 par
1451 2453 1571 2499 est:
1622 2444 1716 2498 sed
1762 2444 2032 2513 promissa
2083 2442 2206 2496 Bol-

633 2538 782 2593 landi
815 2539 1097 2593 solvimus.

733 2709 760 2779 ﬁ
794 2709 878 2764 Vl.
901 2740 972 2748 --
1003 2709 1371 2763 Memor’abilia
1421 2709 1483 2761 de
1535 2716 1718 2762 sancto
1748 2706 2005 2777 ngcone
2039 2724 2100 2761 ρει·

1290 2779 1542 2849 Evagrio.

695 2912 786 2966 3‘2.
823 2911 1129 2965 Plurimum
1160 2908 1503 2962 auctoritatis
1554 2917 1850 2962 conciliare
1879 2905 2043 2960 debet
2071 2907 2208 2961 Vitae

629 3011 832 3055 nostra:
865 3000 1130 3070 Evagrius
1163 2999 1560 3060 Scholasticus,
1595 3015 1690 3066 per
1741 2998 1828 3050 illo.
1856 3014 1977 3065 quae
2029 2999 2082 3050 in
2113 2990 2201 3050 lli-

2313 536 2437 596 ritio
2469 535 2809 588 nuntiabant.
2841 535 3105 602 Quasnam
3140 552 3273 593 vero
3328 537 3419 590 illa
3449 537 3582 600 sint,
3615 551 3725 589 non
3784 551 3910 592 me-

2311 627 2449 680 mini
2491 627 2703 696 uspiam
2733 627 3024 696 speciatim
3061 642 3388 697 expressum
3422 627 3630 695 legere,
3665 640 3736 680 ne
3768 627 3908 696 qui-

2311 717 2436 772 dem
2472 719 2524 771 in
2550 717 2674 773 Vita
2703 727 2890 772 nostra
2922 719 3250 787 prolisiore;
3281 733 3403 788 qua:
3431 720 3605 771 multa
3667 718 3905 786 quidem

2311 808 2379 863 de
2408 807 2627 862 Justino
2670 808 2897 863 Juuiore
2928 849 2942 871 ,
2997 809 3160 878 eique
3199 809 3462 878 praedicto
3519 809 3776 879 imperio.
3830 811 3908 866 de

2312 897 2567 952 Mauritio
2602 914 2734 952 vero
2784 914 3013 968 prorsus
3045 899 3222 952 nihil:
3283 901 3453 963 unde,
3505 901 3582 953 uti
3611 909 3669 953 et
3711 915 3780 955 ex
3815 917 3910 956 sc-

2315 989 2637 1059 quentibus,
2676 1006 2911 1060 pronum
2976 1001 3063 1045 est
3120 991 3399 1060 colligere,
3447 992 3703 1061 quamvis
3771 1007 3912 1061 pro-

2311 1079 2574 1134 lixissima
2604 1080 2721 1133 Vita
2754 1081 3035 1134 contineat
3057 1081 3315 1149 plurima,
3357 1082 3515 1150 plura
3549 1089 3731 1136 tamen
3758 1097 3910 1151 prae-

2313 1173 2544 1226 teriisse.
2575 1172 2743 1225 Libro
2774 1172 2975 1227 deinde
3031 1182 3207 1235 sexto,
3256 1188 3379 1240 cap.
3425 1157 3495 1226 i3
3546 1181 3681 1236 toto,
3733 1175 3908 1240 quasi

2312 1264 2702 1332 compendium
2730 1266 2854 1320 vitae
2885 1265 3180 1335 Symeonis
3212 1265 3293 1318 sic.
3327 1265 3499 1319 texit:
3534 1264 3734 1319 Eodem
3766 1274 3912 1318 tem-

2311 1371 2456 1425 pore,
2525 1371 2643 1408 cum
2694 1353 2977 1425 Gregorius
3041 1367 3283 1408 sanctum
3337 1353 3650 1424 ngeonem
3711 1355 3912 1408 lethali

2312 1450 2492 1502 morbo
2522 1459 2800 1518 wgrotare,
2851 1465 2932 1501 me
2985 1448 3273 1508 indicante,
3311 1447 3615 1509 didicisset,
3654 1446 3725 1498 ad
3779 1461 3910 1499 eum

2311 1542 2584 1609 confestim
2634 1541 2896 1603 excurrit,
2953 1548 3009 1592 ut
3063 1548 3343 1608 postrema
3391 1535 3733 1590 salutationis
3790 1537 3912 1606 σῇ-

2312 1636 2451 1686 cium
2479 1634 2526 1686 ei
2556 1633 2836 1686 exhiberet.
2865 1633 3052 1685 Verum
3084 1633 3138 1685 id
3171 1632 3308 1701 quod
3353 1631 3615 1700 cupiebat,
3651 1631 3912 1698 consequi

2313 1741 2414 1778 non
2438 1726 2628 1794 potuit.
2669 1724 2839 1777 Porro
2873 1726 2956 1776 hic
2991 1723 3215 1792 Symeon
3247 1732 3458 1776 cunctos
3513 1722 3598 1774 sui
3645 1724 3908 1790 temporis

2315 1813 2566 1869 mortales
2595 1816 2789 1869 uirtute
2825 1814 2976 1884 longe
3019 1814 3310 1884 superavit.
3374 1812 3580 1883 Quippe
3622 1831 3655 1866 a
3705 1814 3910 1866 teneris

2315 1903 2616 1975 unguiculis
2653 1920 2899 1974 asperum
2939 1905 3144 1957 vivendi
3177 1919 3339 1972 genus
3379 1903 3434 1954 in
3487 1901 3736 1955 columna
3810 1918 3908 1955 e1-

2313 1996 2585 2050 coluerat;
2624 1996 2754 2048 adeo
2797 2004 2855 2047 ut
2886 1995 3065 2048 dentes
3118 1995 3173 2046 in
3212 1992 3471 2046 columna!
3515 1995 3745 2047 statione
3798 1995 3906 2061 ipsi

2312 2087 2504 2139 mutati
2537 2086 2751 2154 fuerint.

2385 2174 2475 2228 54.
2518 2174 2834 2229 Columnam
2898 2182 3076 2228 autem
3129 2174 3426 2228 conscendit
3480 2171 3789 2243 hujusrnodi
3841 2188 3909 2224 ex

2310 2281 2510 2320 causa:
2551 2265 2684 2319 Cum
2712 2275 2842 2321 esset
2875 2268 3156 2320 admodum
3187 2275 3368 2320 tenera
3405 2266 3574 2320 adhuc
3605 2273 3786 2325 a'tate,
3817 2264 3906 2315 tu.

2311 2357 2436 2409 dens
2473 2367 2521 2409 et
2575 2357 2782 2410 saltans
2809 2375 2902 2426 per
2931 2359 3123 2410 montis
3137 2358 3272 2427 juga
3303 2357 3584 2410 oberrabat
3619 2371 3636 2408 :
3670 2371 3905 2424 cumque

2311 2450 2364 2502 in
2398 2450 2628 2518 pardum
2686 2451 2975 2514 incidisset,
3002 2467 3191 2503 sonam
3250 2449 3386 2503 collo
3419 2449 3533 2513 eius
3587 2449 3771 2517 injecit
3797 2465 3818 2511 ;
3850 2457 3902 2499 et

2309 2539 2562 2601 belluam,
2582 2541 2784 2594 innata:
2810 2541 3036 2608 feritatis
3066 2539 3307 2605 oblitam,
3341 2540 3493 2609 quasi
3511 2539 3632 2608 joco
3656 2538 3900 2598 trahens,

2310 2631 2380 2684 ad
2413 2634 2794 2686 monasterium
2850 2649 3004 2686 suum
3049 2632 3285 2685 deduxit.
3315 2629 3467 2696 Quod
3501 2627 3899 2698 contemplatus

2314 2725 2570 2794 magister
2600 2724 2736 2793 ejus,
2765 2724 2852 2793 qui
2877 2724 2929 2775 in
2955 2722 3202 2776 columna
3239 2725 3399 2776 vitam
3425 2724 3634 2792 agebat,
3667 2736 3896 2790 puerum

2311 2816 2683 2884 interrogavit,
2701 2815 3064 2883 quidnamltoc
3079 2823 3228 2867 esset.
3248 2811 3511 2880 Iileft-lem
3539 2829 3648 2866 esse
3678 2830 3899 2880 respon-

2310 2906 2409 2966 dit,
2439 2923 2592 2976 quem
2623 2905 2772 2974 tulgo
2807 2916 3007 2958 caltam
3044 2905 3341 2958 nominant.
3373 2906 3544 2975 Atque
3573 2920 3638 2957 ex
3679 2906 3774 2957 laoc
3807 2905 3899 2971 [a-

2309 3009 2389 3053 cto
2415 3001 2777 3068 conjecturam
2801 3004 3034 3067 capiens,
3071 2997 3246 3067 quatis
3288 3005 3622 3066 quantusque
3659 2995 3891 3064 ngron

632 3092 801 3147 storia
834 3107 928 3146 sua
970 3090 1343 3144 ecclesiastica
1376 3089 1442 3143 de
1467 3099 1650 3142 sancto
1701 3087 1956 3158 Symcone
2005 3088 2201 3159 Stglita
2239 3107 2280 3162 ο
2315 3094 2368 3144 in
2427 3093 2636 3145 virtutis
2698 3092 2870 3144 studio
2921 3090 3129 3158 futurus
3175 3098 3329 3151 esset,
3359 3090 3412 3142 in
3448 3089 3747 3140 columnam
3775 3104 3895 3140 enus

631 3185 852 3240 Juniore
877 3190 1164 3237 memorat.
1192 3182 1325 3237 Nam
1349 3191 1717 3251 prieterquam
1778 3180 1927 3248 quod
1979 3196 2207 3234 summa:

631 3278 758 3331 ﬁdei
819 3275 1122 3329 historicus
1174 3273 1265 3334 sit,
1298 3288 1516 3327 coaevus
1568 3271 1825 3341 Symeoni
1867 3271 1990 3328 fuit.
2021 3285 2207 3340 eoque

631 3365 975 3421 familiariter
1037 3381 1191 3430 usus,
1269 3362 1733 3433 quemadmodum
1802 3376 1866 3414 ex
1921 3361 2208 3428 ipsiusmct

630 3457 834 3518 verbis,
889 3472 1014 3510 mox
1072 3454 1466 3524 subiiciendis,
1529 3460 1712 3522 potest
1768 3451 1948 3521 colligi
1995 3470 2006 3503 :
2069 3452 2205 3505 dicit

631 3552 1092 3624 etiim,Gregorio
1112 3552 1435 3623 patriarchae
1491 3549 1840 3605 Antiocheno
1893 3551 2202 3608 iunotuisse

624 3643 885 3697 lethalem
927 3644 1098 3696 sancti
1155 3640 1430 3712 Symeonis
1461 3639 1753 3703 morbum,
1802 3640 2069 3693 indicante
2114 3657 2200 3700 se.

621 3735 877 3789 Ostendit
941 3735 1108 3790 etiam
1198 3735 1591 3788 commercium
1663 3733 1976 3786 litterarum
2058 3733 2204 3787 inter

625 3825 1347 3893 utrumqueintercessisse,
1387 3839 1510 3878 cum
1559 3824 1635 3877 ait
1691 3825 2034 3879 admonitum
2067 3840 2125 3880 se
2171 3841 2202 3880 a

628 3915 832 3968 Sancto
867 3931 963 3984 per
1012 3915 1227 3969 litteras
1252 3915 1421 3970 fuisse
1451 3915 1685 3984 quadam
1718 3931 1887 3986 super
1927 3933 2007 3979 re,
2035 3933 2200 3987 quam

624 4006 856 4075 putabat
895 4005 1154 4059 omnibus
1178 4006 1317 4060 clam
1348 4021 1492 4060 esse.
1521 4005 1772 4062 Certiora
1804 4023 2026 4077 quoque
2069 4023 2201 4077 pro-

633 4095 736 4151 fert
763 4097 963 4152 indicia
995 4105 1202 4152 mutuae
1239 4098 1659 4153 consuetudinis
1691 4098 1812 4153 Vita
1880 4115 2036 4153 num.
2068 4098 2198 4163 258,

619 4187 713 4242 ubi
748 4203 869 4256 qua:
900 4196 1209 4256 cognoverat
1240 4189 1293 4240 in
1322 4189 1510 4256 spiritu
1539 4186 1787 4258 Symeon,
1813 4186 2059 4262 Evagrio,
2107 4203 2203 4257 pro

629 4280 710 4333 sui
739 4280 791 4331 in
811 4280 987 4347 ipsum
1016 4278 1278 4348 singulari
1303 4280 1648 4348 propcnsione
1667 4280 1854 4338 animi.
1900 4281 2060 4350 jussit
2117 4280 2202 4332 in-

627 4368 816 4420 dicari.
840 4367 1012 4420 Porro
1059 4370 1442 4422 auctoritatem
1496 4367 1654 4431 Viue,
1692 4378 1800 4422 tam
1856 4368 2197 4439 frequentia,

2317 3182 2548 3234 admisit.
2589 3180 2707 3244 Qua
2747 3182 2802 3234 in
2843 3181 3129 3243 columna,
3170 3190 3218 3234 ct
3253 3182 3306 3234 in
3356 3181 3528 3234 altera
3578 3193 3697 3247 qua
3733 3187 3809 3230 est
3839 3180 3893 3228 in

2311 3290 2518 3326 summa
2546 3277 2736 3328 montis
2764 3278 2976 3337 vertice,
3000 3282 3111 3326 octo
3142 3289 3203 3326 ac
3256 3271 3536 3342 sexaginta
3574 3269 3742 3338 exegit
3797 3284 3895 3318 an-

2313 3381 2426 3426 nos,
2452 3366 2596 3417 omni
2620 3367 2807 3435 gratia:
2831 3379 3019 3435 genere
3059 3366 3304 3416 donatus.
3338 3361 3542 3431 Quippe
3584 3361 3674 3428 qui
3702 3366 3752 3410 et
3782 3358 3893 3409 dir-

2312 3473 2494 3509 mones
2551 3456 2804 3525 abigeret,
2830 3465 2879 3508 et
2927 3454 3134 3507 morbos
3183 3469 3244 3507 ac
3276 3452 3557 3522 languores
3589 3464 3768 3503 omnes
3800 3464 3894 3501 sa-

2311 3556 2484 3606 naret,
2520 3558 2568 3598 et
2623 3547 2806 3616 futura
2851 3546 3064 3615 perinde
3117 3541 3179 3598 ac
3229 3543 3514 3613 praesentia
3553 3541 3884 3610 prceuiderct.

2314 3634 2568 3706 Gregorio
2604 3644 2742 3688 certe
2785 3635 3052 3705 prwdixit,
3083 3649 3202 3687 eum
3242 3641 3464 3686 mortem
3487 3629 3701 3699 quidem
3722 3628 3888 3697 ipsius

2308 3730 2544 3782 uisurum
2580 3745 2683 3782 non
2711 3743 2868 3792 esse;
2900 3742 3017 3798 qua
3059 3742 3182 3780 vero
3239 3733 3355 3796 post
3421 3730 3643 3777 mortem
3709 3721 3888 3791 futura

2313 3829 2506 3881 essent,
2535 3822 2931 3890 ignoraturum.

2381 3912 2470 3966 35.
2502 3911 2738 3981 Cumque
2763 3927 2857 3981 ego
2877 3912 3085 3964 amissis
3111 3909 3284 3963 liberis
3312 3907 3438 3961 meis
3465 3907 3518 3960 in
3540 3906 3718 3960 rarius
3743 3906 3883 3974 cogi-

2311 4005 2538 4057 tationes
2559 4003 2856 4065 diducerer,
2897 4010 2946 4055 et
2967 4001 3109 4072 apud
3144 4016 3224 4055 me
3250 4014 3543 4071 qua'rerem
3569 3998 3698 4068 quid
3715 4011 3885 4050 causa

2312 4104 2465 4160 esset,
2515 4112 2611 4148 cur
2635 4095 2937 4166 gentilibus,
2975 4094 3158 4165 quibus
3184 4093 3338 4147 multi
3379 4099 3503 4146 sunt
3537 4089 3706 4154 liberi,
3752 4089 3884 4142 idem

2309 4202 2414 4240 non
2443 4187 2669 4239 eveniret
2705 4201 2724 4250 ,'
2767 4185 3006 4254 quamvis
3035 4183 3231 4237 nemini
3261 4196 3478 4252 prorsus
3509 4181 3879 4252 cogitationem

2310 4278 2448 4330 hanc
2475 4276 2820 4345 aperuissem,
2853 4274 2946 4328 ille
2985 4283 3162 4328 tamen
3210 4274 3552 4343 cogitationes
3581 4272 3749 4326 animi
3792 4273 3889 4326 mci

2314 4367 2705 4436 introspiciens,
2736 4367 2946 4436 scripsit
2986 4365 3056 4418 ad
3098 4381 3202 4419 me.
3234 4373 3292 4419 ut
3338 4364 3402 4418 ab
3442 4364 3518 4417 his
3557 4363 3886 4434 cogitationi-

627 4458 906 4521 inusitata,
935 4458 1316 4530 stupendaque
1348 4459 1610 4513 miracula
1645 4470 1702 4514 et
1733 4459 2042 4514 inauditum
2069 4463 2197 4516 vita:
2238 4439 2276 4492 θ
2309 4458 2403 4512 bus
2461 4457 2779 4512 abstinerem
2801 4475 2820 4524 ;
2860 4458 3051 4527 quippe
3093 4473 3210 4527 qua:
3249 4456 3668 4526 haudquaquam
3714 4453 3885 4525 place-

626 4549 939 4604 institutnm
966 4549 1298 4617 continenti,
1333 4551 1628 4617 conciliat;
1658 4567 1782 4606 cum
1803 4551 2026 4605 vixdum
2051 4567 2200 4606 mor-

627 4653 783 4701 tutum
813 4642 994 4698 Sancti
1031 4643 1404 4714 appellatione
1458 4661 1564 4698 non
1618 4645 1836 4700 dubitat
1892 4645 2200 4710 honorare;

623 4748 751 4789 cum
795 4733 947 4786 illum
1004 4741 1221 4786 cunctos
1264 4735 1347 4786 sui
1402 4734 1652 4802 temporis
1704 4731 1954 4786 mortales
2010 4733 2201 4785 virtute

623 4827 777 4896 longe
799 4842 1096 4896 superasse,
1131 4827 1486 4896 pronuntiat;
1530 4840 1654 4880 Cum
1682 4824 2011 4879 miraculum
2060 4825 2112 4878 in
2144 4839 2202 4879 se

622 4918 852 4981 factum,
889 4918 1034 4972 idem
1075 4917 1222 4988 quod
1258 4919 1312 4972 in
1337 4919 1458 4973 Vita
1493 4935 1546 4972 ιι.
1581 4918 1690 4973 238
1728 4918 1975 4986 ponitur,
2034 4931 2200 4970 enar-

623 5016 728 5060 rat.
756 5005 942 5075 Neque
969 5017 1150 5060 tamen
1178 5021 1266 5060 om
1294 5023 1382 5064 tu“.
1417 5021 1538 5075 qua:
1585 5005 1653 5060 de
1712 5014 1896 5059 sancto
1947 5004 2204 5076 Symcone

625 5099 714 5151 hic
742 5097 931 5156 refert.
959 5097 1356 5167 complectitur
1385 5098 1509 5151 Vita
1539 5111 1726 5153 nostra
1755 5115 1769 5163 ;
1798 5097 1999 5152 desunt
2027 5097 2206 5168 plera-

622 5201 731 5255 que
763 5203 774 5237 :
815 5197 978 5255 atque
1031 5187 1156 5241 ideo
1192 5188 1542 5257 potissimum
1580 5205 1645 5243 ea
1703 5189 1921 5252 damus,
1952 5204 2020 5243 ne
2068 5187 2201 5258 quid

621 5278 761 5333 scitu
789 5277 1014 5347 dignum
1059 5289 1440 5345 praetereatur.

693 5370 783 5423 55.
817 5369 957 5424 Audi
1001 5370 1168 5442 igitur
1205 5370 1384 5441 ipsum
1414 5371 1512 5426 lib.
1562 5389 1616 5435 v,
1676 5387 1728 5427 c.
1771 5371 1863 5434 ει,
1908 5372 2054 5426 inter
2097 5371 2203 5426 alia

629 5460 784 5531 signa
848 5477 970 5530 qute
1023 5461 1280 5516 Mauritio
1319 5463 1614 5533 imperium
1667 5462 2086 5533 portenderent,
2123 5463 2202 5517 sic

621 5550 941 5621 loquentem
968 5571 981 5606 :
1019 5553 1250 5624 Denique
1283 5553 1532 5625 ngeon,
1570 5556 1661 5624 qui
1677 5556 1840 5624 juxta
1880 5555 2060 5608 urbem
2089 5555 2201 5609 An-

622 5643 871 5696 tiochiam
893 5660 1051 5714 super
1070 5644 1314 5698 columna
1369 5654 1516 5700 stans
1549 5648 1709 5700 citam
1776 5647 1967 5715 exegit,
2020 5647 2100 5700 vir
2133 5646 2203 5699 ad

621 5748 704 5786 res
738 5735 996 5804 gerendas
1029 5737 1332 5807 aptissimus
1354 5779 1368 5801 ,
1397 5745 1445 5789 et
1478 5737 1675 5790 cunctis
1705 5737 1893 5790 divinis
1925 5736 2201 5790 virtutibus

2310 4559 2427 4606 rent
2479 4551 2609 4606 Deo.
2640 4551 2812 4615 Idem,
2845 4567 2963 4605 cum
2995 4550 3150 4604 uxori
3170 4549 3450 4621 cujusdam
3487 4563 3552 4601 ea:
3580 4547 3708 4601 meis
3732 4562 3881 4598 ama-

2309 4643 2595 4698 nuensibus
2627 4653 2742 4713 post
2771 4652 2983 4713 partum
3040 4639 3124 4694 lac
3165 4640 3489 4694 obstructum
3524 4646 3679 4703 esset,
3715 4647 3762 4690 et
3806 4637 3884 4690 in-

2309 4734 2426 4805 fans
2455 4735 2506 4788 in
2536 4750 2742 4788 summo
2773 4734 3076 4788 discrimine
3126 4739 3431 4786 versaretur
3459 4745 3478 4795 ;
3509 4735 3753 4783 contacta
3789 4728 3885 4781 eiii

2313 4826 2552 4890 dextera,
2580 4826 2850 4896 praecepit,
2882 4833 2940 4878 ut
2965 4840 3081 4877 eam
3103 4824 3340 4894 conjugis
3372 4837 3484 4877 sure
3508 4817 3762 4874 mamillis
3786 4821 3882 4871 iut-

2307 4926 2542 4987 poneret.
2577 4915 2692 4982 Quo
2723 4917 2884 4986 facto,
2908 4917 3088 4970 statim
3123 4914 3207 4969 lac
3228 4914 3384 4985 quasi
3407 4928 3471 4967 ea:
3490 4911 3722 4982 quodam
3750 4909 3883 4980 [ante

2310 5007 2558 5078 prosiliit,
2618 5007 2748 5062 adeo
2791 5015 2846 5060 ut
2889 5014 3054 5060 totam
3091 5003 3330 5060 mulieris
3356 5013 3551 5058 uestem
3594 5000 3879 5070 madeface-

2309 5107 2409 5153 ret.
2435 5097 2538 5153 Sed
2567 5107 2616 5152 et
2639 5113 2861 5168 puerum
2883 5097 3187 5168 quemdam,
3211 5105 3362 5151 nocte
3381 5097 3695 5166 intempesta
3729 5113 3762 5150 ο
3798 5110 3879 5148 co-

2311 5191 2516 5245 mitibus
2570 5191 2773 5244 itineris
2822 5205 2916 5262 per
2951 5189 3261 5244 oblivionem
3292 5187 3536 5242 relictum
3565 5189 3618 5241 in
3669 5188 3773 5252 eia,
3801 5187 3877 5242 leo

2313 5280 2618 5348 impositum
2652 5282 2808 5334 dorso
2837 5295 2932 5333 suo
2961 5279 3031 5332 ad
3058 5277 3330 5350 ngeonis
3370 5281 3748 5333 monasterium
3769 5295 3882 5347 por-

2312 5371 2481 5434 tavit;
2507 5379 2556 5423 et
2570 5371 2792 5441 jubente
2819 5369 3079 5444 ngcone
3125 5371 3319 5442 egressi
3361 5371 3616 5435 ministri,
3648 5385 3875 5440 puerum,

2311 5463 2400 5532 qui
2427 5481 2458 5517 a
2491 5462 2639 5516 leone
2661 5464 3085 5528 custodiebatur,
3111 5465 3546 5518 introduxerunt.
3563 5460 3734 5517 ικιω
3758 5475 3878 5533 φωρ

2309 5569 2408 5624 que
2443 5554 2574 5620 alia,
2605 5557 2917 5610 memoriam
2971 5572 3177 5609 omnem
3224 5556 3557 5625 superantia,
3597 5553 3734 5608 idem
3767 5567 3872 5622 ges-

2310 5647 2396 5707 sit,
2431 5663 2548 5715 qua.‘
2579 5655 2626 5700 et
2669 5645 2908 5718 linguam
2953 5647 3228 5711 disertam,
3257 5655 3305 5699 et
3332 5646 3521 5711 otium,
3553 5655 3602 5698 et
3629 5647 3874 5717 peculiare

2312 5753 2436 5807 opus
2479 5738 2781 5792 desiderant
2819 5753 2838 5792 :
2882 5754 3101 5808 quisque
3139 5739 3376 5794 omnium
3417 5753 3549 5808 pene
3580 5737 3870 5794 mortalium
