4118 6468
295 344 427 408 2981

1446 353 2048 415 COMMENTARIUS
2087 355 2456 416 PlirEVlUS.

3421 365 3566 431 2932
3585 413 3588 416 ~

294 459 490 528 linguis
521 457 874 513 celebrantur.
915 461 1160 515 Omnium
1196 463 1334 519 enim
1375 463 1654 515 nationum
1706 462 1872 515 homi-
1905 465 1952 522 Α
1980 477 2118 518 sum.
2154 461 2408 532 maligne,
2434 472 2483 516 et
2529 479 2685 518 curre
2736 467 2789 519 in
2835 471 3084 539 ﬂammas
3114 473 3272 552 ignis,
3296 492 3563 544 arsurus;

286 561 408 610 nes,
443 563 548 600 non
588 547 820 603 Romani
859 549 1054 612 solum,
1085 568 1265 604 verum
1315 555 1478 605 etiam
1531 551 1768 616 barbari,
1805 553 1874 605 ad

281 655 410 692 eum
435 640 804 704 uentitabant;
837 651 885 694 et
931 658 1251 712 quacunque
1294 641 1728 713 postulaverant,
1772 645 1875 697 im-

279 730 592 797 petrabant.
626 729 736 783 Pro
776 731 886 784 cibo
936 741 1112 784 autem
1161 751 1224 786 ac
1275 742 1401 802 potu
1457 735 1504 786 ei
1557 736 1702 803 fuere
1733 739 1872 788 rami

279 821 566 890 cujusdam
624 821 871 890 fruticis,
934 823 1121 892 quieo
1175 825 1231 876 in
1291 832 1468 878 monte
1529 827 1868 900 ngscebatur.

280 910 594 980 Utrumque
627 911 778 967 hunc
809 912 1027 983 Evagrii
1072 914 1256 968 locum
1290 917 1576 969 transtulit
1599 917 1766 971 etiam
1800 916 1870 970 ad

278 1016 380 1064 se,
453 1001 682 1056 totidem
734 1018 874 1072 pene
931 1001 1154 1066 verbis,
1203 1004 1554 1074 Nicephorus
1611 1005 1869 1062 Cailisms

279 1092 322 1146 ι.
365 1109 516 1154 xvm.
555 1109 605 1148 c.
636 1094 666 1147 7
697 1106 755 1150 et
787 1095 879 1150 24.

265 1251 444 1323 5N1].
474 1253 596 1308 Alia
627 1255 689 1307 de
715 1255 894 1308 eodem
927 1256 1312 1326 memorabilia,
1339 1273 1402 1310 ex
1426 1257 1624 1326 synodo
1647 1257 1867 1314 Nictena

568 1341 623 1385 11,
666 1334 717 1377 et
749 1333 934 1378 sancto
963 1325 1173 1379 Joanne
1230 1325 1578 1381 Damasceno.

362 1433 465 1489 Hic
488 1450 709 1504 quoque
760 1439 1139 1507 paragraphus
1190 1440 1384 1502 eodem
1418 1440 1604 1503 faciet,
1637 1457 1749 1510 quo
1774 1457 1868 1496 su-

279 1524 513 1594 perior:
549 1526 808 1581 videlicet
840 1538 899 1582 ut
943 1544 1010 1582 eo
1043 1531 1268 1600 majoris
1327 1532 1681 1587 auctoritatis
1729 1549 1865 1588 ceno

279 1626 474 1670 scatur
498 1631 618 1671 esse
646 1618 788 1680 Vita,
822 1635 933 1689 quo
965 1621 1250 1690 graviores
1286 1634 1418 1676 sunt
1447 1633 1702 1677 auctores
1728 1665 1741 1687 ,
1766 1625 1861 1694 qui

272 1719 381 1758 sua
405 1743 420 1769 ,
479 1705 523 1758 si
554 1721 661 1760 non
687 1722 752 1762 ex
778 1708 889 1770 illa.
927 1719 1078 1763 certe
1104 1711 1296 1766 eadem
1327 1727 1451 1765 cum
1481 1714 1594 1766 illic
1634 1724 1863 1770 conten-

272 1797 368 1861 tis,
404 1797 722 1852 lestimonia
783 1801 1198 1870 prompse‘runt.
1266 1806 1344 1858 Ac
1391 1807 1571 1874 primo
1632 1808 1855 1876 quidem
1893 1801 1933 1856 Β

268 1887 520 1958 synodus
580 1890 799 1945 Nicama
831 1907 889 1956 ιι,
934 1895 1210 1963 generalis
1269 1913 1362 1961 vn,
1416 1914 1506 1952 an.
1560 1900 1682 1963 787,
1747 1899 1856 1954 lla-

268 1979 476 2034 driano
503 1980 521 2034 l
552 1995 688 2049 papa
712 2022 727 2046 ,
763 1981 1131 2037 Constantino
1166 1995 1329 2055 atque
1357 1987 1513 2041 lreue
1554 1989 1856 2057 imperato-

275 2071 459 2138 ribus,
521 2075 795 2129 cclebrata
863 2086 1056 2132 Contra
1112 2078 1505 2143 lconoclastas,
1558 2083 1774 2136 actione
1799 2085 1854 2148 lt,

275 2162 333 2216 in
357 2163 604 2219 editione
625 2164 1045 2222 Graico-Latina
1076 2169 1302 2238 Lalrbei,
1333 2175 1413 2228 sic
1439 2175 1685 2242 loquitur
1717 2194 1728 2228 :
1763 2175 1857 2228 Jo-

269 2251 421 2319 seplt,
456 2255 918 2309 reverendissimus
958 2261 1244 2314 monachus
1286 2270 1333 2313 ct
1364 2262 1698 2334 Hegumenus
1739 2284 1852 2318 mo-

269 2341 496 2392 nasterii
539 2340 822 2408 Heraclia',
883 2346 1016 2400 dixit
1052 2362 1069 2398 :
1100 2346 1166 2400 Et
1225 2365 1316 2418 ego
1367 2362 1609 2418 peccator
1661 2353 1853 2407 librum

267 2434 403 2498 fero,
440 2434 793 2486 continentem
848 2435 1020 2490 Vitam
1056 2441 1228 2491 sancti
1273 2438 1548 2510 ngeonis
1592 2443 1850 2498 Mirubilis

264 2521 483 2585 Montis,
503 2533 552 2576 et
573 2526 853 2590 utjubetis.
885 2525 1085 2581 Sancta
1134 2533 1363 2599 synodus
1397 2532 1528 2584 dixit
1558 2533 1850 2603 :Legatur.

270 2613 341 2666 Et
379 2616 636 2683 accipiens
671 2614 910 2683 Cosmus,
944 2619 1054 2672 Deo
1086 2621 1329 2675 amabilis
1367 2623 1618 2678 diaconus
1669 2637 1716 2678 et
1741 2626 1850 2680 Cu-

261 2703 543 2766 buclesius,
589 2705 730 2787 legit.
771 2708 854 2761 Ea:
878 2708 992 2763 Vita
1026 2715 1198 2764 sancti
1225 2711 1405 2766 Patris
1437 2717 1606 2768 nostri
1633 2711 1852 2787 δῃωσὸ-

266 2795 351 2846 nis
383 2775 866 2853 Mirabilisjlontis
895 2800 1188 2869 capitulum
1220 2804 1342 2866 H8,
1370 2804 1446 2858 De
1468 2775 1705 2874 femina“,
1731 2825 1851 2878 quae

273 2883 557 2955 Rhosapoli
587 2888 783 2942 sterilis
817 2900 957 2955 erat,
993 2891 1172 2945 valido
1205 2894 1462 2948 dtemonio
1494 2914 1696 2966 pressa,
1733 2917 1848 2969 qua:

264 2994 407 3030 sana
433 2989 482 3032 et
518 2981 742 3049 fecunda
773 2983 938 3051 facta,
969 2985 1255 3054 imaginem
1291 2987 1430 3040 Iusti
1467 2990 1714 3059 imposuit
1748 2993 1845 3043 do-

260 3069 338 3122 mi
357 3085 616 3138 suat,un
633 3072 910 3142 magniﬁce
930 3075 1190 3128 miracula
1218 3078 1554 3145 operabatur.
1584 3078 1847 3145 Quamvis

1976 562 2026 603 et
2055 552 2135 620 fer
2168 569 2363 627 aquam
2403 563 2454 606 et
2479 555 2666 625 collige
2690 557 2856 627 ligna.
2895 559 2958 614 Et
2990 564 3193 625 statim,
3235 566 3398 621 veluti
3430 585 3559 623 ven-

1943 651 2077 718 ‘tus,
2111 661 2329 698 currens
2361 655 2409 698 et
2448 649 2776 702 vehementer
2801 661 3038 708 wstuans
3083 656 3288 710 daemon
3309 699 3324 724 ,
3355 667 3403 712 et
3451 662 3560 716 tol-

1973 731 2088 786 lens
2119 736 2174 786 in
2206 735 2426 789 muliere
2452 742 2766 807 amphoram
2797 761 2971 812 aquis,
2997 749 3343 816 minabatur;
3377 762 3426 806 et
3462 755 3562 808 im-

1971 821 2169 890 pletam
2199 824 2374 889 illam,
2407 835 2455 880 et
2481 828 2704 884 collecta
2734 833 2797 886 de
2824 835 2959 890 silva
3015 836 3408 909 ligna’attulit,
3436 847 3556 914 eju-

1973 913 2089 967 lans
2117 927 2163 968 et
2182 916 2358 971 dicens
2384 934 2401 971 :
2431 919 2516 974 Va:
2531 924 2655 977 mihi
2683 925 2822 978 malo
2849 944 2995 983 servo
3013 947 3077 984 ac
3101 934 3361 990 inventori
3388 939 3559 992 malo~

1972 1020 2088 1058 rum
2116 1007 2136 1060 ,ν
2151 1010 2276 1077 quid
2302 1027 2486 1078 passus
2509 1029 2627 1068 sum
2655 1016 2835 1070 ?Nam
2864 1038 2894 1073 ιι
2923 1024 3148 1076 muliere
3193 1043 3308 1080 mea
3337 1039 3556 1098 separat

1971 1112 2054 1149 me
2070 1109 2282 1153 sanctus
2311 1099 2556 1171 Symeon,
2604 1116 2650 1158 et
2686 1108 2811 1176 quid
2866 1109 3062 1176 faciam
3101 1113 3284 1182 infelix
3311 1157 3325 1180 ,
3359 1119 3552 1176 nescio.

2045 1234 2134 1287 38.
2170 1235 2264 1288 llis
2303 1245 2481 1290 autem
2529 1240 2678 1295 dictis
2702 1259 2882 1296 coram
2926 1247 3141 1316 populo,
3186 1254 3276 1320 qui
3301 1270 3555 1310 convene-

1969 1334 2095 1386 rat;
2131 1338 2408 1394 postquam
2461 1329 2769 1396 adimplevit
2820 1337 3204 1404 ministerium,
3263 1347 3402 1412 quod
3452 1349 3551 1402 sibi

1967 1413 2142 1482 fuerat
2190 1417 2508 1484 imperatum
2534 1458 2546 1479 ,
2578 1421 2828 1477 clamavit
2889 1427 3116 1483 altisoue
3140 1473 3154 1496 ,
3221 1434 3551 1505 loquens;et

1971 1508 2235 1572 aspiciens
2265 1517 2448 1562 contra
2474 1527 2528 1564 se
2551 1515 2763 1568 veniens
2783 1518 2964 1587 fulgur
3004 1523 3138 1591 ignis
3167 1565 3180 1586 ,
3214 1527 3458 1582 currebat
3493 1536 3548 1586 in

1968 1595 2191 1648 muliere
2236 1600 2641 1667 per‘circuitum
2672 1615 2843 1661 status
2876 1611 3008 1677 ejus,
3042 1614 3333 1683 plurimum
3373 1630 3422 1672 et
3451 1624 3549 1676 do-

1966 1683 2134 1737 lenter
2173 1691 2483 1754 cruciatus;
2540 1704 2586 1744 et
2617 1697 2797 1749 taliter
2854 1703 3092 1766 protinus
3127 1707 3253 1759 exiit
3283 1726 3299 1762 :
3331 1721 3378 1763 et
3431 1731 3546 1766 mu-

1965 1775 2091 1830 liere
2142 1782 2367 1848 pristino
2408 1786 2582 1838 ordini
2624 1792 2888 1855 restituta,
2939 1795 3136 1850 dimisit
3167 1816 3281 1855 eam
3316 1803 3541 1875 SymeO‘t

1961 1883 2190 1934 sanam;
2229 1872 2405 1926 dicens
2441 1877 2508 1928 ad
2550 1875 2703 1930 illam
2738 1897 2756 1932 :
2796 1881 2956 1949 Vade,
2992 1887 3202 1953 mulier,
3229 1895 3282 1946 in
3323 1897 3538 1952 domum

1960 1966 2105 2012 tuam
2149 1970 2196 2013 et
2251 1965 2491 2017 cohabita
2536 1986 2652 2020 cum
2681 1972 2791 2024 viro
2819 1984 2944 2038 tuo;
3001 1995 3114 2032 ecce
3161 1985 3302 2038 enim
3341 1988 3536 2042 direxit

1957 2046 2215 2103 Dominus
2239 2068 2330 2104 cor
2365 2056 2499 2122 ejus.
2534 2067 2586 2107 ut
2619 2064 2836 2129 recipiat
2873 2072 2922 2116 te
2953 2085 3069 2121 cum
3105 2073 3300 2139 gaudio
3323 2093 3534 2145 magno.

1959 2135 2109 2201 Quod
2139 2149 2186 2192 et
2219 2142 2416 2208 factum
2474 2156 2568 2199 est.
2635 2149 2872 2222 Cumque
2905 2157 3001 2210 illa
3060 2135 3269 2216 reversa
3325 2135 3534 2234 fuisset,

1955 2230 2133 2281 statim
2194 2242 2390 2285 rectum
2433 2236 2628 2302 factum
2661 2252 2735 2293 est
2768 2260 2858 2296 cor
2889 2249 2988 2299 viri
3017 2251 3099 2301 sui
3119 2252 3189 2303 ad
3212 2254 3535 2325 diligendum

1956 2334 2107 2383 eam';
2130 2330 2179 2372 et
2209 2326 2262 2376 in
2276 2341 2483 2393 gressus
2517 2341 2588 2382 est
2631 2336 2700 2385 ad
2728 2334 2899 2402 illaut,
2926 2350 2972 2391 et
3001 2344 3272 2412 confestim
3303 2357 3535 2423 concepit

1955 2411 2009 2462 in
2031 2422 2179 2466 utero
2209 2433 2225 2467 :
2259 2425 2304 2468 et
2337 2421 2595 2488 completo
2623 2442 2764 2479 anno
2791 2429 3026 2499 tulerunt
3082 2453 3303 2504 puerum
3331 2446 3400 2496 ad
3419 2463 3536 2499 ser-

1955 2517 2074 2554 vum
2130 2504 2241 2565 Dei,
2271 2507 2549 2564 laudantes
2581 2523 2629 2564 et
2673 2518 3030 2586 gloriﬁcantes
3064 2527 3246 2584 Deum.
3272 2532 3403 2588 Cum
3438 2555 3536 2590 ou—

1956 2600 2058 2644 tem
2102 2596 2448 2664 complessent
2495 2607 2791 2660 orationem
2844 2628 3018 2672 suout.
3051 2627 3098 2669 et
3148 2622 3425 2679 rediissem
3462 2629 3533 2681 ad

1956 2685 2224 2751 propriam
2257 2689 2490 2752 domum,
2517 2699 2680 2748 erexit
2707 2700 2897 2752 mulier
2917 2702 3023 2768 ﬁde
3066 2707 3219 2762 ducta
3244 2713 3531 2782 imaginem

1954 2769 2136 2828 Sancti
2159 2781 2213 2829 in
2239 2779 2479 2832 interiori
2511 2785 2667 2838 domo
2694 2805 2790 2842 sua
2821 2808 2838 2843 :
2873 2809 2990 2861 quis
3018 2799 3340 2865 operabatur
3364 2807 3532 2860 mira-

1951 2864 2091 2928 cula,
2121 2867 2429 2924 obumbrata
2454 2872 2652 2943 Spiritu
2686 2882 2774 2948 qui
2801 2864 3072 2940 habitabat
3115 2893 3167 2943 in
3196 2893 3392 2950 Sancto
3428 2916 3445 2952 :
3481 2907 3530 2954 et

1951 2970 1982 3004 α
2008 2954 2263 3009 (ίιειηοηίέι
2295 2963 2468 3013 murti
2491 2968 2912 3024 emundabantur
2953 2976 3082 3041 illic,
3138 2991 3187 3032 et
3249 3001 3313 3037 ex
3369 2990 3533 3044 variis

1951 3047 2282 3110 passionibus‘
2315 3051 2575 3117 inﬁrmati
2617 3063 2961 3118 curabuntur.
2998 3066 3057 3120 In
3093 3073 3276 3137 quibus
3316 3087 3363 3130 et
3422 3095 3530 3136 una

259 3166 453 3212 autem
511 3132 672 3215 tidem
722 3132 1081 3219 'miraculum
1146 3132 1285 3222 intra
1333 3185 1555 3240 quoque
1594 3132 1662 3225 in
1726 3174 1846 3227 Vita
1878 3132 1919 3188 Ο
1954 3137 2176 3194 milia“
2206 3141 2410 3240 Ῐῐατυξη
2432 3150 2707 3240 ξίῖηεῖυίηίε
2734 3153 3058 3211 ίηαδεαητεν
3089 3179 3183 3230 Per
3227 3170 3529 3235 ,(Ιυίηάεείιη

261 3263 321 3300 n.
361 3247 460 3301 123
496 3250 790 3317 referatur,
821 3254 951 3323 quia
989 3265 1170 3311 tamen
1203 3258 1544 3328 aliquantum
1570 3261 1846 3316 discrimi-

258 3337 352 3391 nis
379 3338 694 3404 intercedit,
721 3345 998 3413 praecipue
1046 3347 1226 3414 quoad
1274 3349 1520 3418 phrasin,
1551 3361 1715 3421 atque
1752 3353 1837 3406 iu-

262 3443 436 3497 snper
505 3433 892 3487 auctoritatem
967 3437 1167 3504 accipit
1222 3437 1364 3492 liber
1423 3448 1568 3494 totus
1630 3458 1694 3496 ex
1741 3443 1843 3497 hac

259 3529 431 3574 tantm
474 3522 665 3591 synodi
699 3524 926 3593 probata
959 3529 1301 3594 narratione,
1342 3531 1517 3585 videri
1549 3548 1844 3602 possumus

256 3619 447 3664 actum
475 3627 584 3665 non
623 3628 805 3684 agere,
839 3616 882 3669 si
923 3618 1067 3670 illam
1127 3622 1507 3676 narrationem
1556 3611 1648 3677 hic
1702 3625 1839 3694 adji-

251 3691 493 3756 ciamus.
520 3703 610 3758 Sic
659 3705 828 3774 igitur
863 3708 1155 3763 lectionem
1203 3726 1357 3766 suam
1405 3725 1840 3783 prosecutusest

252 3792 488 3846 Cosmus
522 3794 816 3849 diaconus:

331 3884 420 3937 57.
449 3883 642 3937 Mulier
664 3886 909 3956 quadam
940 3898 1055 3941 erat
1100 3887 1381 3960 Ithosopoli
1414 3890 1635 3957 Ciliciae,
1673 3894 1837 3949 Theo-

257 3983 415 4028 tecna
460 3976 783 4046 dicta,.quw
821 3978 1153 4034 habitaverat
1208 3998 1325 4036 cum
1382 3985 1493 4038 viro
1543 4003 1639 4040 suo
1680 3989 1836 4042 annis

248 4066 462 4134 viginti,
496 4075 546 4119 et
595 4066 772 4134 [ilium
835 4085 940 4122 non
989 4072 1188 4125 habuit.
1222 4071 1452 4146 Contigit
1515 4087 1692 4132 autem
1715 4098 1834 4137 eam

250 4157 419 4209 etiam
453 4174 484 4207 ο
508 4158 798 4212 dwmonea
834 4162 1060 4228 pueritia
1099 4166 1300 4227 vexari,
1331 4174 1382 4216 et
1433 4168 1684 4220 mandere
1733 4168 1837 4222 lin-

249 4261 439 4316 guam.
475 4245 565 4300 Vir
598 4256 774 4302 autem
801 4251 936 4319 ejus,
966 4251 1110 4306 ultra
1139 4270 1243 4307 non
1267 4257 1444 4310 valens
1473 4260 1691 4328 sufferre
1734 4262 1834 4314 tri-

259 4337 549 4393 bulationis
603 4341 717 4410 ejus
770 4345 1098 4413 angustiam,
1127 4348 1324 4401 dimisit
1390 4349 1541 4403 illaut
1590 4367 1621 4403 a
1679 4352 1832 4406 domo

246 4446 375 4494 sua,
409 4440 459 4484 et
486 4449 579 4501 per
610 4443 840 4500 quatuor
869 4452 1036 4490 annos
1064 4453 1182 4490 cum
1203 4437 1353 4492 nulla
1392 4450 1466 4494 est
1504 4442 1700 4510 fentina
1747 4461 1833 4496 so-
1865 4455 1908 4511 ι)
1939 4449 2069 4504 lium
2107 4454 2382 4523 cﬂ'ectoris,
2413 4466 2659 4516 narratio

246 4522 445 4576 ciatus.
486 4522 592 4577 Illa
652 4541 776 4579 vero
833 4528 1044 4582 invento
1082 4532 1335 4584 comitatu
1371 4534 1604 4603 confugit
1630 4536 1701 4588 ad
1727 4535 1828 4588 Ju-

244 4621 411 4668 stum.
444 4610 576 4668 Cum
627 4626 804 4670 autem
836 4621 1048 4673 vidisset
1082 4639 1199 4676 eum
1234 4625 1462 4692 da’mon,
1489 4630 1672 4681 statim
1725 4630 1831 4698 fre-

246 4706 386 4757 muit
425 4713 473 4758 et
508 4708 852 4776 torquebatur
898 4726 1076 4766 coram
1108 4730 1201 4773 eo.
1225 4717 1402 4770 videns
1436 4735 1552 4772 cum
1610 4719 1831 4773 muliere

243 4795 582 4862 spiritualem
625 4799 738 4869 ejus
784 4803 1090 4873 imaginem,
1117 4806 1371 4860 dicentem
1397 4811 1628 4863 humana
1663 4827 1784 4864 voce
1811 4829 1829 4863 :

241 4881 519 4951 Separabo
559 4894 609 4938 te
645 4888 709 4939 ab
747 4905 832 4953 ea,
862 4891 1096 4962 maligne
1135 4901 1184 4946 et
1209 4895 1480 4949 immunde
1512 4898 1748 4963 spiritus,
1781 4906 1828 4950 et

244 4982 540 5025 revertetur
577 4975 647 5028 ad
675 4977 844 5032 virum
877 4996 1050 5045 suum,
1086 4991 1137 5034 et
1176 4985 1424 5053 efficietur
1449 4988 1531 5042 illi
1578 5008 1720 5045 anno
1749 5010 1832 5046 sc-

245 5062 426 5136 qnenti
455 5079 606 5131 puer.
642 5064 708 5118 Et
737 5066 956 5134 ejulavit
995 5071 1312 5129 darmonium
1349 5077 1594 5146 ferociter
1622 5095 1831 5140 contur-

246 5158 427 5206 batum
453 5169 471 5206 :
502 5151 546 5207 Ο
571 5153 819 5210 violentia
854 5160 1106 5216 adversus
1135 5181 1216 5220 me
1247 5168 1266 5219 !
1297 5185 1400 5223 non
1428 5180 1505 5224 est
1534 5183 1684 5228 tuum
1716 5194 1830 5232 ina-

246 5243 488 5295 trimonii
535 5244 822 5301 solutiones
857 5251 1054 5318 efﬁcere
1080 5270 1097 5305 :
1135 5259 1338 5326 utquid
1367 5271 1539 5316 autem
1577 5273 1623 5317 et
1653 5267 1827 5334 ﬁlium

242 5334 313 5384 eis
346 5333 466 5393 das.
491 5353 608 5390 cum
641 5357 672 5392 a
714 5357 794 5393 me
819 5341 991 5408 filium
1029 5347 1241 5402 minime
1279 5352 1458 5420 fecerit
1486 5357 1511 5408 Ρ
1545 5361 1671 5426 quid
1701 5363 1830 5417 mali

243 5423 346 5491 feci
385 5425 508 5490 tibi,
539 5427 620 5518 vel
644 5431 771 5499 quid
800 5437 1011 5502 peccavi
1041 5439 1092 5490 in
1128 5454 1405 5513 conspectu
1431 5423 1692 5520 tum-quia
1741 5471 1829 5507 se-

243 5532 409 5584 paras
435 5535 515 5571 me
539 5508 820 5577 a'muliere
847 5543 960 5580 mea
983 5528 1008 5580 ?
1033 5528 1090 5584 Si
1105 5548 1309 5588 servum
1337 5555 1418 5590 me
1440 5557 1823 5612 comparasses,

243 5605 402 5670 dares
430 5624 510 5662 me
540 5610 766 5678 forsitan
789 5624 837 5667 et
861 5617 912 5670 in
947 5622 1217 5676 servitium
1253 5626 1569 5684 hominibus.
1601 5633 1666 5687 At
1702 5652 1824 5690 vero

239 5695 464 5768 Sgnseon
497 5703 571 5754 ait
597 5718 614 5755 .·
639 5702 775 5768 Quia
806 5707 980 5763 malus
1015 5729 1196 5768 servus
1231 5733 1302 5780 es,
1329 5735 1639 5792 recognosce
1660 5736 1712 5781 te
1744 5731 1826 5799 ip-

1952 3241 2122 3278 annos
2149 3245 2329 3296 passa,
2350 3232 2524 3298 infide
2547 3241 2766 3291 accessit
2790 3242 2861 3294 ad
2883 3246 3164 3302 videndum
3193 3232 3476 3325 imaginem
3503 3279 3521 3324 ,-

1949 3327 1994 3366 et
2027 3319 2271 3370 continuo
2297 3323 2471 3390 ﬂuxus
2501 3330 2657 3379 stetit.
2681 3327 2827 3382 Dixit
2858 3338 2996 3387 enim
3025 3337 3169 3393 intra
3190 3357 3275 3406 se,
3301 3319 3446 3413 quia,
3471 3319 3529 3403 Si

1950 3412 2155 3458 tantum
2181 3408 2357 3461 videro
2399 3412 2794 3470 similitudinem
2843 3423 2978 3489 ejus,
3009 3427 3162 3481 salva
3186 3447 3294 3484 ero.
3315 3408 3324 3413 ⁷
3343 3408 3528 3492 Videns

1948 3503 2125 3548 autem
2178 3501 2316 3566 quod
2350 3505 2639 3558 cxsiccatus
2689 3520 2818 3563 esset
2856 3514 2970 3580 fons
3000 3522 3274 3588 sanguinis
3318 3528 3420 3589 sui,
3454 3530 3526 3581 ad

1947 3587 2209 3642 hominem
2243 3590 2337 3644 Dei
2359 3598 2598 3664 protinus
2646 3607 2896 3667 accurrit,
2926 3608 3157 3664 adorans
3211 3631 3391 3670 coram
3439 3636 3521 3683 eo,

1950 3676 2177 3734 laudans
2219 3693 2267 3735 et
2307 3685 2614 3753 gloriﬁcans
2651 3692 2835 3758 Deum,
2867 3713 2930 3749 ac
2969 3703 3250 3758 enuntians
3288 3708 3522 3764 miracu-

1946 3765 2055 3820 lum
2083 3770 2136 3822 in
2169 3787 2224 3823 se
2256 3784 2637 3843 perpetratum.

2014 3905 2103 3960 39.
2135 3904 2276 3962 Huic
2328 3912 2561 3968 alterum
2624 3917 2794 3975 etiam
2846 3928 3176 3984 inuraculum
3223 3933 3522 4004 subjicitur

1941 4009 2066 4048 cum
2097 3995 2203 4052 hoc
2235 3999 2396 4054 titulo
2421 4021 2432 4055 :
2462 4003 2594 4058 Item
2619 4007 2742 4080 legit
2774 4012 3024 4081 (Cosmas
3048 3995 3344 4096 diaconus;
3369 4030 3519 4085 aliud

1941 4088 2263 4144 miraculum
2321 4098 2497 4149 sancti
2532 4098 2712 4155 Patris
2769 4103 3078 4176 Symeonis:
3133 4088 3390 4188 idemque
3434 4135 3520 4178 est

1938 4179 2082 4246 quod
2111 4177 2336 4239 sanctus
2365 4186 2606 4246 Joannes
2651 4187 3022 4255 Damascenus
3059 4207 3311 4264 oratione
3342 4213 3404 4278 ὅ,
3443 4214 3521 4269 De

1937 4270 2277 4340 imaginibus,
2310 4291 2420 4331 non
2454 4284 2645 4349 procul
2679 4300 2710 4338 a
2739 4287 2843 4342 tlne
2863 4291 3108 4360 adducit,
3142 4303 3364 4368 praefixo
3412 4307 3517 4364 hoc

1941 4361 2142 4416 titulo:
2189 4365 2271 4420 Ex
2314 4367 2427 4422 Vita
2472 4377 2646 4428 sancti
2679 4376 2954 4449 ngeonis
3002 4361 3179 4443 rerum
3231 4361 3518 4454 admirabi-

2706 4468 2926 4558 ilrcadii
2978 4479 3358 4553 archiepiscopi
3411 4486 3514 4558 Cy-

1936 4542 2038 4609 pri,
2072 4543 2390 4601 miraculum
2417 4548 2538 4602 132.
2593 4550 2914 4612 Conferenti
2965 4542 3168 4619 autem
3212 4542 3512 4643 utrumque

1934 4640 2143 4688 textum
2173 4636 2318 4692 inter
2348 4654 2427 4704 se,
2495 4643 2707 4698 nullum
2757 4650 2891 4703 mihi
2951 4652 3184 4712 dubium
3217 4670 3325 4726 est,
3378 4636 3512 4735 quin

1931 4740 1998 4778 ex
2028 4727 2220 4781 eodem
2254 4746 2478 4798 prorsus
2506 4734 2701 4792 Graeco
2725 4739 2836 4796 sint
2881 4749 3154 4813 translati,
3202 4753 3277 4808 ita
3310 4727 3514 4814 convo-

1932 4816 2094 4871 niunt
2150 4821 2503 4891 principium,
2556 4827 2701 4894 linis,
2761 4834 2998 4903 periodi,
3065 4846 3274 4901 omnia.
3323 4847 3513 4909 Sicubi

1933 4907 2074 4962 forte
2108 4909 2330 4966 Graecus
2388 4915 2707 4975 Damasccni
2769 4934 2952 5000 textus
2977 4944 3179 5000 exstat,
3231 4941 3324 5010 qui
3353 4943 3515 5001 nobis

1932 4999 2092 5064 deﬁt,
2119 5005 2504 5074 comprobabit
2528 5011 2695 5068 dicta.
2729 5017 2825 5070 Est
2878 4999 3062 5079 tamen
3111 4999 3283 5086 altera
3309 4999 3510 5102 versio,

1931 5090 2100 5145 altera
2127 5108 2235 5146 non
2260 5098 2420 5163 paulo
2441 5104 2766 5161 concinnior
2787 5110 3228 5188 elegantiorque.
3256 5121 3513 5184 Vidimus

1925 5181 2034 5250 jam
2057 5181 2472 5243 inamoeniorem
2501 5195 2739 5260 concilii,
2765 5204 3028 5259 succedat
3046 5181 3315 5278 placitura
3339 5219 3513 5290 magis

1933 5273 2272 5334 Damasceni.
2299 5279 2486 5351 Neque
2513 5284 2621 5351 hic,
2660 5301 2816 5358 puto,
2841 5273 3067 5364 operam
3102 5304 3375 5372 perdituri
3420 5273 3514 5364 su-

1929 5381 2054 5421 mus
2079 5367 2445 5426 dcscribendo
2481 5376 2623 5434 lianc
2653 5385 3050 5454 narrationem,
3073 5367 3325 5462 quamvis
3361 5414 3513 5455 eam-

1929 5455 2076 5521 dem,
2106 5459 2276 5513 vcrlio
2297 5470 2456 5517 tenus
2476 5464 2588 5521 lere
2619 5479 2828 5526 tantum
2847 5455 3278 5550 discrepantem,
3305 5486 3360 5539 in
3389 5489 3508 5546 Vita

1929 5564 2082 5604 num.
2129 5550 2223 5606 171
2276 5555 2418 5625 stylo
2477 5571 2668 5616 nostro
2718 5565 2953 5632 demus;
3015 5574 3122 5627 erit
3169 5594 3316 5632 enim
3373 5598 3506 5636 usus

1930 5643 2219 5716 utriusque
2250 5665 2373 5704 ιηοκ
2421 5651 2447 5722 §
2479 5668 2595 5724 seq.
2651 5657 2741 5710 Sir.
2771 5660 2939 5729 igitur
2975 5665 3153 5734 titulo,
3183 5672 3292 5741 iam
3344 5689 3511 5746 supra

1932 5735 2190 5805 adducto,
2218 5741 2501 5816 subiungit
2528 5749 2897 5811 Damasccnus
2925 5775 2937 5810 :
