4118 6466
682 506 771 561 40.
798 501 1026 570 Contigit
1053 503 1230 551 autem
1255 491 1363 547 illis

614 603 764 651 cator
792 564 1017 645 civitatis
1045 584 1334 640 Antiochia:
1365 578 1515 649 gravi
1558 573 1797 627 molestia
1834 570 1899 623 ab
1955 564 2190 635 improbo

615 688 850 740 daemone
886 678 1209 748 aﬂiigerrtur
1235 671 1425 739 diuque
1448 673 1757 734 angeretur,
1785 659 1918 713 adeo
1947 663 2003 708 ut
2031 655 2190 724 δικπο-

612 783 845 834 curetur,
878 746 1168 821 interclusa
1205 756 1451 830 spirandi
1476 751 1751 824 facultate.
1794 748 1889 802 Hic
1922 746 2186 815 profectus

613 860 682 913 ad
712 857 990 915 Sanctum,
1028 859 1076 903 et
1124 849 1236 917 ejus
1267 844 1501 915 precibus
1531 840 1820 895 sanitatem
1862 838 1935 890 sic
1978 849 2189 887 assecu-

618 959 722 1010 tus,
754 955 813 1000 ut
839 947 883 997 si
921 942 1049 997 nihil
1078 954 1314 1008 unquam
1345 949 1618 1005 perpessus
1640 936 1809 993 esset,
1840 942 1957 980 cum
1978 927 2032 978 in
2058 939 2186 992 pro-

612 1041 786 1110 priam
829 1036 1043 1088 domum
1092 1029 1345 1104 rediisset,
1368 1033 1425 1077 ut
1459 1022 1600 1094 grati
1641 1018 1806 1075 animi
1840 1014 2189 1086 signiﬁcatio—

614 1104 732 1183 nem
778 1126 951 1187 daret,
988 1125 1040 1175 in
1107 1120 1217 1174 loco
1263 1116 1491 1170 civitatis
1538 1110 1740 1183 publico
1775 1119 1935 1179 atque
1963 1104 2185 1168 illustri,

610 1235 774 1287 supra
804 1216 939 1284 fores
971 1214 1184 1283 ofﬁcina:
1204 1223 1333 1271 suas,
1351 1206 1631 1273 imaginem
1658 1196 2043 1254 statuitjllanc
2063 1193 2189 1264 inﬁ-

613 1282 813 1362 delium
834 1304 1049 1375 quidam
1079 1297 1371 1368 conspicati
1400 1293 1684 1348 luminibus
1717 1300 1766 1345 et
1800 1288 1927 1344 relis
1967 1282 2190 1340 decora—

614 1410 748 1459 tam,
775 1397 885 1451 zelo
906 1393 1073 1465 pleni,
1104 1391 1185 1444 sui
1210 1376 1409 1442 similes
1426 1384 1658 1438 homines
1676 1379 2042 1450 incompositos
2063 1391 2191 1429 con-

613 1489 865 1548 citarunt,
898 1492 955 1535 ut
993 1478 1270 1535 multitudo
1303 1475 1598 1529 conveniret
1646 1471 1959 1539 confusequc
2005 1467 2193 1535 vocife-

617 1587 832 1637 raretur
865 1592 882 1629 :
910 1572 1153 1628 Tollatur
1175 1585 1202 1623 e
1225 1569 1355 1633 vita,
1387 1568 1475 1635 qui
1498 1567 1591 1619 hoc
1618 1563 1756 1633 fecit,
1788 1572 1835 1614 et
1856 1562 2031 1629 imago
2056 1558 2191 1627 deji-

612 1670 808 1721 ciatur.
841 1663 1032 1718 Diuina
1066 1669 1241 1715 autem
1272 1656 1598 1729 providentia
1625 1653 1825 1723 factum
1854 1658 1952 1714 est,
1978 1656 2035 1701 ut
2078 1657 2191 1700 tum

616 1758 757 1811 domi
776 1771 887 1809 sua:
913 1770 1015 1807 non
1038 1736 1686 1825 inveriireturﬁupicbant
1714 1743 1854 1796 enim
1879 1756 1996 1794 eum
2022 1740 2189 1791 inter-

1880 376 1941 435 S.
1983 366 2278 432 SYMEON
2315 359 2618 427 JUNIOR.

1390 489 1662 548 diebus,ut
1693 484 1770 537 vir
1800 480 2014 550 quidam
2043 492 2185 530 mer-
2221 474 2261 533 λ
2292 463 2663 524 scribentem:
2692 461 2845 527 Quod
2873 461 2936 513 de
2958 460 3129 513 codice
3154 456 3370 527 quu‘ris.
3397 466 3459 503 ea:
3480 451 3881 537 quoanrripta

3731 342 3881 404 238$

2293 568 2437 621 sunt,
2466 565 2580 611 erat
2617 552 2899 623 isquidem
2928 552 2981 602 in
3030 547 3354 601 Bibliotheca
3376 530 3735 597 ‘Vallicet'tana
3768 558 3885 593 mn-

2295 649 2417 703 tilus
2468 654 2519 699 et
2577 639 3020 709 ant-Eculovsed
3054 635 3369 690 Laurentius
3422 632 3634 686 Portius
3668 631 3779 696 (est
3834 632 3885 682 is

2293 738 2570 809 Symonis.
2598 734 2691 803 qui
2724 716 3111 801 Dictionarium
3166 726 3440 785 Latinum,
3469 719 3882 777 Greece-barba-

2295 848 2414 886 rum
2465 837 2512 881 et
2560 824 2790 879 litterate
2839 819 3069 876 Parisiis
3122 817 3281 880 1655,
3312 814 3530 877 edidit,
3561 811 3783 869 frater:
3820 817 3882 863 et

2294 935 2449 977 suam
2502 915 2665 970 nobis
2694 926 2919 983 operam
2960 910 3014 963 in
3049 903 3433 961 describendis
3486 901 3640 955 Actis
3671 897 3885 954 (imis

2292 1009 2473 1086 pretio
2504 1005 2787 1065 moderato
2821 999 3044 1064 locavit,
3078 997 3239 1052 istius
3264 993 3547 1048 idiomatis
3574 987 3882 1044 admodum

2294 1080 2562 1171 peritus),
2595 1095 2686 1149 sed
2716 1092 3057 1152 Laurentius,
3087 1087 3288 1157 inquit,
3319 1086 3535 1139 Portius
3557 1082 3648 1150 qui
3673 1080 3882 1133 descri-

2294 1190 2394 1259 psit
2413 1202 2477 1240 ea:
2501 1184 2607 1238 alio
2634 1180 2923 1251 exemplari
2952 1176 3142 1231 ibidem
3176 1184 3400 1244 reperto,
3423 1186 3587 1225 manu
3620 1170 3740 1223 licet
3775 1184 3881 1219 an-

2296 1278 2593 1349 tiquissima
2616 1283 2664 1327 et
2679 1274 2801 1342 jam
2835 1269 3152 1324 exolescente
3178 1267 3444 1336 scriptura
3482 1268 3725 1322 exorato,
3751 1274 3885 1325 snp-

2293 1372 2450 1444 plerit
2502 1385 2606 1422 non
2655 1380 2819 1437 parvo
2847 1361 3025 1417 labore
3055 1375 3148 1413 suo
3183 1354 3321 1428 quod
3350 1352 3553 1416 deerat,
3586 1362 3635 1403 et
3656 1350 3884 1418 integri-

2293 1464 2395 1518 tati
2416 1463 2527 1533 fere
2558 1455 2889 1529 primigenia
2921 1466 3049 1520 opus
3070 1450 3164 1502 hoc
3189 1447 3435 1501 reddidit.
3461 1444 3639 1513 Caput
3663 1450 3880 1500 autem,

2293 1532 2442 1625 quod
2474 1551 2689 1619 reliquo
2721 1544 2940 1615 corpori
2968 1542 3024 1600 in
3048 1540 3239 1596 codice
3275 1538 3517 1593 defuisse
3558 1547 3615 1591 et
3648 1532 3878 1588 aliunde

2294 1644 2610 1714 suppletum
2658 1637 2863 1694 dicitur
2899 1674 2914 1699 ,
2973 1643 3061 1688 est
3114 1630 3207 1684 illa
3262 1643 3388 1698 pars
3433 1625 3651 1695 Prologi
3705 1636 3879 1693 quam

2294 1713 2492 1805 primis
2550 1729 2769 1784 duobus
2814 1723 3065 1782 numeris
3112 1717 3383 1789 complexi
3412 1730 3624 1772 sumus.
3653 1713 3881 1769 Profert

620 1845 814 1914 ﬁcere;
847 1858 967 1896 cum
1006 1839 1143 1893 alius
1183 1817 1332 1893 utiud
1379 1834 1672 1886 clamaret:
1706 1844 1830 1882 nam
1869 1840 2052 1879 eorum
2097 1837 2191 1875 ne-
2221 1809 2269 1868 Β
2297 1804 2563 1895 praeterea
2591 1818 2858 1875 Pessinus
2912 1816 2968 1870 in
3013 1811 3210 1870 eadem
3234 1809 3467 1883 epistola
3494 1821 3658 1862 suum
3686 1805 3759 1860 de
3792 1804 3885 1857 bis

616 1910 783 2003 quitia
812 1931 981 1987 multa
1030 1938 1080 1982 et
1112 1943 1308 1997 magna
1351 1924 1554 1995 eratin
1580 1924 1855 1989 conspectu
1880 1914 1976 1968 Dei
2018 1910 2191 1974 ualde,

618 2038 668 2080 et
695 2028 953 2079 immensa
982 2020 1205 2082 invidia,
1231 2034 1336 2087 qua
1366 2014 1574 2085 quidem
1597 2008 1809 2079 impulsi
1844 2022 1905 2060 eo
1939 2018 2194 2058 conuene—

566 2122 569 2131 '
618 2124 765 2179 runt,
791 2114 1149 2166 existimantes
1195 2123 1252 2161 se
1305 2113 1485 2158 nactos
1517 2116 1626 2155 esse
1675 2097 2022 2157 occasionem,
2088 2109 2195 2162 qua

616 2213 861 2260 sanctum
915 2202 1175 2255 hominem
1223 2196 1580 2267 opprimerent
1633 2198 1683 2243 et
1742 2189 2004 2258 officerent
2041 2186 2196 2254 igno—

618 2298 809 2358 minia,
844 2292 982 2365 quod
1034 2305 1172 2359 saepe
1223 2288 1542 2357 impietatem
1569 2288 1620 2336 et
1678 2295 1909 2334 errorem
1950 2275 2191 2338 illorum,

620 2386 709 2455 qui
729 2364 996 2453 cumipsis
1024 2380 1087 2433 de
1110 2376 1362 2445 religione
1392 2373 1530 2427 male
1568 2372 1859 2432 sentirent,
1893 2364 2197 2434 redargui;-

616 2481 716 2528 set.
751 2470 883 2527 Cum
911 2471 1071 2540 igitur
1105 2473 1315 2519 tantam
1346 2463 1615 2515 insaniam
1664 2458 1896 2512 cohibere
1930 2470 2031 2508 non
2075 2468 2197 2523 pos-

620 2572 762 2626 sent,
794 2560 1006 2615 cuidam
1038 2558 1268 2612 militum
1323 2552 1670 2615 mandarunt,
1728 2555 1782 2601 ut
1832 2546 2029 2617 gradus
2077 2560 2200 2597 con—

621 2654 889 2709 srenderet
918 2659 969 2704 et
1019 2648 1305 2718 imaginem
1338 2644 1660 2696 deturbaret.
1703 2640 1804 2705 Qui
1852 2654 1968 2692 cum
2009 2651 2197 2690 ascen-

621 2747 777 2799 disset
800 2751 848 2795 et
889 2757 1077 2795 manus
1110 2736 1426 2793 extenderet,
1456 2740 1514 2786 ut
1529 2726 1683 2803 j'ussa
1712 2727 2197 2801 perﬁceret.statim

625 2834 839 2891 eollisus
873 2842 971 2895 est,
1004 2846 1031 2882 e
1057 2828 1327 2896 superiore
1379 2823 1490 2875 loco
1555 2820 1801 2889 delapsus
1859 2821 2102 2873 deorsum
2144 2818 2199 2869 in

626 2935 827 2979 terram
851 2941 869 2978 :
902 2934 949 2976 et
984 2933 1206 2989 magnus
1252 2913 1508 2969 tumultus
1543 2914 1600 2965 in
1634 2912 1789 2965 turba
1815 2918 1892 2963 est
1922 2911 2199 2963 excitatus.

638 3012 1067 3084 lnﬂammatique
1118 3010 1483 3082 perrexerunt
1509 3000 1738 3055 alterum
1774 3000 2019 3053 adhibere
2046 3041 2062 3065 ,
2110 2997 2201 3066 qui

640 3122 801 3167 manu
834 3113 1073 3177 protenta
1103 3120 1222 3158 cum
1252 3100 1527 3161 delrahere
1560 3099 1843 3174 i’maginem
1869 3103 1979 3169 ipse
1998 3114 2202 3169 quoque

612 3205 936 3267 'eonaretur,
964 3203 1111 3256 humi
1142 3202 1343 3272 pariter
1373 3200 1572 3269 aﬂictus
1603 3207 1697 3252 est.
1731 3195 1843 3261 Quo
1880 3195 2089 3265 quidem
2124 3192 2205 3261 [ιτα

633 3303 737 3360 cto,
767 3304 906 3347 metu
959 3308 1137 3346 omnes
1167 3291 1457 3361 perterriti,
1489 3289 1658 3342 crucis
1700 3288 1909 3357 signum
1948 3285 2047 3338 sibi
2101 3282 2203 3353 ipsi

632 3392 897 3455 eruperunt
951 3383 1248 3437 admovere.
1276 3380 1465 3435 Verum
1502 3396 1619 3433 cum
1658 3378 1828 3432 adhuc
1852 3375 2089 3443 inﬁdeles
2126 3373 2207 3427 illi

626 3474 946 3536 insanircnt,
978 3473 1192 3525 tertium
1212 3470 1392 3523 eodem
1423 3466 1694 3539 impellere
1717 3482 1819 3520 non
1847 3467 2155 3519 destiterunt
2188 3480 2205 3518 :

635 3567 725 3635 qui
756 3581 873 3617 cum
909 3580 1129 3617 manum
1158 3562 1495 3625 attendisset,
1527 3569 1585 3612 ut
1617 3559 1898 3628 imaginem
1923 3557 2168 3626 dejiceret
2188 3593 2204 3618 ,

636 3657 746 3726 ipse
770 3668 983 3723 quoque
1022 3650 1266 3706 similiter
1312 3649 1633 3718 confractus,
1663 3648 1716 3700 in
1764 3655 1961 3700 terram
1995 3645 2202 3697 decidit.

633 3746 773 3799 Tunc
792 3744 973 3813 ﬁdeles
1005 3758 1205 3803 omnes,
1234 3742 1325 3811 qui
1354 3739 1788 3800 circumstabant,
1812 3752 2035 3806 magnus
2060 3736 2210 3787 inva“

634 3837 702 3891 sit
734 3838 914 3897 timor,
949 3841 998 3886 et
1053 3830 1349 3900 inﬁdelium
1394 3829 1681 3883 cwcitatem
1736 3834 1891 3897 atque
1930 3825 2209 3879 audac.am

634 3926 907 3990 admirati,
923 3924 1210 3994 imaginem
1236 3924 1521 3975 adorantes
1551 3934 1668 3972 cum
1702 3917 2084 3988 precationibus
2103 3917 2211 3969 dis-

634 4023 925 4078 cesserunt.
982 4013 1258 4068 Hactenus
1299 4012 1692 4067 Damascenus.
1719 4008 1980 4063 Recitatis
1996 4009 2147 4062 hisce
2180 4021 2212 4060 a

635 4108 831 4170 Cosma
862 4107 1098 4160 diacono
1128 4119 1311 4158 coram
1343 4102 1599 4157 Patribus
1630 4099 1848 4156 concilii
1894 4098 2211 4163 miraculis,

639 4201 757 4257 lucc
814 4197 1003 4253 statim
1054 4194 1467 4266 subjiciuntur,
1501 4192 1867 4257 illorum,nti
1929 4199 1985 4245 et
2042 4190 2213 4244 totius

636 4291 775 4350 Vitae
806 4298 1028 4351 nostrae,
1057 4287 1217 4340 fidem
1248 4294 1304 4340 et
1326 4285 1710 4339 auctoritatem
1734 4282 1991 4353 augentia
2027 4300 2041 4336 :
2074 4280 2214 4336 Con-

634 4383 904 4441 stantinus
962 4380 1326 4433 sanctissimus
1378 4378 1643 4445 episcopus
1686 4374 2009 4431 Constantius
2053 4372 2214 4443 Cypri

2296 1894 2450 1970 Actis
2501 1910 2795 1989 admodum
2846 1904 3143 1969 laudabile,
3177 1917 3281 1957 nec
3327 1898 3590 1970 ponderis
3641 1894 3879 1951 minoris

2293 2006 2564 2080 judicium
2600 2021 2616 2062 ;
2653 2003 2736 2057 Ea:
2776 2001 2945 2055 animi
2981 1999 3083 2052 mei
3122 1994 3388 2050 sententia
3416 2032 3431 2055 ,
3457 1991 3661 2061 inquit.
3707 1987 3881 2060 profi-

2300 2108 2412 2152 teor
2437 2096 2536 2160 me,
2564 2095 2619 2147 in
2645 2095 2709 2148 iis
2738 2097 2985 2146 accurate
3001 2087 3273 2159 perlectis,
3305 2082 3437 2153 nihil
3454 2083 3555 2135 nisi
3574 2077 3876 2134 verisimili-

2298 2198 2399 2252 ter,
2455 2185 2762 2257 prudenter,
2797 2181 3065 2251 eleganter
3116 2178 3376 2246 scriptum
3434 2174 3758 2227 observasse.
3798 2169 3885 2223 Ea:

2300 2294 2402 2349 quo
2430 2278 2557 2347 capi
2581 2274 2771 2345 legere,
2802 2281 2976 2325 tenere
3011 2284 3093 2323 me
3122 2284 3226 2323 non
3248 2279 3485 2338 poteram
3513 2264 3678 2317 donec
3706 2261 3886 2327 absol-

2300 2385 2497 2424 verem.
2532 2366 2703 2422 Tanta
2730 2372 2845 2418 erat
2885 2360 3173 2431 voluptas;
3208 2374 3302 2411 nec
3334 2358 3509 2411 minor
3540 2363 3735 2409 tenere
3763 2350 3885 2406 reli-

2299 2461 2469 2531 gionis
2498 2440 2706 2520 sensus,
2740 2471 2831 2509 cor
2860 2449 3245 2523 liquefacientis
3275 2439 3440 2518 usque
3472 2447 3542 2501 ad
3586 2446 3879 2516 lacrgmas.

2299 2551 2490 2620 Itaque
2519 2564 2649 2602 rara
2671 2546 2910 2600 existimo
2953 2542 3171 2613 reperiri
3205 2539 3319 2611 ejus
3371 2538 3577 2610 generis
3630 2536 3884 2591 ecclesia-

2299 2643 2435 2697 stica
2465 2646 2828 2699 monumenta,
2855 2649 2973 2706 qua:
2995 2634 3120 2701 ﬁde,
3154 2631 3492 2695 auctoritate,
3522 2628 3881 2682 concinnitate

2302 2731 2717 2803 compositionis,
2750 2722 3168 2788 admirabilitate
3212 2739 3393 2785 rerum
3444 2737 3549 2775 non
3603 2719 3885 2781 incredibi-

2303 2821 2424 2877 liter
2468 2827 2838 2880 narratarum,
2866 2816 2986 2887 pari
3025 2831 3143 2868 cum
3167 2813 3245 2867 his
3271 2812 3413 2867 Actis
3442 2812 3570 2882 jure
3599 2812 3884 2865 editionem

2304 2915 2576 2988 lucemque
2604 2918 2929 2973 mereantur.
2963 2904 3209 2966 Verbum
3240 2907 3328 2965 bis
3369 2922 3480 2964 non
3539 2906 3705 2962 addo.
3731 2903 3885 2961 Belis»

2301 3014 2466 3087 quam
2496 3008 2565 3070 de
2597 3006 2798 3081 se'ipsa
2832 3010 2964 3063 Acta
2999 3006 3161 3062 [idem
3191 3003 3431 3061 facient:
3463 3000 3707 3071 perlege.

2374 3107 2463 3161 η.
2504 3106 2581 3159 De
2609 3110 2837 3159 auctore
2864 3105 3133 3169 quantum
3166 3092 3384 3163 assequi
3415 3093 3580 3156 licet,
3607 3089 3883 3144 dicamus.

2306 3196 2589 3265 Principio
2642 3195 2780 3248 Vita:
2809 3189 3067 3262 praafixus
3095 3192 3216 3242 erat
3242 3185 3335 3239 hic
3371 3183 3587 3243 titulus.
3619 3181 3745 3265 Bia;
3789 3176 3888 3231 καὶ

2307 3252 2554 3342 maintain
2601 3285 2693 3339 τοῦ
2734 3252 2883 3336 ὁσίου
2928 3277 3140 3348 Ιῐατρὸς
3164 3276 3320 3347 ἡμῶν
3344 3272 3571 3344 Συμεὼν
3591 3270 3685 3324 τοῦ
3700 3252 3779 3323 ’ἂν
3800 3268 3881 3336 τῷ

2307 3376 2616 3448 Θαυμαστῷ
2644 3377 2820 3445 Ὄρει,
2854 3371 3236 3441 συγγραφέντα
3266 3367 3415 3438 παρὰ
3445 3364 3762 3434 Νικηφόρον
3790 3362 3886 3415 τοῦ

2306 3472 2624 3538 Μαγίστρου
2660 3465 2989 3535 Ἀντιοχείας
3016 3462 3111 3516 τοῦ
3135 3457 3399 3531 Οὐρανοῦ·
3422 3456 3542 3517 Vita
3573 3465 3621 3509 et
3660 3472 3874 3509 convcr-

2304 3562 2442 3617 satio
2489 3559 2660 3613 sancti
2697 3557 2875 3611 Patris
2920 3556 3086 3607 nostri
3112 3551 3386 3623 Symeonis
3418 3550 3474 3602 in
3519 3547 3695 3602 Monte
3720 3546 3889 3601 Hira-

2308 3650 2420 3714 bili,
2473 3648 2772 3717 conscripta
2804 3664 2837 3699 a
2884 3644 3177 3713 Nicephoro
3242 3638 3500 3709 Magistro
3544 3636 3833 3700 Antiochia:
3867 3675 3882 3699 ,

2311 3743 2510 3799 Caelum
2557 3741 2715 3793 dicto.
2753 3736 2911 3794 Unde
2968 3750 3099 3790 vero
3150 3732 3273 3795 hoc,
3303 3731 3353 3786 ei
3406 3728 3889 3799 cognomentum?

2313 3834 2578 3889 Existimo
2602 3829 2748 3902 quod
2774 3828 2843 3884 ab
2869 3826 3222 3896 eloquentiae,
3256 3839 3423 3895 quam
3461 3823 3515 3877 in
3542 3821 3885 3878 Antiochena

2312 3926 2533 3982 civitate
2584 3921 2805 3992 publice
2854 3917 3248 3990 proﬁtebatur,
3310 3920 3514 3970 ornatu
3576 3910 3885 3981 singulari,

2311 4017 2440 4086 quia
2471 4012 2651 4077 oratio
2692 4012 2814 4082 ejus
2867 4008 3050 4065 omnis
3098 4005 3398 4064 rhetoricis
3464 4003 3791 4063 luminibus.
3828 4011 3887 4055 ut

2314 4108 2515 4162 (-(elum
2574 4104 2770 4167 stellis,
2798 4099 3210 4171 resplendebat.
3242 4096 3419 4151 liabet
3476 4094 3698 4165 quidem
3744 4091 3886 4162 apud

2314 4197 2531 4252 Graecos
2568 4210 2675 4248 vox
2700 4191 2995 4260 Μαγίστηρ
3025 4188 3113 4244 vel
3167 4187 3485 4257 Μαγίστρος
3536 4182 3891 4255 signiﬁcatio.

2316 4302 2440 4343 nem
2470 4285 2636 4341 etiam
2672 4282 2859 4342 aliam.
2890 4291 2952 4336 ut
2981 4280 3053 4336 sit
3105 4279 3300 4336 titulus
3348 4278 3402 4334 in
3439 4276 3565 4331 aula
3600 4278 3890 4345 imperato.

2320 4380 2395 4434 ris
2426 4364 2743 4449 primarius,
2778 4384 2836 4430 et
2862 4373 3116 4430 Caesareo
3160 4370 3466 4444 proximus,
3507 4376 3647 4423 teste
3685 4366 3887 4422 Cedre-

636 4474 808 4533 dixit;
840 4470 965 4524 Haec
997 4469 1225 4539 quidem,
1276 4468 1603 4521 honorabiles
1634 4466 1843 4531 Patres,
1872 4466 1935 4519 de
1985 4467 2062 4520 his
2094 4478 2213 4535 quia
2246 4478 2290 4533 υ
2314 4487 2405 4537 ne,
2440 4484 2611 4540 quare
2647 4467 2812 4523 etiam
2843 4466 3236 4535 imperatorum
3262 4461 3459 4516 fratres
3498 4459 3707 4528 ﬁliique
3764 4471 3887 4512 eum

643 4565 788 4616 lucta:
810 4571 955 4626 sunt,
988 4560 1285 4622 audivimus
1308 4567 1356 4611 et
1396 4558 1675 4612 credimus.

642 4720 829 4792 §Vlll.
869 4717 943 4792 De
965 4716 1143 4792 sancti
1192 4712 1466 4792 Symeonis
1530 4712 1668 4792 Vita,
1714 4712 2136 4792 nunc‘primum
2181 4729 2215 4765 a

856 4788 1002 4841 nobis
1033 4790 1088 4840 in
1122 4784 1293 4838 lucem
1332 4785 1494 4847 edita,
1522 4784 1737 4859 eiusque
1768 4788 1999 4836 auctore.

708 4927 797 4980 ιι.
835 4923 936 4979 Cui
964 4921 1265 4993 plurimum
1291 4920 1427 4979 Acta
1445 4926 1781 4983 sanctorum,
1807 4925 1867 4973 et
1895 4931 1999 4972 nos
2023 4956 2038 4979 ,
2080 4923 2138 4972 et
2157 4925 2215 4972 tu

646 5019 873 5079 Lector,
917 5014 1175 5071 leitum
1212 5011 1495 5068 studiosus
1536 5010 1745 5081 gloriae,
1780 5008 2084 5074 debemus,
2132 5019 2219 5066 est

646 5111 713 5164 ιι.
730 5110 789 5164 P.
807 5109 1006 5163 Petrus
1024 5105 1285 5161 Possinus
1302 5102 1594 5157 Soeietatis
1612 5110 1831 5156 nostras.
1853 5100 2063 5157 Nomen
2086 5117 2215 5172 ego;

644 5209 842 5258 caetera
868 5200 999 5255 libri
1035 5198 1105 5253 ab
1136 5198 1257 5267 ipso
1279 5196 1412 5252 editi
1446 5206 1505 5251 et
1535 5196 1796 5265 frequens
1826 5195 1881 5249 in
1931 5195 2083 5250 hisce
2110 5197 2218 5250 Ac-

644 5292 720 5347 tis
749 5291 1017 5346 memoria
1044 5291 1361 5359 loquentur.
1398 5287 1627 5348 Curavit
1684 5286 1796 5351 ille,
1826 5294 1951 5355 post
2003 5296 2219 5342 nostro-

647 5398 766 5437 rum
795 5380 1127 5437 llenschenii
1161 5388 1326 5448 atque
1382 5376 1744 5447 Papebrochii
1779 5376 2085 5431 discessum
2113 5378 2221 5432 Ro-

648 5490 757 5531 ma.
794 5471 1032 5527 describi
1062 5470 1242 5524 Vitam
1271 5469 1412 5522 hanc
1463 5484 1531 5522 ex
1568 5467 1758 5522 codice
1788 5467 1980 5522 Graeco
2012 5468 2219 5522 Biblio-

656 5566 826 5618 tliecm
846 5562 1234 5625 Vallicellauaz,
1256 5575 1378 5628 qmc
1400 5568 1484 5613 est
1500 5558 1954 5629 Congregationis
1979 5560 2220 5613 Oratorii

658 5657 715 5709 ς.
749 5653 986 5723 Philippi
1049 5651 1221 5706 Nerii.
1260 5651 1365 5703 Sed
1412 5652 1592 5720 ipsum
1642 5651 1825 5718 potius
1854 5650 1920 5704 de
1956 5650 2042 5704 his
2069 5651 2218 5709 audi.

655 5753 853 5800 lutcus
883 5758 1028 5798 anno
1074 5742 1229 5807 1336,
1262 5758 1333 5795 xu
1365 5744 1478 5797 Ital.
1515 5743 1685 5798 Julius
1732 5742 1901 5796 Roma
1933 5740 2095 5806 datis,
2142 5745 2221 5797 sic

2316 4579 2428 4618 non
2491 4558 2769 4630 dedignati
2829 4565 2982 4620 sunt,
3009 4564 3068 4610 et
3123 4555 3231 4609 hoc
3292 4567 3458 4607 sensu
3494 4550 3731 4621 Symeon
3776 4549 3888 4614 ille,

2316 4656 2481 4727 vulgo
2510 4652 2929 4722 Metapbrastes,
2960 4649 3216 4718 Magister
3233 4660 3454 4716 quoque
3480 4644 3664 4698 dictus
3678 4640 3888 4696 est.Ve-

2318 4762 2443 4800 rum
2470 4760 2578 4800 non
2599 4759 2701 4813 pro
2724 4758 2831 4797 una
2864 4743 3089 4797 civitate
3123 4749 3218 4795 aut
3241 4739 3364 4794 loco
3388 4737 3624 4792 dabatur
3646 4733 3738 4788 hic
3759 4732 3887 4787 titu-

2319 4834 2429 4898 lus,
2457 4833 2689 4902 ideoque
2705 4846 2926 4901 semper
2952 4829 3234 4884 invenitur
3254 4827 3374 4882 sine
3396 4822 3667 4893 ejusmodi
3688 4820 3890 4875 addita-

2321 4934 2529 4987 menta,
2560 4938 2703 4993 saepe
2730 4922 2897 4977 etiam
2932 4936 3058 4979 cum
3104 4918 3372 4990 epithetis
3399 4914 3770 4987 ιῐεριδὶὲπτου
3799 4920 3890 4967 aut

2322 5014 2685 5087 Περιφανοῦς,
2732 5014 3015 5082 Conspicui
3066 5011 3153 5067 vel
3207 5009 3462 5066 Illnstris.
3504 5006 3606 5061 llic
3640 5020 3773 5058 vero
3799 5001 3890 5057 Ni-

2321 5112 2573 5178 cephorus
2598 5120 2858 5177 expresse
2880 5103 3086 5159 dicitur
3113 5102 3366 5172 Magister
3413 5097 3703 5159 Antiochia
3727 5095 3885 5151 :soli-

2322 5210 2406 5257 tas
2438 5211 2622 5255 autem
2645 5197 2902 5253 civitates
2933 5193 3205 5265 ejusmodi
3235 5189 3548 5262 primariae.
3578 5187 3759 5257 qualis
3782 5188 3887 5240 An-

2323 5292 2526 5348 tiochia
2558 5298 2699 5351 erat.
2728 5304 2933 5358 magno
2984 5283 3262 5355 stipendio
3327 5281 3638 5340 conductos
3696 5278 3889 5333 habere

2274 5432 2277 5434 .
2323 5384 2574 5456 egregios
2600 5380 2932 5451 eloquentia:
2983 5377 3275 5447 magistros
3338 5374 3423 5429 vel
3470 5387 3538 5426 ex
3592 5369 3886 5442 Augustino

2325 5477 2529 5531 scimus
2590 5471 2858 5543 ejusmodi
2885 5486 2987 5539 spe
3019 5470 3250 5523 Romam
3304 5465 3510 5520 delato.
3546 5462 3735 5517 Talem
3765 5475 3885 5513 vero

2324 5561 2494 5615 fuisse
2521 5561 2871 5628 Nicephorum
2903 5559 3045 5612 hunc
3077 5566 3325 5611 nostrum
3356 5552 3503 5623 quod
3533 5560 3591 5606 et
3638 5552 3885 5606 Possinus

2326 5652 2561 5712 censuit,
2602 5666 2711 5703 non
2772 5649 2896 5705 ideo
2935 5646 3193 5711 dubites,
3234 5645 3363 5715 quia
3414 5642 3759 5712 Nicephorus
3786 5638 3883 5694 Ca-

2330 5744 2486 5797 listus
2520 5743 2613 5795 lib.
2641 5758 2772 5793 Χγιιι
2803 5740 3048 5793 llisloria’
3099 5736 3277 5791 cccles.
3304 5751 3426 5807 cap.
3454 5734 3547 5800 2i,
3585 5747 3707 5789 cum
3731 5732 3881 5802 hujus
