4118 6492
208 414 359 482 2985

1357 407 1963 469 COMMENTARIUS
1997 406 2371 471 PRIEVIUS.

3356 415 3500 479 2986

205 530 345 584 vita:
399 526 676 592 meminit,
711 524 904 580 Latino
971 523 1051 579 sic
1083 521 1321 577 vertitur
1362 521 1432 575 ab
1491 521 1795 590 interprete
1828 527 1869 581 Α
1901 512 2178 591 principio
2230 519 2442 576 aberit:
2475 519 2600 575 istic
2628 521 2927 591 capitulum
2955 521 3076 587 ll8,
3121 523 3212 579 hic
3233 541 3501 582 numerus

106 625 108 627 ’
205 619 444 691 Langio,
463 617 620 690 quasi
659 633 763 670 non
793 617 870 669 ita
897 615 1042 668 docte
1069 621 1128 666 ut
1158 613 1471 683 magnitudo
1495 627 1674 665 rerum
1696 615 1802 683 fla-

203 711 418 782 gitabat
454 711 751 779 conscripta
781 709 886 763 sit:
936 708 1114 764 utitur
1158 705 1311 762 enim
1380 705 1472 760 ille
1532 703 1802 759 adverbio

1910 615 2033 669 123.
2060 615 2140 668 En
2169 613 2496 688 quantulum
2523 612 2824 670 discrimen
2848 616 2860 668 !
2889 614 3142 670 Alterum
3172 619 3498 675 miraculum

1909 705 2073 775 paulo
2099 707 2320 778 ldngius
2341 705 2556 762 recedit
2603 706 2659 760 in
2688 716 2876 762 nostra
2912 708 3058 773 Vita,
3102 726 3268 779 quam
3321 713 3498 770 Arca-

208 803 292 874 μὴ
320 805 506 872 ἁξὶως,
536 820 641 858 non
661 803 844 879 digne,
881 801 1028 873 quod
1065 801 1231 857 etiam
1263 798 1641 855 Ciceronianus
1690 797 1806 851 elo~
1907 799 2074 853 diana
2101 814 2116 864 ;
2145 798 2242 854 sed
2271 798 2580 854 notandum
2611 814 2878 854 numeros
2906 799 2960 853 in
2992 800 3114 854 vita;
3131 812 3319 859 nostra
3348 803 3497 861 circa

202 896 457 967 quentia:
485 904 673 966 posset
709 896 911 966 aptari.
948 895 1017 951 ad
1077 892 1506 965 exprimendum
1549 889 1797 960 singula-

200 1004 325 1042 rem
352 987 762 1054 excellentiam,
814 987 967 1043 omni
1003 988 1249 1042 humano
1310 979 1577 1040 sermone
1621 983 1800 1037 subli-

1906 890 2150 946 medium
2179 889 2586 948 contractiores
2605 908 2749 958 esse,
2792 907 2957 962 quam
2999 909 3197 949 versus
3235 895 3497 953 initium:

1905 985 2155 1056 adeoque
2177 987 2550 1043 convenirent
2614 987 2846 1059 propius
2906 988 3150 1053 numeri,
3203 969 3370 1044 etiam
3406 993 3499 1049 hic

199 1079 704 1150 mioremzalioqui
741 1080 948 1136 fatetur
989 1080 1337 1150 Nicephorus
1386 1075 1556 1147 quod,
1605 1091 1724 1130 cum
1744 1075 1801 1129 in
1904 1077 2106 1142 nostri,
2141 1092 2269 1132 cum
2319 1092 2558 1132 numero
2605 1077 2768 1155 istius
2813 1077 3089 1143 miraculi,
3119 1079 3164 1133 si
3194 1082 3392 1151 aequali
3420 1092 3503 1137 te-

199 1175 349 1226 hanc
371 1172 536 1225 vitam
574 1171 780 1241 incidit,
813 1171 1080 1242 obstupuit
1103 1169 1534 1241 magnitudinem
1565 1184 1629 1222 ac
1656 1166 1798 1222 ntul-

197 1264 486 1318 titudinem
520 1265 770 1319 eximiam
796 1281 1018 1336 cperam
1039 1281 1072 1317 a
1106 1272 1293 1318 sancto
1317 1268 1658 1334 patratorum
1683 1275 1701 1314 :
1733 1275 1799 1314 ea

195 1365 416 1418 autem,
444 1355 648 1425 inquit,
683 1371 846 1427 usque
877 1353 1029 1409 hodie
1059 1351 1396 1408 celebrantur
1425 1352 1663 1406 omnium
1691 1351 1798 1404 lin-

196 1446 342 1518 guis,
375 1449 637 1518 descripta
665 1448 771 1501 ὐπδ
803 1446 1052 1517 Συμεῶνι
1089 1446 1405 1518 (Νικηφόρῳ
1444 1444 1624 1499 voluit
1655 1443 1794 1498 scri-

194 1539 358 1604 bere,
391 1547 488 1594 aut
514 1540 681 1594 etiam
706 1539 953 1610 scripsit,
986 1537 1086 1595 sed
1121 1537 1336 1593 sciolus
1361 1535 1567 1607 aliquis
1593 1550 1798 1590 nomen

197 1630 444 1704 mutavit
470 1630 897 1702 Metaphrastem
953 1629 1189 1701 intelligi
1243 1629 1458 1697 volens)
1491 1627 1798 1696 Μαγίστρῳ

197 1723 280 1794 τῷ
336 1722 605 1794 Οὐρανῷο
648 1723 796 1794 quod
849 1723 1171 1778 abbreviatc
1213 1722 1506 1792 scriptum,
1550 1735 1619 1774 ex
1643 1733 1796 1773 more

1904 1180 2042 1222 nore
2067 1182 2130 1222 ac
2160 1167 2339 1237 spatio
2363 1176 2586 1223 nostros
2611 1166 2812 1237 ubique
2863 1167 3278 1225 incidissemus.

1973 1258 2064 1312 44.
2088 1258 2196 1332 Sed
2233 1258 2528 1314 redeamus
2558 1259 2624 1313 ad
2656 1258 3007 1316 collationem
3027 1262 3306 1329 miraculi,
3339 1274 3397 1320 et
3424 1266 3502 1319 vi-

1903 1349 2134 1406 deamus
2160 1367 2284 1421 quas
2314 1351 2491 1407 videri
2516 1352 2732 1422 possint
2762 1353 2818 1409 in
2850 1353 2974 1409 Vita
3000 1364 3191 1410 nostra
3228 1360 3500 1428 superad—

1901 1440 2038 1507 dita,
2067 1442 2153 1496 vel
2184 1442 2404 1498 decoris
2427 1443 2513 1498 vel
2541 1444 2815 1500 claritatis
2844 1460 3030 1500 causa.
3066 1445 3210 1502 Sunt
3248 1448 3340 1516 illa
3365 1466 3509 1520 per»

1901 1544 2216 1606 opportuna
2270 1543 2376 1617 ete
2404 1552 2465 1592 re
2517 1546 2666 1593 nata.
2699 1537 2806 1594 Ubi
2867 1538 2936 1617 de
2990 1539 3244 1597 daemone
3289 1544 3495 1614 agitur,

1901 1626 2187 1684 interserit
2221 1647 2234 1682 :
2273 1629 2736 1696 Quemadmodum
2767 1616 2937 1687 isthoc
2966 1636 3138 1688 scelus
3167 1651 3270 1690 non
3320 1637 3498 1709 loqui-

1900 1729 1987 1773 tur
2041 1723 2144 1776 nisi
2194 1723 2417 1778 scelera.
2459 1725 2671 1781 Deinde
2714 1737 2942 1798 accepta
2995 1729 3268 1786 beneficia
3325 1734 3495 1788 simul

195 1813 410 1870 Graecis
463 1815 830 1870 usitatissinio
859 1855 874 1879 ,
927 1831 1029 1885 pro
1087 1813 1340 1885 Οὐρανῷ,
1396 1828 1508 1866 non
1566 1809 1795 1881 capiens
1825 1883 1867 1893 __
1897 1823 2268 1869 enumeratet
2293 1817 2449 1870 velut
2482 1817 2806 1887 parenthesi
2839 1819 3077 1875 includit
3105 1821 3309 1893 (Neque
3355 1827 3496 1879 enim
3568 1848 3570 1851 ·

195 1905 446 1978 Langius
480 1905 868 1978 praetermisit;
895 1883 1109 1962 clarum
1139 1883 1325 1960 autem
1375 1905 1436 1959 lit
1484 1920 1552 1960 ex
1597 1902 1792 1974 eodem
1824 1883 1871 1942 Β
1899 1917 2212 1961 αεοωιαηεο
2228 1908 2327 1961 sibi
2346 1883 2874 1976 dtembneimmunis,
2902 1911 2994 1965 sed
3015 1922 3064 1967 et
3087 1883 3281 1969 marito
3298 1916 3497 1987 integre

191 2003 530 2073 cognomine
551 2011 681 2057 ante
715 2001 898 2056 Vitam
928 2001 1142 2072 integre
1190 2014 1473 2070 expresso.
1719 2068 1723 2073 λ

264 2093 473 2148 45.Ab
519 2092 630 2148 alio
679 2107 901 2163 quoque
959 2107 1181 2162 quama
1236 2090 1554 2161 Nicephoro
1610 2087 1792 2142 Vitam

192 2177 476 2251 Symeonis
529 2180 695 2251 hujus
745 2180 956 2235 litteris
1014 2181 1336 2235 mandatam
1375 2188 1434 2235 et
1478 2177 1792 2250 posteritati

194 2271 582 2326 transmissam
612 2286 758 2337 esse,
793 2286 862 2326 ex
900 2272 1258 2343 paragrapho
1303 2271 1594 2342 superiore
1631 2270 1790 2326 colli-

193 2363 416 2433 gimus:
454 2363 612 2433 cujus
655 2364 1349 2433 auctorem,quamvisnon
1365 2356 1792 2418 nominetconci-

192 2452 450 2517 lium,ex
485 2454 825 2510 Damasceno
872 2454 1166 2508 Arcadium
1211 2451 1374 2524 Cypri
1437 2450 1790 2519 archiepisco-

193 2563 323 2617 pum
344 2548 721 2618 agnoscimus,
759 2545 1238 2602 nihilo-notiorem
1264 2545 1556 2617 Nicephoro
1571 2550 1786 2608 nostro,

193 2639 303 2693 nisi
335 2639 505 2693 etiam
538 2639 923 2694 obscuriorem
961 2637 1136 2703 velis;
1177 2643 1369 2706 utpote
1433 2635 1529 2706 qui
1560 2650 1632 2689 ne
1690 2649 1791 2704 per

193 2725 400 2801 scripta
451 2733 728 2803 quidem,
784 2748 913 2803 quas
966 2731 1397 2793 interciderunt,
1459 2729 1784 2784 innotescit.

193 2821 410 2896 Culligo
439 2825 632 2888 etiam,
680 2824 1108 2896 prolixissimam
1165 2822 1336 2878 fuisse
1385 2818 1567 2877 Vitam
1609 2820 1783 2886 illam,

195 2929 258 2970 ac
322 2927 529 2972 nostra:
577 2931 691 2972 non
741 2915 902 2971 valde
951 2915 1219 2986 imparem
1269 2912 1660 2984 longitudine;
1713 2911 1788 2966 ita

196 3006 511 3079 Capitulum
546 3007 672 3072 118,
702 3008 778 3062 ita
809 3007 1130 3062 Miraculum
1162 3003 1285 3070 152,
1323 3020 1492 3075 supra
1558 3003 1788 3058 recitata

195 3097 485 3164 obtinent;
537 3098 711 3152 multa
762 3098 910 3152 enim
967 3082 1350 3167 praecessisse]
1382 3101 1623 3164 oportet.
1670 3093 1786 3148 lmo

197 3190 416 3244 nullum
449 3189 700 3255 dubium,
764 3189 899 3259 quin
965 3189 1140 3243 altera
1169 3202 1237 3242 ex
1291 3187 1466 3241 altera
1509 3184 1788 3252 descripta

196 3282 269 3338 sit
303 3283 466 3348 Vita;
496 3291 553 3336 et
579 3289 768 3348 nostra
800 3281 987 3351 potius
1013 3295 1084 3335 ex
1136 3278 1227 3332 illa
1284 3276 1530 3340 Arcadii,
1583 3274 1791 3329 additis

198 3366 454 3445 pauculis
519 3375 605 3430 vcl
669 3372 1198 3436 exclamationibus,
1257 3369 1343 3424 vel
1403 3366 1783 3439 apostrophis,

198 3469 423 3535 aliisve,
449 3477 510 3524 ut
541 3467 618 3523 rei
646 3467 924 3538 exigentia
951 3474 1008 3521 et
1037 3466 1216 3537 pietas
1243 3463 1491 3520 auctoris
1520 3462 1788 3517 tulerunt.

198 3566 332 3623 Nam
364 3565 678 3622 conferenti
727 3563 1034 3634 superioris
1063 3559 1395 3633 paragraphi
1455 3556 1789 3614 miraculum

198 3656 442 3727 primum
479 3672 605 3711 cum
631 3670 868 3710 numero
900 3653 1004 3708 ηδ
1037 3651 1196 3716 Vitae,
1231 3660 1287 3706 et
1326 3649 1636 3706 secundum
1662 3663 1790 3704 cum

200 3763 353 3802 num.
401 3749 528 3812 171,
574 3753 827 3817 apparet,
860 3743 1319 3804 lundamentalia,
1355 3739 1643 3803 notabilia,
1678 3739 1790 3794 cir-

199 3837 568 3893 cumstantias
592 3836 784 3898 etiam,
817 3834 1114 3904 utrobique
1140 3833 1334 3887 eadem
1364 3846 1510 3886 esse.
1542 3831 1601 3885 ln
1629 3829 1789 3901 prio-

201 3927 373 3992 ribus,
406 3925 784 3983 locusRliosus
804 3941 898 3981 seu
926 3920 1232 3996 Rhosopolis
1265 3921 1465 3979 Cilicia
1497 3921 1662 3987 urbs;
1702 3935 1796 3976 no-

205 4032 330 4072 men
365 4017 620 4074 mulieris
650 4018 940 4072 Theotecna
962 4055 978 4081 ,
1012 4024 1232 4086 tempus
1254 4015 1498 4086 coniugii
1551 4015 1684 4068 anni
1712 4015 1792 4068 vi-

201 4113 331 4181 ginti
347 4131 366 4179 ;
394 4113 615 4183 repudii
636 4113 766 4166 anni
783 4121 1050 4182 quatuor;
1075 4109 1458 4166 hmmorrhma:
1477 4109 1609 4162 anni
1637 4109 1794 4178 quin»

156 4275 163 4278 μ
202 4204 394 4272 decim;
423 4220 589 4260 causa
623 4203 865 4260 adeundi
909 4211 1199 4268 sanctum;
1240 4201 1461 4257 aversio
1491 4199 1792 4266 damonis;

202 4296 447 4362 querela:
479 4295 775 4366 ejusdem;
818 4294 1059 4365 reptatio
1132 4294 1344 4348 circum
1418 4293 1737 4349 columnam
1777 4311 1789 4345 :

203 4389 478 4457 promissa
521 4388 744 4445 mulieri
769 4391 934 4444 data:
965 4395 1293 4459 conceptus,
1332 4397 1517 4454 natus,
1577 4387 1796 4441 oblatus

206 4479 382 4549 illius;
424 4481 728 4553 gratitude,
752 4491 937 4537 erecta
972 4481 1161 4542 icone;
1214 4479 1536 4535 sanationes
1567 4484 1667 4550 per
1725 4479 1795 4533 il-

1897 2009 2112 2062 sanata,
2151 2002 2397 2055 restituta
2453 2002 2597 2072 fuit:
2624 2003 2696 2056 ad
2747 2004 2858 2058 hac
2905 2020 3037 2075 puer
3073 2021 3278 2076 quoque
3311 2023 3374 2061 ea:
3405 2023 3490 2069 ea,

1897 2092 2036 2161 quod
2082 2108 2359 2162 nunquam
2394 2101 2540 2165 ante,
2567 2104 2857 2166 prognatus
2889 2095 3009 2165 est).
3041 2095 3294 2167 Denique
3327 2098 3489 2154 istam

1896 2179 1952 2234 in
2013 2181 2121 2236 line
2184 2181 2602 2237 conclusionem
2660 2183 2897 2255 adjicit:
2932 2185 3020 2240 Ita
3042 2187 3145 2241 viri
3186 2190 3362 2243 sancti
3408 2189 3492 2244 vel

1895 2272 2066 2326 tenuis
2095 2272 2152 2325 in
2177 2273 2411 2344 imagine
2429 2276 2938 2347 aspectus,.signum
2966 2279 3161 2343 crucis,
3193 2281 3367 2352 virga,
3388 2283 3494 2352 [or-

1894 2380 2004 2429 ma,
2035 2363 2271 2430 verbum,
2304 2366 2598 2431 invocatio,
2633 2376 2684 2421 et
2717 2369 2764 2422 si
2787 2370 2915 2440 quid
2955 2369 3110 2425 aliud
3147 2389 3324 2427 rerum
3347 2373 3491 2428 illius

1894 2464 2045 2519 esset,
2071 2457 2364 2527 sufﬁciebat
2389 2458 2600 2513 cuilibet
2621 2461 2924 2516 morborum
2945 2464 3132 2534 generi
3162 2464 3488 2534 depellenda.

1963 2549 2055 2612 45.
2095 2549 2224 2626 Haec
2256 2549 2325 2605 de
2352 2549 2658 2620 prioribus.
2701 2550 2955 2606 Otiosum
2990 2553 3135 2608 foret
3179 2556 3490 2624 posteriora

1891 2639 2057 2694 simili
2103 2640 2270 2694 modo
2312 2640 2568 2696 caulem
2613 2659 2627 2696 :
2663 2642 2913 2698 conferat
2943 2644 3032 2698 cui
3085 2645 3240 2700 lubet
3275 2663 3290 2699 :
3336 2662 3486 2716 repe-

1891 2730 1999 2784 riet
2063 2731 2259 2808 eadem
2306 2732 2630 2803 utrobique.
2663 2733 2868 2789 Refero
2916 2734 3186 2789 duntaxat
3231 2737 3324 2791 illa
3369 2753 3487 2806 qua:

1892 2822 2108 2894 adjecta
2140 2823 2427 2880 videntur.
2454 2825 2707 2880 Primum
2731 2835 2932 2882 erectae
2961 2826 3109 2882 iconi
3137 2842 3298 2882 suum
3334 2829 3493 2883 addit

1889 2923 2172 2981 ornatum,
2197 2933 2326 2973 cum
2375 2917 2526 2974 illam
2561 2917 2839 2974 describit
2864 2937 2877 2972 :
2901 2922 3234 2974 Pernenuste
3261 2939 3366 2978 non
3399 2939 3486 2975 so-

1890 3006 2002 3060 lum
2021 3006 2304 3074 coloribus,
2326 3009 2420 3062 sed
2454 3009 2622 3063 etiam
2655 3011 2856 3064 amictu
2888 3018 2939 3065 et
2973 3013 3288 3081 tegumentis
3333 3029 3485 3067 orna-

1890 3108 2022 3153 tam.
2069 3099 2241 3154 Paulo
2292 3111 2420 3170 post
2467 3103 2927 3158 exclamationem
2953 3103 3100 3158 hanc
3151 3105 3436 3166 interserit
3475 3125 3488 3159 :

1901 3183 1950 3240 0
1979 3183 2144 3250 Deus,
2185 3192 2386 3253 quanta
2419 3185 2595 3240 hostes
2625 3184 2878 3242 adversus
2910 3185 3168 3242 Sanctum
3199 3194 3345 3240 tuum
3375 3201 3488 3238 ma-

1904 3278 2110 3332 chinati
2140 3278 2299 3332 sunt!
2333 3276 2457 3333 Mox
2490 3293 2616 3332 cum
2649 3279 2971 3335 extenderet
3007 3293 3153 3334 unus
3186 3279 3240 3333 in
3267 3277 3484 3333 iconem

1903 3381 2150 3432 manum,
2179 3365 2504 3422 deturbatus
2535 3367 2740 3422 dicitur
2761 3369 3122 3424 venusta-hac
3154 3377 3210 3425 et
3235 3369 3321 3439 pia
3355 3383 3486 3438 apo-

1904 3459 2130 3530 strophe
2160 3474 2174 3512 :
2206 3459 2456 3513 Manibus
2483 3460 2619 3523 illis,
2640 3469 2882 3530 quartu.
2914 3460 3138 3525 Christe,
3179 3477 3337 3529 super
3363 3461 3488 3515 illo.

1904 3568 2022 3606 rum
2053 3547 2356 3621 superbiam
2378 3552 2643 3618 extulisti,
2685 3551 3076 3622 deﬁcientibus.
3107 3552 3332 3608 Demum
3359 3567 3486 3605 cum

1903 3646 2100 3703 tertius
2123 3660 2346 3717 quoque
2374 3645 2620 3714 dejectus
2644 3656 2811 3710 esset,
2841 3647 3001 3716 quasi
3043 3645 3488 3715 epiphonematis

1903 3738 2027 3793 loco
2074 3736 2278 3794 dicitur
2318 3757 2332 3793 :
2367 3737 2542 3793 Nullo
2581 3739 2848 3808 prioribus
2875 3738 3081 3808 majori
3122 3736 3354 3791 ludibrio
3401 3734 3489 3789 di-

1902 3851 2036 3904 gnus
2056 3875 2071 3898 ,
2104 3834 2244 3906 quod
2274 3834 2493 3890 illorum
2523 3836 2759 3904 exemplo
2793 3834 2960 3888 nihilo
2997 3834 3258 3904 sapuisset
3290 3832 3484 3903 magis.

1896 3928 2040 3998 Quid
2064 3930 2184 3988 haec
2199 3928 2306 3983 nisi
2330 3927 2712 3999 parentheses,
2735 3925 3169 3983 exclamationes
3187 3967 3204 3992 ,
3238 3937 3490 3999 apostro-

1897 4024 2042 4094 phae,
2072 4021 2610 4093 epiphonemata,ex
2639 4019 2806 4073 rebus
2837 4018 2978 4072 nihil
3002 4019 3316 4076 immutatis
3338 4029 3490 4085 nata,
3519 4011 3524 4015 ’

1897 4126 1954 4172 et
1985 4114 2266 4185 emphasis
2295 4113 2470 4184 gratia
2497 4121 2731 4168 venuste
2755 4109 3009 4184 adjecta?

1974 4210 2066 4266 46.
2093 4208 2246 4264 Ordo
2277 4217 2464 4263 autem
2493 4216 2644 4265 totus
2685 4206 2740 4262 in
2781 4206 2890 4261 hac
2926 4205 3163 4260 historia
3193 4213 3279 4259 est
3305 4203 3491 4258 admo-

1900 4303 2035 4358 dum
2069 4301 2362 4367 naturalis,
2400 4301 2677 4371 incipiens
2712 4314 2740 4355 a
2768 4299 3061 4354 nativitate
3082 4339 3096 4364 ,
3128 4296 3495 4370 prOgrediens

1900 4409 2028 4448 cum
2063 4393 2245 4458 annis,
2279 4391 2545 4448 desinens
2594 4390 2650 4444 in
2683 4399 2864 4446 morte
2889 4406 2904 4444 :
2928 4389 3037 4444 imo
3064 4403 3175 4443 non
3213 4401 3354 4442 vana
3381 4387 3493 4444 erit

1899 4484 2248 4558 suspicio,si
2306 4483 2575 4540 miracula
2629 4482 2897 4552 pleraque
2941 4479 3142 4536 ordine
3190 4478 3491 4550 temporis,

206 4567 311 4627 lam
339 4575 530 4631 factm.
566 4574 700 4645 quid
729 4574 929 4645 plura?
965 4572 1159 4629 eadem
1197 4571 1498 4643 utrobique
1525 4580 1792 4627 notantur
1828 4579 1867 4633 D
1899 4589 2010 4646 quo
2042 4575 2186 4630 facta
2233 4582 2384 4636 sunt,
2414 4565 2687 4644 putentur
2731 4572 2974 4642 primum
3004 4571 3286 4641 descripta
3317 4585 3444 4626 esse
3475 4586 3488 4625 :

205 4667 408 4722 omnia.
436 4667 558 4722 Non
582 4675 888 4738 potuerunt
908 4681 1042 4738 ergo
1071 4681 1187 4721 non
1223 4665 1312 4721 vel
1341 4666 1515 4720 altera
1546 4681 1616 4719 ex
1647 4665 1786 4718 alte-

207 4756 301 4821 ris,
333 4760 421 4815 vel
453 4767 690 4828 ntraque
716 4771 784 4812 ex
827 4757 1023 4812 iisdem
1060 4757 1458 4812 ’mouumentis
1514 4755 1790 4827 descripta

207 4849 396 4907 videri.
435 4852 556 4918 Qua
601 4849 1106 4906 conﬁrmaberisiu
1157 4849 1456 4915 sententia,
1512 4849 1556 4904 si
1610 4851 1796 4905 conci-

209 4941 343 5009 pias,
393 4944 565 4998 vitam
628 4944 778 4997 illam
834 4957 935 5014 per
969 4941 1231 5013 capitula,
1291 4941 1542 4997 numeris
1589 4943 1796 4998 nostris

208 5031 320 5088 fere
344 5038 518 5108 paria,
546 5035 866 5092 distinctam
900 5034 1102 5101 fuisse;
1150 5034 1232 5090 sic
1258 5035 1406 5091 enim
1447 5034 1595 5090 istud
1629 5035 1795 5089 mira-

209 5125 391 5182 culum
422 5128 832 5202 propemodum
886 5126 1006 5196 pari
1063 5125 1357 5182 intervallo
1409 5126 1707 5198 utrobique
1762 5143 1791 5182 a

522 5950 799 6012 Ps'rnorn
826 5951 943 6012 Gn.
994 5949 1346 6012 LXXXVI.

1900 4666 1956 4722 id
1985 4667 2134 4722 enim
2164 4665 2306 4721 ordo
2329 4664 2508 4721 aetatis
2530 4673 2586 4718 et
2611 4664 2692 4718 hae
2717 4663 3024 4734 particulze,
3055 4671 3256 4732 postea,
3282 4660 3490 4726 deinde,
3569 4724 3571 4726 η

1901 4769 2016 4831 post
2041 4760 2170 4823 hare,
2201 4759 2308 4814 illis
2335 4758 2583 4830 peractis,
2608 4772 2672 4812 ac
2693 4757 2923 4821 similes,
2955 4756 3009 4810 in
3031 4755 3308 4826 principio
3327 4755 3493 4810 mira-

1905 4852 2160 4906 culorum
2219 4848 2523 4905 identidem
2574 4848 2865 4920 repetitae,
2914 4847 3178 4902 videntur
3231 4845 3488 4902 innucre.

1907 4942 2066 4998 Hunc
2093 4958 2260 5012 porro
2286 4952 2398 4997 tam
2428 4943 2716 5014 copiosum
2743 4940 2950 4997 fontem
2983 4939 3322 4995 habentibus
3351 4940 3490 4995 nihil

1905 5051 2047 5108 opus
2080 5048 2165 5092 est
2198 5037 2412 5092 rivulos
2459 5034 2890 5109 Synaxariorum
2929 5033 3154 5098 sectari,
3183 5032 3239 5088 in
3284 5032 3493 5104 quibus

1902 5128 2144 5200 eIOgium
2170 5128 2305 5185 alibi
2332 5127 2582 5194 brevius,
2613 5126 2746 5182 alibi
2779 5127 3056 5199 prolixius
3085 5127 3310 5199 legitur.

2997 5951 3075 6011 9b
