4118 6538
210 521 362 613 2989

1185 517 1373 579 VlTA‘
1396 515 1443 573 Λ
1481 509 1917 573 NICEPHORO
1957 504 2445 571 CONSCRIPTA.

3346 496 3487 560 2:31;)

214 612 539 705 πράγμασιν
569 631 917 701 ἐξισούμενον
945 647 959 697 ;
996 627 1158 682 ὁπότε
1193 629 1289 682 καὶ
1328 624 1461 695 μόνα
1509 623 1610 693 τῆς
1636 619 1801 674 αὐτοῦ

1913 620 2183 677 inveniam
2230 619 2537 675 orationem
2587 628 2772 670 rerum
2821 609 3189 683 magnitudini
3252 613 3491 679 parem?

214 725 527 798 γεννήσεως
556 726 624 779 τά
653 721 951 795 παράδοξα,
982 724 1079 776 ὅσα
1108 737 1169 774 τε
1209 720 1301 786 τῆς
1334 720 1397 772 ὲγ
1432 715 1624 778 παιδὸς
1677 716 1804 785 ἁρε-

214 816 317 885 τῆς
338 816 434 884 τῆς
458 832 516 869 τε
545 814 923 888 παρ’ἠλικίαν
957 814 1327 883 ὲνασκήσεως,
1362 809 1457 861 καὶ
1491 806 1600 860 τῶν
1649 804 1805 874 παρὰ

216 907 277 961 τὸ
298 908 444 970 είκδς
474 909 574 977 τῆς
607 908 824 977 φύσεως
857 904 1106 975 ἀγώνων,
1140 905 1189 956 εί
1222 902 1317 957 καὶ
1373 901 1448 971 μὴ
1488 897 1628 953 κατὰ
1671 914 1806 949 ταυ-

213 999 310 1052 τὸν
351 1000 552 1063 πάντα,
584 998 720 1054 ἀλλά
760 1015 901 1064 τινα,
931 998 1133 1067 μᾶλλον
1167 996 1224 1049 δὲ
1279 994 1374 1047 καὶ
1418 994 1466 1044 εί
1496 989 1618 1045 καθ’
1643 988 1807 1041 ἑαυτὸ

216 1091 425 1143 τούτων
448 1091 679 1143 ἕκαστον
704 1093 886 1143 πᾶσαν
907 1087 1015 1143 οῐδε
1041 1090 1203 1157 λόγου
1236 1084 1469 1140 κατόπιν
1500 1080 1697 1135 ἑαυτοῦ
1726 1095 1807 1131 τι-

218 1182 371 1235 θέναι
397 1183 591 1252 τέχνην
624 1184 715 1236 καὶ
747 1182 996 1253 δύναμιν.

292 1360 361 1419 γ’.
384 1354 448 1406 Τί
477 1355 521 1407 δ’
542 1356 607 1407 ἂν
633 1358 681 1409 εί
716 1358 810 1409 καὶ
836 1356 897 1409 τὸ
926 1356 1033 1410 τῶν
1062 1356 1309 1426 σημείων
1335 1356 1431 1409 καὶ
1460 1355 1568 1408 τῶν
1594 1355 1808 1423 θαυμά-

213 1459 328 1497 των
358 1444 561 1513 πλῆθος
586 1449 678 1499 καὶ
701 1447 952 1515 μέγεθος,
982 1449 1080 1511 τάς
1114 1466 1172 1502 τε
1201 1448 1355 1512 θείας
1384 1448 1599 1509 ὲκείνας
1624 1446 1803 1515 ὄψεις,

215 1530 273 1582 αἶ
303 1531 366 1602 δὴ
394 1532 584 1585 πολλαὶ
614 1535 876 1598 πολλάκις
897 1536 1045 1606 αὐτῷ
1080 1539 1363 1607 μυστικῶς
1403 1545 1461 1590 τε
1507 1539 1600 1589 καὶ
1629 1538 1805 1606 ἀπορ-

215 1625 399 1691 ρήτως
432 1623 714 1695 ὤφθησαν,
749 1614 1062 1692 ἐπεξελθεῖν
1109 1626 1507 1698 βουληθείημεν
1539 1646 1551 1689 ς
1583 1608 1713 1700 ποίᾳ
1749 1628 1805 1681 δὲ

214 1710 312 1767 καὶ
339 1715 497 1783 λόγου
516 1718 674 1785 φύσει
692 1718 827 1787 πρὸς
843 1719 1139 1789 ἑρμηνείαν
1154 1719 1260 1772 τῶν
1280 1719 1420 1787 ὑπὲρ
1432 1718 1585 1786 λόγον
1605 1719 1805 1787 χρησό-

219 1806 362 1875 μεθα
393 1822 407 1871 ;
436 1808 557 1860 ἐπεὶ
592 1810 685 1861 καὶ
730 1793 843 1863 πᾶν
871 1808 900 1862 ὃ
941 1810 1015 1880 μὴ
1046 1810 1191 1881 λόγῳ
1218 1812 1488 1880 χωρητδν,
1525 1810 1646 1861 οὐδὲ
1708 1810 1804 1863 λα-

212 1896 401 1968 ὶητόν.
434 1896 562 1961 Πῶς
591 1898 699 1970 γὰρ
726 1898 755 1952 ὃ
793 1898 868 1969 μὴ
893 1974 897 1979 .
919 1901 1182 1969 χωρήσει,
1220 1898 1429 1970 φράσαι
1475 1899 1804 1968 δυνήσεται;

1908 710 2358 782 quandoquidem
2398 708 2536 772 sola,
2580 722 2703 775 quae
2732 701 3489 759 nativitatemcircumstant.

1910 818 2140 873 qumque
2165 787 2221 857 in
2248 802 2453 855 virtute
2482 815 2511 853 a
2535 814 2711 867 puero
2741 796 3003 855 exercita,
3033 795 3089 848 in
3122 794 3349 863 reliqua:
3368 794 3495 848 vitae

1909 892 2271 960 occupatione
2291 898 2347 945 et
2377 889 2431 942 in
2468 887 2869 943 certaminibus
2912 896 3124 962 natura:
3147 884 3298 937 vires
3341 897 3497 937 cxce-

1910 982 2407 1037 dentibuselucent
2436 979 2724 1040 miracula,
2770 977 2873 1031 etsi
2905 991 3016 1029 non
3079 973 3275 1029 eodem
3329 975 3495 1029 modo

1910 1072 2372 1143 omnimquaadam
2395 1082 2571 1133 certe,
2602 1070 2713 1123 imo
2742 1084 2877 1123 vero
2928 1065 3364 1135 unumquodque
3405 1082 3497 1122 se-

1910 1164 2151 1218 cundum
2197 1177 2258 1216 se
2299 1175 2518 1215 omnem
2571 1158 2794 1214 dicendi
2833 1167 3008 1213 artem
3052 1166 3109 1213 et
3138 1158 3494 1225 elegantiam,

1910 1256 2067 1325 longe
2090 1261 2376 1323 superent.

1978 1349 2031 1403 3.
2066 1348 2209 1414 Quid
2253 1363 2418 1419 porro
2445 1346 2494 1404 si
2532 1348 3040 1419 signorumwtque
3095 1343 3496 1399 miraculorum

1910 1438 2327 1493 multitudinem
2381 1436 2965 1509 magnitudinemque;
3000 1434 3136 1505 quid
3186 1438 3229 1489 si
3277 1434 3515 1511 divinas;
3562 1506 3565 1511 ι

1908 1546 2002 1585 eas
2051 1530 2317 1595 visiones,
2340 1546 2462 1600 quae
2492 1545 2603 1583 non
2637 1543 2763 1582 raro
2789 1526 3071 1598 Symeoni,
3108 1542 3312 1582 arcano
3352 1507 3515 1601 quo:
3556 1514 3560 1519 ’

1909 1624 2033 1685 dam
2067 1632 2124 1680 et
2160 1624 2535 1693 inexplicabili
2566 1624 2753 1685 modo,
2802 1623 3052 1693 plurimae
3088 1623 3287 1678 oblatae
3335 1636 3487 1681 sunt.

1909 1718 2160 1772 oratione
2187 1718 2451 1787 prosequi
2473 1716 2753 1770 velimus?
2778 1716 2980 1785 Qualis,
3006 1730 3219 1784 quaeso,
3247 1716 3336 1768 illa
3376 1731 3499 1769 ora-

1912 1811 1988 1865 tio
2023 1809 2095 1865 sit
2115 1818 2358 1879 oportet,
2388 1824 2511 1878 quae
2535 1822 2755 1862 omnem
2790 1806 3010 1861 dicendi
3047 1806 3362 1862 facultatem
3402 1822 3499 1860 su-

1908 1902 2162 1971 perantia
2192 1900 2509 1969 expositura
2539 1908 2654 1961 est,
2686 1913 2811 1953 cum
2846 1907 3019 1951 totum
3040 1913 3221 1967 neque
3244 1898 3497 1952 oratione

209 1988 366 2057 ὅμως
400 1992 447 2042 εί
492 1991 587 2044 καὶ
621 1990 929 2061 κρεῖττονῆ
962 1992 1106 2045 κατά
1150 1990 1315 2058 λόγου
1368 1990 1601 2059 δύναμιν
1632 1991 1691 2041 τὸ
1713 1991 1804 2058 ἐγ-

1913 1990 2305 2060 comprehcndi
2357 1991 2556 2060 possit,
2609 2005 2789 2058 neque
2828 1988 3019 2043 verbis
3066 1988 3347 2057 proferri?
3389 2004 3499 2059 quo

209 2081 480 2152 χείρημα,
508 2080 645 2133 ἀλλὰ
670 2080 732 2133 τὸ
763 2090 859 2151 μέν
907 2096 960 2135 τι
990 2082 1328 2151 συλλήψεται
1361 2079 1580 2141 πάντως
1612 2082 1742 2149 ἡμῖν
1768 2082 1799 2148 ἡ

211 2174 339 2227 θεία
370 2175 463 2226 καὶ
495 2172 792 2243 συμπαθὴς
824 2174 1008 2243 ἐκείνη
1038 2174 1209 2244 ψυχὴ,
1242 2173 1336 2227 καὶ
1366 2172 1499 2225 Θεοῦ
1542 2173 1638 2225 νῦν
1663 2172 1799 2241 άμέ-

1904 2088 2054 2141 enim
2086 2096 2247 2156 pacto
2280 2085 2465 2141 verbis
2486 2085 2764 2154 quispiam
2799 2094 3154 2154 assequatur,
3186 2082 3336 2153 quod
3397 2098 3499 2137 ne-

1906 2180 2026 2249 quit
2050 2179 2388 2249 cogitatione
2419 2178 2732 2247 attingere?
2764 2176 3146 2232 Nihilominus
3171 2175 3277 2232 etsi
3320 2178 3497 2246 major

212 2282 329 2331 σως
380 2265 474 2320 τοῦ
558 2265 897 2341 ποθουμένου
960 2266 1371 2334 κατατρυφῶντα
1412 2280 1423 2295 υ
1462 2264 1524 2317 τὸ
1578 2263 1673 2325 δὲ,
1714 2265 1807 2325 κσξι

1913 2271 2119 2327 viribus
2162 2270 2371 2326 nostris
2406 2279 2642 2325 conatus
2672 2271 2765 2334 sit,
2794 2270 2994 2338 partim
3049 2276 3256 2333 tamen,
3304 2270 3497 2323 nullus

212 2358 615 2426 συγγνώσεται.
651 2357 1046 2428 Συγγνώσεσθε
1077 2356 1135 2410 δὲ
1167 2356 1264 2409 καὶ
1315 2355 1517 2418 πάντες
1558 2355 1673 2407 ὅσοι
1704 2355 1804 2423 τῆς

211 2449 537 2521 ὑπερφυοῦς
568 2448 773 2520 ταύτης
803 2450 898 2502 καὶ
951 2449 1147 2518 καινῆς
1187 2447 1464 2509 πολιτείας
1494 2446 1763 2515 όικροοιταδ⁹
1790 2482 1804 2507 ,

212 2540 389 2611 μηδὲν
452 2540 544 2593 τοῦ
608 2542 747 2611 πρὸς
812 2539 1044 2608 δύναμιν
1103 2537 1515 2603 ἑλλιποῦσιν,εί
1556 2539 1647 2590 καὶ
1704 2536 1800 2589 τοῦ

209 2631 352 2703 πρὸς
386 2630 543 2695 ἀξίαν
584 2632 835 2684 πλεῖστον
865 2631 1304 2701 ἀπολειπόμεθα,
1333 2631 1426 2683 Δεῖ
1475 2630 1533 2683 δὲ
1598 2627 1800 2699 μικρὸν

208 2722 474 2794 ἀνωτέρω
502 2722 592 2775 τὸν
611 2722 768 2789 λόγον
795 2722 1194 2792 ἀναγαγόντας,
1217 2721 1347 2775 οἴων
1366 2722 1394 2773 ό
1423 2719 1662 2781 τοιοῦτος
1698 2718 1802 2786 ἔφυ

208 2814 442 2884 γονέων,
479 2815 574 2868 καὶ
620 2816 766 2879 ὅστις
800 2816 955 2886 όετῆς
1006 2815 1325 2885 συλλήψεως
1385 2813 1585 2884 τρόπος
1651 2810 1802 2882 αὑτῷ

211 2906 484 2977 πρότερον
540 2907 911 2977 παραστῆσαι,
944 2906 1011 2959 ἶν’
1038 2906 1277 2977 ἐχοιμεν’
1300 2905 1394 2959 τοῦ
1423 2904 1632 2959 τοιοῦδε
1666 2919 1809 2974 καρ-

212 2998 319 3052 ποῦ
358 3001 450 3052 καὶ
508 3000 567 3053 τδ
604 2999 818 3066 δένδρον
843 2998 1065 3064 εἰδέναι,
1096 2998 1129 3069 ἢ
1168 2997 1307 3069 μηδὲ
1354 2978 1453 3069 τὴν
1487 2996 1644 3069 ῥίζαν
1704 2998 1803 3064 άγο

211 3094 359 3145 νοεῖν
395 3093 597 3162 μᾶλλον
634 3133 649 3159 ,
702 3092 826 3161 ἥτις
875 3090 966 3144 τὸν
1021 3090 1194 3153 οὓτως
1249 3089 1451 3160 ὡραῖον
1500 3088 1805 3158 ἐϐλάστησε

216 3182 440 3239 κλάδον.

1910 2360 2123 2425 dubito,
2150 2361 2521 2430 Opitulabitur
2558 2360 2721 2414 nobis
2768 2358 2956 2413 divina
2992 2359 3087 2413 illa
3150 2368 3207 2413 et
3264 2359 3495 2413 misera-

1911 2453 2061 2509 tione
2084 2454 2250 2523 plena
2278 2453 2569 2521 Symeonis
2595 2452 2800 2515 anima,
2833 2466 2957 2520 quae
2984 2449 3151 2505 modo
3204 2450 3499 2522 intuitione

1910 2548 2005 2602 Dei
2028 2547 2166 2603 adeo
2198 2548 2521 2613 desiderati,
2553 2547 2710 2600 nullo
2754 2542 3088 2614 interposito
3140 2544 3345 2607 medio,
3404 2543 3499 2598 de-

1910 2638 2174 2703 lectatur;
2209 2638 2410 2707 partim
2444 2638 2611 2693 etiam
2646 2634 3014 2690 imbecillitati
3043 2642 3247 2689 nOStra:
3280 2636 3497 2689 veniam

1914 2727 2086 2782 dabit.
2118 2728 2330 2782 Dabitis
2379 2736 2433 2782 et
2467 2743 2588 2789 vos,
2616 2727 2936 2797 quicunque
2995 2725 3296 2781 eminentis
3345 2726 3503 2787 inau-

1914 2820 2149 2889 ditteque
2207 2818 2439 2892 hujusce
2513 2817 2955 2875 conversationis
3010 2816 3301 2871 auditores
3344 2818 3501 2879 estis,

1912 2912 2050 2966 nihil
2105 2922 2378 2981 quantum
2429 2927 2529 2983 per
2582 2910 2732 2965 vires
2786 2909 2980 2965 licebit
3018 2908 3501 2978 praetermissuris,

1911 3020 2229 3074 quanquam
2260 3004 2524 3075 plurima,
2557 3005 2604 3058 si
2648 3018 2834 3058 rerum
2863 3002 3191 3073 dignitatem
3216 3002 3501 3071 spectetis.

1912 3096 2314 3165 relinquamus.
2351 3094 2585 3166 Oportet
2612 3102 2799 3150 autem
2858 3095 3025 3164 paulo
3068 3094 3238 3150 altius
3285 3109 3503 3149 sermo-

1912 3200 2040 3239 nem
2063 3194 2404 3256 repetentes,
2441 3186 2651 3256 quibus
2680 3186 2955 3241 oriundus
2980 3186 3330 3257 parentibus,
3375 3188 3501 3256 quis

212 3274 600 3347 conceptionis
630 3275 827 3330 modus
848 3274 940 3341 sit,
970 3274 1125 3344 prius
1183 3274 1256 3328 ob
1286 3273 1478 3329 oculos
1502 3288 1749 3344 ponere;
1811 3284 1873 3330 ut
1911 3277 2036 3338 talis
2082 3278 2298 3334 fructus
2344 3278 2599 3334 arborem
2647 3295 2873 3349 quoque
2936 3294 3353 3350 cognoscamus,
3405 3286 3502 3335 aut

214 3370 405 3440 potius
434 3384 544 3424 non
572 3370 891 3441 ignoremus
922 3368 1189 3433 radicem,
1225 3383 1349 3437 qua:
1384 3374 1493 3422 tam
1537 3367 1799 3423 decorum
1842 3369 2103 3439 produxit
2136 3387 2370 3425 ramum.

1709 3504 1943 3562 CAPUT
1981 3508 2023 3561 Ι.

975 3594 1249 3659 Parentes,
1277 3596 1549 3662 nativitas,
1579 3594 1870 3666 baptisma:
1902 3606 1952 3652 et
1984 3590 2215 3669 pueritia
2251 3599 2422 3654 sancti
2435 3600 2731 3671 Symeonis.

280 3728 348 3789 δ’.
396 3732 561 3802 Ἀνήρ
586 3750 667 3794 τις
710 3731 913 3798 ὀλίγοις
939 3728 1252 3799 ἔμπροσθεν
1302 3727 1519 3797 χρόνοις
1555 3727 1615 3794 ἐξ
1662 3727 1807 3781 Ἑδέ-

1992 3744 2049 3799 4.
2078 3740 2235 3796 Mulzi
2254 3742 2365 3810 jam
2392 3739 2520 3792 anni
2556 3746 2706 3801 sunt,
2744 3750 2868 3791 cum
2890 3736 2974 3789 vir
3003 3731 3493 3804 quidam,nominc

219 3840 323 3897 σης
375 3822 718 3895 ὁρμώμενος,
748 3825 874 3876 νέαν
909 3821 989 3874 ἔτι
1037 3820 1133 3891 τὴν
1166 3812 1386 3887 ἡλικίαν
1436 3818 1607 3886 ἄγων,
1640 3818 1812 3887 ὄνομα

233 3920 513 3988 Ἰωάννης,
544 3918 686 3987 (σον)
747 3914 932 3976 αὐτοῖς
958 3912 1032 3975 ὡς
1068 3909 1181 3982 εἶχε
1216 3910 1456 3979 γονεῦσι,
1485 3910 1811 3980 κατειλήφει

216 4015 325 4082 τὴν
399 4010 675 4079 Ἀντιόχου
708 4025 722 4041 ·
758 4009 809 4061 οἱ
853 4007 907 4060 δὲ
956 4008 1064 4077 ἄρα
1130 4005 1391 4076 βάναυσοι
1457 4003 1555 4075 τὴν
1618 4003 1813 4074 τέχνην

217 4100 384 4176 ἦσαν,
422 4101 550 4171 περὶ
587 4098 852 4168 συλλογὴν
890 4098 1080 4168 μύρων
1114 4097 1208 4149 καὶ
1227 4096 1429 4166 πράσιν
1461 4096 1810 4166 πονούμενοι,

218 4196 319 4249 καὶ
352 4195 463 4244 πᾶν
493 4192 631 4261 ὅπερ
670 4190 737 4242 ἂν
768 4190 954 4251 αὐτοῖς
995 4188 1182 4257 ἐκείνη
1216 4187 1514 4258 πορίσειεν,
1553 4189 1811 4258 ἀφορμὴν

219 4286 382 4338 τοῦτο
428 4282 543 4353 βίου
598 4279 979 4350 πεποιημένοι.
1042 4278 1192 4331 Ἐπεὶ
1231 4278 1287 4331 δὲ
1322 4279 1424 4350 ἤδη
1480 4280 1577 4331 καὶ
1632 4280 1811 4349 γάμου

219 4379 302 4448 τῷ
334 4378 434 4445 υίῷ
464 4377 560 4429 καὶ
588 4374 851 4441 συζυγίας
880 4373 988 4425 εδει
1012 4372 1101 4425 διὰ
1127 4372 1227 4442 τὴν
1254 4372 1470 4441 ἡλικίαν
1490 4413 1503 4437 ,
1537 4371 1815 4439 διαλέγον-

225 4472 314 4525 ταί
356 4487 466 4523 τισι
518 4468 688 4539 κόρης
734 4465 977 4536 πατράσι
1027 4466 1252 4536 (Μάρθα
1285 4466 1342 4518 δὲ
1392 4466 1562 4536 ὄνομα
1594 4463 1812 4536 ταύτῃ),

223 4563 315 4632 ἐφ’
354 4556 398 4630 ᾧ
431 4562 566 4631 πρὸς
602 4561 817 4629 γάμους
850 4558 1021 4627 αὐτὴν
1070 4557 1375 4625 ἀγαγέσθαι
1408 4556 1486 4628 τῷ
1524 4558 1814 4628 νεανίσκῳ.

226 4658 338 4708 Καὶ
371 4657 422 4707 οι
457 4653 557 4723 μὲν
593 4654 849 4721 ἁσμένως
899 4648 1060 4703 τοῦτο
1117 4649 1423 4720 δεξάμενοι,
1460 4652 1526 4720 τῇ
1588 4650 1819 4718 θυγατρὶ

230 4746 531 4821 μηνύουσιν
560 4762 573 4775 ·
613 4747 645 4814 ἡ
678 4745 735 4797 δὲ
762 4743 1062 4813 παρθενίαν
1094 4743 1374 4811 ἠσπάζετο
1400 4785 1414 4807 ,
1455 4742 1656 4812 μᾶλλον
1689 4758 1818 4794 συνε-

228 4841 459 4907 αγαγεῖν
496 4835 666 4906 αὐτὴν
696 4833 870 4889 εἰδυῖα
904 4833 1131 4906 Χριστῷ
1179 4833 1256 4903 τῷ
1306 4831 1559 4903 ἀθανάτῳ
1600 4831 1819 4901 νυμτίῳ

228 4932 331 4995 τὰς
396 4929 697 5001 παρθένους
745 4926 923 4995 ψυχὰς
980 4926 1060 4988 είς
1118 4926 1209 4977 τὴν
1254 4926 1462 4977 ἐκείνου
1524 4924 1813 4992 νυμτρῶνα.

252 5027 649 5095 Ἐπικειμὲνων
687 5026 743 5077 δὲ
774 5024 953 5077 αὐτῶν
979 5024 1069 5076 καὶ
1112 5023 1209 5075 οὐκ
1237 5022 1516 5081 ἀνιέντων,
1549 5017 1646 5085 οὐχ
1674 5018 1821 5069 ὅσιον

1918 3837 2177 3899 Joannes,
2200 3834 2469 3887 oriundus
2500 3833 2730 3894 Edessa,
2759 3827 2989 3900 juvenili
3016 3825 3311 3881 admodum
3336 3835 3494 3880 aetate

1920 3927 2140 3989 ﬂorens,
2172 3941 2294 3979 eum
2322 3924 2455 3993 ipsis
2503 3936 2647 3993 quos
2692 3920 2887 3974 habuit
2931 3917 3260 3989 parentibus
3302 3916 3495 3971 Antio-

1918 4019 2096 4073 chiam
2125 4032 2183 4071 se
2217 4015 2449 4069 contulit
2475 4032 2487 4067 :
2523 4019 2783 4083 parentes
2808 4018 3014 4073 autem,
3042 4008 3349 4063 mechanici
3372 4007 3494 4077 opi-

1918 4111 2067 4172 lices,
2118 4105 2513 4177 conquirendis
2556 4102 3032 4170 divendendisque
3074 4098 3373 4169 unguentis
3404 4097 3497 4152 da-

1914 4200 2048 4254 bant
2077 4212 2325 4268 operam,
2348 4193 2693 4265 etquidquid
2726 4190 3036 4247 istiusmodi
3066 4199 3183 4244 arte
3214 4188 3318 4243 sibi
3342 4203 3495 4241 com-

1918 4300 2225 4364 parassent,
2250 4291 2375 4343 vita:
2402 4286 2794 4342 sustentatioui
2810 4282 3258 4354 impendebatur.
3274 4281 3496 4335 Postea-

1916 4400 2080 4456 quam
2106 4398 2241 4436 vero
2269 4384 2377 4451 jam
2414 4379 2624 4449 nuptiis
2678 4376 3050 4445 conjugioque
3098 4367 3350 4428 maturus
3400 4387 3497 4440 per

1916 4486 2131 4533 aetatem
2169 4475 2313 4529 (ilius
2366 4482 2510 4535 erat,
2564 4470 2947 4537 colquuentes
2993 4481 3119 4520 cum
3172 4462 3495 4535 parentibus

1912 4568 2110 4639 puella:
2144 4564 2452 4635 cujusdam,
2514 4561 2603 4616 cui
2659 4559 2882 4613 Martha
2940 4572 3169 4617 nomen,
3237 4553 3489 4609 eamdem

1911 4658 2097 4730 juveni
2124 4657 2177 4710 in
2213 4654 2624 4709 matrimonium
2652 4647 3029 4706 collocandam
3066 4653 3281 4716 petunt.
3306 4646 3486 4713 Atque

1914 4750 1991 4804 illi
2045 4747 2269 4817 quidem
2322 4744 2562 4799 oblatam
2624 4740 3001 4797 conditionem
3060 4736 3208 4790 baud
3261 4744 3485 4806 gravate

1914 4848 2283 4911 aceeptantes,
2330 4838 2496 4891 tiliam
2543 4834 2703 4889 istius
2764 4831 2845 4885 rei
2908 4830 3204 4885 certiorem
3244 4822 3485 4890 faciunt;
3526 4822 3529 4827 ’

1916 4944 1969 4987 ιιι
2005 4910 2120 4987 haec
2150 4932 2523 5001 virginitatem
2551 4910 2881 4995 ampleiata,
2909 4923 3193 4991 antiquius
3228 4920 3492 4981 habebat,

1922 5026 2133 5094 Sponso
2161 5022 2454 5077 immortali
2489 5019 2708 5073 Christo
2741 5016 3007 5085 virginem
3038 5028 3195 5066 suam
3229 5011 3491 5072 animant,

241 5118 404 5172 πάλιν
457 5118 531 5185 μὴ
583 5116 762 5168 πάντα
805 5111 1087 5167 πείθεσθαι
1138 5109 1406 5177 γονεῦσιν,
1439 5107 1546 5160 οὐδ’
1600 5105 1811 5167 εὐσεϐὲς

1923 5115 2088 5172 castis
2128 5113 2376 5167 thalamis
2399 5110 2711 5165 habendam
2738 5104 3265 5181 possidendamque,
3324 5102 3495 5156 collo-

240 5207 523 5278 ἡγουμένη
554 5244 569 5268 ,
602 5204 723 5275 Θεῷ
750 5204 849 5272 τὴν
875 5204 965 5255 τοῦ
1003 5202 1327 5269 πράγματος
1370 5199 1582 5253 δίδωσιν
1617 5197 1818 5265 κρίσιν,

240 5298 338 5350 καὶ
388 5295 539 5364 αὐτῷ
586 5293 652 5347 τὰ
702 5290 823 5345 καθ’
872 5286 1486 5357 ἑαυτὴνιὲπιτρέψασα,
1542 5285 1692 5355 παρὰ
1730 5283 1821 5336 τὸν

242 5387 392 5440 θεῖον
432 5384 526 5437 τοῦ
578 5382 897 5453 Προδρόμου
927 5380 1054 5435 ναὶν
1088 5378 1440 5445 ἀφικνεῖται,
1478 5374 1535 5435 ὃς
1572 5373 1678 5442 πρὸ
1723 5371 1823 5439 τῆς

254 5476 533 5547 Ἀντιόχου
584 5473 788 5543 ἵδρυτο,
824 5467 1172 5530 δυσωποῦσα,
1222 5464 1661 5535 προσπίπτουσα,
1713 5461 1823 5513 δεο-

246 5568 404 5638 μένη,
433 5566 699 5637 δάκρυσιν
722 5560 1098 5631 ὶκλιπαροῦσα
1134 5557 1334 5629 μᾶλλον
1356 5554 1387 5625 ἢ
1412 5555 1644 5625 ῥήμασι,
1683 5551 1822 5618 πλη-

246 5659 511 5730 ροφορίας
531 5655 659 5726 περὶ
680 5653 774 5708 τοῦ
800 5650 1164 5724 προκειμένου
1186 5648 1373 5717 τυχεῖν
1401 5661 1413 5676 ·
1432 5640 1499 5713 ἧς
1516 5645 1609 5696 καὶ
1625 5640 1822 5711 τυχοῦ-

246 5766 346 5812 σα,
378 5749 647 5800 τεκόντων
672 5744 810 5798 είκει
860 5741 1151 5811 θελήμασι,
1208 5737 1301 5791 καὶ
1342 5736 1537 5805 γάμων
1569 5733 1824 5802 κοινωνίᾳ

240 5826 321 5909 τῷ
360 5837 586 5909 Ἰωάννῃ
610 5834 960 5889 συνάπτεται.
998 5832 1061 5887 Ἡ
1086 5830 1182 5900 μὲν
1204 5828 1296 5882 οὖν
1315 5828 1586 5897 ὲναρέτως
1609 5824 1821 5896 βιοῧσα,
1854 5828 1860 5835 ’

243 5930 500 5986 κοινωνὸν
544 5929 637 5983 τὸν
680 5926 851 5999 ἄνδρα
902 5925 997 5980 καὶ
1036 5925 1129 5978 τοῦ
1176 5921 1380 5992 τρόπου
1429 5920 1698 5982 ποιεῖται,
1760 5918 1820 5969 ού

1919 5223 2061 5261 care.
2090 5206 2428 5259 Instantibus
2446 5213 2625 5256 tamen
2645 5198 2969 5271 parentibus
2993 5213 3092 5251 nec
3112 5196 3412 5264 quidquam
3431 5195 3499 5251 de

1917 5296 2192 5351 sententia
2218 5311 2313 5349 sua
2338 5288 3358 5351 remittentibus.exiStimansMartha,
3389 5302 3498 5340 non

1916 5389 2047 5442 satis
2076 5403 2293 5456 {equum
2324 5388 2586 5456 piumque
2618 5399 2760 5447 esse,
2790 5379 3353 5453 parentibusomnino
3385 5392 3502 5431 mo-

1914 5494 2029 5531 rem
2049 5492 2154 5531 non
2173 5492 2385 5547 gerere.
2405 5477 2513 5531 Dco
2539 5492 2649 5529 rem
2681 5483 2849 5530 totam
2864 5472 3226 5528 decidendam
3254 5469 3505 5525 commit-

1915 5570 1981 5623 tit
2000 5586 2013 5630 ;
2029 5569 2257 5638 ejusque
2278 5568 2513 5633 arbitrio
2540 5584 2597 5621 se
2619 5582 2828 5636 suaque
2846 5565 3199 5619 confarmans
3214 5562 3421 5626 omnia,
3437 5561 3504 5614 ad

1916 5660 2087 5713 sancti
2113 5657 2475 5717 Pmcursoris
2500 5658 2787 5725 templum,
2805 5655 2951 5725 quod
2969 5655 3021 5709 in
3041 5652 3510 5708 suburbioAntino

1918 5750 2054 5804 Chia:
2083 5758 2187 5814 est,
2221 5764 2278 5803 se
2312 5750 2544 5805 confert.
2580 5748 2657 5802 lbi
2685 5748 2899 5817 pudore
2930 5746 3161 5809 suffusa,
3188 5744 3506 5815 procidens,

1918 5841 2698 5913 orans,obsecrans.lacrymis
2716 5840 2997 5910 potentius
3019 5854 3183 5908 quam
3205 5837 3389 5892 verbis
3414 5835 3513 5891 ob-

1923 5934 2248 6001 testabatur,
2283 5935 2489 5991 certior
2517 5943 2574 5988 ut
2598 5932 2940 5994 redderetur,
2974 5930 3105 5986 ouid
3130 5929 3386 6000 praesenti
3421 5942 3514 5983 re-
