4118 6502
694 442 838 510 ’2991

1839 449 1898 509 S.
1944 451 2318 517 SYMEONIS
2354 458 2718 522 IUNIORIS

3782 469 3929 535 2992

680 586 804 623 rum
833 579 978 626 statu
1010 577 1154 628 facto
1185 587 1327 645 opus
1363 573 1523 631 foret.
1570 576 1787 635 Certior
1839 595 1972 637 vero
2036 582 2245 640 reddita

2353 568 2467 638 βίου
2511 570 2673 641 μόνον
2717 570 2864 642 αὐτῷ
2904 572 3116 644 βοηθὸς,
3144 575 3279 629 ἀλλὰ
3320 577 3414 630 καὶ
3442 579 3716 650 σωτηρίας
3743 580 3926 652 (days;

675 672 964 729 parentum
987 665 1253 720 voluntati
1289 668 1458 734 cedit,
1488 670 1794 742 Joannique
1823 673 2046 730 thalami
2076 678 2252 733 socie-

677 759 786 806 tate
816 753 1189 824 coniungitur,
1218 765 1274 811 et
1294 757 1462 813 vitam
1492 761 1748 831 religiose
1765 774 2065 836 sancteque
2089 768 2251 825 insti-

674 853 858 908 tuens,
881 859 1006 899 cum
1039 849 1238 904 marito
1276 866 1498 922 quoque
1536 869 1721 910 mores
1768 872 1900 914 suos
1931 860 2247 931 participat,

667 948 780 987 non
821 935 1002 990 so‘lum
1036 939 1163 995 vita
1196 942 1511 997 auxiliatrix
1539 943 1665 1015 ipsi,
1706 962 1900 1003 verum
1936 949 2102 1005 etiam
2139 951 2248 1008 dux

660 1026 862 1082 salutis
903 1027 1069 1085 facta.
1101 1031 1311 1089 Deinde
1345 1034 1412 1089 ad
1442 1037 1617 1092 sancti
1661 1038 2023 1098 Praecursoris
2066 1044 2248 1100 denuo

669 1118 930 1188 templum
974 1124 1271 1189 concessit,
1311 1124 1466 1187 humi
1501 1130 1908 1198 procumbens;
1943 1147 2060 1196 nec
2091 1134 2248 1202 quid-

667 1209 812 1278 piam
845 1209 1079 1267 alterius
1118 1213 1200 1268 rei
1252 1225 1619 1288 praatcrquam
1658 1221 1837 1289 panis,
1875 1236 2032 1291 aqua;
2064 1230 2121 1278 et
2161 1240 2246 1279 sa-

665 1299 734 1352 lis
763 1308 1024 1370 gustaris;
1061 1318 1171 1359 non
1201 1305 1468 1364 inclinato
1500 1310 1553 1363 in
1604 1311 1749 1365 latus
1786 1327 2039 1382 corpore,
2099 1330 2244 1369 som-

663 1406 793 1444 num
837 1392 1041 1449 ibidem
1068 1396 1324 1466 capiens;
1367 1407 1424 1453 et
1454 1399 1726 1472 lacrymas
1754 1417 1885 1460 suas
1931 1404 2244 1463 die'noete-

661 1496 769 1550 que
799 1482 852 1536 in
872 1497 1067 1554 panem
1086 1497 1418 1545 convertens
1445 1505 1512 1545 eo
1569 1491 1697 1558 (ine,
1756 1502 1819 1547 ut
1860 1493 2026 1561 illius,
2069 1497 2242 1553 inter-

642 1572 891 1630 ee'dente
920 1586 1111 1632 sancto
1132 1577 1344 1634 Joanne
1374 1579 1641 1651 Baptista,
1683 1585 2086 1640 concederetur
2108 1587 2237 1655 sibi,

2355 661 2890 733 γενομένη.”Επειτα
2917 665 3103 736 μέντοι
3119 667 3196 739 τῷ
3222 669 3372 739 αὐτῷ
3387 670 3480 724 τοῦ
3502 672 3819 743 Προδρόμου
3838 676 3929 728 καὶ

2356 753 2519 808 πάλιν
2545 756 2900 826 προσεδρεύει
2933 759 3069 830 ναῷ,
3111 761 3204 813 ἐπὶ
3229 760 3322 814 τοῦ
3346 763 3581 832 ἐδάφους
3619 764 3927 837 καθημένη,

2347 844 2441 898 καὶ
2474 845 2548 914 μὴ
2599 846 2644 900 δ’
2673 841 2879 902 οὗτινος
2918 845 3011 902 οὖν
3067 851 3280 922 ἑτέρου,
3323 854 3404 906 ὃτι
3439 855 3515 925 μὴ
3575 856 3740 925 μόνον
3767 857 3928 927 ἄρτου

2347 938 2439 991 καὶ
2477 937 2673 1001 ὕδατος
2728 940 2822 992 καὶ
2873 940 3016 994 ἁλῶν
3065 945 3360 1015 γευομένη,
3421 946 3555 1017 μηδὲ
3579 949 3660 1010 είς
3695 948 3931 1018 πλευρὰν

2344 1028 2769 1102 ἀνακλινομένη,
2801 1032 2938 1087 ἀλλὰ
2971 1035 3063 1086 καὶ
3113 1033 3284 1087 ὐπνου
3339 1034 3518 1110 ταύτῃ
3576 1039 3930 1107 μεταλαμῦάο

2345 1137 2532 1185 νουσα,
2565 1122 2659 1176 καὶ
2709 1123 2873 1193 ἄρτον
2904 1126 3070 1194 ἑαυτῇ
3112 1125 3180 1178 τὰ
3227 1128 3403 1182 οίκεῖα
3451 1128 3666 1198 δάκρυα
3727 1130 3928 1201 μᾶλλον

2345 1208 2562 1277 ἡμέρας
2591 1209 2685 1261 καὶ
2720 1211 2914 1274 νυκτὸς
2961 1213 3282 1282 ποιουμένη,
3313 1214 3456 1271 ὥστε
3512 1217 3736 1288 δοθῆναι
3768 1220 3930 1272 παῖδα

2349 1300 2470 1361 ταῖς
2508 1301 2602 1353 τοῦ
2635 1301 2944 1354 Βαπτιστοῦ
2983 1305 3303 1373 πρεσϐείαις
3329 1309 3490 1379 αὐτῇ,
3523 1308 3582 1361 ὃν
3614 1311 3754 1378 αὐτὴ
3784 1312 3931 1364 δοτδν

2346 1389 2509 1443 πάλιν
2535 1394 2678 1445 κατὰ
2709 1393 2799 1446 τὸν
2821 1395 3077 1466 Σαμουὴλ
3107 1397 3371 1467 προσάξει
3411 1400 3554 1471 Θεῷ.
3590 1401 3802 1472 Τολμᾷ⁸
3822 1404 3931 1471 γὰρ

2345 1481 2444 1552 ἤδη
2476 1500 2570 1552 μοι
2629 1485 2724 1538 καὶ
2779 1486 2942 1558 μέχρι
3003 1489 3216 1555 τούτου,
3262 1490 3402 1561 πρὸς
3450 1491 3520 1545 τὰ
3572 1492 3929 1562 samum;

2341 1572 2508 1638 ὁρῶν.

651 1665 1268 1736 eumdem‘Deo,'velut
1296 1672 1536 1728 alterum
1585 1676 1915 1743 Samuelem,
1953 1693 2053 1749 per
2081 1681 2245 1739 oblati

2350 1695 2412 1736 :m
2443 1678 2760 1735 redditum.
2793 1674 2973 1731 Audet
3003 1674 3149 1732 enim
3183 1675 3358 1731 oratio
3411 1688 3600 1730 nostra
3642 1677 3925 1744 ltucu:qt.e

649 1759 935 1829 progredi,
971 1762 1368 1835 respiciensad
1399 1766 1633 1838 reliqua.

736 1857 788 1910 5.
819 1856 937 1910 Non
974 1859 1206 1912 multum
1243 1860 1559 1915 intercessit.
1586 1864 1878 1929 temporis,
1924 1879 2048 1918 cum
2101 1879 2229 1917 ecce

2421 1855 2484 1903 ε’,
2516 1851 2590 1902 Οὐ
2622 1852 2796 1921 βραχύ
2829 1854 2887 1906 τὸ
2917 1856 2974 1906 ἐν
3009 1857 3180 1926 μέσῳ,
3216 1857 3310 1910 καί
3341 1876 3426 1922 τις
3473 1852 3931 1926 γλικεῖα,νυκτὺς

659 1947 901 2018 jucunda
938 1948 1188 2018 quaedam
1222 1940 1388 2006 noctu
1416 1951 1578 2015 visio,
1643 1954 1757 2021 ipse
1788 1954 2127 2008 Prodromus
2153 1970 2245 2024 ap—

2350 1943 2715 2014 όΠρόδρομος
2766 1949 3050 2016 ἐφίσταται
3100 1950 3241 2020 ὄψις,
3296 1951 3521 2022 Θάρσει,
3550 1951 3734 2019 γύναι,
3759 1954 3932 2022 λέγων

663 2050 839 2109 paret,
867 2039 1120 2108 Conﬁde,
1168 2043 1388 2107 mulier,
1452 2044 1752 2114 inquiens;
1786 2055 2042 2115 suscepta
2094 2046 2242 2100 enim

664 2131 910 2200 precatio
941 2141 1031 2185 tua
1058 2139 1182 2186 est:
1217 2133 1374 2202 cujus
1413 2133 1494 2188 rei
1526 2133 1642 2188 haec
1695 2133 1886 2189 odoris
1926 2135 2242 2189 suavissimi

663 2221 995 2292 compositio
1026 2224 1244 2293 signum
1276 2232 1425 2290 esto;
1457 2240 1620 2294 quam
1652 2224 1744 2278 ubi
1781 2225 2100 2295 perceperis
2151 2240 2242 2279 ea-

663 2313 789 2368 dem
823 2313 1050 2367 domum
1079 2323 1250 2368 totam
1290 2314 1724 2387 'suﬂ'umigabis;
1793 2316 1900 2370 erit
1957 2317 2106 2370 enim
2159 2327 2244 2370 sat

663 2420 860 2474 magna
890 2405 988 2460 tibi
1021 2406 1201 2476 copia.
1242 2406 1439 2462 Mulier
1469 2415 1657 2462 autem
1716 2409 1984 2464 continuo
2037 2423 2237 2478 exper-

665 2506 835 2561 recta,
861 2495 1063 2550 timore
1098 2496 1310 2565 pariter
1341 2505 1397 2551 et
1427 2497 1619 2552 laetitia
1663 2497 1940 2568 perfusam
1969 2513 2029 2552 se
2058 2498 2239 2552 anim-

664 2588 938 2652 advertit;
966 2586 1193 2642 ‘timore
1237 2586 1462 2656 quidem
1509 2597 1735 2657 propter
1779 2587 2082 2642 novitatem
2119 2603 2240 2657 spe-

667 2679 893 2743 ctaculi,
921 2677 1110 2733 laetitia
1145 2692 1279 2732 vero
1311 2686 1540 2748 propter
1582 2678 1754 2748 prolis
1801 2680 1988 2748 petita
2017 2679 2240 2750 pollici-

669 2771 937 2824 tationem
997 2769 1223 2839 (ecquis
1275 2777 1483 2834 autem,
1530 2783 1564 2823 ο
1613 2768 1832 2825 Christe
1872 2785 1969 2825 rex
2023 2778 2235 2832 noster,

666 2858 1090 2922 multitudinem
1115 2857 1518 2915 bonitatis'tua:
1546 2858 1729 2930 dignis
1773 2859 2016 2914 celebret
2056 2857 2240 2914 laudi-

668 2952 855 3022 bust),
887 2950 1048 3022 quasi
1072 2949 1298 3020 globum
1331 2948 1548 3006 sumtus
1574 2965 1831 3020 magnum
1869 2949 2091 3004 tenebat
2119 2964 2240 3003 ma-

666 3045 864 3110 nibus;
898 3043 1183 3112 simulque’
1207 3042 1362 3097 humi
1391 3057 1451 3096 se
1483 3047 1866 3111 prosternens,
1892 3055 1956 3095 ac
1977 3055 2154 3110 prono
2184 3040 2237 3094 in

665 3136 1045 3206 pavimentum
1071 3133 1276 3204 capite,
1306 3141 1433 3188 ante
1463 3148 1616 3187 aram
1641 3132 1768 3186 nixa
1805 3131 2059 3202 genibus,
2105 3137 2240 3201 quot

2350 2035 2483 2103 αὐτῇ
2512 2052 2526 2066 ο
2565 2036 2902 2110 προσεδέχθη
2941 2040 3050 2110 γὰρ
3076 2043 3109 2110 ἡ
3159 2042 3344 2112 δέησίς
3391 2059 3506 2109 σου,
3533 2045 3628 2096 καὶ
3674 2043 3810 2114 αὕτη
3851 2062 3930 2097 σοι

2349 2130 2577 2196 σημεῖον
2603 2131 2635 2199 ὴ
2658 2130 2878 2196 εὐωδία,
2921 2134 3108 2203 φησὶν,
3150 2137 3218 2205 ῆν
3252 2137 3345 2188 καὶ
3371 2136 3614 2190 λαϐοῦσα
3645 2137 3932 2208 Θυμιὰσεις

2346 2219 2422 2288 τῷ
2455 2221 2589 2291 οἴκῳ
2627 2238 2640 2250 ο
2680 2222 2929 2293 ἀρκοῦσα
2971 2227 3080 2296 γὰρ
3110 2228 3193 2295 ἐφ’
3223 2228 3409 2281 ἱκανὸν
3442 2228 3600 2282 ἔσται
3631 2247 3736 2281 σοι.
3781 2230 3845 2282 Ἡ
3876 2231 3931 2281 δὲ

2353 2313 2666 2382 κατάφοϐος
2687 2315 2819 2384 ὁμοῦ
2844 2319 2936 2370 καὶ
2968 2321 3271 2391 περιχαρὴς
3299 2321 3496 2374 αὐτίκα
3511 2321 3888 2375 διυπνισθείσα
3919 2365 3932 2388 ,

2345 2403 2406 2453 τὸ
2443 2403 2563 2471 μὲν,
2597 2403 2673 2474 τῷ
2706 2406 2888 2478 -καινῷ
2909 2407 3004 2460 τοῦ
3033 2411 3310 2480 ὁράματος
3333 2455 3347 2478 ,
3387 2413 3449 2465 τὸ
3479 2413 3561 2477 δὲ,
3593 2417 3663 2484 τῇ
3690 2415 3786 2467 τοῦ
3845 2418 3930 2467 al-

2343 2492 2598 2561 τηθέντος
2638 2497 2943 2568 ἐπαγγελίᾳ
2965 2499 3082 2566 (Τίς
3148 2519 3262 2566 σου,
3311 2505 3515 2574 Χριστὲ
3580 2505 3829 2575 βασιλεῦ,
3870 2507 3931 2558 τὸ

2344 2584 2444 2654 τῆς
2493 2588 2860 2659 χρηστότητος
2917 2591 3124 2661 πλῆθος
3162 2594 3330 2660 ἀξίως
3359 2596 3745 2666 ὐμνήσειενί),
3796 2599 3932 2652 ὡσεὶ

2347 2684 2580 2751 σφαῖραν
2631 2683 2974 2754 Θυμιάματος
3029 2686 3274 2756 μεγάλην
3301 2684 3414 2758 εἶχε
3453 2688 3540 2742 διὰ
3587 2691 3808 2761 χειρὸς,
3839 2692 3931 2743 καὶ

2347 2772 2692 2842 παραχρῆμα
2739 2774 2814 2838 ὡς
2848 2771 2996 2846 εἶχεν
3027 2777 3228 2847 ἑαυτὴν
3256 2777 3334 2847 τῷ
3361 2779 3546 2848 ἐδάφει
3594 2779 3764 2833 δοῦσα
3784 2818 3800 2846 ,
3835 2780 3931 2832 καὶ

2343 2863 2588 2932 κεφαλὴν
2645 2864 2732 2917 ἐπ’
2767 2864 2898 2919 αὐτὸ
2943 2868 3051 2937 πρὸ
3078 2869 3173 2921 τοῦ
3216 2868 3607 2939 Θυσιαστηρίου
3642 2869 3784 2939 μετὰ
3836 2871 3930 2922 καὶ

2344 2955 2585 3022 γονάτων
2614 2955 2897 3026 ἐρείσασα,
2932 2958 3090 3020 ποίας
3113 2959 3570 3030 εὐχαριστηρίους
3599 2961 3699 3014 οὐκ
3729 2963 3929 3013 εποιεῖ-

2344 3061 2405 3097 το
2431 3046 2650 3112 φωνάςς
2679 3046 2833 3110 τίνας
2860 3047 3117 3117 δακρύων
3142 3051 3493 3119 ὀχετοὺς-οὐκ
3527 3053 3680 3121 ἠφίει
3711 3054 3726 3105 i
3759 3052 3925 3121 Ἑξῆς

2344 3133 2400 3186 δὲ
2432 3133 2671 3188 λαϐοῦσα
2700 3135 3085 3208 Θυμιατήριον,
3118 3141 3377 3210 τοιαύτης
3417 3143 3658 3214 ἐπλήρου
3696 3143 3929 3205 εὐωδίας

666 3227 807 3296 grati
866 3226 1038 3281 animi
1085 3241 1272 3291 voces,
1311 3232 1449 3295 quot
1504 3224 1652 3279 rivos
1706 3224 2076 3295 lacrymarum
2125 3237 2235 3276 non

2350 3225 2438 3279 τὸν
2494 3221 2663 3290 οἷκον,
2695 3228 2770 3290 ὡς
2820 3227 2947 3300 μηδ’
2993 3228 3141 3301 ἔχειν
3197 3233 3325 3296 τοὺς
3378 3235 3547 3305 αὐτῆς
3588 3235 3928 3303 ἀπιλαμὸα-

666 3315 1227 3376 emittebatlDeiude
1277 3323 1501 3386 arrepto
1535 3314 1846 3378 thuribulo,
1900 3313 1994 3367 tali
2060 3313 2244 3367 locum

2351 3317 2610 3384 νομένους
2668 3299 2891 3373 εἰδέναι
2935 3299 3124 3390 capti);
3164 3362 3179 3386 ,
3245 3325 3368 3394 ἥτις
3427 3299 3556 3379 ποτὲ
3607 3325 3746 3396 αὕτη
3773 3299 3796 3356 ί
3833 3327 3933 3378 καὶ

669 3409 935 3480 implebat
964 3407 1157 3461 odoris
1181 3406 1475 3472 suavitate,
1499 3413 1560 3460 ut
1589 3405 1734 3460 illam
1777 3405 2082 3460 sentientes
2128 3419 2238 3458 non

2350 3407 2533 3459 ὁποίου
2562 3411 2630 3462 ἂν
2653 3411 2734 3480 εἴη
2777 3411 2949 3483 μύρου
3001 3413 3196 3482 (οὕτως
3253 3417 3565 3487 ἀπόρρητόν
3621 3435 3674 3470 τι
3735 3418 3930 3487 χρῆμα

668 3500 804 3557 satis
850 3506 1252 3569 cognoscerent
1304 3497 1483 3567 qualis
1505 3503 1684 3563 esset;
1740 3494 1872 3565 quin
1924 3493 2240 3557 etiam,cu-

2349 3498 2446 3551 καὶ
2468 3499 2608 3552 οείον
2629 3497 2716 3572 ἦν)
2748 3504 3154 3575 ὲρμηνευθῆναι
3185 3507 3327 3578 λόγῳ
3355 3503 3429 3575 μὴ
3455 3503 3741 3576 δυναμένη.

663 3599 884 3670 jusnam
917 3595 1058 3650 odor
1083 3595 1175 3650 ille
1207 3593 1474 3664 unguenti
1512 3591 1656 3647 foret
1688 3590 1824 3663 (tam
1857 3590 2250 3646 inenarrabilis
2284 3607 2347 3647 ac
2419 3593 2605 3648 divina
2646 3597 2896 3665 quedam
2928 3614 3016 3653 res
3085 3599 3221 3670 erat)
3243 3603 3425 3655 verbis
3486 3601 3745 3670 ιιηνιίεςιτί
3787 3617 3932 3655 nuu-

668 3704 833 3762 quam
862 3687 1062 3759 potuit.

733 3784 796 3839 6.
829 3784 925 3838 lllo
963 3783 1129 3853 igitur
1157 3779 1248 3834 die
1274 3787 1447 3834 totum
1479 3792 1621 3848 pene
1648 3770 1983 3832 odoramcnti
2018 3773 2238 3844 globum

669 3874 942 3932 adolen‘do
997 3871 1379 3942 consumpsit,
1436 3870 1636 3939 exigua
1698 3866 1934 3937 quadam
1988 3867 2242 3936 portione

671 3968 935 4023 duntaxat
965 3964 1180 4029 relicta,
1209 3978 1374 4034 quam
1429 3961 1736 4031 strophiolo
1783 3957 1929 4028 quod
1957 3974 2122 4011 manu
2158 3967 2239 4012 te-

669 4061 859 4124 nebat,
893 4057 1158 4127 involvit.‘
1198 4056 1431 4110 Postera
1486 4060 1671 4107 autem
1740 4052 1887 4117 luce,
1932 4051 2165 4104 excitata
2212 4064 2243 4103 e
2280 4086 2286 4096 .

671 4168 886 4216 somno,
935 4158 1105 4205 totam
1151 4148 1299 4203 illam
1368 4145 1665 4200 suﬂimenti
1717 4143 2081 4213 quantitatem
2131 4145 2244 4210 (res

672 4248 814 4301 mira
836 4247 876 4313 ι)
899 4258 1065 4314 quam
1095 4251 1321 4297 sanctus
1361 4239 1679 4294 Praecursor
1727 4235 1978 4299 dederat,
2011 4232 2241 4288 invenit.

669 4336 850 4406 Atque
877 4335 993 4404 ipsa
1015 4332 1240 4402 quidem
1263 4331 1480 4398 eodem,
1508 4346 1618 4401 quo
1640 4328 1843 4399 pridie,
1896 4325 2061 4380 modo
2084 4322 2243 4378 faeti-

677 4428 848 4492 tabat,
880 4426 1258 4496 templumque
1283 4439 1480 4479 rursus
1513 4420 1863 4478 suavitudine
1912 4417 2100 4473 odoris
2150 4429 2241 4469 re-

669 4518 960 4576 ferciebat.
1012 4517 1323 4587 interiecto
1387 4521 1571 4568 autem
1629 4511 1914 4581 aliquanto
1971 4517 2240 4576 tempore,

2350 3780 2353 3806 ῖ
2427 3771 2503 3830 ς’.
2542 3762 2654 3834 Τὴν
2687 3761 2786 3834 μὲν
2812 3758 2906 3818 οὖν
2940 3765 3178 3834 σφαῖραν
3209 3763 3394 3818 πᾶσαν
3433 3763 3620 3833 σχεδὸν
3646 3765 3764 3818 κατ’
3791 3766 3942 3819 ὲκεί-

2355 3874 2452 3928 νην
2481 3856 2724 3909 ἀνάλωσε
2757 3856 2857 3926 τὴν
2887 3855 3122 3926 ἡμέραν,
3153 3854 3230 3925 τῷ
3260 3855 3374 3926 ναῷ
3415 3855 3691 3925 θυμιῶσα,
3737 3858 3939 3928 μικρὸν

2357 3948 2413 4001 δέ
2447 3965 2498 4000 τι
2528 3948 2697 4018 μέρος
2730 3946 3077 4014 ὑπολειφθὲν,
3128 3947 3206 4016 τῷ
3253 3947 3357 4000 ἀνὰ
3406 3949 3562 4016 χεῖρα
3611 3947 3938 4017 περιέδησεν

2354 4040 2632 4111 ὲγχειρίῳ.
2667 4039 2780 4109 Τῆς
2821 4039 2868 4091 δ’
2914 4037 3176 4107 ἐπιούσης
3207 4037 3367 4101 αὖθις
3405 4037 3500 4089 τοῦ
3533 4037 3703 4091 ὕπνου
3743 4038 3936 4092 διανα⁹

2356 4137 2550 4198 στᾶσα,
2609 4129 2733 4204 εὗρε
2775 4134 2938 4188 πάλιν
2982 4134 3114 4203 ὃλην
3159 4133 3363 4203 αὐτὴν,
3392 4127 3444 4187 ὦ
3476 4131 3572 4185 τοῦ
3618 4132 3932 4201 Θαύματοςῐ

2353 4228 2427 4290 ὡς
2473 4227 2577 4280 ὑπὸ
2610 4225 2704 4279 τοῦ
2737 4226 2894 4294 ἁγίου
2924 4225 3124 4280 δέδοτο.
3162 4225 3272 4278 Καὶ
3316 4228 3348 4296 ἡ
3397 4226 3520 4295 μὲν,
3565 4225 3633 4276 τὰ
3686 4225 3775 4276 ἶσα
3822 4227 3937 4286 τοῖς

2353 4320 2640 4392 προτέροις
2663 4319 2814 4388 ἔδρα,
2834 4319 2927 4373 καὶ
2951 4317 3044 4370 τὸν
3063 4317 3191 4372 ναὸν
3222 4317 3388 4381 αὖθις
3407 4317 3636 4379 εὐωδίας
3665 4316 3932 4386 ἐπλήρου.

2351 4415 2559 4486 Χρόνου
2593 4414 2652 4469 δέ
2685 4426 2840 4476 τινος
2877 4413 3280 4482 διαγενομένου,
3323 4411 3358 4463 ὁ
3411 4410 3725 4479 Πρόδρομος
3767 4409 3938 4461 πάλιν

2350 4507 2486 4578 αὐτῇ
2519 4505 2724 4573 γλυκὺς
2753 4505 2962 4576 ὄνειρος
2996 4503 3246 4569 ἐπιστὰς,
3284 4501 3600 4572 Ἆνάστηΰι,
3636 4501 3792 4570 φησὶ,
3837 4498 3936 4568 τύ-

615 4672 617 4674 ,
671 4620 900 4668 sanctus
925 4611 1245 4665 Praecurs’or
1275 4605 1586 4674 denuoipsi
1627 4611 1782 4674 grato
1815 4615 2011 4656 somno
2052 4597 2245 4667 sopitae

2350 4617 2464 4666 ναι,
2481 4600 2576 4652 καὶ
2607 4597 2841 4669 πορεύου
2869 4597 3020 4664 παρὰ
3049 4596 3139 4650 τὸν
3164 4595 3294 4650 ἴδιον
3316 4595 3485 4664 ἄνδρα
3509 4611 3524 4624 ·
3548 4593 3800 4664 συλλήψῃ
3823 4595 3932 4663 γὰρ

671 4703 1107 4776 superveniens:
1146 4699 1343 4768 Surge,
1398 4697 1600 4767 inquit,
1634 4693 1852 4756 mulier,
1889 4700 1948 4746 et
2005 4689 2248 4744 concede

670 4795 740 4850 ad
776 4793 1036 4847 maritum
1071 4801 1262 4855 tuum;
1300 4787 1583 4858 concipies
1608 4785 1757 4841 enim
1782 4780 2250 4848 ﬁlium,vocabis-

670 4902 781 4959 que
811 4900 1014 4940 nomen
1064 4883 1186 4953 ejus
1240 4879 1502 4953 Symeon.
1541 4879 1650 4933 Lac
1692 4877 1930 4930 dexterae
1994 4872 2250 4927 mamillae

677 4991 786 5036 tute
808 4984 987 5048 suget,
1010 4985 1066 5032 et
1095 4975 1319 5030 sinistra
1346 4973 1576 5028 omnino
1613 4967 1917 5024 abstinebit
1939 4983 1953 5032 ;
1975 4965 2084 5021 erit
2102 4965 2250 5020 enim

676 5070 826 5125 filius
849 5067 1112 5122 dextera.
1145 5065 1380 5121 Carnem
1407 5072 1464 5117 et
1515 5062 1724 5125 vinum,
1759 5069 1815 5114 et
1853 5054 2122 5128 quidquid
2155 5055 2246 5110 in-

672 5160 888 5218 dustria
933 5170 1098 5230 atque
1154 5173 1245 5212 ars
1273 5155 1517 5211 humana
1576 5151 1796 5207 noverit
1848 5162 2066 5219 parare,
2136 5159 2245 5199 non

671 5252 996 5323 continget:
1037 5250 1132 5304 sed
1185 5247 1348 5318 panis
1383 5253 1440 5300 et
1464 5259 1625 5314 aqua.
1666 5242 1773 5297 mel
1827 5248 1884 5294 et
1937 5238 2012 5294 sal
2067 5236 2248 5291 nutri-

675 5356 928 5401 mentum
961 5343 1114 5398 illius
1157 5347 1346 5403 erunt,
1377 5336 1573 5394 sedulo
1623 5343 1809 5388 autem
1855 5326 2252 5384 custodiendus

673 5439 775 5496 tibi
816 5436 948 5500 erit,
997 5433 1169 5488 veluti
1225 5445 1322 5485 vas
1387 5440 1606 5484 sacrum
1639 5433 1696 5479 et
1722 5421 1911 5477 divino
1944 5416 2251 5474 ministerio

673 5527 996 5590 dicandum.
1030 5521 1249 5578 Biennii
1298 5533 1465 5590 porro
1515 5517 1704 5586 elapso
1737 5511 1936 5582 spatio,
1983 5509 2085 5563 hac
2135 5507 2250 5577 ipsa

2347 4692 2481 4758 υίδν,
2503 4692 2596 4745 καὶ
2616 4690 2867 4755 καλέσεις
2887 4690 2949 4743 τὸ
2970 4689 3141 4760 ὄνομα
3161 4686 3327 4741 αὐτοῦ
3347 4686 3596 4756 Συμεών*
3615 4685 3790 4751 δεξιοῦ
3827 4703 3938 4757 μα-

2350 4779 2476 4833 στοῢ
2538 4779 2678 4848 γάλα
2719 4777 2946 4850 θηλάσει
2981 4795 3100 4845 σου,
3131 4776 3228 4833 τοῦ
3261 4777 3546 4849 εὐωνύμου
3582 4779 3638 4832 δὶ
3671 4777 3936 4845 καθάπαξ

2349 4871 2609 4939 ἀφέξεται
2635 4887 2650 4904 ο
2680 4870 2834 4925 ἔσται
2856 4872 2966 4941 γὰρ
3016 4871 3126 4924 τῶν
3172 4869 3364 4935 δεξιῶν
3403 4873 3465 4922 τὸ
3492 4869 3708 4923 παιδίον
3732 4887 3747 4900 ι
3797 4887 3936 4941 κρε-

2350 4963 2425 5015 ῶν
2459 4963 2490 5034 ἢ
2542 4963 2771 5033 οῐνου,ἢ
2830 4962 2939 5015 τῶν
2962 4964 3062 5015 ὅσα
3087 4962 3252 5033 τέχνη
3289 4961 3384 5014 καὶ
3427 4960 3552 5030 χεὶρ
3589 4955 3698 5012 οἶδε
3729 4962 3934 5012 σκευα-

2354 5053 2493 5118 ζειν,
2521 5055 2582 5107 οὐ
2616 5055 3010 5125 μεταλήψεται.
3041 5053 3159 5106 ἀλλ’
3190 5053 3355 5123 ἄρτος
3381 5053 3414 5122 ἡ
3453 5049 3631 5120 τροφὴ
3664 5050 3759 5102 καὶ
3789 5049 3940 5120 "ubmp

2357 5141 2528 5212 αὐτῷ,
2554 5142 2649 5195 καὶ
2675 5141 2798 5213 μέλι
2827 5141 2921 5196 καὶ
2951 5141 3078 5205 ᾶλες
3103 5158 3118 5172 ·
3153 5142 3182 5195 δ
3215 5142 3309 5195 καὶ
3339 5142 3493 5212 πάσῃ
3524 5139 3739 5209 φυλακῇ
3765 5157 3943 5212 τηρη-

2355 5232 2501 5291 τέον,
2528 5233 2604 5297 ὡς
2630 5233 2824 5295 σκεῦος
2854 5233 3032 5301 ἅγιον,
3064 5235 3160 5287 καὶ
3186 5233 3305 5306 Θεῷ
3329 5235 3408 5295 είς
3441 5233 3795 5302 λειτουργίαν
3827 5235 3942 5286 tad-

2359 5340 2540 5392 μενον.
2573 5323 2757 5384 Διετὲς
2804 5324 2860 5376 δὲ
2881 5317 3104 5392 γεγονὸς
3143 5326 3201 5376 ἐν
3232 5323 3366 5393 τῷδε
3398 5322 3476 5394 τῷ
3498 5323 3634 5393 οἴκῳ
3665 5324 3722 5375 τὸ
3794 5324 3942 5377 θεῖον

2360 5412 2642 5484 βάπτισμα
2671 5412 2913 5477 δέξεται,
2948 5417 3047 5467 xai.
3098 5412 3238 5467 αὐτὸ
3284 5417 3423 5485 μετὰ
3467 5411 3659 5485 τηνικ
3686 5412 3784 5466 τοῦ
3843 5416 3943 5483 βα-

2357 5503 2667 5573 πτίσματος
2699 5505 2880 5575 χάριν,
2910 5504 2979 5556 τὰ
3005 5505 3132 5575 περὶ
3159 5504 3351 5558 ἑαυτοῦ
3376 5505 3688 5572 φθέγξεται.

673 5626 731 5682 in
752 5621 990 5680 ecclesia
1020 5633 1244 5677 sacrum
1267 5616 1540 5688 baptisma
1600 5611 1889 5682 suscipiet,
1932 5608 2246 5680 gratiaeque
2285 5602 2630 5677 baptismalis
2662 5600 2844 5658 factus
2879 5599 3181 5671 particeps,
3209 5596 3511 5671 quiddese
3537 5598 3789 5653 futurum
3850 5598 3942 5662 sit,

674 5713 1011 5774 enuntiabit.

744 5808 800 5863 7.
828 5803 1041 5862 Martha
1062 5803 1235 5874 igitur
1267 5809 1374 5855 tam
1408 5797 1668 5870 ιιι-περιιιί
1699 5795 1998 5864 divinaque
2027 5790 2248 5862 appari-

676 5902 826 5959 tione
877 5897 1122 5968 dignata,
1165 5891 1421 5964 perculsa
1474 5899 1533 5946 et
1560 5887 1773 5958 trepida
1827 5885 2050 5940 domum
2095 5897 2250 5939 suam

2377 5789 2383 5794 ’
2428 5787 2496 5852 ζ’.
2546 5786 2612 5840 Ἦ
2642 5785 2741 5858 μὲν
2776 5784 2870 5839 οὖν
2895 5781 3033 5852 γυνὴ
3057 5781 3316 5852 τοιαύτης
3357 5781 3450 5832 καὶ
3477 5779 3621 5834 οὕτω
3645 5779 3800 5844 Θείας
3830 5785 3938 5836 ἐπι·

2363 5873 2590 5944 στασίας
2642 5879 2962 5945 ἀξιωθεῖσα,
2983 5875 3291 5944 ὑπότρομος
3327 5873 3420 5926 καὶ
3448 5874 3715 5947 ,περιδεὴς
3736 5878 3824 5940 εἰς
3860 5875 3943 5929 εδδ

3557 6490 3605 6499 ἡ
3657 6492 3757 6502 -ἡτ
3818 6493 3913 6502 *τε
3960 6493 3993 6502 ἠ·-
