4118 6502
218 376 361 444 2993

1250 387 1430 453 νπΑ
1467 389 1514 447 Α
1551 374 1990 446 NICBPHORO
2029 373 2524 438 CONSCRIPI‘A.

3360 373 3504 438 2994

218 492 425 547 οίκεῐον
469 489 750 547 ἐπάνεισιν
788 489 960 561 οἷκον,
997 495 1128 550 είσω
1170 498 1357 554 πυλῶν
1390 500 1489 571 τῆς
1534 495 1841 568 ’Δντιόχου.

1940 488 2238 553 evertitur,
2267 487 2414 542 intra
2439 491 2634 556 portas
2667 481 2978 540 Antiochiae
3012 482 3214 553 sitam;
3245 486 3501 546 accedit-

219 586 387 639 δνταο
421 586 838 658 καταλαμδάνει
876 587 935 642 δὲ
984 588 1078 644 τὸν
1129 590 1332 661 ἑαυτῆς
1376 591 1544 664 ἄνδρα
1605 590 1686 663 τῷ
1726 590 1811 661 βι-

222 677 364 748 ϐλίῳ
397 679 820 749 προσκείμενον,
847 677 876 732 ὀ
906 678 1006 753 τὴν
1054 680 1322 752 ἐξήγησιν
1355 685 1457 755 τῆς
1514 683 1667 752 ἱερᾶς
1717 680 1811 735 τοῦ

224 769 548 842 Προδρόμου
565 770 814 841 κεφαλῆς
838 774 1137 844 περιεῖχεν.
1169 773 1320 839 ὅπως
1355 776 1384 828 ὀ
1421 774 1679 838 τοσοῦτος
1712 773 1814 843 θη-

225 861 454 932 σαυρὸς,
487 863 581 915 καὶ
613 862 707 916 τοῦ
747 863 822 933 μὴ
851 864 1035 919 λαθεῖν
1073 863 1227 932 ἄξιος
1247 904 1264 931 ,
1297 866 1402 920 ὑπὸ
1435 867 1540 938 γῆν
1569 867 1818 938 κρυπτό-

229 967 396 1020 μενος
416 950 690 1024 εὑρεθείη.
727 951 1028 1024 Σύμσολον,
1060 950 1238 1026 οἴμαι,
1276 955 1375 1023 τῆς
1399 952 1495 1008 τοῦ
1530 952 1820 1023 εὐαγγελι-

226 1041 454 1105 σθέντος
485 1042 624 1116 αὐτῇ
663 1043 1003 1115 προφητείας
1033 1047 1130 1100 καὶ
1159 1046 1340 1111 τοῦτο,
1367 1047 1449 1100 ὅτι
1484 1047 1636 1116 μέγα·
1658 1063 1711 1101 τι
1743 1045 1819 1111 τῷ

228 1133 335 1205 βίῳ
363 1133 690 1203 ἀγαθὸνκαὶ
721 1129 881 1200 οὗτος
905 1138 1175 1210 φανεῖται.
1210 1136 1369 1210 Παρὰ
1412 1137 1493 1209 τῷ
1522 1137 1680 1210 ἀνδρὶ
1712 1138 1822 1192 τσί-

227 1243 328 1280 νυν
385 1225 678 1292 καθίσασα,
729 1227 833 1297 τῆς
885 1227 1251 1298 ἀναγνώσεως
1300 1230 1580 1300 ἠκροᾶτο·
1632 1230 1710 1293 ὡς
1763 1229 1822 1283 δὲ

227 1316 374 1388 αὕτη
430 1317 605 1388 πέρας
656 1312 804 1388 εἶχεν
862 1318 1034 1389 αὐτῷ,
1061 1320 1101 1389 ἡ
1129 1319 1264 1390 γυνὴ
1295 1319 1395 1390 τὴν
1420 1318 1542 1389 ὄψιν
1570 1322 1650 1383 εἰς
1687 1316 1822 1373 ’νοῦν

228 1409 610 1479 λαμϐάνουσα,
642 1409 810 1479 φό6ου
843 1410 940 1463 καὶ
991 1411 1168 1481 χαράς
1197 1409 1296 1482 τὴν
1323 1410 1503 1483 ψυχὴν
1536 1412 1824 1478 ὑπόπλεως

229 1494 395 1564 οὖσα,
430 1499 550 1555 οὐδὲ
600 1499 889 1563 καθεκτῶς
932 1499 1082 1570 ἔχειν
1110 1501 1201 1556 οἵα
1230 1519 1292 1555 τε
1313 1497 1403 1571 ἦν,
1436 1503 1573 1557 άλλά
1616 1521 1670 1558 τι
1705 1504 1825 1559 λίαν

229 1591 452 1662 οἰκτρὸν
487 1591 688 1664 ἑαυτὴν
718 1590 1068 1664 ὠλοφύρετο,
1103 1594 1179 1658 ὡς
1237 1593 1374 1668 μηδὲ
1429 1593 1826 1668 πυνθανομένῳ

229 1682 339 1752 τὴν
359 1681 540 1736 αἰτίαν
567 1682 647 1754 τῷ
666 1681 826 1754 άνδρὶ
855 1681 1277 1755 ἀποκρίνεσθαι,
1301 1682 1418 1738 ἀλλ’
1437 1685 1498 1738 ὲν
1527 1684 1829 1757 ἀπορρήτῳ

231 1772 468 1844 καρδίας
526 1774 597 1828 τὰ
657 1773 896 1844 ὀφθέντα
919 1841 922 1844 ί
949 1775 1206 1846 κατέχειν
1232 1791 1248 1806 ⁸
1276 1776 1462 1847 ἐκείνη
1496 1776 1598 1847 μὲν
1626 1774 1720 1830 οὖν
1747 1776 1826 1848 τῷ

231 1842 395 1934 ἀνδρὶ
429 1842 758 1919 συνοικοῦσα
794 1842 1058 1921 συνέλαϐε
1089 1842 1198 1922 άπὸ
1231 1865 1353 1921 τότε
1396 1842 1540 1923 κατὰ
1583 1867 1684 1940 τὴν
1725 1842 1822 1924 τού
1852 1842 1909 1902 Β

197 1958 559 2030 τΠροδρόμου
610 1957 818 2031 φωνὴν,
848 1959 944 2013 καὶ
995 1960 1292 2032 συνετήρει
1337 1960 1610 2019 πάντοθεν
1655 1962 1828 2033 αὐτὴν

230 2049 427 2121 ὥσπερ
457 2067 510 2104 τι
535 2049 678 2104 θεῖον
710 2051 768 2104 εν
798 2051 965 2122 ἑαυτῇ
999 2050 1245 2122 φέρουσα
1296 2050 1492 2115 σκεῦος
1521 2068 1534 2083 ·
1573 2046 1654 2118 οἷς
1700 2053 1829 2124 μέν·

232 2159 320 2196 τοι
352 2141 576 2215 θαρρεῖν
600 2141 738 2213 εἶχε,
766 2142 862 2196 καὶ
894 2141 1136 2212 μάλιστα
1177 2142 1255 2214 τῷ
1284 2142 1442 2216 ἀνδρὶ
1471 2183 1485 2206 .
1520 2145 1828 2218 παρεδήλου

237 2233 500 2298 πολλάκις
528 2275 543 2299 ,
574 2235 650 2298 ὡς
682 2235 914 2306 ἄρρενος
948 2233 1209 2304 ἐγκύμων
1241 2235 1330 2307 εἴη
1356 2237 1546 2307 γονῆς.
1604 2239 1698 2291 καὶ
1746 2239 1828 2293 ὅτι

235 2325 464 2395 Συμεὼν
515 2327 577 2380 τὸ
631 2324 1038 2397 τεχθησόμενον
1071 2325 1358 2397 ὀνομάσοι.
1387 2326 1495 2380 Τοῦ
1526 2327 1724 2400 χρόνου
1773 2328 1830 2382 δὲ

236 2418 342 2490 ἢδη
369 2417 480 2472 τῶν
507 2417 715 2472 ὠδίνων
741 2417 1213 2481 συντελεσθέντος,
1239 2417 1440 2486 τίκτει,
1473 2419 1584 2473 τῶν
1611 2419 1714 2490 τῆς
1746 2421 1832 2475 λο-

234 2511 393 2582 χείας
451 2509 654 2565 ὀδυνῶν
694 2509 832 2582 αὐτῇ
888 2509 962 2582 μὴ
997 2508 1140 2563 κατὰ
1165 2510 1266 2580 τὴν
1298 2510 1508 2564 οἰκείαν
1532 2510 1696 2580 φύσιν
1718 2513 1832 2565 έπι-

235 2602 506 2672 θεμένων,
539 2601 681 2656 ἀλλὰ
739 2601 834 2654 καὶ
881 2600 999 2654 λίαν
1029 2600 1223 2672 ἀλύπῳ
1242 2600 1450 2671 τοκετῷ
1479 2603 1828 2675 χρησαμένη.

237 2695 674 2765 Τεσσαρακοστῇ
706 2693 892 2762 τοίνυν
937 2692 1077 2762 μετὰ
1108 2693 1200 2747 τὸν
1233 2693 1394 2746 τόκον
1422 2693 1610 2766 ἡμέρᾳ
1661 2712 1832 2768 προσ-

238 2789 370 2856 άγει
398 2787 460 2841 τὸ
492 2785 693 2858 βρέφος
721 2785 800 2857 τῷ
831 2785 927 2840 τοῦ
961 2784 1280 2857 Πρώρόμου
1313 2783 1426 2857 ναῷ
1446 2826 1460 2851 ,
1490 2786 1836 2842 άντιδιδοῦσα

239 2879 502 2952 καθάπερ
547 2879 577 2933 δ
627 2879 810 2944 έλαϐε,
873 2879 970 2933 καὶ
1024 2876 1145 2949 Θεῷ
1203 2877 1284 2951 τῷ
1337 2876 1596 2934 δεδωκότι
1645 2879 1833 2934 καθιε-

245 2971 452 3043 ροῖῦσα.Δ

317 3073 391 3138 η’.
425 3066 534 3119 Καὶ
562 3067 597 3136 ἡ
642 3065 742 3136 μὲν
781 3063 930 3136 αὐτῷ
963 3062 1062 3135 τὴν
1101 3061 1287 3129 δεξιὰν
1313 3063 1502 3134 έπεΐχε
1533 3062 1723 3135 θηλὴν,
1760 3062 1836 3125 ὡς

241 3158 356 3213 ὑπὸ
399 3156 495 3210 τοῦ
557 3156 1134 3247 Προδρόμουῌείρητο,
1161 3155 1259 3247 καὶ
1309 3154 1487 3247 ταύτῃ
1517 3154 1580 3207 τὸ
1634 3153 1838 3225 βρέφος
1866 3187 1911 3247 C

243 3247 550 3317 ἑτιθηνεῖτο
576 3263 591 3278 ο
623 3246 835 3314 ὀλίγαις
865 3245 922 3299 δὲ
957 3245 1186 3317 ὕστερον
1213 3246 1453 3317 ἡμέραις
1488 3245 1666 3300 ἔννοια
1694 3246 1843 3314 γίνε-

240 3356 338 3393 ται
369 3341 436 3410 τῇ
465 3339 657 3409 μητρὶ,
692 3337 788 3391 καὶ
809 3337 910 3409 τὴν
937 3336 1224 3408 εὐώνυμον
1254 3335 1408 3407 αύτῷ
1439 3339 1710 3408 ἐπισχεῖν,
1747 3338 1842 3390 καὶ

243 3432 386 3502 δῆτα
435 3430 688 3501 δεόμενον
741 3431 925 3484 ίδοῦσα
980 3428 1170 3498 θηλῆς,
1198 3429 1290 3482 τὸν
1316 3429 1610 3501 ἀριστερὸν
1653 3428 1841 3497 ἐπέχει

249 3521 481 3595 μαστόν.
504 3521 614 3575 Καὶ
635 3519 697 3574 τό
715 3520 813 3592 μὲν
833 3521 932 3590 οὐχ
955 3520 1181 3590 ἥπτετο,
1198 3518 1334 3572 ἀλλὰ
1354 3519 1522 3573 κλαυθ
1533 3519 1838 3591 μυριζόμε-

245 3631 342 3666 νον
363 3611 760 3683 άπεστρέφετο·
793 3612 827 3682 ἡ
847 3609 891 3664 δ’
916 3609 1152 3679 ἐπέμενε
1189 3608 1391 3680 μᾶλλον
1417 3609 1711 3680 ἐπέχουσα.
1756 3608 1845 3673 Ὦς

245 3702 307 3756 δὲ
344 3701 500 3756 τοῦτο
529 3702 714 3755 πᾶσαν
745 3701 964 3772 ἐκείνην
998 3701 1290 3772 παρέτεινε
1337 3699 1525 3770 σχεδὸν
1555 3699 1655 3773 τὴν
1702 3700 1846 3771 ἡμέ-

250 3811 378 3865 ραν,
408 3794 504 3846 καὶ
551 3792 614 3846 τὸ
657 3792 870 3846 παιδίον
916 3793 1185 3864 ἄγευστον
1230 3791 1398 3865 θηλῆς
1452 3791 1844 3864 διεμεμενὴκει

247 3887 355 3955 τῆς
383 3885 579 3947 νυκτὸς
607 3884 824 3953 ἐκείνης
859 3886 946 3956 (Ὢ
976 3884 1094 3948 πῶς
1127 3900 1223 3938 σου
1254 3885 1325 3939 τὰ
1352 3883 1635 3956 θαυμάσια
1658 3925 1674 3951 ,
1705 3885 1845 3955 Χρι-

251 3977 372 4042 στὲ,
403 3976 742 4047 διηγήσομαι
773 3977 814 4047 l)
848 3975 1198 4030 συστέλλεται
1222 3977 1288 4047 τῇ
1321 3978 1494 4047 μητρὶ
1524 3977 1584 4030 τὸ
1613 3975 1847 4030 διοιδοῦν

252 4068 353 4124 καὶ
415 4067 720 4136 ἀνεστηκὺς
780 4065 873 4120 τοῦ
923 4065 1208 4136 εὐωνύμου
1271 4066 1505 4136 μαστοῦ,
1536 4069 1637 4121 εἶτ’
1683 4063 1779 4122 οὖν
1817 4069 1848 4122 ὀ

253 4159 714 4228 ὑποπιπλάμενος
739 4157 834 4212 τοῦ
881 4158 1161 4227 γάλακτος
1193 4157 1417 4222 κόλπος,
1453 4160 1552 4211 καὶ
1587 4158 1847 4212 ὑπολεαί-

252 4271 409 4308 νεται
447 4251 542 4304 καὶ
567 4250 905 4321 ξηραίνεται,
947 4249 1042 4303 καὶ
1075 4248 1309 4320 ἀνδρείῳ
1327 4249 1390 4302 τὸ
1422 4250 1532 4303 πᾶν
1567 4249 1659 4304 ἴσα
1697 4251 1846 4319 γίνε-

251 4362 348 4398 ται
373 4360 386 4374 ’
416 4346 446 4397 ὀ
474 4343 650 4407 δεξιὸς
684 4341 761 4407 δὲ,
791 4341 866 4404 ὡς
925 4341 1021 4395 καὶ⁵
1074 4340 1340 4412 πρότερον
1388 4336 1560 4411 εἶχεν,
1601 4341 1851 4413 ἀφθόνως

254 4435 518 4508 θηλάζειν
549 4435 610 4488 τὸ
651 4434 864 4488 παιδίον
917 4434 1237 4504 δυνάμενος.
1267 4432 1565 4505 Μάρτυρες
1595 4433 1690 4486 τοῦ
1724 4449 1852 4486 τοσ-

1914 595 2024 651 que
2053 578 2121 634 ad
2155 578 2438 644 maritum,
2465 591 2688 649 operam
2711 575 2938 634 dantem
2965 575 3193 632 lectioni
3215 575 3503 648 cujusdam

1915 671 2066 735 libri,
2114 669 2490 725 narrationem
2563 667 2632 724 de
2687 683 2852 725 sacro
2898 668 3268 725 Praecursoris
3323 667 3504 738 capite

1915 761 2289 829 continentis;
2318 776 2431 832 quo
2470 760 2686 817 scilicet
2712 770 2884 833 pacto
2933 762 3234 816 thesaurus
3265 760 3382 827 ille,
3408 759 3504 819 in-

1917 856 2098 927 dignis
2133 855 2238 911 sub
2271 863 2413 910 terra
2455 855 2707 910 tenebris
2735 855 3030 910 abstrusus
3077 855 3330 919 latitans,
3379 860 3506 911 tan-

1918 947 2042 1002 dem
2074 946 2203 1001 inde
2228 943 2468 1001 eductus
2501 945 2596 1000 sit.
2634 943 2956 1016 Symbolum
2999 943 3052 1000 id
3087 959 3193 1016 ego
3216 943 3509 1000 existima-

1920 1057 2069 1097 vero-
2109 1040 2421 1112 prophetiae
2471 1038 2695 1095 mulieri
2754 1037 3135 1104 denuntiatae;
3195 1038 3347 1108 quod
3415 1037 3510 1093 hic

1920 1148 2138 1206 quoque
2165 1149 2427 1206 magnum
2458 1130 2688 1203 aliquod
2721 1131 2855 1188 b‘uic
2911 1130 3124 1187 mundo
3155 1131 3366 1187 bonum
3414 1145 3511 1200 ap-

1921 1225 2204 1295 periturus
2253 1233 2423 1281 esset.
2477 1224 2654 1296 Igitur
2699 1224 2903 1280 marito
2949 1223 3225 1290 assidens,
3279 1221 3509 1278 lectioni

1922 1315 2202 1389 praebebat
2228 1332 2426 1384 aures;
2462 1331 2570 1388 qua
2605 1314 2787 1382 ﬁnita,
2819 1315 3110 1372 recordata
3142 1313 3377 1370 visionis
3397 1329 3512 1368 sua:

1922 1407 2190 1479 repletam
2225 1405 2423 1463 timore
2444 1403 2759 1480 gaudioque
2805 1417 3050 1462 mentem
3093 1404 3388 1461 continere
3415 1418 3514 1458 ne-

1923 1500 2155 1573 quibat:
2197 1500 2293 1558 sed
2322 1501 2640 1557 luctuosum
2680 1500 2817 1571 quid
2868 1502 3128 1557 evenisse
3163 1499 3274 1555 sibi
3302 1499 3517 1554 lamen-

1926 1595 2094 1650 tando
2136 1593 2451 1661 simulabat,
2509 1602 2574 1649 ut
2614 1608 2687 1649 ne
2721 1609 2942 1649 causam
2998 1593 3347 1665 percontanti
3387 1606 3508 1645 ma.

1929 1685 2038 1742 rito
2090 1686 2338 1741 revelare
2399 1683 2792 1755 respondendo
2835 1693 3161 1756 cogeretur,
3214 1699 3411 1740 verum
3457 1682 3515 1738 in

1931 1776 2310 1848 penetralibus
2366 1775 2554 1831 cordis
2610 1791 2735 1847 quae
2790 1776 3008 1834 viderat
3065 1775 3329 1832 conclusa
3380 1775 3518 1830 retia

1926 1879 2104 1926 neret.
2134 1871 2309 1931 Porro
2339 1870 2432 1929 illa
2462 1869 2583 1925 viro
2631 1883 2934 1942 congressa
2987 1869 3176 1924 statim
3235 1867 3515 1938 concepit,

1927 1965 2008 2019 uti
2037 1963 2368 2035 praedixerat
2393 1971 2620 2019 sanctus
2644 1962 2926 2029 Joannes;
2958 1960 3441 2030 conservabatque
3459 1975 3519 2015 se

1928 2049 2079 2107 omni
2109 2049 2166 2105 in
2186 2050 2330 2115 loco,
2363 2065 2476 2105 non
2501 2065 2666 2113 secus
2694 2066 2760 2106 ac
2787 2050 2833 2106 si
2855 2066 2952 2106 vas
2977 2049 3263 2121 quoddam
3296 2066 3517 2106 sacrum

1927 2141 2121 2198 ferret:
2145 2158 2211 2198 ac
2233 2143 2426 2199 multis
2460 2143 2711 2214 quidem,
2758 2145 2962 2214 quibus
2987 2142 3322 2209 conﬁdebat,
3351 2152 3520 2213 atque

1931 2235 2206 2306 imprimis
2236 2236 2439 2292 marito
2461 2236 2600 2292 satis
2651 2233 2944 2304 manifeste
2992 2235 3279 2292 indicabat
3318 2235 3522 2306 saepius

1931 2328 2158 2384 virilem
2220 2343 2281 2386 se
2330 2329 2505 2386 fetum
2557 2337 2775 2401 gestare
2838 2339 3019 2395 utero,
3075 2329 3241 2400 eique
3316 2316 3521 2383 nomen

1933 2420 2171 2492 Symeon
2197 2420 2621 2492 imponendum.
2647 2413 2767 2477 Jam
2795 2435 2931 2476 vero
2962 2420 3184 2491 expleto
3219 2419 3523 2491 gravidita-

1936 2512 2008 2568 tis
2031 2522 2300 2580 tempore,
2336 2527 2450 2568 non
2477 2513 2645 2571 modo
2679 2512 2822 2568 nihil
2856 2511 3210 2584 aegritudinis
3237 2527 3305 2567 ex
3335 2520 3522 2581 partu,

1933 2611 2100 2672 prout
2121 2599 2862 2674 rcinatural‘ert,persensit,
2900 2602 2996 2660 sed
3057 2605 3242 2659 omnis
3294 2606 3526 2658 omnino

1935 2694 2143 2754 doloris
2166 2710 2366 2766 expers
2420 2693 2583 2751 enixa
2623 2703 2733 2752 est.
2780 2695 3215 2767 Quadragesima
3263 2696 3465 2753 deinde
3496 2713 3526 2752 a

1935 2797 2099 2859 partu
2147 2787 2237 2843 die
2293 2787 2560 2844 infantem
2623 2787 2682 2842 in
2744 2789 2926 2844 sancti
2980 2788 3212 2845 Joannis
3268 2790 3528 2859 Baptista:

1938 2880 2206 2952 templum
2238 2880 2491 2946 adducit,
2525 2878 2816 2935 redditura
2847 2881 3106 2938 eumdem
3159 2883 3526 2952 quemadmo-

1939 2976 2070 3031 dum
2094 2981 2408 3044 acceperat,
2432 2974 2658 3042 Deoque
2690 2970 2872 3026 datori
2895 2982 3312 3027 consecratum.

2013 3062 2065 3115 8.
2119 3061 2385 3116 Dextrum
2415 3075 2588 3130 porro
2625 3061 2789 3124 uber,
2820 3059 2900 3114 uti
2953 3060 3024 3115 ab
3077 3061 3274 3116 eodem
3339 3071 3532 3117 sancto

1943 3154 2156 3210 dictum
2191 3163 2331 3216 erat,
2353 3153 2404 3207 ei
2433 3151 2737 3222 praebebat,
2776 3167 2841 3208 ac
2877 3152 3292 3208 nutrimentum
3333 3171 3534 3226 suppe-

1944 3245 2175 3301 ditabat.
2206 3243 2407 3300 Paucis
2440 3257 2572 3300 vero
2599 3252 2726 3314 post
2784 3244 2986 3300 diebus
3016 3244 3074 3301 in
3105 3257 3347 3303 mentem
3383 3250 3536 3304 venit

1945 3337 2129 3403 matri,
2159 3336 2400 3391 sinistras
2418 3351 2640 3406 quoque
2663 3349 2918 3390 mammae
2940 3337 3238 3394 admovere
3263 3355 3534 3409 puerum;

1944 3439 2110 3499 atque
2142 3428 2282 3483 adeo
2315 3436 2637 3498 poscentem
2674 3426 2846 3482 ubera
2893 3444 2954 3484 re
2988 3428 3105 3499 ipsa
3138 3431 3434 3487 admovet:
3480 3442 3538 3486 at

1947 3521 2039 3576 ille
2065 3529 2291 3590 tangere
2317 3535 2581 3584 renuens,
2611 3519 2948 3589 ploransquc
2979 3520 3180 3578 faciem
3227 3525 3552 3580 avertebat..

1945 3610 2084 3666 Cum
2116 3619 2300 3665 autem
2335 3619 2514 3666 mater
2547 3612 2959 3681 perseveraret,
3003 3623 3231 3684 totoque
3273 3631 3414 3684 pene
3446 3617 3547 3672 illo

1947 3699 2038 3756 die
2063 3700 2201 3755 uber
2222 3701 2514 3756 sinistrum
2552 3700 2886 3772 porrigeret,
2914 3713 2973 3759 et
2996 3718 3136 3774 puer
3161 3705 3329 3761 etiam
3377 3716 3544 3761 nocte

1948 3791 2087 3848 nihil
2142 3791 2379 3847 materni
2425 3791 2585 3848 lactis
2635 3801 2912 3863 gustasset
2943 3795 3244 3864 (quomodo
3285 3797 3547 3868 prodigia

1949 3881 2169 3938 Domini
2213 3881 2570 3950 enarrabol),
2603 3882 2955 3938 contrahitur
2996 3890 3158 3941 matri
3232 3888 3540 3944 distentum

1950 3986 2117 4048 atque
2150 3976 2421 4032 tumidum
2450 3976 2592 4032 lacte
2620 3977 2762 4033 uber
2788 3979 3115 4046 sinistrum;
3148 3990 3203 4036 et
3227 3981 3385 4038 sinus
3418 3992 3544 4038 ante

1950 4066 2346 4138 protuberaus,
2379 4067 2580 4134 mollis,
2613 4066 2804 4122 aridus
2857 4078 2914 4122 et
2939 4070 3086 4125 virili
3112 4071 3343 4126 omnino
3393 4072 3548 4128 simi-

1951 4159 2021 4215 lis
2054 4157 2327 4215 eﬂicitur:
2371 4158 2567 4215 dexter
2589 4175 2744 4226 vero,
2778 4161 2858 4216 uti
2885 4161 3060 4231 prius,
3094 4163 3372 4219 retinebat
3410 4166 3547 4220 alfa-

1924 4250 2076 4314 rtim,
2139 4248 2288 4304 unde
2341 4263 2478 4319 puer
2537 4249 2740 4304 nutriri
2793 4260 2998 4320 posset.
3041 4252 3238 4307 Testes
3288 4254 3367 4308 rei
3437 4263 3545 4309 tam

1954 4339 2299 4395 admirabilis
2320 4351 2469 4406 sunt,
2492 4348 2765 4410 quotquot
2782 4342 2838 4399 in
2872 4342 3070 4401 vicinia
3096 4345 3386 4412 mulieres;
3423 4347 3549 4416 αυξ-

1953 4433 2058 4489 bus
2077 4441 2256 4488 mater
2283 4448 2394 4503 pra
2415 4433 2749 4488 verecundia
2792 4434 3134 4490 erubes:.ans
3188 4436 3322 4491 illud
3363 4439 3546 4508 ipsum

255 4528 418 4584 ούτου
443 4527 722 4599 θαύματος
756 4527 879 4579 ὅσαι
906 4524 1016 4578 τῶν
1047 4526 1328 4594 γυναικῶν
1380 4524 1730 4595 ὲγγειτόνων,
1763 4519 1841 4588 αἷς

1959 4524 2097 4583 uber
2119 4523 2470 4591 monstravit,
2511 4537 2576 4578 ac
2601 4530 2768 4594 gesta:
2797 4524 2876 4580 rei
2910 4524 3113 4581 seriem
3161 4529 3441 4598 eiposuit.

257 4622 294 4692 ἡ
323 4620 517 4674 τούτου
579 4620 784 4689 μήτηρ,
819 4616 1028 4688 χλωρὸν
1060 4615 1166 4670 ὑπὸ
1220 4616 1379 4680 δέους
1419 4616 1629 4687 δρῶσα,
1661 4615 1756 4669 τόν
1789 4633 1848 4670 τε

260 4710 470 4784 μαστὸν
502 4709 702 4772 εὐθέως
725 4709 957 4774 ἐδείκνυ,
986 4709 1079 4761 καὶ
1099 4706 1198 4777 τὴν
1235 4707 1414 4761 αἰτίαν
1437 4707 1782 4779 ὲπεξηγεῐτο.

334 4803 400 4857 θ’.
435 4801 621 4866 Διετὲς
657 4800 714 4852 δε
752 4799 974 4869 γεγονὸς
1006 4800 1067 4852 τὸ
1106 4800 1319 4854 παιδίον
1349 4800 1408 4854 ἐν
1443 4799 1520 4872 τῷ
1570 4800 1664 4856 τοῦ
1710 4802 1855 4872 Προ-

259 4892 467 4962 δρόμου
494 4889 627 4959 ναῷ,
658 4887 800 4943 κατὰ
823 4889 925 4960 τὴν
959 4888 1171 4941 ἐκείνου
1198 4889 1565 4960 προφητείαν,
1630 4890 1705 4945 τὸ·
1752 4889 1855 4961 βά-

261 4999 481 5053 πτισμα
525 4983 766 5053 δέχεται,
800 4982 895 5036 καὶ
929 4980 1158 5052 Συμεὼν
1185 4981 1485 5052 ἐπικληθὲν
1545 4983 1755 5039 ἄνεισιν
1790 4988 1857 5042 ἐκ

260 5073 361 5128 τοῦ
393 5073 605 5136 ὓδατος.
648 5073 863 5127 Γίνεται
884 5074 941 5126 δέ
966 5091 1018 5127 τι
1044 5071 1232 5143 θαῦμα
1263 5074 1395 5144 περὶ
1418 5075 1553 5129 αὐτὸ
1585 5076 1680 5130 τοῦ
1717 5096 1856 5150 προ-

261 5167 429 5237 τέρου
479 5165 932 5238 παραδοξότερον.
1009 5165 1235 5238 Γλώττῃ
1272 5166 1381 5238 γὰρ
1445 5169 1608 5234 εὐθὺς
1656 5170 1861 5242 ἡρξατο

262 5262 440 5334 τρανῇ
474 5259 675 5327 λέγειν,
702 5259 730 5311 ὃ
783 5259 876 5312 καὶ
909 5257 988 5329 τῷ
1022 5259 1304 5329 Βαπτιστῇ
1367 5258 1571 5334 δηλαδὴ
1624 5263 1862 5334 προηγό.

272 5369 455 5426 ρευτοο
488 5351 639 5422 Ἐχω
700 5351 915 5422 πατέρα
960 5350 1057 5404 καὶ
1085 5350 1185 5404 οὐκ
1214 5351 1343 5420 ἔχω,
1374 5351 1487 5422 ἔχω
1520 5355 1735 5426 μητέρα
1767 5356 1862 5410 καὶ

266 5447 373 5500 οὐκ
402 5444 511 5515 ἔχω
536 5461 548 5474 ο
575 5443 735 5497 τοῦτο
788 5442 847 5496 δὲ
910 5443 1007 5496 καὶ
1041 5445 1097 5507 ές
1139 5442 1375 5515 ἑϐδόμην
1421 5445 1656 5517 ἐπέμενε
1704 5451 1862 5520 λέγον

267 5537 510 5608 ἡμέραν,
547 5537 812 5607 σημαῖνον
871 5534 1121 5588 ἐντεῦθεν
1158 5536 1258 5607 τὴν
1309 5535 1520 5589 οίκείαν
1585 5536 1694 5589 τῶν
1743 5536 1864 5607 emt-

267 5644 381 5684 νων
436 5629 666 5699 ἄρνησιν
723 5643 780 5682 τε
839 5629 932 5683 καὶ
982 5628 1356 5701 ἀναχώρησιν,
1411 5629 1507 5683 καὶ
1567 5630 1665 5701 τὴν
1727 5629 1866 5702 πρὸς

267 5720 339 5775 τὰ
385 5719 616 5791 οὐράνια
684 5721 888 5791 μᾶλλον
925 5722 1201 5775 οίκείωσιν
1245 5721 1412 5775 αὑτοῦ
1448 5722 1542 5776 καὶ
1578 5721 1863 5776 ἀνάϐασιν.

283 5813 375 5880 Ἐξ
404 5813 614 5869 ἑκείνου
642 5813 819 5870 τοίνυν
848 5813 1037 5878 ὁσάκις
1077 5817 1107 5885 ἡ
1164 5814 1344 5886 μήτηρ
1390 5813 1568 5886 κρεῶν
1631 5812 1869 5880 μεταλάο

2039 4785 2092 4841 9.
2125 4781 2397 4840 Caeterum
2439 4789 2630 4852 postea
2662 4777 3162 4852 quambiennium.
3189 4775 3566 4846 compleverat

1959 4895 2118 4954 puer,
2138 4880 2193 4934 in
2213 4878 2325 4934 divi
2349 4870 3043 4938 Praecursorisasdc,veluti
3063 4869 3132 4924 ab
3145 4867 3336 4924 eodem
3353 4865 3561 4921 dictum

1962 4981 2104 5037 erat,
2128 4985 2289 5027 sacro
2319 4967 2670 5038 baptismatis
2697 4965 2941 5021 abluitur
2969 4963 3140 5026 l'onte,
3177 4975 3241 5014 ac
3272 4955 3565 5029 Symconis

1964 5061 2188 5117 nomine
2207 5059 2509 5130 insignitus
2527 5057 2654 5113 inde
2669 5052 3148 5123 emergit.Accidit
3168 5053 3271 5106 hoc
3291 5052 3412 5120 ipso
3435 5056 3566 5102 tem-

1965 5167 2100 5223 pore
2118 5152 2429 5222 prodigium
2447 5149 2723 5220 quoddam
2741 5147 3127 5204 admirabilius
3149 5144 3348 5216 priore.
3372 5139 3566 5196 Conti-

1966 5259 2076 5301 nuo
2102 5259 2339 5314 namque
2360 5243 2510 5297 clara
2529 5257 2660 5298 voce
2675 5241 2842 5312 (quod
2865 5241 3044 5310 ipsum
3091 5251 3314 5308 quoque
3339 5244 3569 5292 sanctus

1966 5333 2206 5390 Joannes
2238 5332 2625 5404 praedixerat),
2663 5331 2915 5402 proloqui
2956 5330 3285 5398 incipiebat:
3313 5325 3411 5381 Est
3433 5323 3568 5378 mihi

1967 5433 2204 5497 pater,et
2225 5440 2332 5481 non
2352 5434 2465 5482 est:
2490 5424 2730 5482 estinilii
2753 5429 3009 5488 mater,ct
3030 5437 3137 5477 non
3157 5428 3242 5477 est
3261 5437 3275 5486 ;
3291 5418 3571 5476 eumdein-

1969 5533 2076 5589 que
2101 5519 2155 5573 in
2179 5519 2468 5589 septimam
2491 5533 2667 5588 usque
2682 5517 2826 5572 diem
2843 5514 3205 5572 continuabat
3232 5526 3572 5576 sermonem,

1971 5612 2314 5684 signiﬁcans,
2359 5628 2420 5668 se
2442 5613 2567 5668 dein
2588 5611 2758 5666 rebus
2779 5608 3017 5665 terrenis
3041 5605 3234 5661 nuntio
3259 5604 3515 5670 remisso,
3544 5617 3573 5654 a

1971 5707 2201 5778 strepitu
2244 5707 2427 5778 populi
2473 5719 2827 5762 recessurum
2853 5743 2866 5766 ,
2905 5701 3342 5770 caelestibusque
3373 5697 3574 5753 melius

1971 5801 2242 5858 intentum
2269 5840 2282 5867 ,
2330 5814 2392 5856 eo
2440 5808 2552 5855 tota
2589 5805 2771 5854 mente
2805 5809 3187 5854 asccnsurnm.
3226 5791 3479 5848 Proiecto
3507 5803 3574 5845 co
