4092 6470
641 372 784 439 2999

1839 381 1899 443 S.
1939 378 2315 440 SYMEONIS
2348 381 2710 446 JU‘NIORIS

3765 387 3919 451 3000

639 484 881 542 Joannes
908 504 922 541 :
950 503 1098 544 nunc
1131 502 1264 546 vero
1311 503 1437 544 cum
1494 488 1732 564 Syriaco
1783 489 1846 547 in
1886 491 2222 548 monasterio

2329 498 2488 567 μεὼν
2505 498 2850 568 ἐπιστάντος,
2883 503 2962 565 είς
2986 501 3086 566 τὰς
3105 500 3310 576 οίγιιίας
3333 477 3711 574 ἁποκαλάψιις
3743 501 3920 563 εὐθὺς

641 579 761 648 ipse
792 579 1166 649 comparebat,
1201 580 1477 651 extemplo
1505 577 1745 639 contulit
1767 578 1942 656 ipsum
1976 598 2099 637 cum
2132 597 2221 639 re-

639 668 1013 726 velationibus
1039 670 1185 726 suis:
1209 681 1506 743 certusque
1535 668 1792 732 currulem
1815 687 1959 738 esse,
1981 675 2078 745 qui
2107 673 2221 731 fre-

629 771 878 833 quenter
909 764 1232 818 oculis'suis
1271 765 1525 835 objectus
1566 764 1771 830 fuerat,
1819 766 2059 838 spiritali
2087 781 2218 837 per-

639 854 973 910 fundeba:ur
1022 855 1325 925 voluptate,
1369 856 1684 928 gratiasque
1725 859 1836 914 Deo
1888 874 2000 929 prae
2031 858 2219 913 exsul-

638 938 845 1001 tatiobe
880 946 1137 1018 lacrymis
1193 948 1378 1017 potius
1419 964 1584 1018 quam
1625 949 1788 1004 labiis
1841 950 2217 1021 persolvebat.

707 1035 795 1090 14.
828 1032 1041 1091 Exinde
1067 1036 1306 1116 Symeon
1346 1035 1545 1092 diebus
1585 1046 1818 1107 septem,
1871 1054 2070 1109 expers
2115 1054 2218 1095 cu-

639 1142 854 1194 rarum,
892 1128 1000 1184 sibi
1031 1129 1126 1184 uni
1157 1143 1383 1192 vacans,
1415 1143 1598 1198 neque
1634 1128 1869 1184 verbum
1898 1127 2214 1200 prombat,

635 1233 816 1289 neque
843 1219 1127 1301 alimenti,
1166 1221 1473 1292 quidquam
1533 1219 1898 1286 admittebat;
1944 1220 2214 1289 obstupe-

634 1320 824 1366 scente
850 1313 1114 1381 praedicto
1139 1313 1263 1368 viro
1293 1312 1414 1376 Dei,
1471 1310 1754 1381 quomodo
1779 1310 1834 1365 in
1872 1319 1980 1364 tam
2024 1319 2215 1365 tenera

631 1404 946 1474 acjuvenili
968 1412 1131 1459 artato
1158 1403 1396 1458 arduum
1423 1403 1562 1458 adeo
1586 1402 1936 1473 rigidumque
1966 1401 2091 1456 vitae
2130 1401 2217 1456 in~

632 1493 890 1549 stitutum
922 1495 1133 1549 sectari
1169 1506 1376 1564 posset.
1431 1494 1708 1563 Deinceps
1755 1491 2005 1562 profecto
2049 1491 2216 1546 tertio

631 1601 855 1656 quoque
884 1586 1000 1652 die,
1023 1593 1123 1640 aut
1147 1585 1406 1655 septimo,
1443 1593 1539 1639 aut
1561 1584 1730 1639 etiam
1779 1583 2000 1638 decimo
2049 1597 2216 1652 repa-

592 1691 594 1694 '
633 1675 797 1730 rabat
837 1683 1053 1729 tantum
1112 1675 1284 1737 vires,
1338 1675 1535 1746 paucis
1581 1673 1912 1743 quibusdam
1945 1687 2048 1742 pro
2087 1672 2214 1727 cibo

637 1763 939 1819 maceratis
967 1763 1344 1836 leguminibus
1366 1778 1492 1817 cum
1523 1777 1667 1832 aqua
1691 1761 1946 1831 sumptis.
1996 1759 2089 1814 Sic
2115 1760 2216 1814 ita-

2321 589 2351 642 6
2389 587 2532 652 θεϊος
2569 589 2710 660 ἀνὴρ
2736 591 2952 656 ,ἐκεῖνος
2978 592 3310 660 ἀνενεγκὼν,
3344 594 3438 648 καὶ
3473 593 3666 648 τοῦτον
3692 595 3922 648 huva

2320 678 2411 731 τὸν
2455 675 2606 749 αὐτῷ
2651 679 2912 744 πολλάκις
2960 681 3193 750 ὀφθέντα
3241 678 3380 736 εἶναι
3432 684 3643 748 συνεὶς,
3695 686 3923 753 μεστὴν

2322 767 2410 820 ἐπ’
2442 767 2593 838 αὐτῷ
2636 767 2733 839 τὴν
2779 768 2957 840 ψυχὴν
2990 769 3185 840 ἡδονῆς
3222 772 3370 842 ἔσχε,
3401 773 3496 826 καὶ
3519 771 3644 842 θεῷ
3670 772 3922 843 δάκρυσι

2323 859 2524 928 μᾶλλον
2549 859 2926 928 ἀγαλλιάσεως
2947 861 2981 932 ἢ
3006 861 3242 931 χείλεσιν
3270 864 3615 935 ηὐχαρίστει.

2395 1033 2477 1088 ιδ’.
2526 1033 2761 1106 Ἑϐδόμη
2813 1035 2991 1090 τοίνυν
3045 1036 3396 1111 ter-1:69.699.
3433 1041 3730 1112 ἡσυχάζων
3780 1038 3856 1114 ἦν
3895 1045 3924 1098 6

2319 1123 2575 1195 Συμεὼνγ
2597 1125 2690 1208 καὶ
2718 1126 2866 1198 μόνῳ
2891 1128 3063 1182 συνὼν
3088 1129 3275 1202 ἑαυτῷ,
3294 1171 3309 1195 ,
3338 1133 3472 1201 μήτε
3498 1150 3552 1186 τι
3577 1135 3923 1206 προϊέμενος

2321 1215 2494 1284 ῥῆμα,
2529 1217 2668 1287 μήτε
2695 1218 2821 1271 τινὰ
2859 1221 3066 1291 τροφὴν
3094 1223 3454 1293 προσιέμενος
3480 1261 3495 1282 ,
3525 1221 3602 1284 ὡς
3627 1225 3924 1295 ἐκπεπλῆ-

2315 1306 2445 1377 χθαι
2473 1307 2566 1362 τὸν
2592 1308 2733 1363 θετον
2764 1309 2970 1364 ἐκεῖνον
2991 1311 3180 1383 ἄνδρα,
3204 1314 3352 1378 ὅπως
3372 1315 3429 1367 ἐν
3453 1314 3646 1384 ἁπαλῷ
3665 1316 3768 1384 τῆς
3796 1316 3921 1386 ἡλι-

2315 1398 2441 1462 κίας
2473 1399 2570 1454 καὶ
2601 1400 2782 1470 νεαρῷ
2811 1403 3075 1472 τραχεῖαν
3100 1400 3244 1455 οὕτω
3273 1405 3368 1455 καὶ
3404 1403 3650 1473 σκληρὰν
3680 1404 3918 1474 ἀγωγὴν

2317 1488 2665 1542 ἐπεδείκνυτο
2683 1505 2697 1519 ·
2726 1489 2917 1543 ἔπειτα
2950 1491 3134 1560 μέντοι
3162 1490 3253 1544 διὰ
3276 1492 3490 1562 τρίτης,
3519 1492 3842 1566 ἦέσδόμης,
3881 1493 3918 1562 ἢ

2314 1580 2408 1633 καὶ
2431 1581 2664 1651 δεκάτης
2693 1583 2951 1652 ἐτρέφετο
2981 1581 3195 1653 βρεκτῷ
3219 1601 3326 1636 τινι
3353 1571 3546 1654 βραχεῖ
3565 1584 3789 1655 ὀσπρίῳ
3817 1586 3940 1637 καὶ·

2317 1665 2492 1722 ὕδατι.
2528 1669 2836 1738 Προέκοπτε
2869 1672 3048 1724 τοίνυν
3077 1671 3267 1744 ὥσπερ
3299 1674 3400 1744 τὴν
3429 1675 3647 1744 ἠλικίαν
3668 1674 3819 1728 οὕτω
3850 1674 3921 1746 δὴ

2316 1761 2412 1813 καὶ
2441 1761 2543 1831 τὴν
2574 1763 2828 1833 ἄσκησιν,
2864 1763 3064 1833 μακρῷ
3095 1763 3154 1817 δὲ
3183 1765 3284 1834 τῆς
3309 1766 3598 1836 ἀσκήσεως
3629 1766 3842 1836 μᾶλλον
3885 1770 3919 1836 ἡ

632 1869 740 1924 que
762 1853 1115 1925 proficiebat,
1142 1853 1307 1908 sicuti
1327 1861 1515 1919 aetate,
1542 1854 1618 1907 ita
1651 1851 2050 1908 exercitatione
2093 1851 2213 1905 vir-

2329 1850 2503 1919 ίιλικία
2535 1851 2804 1906 ἐλείπετο.
2829 1847 2938 1906 Ἦν
2966 1853 3021 1905 δὲ
3052 1853 3146 1908 καὶ
3184 1853 3282 1925 τὴν
3315 1855 3458 1908 ἰδέαν
3505 1858 3530 1909 6
3563 1850 3920 1926 Συμεὼνέὖ-

635 1956 843 2024 tutum,
889 1929 1207 2016 quanquam
1232 1946 1350 2001 haec
1377 1946 1540 2016 longe
1573 1945 1747 2015 magis
1791 1943 1938 1997 illam
1986 1956 2216 2012 supera-

636 2038 750 2092 bat.
813 2038 947 2092 Erat
999 2046 1272 2108 praaterea
1315 2037 1564 2107 speciosa
1619 2043 1964 2105 venustaque
2018 2033 2215 2098 forma,

633 2133 850 2203 capillis
870 2149 1068 2187 aurum
1121 2130 1311 2188 colore
1355 2127 1750 2189 referentibus.
1814 2133 1872 2182 et
1920 2124 2217 2182 oculorum

633 2222 903 2293 dignitate
929 2221 1198 2292 insignis:
1224 2227 1344 2276 erat
1381 2218 1438 2273 in
1466 2215 1791 2274 disserendo
1817 2223 2132 2286 promptus,
2159 2212 2216 2266 in

635 2311 1030 2383 respondendo
1061 2311 1332 2382 prudens,
1363 2310 1551 2364 divina
1600 2308 1806 2378 ubique
1832 2305 2011 2378 gratia
2053 2303 2210 2359 celi-

634 2417 723 2461 tus
745 2405 907 2476 plane
936 2405 1086 2470 data,
1109 2403 1405 2475 perspicue
1429 2401 1484 2466 in
1511 2401 1634 2470 ipso
1679 2399 2060 2454 elucescente.
2089 2395 2218 2450 Hac

638 2499 843 2552 decora
883 2497 999 2560 ille,
1028 2495 1126 2566 qui
1165 2493 1357 2565 probis
1377 2491 1640 2547 Omnibus
1691 2489 1933 2554 invidet;
1985 2487 2102 2550 ille,
2132 2485 2219 2540 in-

633 2602 824 2657 quam,
847 2586 941 2656 qui
969 2587 1083 2656 jam
1103 2584 1232 2639 inde
1257 2599 1288 2638 a
1320 2597 1508 2637 rerum
1538 2579 1770 2636 exordio
1809 2575 2219 2632 infensissimus

631 2678 854 2750 generis
879 2676 1059 2733 nostri
1104 2676 1282 2732 hostis
1301 2674 1533 2738 exstitit,
1585 2671 1849 2742 nequibat
1881 2669 2056 2733 ferre;
2119 2664 2218 2722 sed

635 2788 691 2825 in
721 2769 1051 2841 quandam,
1070 2767 1220 2832 haud
1252 2765 1442 2837 procul
1487 2762 1827 2819 monasterio
1882 2766 2214 2824 morantem,

632 2872 902 2932 pecorum
937 2870 1241 2934 pastorem,
1270 2857 1524 2922 subdole,
1592 2855 1675 2910 uti
1732 2853 1956 2909 malitia:
1977 2853 2098 2924 ejus
2137 2850 2220 2905 fa-

635 2952 852 3008 miliare
874 2959 981 3018 est,
1015 2952 1342 3022 ingressus;
1372 2957 1523 3002 tanta
1562 2945 1866 3009 hominem,
1927 2942 2137 3000 invidia
2166 2943 2223 2996 in

2323 1941 2614 2011 πρόσωπος
2675 1944 2771 1996 καὶ
2836 1944 3092 2013 τερπνὸς,
3155 1946 3438 2017 ἐπιχρύσῳ
3495 1965 3554 2000 τε
3610 1949 3764 2019 κόμῃ
3820 1950 3921 2003 καὶ

2321 2033 2618 2104 ὀφθαλμῶν
2666 2037 2850 2090 κάλλει
2893 2038 3302 2107 κοσμούμενοςσ
3359 2034 3427 2109 ἦν
3477 2038 3534 2092 δὲ
3580 2042 3677 2092 καὶ
3731 2039 3921 2106 λέγειν

2321 2121 2560 2193 ἕτοιμος,
2590 2125 2724 2179 ἀλλὰ
2767 2127 2860 2180 καὶ
2908 2130 3127 2193 συνετὸς
3170 2127 3581 2199 ἀποκρίνεσθαι,
3620 2127 3775 2191 θείας
3806 2131 3919 2182 ὣσ-

2323 2231 2430 2285 περ
2449 2216 2616 2287 αὐτῷ
2645 2218 2869 2289 χάριτος
2903 2220 3112 2274 ἄνωθεν
3153 2220 3202 2289 (δ
3233 2221 3328 2275 καὶ
3358 2224 3478 2284 ταῖς
3508 2219 3792 2290 ἀληθείαις
3822 2216 3918 2290 ἦν)

2324 2307 2641 2377 περιφανῶς
2670 2309 3016 2382 ἐπανθούσης
3035 2328 3048 2340 ⁸
3081 2312 3136 2378 ἃ,
3163 2312 3254 2366 τὸν
3282 2317 3394 2375 τοῖς
3422 2311 3648 2380 ἀγαθοῖς
3678 2292 3930 2382 βασκαίέ

2321 2414 2482 2451 νοντα
2528 2401 2686 2466 πᾶσι,
2729 2402 2819 2455 τὸν
2869 2404 2929 2470 ἐξ
2961 2405 3136 2476 ἀρχῆς
3161 2405 3305 2474 λέγω
3352 2391 3430 2475 τῷ
3465 2405 3724 2476 ἡμετέρῳ
3757 2405 3919 2472 γένει

2323 2489 2607 2561 πολέμιον,
2637 2495 2741 2547 οὐκ
2762 2489 2830 2565 ἦν
2858 2496 3120 2562 ἐνεγκεῖν,
3152 2481 3288 2550 ἀλλᾶ
3325 2514 3446 2549 τινα
3481 2496 3648 2569 παρὰ.
3670 2497 3738 2564 τῇ
3775 2496 3916 2566 μονῇ

2323 2582 2563 2651 ποιμένα
2588 2583 2922 2653 θρεμμάτων
2953 2585 2980 2636 6
3018 2585 3206 2648 σκαιὸς
3235 2586 3456 2649 ὑποδὺς,
3515 2586 3655 2655 ὅπερ
3689 2585 3760 2656 δὴ
3789 2588 3920 2653 τρό-

2322 2684 2423 2735 πος
2478 2672 2578 2741 τῆς
2630 2673 2838 2727 ἐκείνου
2882 2675 3265 2744 κακοτεχνίας,
3319 2673 3572 2728 τοσοῦτον
3626 2673 3795 2726 αὑτοῦ
3848 2676 3915 2742 τῇ

2321 2763 2466 2836 ψυχῇ
2504 2765 2700 2835 φθόνον
2732 2767 2834 2836 τῆς
2878 2767 3087 2821 ἐκείνου
3123 2768 3324 2837 ἀρετῆς
3355 2769 3686 2831 ὑπανάπτει,
3713 2767 3794 2834 ὡς
3819 2768 3919 2818 καὶ

2324 2853 2484 2921 φόνον
2507 2856 2592 2907 ἐπ’
2617 2857 2779 2909 αὐτὸν
2796 2857 3028 2920 ὠδίνειν,
3044 2857 3140 2910 καὶ
3159 2858 3260 2928 ἤδη
3289 2857 3740 2928 παραπειρᾶσθαι
3765 2858 3917 2916 ὅπως

2325 2941 2392 2995 ἂν
2418 2942 2598 2997 ἀνέλοι
2627 2944 2813 3000 τοῦτον
2841 2947 2938 3016 τῆς
2977 2947 3145 3017 μονῆς
3167 2949 3548 3016 ὑπεξαγαγὼν.

634 3045 818 3109 virum
845 3051 1100 3099 sanctum
1129 3041 1203 3098 6b
1237 3041 1506 3095 virtutum
1535 3039 1657 3110 ejus
1679 3036 1948 3108 fulgorem
1972 3034 2294 3098 inﬂammat,
2319 3041 2380 3088 ut
2418 3044 2654 3090 mortem
2695 3033 2773 3090 illi
2832 3038 2993 3092 anxie
3034 3037 3484 3106 machinaretur;
3516 3041 3742 3110 jamque
3767 3040 3912 3100 viam

646 3135 985 3205 modumque
1026 3131 1506 3202 circumspiceret,
1545 3143 1657 3202 quo
1701 3136 2032 3198 conceptum
2071 3124 2257 3179 animo
2284 3125 2467 3180 scelus
2499 3141 2668 3195 opere
2701 3127 3023 3197 compleret,
3062 3143 3232 3200 seque
3259 3144 3290 3185 e
3317 3128 3657 3186 monasterio
3690 3130 3915 3201 impune

638 3230 1006 3287 subduceret.
1214 3298 1216 3300 ν

715 3322 801 3378 15.
839 3324 982 3378 Dum
1009 3321 1204 3378 isthmc
1303 3335 1539 3392 nequam
1618 3317 1710 3372 ille
1742 3314 2220 3379 voivebatanimo,

2401 3318 2481 3364 ιε’.
2519 3307 2707 3364 Ταῦτα
2761 3313 2790 3366 6
2843 3313 2940 3383 μὲν
2986 3311 3216 3385 ἔστρεφε
3266 3315 3387 3368 καθ’
3419 3316 3635 3382 ἑαυτὸν,
3679 3321 3774 3373 καὶ
3825 3322 3914 3376 διὰ

641 3415 999 3486 studioseque
1022 3414 1255 3468 actitare
1281 3413 1589 3468 conabatur
1614 3449 1630 3474 ,
1661 3409 1828 3472 Deus,
1872 3408 1967 3478 qui
2001 3407 2224 3478 Symeo-

2333 3404 2574 3476 σπουδῆς
2637 3407 2895 3461 ἐποιεῖτο.
2945 3406 3078 3470 Θεὸς
3135 3407 3194 3460 δδ
3241 3407 3270 3460 6
3318 3410 3413 3462 xui.
3442 3411 3549 3480 πρὸ
3598 3412 3914 3481 συλλήψεως

651 3524 783 3566 nem
804 3509 1128 3579 priusquam
1162 3505 1556 3575 conciperetur
1586 3499 2074 3572 predestinaverat
2094 3496 2224 3561 sibi,

2331 3495 2508 3565 ἑαυτῷ
2532 3496 2625 3549 τὸν
2648 3496 2876 3566 Συμεὼν
2897 3496 3185 3571 ἀφορίσας,
3220 3500 3320 3554 οὐκ
3349 3501 3545 3570 ἠμέλει
3574 3501 3671 3555 τοῦ
3705 3505 3910 3559 οίκείου

640 3616 755 3656 non
779 3598 1195 3655 deeratfamuio
1213 3611 1349 3653 suo:
1379 3611 1505 3648 nam
1523 3592 1766 3647 hominis
1793 3589 1989 3661 nefarii
2009 3603 2223 3650 manus,

643 3695 755 3769 jam
788 3691 1039 3761 proxime
1092 3687 1288 3743 sceleri
1337 3683 1702 3748 admovenda,
1756 3688 1986 3752 repente
2039 3691 2231 3747 exare-

2331 3589 2685 3659 θεράποντος,
2720 3587 2838 3642 ἀλλ’
2869 3588 3030 3658 ἔργου
3089 3589 3354 3660 ἄρχεσθαι
3390 3591 3492 3662 ήδη
3542 3593 3789 3661 μέλλοντι
3827 3595 3914 3664 ’τῷ

2331 3677 2506 3750 ἀνδρὶ,
2542 3678 2860 3748 ξηραίνεται
2889 3679 3088 3750 ἁθρόον
3117 3681 3149 3750 ἡ
3180 3680 3329 3744 δεξιά
3349 3721 3365 3745 ,
3396 3682 3496 3751 τῆς
3529 3684 3624 3736 τοῦ
3671 3683 3803 3736 Θεοῦ
3835 3685 3916 3737 δι-

643 3766 785 3848 scit;
816 3781 965 3852 quod
1014 3777 1585 3850 argumentumjusta:
1636 3771 1733 3828 Dei
1776 3766 2224 3826 comminationis

2329 3770 2496 3832 καίας
2555 3771 2788 3842 ἀπειλῆς
2836 3772 2932 3825 καὶ
2983 3774 3253 3842 κινήσεως
3295 3773 3529 3844 ἐναργὲς
3563 3778 3866 3847 τεκμήριον
3900 3793 3913 3807 υ

644 3882 814 3942 atque
886 3869 1285 3940 indignationis
1344 3865 1701 3921 manifestum
1759 3871 1891 3918 est:
1950 3868 2229 3927 tantaeque

643 3963 887 4018 animam
925 3962 1104 4031 ipsius
1152 3956 1420 4029 angustiae
1453 3954 1744 4018 invadunt,
1774 3962 1834 4008 ut
1861 3953 2038 4022 impar
2071 3949 2230 4003 dolo-

645 4055 804 4110 ribus
834 4051 1082 4108 ferendis
1113 4048 1606 4106 arcbimandritam
1659 4044 1913 4108 adiverit,
1951 4039 2233 4112 quomodo

645 4159 845 4200 manus
877 4157 975 4198 sua
999 4142 1252 4205 haberet,
1296 4137 1620 4201 ostendens,
1656 4144 1822 4205 atque
1858 4129 2232 4187 infortunium

646 4251 809 4291 suum
847 4232 1244 4288 miserabiliter
1267 4231 1595 4284 lamentans.
1633 4228 1731 4283 illo
1769 4234 1952 4281 autem
2010 4236 2232 4279 causam

646 4332 1046 4397 percunctante
1068 4364 1081 4388 ,
1131 4321 1549 4392 obmutescebat
1579 4360 1592 4384 ,
1627 4332 1903 4374 atrumnas
1954 4330 2084 4369 suas
2117 4328 2234 4383 prae

648 4422 849 4476 timore
879 4416 1321 4485 confusioneque
1354 4413 1661 4467 occultans.
1681 4406 1990 4479 lnterjcctis
2023 4406 2235 4476 aliquot

649 4513 875 4577 diebus,
901 4509 1096 4564 dolore
1120 4507 1296 4578 magis
1327 4506 1614 4577 magisque
1645 4503 2082 4572 ingravescente,
2111 4511 2236 4551 cor-

648 4616 869 4680 pusque
913 4597 1266 4671 pessumiens
1300 4603 1652 4657 attenuante,
1682 4588 1923 4645 recurrit
1952 4587 2020 4643 ad
2041 4602 2234 4645 mona-

2334 3862 2427 3916 καὶ
2449 3865 2496 3916 oi
2528 3863 2683 3916 πόνοι
2708 3863 2968 3918 τοσοῦτον
2995 3864 3161 3917 αὑτοῦ
3187 3865 3284 3933 τῆς
3305 3865 3485 3935 ψυχῆς
3509 3867 3912 3935 καθικνοῦνται,

2334 3953 2410 4016 ὡς
2470 3953 2604 4024 μηδὲ
2652 3956 2761 4007 τῶν
2805 3954 3008 4008 ὀδυνῶν
3065 3955 3354 4025 ἀνέχεσθαι
3406 3955 3722 4020 δύνασθαι,
3786 3959 3914 4012 ἀλλὰ

2337 4046 2656 4118 προσελθεῖν
2715 4046 2795 4118 τῷ
2863 4048 3311 4120 Ἀρχιμανδρίτῃ,
3350 4051 3451 4116 τήν
3506 4067 3565 4102 τε
3627 4053 3783 4134 χεῖρε
3840 4052 3915 4115 ὡς

2335 4135 2449 4200 ἔχοι
2515 4134 2823 4202 δεικνύντα,
2887 4136 2980 4188 καὶ
3029 4135 3150 4189 λίαν
3205 4136 3459 4199 ἐλεεινῶς
3513 4139 3913 4207 ἀποδυρόμενον

2339 4227 2552 4281 ἑαυτὸν.
2589 4227 2697 4281 Καὶ
2723 4228 2751 4281 6
2785 4225 2887 4296 μὲν
2930 4224 3264 4279 ἐπυνθάνετο
3306 4227 3406 4298 τὴν
3447 4228 3650 4290 αἰτίαν,
3681 4229 3709 4279 6
3738 4228 3792 4281 δὲ
3820 4230 3914 4281 οὐκ

2337 4315 2491 4383 ἔλεγε
2514 4355 2527 4376 ,
2577 4314 2766 4376 δεινῶς
2819 4314 2926 4368 ὑπὸ
2961 4314 3114 4378 δέους
3135 4315 3479 4385 είργόμενος.
3530 4316 3618 4379 Ὠς
3645 4317 3701 4370 δὲ
3727 4298 3915 4370 ’πολλαὶ

2342 4407 2481 4478 μετὰ
2508 4406 2679 4460 ταῦτα
2691 4404 2909 4475 διῆλθον
2939 4405 3164 4477 ἡμέραι,
3183 4405 3252 4461 τά
3280 4423 3338 4460 τε
3363 4406 3473 4459 τῶν
3553 4407 3758 4461 ὀδυνῶν
3784 4412 3912 4477 μᾶλ-

2339 4496 2429 4548 λον
2483 4495 2632 4566 αὐτῷ
2687 4496 3136 4556 ἐπετείνετο.κα“ι
3163 4495 3226 4549 τδ
3257 4493 3422 4568 σῶμα
3478 4497 3632 4568 ἔρρει
3685 4500 3912 4566 animus.

2343 4602 2453 4648 νον,
2514 4586 2765 4655 πρόσεισι
2823 4585 2902 4652 τῷ
2935 4586 3362 4656 Ἀρχιμανδρίτῃ
3430 4586 3572 4640 κατὰ
3633 4587 3796 4656 μόνας
3853 4593 3911 4642 τὰ

647 4675 880 4750 sterium
925 4693 1066 4750 clam
1100 4688 1361 4750 omnibus
1394 4687 1462 4742 ad
1495 4681 2008 4746 archimandritam,
2053 4678 2224 4750 aperit

2345 4677 2563 4730 πάντων
2610 4675 2788 4730 λαθὼν
2811 4675 3056 4746 ὄμματα,
3079 4675 3408 4746 ’ἐξαγορεύει
3470 4678 3571 4748 τὴν
3626 4679 3908 4749 ἁμαρτίαν,

647 4785 934 4848 delictum,
981 4781 1192 4837 indicat
1243 4780 1506 4835 acerbum
1566 4775 1753 4833 cordis
1802 4774 2075 4838 dolorem,
2139 4771 2233 4826 llet

649 4875 1130 4937 amare,ievamen
1164 4870 1292 4926 mali
1327 4869 1608 4940 implorat.
1658 4866 1800 4933 Quid
1848 4864 1940 4918 bic
1987 4871 2109 4939 ngat
2140 4878 2230 4920 ar-

650 4965 1055 5021 cltimandrita?
1082 4961 1383 5022 Confestim
1428 4961 1695 5014 advocato
1736 4956 2030 5028 Symeone,
2063 4969 2228 5025 quem

649 5055 1059 5111 abundantiore
1081 5052 1260 5108 sancti
1287 5051 1528 5120 Spiritus
1567 5048 1738 5118 gratia
1762 5057 2105 5117 praeventum
2140 5060 2242 5103 no-

651 5157 832 5212 verat,
857 5147 992 5218 quid
1017 5156 1227 5209 actum,
1260 5143 1407 5214 quid»
1428 5139 1649 5196 consilii
1680 5133 1902 5208 captum
1932 5137 2026 5204 sit,
2052 5137 2237 5199 decia-

652 5251 738 5296 rat
762 5259 777 5305 ;
801 5242 1004 5311 justam
1032 5239 1129 5293 Dei
1166 5238 1221 5292 in
1276 5236 1545 5290 miserum
1577 5230 1856 5286 hominem
1887 5229 2234 5284 animadver-

650 5335 864 5388 sionem
906 5331 1061 5402 ponit
1090 5331 1160 5384 ob
1185 5328 1410 5393 oculos;
1450 5340 1614 5395 quam
1672 5321 2064 5377 miserabiliter
2085 5322 2238 5392 ejus-

653 5427 778 5481 dem
795 5439 994 5479 manus
1016 5422 1212 5477 affecta
1226 5421 1317 5485 sit,
1347 5425 1780 5474 commonstrat:
1814 5411 2015 5467 deinde
2030 5413 2234 5482 ipsum,

655 5519 734 5574 uti
787 5516 1091 5588 genuinum
1161 5512 1356 5576 lilium,
1410 5519 1506 5564 aut
1565 5506 1754 5561 verius
1803 5510 2233 5576 patrem,rogat,

655 5608 859 5664 afﬂicto
893 5606 1111 5663 veniam
1136 5613 1197 5660 ut
1227 5603 1514 5674 largiatur,
1541 5597 1882 5654 etmedelam
1911 5595 2238 5652 vulneribus

656 5702 906 5756 obtineat
932 5696 1232 5770 precando.

730 5791 814 5853 16.
851 5789 1085 5864 Symeon
1117 5803 1270 5861 ergo,
1296 5793 1420 5841 ante
1441 5780 1790 5838 nativitatem
1813 5780 2024 5837 electus
2054 5796 2082 5833 ιι
2102 5780 2235 5843 De",

2342 4767 2661 4838 δημοσιεύει
2693 4765 2791 4835 τὴν
2819 4769 3065 4838 πονηράν
3098 4769 3317 4840 ἐκείνην
3354 4769 3457 4837 τῆς
3483 4767 3714 4843 καρδίας
3737 4771 3906 4831 ὠδῖνα,

2342 4859 2520 4912 κλαίει
2550 4859 2786 4930 πικρῶς,
2816 4859 2960 4912 αἰτεῖ
2995 4858 3293 4930 θεραπείαν
3323 4859 3415 4911 τοῦ
3441 4858 3670 4921 πάθους.
3698 4859 3796 4911 Τὸν
3821 4860 3908 4912 Συ·

2349 4947 2496 5020 μεὼν
2529 4950 2709 5003 τοίνυν
2760 4951 2967 5012 ἐκεῖνος
3015 4950 3213 5003 αὐτίκα
3273 4949 3532 5014 καλέσας,
3565 4940 3611 5016 ᾧ
3638 4951 3731 5005 καὶ
3760 4949 3909 5003 πλουο

2347 5042 2615 5111 σιωτέραν
2645 5035 2762 5106 ᾔδει
2794 5039 3071 5107 φοιτῶσαν
3099 5041 3198 5110 τὴν
3225 5041 3386 5112 χάριν
3438 5039 3530 5093 τοῦ
3581 5041 3905 5110 Πνεύματος,

2343 5129 2414 5184 τά
2439 5147 2498 5183 τε
2531 5130 2626 5184 τοῦ
2647 5131 2925 5203 δράματος
2956 5131 3105 5201 αὐτῷ
3149 5131 3245 5183 καὶ
3287 5132 3388 5200 τῆς
3423 5131 3712 5201 ὲπισουλῆς
3747 5131 3906 5200 ἀπαγ-

2345 5221 2545 5289 γέλλει,
2573 5221 2644 5274 τὰ
2676 5237 2735 5273 τε
2762 5221 2864 5288 τῆς
2897 5220 2993 5272 τοῦ
3017 5219 3154 5274 Θεοῦ
3182 5220 3399 5283 δικαίας
3427 5220 3600 5290 ὀργῆς
3626 5221 3904 5291 «pastion-

2347 5330 2421 5374 σι,
2456 5315 2550 5364 καὶ
2609 5313 2822 5382 ὄπωςή
2871 5311 2994 5380 χεὶρ
3040 5311 3117 5382 τῷ
3168 5311 3324 5388 ἀνδρὶ
3367 5311 3632 5364 πεπόνθοι
3679 5311 3905 5373 ἐλεεινῶς

2343 5403 2608 5470 δείκνυσι,
2649 5398 2768 5455 εἶτα
2803 5405 2895 5456 καὶ
2921 5403 3022 5454 ὅσα
3061 5401 3285 5473 γνησίου
3312 5399 3904 5473 δεῖταιπαιδὺς,ῆταληο

2343 5494 2600 5564 θέστερον
2661 5492 2863 5562 μᾶλλον
2921 5493 3130 5562 πατρὸς
3162 5489 3520 5560 συγχωρῆσαί
3548 5507 3606 5543 τε
3637 5489 3777 5558 αὐτῷ
3821 5491 3902 5541 καί

2336 5587 2639 5658 Θεραπείαν
2667 5585 2816 5656 αὑτῷ
2837 5584 2936 5656 τῆς
2960 5583 3176 5653 πληγῆς
3211 5580 3570 5647 ἐπεύξασθαι.

2411 5778 2504 5836 ις’.
2535 5767 2757 5840 Συμεὼν
2788 5767 2865 5833 δὲ,
2901 5767 2928 5819 6
2955 5765 3028 5837 τῷ
3076 5762 3193 5835 Θεῴ
3227 5759 3623 5832 ἐκλελεγμένος
3680 5759 3760 5811 καὶ
3815 5757 3898 5827 πρὸ
