4092 6462
641 354 786 422 3007

1848 348 1908 408 S.
1950 344 2326 407 SYMEONIS
2362 341 2723 405 JUNIORIS

3766 334 3904 399 3008

640 467 849 527 Christi
879 467 1119 539 objecta,
1147 466 1275 522 inde
1302 462 1699 527 exterminans,
1721 458 2004 515 hominem
2028 472 2222 513 sanum

2341 455 2421 509 τοῦ
2447 454 2688 527 Χριστοῦ
2715 454 2987 523 σφραγῖδα
3008 447 3304 511 ἐπιϐαλὼν.
3332 448 3427 502 καὶ
3446 445 3639 503 τοῦτον
3664 447 3905 502 ἔκϐαλὼν

640 575 705 616 ac
735 558 843 615 sibi
880 559 1158 615 redditum
1192 555 1424 613 dimisit.
1476 556 1554 610 ita
1602 554 1676 608 in.
1702 559 1965 624 promptu
2008 564 2226 621 semper

640 660 762 708 erat
781 650 1039 721 Symeoni
1071 647 1245 720 gratia
1272 646 1514 703 caelestis
1540 664 1553 699 :
1588 659 1693 700 nec
1725 644 1890 709 ullus,
1912 642 2007 713 qui
2042 642 2222 713 ipsum

641 739 959 802 accedebat,
1004 738 1404 794 revertebatur
1453 749 1683 799 vacuus,
1738 733 1836 789 sed
1883 731 2224 802 reportabant,

641 829 911 900 quidquid
953 830 1213 900 petierat,
1274 828 1387 884 voti
1442 842 1688 896 compos.

708 934 805 991 35.
840 933 1089 1003 Cupidus
1145 948 1310 1005 porro
1357 933 1593 1004 Symeon
1625 930 1938 987 absolutum
1974 945 2073 1000 per
2107 944 2225 984 om—

644 1026 737 1080 nia
775 1027 1002 1081 virtutis
1023 1026 1316 1080 aediﬁcium
1350 1024 1625 1087 struendi,
1659 1020 2127 1093 perveniendique
2159 1020 2227 1075 ad

645 1114 1105 1185 perfectissimum
1133 1115 1440 1170 tulerantize
1472 1114 1733 1182 gradum,
1764 1112 1901 1168 dicit
1934 1112 2228 1183 aliquando

643 1204 711 1257 ad
741 1204 1005 1259 Joannem
1040 1223 1053 1257 :
1087 1204 1257 1268 Quam
1286 1205 1394 1258 late
1425 1213 1610 1273 pateat
1639 1202 1950 1257 dominium
1994 1201 2228 1268 Satanae,

644 1305 701 1347 et
722 1304 940 1363 quantm
963 1293 1340 1363 sintejusdem
1368 1293 1692 1362 perniciosae
1742 1291 1980 1355 divitiae,
2023 1300 2229 1361 quanto

646 1384 811 1438 etiam
848 1385 1031 1439 studio
1060 1400 1278 1438 onmem
1315 1398 1469 1437 suam
1521 1382 1779 1453 applicet,
1817 1381 2113 1443 vafritiem,
2170 1390 2231 1436 ut

648 1474 871 1529 virtutis
921 1476 1262 1529 zelatoribus
1305 1474 1507 1530 bellum
1541 1482 1759 1527 moveat
1795 1513 1810 1536 ,
1859 1473 1969 1543 jam
2015 1472 2229 1542 pridem

649 1567 976 1621 monstravit
1010 1567 1144 1621 mihi
1190 1567 1473 1622 Dominus.
1509 1565 1599 1621 Ait
1643 1564 1885 1620 Joannes
1918 1582 1931 1618 :
1966 1564 2232 1619 Dominus

652 1667 726 1719 te,
777 1656 873 1722 iiii,
921 1658 1279 1728 nequissimis
1332 1658 1482 1711 illius
1522 1655 1981 1710 machinamentis
2009 1654 2229 1725 eripiet.

652 1746 996 1802 Subsumens
1037 1747 1273 1819 Symeon
1314 1766 1328 1802 :
1371 1746 1776 1811 Exsecrabilcs,
1827 1744 2027 1814 inquit,
2084 1746 2231 1802 vires

648 1837 793 1906 ejus,
844 1840 1208 1911 quantumvis.
1267 1839 1503 1895 sollicite
1552 1838 1704 1892 aliud
1754 1853 1821 1893 ex
1871 1837 1979 1894 alio
2025 1838 2231 1892 malum

648 1928 966 1993 molientes,
1025 1930 1228 1985 effectu
1282 1930 1572 1985 carebunt.
1628 1929 1735 1986 Ubi
1786 1929 1923 1984 vidit
1969 1929 2230 1997 Joannes,

649 2032 815 2086 quam
889 2019 1258 2089 vilipenderet
1312 2019 1543 2075 insidias
1605 2019 1866 2085 inimici,
1937 2020 2107 2078 veluti
2164 2022 2233 2077 ad

650 2118 896 2164 mentem
952 2094 1238 2177 revocare,
1291 2112 1346 2166 in
1401 2111 1692 2182 ofﬁcioque
1747 2112 2035 2168 continere
2070 2113 2233 2170 aber-

648 2205 866 2251 rantem
913 2199 1166 2268 cupiens,
1212 2210 1273 2256 ut
1309 2216 1379 2254 ne
1412 2210 1553 2257 teter
1580 2199 1830 2270 spiritus,
1880 2200 2010 2256 hinc
2037 2201 2235 2257 animae

650 2285 802 2342 illius
847 2290 1216 2359 arrogantiam
1251 2291 1681 2360 superbiamque
1707 2299 1927 2346 tentans
1958 2292 2231 2362 ingerere,

649 2378 850 2434 lateret
900 2380 1152 2437 diutius:
1184 2381 1430 2446 Nonita,
1464 2383 1667 2452 inquit,
1713 2381 1787 2436 illi
1840 2384 1936 2448 mi,
1983 2383 2060 2438 sis
2110 2386 2233 2439 aui-

649 2477 869 2536 matus;
898 2487 1080 2545 neque
1114 2481 1221 2527 tam
1251 2472 1460 2530 imbelli
1484 2488 1609 2526 cum
1639 2473 1797 2529 hoste
1822 2474 2102 2544 negotium
2133 2490 2233 2531 nos

649 2558 879 2625 habere,
908 2572 1099 2631 putato
1134 2580 1147 2616 :
1185 2564 1296 2618 imo
1324 2571 1458 2618 Vero
1497 2564 1712 2620 calceos
1746 2564 1973 2619 indutus
2007 2565 2235 2633 ferreos,

650 2640 922 2717 perpetuo
951 2652 1238 2707 monachis
1263 2653 1432 2707 struit
1466 2652 1718 2718 insidias,
1753 2663 1810 2708 et
1856 2654 2030 2707 sicubi
2081 2669 2239 2708 occa-

649 2739 865 2795 sionem
898 2752 1093 2797 nactus
1116 2745 1463 2799 commodam
1497 2745 1686 2806 fuerit,
1710 2745 1984 2799 violenter
2011 2745 2240 2816 impres-

651 2831 865 2887 sionem
885 2832 1036 2887 l'acit.
1056 2834 1375 2891 Precandus
1398 2835 1559 2890 nobis
1576 2834 1760 2904 potius
1784 2834 2239 2904 invocandusque

650 2927 738 2980 est
782 2923 1105 2981 Emmanuel

653 3014 869 3071 neddet.

2326 545 2557 611 ἐκεῖθεν,
2591 546 2687 598 δια)⁸
2714 545 3016 610 ἀπελάσας,
3052 542 3178 612 ὑγιῆ
3215 540 3308 593 τὸν
3337 539 3627 610 ἄνθρωπον
3659 538 3900 593 ἀπολύει.

2327 638 2513 701 Οῦτως
2537 638 2623 692 ἀεὶ⁵
2654 637 3076 707 παραμένουσαν
3104 631 3255 703 αὐτῷ
3283 631 3382 702 τὴν
3420 629 3631 683 ἄνωθεν
3668 625 3783 699 εἶχε
3809 632 3904 699 χά-

2331 750 2449 803 ριν,
2472 731 2565 785 καὶ
2609 729 2718 785 τῶν
2761 727 2910 799 αὐτῷ
2955 726 3290 798 προσιόντων
3307 723 3486 787 οὐδεὶς
3534 718 3604 794 ἦν
3658 723 3907 793 διακενῆς

2329 821 2704 893 ἀναστρέφων,
2737 820 2875 874 ἀλλὰ
2908 819 3195 888 τυγχάνων
3227 809 3398 887 οὗπερ
3425 814 3698 868 ἐϐούλετο.

2402 919 2508 981 κγ’.
2537 912 2868 982 Βουλόμενος
2892 910 2949 963 δὲ
2976 908 3112 979 πρὸς
3133 904 3333 978 ἀρετὴν
3356 905 3441 959 διὰ
3467 903 3686 958 πάντων
3710 903 3907 955 οἰκοδο·

2333 1004 2573 1074 μεῖσθαι,
2605 1003 2700 1057 καὶ
2735 1000 3008 1072 ὑπομονὴν
3034 999 3120 1053 ἀεὶ
3149 995 3595 1068 καταρτίζεσθαι,
3625 994 3760 1065 φησί
3782 1009 3907 1045 ποτε

2332 1095 2467 1164 πρὸς
2500 1095 2591 1148 τὸν
2630 1092 2904 1162 Ἰωάννηνο
2947 1090 3035 1153 Ὧς
3066 1091 3175 1161 ἄρα
3202 1090 3237 1159 ἡ
3275 1088 3375 1159 μὶν
3403 1086 3495 1140 τοῦ
3536 1085 3753 1139 Σατανᾶ
3779 1083 3909 1151 κτῆ·

2333 1201 2438 1249 σις,
2484 1184 2580 1237 καὶ
2613 1183 2739 1245 ὅσος
2782 1184 2812 1235 6
2838 1179 3032 1234 τούτου
3060 1177 3305 1248 ὀλέθριος
3334 1173 3589 1241 πλοῦτος,
3623 1170 3911 1240 ὁπεδείχθη

2335 1291 2425 1344 μοι
2458 1274 2651 1344 πρώην
2683 1270 2837 1342 παρὰ
2866 1269 3031 1324 Θεοῦ·
3070 1269 3155 1331 τίς
3182 1268 3240 1321 δὲ
3262 1266 3451 1320 λοιπὸν
3500 1266 3535 1335 ἡ
3576 1264 3782 1332 σπουδὴ
3816 1263 3914 1331 τῆς

2331 1364 2542 1418 ἐκείνου
2568 1361 2944 1433 πολυτεκνίας,
2988 1360 3056 1414 δι’
3083 1354 3153 1431 ἧς
3176 1361 3289 1423 τοῖς
3312 1357 3516 1429 ἀρετῆς
3546 1357 3915 1425 ἐρασταῐςπο-

2331 1453 2532 1525 λέμους
2554 1453 2926 1527 άναρῥιπίζει.
2944 1452 3054 1504 Καὶ
3083 1452 3112 1504 6
3138 1448 3418 1518 Ἶωάννης·
3449 1448 3509 1500 '0
3537 1446 3766 1517 Κύριος,
3790 1446 3912 1514 ἔφη,

2331 1548 2544 1613 τέκνον,
2576 1545 2841 1610 ἔξελείταί
2864 1560 2925 1597 σε
2951 1532 3054 1612 τῆξ
3078 1541 3292 1596 ικείνου
3325 1539 3708 1609 κακοτεχνίας.
3753 1537 3916 1590 Ὑπο-

2332 1638 2512 1693 λαδὼν
2550 1638 2606 1692 δὲ
2635 1638 2664 1691 6
2692 1634 2936 1707 Συμεὼν,
2954 1626 3387 1703 Ἐπικατάρατός
3421 1647 3480 1683 τε
3516 1629 3611 1683 καὶ
3643 1630 3918 1699 ἄπρακτος

2335 1730 2508 1794 ἔσται,
2536 1729 2692 1801 φησὶ,
2735 1727 2846 1781 τῶν
2876 1728 3088 1781 ἐκείνου
3133 1724 3416 1792 δυνάμεων
3445 1721 3479 1791 ἡ
3519 1717 3765 1790 φροντὶς,
3802 1716 3918 1788 μεθ’

2268 1798 2309 1854 Β
2336 1816 2411 1877 ὧν
2438 1798 2810 1890 τὰς’πονηρὰς
2850 1816 3244 1882 συσκευάζεται
3274 1811 3523 1884 πράξεις.
3570 1808 3712 1864 Ἰδὼν
3744 1808 3920 1861 τοίνυν

2338 1917 2368 1970 6
2401 1916 2654 1983 Ἰωάννης
2677 1914 2823 1975 ὅπως
2849 1914 2907 1964 ὲν
2937 1909 3150 1972 οὐδενὸς
3183 1907 3341 1979 μέρει
3360 1905 3457 1968 τὰς
3490 1902 3786 1964 ἒπιδουλὰς
3814 1900 3921 1953 hic

2341 2007 2465 2060 θετο
2502 2006 2594 2059 τοῦ
2622 2003 2837 2076 ἐχθροῦ,
2877 2002 3136 2073 καθάπερ
3172 1997 3338 2052 αὑτοῦ
3372 1998 3434 2050 τὸ
3458 1996 3715 2065 φρόνημα
3752 2009 3919 2047 κατα-

2344 2098 2600 2161 στὲλλων,
2632 2098 2719 2149 ἵνα
2752 2095 2826 2166 μὴ
2860 2093 3020 2165 λάθῃ.
3047 2096 3114 2163 τῇ
3143 2091 3334 2145 τούτου
3362 2089 3510 2159 ψυχῇ
3537 2087 3727 2155 τύφον,
3751 2084 3921 2138 ἐντεῦο

2332 2188 2425 2242 θεν
2472 2188 2501 2241 6
2537 2187 2724 2249 σκαιὸς
2783 2174 3113 2255 ἐμποιήσας·
3173 2181 3267 2252 Μὴ
3308 2181 3470 2246 οῦτω,
3515 2179 3733 2237 τέκνον,
3804 2175 3918 2245 ἔχε,

2333 2277 2489 2348 φησὶ,
2525 2275 2645 2347 μηδ’
2675 2274 2847 2336 οὕτως
2878 2272 3112 2343 ἀσθενὴς
3143 2272 3172 2325 6
3203 2270 3464 2339 πολέμιος
3488 2267 3789 2336 λογιζέσθω
3818 2281 3917 2328 σοι,

2336 2366 2473 2421 ἀλλὰ
2504 2367 2728 2435 σιδηρᾶς
2760 2363 2960 2434 μᾶλλον
2999 2361 3169 2424 ὁπλὰς
3203 2358 3615 2429 ὑποδεδεμένος,
3643 2352 3820 2427 ταύτῃ
3862 2369 3920 2405 τε

2337 2458 2426 2512 διὰ
2457 2458 2657 2521 παντὸς
2688 2459 2798 2521 τοῖς
2835 2456 3091 2527 μοναχοῖς
3120 2449 3450 2522 ἐφεδρεύων,
3480 2447 3643 2501 καὶεί
3661 2462 3767 2498 που
3799 2462 3922 2497 καιο

2343 2550 2437 2622 ροῦ
2477 2549 2718 2611 λάϐοιτο,
2755 2549 2943 2619 βιαίως
2978 2546 3386 2615 ἐπιτιθέμενος·
3424 2540 3559 2595 ἀλλὰ
3603 2537 3923 2606 ὲπικλητέον

2339 2644 2473 2712 ἡμῖν
2517 2643 2685 2712 φάναι
2730 2642 2819 2695 τὸν
2873 2636 3247 2709 Ἐμμανουήλ.
3301 2636 3397 2688 καὶ
3436 2632 3600 2695 αὐτὸς
3641 2631 3794 2683 ἔσται
3838 2628 3923 2681 διὰ

2341 2741 2541 2801 παντὸς
2582 2738 2702 2809 μεθ’
2738 2737 2915 2808 ἡμῶν,
2949 2735 3042 2787 καὶ
3076 2732 3241 2795 αὐτὸς
3270 2728 3434 2784 αὑτοῦ
3481 2730 3548 2798 τῇ
3580 2726 3683 2797 τῆς
3716 2722 3921 2786 οἰκείας

2342 2834 2644 2904 παρουσίας
2659 2829 2963 2901 ’ἐπιφανείᾳ
2988 2828 3327 2898 καταργήσει
3357 2822 3456 2884 τὰς
3483 2819 3784 2888 ἐνεργείας.

1162 2944 1176 2981 :
1222 2927 1339 2997 ipse
1385 2935 1653 2999 perpetuo
1679 2927 1970 2983 nobiscum
2003 2925 2223 2982 futurus
2262 2936 2380 2994 est;
2414 2928 2531 2997 ipse
2565 2922 2857 2995 praesentia
2885 2937 2986 2976 sua
3010 2935 3230 2974 omnem
3288 2913 3503 2972 inimici
3538 2912 3649 2966 vim
3712 2909 3919 2966 irritam

725 3108 816 3163 24.
848 3110 975 3164 Haec
1030 3110 1330 3180 malignum
1377 3109 1632 3179 spiritum
1670 3110 1737 3164 ad
1794 3117 1999 3164 tantam
2047 3118 2240 3164 contra

2420 3104 2517 3157 κδ’.
2553 3102 2736 3155 ταῦτα
2758 3100 2895 3169 πρὸς
2921 3093 3255 3166 τηλικαύτην
3284 3089 3426 3144 κατὰ
3451 3087 3546 3140 τοῦ
3582 3086 3808 3156 Συμεὼν
3840 3089 3925 3141 ὲκ-

657 3201 985 3271 Symeonem
1017 3198 1321 3269 adegerunt
1359 3199 1590 3265 rabiem,
1621 3210 1681 3254 ut
1719 3208 1943 3269 repente
1975 3214 2241 3269 superve-

658 3290 840 3354 niens,
868 3291 1099 3345 crebros
1133 3291 1420 3359 strepitus,
1449 3306 1616 3360 super
1645 3290 1842 3359 pellem
1879 3306 1986 3359 qua
2019 3290 2240 3360 tegeba-

659 3388 773 3445 tur,
811 3381 1155 3436 horribiliter
1201 3381 1539 3447 iusonantes,
1588 3380 1793 3446 cieret;
1837 3381 2033 3435 subtus
2058 3389 2241 3435 autem

658 3470 960 3534 daemonas,
994 3472 1164 3526 veluti
1199 3487 1406 3543 angues
1452 3472 1771 3543 subiiceret,
1823 3482 1931 3526 tam
1978 3471 2243 3527 formido-

660 3562 777 3618 losa
832 3564 981 3617 illico
1010 3565 1173 3618 sibila
1198 3565 1539 3629 emittentes,
1575 3572 1739 3633 atque
1785 3563 1923 3618 adeo
1949 3564 2248 3619 vehemen-

663 3662 778 3708 tem
836 3653 1174 3710 incutientes
1224 3647 1519 3718 terrorem,
1565 3664 1625 3707 ut
1673 3654 1905 3709 auribus
1949 3653 2094 3709 ferre
2136 3670 2246 3709 non

664 3746 1005 3801 sustinerent
1052 3746 1352 3811 monachi;
1405 3746 1541 3816 quin
1584 3745 1774 3810 etiam,
1832 3759 1957 3800 cum
1998 3745 2247 3808 detracta

664 3836 1095 3906 circumquaque
1117 3838 1283 3906 pelle,
1314 3837 1453 3891 nihil
1480 3837 1709 3890 omnino
1732 3836 1853 3890 visu
1874 3836 2245 3907 perciperent,

667 3927 1084 3997 inexpugnabili
1117 3926 1302 3982 crucis
1330 3926 1489 3997 signo
1519 3936 1709 3982 contra
1748 3928 2058 3983 istiusmodi
2092 3929 2251 3984 terri-

664 4017 976 4073 culamenta
1022 4034 1144 4074 sese
1191 4020 1525 4084 munientes,
1581 4020 1926 4082 recederent,
1976 4019 2097 4074 Non
2158 4018 2251 4081 hic

665 4108 821 4163 stetit
883 4108 1130 4163 vafrities
1174 4124 1413 4179 nequam
1468 4109 1646 4165 hostis
1707 4128 1720 4164 :
1778 4110 2105 4179 praeludium
2156 4109 2247 4164 illa

666 4208 847 4253 erant.
876 4199 1178 4268 Serpentes
1219 4200 1426 4271 ingenti
1454 4216 1690 4256 numero
1718 4200 1986 4255 adversus
2024 4198 2280 4272 Symeo—’

667 4306 796 4347 nem
826 4302 1047 4346 coactos
1074 4292 1127 4345 in
1156 4292 1329 4346 aciem
1368 4292 1581 4353 educit,
1615 4300 1998 4362 nocturnaque
2033 4302 2251 4362 spectra

668 4382 993 4436 multimoda
1014 4383 1197 4450 specie
1219 4383 1684 4444 comminiscitur,
1703 4382 1907 4452 quibus
1930 4384 2108 4452 ipsum
2132 4400 2251 4453 per-

2350 3196 2532 3267 μαίνει
2581 3193 2785 3247 λύσσαν
2841 3191 2932 3245 τδν
2980 3184 3214 3256 πονηρὸν
3255 3182 3330 3244 ὡς
3368 3179 3564 3250 ἀθρόον
3610 3177 3921 3241 ἐπιστάντα,

2346 3288 2542 3355 φόνους
2564 3302 2623 3337 τε
2657 3284 2885 3353 συχνοὺς
2925 3278 3131 3334 ἄνωθεν
3161 3274 3263 3341 τῆς
3290 3269 3604 3340 σκεπούσης
3625 3269 3788 3321 αὐτὸν
3820 3283 3923 3337 μη-

2346 3379 2523 3447 λωτῆς
2578 3374 2809 3445 φοϐερὸν
2859 3371 3126 3442 ὴχοῦντας
3175 3365 3481 3433 ἐπινοῆσαι,
3536 3360 3633 3414 καὶ
3686 3356 3924 3411 κάτωθεν

2346 3468 2604 3537 δαίμονας
2626 3466 2702 3526 ὡς
2727 3464 2880 3533 ὄφεις
2909 3459 3225 3521 ὑποϐαλεῖν,
3257 3454 3431 3509 δεινόν
3445 3471 3497 3505 τι
3520 3451 3714 3521 κομιδῇ
3750 3449 3925 3520 συρίτ·

2346 3576 2538 3622 τοντας
2564 3558 2658 3611 καὶ⁵
2680 3556 2887 3625 σφόδρα
2912 3549 3339 3621 δεδιττομένους,
3375 3546 3451 3608 ὡς
3483 3543 3619 3614 μηδὲ
3639 3542 3739 3611 τὴν
3764 3540 3923 3605 ἀκοὴν

2348 3650 2494 3712 οἴους
2518 3664 2579 3701 τε
2604 3642 2741 3700 εἶναι
2772 3645 2984 3712 στέγειν
3001 3643 3126 3704 τοὺς
3162 3637 3451 3709 μοναχοὺς,
3476 3634 3612 3689 ἀλλὰ
3639 3635 3736 3687 καὶ
3763 3634 3923 3701 αὐτὴν

2349 3740 2522 3810 δήπου
2554 3734 2906 3807 περιελόντας
2933 3733 3032 3803 τὴν
3068 3727 3349 3801 μηλωτὴν,
3379 3726 3505 3779 ἐπεὶ
3540 3724 3710 3797 μηδὲν
3740 3722 3925 3790 αίσθη-

2350 3830 2459 3893 τῶς
2488 3830 2621 3900 δρᾷν
2652 3822 2817 3896 εἶχον,
2856 3824 2935 3894 τῷ
2966 3823 3166 3895 ἀμάχῳ
3203 3820 3294 3875 τοῦ
3328 3816 3565 3888 σταυροῦ
3606 3816 3767 3886 τύπῳ
3794 3816 3925 3867 κατὰ

2349 3920 2459 3973 τῶν
2512 3919 2785 3989 δειμάτων
2835 3914 3062 3967 ἐκείνων
3134 3908 3569 3983 σημειουμένους
3606 3907 3922 3974 ἀναχωρεῖν.

2352 4007 2448 4075 Οἷς
2476 4012 2576 4064 οὐκ
2598 4005 2667 4081 ἦν
2690 4004 2976 4078 ἀρκεῖσθαι
3040 4005 3226 4075 μόνοις
3257 4001 3352 4054 τὸν
3388 3998 3648 4069 πονηρὸν,
3682 3996 3815 4050 ἀλλὰ
3840 3996 3925 4048 καὶ

2352 4102 2558 4173 πλῆθος
2610 4099 2856 4171 ἑρπετῶν
2919 4095 3063 4151 κατά
3088 4093 3183 4148 τοῦ
3212 4091 3442 4164 Συμεὼν
3471 4086 3628 4152 αὖθις
3671 4086 3924 4142 ἐπισυνά-

2351 4210 2461 4264 γει,
2500 4184 2601 4245 καὶ
2644 4187 2966 4258 νυκτερινὰς
3018 4185 3225 4238 ἐπινοεῖ
3277 4181 3580 4247 πολυειδεῖς
3613 4178 3924 4247 φαντασίας,

2352 4286 2447 4339 καὶ
2478 4283 2669 4353 χρόνον
2714 4281 2807 4333 ἐπὶ
2850 4275 3062 4349 μακρὸν
3120 4274 3473 4344 ἐκταράττειν
3524 4269 3714 4339 ὥσπερ
3749 4266 3925 4321 αὐτὸν

2354 4376 2619 4445 οἰόμενος,
2659 4373 2748 4426 ἵνα
2780 4369 2918 4439 πρὸς
2950 4368 3076 4430 τοῦς
3111 4367 3411 4435 ὑπερφυεῖς
3442 4361 3687 4422 ἐκείνους
3725 4361 3924 4425 ἀπαγο-

670 4479 1086 4541 terrere,atque
1114 4472 1183 4526 ab
1212 4471 1433 4527 eximiis
1462 4472 1572 4525 illis
1604 4471 1856 4525 asccticm
1905 4470 2032 4525 vita:
2063 4472 2240 4540 operi-

2359 4434 2533 4540 ρεόσῃ
2557 4434 2845 4533 άσκήσεως
2880 4458 3096 4522 πόνους.
3142 4434 3293 4509 Ἡδὲ
3323 4452 3546 4524 γενναία
3574 4450 3665 4505 διὰ
3702 4448 3924 4541 Χριστὶν

670 4563 776 4622 bus
793 4564 1107 4619 absterrere
1127 4564 1224 4620 diu
1246 4574 1495 4619 conatur.
1520 4562 1591 4617 At
1609 4577 1873 4632 generosa
1912 4562 2001 4616 illa
2026 4570 2251 4632 propter

667 4656 949 4713 Christum
995 4656 1198 4723 anima,
1248 4656 1399 4711 hisce
1447 4653 1759 4709 terroribus
1788 4668 1897 4706 non
1945 4653 2109 4707 modo
2140 4669 2249 4709 non

669 4750 895 4815 cedens,
917 4750 1013 4805 sed
1044 4762 1237 4804 contra
1263 4748 1461 4818 majori
1488 4749 1653 4805 etiam
1677 4746 2057 4813 contentione,
2085 4761 2250 4817 quam

670 4850 830 4897 antea
852 4841 1068 4896 enitens
1091 4840 1159 4895 ad
1190 4841 1473 4906 virtutem,
1512 4850 1568 4894 et
1607 4840 1812 4910 quibus
1842 4837 2098 4894 terrenda
2143 4853 2250 4908 pu-

673 4927 894 4981 tabatur
920 4928 1029 4981 illis
1061 4927 1195 4996 ipsis
1240 4926 1498 4981 ﬁduciam
1535 4927 1834 4997 adaugens,
1870 4940 2063 4981 vocem
2092 4934 2254 4981 extu-

670 5017 737 5071 lit
778 5018 1089 5088 cecinitquc
1118 5034 1132 5071 :
1168 5017 1497 5073 Altissimuut
1527 5019 1677 5087 posui
1706 5018 1965 5087 refugium
2002 5032 2176 5071 meum
2198 5016 2249 5083 ⁸;

670 5118 963 5179 propterea
992 5125 1101 5163 non
1137 5110 1344 5165 timebo
1367 5126 1399 5163 a
1438 5111 1627 5163 timore
1670 5119 1949 5173 nocturno,
1981 5126 2013 5162 a
2051 5108 2253 5179 sagitta

673 5201 883 5256 solante
921 5218 1014 5270 per
1051 5202 1222 5264 diem,
1246 5218 1279 5254 a
1313 5201 1519 5269 negotio
1557 5198 1962 5269 perambulante
2008 5200 2065 5253 in
2110 5210 2254 5254 tene-

675 5292 802 5354 bris.
830 5310 861 5344 a
892 5294 1045 5345 ruina
1077 5300 1125 5344 ct
1151 5292 1410 5346 dwmonio
1447 5292 1741 5345 meridiano
1777 5292 1820 5345 '.

739 5381 829 5436 25.
856 5381 1223 5451 Conspicatus
1254 5382 1426 5452 igitur
1473 5382 1651 5435 malus
1684 5382 1901 5436 daemon
1945 5381 2000 5436 in
2046 5396 2253 5435 vanum

671 5488 731 5528 se
754 5473 1030 5537 laborare,
1066 5481 1195 5526 tunc
1222 5473 1445 5541 quidem
1487 5472 1798 5526 istiusmodi
1836 5472 2256 5527 machinamen-

675 5566 747 5621 tis
789 5565 1076 5623 abstinuit.
1122 5563 1333 5620 Deinde
1364 5579 1493 5619 vero
1540 5580 1727 5620 mcuse
1758 5564 2000 5635 Apelzco,
2030 5562 2125 5634 qui
2152 5574 2256 5616 no-

744 5746 765 5775 ⁶
795 5744 938 5801 Psal.
975 5760 1059 5810 xc,
1105 5746 1162 5801 9.
1242 5745 1261 5775 '
1313 5742 1448 5799 ibid.
1482 5744 1534 5810 5,
1567 5742 1619 5797 6.

2358 4558 2541 4627 ἐκείνη
2564 4552 2732 4624 ψυχὴ,
2758 4551 2859 4621 οὐχ
2878 4551 3029 4613 ὅπως
3048 4547 3259 4610 τούτοις
3281 4544 3433 4599 οὐδὲν
3461 4542 3757 4605 ἐνδιδοῦσα,
3780 4540 3923 4591 τοῦν-

2358 4646 2541 4704 αντίον
2602 4644 2700 4715 μὲν
2749 4637 2844 4696 οὖν
2900 4640 2995 4694 καὶ
3048 4630 3462 4709 φιλονεικοτέρα
3531 4634 3667 4707 πρὸς
3735 4630 3924 4701 ἀρετὴν

2357 4740 2557 4810 ἑαυτῆς
2586 4737 2872 4807 γινομένη,
2912 4734 3099 4787 ἐκεῖνα
3130 4729 3331 4800 μᾶλλον
3352 4726 3540 4782 αὐτῶν
3564 4725 3925 4795 τεθαῤῥηκυῖα

2356 4834 2422 4903 τῇ
2455 4833 2604 4901 φωνῇ
2637 4826 2907 4898 κατεπῇδε
2926 4840 2941 4857 °
2976 4824 3088 4879 Τὸν
3118 4823 3426 4890 ’Υψιστογ
3449 4819 3667 4887 ἐθέμην
3678 4830 3925 4882 καταφυ-

2348 4922 2467 4992 γήν
2482 4937 2625 4991 μου,
2663 4918 2755 4972 διὰ
2773 4918 2933 4971 τοῦτο
2953 4915 3015 4970 οὐ
3049 4912 3438 4985 φοϐηθήσομαι
3466 4908 3587 4965 ἀπὸ
3621 4907 3802 4976 φόϐου
3828 4918 3924 4953 νυ-

2348 4991 2642 5082 κτερινοῦ,
2664 5009 2785 5065 ἀπὸ
2797 5009 3027 5073 ,βέλους
3040 5003 3373 5073 πετομένου
3390 5000 3634 5070 ἡμέρας,
3651 4998 3764 5052 ἀπὸ
3781 4991 3923 5061 πρά·

2349 5121 2564 5174 τματος
2598 5103 2670 5156 ἐν
2704 5100 2911 5155 σκότει
2940 5094 3476 5165 διαπορευομένου,
3513 5091 3630 5145 ἀπὸ
3661 5085 3919 5158 cumtrib-

2343 5210 2530 5263 ματος
2558 5191 2657 5247 και
2686 5191 2997 5262 δαιμονίου
3018 5184 3461 5259 μεσημϐρινοῦ.

2427 5368 2525 5425 κε’.
2580 5366 2751 5429 Εἰδὼς
2802 5366 2982 5419 τοίνυν
3030 5361 3274 5433 ἀνήνυτα
3315 5360 3548 5431 κάμνων
3607 5362 3636 5414 6
3689 5358 3921 5429 πονηρὸς,

2354 5461 2661 5537 τηνικαῦτα
2694 5461 2792 5532 μὲν
2825 5461 3020 5522 αὑταῖς
3068 5457 3145 5521 ὼς
3195 5453 3344 5527 εἶχεν
3385 5455 3600 5527 άπέστη
3634 5453 3919 5523 δυνάμεσιν.

2368 5552 2691 5611 Ἀπελλαίου
2724 5552 2780 5607 δὲ
2801 5550 2971 5624 μηνὸς
2990 5545 3313 5620 ῦοτερον,δς
3335 5544 3469 5598 Δεκέ
3480 5544 3675 5617 μόριος
3697 5538 3920 5615 ἡμετέρᾳ
