4092 6462
199 447 344 510 3009

1233 429 1410 489 VITA
1448 429 1494 486 Α
1530 414 1971 485 NICEPHORO
2005 409 2324 474 CONSCR]
2341 407 2494 470 ΡΤᾹο

3346 395 3489 462 3010

199 557 472 627 διαλέκτῳ
502 554 747 608 καλεῖται
779 596 791 617 ,
837 551 1012 612 πάσας
1051 546 1124 610 ὼς
1155 544 1333 597 ἐδόκει
1366 537 1548 600 καλῶς
1577 535 1678 599 τὰς
1709 533 1839 592 ὑπ’,

1939 541 2014 586 tra
2058 529 2248 600 lingua
2301 524 2607 582 December
2647 528 3026 590 nuncupatur,
3085 513 3347 572 omnibus
3405 520 3490 578 (ut

203 649 373 703 αὑτὸν
403 647 694 715 φάλαγγας
729 639 1055 714 ἐξαρτύσας,
1082 632 1314 704 δευτέρα
1343 630 1558 700 φυλακῇ
1589 627 1691 694 τῆς
1718 641 1803 678 νυ-

203 743 336 802 κτδς
370 736 756 810 ἐπιστρατεύει
788 734 867 803 τῷ
891 731 1139 803 Συμεὼν,
1175 730 1270 783 καὶ
1298 725 1390 778 τὸν
1424 719 1806 791 γεγλυμμένον

204 806 628 903 αύτίκαμόδ-ιον
655 829 794 897 ἄρας
819 827 958 894 αὐτῇ
997 823 1222 894 μελωπῇ
1258 860 1270 883 ,
1296 817 1488 886 ἀφίησι
1529 811 1674 865 κατά
1707 806 1806 903 τοῦ

206 900 486 992 κρημνοῦ.
539 918 700 984 Δεξιὰ
744 919 801 970 δὲ
848 916 1059 986 Κυρίου
1091 913 1253 975 εὐθὺς
1288 910 1376 963 ἐπ’
1405 907 1598 968 αὑτὸν,
1654 900 1808 965 δεξιά

208 1021 422 1088 Κυρίου
459 1016 693 1070 ποιοῦσά
725 1013 985 1081 δύναμινν
1018 1011 1112 1062 καὶ
1138 1010 1166 1062 ὁ
1200 1007 1297 1077 μὲν
1324 1003 1560 1064 ἀκλινῶς
1585 999 1677 1051 ἐπὶ
1709 997 1810 1065 τῆς

210 1111 426 1180 βάσεως
473 1107 647 1169 ἑστὼς
678 1106 772 1158 καὶ
811 1103 1254 1173 προσευχόμενος
1283 1093 1384 1159 ἦν·
1416 1096 1444 1147 6
1480 1093 1537 1168 δὲ
1567 1092 1812 1162 ὄμϐρους

210 1202 326 1255 ἀπὸ
360 1203 456 1270 τῆς
504 1199 783 1267 Θαλάσσης
826 1196 922 1249 καὶ
969 1194 1230 1263 ἀνέμους,
1281 1189 1374 1242 καὶ
1415 1186 1667 1255 τυφῶνας
1717 1181 1814 1234 καὶ

210 1294 564 1364 πρηστῆρας,
621 1291 715 1344 καὶ
761 1285 1083 1352 καταιγιδας
1144 1280 1354 1338 ὲκίνει’,
1410 1275 1691 1346 ἀστραπαί
1753 1291 1813 1335 τε

212 1387 476 1456 διάπυροι
527 1383 622 1436 καὶ
652 1380 972 1452 φλογώδεις,
1026 1378 1123 1430 καὶ
1175 1374 1398 1446 βρονταὶ
1453 1371 1668 1441 βαρεῖαι
1717 1367 1813 1420 καὶ

212 1479 454 1549 σκληραὶ
497 1476 925 1546 ὲξερῤήγνυντο,
952 1470 1028 1531 ὡς
1064 1470 1138 1537 μὴ
1171 1468 1270 1529 τὰς
1296 1462 1476 1549 ψυχάς
1522 1461 1683 1549 μόνον
1719 1459 1812 1511 ὲκ-

215 1548 561 1640 τεξαράχθαι
593 1565 720 1628 τοὺς
757 1561 1025 1633 μοναχοὺς
1060 1557 1197 1612 ἀλλά
1225 1557 1320 1608 καὶ
1351 1553 1418 1606 τὰ
1444 1548 1560 1604 ῶτα
1588 1548 1814 1609 τούτους

209 1637 718 1726 ἐκκεκωφωμένοις
768 1651 1178 1724 προσεοικέναι.
1228 1648 1284 1699 ὐ
1333 1645 1432 1714 μὲν
1465 1638 1559 1696 οὖν
1587 1637 1816 1710 Συμεὼν

210 1749 518 1818 ἀκλόνητός
537 1765 596 1799 τε
624 1748 717 1798 καὶ
742 1741 1169 1814 ἀπερίτρεπτος,
1196 1738 1256 1789 ού
1289 1734 1452 1803 σῶμα
1478 1731 1659 1803 μόνον,
1680 1727 1819 1784 ἀλλὰ

212 1843 316 1896 καὶ
342 1841 466 1895 νοῦν
498 1840 636 1911 πρὸς
661 1836 1000 1908 τηλικαύτας
1034 1833 1222 1885 ἵστατο
1251 1827 1394 1898 βίας.

297 2009 410 2066 κς’.
445 2002 506 2056 Ὀ
532 2001 589 2055 δὲ
636 2001 779 2066 θεῖος
819 2001 1080 2072 Ἰωάννης
1115 2001 1380 2054 ἐκόπτετο
1425 1999 1494 2052 τά
1529 1999 1814 2068 σπλάγχνα

220 2094 357 2162 περὶ
397 2092 584 2157 αὑτοῦ,
609 2091 842 2146 ἀστακτ)⁸
891 2091 1146 2162 δακρύων
1170 2133 1184 2158 ,
1216 2091 1313 2144 καὶ
1366 2093 1493 2155 τοὺς
1545 2092 1816 2161 μοναχοὺς

225 2180 465 2235 καθ’ἓνα
485 2199 541 2235 τε
569 2179 828 2254 καὶκοινῇ
851 2183 1161 2251 συγκαλῶν.
1200 2185 1263 2236 Οἱ
1304 2169 1360 2237 δὲ
1399 2183 1478 2252 τῷ
1519 2183 1818 2253 παραλόγῳ

223 2277 328 2341 τῆς
360 2273 477 2340 βίας
513 2272 983 2342 καταπλαγέντες,
1021 2274 1141 2327 οὐδὲ
1176 2273 1583 2343 ἀποκρίνασθαι
1616 2270 1719 2326 οἷοί
1760 2291 1819 2326 τε

223 2360 404 2434 ἦσαν’
443 2365 556 2417 ἀλλ’
585 2365 618 2433 ἢ
659 2365 759 2432 μὲν
781 2365 1135 2418 ἀποθανεῖται
1169 2364 1285 2427 νῦν,
1316 2365 1522 2431 ελεγον,
1563 2364 1700 2434 πρὸς
1732 2365 1822 2420 ἀλο

228 2456 450 2520 λήὶους,
472 2459 497 2508 6
522 2454 770 2524 Συμεών.
797 2453 930 2510 Εἶτα
956 2459 1048 2511 καὶ
1074 2456 1142 2510 τά
1169 2459 1232 2510 ὲκ
1254 2457 1348 2509 τοῦ
1385 2456 1624 2527 πονηροῦ
1659 2473 1824 2527 προσ-

230 2547 500 2599 ετίλεσαν.
541 2546 650 2599 Ποῦ
678 2551 961 2618 ,φησὶνμῆ
1007 2549 1148 2618 ὑπὲρ
1201 2547 1489 2618 ἄνθρωπον
1533 2548 1701 2601 αὐτοῦ
1739 2565 1829 2600 πο-

231 2635 410 2688 λιτεία
445 2653 459 2698 ;
491 2637 595 2689 ποῦ
663 2639 696 2706 ἡ
752 2639 850 2708 τῆς
915 2640 1206 2708 ἀσκήσεως
1269 2639 1463 2708 μανίας
1503 2639 1605 2691 ποῦ
1635 2642 1668 2709 ἡ
1719 2639 1828 2692 τῶν

234 2728 536 2798 θαυμάτων
561 2730 826 2794 ἐπίδειξις
866 2748 879 2793 ;
920 2732 1082 2794 αὐτὸς
1134 2731 1473 2800 παραστήτω
1505 2729 1601 2782 νῦν
1652 2729 1830 2800 ἐαυτῷ

240 2817 458 2888 βοηθὸς,
486 2819 649 2881 αὐτὸς
682 2818 774 2870 τὸν
815 2819 953 2889 ὑπὲρ
985 2819 1230 2889 κεφαλῆς
1257 2820 1529 2890 διαδράτω
1561 2820 1828 2877 κίνδυνον.

239 2909 350 2962 Τοῦ
390 2911 434 2963 δ’
459 2908 553 2963 οὖν
591 2911 840 2964 Ἰωάννου
870 2911 942 2981 μὴ
973 2912 1244 2976 ἀνιέντος,
1272 2912 1407 2965 ἀλλά
1451 2931 1580 2966 συντ
1596 2913 1831 2984 ,νωτέρᾳ

244 2999 448 3068 μᾶλλον
465 2999 543 3052 ἔτι
564 3000 660 3054 καὶ
685 2999 1132 3072 περιπαθεστέρᾳ
1154 3004 1220 3071 τῇ
1241 3003 1391 3070 φωνῇ
1413 3000 1714 3070 χρωμένου,
1741 2998 1828 3054 Me

241 3088 306 3144 δὲ
335 3092 434 3161 μία
464 3108 547 3145 σοι
575 3091 644 3144 δι’
671 3092 770 3162 ἐμὲ
800 3090 968 3160 λύπη,
999 3092 1204 3162 Πάτερ,
1239 3092 1372 3163 μηδὲ
1398 3092 1640 3163 φροντὶς,
1664 3093 1692 3144 6
1720 3091 1828 3143 Συ-

1894 626 2116 696 quidcm
2150 619 2468 687 videbatur)
2497 615 2865 688 phalangibus
2899 611 3213 671 instructis,
3247 610 3491 664 secunda

1894 718 2077 772 noctis
2107 715 2316 786 vigilia,
2346 711 2597 766 adoritur
2646 707 3018 777 Symeonem;
3065 703 3362 786 subitoque
3393 717 3492 754 cx-

1897 819 2148 864 cavatum
2209 803 2477 868 modium,
2529 815 2656 854 cum
2714 798 2832 866 ipsa
2880 795 3020 865 pelle
3066 781 3374 860 arreptum,
3434 793 3492 844 in

1899 916 2142 972 praeceps
2172 897 2284 951 dat.
2327 897 2562 950 Dextera
2589 899 2780 945 autem
2829 885 3049 942 Domini
3083 885 3352 938 continuo
3390 883 3497 936 fuit

1899 1008 2067 1061 super
2093 991 2296 1060 ipsum,
2324 987 2552 1040 dextera
2576 981 2794 1037 Domini
2829 978 3037 1032 faciens
3062 977 3355 1033 virtutem;
3379 975 3499 1042 ipso

1901 1083 2174 1153 siquidem
2208 1081 2469 1135 immotus
2498 1077 2679 1130 stabat
2709 1088 2875 1141 supra
2909 1071 3249 1132 columnam,
3274 1067 3500 1119 orabat-

1903 1191 2048 1245 que;
2099 1173 2313 1226 (ιπηιοη
2347 1183 2481 1223 vero
2529 1183 2557 1220 a
2616 1163 2753 1218 mari
2823 1161 3052 1222 imbres,
3107 1164 3325 1220 ventos,
3375 1171 3502 1224 ι·ιιό‹

1904 1267 2090 1327 cellas,
2120 1262 2374 1316 turbines
2399 1260 2590 1329 igneos
2615 1271 2676 1309 ac
2697 1260 3057 1324 tempestates
3083 1249 3284 1308 ciebat,
3318 1247 3504 1300 fulmi-

1905 1371 2088 1426 naque
2136 1353 2473 1408 inflammata
2510 1359 2565 1404 et
2615 1348 2826 1417 ignita:
2867 1354 2921 1398 ct
2954 1344 3198 1397 tonitrua
3231 1351 3341 1395 tam
3370 1341 3504 1394 bor-

1907 1448 2080 1506 renda
2131 1456 2298 1515 atque
2353 1443 2570 1512 fragosa
2616 1437 3009 1507 erumpebant,
3068 1442 3127 1487 ut
3174 1447 3286 1486 non
3341 1429 3507 1484 modo

1910 1543 2040 1599 totis
2059 1541 2294 1596 artubus
2312 1535 2810 1592 contremiscerent
2830 1528 3108 1590 monachi,
3131 1541 3318 1579 verum
3338 1524 3507 1579 etiam

1911 1634 2208 1691 surdorum
2244 1630 2418 1684 instar
2445 1625 2582 1680 nihil
2615 1623 2847 1678 auribus
2889 1617 3384 1690 persentiscerent.
3418 1613 3509 1666 1η-

1913 1736 2066 1783 terea
2091 1724 2350 1795 Symeon,
2385 1721 2748 1774 inconcussus
2772 1730 2836 1768 ac
2867 1709 3224 1768 circumverti
3262 1707 3509 1770 nescius,

1914 1835 2025 1874 non
2054 1830 2290 1886 corpore
2325 1822 2559 1875 tantum,
2587 1809 2684 1864 sed
2705 1808 2790 1862 vel
2819 1803 3056 1859 maxime
3084 1802 3288 1864 animo,
3321 1799 3515 1853 adver-

1918 1925 2012 1966 sus
2043 1909 2167 1964 illos
2194 1909 2436 1977 impetus
2465 1903 2669 1959 stabat.

1991 2002 2082 2056 26.
2125 1989 2611 2054 Divinusinterim
2659 1994 2906 2050 Joannes
2959 1986 3324 2044 cruciabatur
3385 1983 3516 2037 inti-

1919 2095 2028 2148 mis
2055 2091 2368 2146 visceribus
2398 2086 2692 2160 Symeonis
2759 2097 2954 2145 causa,
3006 2079 3258 2133 ubertim
3321 2076 3513 2145 lacry-

1921 2200 2104 2249 mans,
2138 2181 2558 2249 monachosque
2591 2178 2646 2231 in
2680 2191 2854 2230 unum
2917 2171 3143 2242 publice
3196 2176 3466 2224 convocat
3500 2183 3514 2219 :

1924 2279 2020 2347 qui
2047 2277 2351 2344 inopinata:
2409 2269 2765 2341 tempestatis
2821 2265 3090 2320 violentia
3145 2261 3518 2321 consternati,

1926 2368 2065 2422 nihil
2092 2367 2223 2422 dare
2255 2363 2507 2434 responsi
2531 2369 2789 2432 poterant
2813 2357 3062 2413 universi
3089 2372 3102 2419 ;
3140 2355 3236 2408 sed
3272 2355 3416 2407 inter
3437 2366 3520 2416 se,

1928 2461 2050 2516 Jam
2083 2459 2225 2513 forte
2255 2457 2498 2528 Symeon
2543 2463 2720 2509 morte
2773 2449 3121 2511 occubuerit,
3167 2443 3521 2515 inquiebant.

1929 2550 2140 2606 Deinde
2165 2550 2336 2605 etiam
2370 2547 2624 2617 quredam
2651 2561 2681 2600 e
2719 2543 2961 2614 pessimo
3017 2537 3268 2610 profecta
3323 2534 3524 2605 spiritu

1931 2643 2287 2714 adjiciebant,
2325 2641 2578 2696 dicentes
2608 2656 2620 2692 :
2652 2637 2756 2693 Ubi
2779 2651 2929 2690 nunc
2951 2632 3310 2689 conversatio
3371 2629 3528 2682 illius

1935 2735 2180 2789 humana
2233 2730 2572 2787 sublimior?
2608 2729 2701 2784 ubi
2747 2729 2885 2783 illud
2941 2726 3198 2780 insanum
3249 2722 3528 2776 exercita-

1935 2826 2105 2882 tionis
2131 2824 2347 2896 geuus?
2379 2823 2476 2878 ubi
2509 2822 2814 2878 ostentatio
2833 2819 3220 2890 prodigiorum
3245 2817 3292 2879 ?,
3322 2814 3529 2880 Opitu-

1936 2919 2086 2974 letur
2115 2932 2265 2972 nunc
2298 2917 2406 2971 sibi
2455 2918 2595 2986 ipse,
2629 2926 2686 2970 et
2741 2914 3055 2985 periculum
3116 2928 3146 2965 a
3211 2910 3393 2979 capite
3429 2923 3532 2963 suo

1938 3010 2255 3066 amoltatur.
2287 3008 2440 3062 inter
2465 3008 2584 3062 haec
2625 3007 2839 3062 Joanne
2900 3005 3116 3059 nullum
3153 3000 3379 3056 dolendi
3413 3014 3536 3054 mo-

1942 3100 2076 3156 dum
2111 3100 2374 3163 faciente,
2397 3098 2496 3154 sed
2526 3097 2702 3169 magis
2728 3096 2900 3151 etiam
2930 3096 3149 3149 intonsa
3193 3108 3259 3147 ac
3310 3089 3536 3162 lugubri

248 3181 396 3252 μεὼν
441 3182 797 3253 ἀποκρίνεται
834 3198 850 3212 ο
882 3184 908 3234 6
942 3182 1043 3252 μὲν
1086 3182 1196 3251 γὰρ
1250 3181 1443 3252 ἐχθρὸς
1491 3182 1838 3252 κατήργηται

1945 3210 2082 3250 voce
2115 3203 2486 3265 personante,
2538 3205 2866 3262 responsum
2909 3187 3202 3259 Symeonis
3260 3184 3537 3239 auditur:

245 3273 350 3344 ἤδη
382 3273 476 3326 καὶ
505 3272 938 3342 καταϐέϐληται·
971 3275 1095 3343 ἐμοὶ
1140 3281 1194 3337 δὲ
1259 3274 1500 3345 ἔρρωται
1528 3277 1595 3344 τῇ
1631 3272 1840 3327 ἀνωθεν

247 3365 436 3435 χάριτι
495 3365 696 3430 πάντα,
737 3367 833 3418 καὶ
858 3364 1119 3432 ἀσφαλῶς
1171 3364 1242 3416 τὰ
1279 3367 1379 3435 τῆς
1411 3365 1652 3428 στάσεως
1700 3363 1834 3435 ἔχει.

251 3458 408 3526 Ἀμα
463 3458 520 3511 δὲ
567 3458 755 3529 ἡμέρᾳ
795 3459 1005 3511 συνίασι
1031 3459 1123 3510 καὶ
1147 3457 1196 3509 οἱ
1224 3457 1476 3528 μοναχοὶ,
1511 3458 1840 3511 καταλαϐεῖν

250 3548 416 3600 αὑτὸν
466 3549 568 3620 ηῖη
617 3550 896 3604 τεθνεῶτα
942 3549 1258 3619 νομίζοντες
1287 3569 1300 3582 ο
1331 3550 1470 3603 ἀλλά
1529 3549 1840 3622 κρεῖττονῆ

250 3639 399 3692 κατά
458 3639 788 3710 προσδοκίαν
832 3641 1052 3711 ἀπήντα
1101 3641 1163 3694 τὸ
1203 3640 1482 3694 ὲλπισθέν.
1513 3641 1622 3695 Καὶ
1651 3643 1679 3694 6
1721 3642 1841 3712 μὲν,

258 3729 444 3801 ψυχὴν
500 3732 616 3802 ἄμα
653 3732 748 3785 καὶ⁸
778 3731 899 3802 ὄψιν
927 3731 1248 3800 ὴγαλλιάτο,
1292 3731 1368 3795 ῶς
1408 3731 1497 3785 διὰ
1543 3731 1638 3784 τοῦ
1675 3749 1846 3802 προσ-

254 3821 411 3885 ώπου
437 3823 537 3894 τὴν
569 3824 715 3878 ἔνδον
745 3825 1079 3896 φαιδρότητα
1111 3825 1580 3898 παραδείκνυσοαι
1612 3841 1627 3856 ο
1668 3827 1718 3878 οἱ
1770 3825 1848 3891 δὲ,

256 3915 414 3985 παρά
463 3915 555 3968 τοῦ
610 3916 753 3969 θείου
793 3913 1044 3970 Ἰωάννου
1089 3917 1160 3970 τὰ
1213 3917 1400 3970 εἰκότα
1443 3915 1848 3987 ὀνειδιζόμενοι,

258 4006 596 4078 ἀνεχώρουν,

1949 3283 2098 3340 Nihil
2159 3283 2257 3336 tibi
2313 3297 2435 3337 mea
2467 3295 2658 3343 causa,
2717 3279 2792 3333 mi
2835 3279 3019 3340 Pater,
3079 3275 3228 3346 quod
3267 3273 3541 3329 crucieril

1949 3384 2046 3430 aut
2106 3374 2340 3429 doleas:
2397 3374 2452 3427 in
2503 3387 2708 3426 vanum
2769 3369 3021 3424 recidere
3085 3367 3541 3422 machinamen'a

1949 3465 2128 3520 hostis
2171 3464 2413 3534 turpiter
2444 3462 2751 3534 prostrati;
2785 3477 2871 3515 me
2903 3468 3089 3514 autem
3131 3459 3178 3512 si
3238 3468 3456 3526 spectes
3485 3464 3543 3509 et

1951 3558 2266 3612 columnam
2303 3558 2446 3625 (qua:
2471 3568 2734 3624 superum
2761 3551 2936 3622 gratia
2967 3550 3096 3616 est),
3132 3548 3280 3602 salva
3333 3543 3543 3597 omnia.

1955 3647 2132 3704 Simul
2168 3657 2335 3716 atque
2362 3645 2566 3708 illuxit,
2605 3644 3046 3715 progrediuntur
3102 3655 3210 3693 una
3263 3635 3545 3699 monachi.

1955 3741 2162 3810 ipsum,
2196 3747 2257 3793 ut
2321 3737 2616 3808 putabant,
2665 3736 2781 3803 jam
2845 3744 3127 3787 mortuum
3181 3726 3547 3798 suscepturi:

1956 3846 2151 3884 verum
2182 3829 2471 3891 euntibus,
2504 3827 2700 3881 melior
2723 3825 2989 3895 opinione
3019 3838 3117 3876 sua
3150 3835 3300 3890 spes,
3350 3833 3552 3872 occur.-

1961 3921 2034 3976 rit
2059 3921 2176 3992 ipse
2209 3920 2469 3988 Symeon,
2501 3929 2558 3974 et
2591 3919 2779 3973 animo
2809 3926 2866 3971 et
2897 3916 3055 3970 vultu
3113 3913 3321 3982 pariter
3358 3909 3552 3964 exsul-

1963 4024 2131 4080 tans;
2170 4012 2422 4068 externis
2453 4013 2640 4065 vultus
2671 4010 2816 4064 notis
2842 4008 3128 4063 internum
3189 4002 3360 4057 animi
3413 4014 3551 4070 gau-

259 4101 418 4155 dium
454 4117 566 4156 non
594 4103 834 4157 obscure
872 4102 1228 4160 testantibus.
1255 4101 1509 4158 Monacbi
1554 4117 1745 4173 porro,
1785 4111 1845 4156 ut
1886 4105 2073 4159 meriti
2139 4114 2321 4172 erant,
2351 4120 2380 4158 a
2415 4103 2606 4158 divino
2635 4103 2850 4158 Joanne
2901 4098 3186 4168 increpiti,
3213 4095 3280 4149 ad
3313 4109 3371 4147 se
3401 4089 3556 4149 ouis-

259 4209 372 4264 que
407 4193 852 4250 revertebantur.

1731 4305 1962 4362 CAPUT
2010 4306 2096 4362 IV.

1262 4426 1579 4481 Exhortatio
1605 4426 1801 4498 duplex
1826 4425 2122 4498 Symeom's,
2160 4434 2208 4478 et
2251 4425 2577 4490 pwnitentia.

343 4536 449 4598 κζ’.
496 4534 743 4603 Ὀμιλέας
763 4535 820 4588 δέ
843 4531 972 4589 ποτε
1005 4537 1140 4604 πρὸς
1165 4536 1362 4600 αύτοὺς
1385 4539 1413 4591 6
1451 4536 1679 4607 Συμεὼν
1721 4536 1833 4606 ἀψά

2037 4537 2127 4590 27.
2147 4535 2286 4591 Cum
2312 4535 2600 4591 incidisset
2654 4533 2956 4604 aliquando
3001 4533 3242 4605 Symeon
3270 4532 3324 4586 in
3384 4532 3560 4587 collo-

273 4643 458 4698 μενος,
492 4627 719 4681 τοιαῦτα
765 4629 1086 4700 παραδόξως
1142 4630 1327 4693 αὐτοῖς
1377 4629 1673 4697 διελέγετο,
1721 4630 1755 4700 ἢ
1794 4631 1861 4699 τῇ

269 4716 370 4771 τοῦ
408 4717 567 4786 ἀγίου
605 4719 927 4789 Πνεύματος
965 4720 1195 4790 δυνάμει
1229 4720 1432 4789 μᾶλλον
1463 4719 1801 4789 ιφθέγγετο,
1837 4719 1867 4772 ὃ

274 4811 368 4865 καὶ
411 4809 499 4864 διὰ
531 4809 732 4874 παντὸς
767 4810 1171 4882 ιμφιλοχωρεῐν
1205 4806 1353 4881 εἶχεν
1394 4808 1544 4880 αὐτῷ
1569 4811 1666 4862 καὶ
1689 4810 1866 4881 ἡδέως

281 4898 775 4952 ἐπαναπαύεσθαιο
803 4899 1002 4966 Ἔλεγε
1039 4899 1242 4962 τοίνυν,
1289 4900 1414 4954 Ὅτι
1465 4899 1880 4969 δημιουργήσας

277 4987 338 5037 ὲν
368 4988 508 5055 ἀρχῇ
535 4987 627 5038 τὸν
659 4987 1161 5057 ἄνθρωπονόθεδς,
1188 4986 1316 5040 νοῦν
1346 4988 1405 5040 ἑν
1438 4987 1587 5056 αὐτῷ
1615 4987 1883 5054 κατέστη-

277 5093 374 5129 σεν
397 5078 498 5144 ήγε
507 5077 667 5147 μόνα,
682 5077 1023 5147 δοκιμαστὴν
1045 5078 1238 5148 ῶσπερ
1260 5079 1352 5132 καὶ
1373 5078 1638 5149 δικαστὴν
1655 5077 1767 5130 τῶν
1790 5079 1882 5146 ιγ·

275 5169 588 5239 γινομένων
623 5171 755 5240 ἡμῖν
801 5169 1083 5240 λογισμῶν
1129 5169 1353 5239 ἀγαθῶν
1393 5187 1451 5222 τε
1494 5171 1590 5224 καὶ
1632 5169 1876 5239 φαύλων,

275 5261 421 5314 ὥστε
460 5260 634 5325 οὐδεὶς
663 5261 891 5331 ἄγνοιαν
924 5261 1070 5332 ἔχειν
1092 5261 1184 5315 τοῦ
1208 5261 1374 5316 καλοῦ
1397 5280 1458 5316 τε
1484 5263 1578 5316 καὶ
1601 5263 1679 5334 μὴ
1699 5262 1878 5317 τοιού-

275 5368 374 5404 του
400 5350 581 5419 λέγειν
603 5350 918 5422 δυνήσεται.
945 5353 1007 5406 Ει
1030 5353 1211 5405 τοίνυν
1239 5352 1296 5404 αἱ
1319 5351 1430 5404 τῶν
1456 5342 1874 5422 ήδονῶνὶπιθυ-

279 5440 403 5510 μίαι
444 5443 847 5511 περιγένωνται
887 5443 1067 5514 ἡμῶν,
1089 5445 1183 5497 καὶ
1215 5445 1307 5498 ὑπ’
1337 5444 1520 5497 αὐτῶν
1547 5443 1882 5513 αἰχμαλωτι-

277 5535 520 5602 σθῶμεν,
552 5538 647 5588 καὶ
680 5535 756 5607 μὴ
793 5536 1000 5607 μᾶλλον
1028 5536 1296 5604 γενναίως
1314 5534 1718 5605 ἀγωνισώμεθα
1741 5534 1881 5608 πρὸς

278 5627 473 5690 αύτάς,
497 5629 636 5697 μηδὲ
656 5629 887 5699 δυνάμει
911 5632 977 5701 τῇ
1004 5631 1155 5700 πάσῃ
1181 5629 1400 5700 στῶμεν
1424 5629 1560 5700 πρὸς
1579 5630 1677 5692 τάς
1695 5628 1880 5682 αὐτῶν

279 5719 591 5791 προσϐολὰς
615 5764 630 5788 ,
671 5722 906 5792 ψεῦσται
947 5723 1168 5786 πάντως
1207 5723 1306 5792 τῆς
1348 5722 1556 5776 ἑαυτῶν
1587 5721 1880 5792 ὁμολογίας

279 5813 579 5884 γινόμεθα,
612 5816 679 5886 ἢν
709 5815 788 5887 τῷ
830 5815 1054 5888 Χριστῷ
1099 5817 1189 5872 διὰ
1234 5815 1331 5870 τοῦ
1369 5815 1749 5887 βαπτίσματος
1783 5817 1879 5870 καὶ

1965 4626 2158 4696 quium
2187 4640 2313 4678 eum
2355 4623 2663 4688 monachis,
2685 4624 2813 4676 talia
2846 4630 3050 4692 praeter
3083 4621 3556 4690 exspectationem

1969 4717 2384 4782 disseruit,aut
2413 4717 2600 4786 potius
2655 4716 2865 4770 virtute
2914 4713 3094 4769 sancti
3156 4713 3423 4783 Spiritus,
3462 4715 3559 4783 qui

1970 4817 2304 4879 perpetuam
2357 4809 2411 4862 in
2467 4808 2589 4878 ipso
2612 4807 2717 4861 sibi
2782 4815 3107 4877 gratamque
3151 4805 3560 4860 habitationem

1969 4902 2214 4972 elegerat
2247 4901 2604 4970 suaviterque
2670 4898 3083 4968 requieseebat,
3140 4898 3397 4952 elocutus
3423 4906 3510 4952 est
3545 4915 3560 4963 ;

1970 4991 2236 5047 videlicet
2263 5011 2276 5046 :
2305 4991 2487 5058 Quod,
2524 5007 2650 5045 cum
2680 4991 2822 5045 Deus
2856 4991 2912 5044 in
2981 4989 3261 5059 principio
3296 4973 3563 5044 conderet

1973 5081 2282 5147 hominem,
2350 5091 2594 5137 mentem
2625 5081 2678 5136 ei
2714 5081 2938 5145 ducem,
2973 5081 3272 5145 arbitrum,
3304 5096 3367 5135 ac
3409 5081 3566 5136 velut

1968 5171 2217 5242 judieem
2236 5173 2637 5244 cogitationum
2669 5172 2941 5227 bonarum
2973 5172 3356 5241 malarumque
3424 5171 3568 5226 indi-

1975 5261 2142 5327 derit,
2179 5271 2240 5317 ut
2275 5279 2342 5343 ne
2373 5265 2502 5334 quis
2529 5264 2903 5334 ignorantiam
2929 5263 3158 5319 virtutis
3181 5263 3566 5334 vitiorumque

1974 5360 2163 5422 posset
2198 5352 2566 5423 praetendere.
2605 5351 2660 5407 Si
2690 5368 2812 5423 qua:
2857 5352 3028 5424 igitur
3083 5365 3252 5422 prava
3310 5350 3568 5419 volupta-

1979 5449 2094 5496 tum
2120 5443 2400 5498 desideria
2425 5459 2530 5498 nos
2579 5443 2867 5510 invadant,
2925 5442 3104 5512 iisque
3157 5440 3570 5513 quodammodo

1978 5535 2182 5606 captivi
2220 5543 2532 5602 teneamur,
2581 5547 2638 5591 et
2691 5551 2820 5597 non
2867 5535 3108 5590 viriliter
3140 5533 3342 5604 pedem
3377 5533 3572 5588 confe-

1980 5643 2190 5693 ramus,
2215 5645 2317 5684 nec
2337 5637 2454 5684 tota
2476 5630 2683 5684 virtute
2706 5628 3096 5684 invadentium
3121 5627 3365 5682 insultus
3389 5625 3572 5696 repri-

1980 5736 2198 5776 mamus
2224 5739 2238 5786 ;
2274 5720 2438 5776 fallax
2470 5729 2638 5791 atque
2677 5721 2916 5776 mendax
2941 5730 3027 5776 est
3060 5718 3336 5792 professio
3360 5725 3572 5784 nostra,

1982 5829 2150 5887 quam
2180 5812 2405 5871 Christo
2440 5823 2556 5871 tum
2592 5831 2692 5886 per
2722 5815 3086 5888 baptismum,
3141 5822 3258 5869 tum
3318 5828 3416 5885 per
3445 5827 3576 5867 sus-
