4092 6456
659 409 795 480 3011

1846 410 1906 468 S.
1945 407 2322 469 SYMEONIS
2357 404 2707 468 JUNlORIS

3761 404 3892 468 30l2

658 525 967 593 ceptionem
998 519 1288 577 monastici
1323 520 1491 591 hujus
1514 518 1739 574 habitus
1785 532 1969 573 coram
2028 518 2223 595 electis

2334 515 2421 567 τοῦ
2458 512 2746 582 μοναδικοῦ
2779 511 2931 565 τοῦδε
2984 512 3285 582 σχήματος,
3312 511 3545 565 ὶνὼπιον
3575 511 3681 565 τῶν
3708 513 3893 565 his!»

660 615 759 669 Dei
779 612 987 681 angelis
1009 611 1265 667 fecimus.
1300 612 1501 665 Fateor
1551 608 1775 678 quidem
1812 625 1842 664 a
1892 621 2093 663 natura
2143 608 2227 661 in-

659 704 900 775 genitam
952 703 1113 757 nobis
1166 703 1671 771 concupiscentiam
1727 716 1886 756 esse:
1920 702 2047 769 quis
2078 700 2225 753 enim

660 807 860 863 negare
900 803 1069 845 aueat
1125 808 1183 846 se
1231 792 1671 861 concupiscere?
1719 794 1813 845 sed
1875 806 1902 843 a
1964 788 2226 858 concupi-

659 884 885 938 scentiis
914 899 1019 937 non
1046 882 1318 951 superari.
1380 882 1434 936 id
1487 882 1719 935 rationis
1780 880 2228 949 praedominantis

662 988 801 1043 opus
846 983 951 1035 est,
1015 982 1371 1041 nostramque
1444 973 1751 1031 in.malum
1799 972 2226 1042 propensionem

661 1065 809 1118 velut
858 1063 1016 1117 freno
1046 1064 1500 1134 constringentis.
1560 1063 1827 1115 Similiter
1858 1070 1911 1114 et
1937 1062 2140 1131 gulam,
2173 1068 2229 1114 et

659 1170 905 1209 amorem
931 1156 1237 1224 proprium,
1306 1167 1363 1210 et
1412 1155 1775 1217 iracundiam,
1828 1164 1883 1207 et
1935 1152 2224 1214 invidiam,

658 1252 716 1299 et
745 1246 788 1300 si
828 1261 950 1315 quae
987 1246 1087 1299 alia
1130 1245 1466 1317 perturbatio
1490 1244 1654 1299 animi
1680 1254 1783 1309 est,
1811 1258 1935 1298 cum
1975 1242 2227 1311 opposita

622 1334 628 1339 ⁷
662 1349 935 1403 quamque
970 1335 1177 1387 virtute
1232 1347 1426 1401 compa
1441 1347 1587 1391 rare.
1619 1340 1676 1385 et
1703 1331 1778 1384 ab
1803 1344 1867 1384 ea
1914 1329 2228 1383 discernere

658 1425 869 1496 judicio
888 1425 1136 1478 valemus
1164 1440 1179 1489 ;
1212 1425 1401 1492 sicque
1428 1438 1491 1476 ex
1515 1423 1688 1477 altera
1710 1430 1868 1491 parte
1889 1420 2037 1491 quod
2058 1420 2229 1489 magis

662 1532 787 1572 eum
822 1516 1095 1584 probitate
1142 1515 1496 1584 conjunctum
1540 1522 1646 1576 est,
1694 1514 1934 1583 eligere;
1987 1511 2137 1581 quod
2160 1510 2228 1564 ab

660 1623 726 1662 ea
754 1608 1012 1669 alienum,
1046 1606 1360 1673 reprobare.
1390 1606 1604 1659 Etenim
1636 1604 1901 1658 Dominus
1940 1604 2087 1658 Deus
2126 1618 2229 1656 no-

662 1706 777 1751 ster
806 1696 942 1750 duas
972 1696 1132 1749 nobis
1164 1696 1388 1749 semitas
1418 1694 1917 1758 ostendit,alteram
1941 1703 2227 1762 angustam

660 1795 719 1843 et
751 1788 925 1857 spinis
961 1801 1339 1841 aerumnarum
1397 1786 1655 1851 obsitam,
1711 1800 1833 1854 quae
1878 1800 1977 1853 per
2008 1800 2065 1839 se
2110 1774 2231 1855 gra-

661 1868 1081 1931 dientes‘dueit
1132 1876 1198 1929 ad
1235 1876 1446 1931 vitam:
1476 1876 1704 1929 alteram
1754 1891 1887 1929 vero
1943 1885 2226 1944 patentem

661 1967 984 2036 laxamquc,
1029 1969 1187 2037 cujus
1212 1969 1477 2021 terminus
1520 1966 1841 2021 barathrum
1879 1966 2228 2035 perditionis.

636 2057 856 2127 'lgitur,
885 2057 1104 2119 fratres,
1144 2057 1300 2111 nobis
1332 2057 1439 2125 ipsi
1472 2056 1583 2110 vim
1640 2056 1965 2120 inferamus,
2026 2065 2089 2109 ut
2140 2072 2231 2111 ra-

661 2150 879 2219 piamus
930 2148 1077 2217 quod
1138 2146 1247 2201 vim
1304 2149 1514 2217 patitur
1556 2159 1785 2216 regnum
1834 2145 1953 2209 Dei,
2009 2149 2233 2217 quilnos

660 2254 855 2292 omnes
894 2246 1329 2291 conservaturus
1378 2247 1464 2290 est
1519 2234 1589 2290 ad
1640 2234 1871 2300 gloriam
1927 2236 2231 2305 maiestatis

660 2344 792 2383 sua.
826 2329 1023 2381 Amen.

664 2416 669 2419 ’
729 2418 819 2471 ‘28.
855 2419 1049 2471 lsthaac
1084 2417 1308 2487 quidem
1342 2417 1809 2473 commemorabat
1846 2418 2108 2490 Symeon.
2162 2423 2232 2473 At

614 2554 615 2557 η
657 2504 897 2561 Joannes
928 2520 1037 2557 non
1062 2504 1350 2575 Symeonis
1379 2505 1491 2571 illa,
1531 2508 1626 2560 sed
1654 2508 1986 2561 sanctissimi
2013 2509 2231 2563 areani-

658 2611 767 2666 que
804 2596 1062 2665 Spiritus,
1098 2612 1259 2665 quem
1284 2605 1340 2651 et
1372 2597 1544 2668 ipsius
1577 2614 1671 2653 ore
1692 2600 1981 2668 perspicue
2004 2600 2233 2669 loquen-

662 2692 771 2737 tem
818 2682 1053 2747 viderat,
1076 2697 1197 2736 esse
1220 2683 1383 2737 verba
1402 2684 1771 2738 asseverabat.
1792 2684 2052 2753 Ephraim
2077 2701 2228 2749 vero,

659 2772 755 2841 qui
786 2787 884 2841 per
914 2771 967 2824 id
1000 2772 1261 2839 temporis
1301 2787 1509 2842 magna:
1548 2774 1669 2829 urbi
1698 2774 2004 2841 Antiochiae
2044 2776 2233 2844 praesi-

659 2858 827 2915 debat
864 2860 1337 2929 archiepiscopus,
1364 2860 1431 2915 de
1464 2873 1778 2915 sanctorum
1810 2863 2026 2916 illorum
2053 2864 2232 2917 standi

658 2948 1080 3012 consuetudine,
1099 2936 1154 3002 et
1169 2949 1443 3017 pracipue
1468 2949 1775 3019 Symeonis,
1796 2951 1973 3021 deque
2014 2960 2234 3007 austero

659 3039 826 3109 hujus
879 3039 1275 3108 laboriosoque
1324 3040 1617 3095 admodum
1677 3042 1801 3096 vita:
1860 3042 2131 3107 instituto,
2166 3046 2235 3099 et

660 3131 1085 3184 conversatione
1125 3131 1347 3185 sublimi
1379 3148 1443 3185 ac
1468 3140 1736 3203 perpetuo
1769 3149 1893 3188 cum
1934 3134 2231 3189 certamine

2326 605 2436 656 τῶν
2469 604 2714 671 ἀγγέλων
2739 645 2753 667 ,
2783 602 3238 673 ὡμολογήσαμεν.
3284 602 3447 655 Φύσει
3500 603 3601 672 μὲν
3645 604 3753 674 γὰρ
3802 603 3890 656 τοῦ

2328 695 2725 765 ἐπιθυμητικοῦ
2767 694 3073 765 προσόντος
3096 696 3248 763 ἡμίν,
3275 691 3449 757 οὐδεὶς
3476 695 3766 763 ἐπιθυμεῖν
3807 696 3893 762 ἀρ-

2330 788 2598 859 νήσασθαι
2644 788 2867 841 δύναται
2891 801 2905 816 ·
2932 786 2994 837 τὸ
3034 785 3107 837 δὲ.
3140 783 3215 855 μὴ
3268 785 3376 837 τῶν
3415 783 3723 853 ἐπιθυμιῶν
3748 786 3895 853 ﬁtti-

2332 885 2478 940 σθαι,
2512 881 2605 934 τοῦ
2641 880 3066 957 ἐπικρατοῦντός
3104 879 3221 931 ἔστι
3250 878 3537 947 λογιτμοῦ,
3575 879 3673 947 τὴν
3699 878 3890 945 ἡμετὲ-

2332 992 2431 1045 ραν
2470 974 2561 1025 ἐπὶ
2601 972 2670 1025 τά
2709 973 2875 1042 χείρω
2911 969 3084 1041 ῥοπὴν
3117 968 3478 1037 ἀνείργοντος.
3502 967 3894 1037 Παραπλησίως

2329 1065 2383 1116 δὲ
2413 1065 2505 1114 καὶ
2537 1062 3003 1131 γαστριμαργίαν,
3023 1060 3115 1113 καὶ
3137 1058 3423 1127 φιλαυτίαν
3447 1060 3540 1109 καὶ
3586 1058 3778 1125 θυμὸν,
3806 1059 3894 1109 καὶ

2332 1157 2546 1224 φθόνον.
2576 1155 2667 1205 καὶ
2696 1152 2748 1204 εί
2774 1170 2824 1204 τι
2852 1152 2979 1203 ἀλλο
3013 1152 3189 1221 ψυχῆς
3231 1152 3422 1213 πάθος.
3459 1149 3535 1219 τῷ
3568 1150 3716 1217 αὐτῷ
3752 1150 3893 1215 λογι-

2334 1245 2455 1314 σμῷ
2488 1244 2621 1312 πρὸς
2654 1242 2750 1311 τὴν
2780 1243 3162 1310 ἀντικειμένην
3201 1240 3429 1292 ῑκαστον
3476 1240 3675 1309 ἀρετὴν
3726 1256 3897 1308 παραυ

2331 1336 2539 1387 τιθέναι
2565 1335 2658 1386 καὶ
2691 1332 2897 1400 κρίνειν
2920 1330 3225 1398 δυνάμεθα,
3257 1332 3353 1383 καὶ
3380 1330 3555 1392 οῦτως
3589 1332 3654 1383 ὲκ
3687 1330 3894 1399 παραλ-

2330 1426 2495 1496 λήλου
2526 1425 2587 1477 τὸ
2631 1423 2835 1493 βέλτιον
2883 1422 3175 1491 αἱρεῖσθαι,
3211 1420 3272 1473 τὸ
3301 1420 3503 1488 φαῦλον
3545 1420 3896 1489 διακρουόμε-

2332 1536 2434 1571 νοι.
2472 1516 2626 1569 Ἐπεὶ
2662 1518 2755 1569 καὶ
2792 1518 2819 1567 ὁ
2846 1515 3050 1582 Κύριος
3091 1512 3246 1582 ἡμῶν
3288 1516 3383 1566 κ.ιὶ
3412 1512 3543 1575 Θεὸς
3564 1512 3656 1564 δύο
3682 1512 3896 1580 τρίϐους

2330 1609 2463 1677 ἡμῖν
2491 1606 2858 1667 ὑποδείκνυσι,
2886 1608 2986 1674 τὴν
3025 1604 3121 1672 μὲν
3155 1603 3363 1671 στενὴν
3386 1605 3478 1655 καὶ
3509 1602 3894 1671 τεθλιμμένην,

2332 1697 2453 1766 ἥτις
2486 1695 2688 1762 ἀπάγει
2720 1695 2853 1763 πρὸς
2903 1693 3003 1762 τὴν
3049 1692 3193 1761 ζωὴν
3222 1692 3347 1754 τοὺς
3388 1690 3456 1744 δι’
3487 1691 3659 1758 αὐτῆς
3695 1689 3896 1741 ὁδεύονο

2332 1805 2451 1851 τας,
2482 1790 2582 1856 τὴν
2612 1787 2668 1839 δὲ
2700 1786 2965 1838 πλατεῖαν
2995 1785 3089 1837 καὶ
3119 1783 3327 1845 ἄνετον,
3358 1783 3479 1851 ἥτις
3507 1784 3594 1835 δπ⁹
3622 1781 3754 1833 αὐτὸ
3803 1781 3896 1847 φέ-

2334 1896 2417 1950 ρει
2442 1878 2540 1946 τῆς
2564 1876 2838 1936 ἀπωλείας
2856 1873 2915 1927 τδ
2942 1873 3232 1944 βάραθρον.
3262 1866 3590 1940 Βιασῶμεθα
3614 1868 3899 1940 τοιγαροῦν

2334 1973 2581 2034 ἑαυτοὺς,
2614 1969 2853 2037 ἀδελφοὶ.
2889 1967 2978 2020 ἵνα
3006 1968 3099 2021 καὶ⁵
3143 1965 3242 2033 τὴν
3299 1964 3529 2035 βιαστὴν
3561 1962 3897 2032 ἀρπάσωμιν

2333 2061 2425 2115 τοῦ
2467 2059 2603 2113 Θεοῦ
2660 2059 2958 2129 βασιλείαν,
3004 2058 3064 2121 δς
3118 2056 3342 2125 φυλάξει
3389 2056 3596 2116 πάντας
3637 2053 3783 2123 ἡμᾶς
3822 2050 3900 2111 είς

2334 2152 2491 2216 δόξαν
2531 2152 2627 2220 τῆς
2660 2136 3267 2219 αῦτοῦμεγαλωσύνης.
3316 2147 3508 2217 Ἀμήν.

2404 2402 2515 2486 κη’.¹
2553 2414 2611 2467 ’0
2645 2413 2740 2482 μὲν
2769 2412 2863 2465 οὖν
2914 2412 3139 2482 Συμεὼν
3170 2409 3343 2465 ταῦτα
3400 2409 3535 2480 πρὸς
3580 2408 3779 2473 αὐτοὺς
3827 2409 3900 2461 δι-

2333 2504 2510 2575 εξῄει·
2549 2504 2578 2556 ὁ
2622 2502 2678 2555 δὲ
2720 2497 2967 2571 Ἰωάννης
2996 2502 3097 2553 οὐκ
3119 2500 3329 2555 ἐκείνου
3375 2498 3444 2550 τά
3471 2497 3687 2567 ῥήματα
3718 2497 3899 2563 ἔλεγεν

2334 2588 2493 2657 εἶναι,
2517 2590 2653 2644 ἀλλά
2678 2590 2773 2643 τοῦ
2801 2588 3066 2656 παναγίου
3089 2589 3182 2641 καὶ
3201 2585 3543 2640 τελειωτικοῦ
3567 2585 3899 2653 Πνεῦματος,

2332 2683 2368 2737 ἀ
2406 2684 2501 2735 καὶ
2537 2683 2607 2736 δι’
2635 2679 2800 2735 αὑτοῦ
2846 2678 3034 2747 σαφῶς
3071 2678 3187 2749 ᾔδει
3222 2677 3607 2750 φθεγγόμενον.
3661 2676 3901 2743 Ἐφραὶμ

2332 2775 2408 2839 δὲ,
2462 2775 2490 2827 δ
2532 2775 2655 2827 κατ’
2696 2774 2870 2825 ὲκεῖνο
2906 2769 3099 2841 καιροῦ
3135 2770 3235 2839 τῆς
3258 2768 3670 2838 μεγαλοπόλεως
3707 2770 3903 2822 Ἀντιο-

2335 2867 2489 2935 χείας
2520 2862 2946 2935 ἀρχιεπίσκοπος
2970 2898 2985 2924 ,
3021 2863 3146 2932 περὶ
3174 2861 3276 2930 τῆς
3310 2861 3555 2923 στάσεως
3595 2859 3706 2911 τῶν
3744 2860 3902 2911 ὁσίων

2334 2960 2537 3012 τούτων
2565 2955 2903 3024 πειθόμενος,
2940 2952 3035 3006 καὶ
3070 2951 3303 3021 μάλιστα
3326 2950 3421 3003 τοῦ
3454 2951 3699 3020 Συμεὼν,
3734 2950 3823 3021 τῆς
3844 2967 3902 3002 τε

2335 3048 2592 3121 τραχείας
2618 3045 2784 3101 αὑτοῦ
2812 3046 2903 3098 καὶ
2932 3043 3051 3097 λίαν
3078 3043 3337 3096 ἐπιπόνου
3364 3042 3664 3111 διαγωγῆς,
3692 3040 3903 3109 καὶτῆς

2308 3138 2718 3213 ,ἀπαραμίλλου
2768 3136 2863 3189 καὶ
2919 3133 3234 3205 ὑπερφυοῦς
3279 3133 3576 3199 πολιτείας,
3607 3141 3748 3193 κατὰ
3778 3133 3903 3186 θέαν

659 3222 952 3292 conjuncta
990 3224 1193 3277 certior
1219 3222 1416 3287 factus,
1451 3226 1565 3293 ipse
1620 3225 1720 3279 viae
1748 3239 1805 3279 se
1840 3224 2011 3288 dedit,
2047 3240 2231 3280 coram

2334 3230 2535 3283 τούτων
2573 3227 2763 3291 nam,
2794 3227 2939 3290 ὃπως
2967 3218 3041 3279 “τε
3080 3226 3156 3295 τῷ
3183 3224 3404 3294 Χριστῷ
3433 3222 3748 3293 ἐσταύρωτο
3779 3221 3902 3293 παρ’

659 3321 936 3380 spectator
1002 3313 1241 3368 futurus.
1333 3313 1581 3383 Cumque
1654 3315 1884 3368 vidisset
1956 3317 2234 3385 quomodo

658 3403 880 3459 Christo
908 3405 1207 3459 cruciﬁxus
1231 3404 1463 3475 Symeon
1498 3406 1551 3458 in
1588 3405 1681 3458 illo
1704 3402 1880 3459 aetatis
1908 3403 2038 3458 flore
2066 3414 2231 3469 esset;

659 3494 851 3549 oculos
882 3495 1098 3548 illorum
1135 3510 1255 3564 quae
1287 3496 1441 3565 prius
1466 3496 1718 3549 audierat
1747 3511 1893 3549 nunc
1929 3504 2095 3551 testes
2140 3512 2236 3550 na-

660 3593 802 3650 ctus,
842 3585 1013 3640 Deum
1044 3587 1207 3655 pleno
1249 3601 1345 3640 ore
1384 3585 1787 3657 magniﬁcabat,
1838 3587 2233 3641 confitebatur-

658 3689 766 3745 que
817 3692 924 3729 non
970 3676 1156 3729 minus
1204 3676 1465 3746 lacrymis
1512 3692 1675 3745 quam
1728 3677 1912 3732 verbis
1954 3695 1967 3730 :
2005 3694 2233 3749 quaeque

658 3765 917 3834 praesenti
952 3765 1221 3819 miraculo
1248 3765 1489 3829 fuerant,
1523 3766 1589 3819 ad
1630 3782 1730 3820 sua
1763 3768 2061 3821 revertenti
2090 3756 2233 3822 nun-

659 3870 822 3924 quam
864 3869 974 3907 non
1020 3854 1075 3907 in
1125 3871 1224 3909 ore
1262 3854 1646 3910 versabantur.

727 3945 817 3999 29.
857 3945 997 4010 Quid
1044 3960 1211 4013 porro
1244 3945 1521 4015 Symeon?
1562 3947 2031 4013 Quemadmodum
2080 3964 2235 4004 amo-

662 4032 740 4087 ris
765 4033 850 4087 sui
876 4034 931 4087 in
950 4033 1234 4088 Christum
1263 4034 1463 4103 ignem,
1497 4037 1606 4090 alio
1634 4053 1851 4107 semper
1872 4039 2089 4108 alioque
2115 4040 2235 4108 igne

642 4124 896 4194 adjecto,
927 4126 1097 4194 magis
1130 4128 1466 4182 succendere
1496 4128 1749 4197 cupidus,
1794 4130 1947 4201 nulla
1983 4130 2237 4199 gravissi-

662 4228 878 4267 morum
934 4217 1279 4269 cruciatuum
1308 4218 1559 4272 satietate
1590 4219 1933 4288 capiebatur,
1960 4221 2101 4290 petit
2138 4221 2236 4273 ali-

662 4304 884 4373 quando
911 4305 980 4358 ab
1028 4306 1224 4374 aliquo
1260 4322 1319 4361 se
1367 4308 1639 4363 invisente
1684 4310 1890 4374 funem,
1925 4320 2238 4380 acceptum-

661 4410 769 4463 que
801 4395 1007 4448 circum
1055 4410 1255 4465 corpus
1304 4400 1583 4452 convolvit
1641 4400 2079 4469 constringitque
2127 4408 2234 4453 tam

2336 3322 2551 3392 ἡλικίαν
2578 3320 2700 3373 ίδὼν
2724 3363 2738 3385 ,
2772 3320 2867 3372 καὶ
2898 3318 3049 3387 δψεις
3076 3318 3185 3369 τῶν
3217 3317 3593 3370 ἀκουσθέντων
3628 3318 3903 3387 μάρτυρας

2336 3416 2583 3485 θέμενος,
2615 3414 2747 3467 Θεὸν
2772 3410 2839 3483 ἦν
2868 3412 2974 3481 ὅλῳ
3008 3410 3235 3479 στρματι
3264 3408 3602 3478 μεγαλύνων,
3633 3408 3903 3477 καὶμῠτῷ

2333 3507 2594 3577 δάκρυσιν
2616 3506 2715 3575 οὐχ
2735 3500 2895 3573 ἦττον
2918 3504 2949 3573 ἢ
2974 3505 3211 3583 ῥήμασιν
3237 3499 3902 3581 ἑξομο).ογοῦμενος,ἀπερ

2332 3594 2400 3669 ἦν
2431 3597 2579 3665 αὐτῷ
2608 3596 2701 3649 καὶ
2730 3596 2956 3664 παρόντι
2982 3592 3187 3663 θαῦμα,
3212 3592 3305 3646 καὶ
3334 3592 3412 3655 εις
3442 3591 3543 3663 τὴν
3565 3590 3720 3644 πόλιν
3741 3593 3899 3643 ἐπανι

2335 3689 2539 3742 ιλθόντι
2566 3689 2826 3761 διήγημα.

2408 3944 2511 4003 κθ⁹.
2556 3948 2614 4002 Ὀ
2644 3946 2700 4001 δὲ
2736 3945 2844 4018 πῦρ
2888 3946 3075 4018 ὥσπερ
3117 3948 3207 4001 ἐπὶ
3251 3944 3383 4017 πῦρ,
3421 3948 3679 4003 ἀνάπτων
3706 3944 3789 4001 ἀεὶ
3811 3950 3901 4002 τοῦ

2340 4040 2417 4103 είς
2445 4039 2678 4109 Χριστὸν
2720 4036 2941 4108 ἔρωτος,
2972 4036 3162 4091 οὐδένα
3207 4054 3264 4090 τε
3306 4034 3473 4108 κόρον
3505 4038 3593 4091 διά
3618 4038 3772 4092 τοῦτο
3797 4040 3903 4091 τῶν

2338 4129 2475 4199 ὑπὲρ
2502 4126 2665 4181 αὐτοῦ
2697 4126 2957 4195 καμάτων
2993 4125 3167 4190 είδὼς,
3198 4128 3341 4179 αίτεῖ
3365 4144 3495 4181 ποτε
3538 4131 3764 4197 σχοινίον
3784 4130 3899 4180 τινὰ

2337 4221 2444 4273 τῶν
2489 4219 2638 4287 αὑτῷ
2677 4218 3043 4289 προσιόντων*
3075 4218 3218 4271 ὁκαὶ
3260 4218 3441 4271 λαϐὼν
3485 4220 3666 4283 εὐθὺς,
3698 4222 3811 4275 ὅλον
3849 4222 3901 4273 ἐν

2339 4310 2453 4382 χρῷ
2488 4310 2547 4363 τὸ
2581 4309 2741 4379 σῶμα
2777 4308 3109 4377 περιελίσσει
3138 4307 3232 4361 καὶ
3266 4309 3577 4380 διασφίγγον.
3602 4310 3742 4364 οῦτω
3774 4328 3900 4379 σφο-

2336 4400 2499 4471 δρῶς,
2527 4396 2602 4461 ὼς
2616 4399 2900 4466 διαφαγεῖν
2924 4397 3088 4450 αὑτοῦ
3116 4398 3212 4460 τὰς
3248 4399 3475 4468 σάρκας,
3500 4400 3712 4463 ἁπαλάς
3731 4417 3781 4451 τε
3812 4399 3899 4451 οῦς

662 4493 835 4545 arcte.
876 4494 936 4539 ut
982 4500 1142 4539 exesa
1187 4502 1373 4551 carne,
1413 4504 1536 4557 quae
1571 4489 1697 4543 istic
1728 4491 1909 4544 mollis
1935 4490 2231 4546 admodum

2341 4509 2440 4555 σας
2462 4492 2553 4543 καὶ
2586 4487 2886 4560 τρυφεράς,
2916 4489 3126 4558 γυμνὰς
3160 4489 3341 4540 αὐτῶν
3370 4490 3469 4551 τὰς
3504 4490 3737 4559 πλευράς
3768 4491 3899 4542 ἀπο-

661 4588 728 4629 ac
758 4582 947 4629 tenera
970 4584 1072 4635 est.
1105 4576 1264 4630 nuda:
1293 4588 1455 4631 costae
1484 4586 1788 4632 exstarent.
1815 4578 2029 4648 Corpus
2053 4583 2235 4649 itaque

630 4665 1037 4719 exulceratum
1083 4667 1318 4735 pessime
1366 4667 1599 4733 habere;
1634 4677 1686 4720 et
1744 4669 1989 4721 ulcerum
2034 4672 2234 4736 sanies,

664 4762 926 4808 concreto
949 4756 1213 4825 sanguine
1242 4757 1424 4817 misla.
1450 4772 1695 4825 pannoso
1712 4759 1935 4811 amictui
1970 4760 2239 4828 congluti-

662 4843 807 4897 nari.
866 4844 917 4898 ls
972 4860 1106 4898 vero
1163 4848 1257 4915 qui
1308 4848 1423 4901 haec
1466 4849 1799 4915 patiebatur,
1839 4850 2017 4903 nihilo
2068 4853 2238 4920 magis

662 4932 916 4988 dolorum
938 4935 1237 4991 acerbitate
1252 4940 1720 5003 commovebatur,
1742 4956 1903 5009 quam
1934 4942 1977 4994 si
1997 4942 2236 4996 alienum

663 5038 868 5092 corpus
917 5040 1056 5095 aegre
1094 5026 1399 5083 habuisset.
1464 5029 1662 5082 Verum
1703 5048 1953 5102 processu
1975 5040 2232 5105 temporis

666 5117 1539 5185 tantusfetoreputrescentibus
1598 5122 1877 5176 ulceribus
1944 5133 2238 5191 generatus

664 5214 772 5267 est,
822 5215 881 5257 ut
916 5206 981 5257 ad
1039 5208 1340 5260 multorum
1393 5224 1555 5262 nares
1594 5210 1831 5274 delatus,
1881 5216 2062 5281 gravis
2094 5222 2239 5266 esset

666 5295 971 5353 monachis.
1009 5296 1117 5351 imo
1138 5306 1195 5351 et
1216 5296 1319 5367 ipsi
1349 5298 1543 5353 Joanni
1573 5316 1586 5351 :
1614 5302 1971 5370 quamobrem
2007 5317 2240 5371 percun-

664 5386 945 5439 ctantibus
984 5387 1092 5440 illis
1124 5389 1432 5457 gravissimi
1458 5390 1647 5446 odoris
1674 5408 1913 5453 causam.
1942 5403 2239 5463 pnetextus

664 5490 881 5545 semper
902 5476 1116 5546 aliquos
1137 5494 1235 5547 pro
1262 5481 1345 5535 sui
1375 5484 1697 5552 purgatione
1721 5485 2238 5539 comminiscebatur

661 5566 900 5637 Symeou
925 5586 937 5622 :
963 5566 1140 5625 donec
1169 5586 1264 5639 per
1280 5572 1476 5633 rimam
1503 5574 1752 5630 fenestrae
1781 5577 2094 5645 speculatus
2120 5591 2239 5630 mo-

662 5659 968 5713 nachorum
993 5661 1237 5730 quidam.
1274 5665 1734 5737 conspicatusque
1767 5669 2048 5739 sanguinis
2102 5684 2238 5737 pure

661 5748 813 5805 misti
855 5759 1129 5823 stagnum,
1179 5755 1342 5810 discit
1376 5756 1624 5811 dolorum
1665 5760 1785 5829 ejus
1817 5774 2112 5825 arcanum;
2159 5769 2240 5813 at-

2336 4580 2534 4643 δεῖξαν.
2570 4580 2820 4630 Ἦλκωτο
2850 4577 2949 4647 μὲν
2968 4573 3059 4629 οὖν
3086 4575 3231 4644 αῦτῷ
3256 4577 3315 4627 τὸ
3343 4576 3524 4644 σῶμα,
3548 4578 3639 4629 καὶ
3665 4575 3900 4645 πονηρῶς

2338 4669 2515 4740 εἶχεν·
2562 4670 2617 4723 οἵ
2660 4686 2719 4721 τε
2754 4668 2861 4721 τῶν
2897 4668 3069 4722 ἑλκῶν
3113 4668 3306 4737 ίχῶρες
3356 4667 3553 4737 αἵμασι
3606 4669 3898 4738 πεπηγόσιν

2340 4761 2787 4830 ἁνακιρνάμενοι,
2817 4758 2893 4828 τῷ
2947 4758 3169 4831 τριχίνῳ
3201 4753 3632 4827 συγκεκὸλληντο
3658 4762 3803 4829 piam
3829 4777 3840 4789 ·
3874 4762 3899 4809 ὁ

2337 4851 2392 4904 δὲ
2424 4851 2671 4918 καθάπερ
2713 4847 2899 4916 σαφῶς
2950 4845 3110 4898 ἄλλου
3156 4848 3477 4915 πάσχοντος,
3510 4845 3652 4899 οὕτω
3696 4846 3793 4898 τῶν
3841 4848 3897 4896 ἐκ

2339 4942 2429 4993 τοῦ
2480 4940 2730 5009 σώματος
2786 4937 3091 5005 ἀλγηδόνων
3130 4938 3437 5006 ὑπερεώρα.
3484 4937 3590 4989 Τοῦ
3633 4940 3813 5007 γρὸνου
3844 4938 3897 4988 δὲ

2341 5032 2433 5083 καὶ
2462 5030 2723 5083 δυσωδίαν
2757 5029 3064 5091 ἐντεκόντος
3096 5032 3206 5089 τοῖς
3242 5028 3475 5092 ἕλκεσιν,
3506 5028 3582 5091 ὡς
3616 5030 3710 5100 ήδη
3738 5028 3894 5097 πολλή

2342 5121 2499 5189 αῦτη,
2537 5123 2630 5174 καὶ
2675 5119 2884 5172 πολλῶν
2918 5118 3181 5187 ὀσφρήσει
3214 5118 3627 5189 προσϐάλλουσα
3660 5119 3895 5186 αἴσθησίν

2340 5228 2400 5264 τε
2439 5214 2548 5273 τοῖς
2586 5212 2837 5279 μοναχοίς
2866 5209 3002 5261 ἀλλά
3041 5211 3134 5261 καὶ
3162 5208 3238 5278 τῷ
3275 5210 3494 5280 Ἰωάννῃ
3531 5214 3796 5280 παρεῖχεν.
3836 5210 3894 5260 Oi

2346 5302 2442 5371 μὲν
2472 5298 2829 5353 ἐπυνθάνοντο
2851 5298 2947 5368 τῆς
2972 5298 3145 5367 ὀσμῆς
3180 5299 3277 5368 τὴν
3306 5299 3485 5351 αἰτίαν
3505 5316 3517 5328 ·
3550 5302 3579 5353 δ
3606 5301 3660 5355 δὲ
3689 5298 3893 5369 Συμεὼν

2341 5392 2643 5463 προφάσεις
2694 5390 2845 5454 τινάς
2894 5392 2971 5450 είς
3015 5388 3313 5456 ἀπολογίαν
3346 5390 3662 5454 ἐπλάττετο,
3691 5392 3787 5452 ἕως
3816 5388 3891 5441 διὸ

2340 5487 2438 5553 τῆς
2466 5482 2675 5551 θυρίδος
2708 5482 2813 5534 τῶν
2849 5480 3095 5551 μοναχῶν
3126 5498 3209 5543 τις
3238 5469 3698 5553 παραθεωρήσας,
3720 5483 3805 5536 καὶ
3832 5482 3879 5533 λε

2346 5593 2478 5645 μνας
2510 5574 2761 5643 αἱμάτων
2794 5573 3008 5625 ἕλκεσιν
3039 5574 3502 5643 ἀναπεφυρμένας
3532 5574 3675 5636 ίδὼν,
3707 5571 3893 5643 μανθά-

2342 5684 2421 5719 νει
2478 5665 2537 5717 τὸ
2584 5665 2677 5717 τοῦ
2716 5664 2920 5727 πάθους
2964 5667 3283 5733 μυστήριον,
3336 5665 3428 5717 καὶ
3476 5656 3726 5735 παραυτά
3806 5664 3893 5731 τῆ,

2343 5758 2469 5820 θέας
2498 5754 2820 5825 ἐπαγγέλλει
2846 5748 2923 5819 τῷ
2946 5756 3185 5829 Ἰωάννῃ.
3218 5759 3322 5811 Καὶ
3352 5759 3410 5821 ὃς
3439 5760 3540 5812 οὐκ
3568 5759 3718 5825 ὀλίγα
3741 5756 3883 5809 δεινο-
