4092 6506
217 445 358 514 3013

1180 418 1183 422 ’
1225 453 1407 516 VITA
1446 457 1491 514 A
1532 437 1969 516 NICEPHORO
2008 447 2494 515 CONSCRIPTA.

3287 487 3290 492 -
3361 443 3504 512 30M

219 568 475 637 παθήσας
526 565 827 635 ἀναγκάζει
866 565 954 623 τὸν
987 562 1214 638 Συμεὼν
1249 557 1382 643 ’ἆραι
1427 571 1570 624 κατᾶ
1616 572 1812 642 μικρὸν

1920 583 2024 637 que
2065 566 2330 621 continuo
2364 566 2432 619 ab
2468 564 2572 617 hoc
2627 559 2943 630 spectaculo
2973 559 3041 614 ad
3072 559 3334 623 Joannem
3365 578 3505 618 nun-

217 654 281 708 τδ
305 656 534 726 σχοινίον
556 673 568 686 ⁸
599 657 832 726 ἀρθῆναι
853 657 962 728 γὰρ
983 658 1176 728 ἀθρόον
1195 658 1296 712 οὐκ
1320 653 1409 729 ἦν,
1429 660 1815 729 ἐκδαπανῆσαν

211 745 322 837 ἥδη
376 745 472 800 καὶ
520 742 792 815 διασῆψαν
826 746 924 809 τὰς
967 748 1196 818 σάρκας,
1245 748 1342 802 καὶ
1391 749 1617 814 ταύταις
1655 740 1814 820 ἄχρις

218 839 431 895 ὀστέων
459 840 838 911 ἂγκοιλανθέν.

289 1101 352 1154 λ’.
377 1101 810 1173 Περιερχομένου
834 1103 890 1156 δὲ
914 1103 1126 1168 τούτου,
1150 1103 1242 1156 καὶ
1263 1096 1470 1171 δάκρυα
1497 1105 1814 1175 προστιθέν-

219 1208 316 1254 τος
347 1193 577 1261 καρδίας
610 1193 885 1262 δήγματα,
918 1193 1156 1264 ἐπετίμα
1187 1196 1216 1246 δ
1253 1195 1505 1264 Ἰωάννης
1533 1199 1625 1250 καὶ
1648 1215 1814 1268 προσ-

215 1281 463 1348 ωνείδιζε
490 1285 982 1354 φιλοστόργως’Μὴ
1011 1286 1164 1356 δῆτα,
1200 1286 1392 1353 λέγων,
1420 1281 1462 1339 ὦ
1493 1289 1698 1354 τέκνον,
1737 1290 1812 1360 μὴ

217 1373 394 1438 οὕτως
417 1375 612 1429 ἑαυτοῦ
638 1378 838 1447 χρῆναι
863 1379 982 1431 λίαν
1012 1380 1443 1451 ἀφιλανθρώπως
1473 1382 1636 1451 ἔχειν.
1678 1383 1735 1436 '0
1756 1380 1812 1437 δὲ

217 1465 344 1518 τότε
379 1468 476 1537 μὲν
507 1471 804 1538 πατρικαῖς
839 1472 1224 1541 ἐπιτιμήσεων
1269 1473 1440 1539 εἴξας,
1476 1473 1710 1527 ἀπέθετο
1752 1474 1812 1526 τὸ

219 1557 457 1626 σχοινίον
472 1575 490 1591 ν’
523 1561 662 1629 μετὰ
684 1561 740 1613 δὲ
762 1560 935 1615 ταῦτα
955 1561 1021 1614 λα
1030 1563 1249 1631 μϐάνων
1271 1563 1403 1616 αὐτὸ
1429 1565 1586 1617 πάλιν
1612 1564 1808 1634 ὁμοίως

218 1650 644 1721 πιριειλίσσετο,
682 1651 742 1705 ού
782 1654 918 1724 μετὰ
964 1654 1064 1723 τῆς
1101 1655 1271 1724 αὐτῆς
1318 1655 1584 1723 σφίγξεως
1623 1655 1655 1726 ἦ
1696 1655 1811 1708 δια-

216 1740 454 1804 τάσεως,
509 1743 647 1798 am
707 1744 1032 1828 χαυνότερόν
1088 1761 1204 1807 πως
1262 1746 1356 1798 καὶ
1409 1737 1806 1815 φορητότεροψ

217 1830 523 1896 ισπούδαζε
572 1834 681 1904 γάρ
715 1835 1056 1902 ὑπωπιάζειν
1096 1835 1182 1888 ἀεὶ
1214 1835 1274 1888 τὸ
1307 1834 1466 1902 σῶμα
1516 1835 1609 1888 καὶ
1641 1852 1809 1889 κατα-

219 1922 468 1992 τρύχειν,
500 1926 627 1987 τοὺς
667 1926 1133 1996 ἐπανισταμένους
1160 1923 1218 1990 ἐξ
1247 1926 1412 1979 αὑτοῦ
1438 1928 1502 1997 τῇ
1528 1927 1671 1997 ψυχῇ
1709 1944 1809 1979 πο-

219 2013 276 2062 λέ
290 2030 424 2079 μους
452 2015 695 2067 ἁκούων
723 2016 867 2085 ἅπερ
889 2016 1072 2086 ἐξίστη
1098 2019 1223 2080 τοὺς
1250 2019 1517 2088 μοναχοὺς
1548 2021 1603 2071 ὲν
1627 2019 1812 2089 ἡλικίᾳ

224 2101 465 2168 μαλιστα
505 2104 733 2176 τοιαύτῃ
779 2105 1056 2176 γινόμενα.
1103 2108 1321 2161 Αίτοῦσι
1357 2108 1536 2163 τοίνυν
1581 2111 1812 2164 ἀκοῦσαι

220 2194 420 2260 λόγους
469 2195 598 2263 παρ’
632 2197 794 2251 αὑτοῦ
832 2187 1122 2266 σωτηρίας,
1157 2199 1252 2252 καὶ
1283 2201 1310 2252 6
1341 2200 1569 2268 Συμεὼν
1598 2200 1813 2268 ὁμιλίας

222 2282 386 2348 αὖθις
439 2286 807 2359 ἁψάμενοςγῆ
850 2288 930 2360 τῷ
971 2287 1268 2342 ὲνοικοῢντι
1319 2289 1519 2358 μᾶλλον
1558 2290 1815 2360 κινούμεο

221 2393 316 2438 νος
372 2378 672 2448 Πνεύματι,
729 2371 775 2448 ᾧ
831 2379 928 2434 καὶ
977 2379 1084 2450 πρὸ
1143 2381 1425 2451 μητρικῶν
1458 2381 1678 2434 -ὠδίνων
1725 2381 1814 2445 ἐξ·

224 2467 425 2521 είλετο.

1838 1894 1885 1953 Β

1922 660 2155 714 tiaturus
2186 656 2418 712 accedit.
2465 657 2512 709 ls
2557 661 2744 706 autem
2791 667 2905 706 non
2955 650 3172 705 modice
3209 649 3403 706 dolens
3451 662 3508 706 et

1917 758 2327 812 consternatus,
2361 749 2532 818 adigit
2564 747 2918 817 Symeonem,
2967 755 3026 798 ut
3074 744 3278 799 sensim
3321 742 3507 797 funem

1814 879 1816 881 ›
1916 843 2157 908 auferat;
2211 856 2338 896 nam
2392 839 2683 894 confestim
2720 836 2969 892 solvendi
3019 836 3168 889 nulla
3198 849 3326 904 spes
3364 842 3504 895 erat,

1918 945 2109 1005 utpote
2160 935 2254 1003 qui
2285 934 2396 1004 jam
2430 931 2777 1000 consumptis
2802 939 2858 982 et
2890 927 3217 998 putrefactis
3247 925 3509 980 carnibus

1914 1026 1982 1080 ad
2030 1041 2155 1078 ossa
2200 1039 2373 1092 usque
2409 1029 2772 1090 penetrasset.

1979 1116 2325 1170 50.1nterim
2381 1113 2445 1166 ad
2484 1112 2771 1180 amplexus
2825 1115 3212 1179 properantem
3270 1104 3503 1176 Symco-

1914 1223 2062 1270 nem,
2112 1208 2494 1276 lacrymasque
2527 1201 2752 1257 contriti
2785 1200 2971 1255 cordis
2997 1198 3215 1252 indices
3247 1196 3510 1266 adjicien-

1915 1292 2047 1361 tctn,
2079 1298 2329 1366 increpat
2357 1297 2597 1350 Joannes
2642 1300 2988 1362 paterneque
3047 1290 3302 1359 obiurgat
3337 1304 3350 1340 :
3385 1286 3505 1340 Non

1913 1387 2184 1458 profecto,
2231 1388 2305 1440 mi
2346 1386 2444 1448 fili,
2485 1385 2766 1454 inquiens,
2813 1395 2926 1436 non
2978 1380 3050 1434 ita
3106 1378 3400 1432 barbarum
3449 1377 3507 1428 in

1914 1479 2140 1532 modum
2191 1492 2396 1544 corpus
2437 1461 2676 1528 tractare
2722 1471 2802 1526 fas
2837 1469 2938 1524 tibi
2970 1479 3073 1524 est.
3125 1469 3227 1523 Cui
3261 1476 3508 1544 paterna:
3559 1499 3562 1504 -

1913 1568 2259 1638 castigationi
2291 1567 2382 1619 ille
2418 1574 2549 1620 tunc
2574 1563 2800 1632 quidem
2836 1560 3062 1622 cedens,
3094 1559 3277 1612 funem
3313 1536 3502 1610 sol’vit:

1911 1676 2103 1716 verum
2138 1659 2286 1713 haud
2327 1659 2399 1710 ita
2437 1657 2610 1709 multo
2644 1661 2771 1724 post
2796 1663 3142 1720 resumptum
3189 1649 3374 1702 denuo
3398 1647 3508 1700 cir-

1912 1769 2038 1809 cum
2067 1747 2585 1819 corpus,astrinxit,
2629 1744 2886 1816 quamvis
2932 1756 3041 1795 non
3096 1751 3204 1794 tam
3248 1749 3400 1792 arcte
3450 1745 3508 1790 et

1912 1846 2210 1903 violenter,
2258 1841 2354 1895 sed
2384 1840 2666 1907 aliquanto
2697 1835 2878 1890 laxius
2907 1831 3365 1898 tolerabiliusque
3399 1845 3410 1881 :
3439 1843 3504 1881 eo

1916 1938 2122 2008 quippe
2151 1931 2438 2004 Symennis
2463 1946 2593 1986 cura
2625 1927 2807 1981 omnis
2835 1924 3182 1984 intendebat,
3211 1932 3272 1976 ut
3302 1934 3508 1988 corpus

1919 2043 2079 2083 suum
2114 2025 2412 2094 castigaret
2436 2035 2654 2088 semper
2679 2028 2736 2071 et
2759 2017 2812 2070 in
2834 2017 3163 2069 servitutem
3201 2009 3503 2078 redigeret,

1917 2120 2089 2190 probe
2115 2117 2329 2171 scilicet
2357 2114 2532 2183 ignari
2559 2107 2921 2179 quanta,inde
2951 2105 3138 2174 praelia
3179 2101 3508 2160 immineant

1918 2211 2132 2265 animae.
2158 2208 2292 2273 Qua:
2320 2221 2432 2266 res,
2478 2204 2532 2256 in
2574 2202 2664 2256 tali
2701 2198 3007 2270 praesertim
3045 2203 3228 2257 aetate,
3276 2191 3510 2262 perculit

1918 2302 2278 2356 vehementer
2306 2295 2631 2355 monachos,
2666 2298 2926 2360 rogantes
2978 2286 3148 2355 verba
3191 2283 3392 2338 salutis
3439 2281 3508 2335 ab

1918 2408 2014 2447 ore
2040 2393 2214 2461 ipsius
2241 2388 2498 2456 excipere
2530 2384 2635 2440 sibi
2677 2383 2862 2436 denuo
2916 2387 2976 2432 ut
3011 2377 3224 2432 liceret.
3269 2374 3381 2428 Nec
3415 2371 3511 2426 ab-
3588 2395 3590 2397 ·

1920 2497 2102 2538 nuens
2132 2481 2395 2546 Symeon,
2436 2478 2657 2529 interno
2719 2457 2955 2542 Spiritu,
2984 2485 3013 2522 a
3036 2483 3146 2537 quo
3192 2474 3505 2520 maternum

1819 2623 1823 2627 .
1919 2581 2045 2627 ante
2081 2579 2302 2640 partum
2333 2569 2548 2621 electus
2597 2564 2800 2625 fuerat,
2863 2567 3140 2622 movente,
3187 2555 3509 2626 aggreditur

305 2730 405 2781 λα’.
442 2730 584 2782 Πατὲ
596 2747 683 2798 pe;
717 2729 843 2798 ἔφη,
877 2729 968 2782 καὶ
994 2729 1233 2799 ἀδελφοὶ,
1261 2730 1323 2783 ού
1362 2732 1470 2802 χρῆ
1499 2731 1589 2785 τὸν
1622 2732 1817 2785 ἀσύνε-

223 2834 322 2873 τον
357 2820 457 2889 ἐμὲ
484 2821 612 2890 περὶ
644 2817 919 2890 σωτηρίας
949 2820 1128 2890 ψυχῆς
1157 2823 1222 2890 τῇ
1254 2821 1497 2894 ὑμετέρᾳ
1523 2822 1684 2892 πολιᾷ
1705 2822 1818 2874 δια⁹

227 2908 487 2977 λέγεσθαι
516 2927 530 2940 ”
561 2911 711 2979 ὅμως
738 2911 862 2964 ἐπεὶ
891 2914 1179 2980 πατρικοῖς
1199 2912 1426 2965 οὐκέστι
1443 2914 1518 2984 μὴ
1536 2911 1820 2965 πείθεσθαι

227 3000 434 3067 λόγοις,
471 3000 675 3068 Ἔργον
709 3000 945 3070 μοναχοῦ
983 3000 1084 3070 τὴν
1108 3002 1437 3072 ἐγκράτειαν
1469 2999 1642 3072 οἶμαι,
1678 3002 1819 3056 ὥστε

229 3091 463 3160 ἠρεμεῖν
509 3091 658 3160 αὐτῷ
703 3092 801 3154 τὰς
831 3090 925 3144 τοῦ
973 3090 1224 3163 σώματος
1260 3093 1473 3160 ἡδονάς,
1506 3094 1681 3162 ἔχοντι
1721 3096 1820 3166 τὴν

1921 2663 2132 2718 dicere.

1991 2755 2286 2808 3l.Patres
2312 2752 2646 2818 fratresque,
2678 2742 2984 2813 inquiebat,
3018 2740 3265 2804 meinon
3289 2751 3510 2806 mqnum

1921 2853 2028 2908 est,
2067 2860 2154 2899 me
2191 2843 2411 2914 ingenio
2456 2850 2562 2894 tam
2606 2834 2871 2891 imbecilli
2941 2831 3011 2886 ad
3066 2830 3215 2883 hunc
3266 2836 3512 2882 vestrum

1923 2936 2122 2990 canitie
2167 2933 2546 2988 venerandum
2565 2937 2772 2983 cretum
2807 2924 2978 2979 verba
3005 2921 3224 2975 facere:
3253 2917 3348 2972 sed
3409 2931 3514 2974 nec

1921 3041 2141 3095 aequum
2177 3033 2262 3078 est
2296 3023 2581 3076 seniorum
2607 3016 2772 3072 dictis
2805 3030 2917 3068 non
2980 3013 3388 3078 obtemperare.
3422 3005 3515 3061 Sic

1924 3116 2090 3187 igitur
2137 3113 2394 3168 existimo
2428 3153 2442 3176 ,
2495 3125 2563 3164 eo
2603 3103 3018 3164 connitcndum
3067 3117 3189 3156 esse
3243 3096 3516 3152 monacho

228 3182 413 3290 φρνχὴν
449 3183 505 3234 ὲν
538 3184 751 3284 εἰρήνῃ,
785 3184 847 3236 τό
880 3201 941 3237 τε
988 3184 1231 3255 συνεχῶς
1261 3185 1503 3253 ψάλλειν,
1532 3187 1627 3239 καὶ
1666 3187 1820 3240 ἀδια-

1926 3182 2227 3276 praecipue,
2283 3203 2581 3257 continens
2633 3203 2693 3250 ut
2735 3195 2842 3258 sit;
2893 3201 2953 3247 ut
3013 3190 3213 3245 nuntio
3261 3187 3515 3258 corporis

230 3267 468 3336 λέίπτως
499 3272 576 3342 τῷ
607 3273 684 3341 νῷ
711 3275 1142 3344 προσεύχεσθαι*
1169 3276 1327 3346 ἔργον
1364 3278 1598 3347 μοναχοῢ
1631 3279 1821 3350 ὴάγά-

232 3382 336 3434 πη,
375 3364 470 3418 καὶ
502 3362 698 3435 ﬂuet-dt
735 3367 999 3435 ταπεινῆς
1029 3368 1254 3440 καρδίας
1278 3369 1513 3438 ὑπακοὴ,
1540 3370 1608 3423 δι’
1631 3365 1696 3440 ἦς
1726 3369 1821 3424 καὶ

230 3456 470 3526 Χριστὸς
503 3454 614 3509 εἷλε
645 3455 735 3509 τὸν
777 3456 1028 3520 θάνατον,
1057 3459 1347 3526 γενόμενος
1391 3461 1631 3530 ὑπήκοος
1663 3461 1820 3530 μέχρι

233 3547 495 3613 Θανάτου,
523 3547 754 3602 θανάτου
777 3548 834 3602 δὲ
861 3552 1118 3619 σταυροῦ,
1147 3551 1234 3603 ῐνα
1271 3551 1371 3614 τὰς
1405 3551 1699 3622 ἐπιθυμίας
1721 3554 1824 3622 τῆς

236 3639 442 3717 σαρκὸς
488 3642 582 3692 καὶ
626 3642 790 3710 ἡμεῖς
829 3640 896 3693 δι’
927 3641 1098 3714 αὐτῆς
1167 3635 1734 3717 θανατώσῳμεν,τότε
1765 3645 1823 3695 ἑν

233 3730 625 3801 ἐξομολογήσει
659 3731 888 3795 κλαίειν,
922 3735 1018 3784 καὶ
1046 3735 1104 3783 ἐν
1131 3733 1390 3805 συντριϐῇ
1424 3736 1651 3805 καρδίας
1683 3736 1758 3799 ὡς
1795 3737 1824 3788 ὁ

233 3820 490 3893 Τελώνης
527 3823 947 3892 προσεύχεσθαι,
984 3823 1135 3893 φωνή
1181 3840 1241 3876 τε
1273 3823 1588 3894 σύμμετρος
1628 3828 1719 3879 καὶ
1744 3826 1826 3880 λό-

233 3933 334 3983 γος
367 3915 652 3984 εῠτακτος,
686 3918 781 3970 καὶ
807 3919 841 3987 ἡ
871 3919 928 3970 ὲν
955 3917 1222 3988 πραότητι
1266 3919 1359 3972 καὶ
1388 3921 1586 3990 ἡσυχίᾳ
1621 3921 1823 3988 διαγω-

235 4008 335 4074 γή.
373 4008 574 4077 Ἔργον
617 4007 875 4078 μοναχοῦ,
911 4009 972 4062 τὺ
1012 4010 1085 4080 μὴ
1121 4009 1345 4080 ὀμνύειν
1371 4011 1527 4074 ὅλως,
1557 4013 1696 4082 πλὴν
1729 4013 1824 4067 τοῦ

238 4099 595 4167 Πίστευσονῆ
620 4098 1004 4170 Συγχώρησον,
1045 4103 1078 4171 ἦ
1116 4119 1174 4154 τε
1204 4102 1311 4155 τῶν
1343 4105 1438 4173 τῆς
1463 4104 1826 4174 φιλαργυρίας

241 4190 560 4244 σκανδάλων
585 4193 754 4261 φυγὴ,
788 4193 881 4244 καὶ
906 4193 938 4263 ἡ
969 4192 1074 4245 τῶν
1101 4193 1270 4246 ὄντων
1308 4195 1614 4259 μετάδοσις,
1651 4198 1744 4249 καὶ
1767 4197 1827 4249 τὸ

243 4283 322 4353 μὴ
361 4284 522 4352 μόνον
571 4284 708 4354 μηδέ
761 4286 894 4338 ποτέ
933 4271 1077 4348 τινος
1119 4286 1476 4349 καταλαλεῖν,
1509 4288 1644 4341 ἀλλὰ
1692 4289 1827 4358 μηδὲ

240 4374 678 4437 κατα).αλοῦντος
703 4376 1011 4447 ἀνέχεσθαι,
1039 4378 1381 4447 συμπάσχειν
1406 4395 1465 4431 τε
1497 4382 1608 4442 τοῖς
1632 4382 1689 4432 ἐν
1715 4381 1830 4435 ὸδύ·

237 4481 330 4538 νῃ,
355 4467 451 4519 καὶ
466 4466 712 4534 ἀδελφῶν
733 4467 898 4529 πόδας
917 4468 1149 4532 νίπτειν,
1169 4469 1263 4521 καὶ
1279 4472 1396 4532 ταῖς
1421 4469 1599 4524 αὐτῶν
1619 4472 1828 4540 χρείαις

1928 3294 2309 3364 voluptatibus
2369 3291 2639 3353 remisso,
2697 3284 3152 3354 tranquillitatem
3216 3293 3518 3349 pacemque

1925 3388 2432 3444 animieonservet,
2486 3392 2548 3433 ut
2610 3378 2965 3432 continenter
3018 3371 3239 3442 psallat,
3292 3386 3356 3424 ac
3395 3369 3518 3422 sine

1925 3476 2340 3533 intermissione
2364 3470 2593 3526 mentali
2619 3477 2778 3523 vacet
2817 3464 3079 3520 orationi.
3116 3463 3194 3518 Eo
3225 3459 3520 3514 conniten-

1925 3565 2378 3625 dumxmonacho,
2401 3563 2675 3616 charitate
2700 3556 2992 3620 utardeat,
3027 3563 3082 3607 et
3118 3550 3289 3606 corde
3321 3549 3516 3603 humili

1925 3655 2564 3729 praecipienti'obediat:
2620 3650 2941 3707 obedientia
2996 3645 3209 3715 quippe
3257 3652 3362 3705 est,
3416 3655 3516 3710 per

1923 3763 2091 3819 quam
2121 3745 2381 3801 Christus
2411 3745 2529 3812 ipse
2589 3740 2734 3794 mori
2791 3737 2980 3808 elegit,
3035 3735 3212 3788 factus
3255 3731 3523 3786 obediens

1928 3854 2103 3909 usque
2136 3836 2202 3890 ad
2228 3845 2485 3896 mortem,
2515 3841 2752 3886 mortem
2781 3837 2968 3883 autem
3006 3825 3212 3884 crucis,
3250 3832 3311 3876 ut
3341 3829 3397 3876 et
3420 3835 3521 3874 nos

1927 3926 2208 3982 desideria
2235 3924 2424 3978 carnis
2448 3929 2652 3975 nostrae
2682 3934 2783 3988 per
2816 3918 2990 3985 ipsam
3026 3910 3518 3966 mortificaremus.

1930 4020 2011 4073 Eo
2048 4031 2270 4087 quoque
2300 4011 2702 4069 connitendum
2760 4008 3055 4068 monacho,
3088 4014 3149 4058 nt
3196 4003 3255 4057 in
3297 4001 3520 4055 confes.

1929 4109 2086 4163 sione
2113 4107 2315 4174 ploret,
2345 4102 2699 4169 contritoque
2725 4097 2892 4152 corde
2915 4111 3038 4152 cum
3065 4094 3363 4164 publicano
3389 4106 3520 4160 pre-

1931 4213 2023 4254 ces
2045 4213 2175 4250 suas
2227 4194 2426 4248 fundat
2457 4191 2523 4245 ad
2568 4191 2908 4260 Dominum:
2956 4197 3017 4241 ut
3055 4202 3163 4240 vox
3211 4183 3520 4243 moderata,

1929 4304 2115 4344 sermo
2141 4287 2406 4340 decenter
2435 4281 2803 4351 compositus,
2833 4288 3001 4347 atque
3040 4276 3224 4330 omnis
3272 4274 3327 4327 in
3362 4288 3519 4326 man-

1931 4379 2228 4435 suetudine
2249 4387 2305 4431 et
2335 4375 2738 4444 tranquillitate
2761 4371 3114 4425 conversatio
3155 4367 3248 4422 sit.
3276 4367 3354 4420 Eo
3385 4380 3522 4419 con-

1934 4471 2235 4526 nitcndum
2266 4468 2563 4529 monacho,
2597 4475 2658 4517 ut
2679 4479 2748 4517 ne
2769 4460 3188 4533 juretomnino,
3225 4457 3319 4512 sed
3343 4439 3559 4510 solum,

235 4557 629 4622 διακονεῖσθαι,
649 4559 709 4610 τό
733 4575 790 4611 τε
825 4558 898 4628 μὴ
928 4560 1022 4612 τοῦ
1047 4558 1283 4628 χαλεποῦ
1314 4560 1520 4623 πάθους
1545 4564 1640 4632 τῆς
1665 4564 1820 4633 ὑπερ-

1936 4565 2104 4625 dicat.
2138 4562 2336 4624 Crede,
2373 4563 2478 4620 vel,
2510 4561 2736 4628 ignosce
2766 4574 2780 4622 ;
2812 4568 2872 4609 ut
2921 4553 3241 4609 scandalum
3281 4549 3524 4604 avaritiae

239 4649 482 4809 :cpatvoiea;
505 4649 788 4719 ἡττᾶσθαι,
807 4651 944 4704 ἀλλὰ
971 4652 1188 4704 πάντων
1217 4652 1443 4722 ἔσχατον
1472 4655 1664 4709 ἑαυτὸν
1688 4651 1828 4708 εἶναι

285 4743 374 4806 γεί
444 4758 519 4794 αι.

285 4743 519 4806 γείσθαι.

1936 4657 2218 4720 declinet;
2279 4661 2337 4708 ut
2387 4653 2676 4706 facultates
2737 4665 2865 4702 suas
2914 4646 3247 4710 distribuat;
3302 4652 3362 4696 ut
3412 4659 3524 4696 non

1939 4747 2106 4802 modo
2156 4758 2436 4812 nunquam
2500 4741 2568 4794 de
2621 4738 2848 4792 alterius
2905 4735 3045 4788 fama
3099 4732 3383 4790 detrahat,
3427 4728 3522 4782 sed

241 4837 414 4890 etiam
446 4850 516 4890 ne
549 4836 689 4890 ferat
709 4835 934 4906 quidem
967 4836 1380 4904 detrahentem;
1419 4847 1481 4894 ut
1523 4843 1889 4910 compatiatur
1927 4841 1980 4895 in
2014 4842 2165 4894 luctu
2197 4838 2426 4907 positis;
2466 4844 2526 4888 ut
2557 4834 2787 4888 fratrum
2821 4831 2992 4900 pedes
3017 4831 3162 4882 lavet
3191 4826 3528 4893 utilitatique

244 4933 511 4994 studeat;
548 4940 611 4984 ut
640 4931 954 5002 periculosa
990 4933 1082 4987 illa
1113 4932 1280 4987 animi
1327 4930 1605 5001 passione,
1672 4933 1935 5002 superbia
1981 4931 2127 4993 dico,
2170 4943 2282 4981 non
2343 4934 2662 4994 superetur,
2721 4921 2819 4976 sed
2884 4920 3132 4974 omnium
3184 4926 3524 4986 postremum

244 5041 311 5079 se
351 5035 592 5088 reputet.

322 5118 425 5190 λβ’.
460 5122 662 5191 Ἔργον
703 5123 959 5192 μοναχοῦ,
991 5125 1024 5193 ἡ
1075 5125 1156 5186 εἰς
1201 5124 1411 5186 πάντας
1455 5124 1728 5191 μεγάλους
1770 5139 1828 5175 τε

249 5213 351 5266 καὶ
414 5215 647 5283 μικροὺς
671 5254 687 5278 ,
716 5209 962 5280 ἐνδόξους
990 5217 1086 5268 καὶ
1131 5215 1372 5280 ἀδόξους,
1411 5215 1704 5278 πλουσίους
1737 5214 1830 5268 καὶ

251 5305 517 5373 πένητας,
557 5305 630 5368 ὡς
671 5307 750 5369 εις
777 5307 940 5360 αὐτὸν
963 5307 1198 5377 Χριστὸν
1232 5307 1373 5376 άγνὴ
1416 5306 1742 5376 φιλαδελφία
1769 5323 1829 5359 τε

249 5397 349 5451 καὶ
382 5395 680 5475 φιλοξενία,
712 5397 809 5451 καλΙ
855 5398 1198 5468 ὑποκρίσεως
1232 5399 1610 5469 καθαρεύουσα
1648 5391 1829 5468 πάσης

249 5487 520 5543 διακονία.
554 5488 801 5558 Μοναχδς
827 5489 935 5560 γάρ
970 5491 1108 5559 πρὸς
1159 5489 1258 5560 μὲν
1292 5489 1388 5552 τὰς
1452 5491 1593 5542 κατὰ
1625 5491 1831 5558 κόσμον

254 5581 474 5651 βλέπων
508 5581 806 5653 ὑπεροχὰς,
833 5581 929 5644 καὶ
957 5583 1225 5654 πρόσωπα
1256 5583 1364 5635 τῶν
1394 5582 1651 5636 τοιούτων
1685 5582 1831 5650 λαμ-

254 5674 460 5754 ϐάνων,
495 5671 712 5741 πτωχὸν
743 5671 799 5726 δὲ
825 5672 920 5726 καὶ
953 5673 1160 5741 πένητα
1195 5672 1492 5740 προσιόντα
1517 5673 1613 5724 καὶ
1640 5671 1827 5739 δεόμε-

255 5779 349 5817 νον
387 5759 852 5833 ἀπωθούμενοςψ
905 5762 1147 5825 τοιοῦτος
1203 5762 1300 5830 οὐχ
1347 5760 1456 5826 ἔξει
1531 5759 1829 5827 παρουσίαν

255 5857 339 5918 είς
363 5853 457 5908 τὸν
495 5853 780 5925 νυμφῶνα,
834 5853 955 5908 οὐδὲ
1007 5854 1420 5923 ἀπαντήσεται,
1455 5850 1573 5904 οὐδὲ
1621 5864 1834 5901 συνεισο

2008 5115 2098 5168 59.
2145 5113 2224 5166 Eo
2274 5108 2676 5164 connitcndum
2731 5104 3020 5164 monacho.
3071 5109 3130 5154 ut
3175 5117 3367 5155 omnes
3413 5111 3523 5157 tam

1938 5221 2166 5276 magnos
2196 5217 2360 5272 quam
2395 5215 2615 5270 parvos,
2653 5207 2760 5252 tam
2808 5195 3079 5267 gloriosos
3124 5209 3290 5264 quam
3350 5194 3528 5264 inglo-

1937 5299 2072 5363 rios,
2131 5307 2240 5349 tam
2295 5293 2513 5348 divitiis
2567 5290 2861 5344 afﬂuentes
2919 5301 3082 5356 quam
3137 5300 3363 5354 egenos,
3417 5301 3525 5338 non

1935 5405 2095 5446 secus
2116 5401 2180 5442 ac
2214 5387 2525 5448 Christum,
2553 5383 2825 5440 charitate
2851 5389 3020 5443 casta,
3041 5377 3425 5447 hospitalitate
3471 5387 3529 5430 et

1935 5479 2225 5549 obsequio,
2278 5477 2462 5533 omnis
2504 5474 2868 5546 hypocriseos
2910 5479 3138 5540 experte
3200 5469 3523 5540 praeveniat.

1937 5571 2240 5627 Monachus
2284 5583 2544 5638 namque,
2593 5566 2689 5636 qui
2723 5563 2810 5623 ad
2872 5578 3060 5617 rerum
3118 5561 3528 5615 mundanarum

1937 5661 2284 5732 splendorem
2305 5661 2499 5715 oculos
2529 5656 2766 5715 reﬂexit.
2825 5669 3132 5723 earumque
3178 5652 3392 5723 species
3431 5668 3530 5710 cu-

1939 5754 2065 5823 pide
2116 5751 2552 5820 contemplatur,
2606 5745 2924 5800 mendicum
2982 5759 3134 5807 vero,
3198 5758 3533 5814 pauperem-

1939 5861 2044 5916 quc
2079 5855 2132 5900 ct
2172 5858 2403 5916 egenum
2449 5855 2479 5895 a
2521 5854 2580 5895 se
2644 5837 2886 5907 repellit,
2941 5853 3049 5891 non
3114 5836 3438 5893 admittetur
3461 5833 3535 5890 ad
