4092 6456
619 365 761 435 3015

1820 372 1876 439 5.
1919 369 2302 433 SYMEONI'S
2336 370 2696 433 JllNIORIS

3776 378 3910 447 3016

618 482 866 554 nuptias,
896 495 1002 536 nec
1035 487 1227 552 speret
1255 479 1476 536 obviam
1507 479 1715 534 iturum
1770 495 1830 536 se
1867 496 1993 536 cum
2018 482 2208 537 exsul-

2325 497 2602 552 ελεύσεται
2635 495 2879 568 φαιδρῶς
2919 495 2998 567 τῷ
3037 494 3296 568 ἀθανάτῳ
3334 495 3558 566 νυμφίῳ
3580 535 3593 558 ,
3619 495 3759 550 ἀλλὰ
3790 494 3910 548 τοῦο

624 573 831 629 satione
866 569 1165 624 inmortali
1201 569 1440 640 Sponso,
1463 577 1526 624 ut
1560 585 1684 624 cum
1710 584 1777 625 eo
1817 571 2163 640 ingrediatur
2191 589 2204 624 :

622 665 718 721 sed
751 664 936 734 potius
975 662 1110 722 illud
1145 663 1253 718 sibi
1309 663 1476 718 velim
1549 662 1904 732 persuadeat,
1961 662 2079 718 fore
2127 673 2208 726 nt,

630 758 906 812 exstincta
930 756 1004 810 ob
1032 756 1144 810 olei
1178 753 1458 810 defectum
1512 753 1790 824 lampade,
1814 755 2213 810 miserabiliter

624 852 693 906 ab
727 850 846 920 ipso
871 848 1219 904 excludatur.
1250 848 1616 918 Eleemosyna
1666 848 1872 918 quippe
1920 849 2213 904 consuevit

626 940 1066 995 misericomsam
1101 937 1376 1007 consequi
1407 937 1541 1003 illis,
1587 936 1680 1006 qui
1737 936 2212 992 misericordesin

623 1046 828 1102 egenos
851 1038 1004 1093 sunt,
1041 1044 1252 1098 eosque
1287 1029 1556 1098 gravibus
1609 1030 1874 1083 aerumnis
1928 1029 2210 1094 liberare;

626 1130 864 1176 testante
908 1121 962 1174 id
989 1121 1170 1190 ipsum
1196 1121 1426 1175 Christo
1449 1136 1515 1175 ac
1545 1121 1870 1184 conﬁtente,
1911 1121 2214 1191 praestitum

626 1212 858 1282 pauperi
896 1211 1365 1277 misericordiam,
1406 1211 1512 1266 sibi
1543 1213 1846 1281 przestitam
1897 1221 2213 1284 reputatum

627 1305 720 1359 iri.
745 1305 890 1360 Dicit
914 1305 1062 1360 enim
1091 1322 1104 1358 :
1141 1303 1393 1369 Quandiu
1423 1306 1619 1374 fecistis
1644 1307 1738 1359 uni
1761 1322 1824 1360 ea:
1849 1308 1929 1361 his
1959 1308 2212 1371 minimis,

627 1396 757 1448 mihi
790 1394 988 1464 fecistis
1011 1394 1071 1447 ':
1107 1395 1249 1449 adeo
1275 1404 1338 1450 ut
1393 1396 1491 1465 qui
1518 1411 1631 1450 non
1659 1397 1955 1452 miseretur
2004 1397 2214 1460 fratris,

625 1486 828 1540 Filium
861 1486 955 1540 Dei
990 1487 1308 1542 censendus
1355 1487 1428 1542 sit
1451 1489 1631 1558 palam
1661 1491 1969 1560 negavisse,
1995 1489 2215 1545 Saddu-

627 1591 769 1633 ms
792 1577 1204 1646 quodammodo
1237 1578 1507 1645 imitatus,
1555 1595 1666 1634 non
1716 1581 1999 1637 credendo
2021 1598 2213 1637 resur—

634 1667 939 1722 rectionem
962 1683 1106 1733 esse,
1139 1685 1323 1738 neque
1352 1669 1407 1724 in
1439 1686 1593 1740 spem
1627 1671 1755 1727 inde
1793 1682 2216 1742 promanantem

627 1759 822 1814 oculos
846 1759 1205 1815 reﬂectendo.
1257 1761 1338 1816 Ne
1386 1762 1570 1834 igitur,
1615 1763 1879 1819 latentem
1943 1765 2048 1820 sub
2079 1780 2218 1820 auro

627 1853 934 1909 daemonem
981 1855 1158 1928 pluris
1211 1854 1480 1922 feceritis,
1546 1874 1715 1928 quam
1785 1859 2216 1915 necessitatibus

626 1946 862 2002 fratrum
903 1947 1296 2014 succurrisse;
1354 1949 1686 2012 daemonem.
1723 1951 1971 2022 inquam,
2004 1954 2100 2021 qui
2165 1961 2222 2007 et

627 2040 808 2107 ipsum
843 2038 1127 2118 Christum
1188 2041 1414 2110 aggredi
1443 2056 1556 2095 non
1598 2051 1686 2096 est
1719 2044 1957 2108 veritus,
2006 2042 2084 2097 ita
2132 2041 2219 2096 lo-

625 2142 808 2196 quens
835 2143 848 2180 :
890 2126 1017 2181 Harc
1045 2128 1225 2180 omnia
1251 2127 1388 2182 dabo
1418 2127 1531 2192 tibi,
1569 2130 1616 2183 si
1669 2131 1863 2184 cadens
1911 2130 2218 2185 adoraveris

625 2234 712 2273 me
737 2220 783 2272 ⁷.
813 2220 894 2274 Ne
915 2218 1202 2274 Christum
1237 2219 1434 2275 mundi
1484 2220 1698 2275 fallacis
1751 2221 2005 2292 opinioni
2044 2210 2216 2277 'men-

627 2311 913 2366 dicitatem
959 2313 1224 2382 pauperis
1253 2312 1666 2382 praeferentem,
1693 2321 1750 2368 et
1777 2329 1888 2368 non
1920 2313 2217 2370 habentem

631 2403 728 2458 ubi
761 2413 930 2474 caput
967 2403 1290 2470 reclinaret,
1318 2406 1656 2460 contumelia
1693 2405 1986 2473 aﬂiciatis;
2039 2407 2218 2472 illum,

630 2495 878 2565 inquam,
909 2494 1220 2560 Christum,
1257 2495 1314 2550 in
1341 2496 1506 2566 cujus
1542 2504 1826 2566 potestate
1852 2498 1978 2554 cmli
2006 2505 2138 2552 sunt
2160 2513 2226 2553 ac

632 2599 798 2642 terra.
866 2587 1084 2642 Etenim
1138 2604 1264 2642 cum
1327 2588 1607 2643 Abraham
1665 2589 2104 2660 hospitalitatem
2164 2591 2221 2645 in

631 2693 826 2733 omnes
874 2687 1185 2744 exerceret,
1235 2681 1450 2736 meruit
1496 2681 1694 2748 Deum,
1739 2681 1954 2752 angelis
2001 2681 2223 2737 duobus

631 2771 974 2834 comitatum.
999 2773 1102 2827 sub
1119 2772 1309 2842 specie
1331 2772 1566 2828 viatoris
1586 2773 1944 2844 conspicere:
1963 2772 2225 2830 similiter

629 2871 688 2916 et
724 2861 848 2927 Lot,
872 2863 968 2932 qui
1003 2863 1234 2933 angelos
1258 2862 1506 2937 hospitio
1539 2865 1780 2934 excepit.
1822 2853 2232 2920 Verumtamen

629 2953 759 3008 date
799 2969 1024 3023 operam
1049 2954 1264 3018 sedulo,
1295 2963 1356 3008 ut
1382 2956 1438 3010 in
1469 2951 1740 3012 divitibus
1788 2965 1957 3028 atque
2015 2972 2226 3028 paupe-

635 3046 790 3100 ribus
831 3045 1126 3116 aequaliter
1181 3047 1355 3102 Deum
1420 3047 1720 3118 quaeratis;
1764 3047 1914 3120 quod
1958 3048 2223 3104 en‘ectum

2317 602 2412 640 τον
2451 585 2634 656 ὲαυτῷ
2677 585 2932 649 ἐλεεινῶς
2974 584 3328 652 ἀποκλείσει,
3363 584 3431 639 δι’
3481 581 3697 638 ἔνδειαν
3735 583 3908 637 ελαίου

2319 677 2420 744 τῆς
2463 672 2747 743 λαμπάδος
2791 671 3232 742 ἀποσϐεσθείσης
3253 684 3269 701 ’
3301 670 3650 740 ἐλεημοσύνη
3683 671 3795 739 γὰρ
3823 670 3914 722 αύο

2318 761 2447 824 τοὺς
2472 764 2645 816 ἐλεεῖν
2674 761 2889 830 πέφυκε
2925 762 3178 833 πρώτους
3204 803 3219 827 ,
3257 763 3356 815 καὶ
3388 759 3646 831 μεγάλων
3675 759 3911 834 ἐξαιρεῖ-

2322 851 2446 904 σθαι
2477 849 2663 904 κακῶν
2693 852 2820 913 τοὺς
2843 852 3047 921 ἑαυτῆς
3070 849 3335 920 ἐργάτας,
3359 848 3523 902 αὑτὸν
3550 848 3762 900 ὶκεῖνον
3781 849 3910 916 ὁμο-

2315 939 2583 1006 λογοῦντα
2600 937 2840 1009 Χριστὸν
2863 937 3089 1007 ἔχουσα,
3116 938 3213 992 καὶ
3244 939 3323 1000 είς
3347 936 3542 991 ἑαυτὸν
3581 935 3911 1006 ἀναδεχόμεο

2319 1042 2448 1089 νον,
2493 1027 2584 1079 τὸν
2621 1028 2704 1088 είς
2752 1025 2883 1088 τοὺς
2929 1027 3174 1096 πένητας
3230 1025 3398 1078 ἔλεον.
3453 1025 3584 1094 Ἐφ’
3613 1023 3766 1077 ὅσον·
3804 1024 3912 1091 γὰρ

2318 1113 2673 1184 ἐποιήσατε,
2697 1115 2886 1184 φησὶν,
2901 1113 2993 1166 ἐνὶ
3011 1115 3244 1167 τούτων
3266 1112 3764 1181 τῶνέλαχίστων,
3782 1111 3911 1179 ἐμοὶ

2317 1202 2648 1270 ἐποιήσατε
2669 1219 2684 1234 ·
2737 1202 2929 1272 ὥσπερ
2973 1202 3000 1253 6
3049 1200 3126 1272 μὴ
3151 1201 3242 1254 τδν
3271 1200 3502 1270 ἀδελφὸν
3531 1201 3702 1253 ἐλεῶν
3726 1199 3911 1260 πάλιν,

2317 1291 2412 1345 τὸν
2436 1291 2564 1344 Υἱὸν
2589 1290 2684 1344 τοῦ
2713 1291 2849 1344 Θεοῦ
2883 1289 3073 1359 σαφῶς
3098 1289 3354 1360 ῆρνηται,
3384 1289 3587 1359 τρόπον
3624 1289 3751 1342 τινα
3773 1287 3914 1342 κατὰ

2317 1379 2446 1442 τοὺς
2471 1379 2866 1441 Σαδδουκαίους
2895 1380 2967 1453 τῇ,
2988 1376 3288 1430 ἀναστάσει
3316 1375 3411 1429 καὶ
3438 1376 3601 1440 αὐτὸς
3639 1377 3914 1440 ἀπιστῶν,

2319 1469 2415 1518 καὶ
2441 1466 2577 1537 πρὸς
2606 1465 2706 1528 τὰς
2755 1463 2967 1519 ἐκεῖθεν
2993 1464 3055 1517 ού
3078 1463 3394 1517 διασλέπων
3423 1463 3669 1526 ἐλπίδας.
3699 1465 3792 1535 Μὴ
3824 1463 3915 1518 οὖν

2321 1556 2699 1625 προτιμήσητε
2729 1553 2828 1622 τῆς
2859 1551 2955 1605 τοῦ
3000 1550 3236 1620 ἀδελφοῦ
3265 1551 3452 1622 χρείας
3481 1551 3574 1604 τὸν
3602 1552 3914 1622 έγκρυπτό-

2323 1659 2487 1712 μενον
2537 1644 2652 1705 τοῖς
2702 1643 2952 1712 χρήμασι
2986 1640 3247 1710 δαίμονα,
3282 1641 3342 1703 δς
3380 1641 3472 1694 καὶ
3504 1641 3655 1710 αύτῴ
3690 1642 3913 1710 Χριστῴ

2317 1730 2628 1799 τετόλμηκε
2657 1729 2990 1800 προσσαλεῖν
3013 1768 3028 1794 ,
3057 1729 3299 1799 εἰρηκώς
3318 1743 3334 1759 ⁸
3374 1721 3568 1783 Ταῦτα
3589 1728 3792 1786 πάντα
3813 1744 3912 1783 σοι

2249 1842 2292 1898 Β
2319 1818 2515 1884 δώσω,
2535 1819 2645 1872 sar
2663 1817 2871 1871 πεσὼν
2882 1817 3328 1886 προσκυνήσῃς
3333 1835 3436 1886 μοι
3455 1833 3470 1850 θ
3492 1819 3568 1888 μὴ
3585 1819 3652 1887 τῇ
3672 1821 3912 1887 κοσμικῇ

2320 1904 2598 1973 φαντασίᾳ
2626 1902 2718 1955 τὸν
2740 1901 2840 1973 τὴν
2875 1900 3156 1970 πτωχείαν
3186 1901 3281 1953 τοῦ
3319 1901 3554 1971 πένητος
3595 1900 3914 1970 ύπερχόμευ

2322 2010 2436 2061 νον,
2463 1993 2559 2046 καὶ
2594 1991 2672 2062 μὴ
2693 1991 2886 2061 ἔχοντα
2911 1988 3016 2042 ποῦ
3047 1987 3146 2060 τὴν
3173 1987 3419 2059 κεφαλὴν
3439 1987 3645 2052 κλῖναι,
3673 1989 3912 2058 Χριστὸν

2319 2081 2652 2152 ἀτιμάσητε,
2683 2074 2744 2132 οὗ
2783 2078 2926 2131 εἰσιν
2953 2078 3004 2130 oi
3032 2076 3256 2146 οὐρανοὶ
3285 2077 3381 2129 καὶ
3414 2076 3448 2146 ὴ
3483 2075 3580 2145 γῆ.
3630 2077 3787 2129 Ἐπεὶ
3819 2079 3913 2129 καὶ

2333 2168 2586 2240 ’Δδραὰμ
2633 2166 2849 2232 ξενίσας
2884 2160 2993 2218 οἶδε
3033 2163 3168 2218 Θεὸν
3223 2165 3321 2218 σὺν
3373 2163 3632 2232 ἀγγέλοις
3667 2163 3822 2217 δυσὶν
3856 2164 3914 2216 έν

2318 2258 2603 2327 ὁδοιπόρου
2625 2256 2867 2326 σχήματι
2889 2271 2902 2284 ·
2923 2253 3128 2322 ὁμοίιος
3145 2252 3204 2306 δὲ
3229 2253 3327 2307 καὶ
3341 2253 3465 2306 Λὼτ
3485 2253 3755 2322 ἀγγέλους
3778 2253 3914 2305 ύπο-

2318 2345 2637 2416 δεξάμενος.
2682 2342 2846 2396 Ἀλλὰ
2869 2344 2968 2396 καὶ
2991 2343 3048 2395 έν
3079 2341 3322 2413 πλουσίῳ
3345 2343 3440 2395 καὶ
3471 2343 3672 2414 πένητι
3695 2341 3912 2412 ζητεῖτε

2318 2430 2478 2496 Θεὸν,
2499 2427 2741 2498 πένητας
2767 2426 2868 2496 μὲν
2891 2425 2966 2490 ὡς
3001 2424 3319 2491 πλουσίους,
3346 2426 3640 2490 πλουσίους
3669 2426 3726 2480 δὲ
3749 2427 3912 2480 πάλιν

2317 2519 2395 2582 ώς
2431 2517 2670 2589 πένητας
2692 2515 3057 2586 λογιζόμενοι,
3091 2513 3260 2578 πόδας
3284 2531 3344 2568 τε
3379 2515 3562 2568 αὐτῶν
3595 2515 3716 2585 μετ’
3747 2516 3912 2586 εύχα-

2322 2608 2537 2677 ριστίας
2565 2606 2703 2659 Θεοῦ
2734 2606 2827 2658 καὶ
2849 2605 3077 2675 ἀγάπης
3114 2604 3173 2656 ὲν
3213 2602 3453 2657 διαθέσει
3483 2603 3665 2673 ψυχῆς
3689 2603 3909 2658 νίπτον-

2318 2714 2432 2763 τες,
2463 2698 2559 2751 καὶ
2587 2695 2787 2766 ἱλαρῶς
2820 2695 3006 2759 αὐτοῖς
3025 2697 3091 2749 ὲκ
3116 2697 3226 2750 τῶν
3246 2695 3419 2748 ὄντων
3439 2693 3816 2767 ετοαρκοῦντες
3839 2697 3905 2749 τὰ

2320 2785 2459 2856 πρὸς
2488 2783 2586 2855 τὴν
2614 2783 2827 2855 χρείαν,
2852 2783 2930 2848 ὡς
2960 2785 3058 2838 ἕνα
3089 2801 3150 2837 τε
3179 2787 3306 2848 τοὺς
3333 2786 3543 2847 πάντας
3577 2784 3842 2854 ὁρῶντες,
3873 2785 3905 2854 ἢ

2320 2875 2417 2927 καὶ
2474 2874 2713 2944 Χριστὸν
2768 2875 2827 2926 ὲν
2881 2874 3068 2935 αὐτοῖς
3124 2872 3328 2944 μᾶλλον
3376 2875 3510 2945 όρᾷν
3564 2873 3907 2943 νομίζοντες.

2320 2960 2561 3025 Πλοῦτος
2589 2962 2867 3031 μοναχοῐς,
2892 2960 3117 3030 ἀδελφοὶ
3143 2961 3240 3015 καὶ
3263 2960 3528 3033 Πατέρες.
3563 2963 3597 3032 ἡ
3628 2962 3874 3031 άκτησία
3892 2977 3906 2990 ·

2321 3051 2373 3102 εί
2402 3049 2463 3102 δὲ
2483 3048 2750 3118 κέκτηταί
2776 3065 2882 3113 τις,
2915 3047 2993 3119 μὴ
3031 3048 3211 3119 ἑαυτῷ
3237 3049 3462 3119 μᾶλλον,
3487 3048 3626 3104 ἀλλὰ
3656 3048 3736 3120 τῷ
3764 3049 3910 3122 xlv;-

632 3135 858 3200 dabitis,
884 3137 931 3190 si
951 3136 1318 3192 consideretis
1344 3138 1398 3191 in
1425 3153 1674 3208 paupere
1705 3139 1937 3195 divitem
1958 3146 2017 3194 et
2030 3147 2224 3194 contra

2325 3136 2439 3192 σίον
2467 3135 2783 3205 κεκτήσθω.

637 3229 692 3281 in
718 3228 886 3282 divite
918 3243 1252 3298 pauperem;
1288 3229 1335 3285 si
1357 3229 1529 3300 pedes
1560 3245 1759 3285 eorum
1784 3231 1983 3287 lavetis
2007 3246 2135 3286 cum
2183 3230 2487 3302 gratiarum
2516 3228 2736 3284 actione
2771 3234 2831 3282 et
2849 3224 3121 3284 charitate
3144 3225 3202 3281 in
3240 3223 3690 3281 testiﬁcationem
3721 3224 3916 3288 animi.

637 3324 682 3377 si
728 3323 1096 3394 suppeditetis
1121 3323 1376 3379 hilariter
1396 3324 1467 3380 de
1491 3324 1852 3382 facultatibus
1881 3325 2086 3382 vestris
2111 3324 2384 3397 quidquid
2412 3338 2607 3380 eorum
2639 3336 2773 3376 usus
2791 3320 3063 3404 deposcit,
3105 3322 3153 3376 si
3184 3318 3424 3390 denique
3449 3318 3744 3375 universos
3769 3319 3920 3373 Velut

639 3431 808 3472 unum
845 3417 1193 3481 intueamini,
1214 3425 1309 3473 aut
1341 3420 1525 3489 potius
1554 3419 1838 3477 Christum
1867 3421 1922 3476 in
1948 3422 2210 3478 omnibus
2233 3437 2330 3477 vos
2351 3435 2602 3484 cernere,
2630 3417 2980 3474 existimetis.
3016 3415 3232 3472 Divitiae
3259 3415 3684 3480 monachorum,
3731 3414 3921 3471 Patres

637 3513 972 3582 fratresque,
1007 3512 1147 3566 nihil
1181 3513 1510 3583 possidere:
1555 3515 1602 3569 si
1645 3515 1773 3586 quis
1817 3525 2002 3571 tamen
2047 3518 2116 3572 iis
2148 3515 2416 3580 abundet,
2451 3530 2561 3570 non
2603 3513 2710 3569 sibi
2744 3513 2929 3584 potius
2953 3512 3202 3568 abundet
3242 3526 3410 3582 quam
3435 3511 3710 3582 proximo.

707 3603 796 3658 33.
830 3603 909 3656 Eo
936 3602 1340 3657 connitendum
1394 3605 1688 3671 monacho,
1727 3614 1791 3660 ut
1829 3614 1945 3660 tum
1995 3621 2231 3678 corpore

641 3702 756 3747 tum
787 3693 972 3747 animo
1007 3685 1303 3748 continens
1324 3695 1415 3749 sit.
1444 3694 1503 3750 Si
1543 3712 1710 3766 quem
1741 3705 1991 3752 vestrum
2027 3698 2232 3753 lasciva

640 3782 902 3852 cogitatio
954 3781 1217 3845 incessat,
1247 3782 1471 3854 fratres,
1510 3783 1567 3838 in
1614 3785 1894 3841 anxietate
1921 3776 2161 3856 spiritus
2176 3793 2234 3840 et

641 3872 1070 3941 compunctione
1094 3872 1296 3927 cordis.
1317 3873 1644 3945 confugiens
1675 3873 1743 3928 ad
1776 3875 1971 3938 Deum,
1999 3875 2073 3930 ita
2104 3890 2231 3930 cum

643 3965 902 4037 lacrymis
923 3965 1126 4020 clamet
1153 3981 1168 4019 :
1198 3966 1430 4020 Domine
1454 3967 1583 4022 Jesu
1621 3967 1862 4035 Christe,
1892 3976 1950 4022 tu
1991 3968 2086 4038 qui
2132 3968 2234 4022 mi-

641 4056 882 4116 sericors
915 4064 971 4110 et
996 4056 1294 4110 miserator
1321 4056 1490 4121 Deus,
1523 4059 1617 4127 qui
1642 4058 1813 4113 totius
1837 4057 2235 4114 consolationis

641 4147 930 4214 Dominus,
980 4155 1036 4202 tu
1071 4149 1166 4219 qui
1200 4147 1354 4203 fuisti
1408 4163 1647 4220 semper,
1693 4149 2026 4220 futurusque
2068 4165 2130 4204 es
2176 4151 2233 4204 in

643 4247 937 4304 aeternum,
974 4249 1031 4295 tu
1077 4241 1172 4310 qui
1225 4241 1641 4298 amantissimus
1674 4242 1850 4297 nostri
1885 4243 2085 4307 Pater,
2137 4241 2234 4312 qui

641 4329 987 4385 confidentes
1017 4331 1071 4384 in
1096 4341 1148 4384 te
1173 4346 1287 4386 non
1318 4332 1526 4403 pateris
1547 4333 1846 4401 confundi;
1872 4343 1954 4400 tu,
1984 4333 2231 4404 inquam,

641 4421 798 4492 eripe
853 4436 941 4477 me
986 4435 1054 4476 ex
1094 4429 1367 4492 potestate
1417 4424 1686 4491 hostium,
1728 4440 1990 4482 succurre
2036 4425 2235 4482 anime

643 4531 800 4579 meat,
833 4515 1047 4569 salvum
1088 4530 1175 4570 me
1230 4515 1320 4571 fac
1371 4516 1429 4570 in
1463 4517 1848 4572 misericordia
1875 4526 1990 4583 tua,
2025 4527 2083 4572 tu
2139 4514 2234 4586 qui

641 4608 939 4662 exsultatio
962 4623 1082 4663 mea
1110 4623 1191 4664 es.
1237 4607 1438 4664 Libera
1465 4625 1552 4664 me
1571 4611 1640 4664 ab
1669 4610 1888 4666 insidiis
1909 4625 2103 4666 eorum
2138 4613 2235 4682 qui

641 4697 1134 4754 circumdederunt
1162 4715 1248 4754 me
1273 4717 1288 4754 :
1313 4709 1370 4754 tu
1396 4700 1601 4771 quippe
1625 4701 1796 4765 nosti,
1822 4701 1917 4771 qui
1944 4702 2095 4758 solus
2116 4717 2236 4758 om-

645 4788 735 4842 nia
762 4790 931 4855 nosti,
956 4798 1012 4845 et
1036 4805 1203 4860 quem
1234 4805 1304 4845 ne
1333 4791 1663 4846 abscondita
1691 4784 1918 4862 quidem
1941 4793 2128 4847 cordis
2156 4793 2237 4848 la-

2404 3604 2507 3674 λγν.
2542 3604 2746 3672 Ἔργον
2796 3600 3075 3673 μοναχοῦ,”
3099 3600 3425 3673 σωφροσύνη
3481 3601 3756 3671 σώματος,
3786 3602 3920 3656 ἀλλὰ

2337 3696 2620 3767 καὶψυχῖκ
2641 3712 2656 3728 ⁸
2682 3697 2731 3749 εί
2757 3697 2815 3750 δέ
2832 3712 2955 3748 τινα
2981 3694 3159 3762 ὑμῶν,
3193 3693 3435 3764 ἀδελφοὶ,
3462 3694 3725 3765 λογισμὸς
3758 3697 3921 3750 ἀκαθε

2334 3787 2533 3859 αρσίας
2564 3786 2808 3859 εἰσέλθῃ,
2837 3788 2896 3840 δν
2941 3788 3140 3857 συνοχῇ
3202 3785 3516 3857 πνεύματος
3559 3787 3654 3840 καὶ
3697 3787 3918 3857 καρδίας

2333 3880 2618 3951 ὀλολυγμῷ
2661 3880 2799 3952 πρὸς
2822 3878 2956 3932 Θεδν
2990 3878 3128 3950 μετὰ
3174 3877 3431 3948 δακρύων
3473 3880 3659 3932 ἐκεῖνα
3707 3878 3881 3948 βοὶ-τω
3903 3894 3916 3906 ·

2334 3973 2582 4027 Δέσποτα
2612 3970 2838 4042 Χριστὲ,
2881 3971 2912 4022 6
2963 3969 3075 4022 τῶν
3123 3967 3427 4040 οἰκτιρμῶν
3469 3968 3568 4023 καὶ
3603 3969 3702 4023 τοῦ
3740 3971 3917 4032 ἐλέους

2334 4065 2490 4132 Θεδς,
2533 4066 2562 4118 6
2601 4066 2782 4136 πάσης
2825 4061 3225 4134 παρακλήσεως
3263 4059 3491 4132 Κύριος,
3525 4061 3682 4115 δεάεὶ
3725 4060 3802 4115 ὣν
3829 4065 3917 4115 καὶ

2335 4154 2606 4225 διαμένων
2635 4155 2715 4216 είς
2749 4153 2877 4216 τοὺς
2911 4152 3135 4216 αἰῶνας,
3175 4152 3205 4203 6
3232 4150 3388 4221 μόνος
3425 4149 3784 4222 φιλόστοργος
3817 4150 3918 4204 Πα-

2334 4246 2462 4317 τὴρ,
2485 4246 2514 4298 6
2537 4246 2664 4308 τοὺς
2693 4243 2785 4298 ἐπὶ
2815 4243 2901 4298 σοὶ
2931 4243 3262 4306 πεποιθότας
3294 4241 3372 4312 μὴ
3399 4242 3802 4312 καταισχύνων,
3827 4241 3912 4312 ρὖ

2339 4337 2523 4425 σαί-με
2561 4341 2624 4390 ὲκ
2651 4337 2834 4412 χειρὸς
2860 4337 3074 4409 ἐχθρῶν
3102 4353 3228 4408 μου,
3258 4336 3498 4408 πρόσχες
3525 4339 3591 4408 τῇ
3618 4336 3765 4408 ψυχῇ
3799 4353 3916 4406 μου,

2338 4429 2512 4485 σῶσόν
2550 4447 2617 4500 με
2655 4431 2713 4482 ἐν
2735 4427 2814 4501 τῷ
2845 4427 2984 4483 έλέει
3007 4445 3102 4482 σου
3132 4427 3193 4482 τδ
3213 4427 3530 4499 άγαλλίαμά
3569 4445 3694 4498 μου,
3723 4428 3904 4500 λύτρω

2337 4522 2428 4576 σαί
2479 4539 2547 4592 με
2594 4521 2703 4575 ἀπὸ
2741 4520 2851 4574 τῶν
2898 4519 3300 4574 κυκλωσάντων
3334 4536 3434 4590 με·
3473 4521 3538 4574 σὺ
3565 4520 3678 4591 γὰρ
3704 4515 3917 4583 cimus

2339 4613 2498 4684 μόνος
2528 4613 2708 4667 πάντα
2740 4609 2920 4676 εἰδὼς,
2951 4611 3010 4665 δν
3039 4610 3195 4665 οὐδὲν
3255 4610 3375 4669 οὐδὲ
3423 4609 3535 4664 τῶν
3569 4611 3670 4682 τῆς
3701 4611 3915 4684 καρδίας

2335 4698 2586 4770 κρυφίων
2625 4698 2812 4753 λαθεῖν
2857 4699 3105 4764 δύναται,
3145 4698 3224 4762 ὡς
3267 4698 3368 4751 ούκ
3416 4700 3558 4769 ἐμῆς
3604 4702 3712 4754 εισι
3748 4700 3911 4756 ταῦτα

2336 4787 2565 4859 γνώμης
2597 4787 2885 4860 γεώργιον,
2918 4788 3056 4844 ἀλλὰ
3089 4788 3236 4844 κατὰ
3261 4788 3396 4843 πολύ
3430 4807 3522 4861 μοι
3559 4791 3623 4846 τὸ
3667 4791 3913 4846 ἀκούσιον

645 4891 762 4936 tere
792 4891 1048 4951 possunt.
1077 4891 1158 4948 tu,
1192 4881 1442 4954 inquam,
1467 4885 1640 4948 nosti,
1676 4885 1992 4941 istiusmodi
2016 4886 2224 4955 impura

2339 4879 2577 4949 ιπεφύη.
2603 4879 2887 4950 Μνήσθητι
2917 4880 2998 4934 δτι
3050 4877 3180 4950 χοῦς
3217 4881 3354 4952 ειμι,
3394 4882 3488 4934 καὶ
3523 4882 3600 4951 μὴ
3641 4885 3723 4946 εἰς
3747 4885 3913 4960 κατὰ·

643 4971 901 5042 cogitata,
930 4989 1040 5027 non
1073 4990 1103 5028 a
1133 4990 1221 5030 me
1254 4975 1541 5042 accersita,
1574 4976 1669 5032 sed
1700 4977 1933 5033 invitum
1963 4978 2232 5034 multum-

644 5079 753 5132 que
801 5063 1170 5120 reluctantem
1228 5066 1478 5121 animum
1502 5068 1764 5124 subiisse.
1799 5069 2074 5126 Memento
2101 5068 2232 5139 quia

646 5151 830 5221 pulvis
851 5167 996 5218 sum,
1025 5169 1150 5218 nec,
1200 5171 1409 5226 quaso,
1453 5157 1509 5233 in
1539 5158 2056 5215 condemnationem
2095 5158 2230 5214 mihi

645 5241 737 5296 illa
759 5243 979 5300 cedant.
999 5244 1254 5312 Domine,
1270 5247 1522 5314 Domine,
1537 5249 1713 5305 virtus
1731 5251 1927 5306 salutis
1945 5267 2100 5317 meae,
2127 5251 2233 5308 sub

647 5333 845 5389 umbra
876 5343 970 5389 tua
1000 5343 1228 5408 protege
1269 5353 1356 5394 me
1388 5339 1445 5393 in
1477 5340 1566 5394 die
1600 5341 1754 5395 belli.
1816 5342 1895 5398 Ne
1929 5343 2234 5398 tradideris

640 5441 756 5484 ine.
787 5425 1043 5490 Domine,
1068 5442 1096 5480 s
1128 5431 1594 5500 concupiscentiis
1617 5433 1754 5487 meis
1777 5435 2052 5504 peccatori
2087 5452 2101 5488 :
2130 5436 2234 5490 mi-

644 5530 831 5570 serere
853 5516 986 5584 mei,
1008 5516 1181 5583 Deus;
1206 5519 1473 5577 miserere
1501 5523 1634 5588 mei,
1656 5523 1918 5593 quoniam
1945 5525 2000 5580 in
2026 5535 2076 5581 te
2096 5539 2231 5580 con-

648 5607 769 5662 ﬁdit
803 5607 986 5663 anima
1013 5623 1156 5676 mea,
1183 5621 1240 5667 et
1263 5613 1369 5668 sub
1390 5614 1585 5669 umbra
1617 5615 1830 5672 alarum
1857 5625 2073 5673 tuarum
2103 5631 2232 5687 spe-

649 5699 784 5754 rabo
809 5718 838 5759 :,
859 5699 1006 5756 Deus
1029 5716 1206 5770 meus,
1234 5719 1303 5760 ne
1329 5705 1491 5778 longe
1523 5707 1753 5763 recedas
1780 5724 1810 5763 a
1837 5724 1922 5764 me
1955 5725 1967 5762 :
1993 5708 2141 5764 Deus
2172 5707 2226 5762 in

716 5813 957 5871 ‘Matth.
994 5831 1117 5884 xxv,
1173 5818 1264 5875 40.
1337 5821 1358 5853 '
1411 5818 1601 5876 Matth.
1652 5838 1725 5888 IV,
1760 5823 1814 5878 9.

2341 4984 2515 5040 κριμα
2573 4968 2880 5039 λογισθήτω
2920 4985 3030 5040 μοι.
3091 4966 3286 5040 Κύριε,
3331 4967 3523 5038 Κύριε,
3555 4969 3781 5041 δύναμις
3821 4970 3911 5039 τῆς

2341 5059 2618 5131 σωτηρίας
2651 5076 2777 5130 μου,
2806 5059 3127 5114 δπισκίασον
3164 5059 3262 5113 επὶ
3298 5059 3402 5131 τὴν
3440 5059 3690 5131 κεφαλήν
3727 5076 3827 5130 μου
3858 5063 3912 5112 ἐν

2340 5151 2524 5224 ἡμέρᾳ
2553 5149 2830 5222 πολέμουο
2859 5149 2936 5222 μὴ
2971 5149 3230 5227 παραδῷς
3287 5167 3376 5222 μιν
3434 5151 3632 5222 κύρω
3679 5149 3786 5204 ἀπὸ
3820 5149 3913 5224 τῆς

2339 5236 2634 5316 έπιθυμίας
2653 5261 2766 5315 ,μου
2793 5241 3105 5315 ἁμαρτωλῷ
3123 5259 3138 5272 ·
3157 5242 3383 5315 ἐλέησόν
3411 5261 3501 5314 με,
3525 5246 3555 5297 6
3587 5243 3739 5306 Θεὸς,
3769 5242 3910 5310 ἐλέη-

2343 5338 2434 5391 σόν
2466 5355 2555 5408 με,
2588 5340 2672 5392 ὅτι
2705 5338 2798 5391 επὶ
2824 5337 2907 5392 σοὶ
2941 5336 3201 5390 πέποιθεν
3233 5334 3266 5409 ἡ
3299 5332 3446 5408 ψυχή
3492 5354 3619 5406 μου,
3654 5337 3748 5391 καὶ
3771 5335 3906 5404 ὶντῇ

2343 5429 2475 5502 σκιᾷ
2501 5429 2610 5483 τῶν
2639 5431 2928 5501 πτερύγοιν
2969 5445 3066 5482 σου
3095 5427 3271 5483 ὲλπιῶ
3290 5444 3306 5459 °
3335 5429 3366 5482 6
3384 5428 3517 5490 Θεός
3549 5446 3675 5498 μου,
3708 5427 3782 5500 μὴ
3813 5441 3908 5498 μια-

2342 5519 2548 5594 κρύνῃς
2581 5521 2675 5576 ἀπ’
2706 5523 2865 5592 εμοῦ,
2905 5523 2935 5576 6
2962 5521 3098 5585 Θεός
3131 5538 3256 5600 μου,
3287 5521 3370 5584 είς
3391 5523 3495 5588 τὴν
3537 5519 3789 5595 βοήθειάν
3814 5533 3905 5600 μου

2341 5614 2609 5684 πρόσχες·
2680 5613 2876 5684 βοηθός
2953 5629 3055 5685 μου
3082 5613 3178 5669 καὶ
3205 5612 3411 5686 ρύστης
3437 5630 3540 5684 μου
3564 5611 3614 5668 sl
3639 5609 3909 5683 05,605“

2347 5722 2472 5776 μου»
2504 5704 2578 5776 μὴ
2607 5705 2882 5779 novissc-
