4092 6502
218 444 360 499 :nia

1247 459 1423 518 VITA
1464 462 1505 516 A
1551 449 1983 516 NICEPIIORO
2023 447 2507 506 COXSCZUPTA.

3324 431 3462 492 παι-»ξε

216 572 532 638 ἀνάγουσιν,
557 574 715 625 ἕκτον
770 575 862 626 ἐπὶ
886 575 979 641 τῆς
1013 574 1223 641 βάσεως
1257 573 1469 638 ἐκείνης
1505 572 1605 639 ἤδη
1644 564 1792 633 παρὰ

1920 580 2056 632 [nam
2080 564 2132 615 in
2158 563 2246 614 illa
2270 559 2381 614 basi
2402 575 2494 612 sex
2522 572 2695 609 annos
2717 556 2817 608 sub
2846 552 3137 620 disciplina
3159 549 3270 603 divi
3296 550 3464 603 Joan-

218 660 302 730 τῷ
348 662 474 732 θείῳ
519 665 735 735 Ἰωάννῃ
790 664 978 732 χρόνον
1030 660 1573 732 διηνυκὸτα.Σπονδὴ
1624 660 1677 710 δὲ
1729 655 1792 724 ἦν

220 753 333 804 ¹τῶν
387 755 669 824 παρόντων
727 754 963 821 ἑκάστῳ.
999 757 1093 805 καὶ
1160 754 1391 821 μάλιστα
1426 755 1539 813 τοῖς
1573 750 1667 801 τοῦ
1703 748 1797 816 βήο

227 860 420 911 ματος,
452 844 530 910 τῷ
590 845 705 909 μὲν,
738 843 1110 905 διαϐαστάσαι,
1142 845 1218 912 τῷ
1255 840 1309 895 δὲ
1341 843 1433 895 τοῦ
1490 840 1797 907 ἐνδύματος

227 932 473 999 ἅψασθαι
509 972 523 991 ,
557 932 635 999 τῷ
691 933 746 984 δὲ
806 933 899 983 καὶ
951 930 1178 999 πλησίον
1232 930 1505 999 γενέσθαι,
1542 926 1798 995 καθάπερ

224 1022 307 1089 τῷ
338 1022 499 1073 πλέον
530 1024 853 1092 μετασχόντι
891 1022 1130 1085 πλείονος
1162 1025 1333 1093 παρὸν
1364 1026 1544 1089 τυχεῖν
1579 1022 1673 1073 καὶ
1706 1018 1801 1087 τῆς

226 1110 502 1178 εὐλογίας.

304 1280 414 1343 μγ’.
448 1278 511 1327 ὐ
531 1274 626 1342 μὲν
653 1273 744 1328 οὖν
776 1275 918 1344 ίερδς
953 1274 1178 1345 Συμεὼν
1210 1278 1304 1330 ἐπὶ
1325 1275 1417 1331 τοῦ
1446 1276 1620 1339 κίονος
1647 1275 1800 1339 στὰς,
1830 1280 1833 1281 ⁷

223 1366 414 1431 ὄγδοον
449 1368 505 1417 ἐν
536 1367 682 1434 αὑτῷ
709 1365 1133 1435 διεκαρτέρησεν
1170 1368 1306 1430 ἔτος,
1339 1368 1415 1420 ὡς
1446 1367 1568 1437 ἑξῆς
1600 1365 1803 1434 προῖὼν

226 1459 256 1510 ὁ
291 1458 445 1522 λόγος
477 1456 705 1523 δηλώσει
738 1475 843 1524 μοι.
881 1458 935 1510 ’0
966 1458 1019 1510 δὲ
1051 1459 1324 1523 Ἰωάννης,
1350 1458 1805 1525 καίτοιδιαθήκας

233 1547 379 1616 μετὰ
402 1546 494 1597 τοῦ
524 1545 746 1613 Συμεὼν
774 1547 1111 1614 διαθέμενος,
1148 1549 1389 1617 ἡνῶσθαί
1413 1566 1470 1599 τε
1498 1548 1583 1600 διὰ
1610 1548 1807 1608 παντὸς

233 1637 385 1705 αὐτῷ
419 1636 515 1702 τὴν
546 1638 921 1705 πνευματικὴν
942 1638 1153 1698 ἕνωσιν,
1190 1639 1282 1690 καὶ
1313 1637 1614 1705 ἀχιέ›ς.ιοτος
1644 1636 1806 1690 α.)τοῦ

228 1727 332 1795 ’τὴν
365 1730 541 1798 ψυχξν
571 1728 865 1797 διαμένειν,
897 1730 1039 1796 ὅμως
1080 1731 1160 1781 ὅτι
1210 1730 1283 1799 μὴ
1315 1730 1411 1798 τὴν
1441 1730 1563 1797 δ’ξιιν
1602 1731 1808 1781 ἐκείνου

229 1818 490 1883 γλυκεῖαν
546 1822 639 1871 καὶ
701 1818 871 1880 θείαις
925 1817 1193 1871 ἀνθοῦσαν
1242 1819 1460 1887 χάρισιν
1510 1816 1812 1886 ὀφθαλμοῖς

220 1906 373 1977 εἶχεν
401 1910 555 1976 δέᾷν.
602 1909 851 1958 εμίιακνετο
883 1909 978 1974 τὴν
1019 1908 1246 1974 καρδίαν
1285 1907 1376 1957 καὶ
1422 1904 1683 1965 ὠδυνᾶτο,
1722 1903 1811 1953 καὶ

223 2001 307 2059 εἰς
345 1998 553 2064 φανερὰ
592 1995 845 2055 πολλάκις
878 1996 1177 2045 κατέπιπτε
1202 1993 1434 2060 δάκρυα.
1463 1990 1551 2059 Τῷ
1585 1988 1819 2057 Συμεὼν

220 2093 282 2144 δὲ
339 2092 582 2160 μείζονες
626 2088 733 2140 τῶν
796 2086 1078 2153 προτέρων
1129 2084 1340 2150 ἀγῶνες
1389 2083 1481 2134 ἐπὶ
1510 2082 1603 2134 τοῦ
1631 2083 1815 2143 κίονος

219 2180 381 2254 ἦσαν.
415 2182 653 2249 πραότης
697 2196 755 2230 τε
793 2177 992 2229 πλείων
1038 2175 1184 2243 αὐτῴ
1232 2173 1603 2244 προσετίθετο,
1657 2172 1813 2240 καὶὴ

219 2279 325 2345 τῆς
358 2274 587 2343 καρδίας
629 2272 919 2336 κατάνυξις
946 2269 1159 2338 ηὖξετο,
1195 2270 1262 2321 τά
1292 2286 1352 2321 τε
1381 2268 1593 2337 δάκρυα
1626 2264 1815 2326 ὑετοὺς

222 2369 500 2437 ἐμιμεῖτο,
533 2366 623 2417 καὶ
657 2368 689 2434 ἡ
721 2364 934 2431 γλῶττα
966 2366 1076 2425 τοῖς
1104 2364 1183 2423 είς
1210 2360 1342 2413 Θεὸν
1368 2360 1554 2431 ὓμνοις
1579 2359 1698 2421 ταῖς
1733 2355 1817 2408 οὗο

226 2458 441 2531 ρανίαις
475 2458 737 2527 δυνάμεσι
772 2455 958 2524 σαφῶς
986 2453 1257 2523 ῶμοίωτο.

303 2640 408 2709 μδ’.
452 2638 538 2699 Ὠς
571 2636 635 2689 ἂν
682 2636 737 2688 δὲ
785 2635 858 2707 μὴ
905 2634 1269 2704 καυχήσηται,
1303 2632 1457 2700 φησι,
1490 2633 1639 2685 πᾶσα
1661 2627 1815 2698 σὰρξ,

226 2733 395 2803 ἡνίκα
423 2730 674 2798 τοιαύτης
707 2728 999 2795 ἐτύγχανεν
1050 2726 1244 2788 ἐπιϐὰς
1284 2724 1520 2793 ἡλικίας,
1568 2724 1686 2792 ἥτις
1719 2720 1819 2788 φύε

225 2842 371 2886 σεως
423 2823 631 2891 πέφυκε
678 2820 842 2889 γονὴν
878 2818 1144 2889 προϊέναι.
1178 2816 1452 2871 ὡπλίσατο
1487 2813 1761 2886 κραταιῶς
1792 2814 1820 2866 6

226 2915 478 2975 Σατανᾶς
501 2952 515 2975 ,
548 2912 690 2964 ὥστε
739 2911 947 2973 νυκτὸς.
975 2910 1137 2961 αὑτὸν
1176 2908 1450 2970 ἐνυπνίοις
1493 2907 1820 2977 ὲπηρεᾶσαι.

223 3004 319 3072 Τῷ
351 3003 433 3063 δὲ,
473 3005 521 3054 εἰ
560 3003 655 3054 καὶ
682 3001 742 3053 τὸ
771 3001 930 3069 σῶμα
991 3000 1108 3053 κατ’
1145 3001 1321 3052 ἐκεῖνο
1347 2997 1447 3063 τῆς
1476 2997 1621 3068 ὧρας
1653 2996 1821 3049 ὕπνου

226 3096 459 3166 ἥττητο,
488 3091 601 3145 ἀλλ’
632 3095 664 3160 ἡ
692 3091 839 3161 ψυχὴ
868 3091 1137 3162 ἐγρήγορέ
1158 3107 1218 3144 τε
1248 3091 1342 3143 καὶ
1361 3088 1703 3157 διανέστηκε,
1728 3084 1823 3139 καὶ

224 3185 417 3247 οὕτως
470 3185 636 3253 ἑαυτῇ
683 3184 1048 3252 προσέχουοια,
1113 3182 1188 3245 ῶς
1226 3181 1302 3251 μὴ
1348 3182 1508 3250 μόνον
1546 3179 1821 3245 ἐνδόσιμον

229 3278 424 3349 μηδὲν,
480 3276 615 3345 μηδὲ
658 3274 898 3342 μαλακδν
950 3273 1166 3332 παθεῖν.
1199 3270 1335 3325 ἀλλὰ
1382 3270 1475 3323 καὶ
1517 3269 1606 3321 τὶν
1650 3268 1815 3322 ὕπνον

224 3370 395 3430 εὐθὺς
430 3365 829 3437 ἀπορρίψαντα,
875 3362 1181 3417 κατώδυνον
1227 3364 1348 3415 ὅλον
1392 3362 1485 3413 καί
1526 3358 1813 3431 δακρυώδη

228 3461 417 3514 παίειν
449 3460 543 3522 τὰς
579 3459 750 3523 ὄψεις,
780 3459 875 3509 καὶ
927 3454 1151 3508 τοιαῦτα
1204 3453 1383 3523 ἑαυτῷ
1422 3450 1817 3523 ἑποδὺρεσθαι*

224 3554 337 3608 die?)
377 3548 464 3607 οἷα
496 3552 689 3607 παθεῖν
721 3555 748 3605 6
786 3550 1016 3611 δείλαιος
1061 3548 1313 3619 ἔμελλονί
1359 3542 1471 3599 οἷον
1505 3544 1817 3618 προσθεῖναι

226 3645 491 3714 τραῦμα,
532 3645 669 3712 ὅπερ
716 3643 816 3694 οὐκ
861 3642 1061 3709 ίατρδς,
1093 3639 1152 3691 οὺ
1182 3638 1368 3705 τέχνη,
1407 3636 1467 3688 οὑ
1507 3636 1816 3703 φάρμακον,

227 3737 333 3789 οῦκ
363 3734 489 3788 ἄλλο
518 3751 567 3784 τι
595 3732 932 3801 θεραπεῦσαι
960 3730 1176 3798 ἴσχυσεν
1203 3728 1301 3782 ἀνί
1336 3725 1499 3780 Ἀλλὰ
1525 3726 1605 3778 σοὶ
1622 3722 1698 3793 τῷ
1728 3721 1822 3791 p.6-

230 3846 310 3892 νῳ
342 3825 587 3897 Δεσπότῃ
616 3823 710 3877 καὶ
732 3823 944 3893 Σωτῆρι
973 3822 1180 3891 ψυχῶν,
1207 3819 1286 3889 τῷ
1315 3819 1460 3889 μόνῳ
1484 3817 1698 3888 νεφρῶν
1727 3815 1823 3869 καὶ

230 3916 476 3985 καρδιῶν
530 3915 728 3983 ἐταστῇ
795 3913 1142 3982 προσπίπτω,
1200 3910 1415 3973 δεικνὺς
1464 3908 1562 3979 τὴν
1617 3906 1823 3960 οἰκείαν

233 4009 545 4070 ἀσθένειαν,
580 4007 703 4059 ἐπεὶ
734 4007 828 4058 καὶ
851 4006 1059 4066 πάντας
1085 4005 1255 4055 ἐλεεῖν
1283 3997 1459 4066 οἶδας,
1480 4004 1507 4055 6
1530 4000 1622 4054 καὶ
1650 4002 1825 4054 πάντα

235 4101 428 4166 σαςςῶς
488 4099 806 4167 δυνάμενος.
842 4096 1003 4148 Ταῦτ’
1042 4095 1217 4162 ἔλεγε,
1260 4094 1355 4146 καὶ
1403 4092 1535 4153 ίδοὺ,
1570 4092 1671 4162 δρᾷ
1702 4108 1824 4144 τινα

233 4192 501 4246 κατιόντα
550 4191 685 4259 πρὸς
736 4189 897 4241 αὐτὸν
946 4186 1174 4251 ἄνωθεν,
1210 4186 1269 4237 τὸ
1299 4182 1439 4247 εἶδος
1476 4184 1693 4252 σεμνὸν,
1725 4182 1826 4254 τὴν

234 4288 403 4355 τρίχα
430 4283 679 4353 γηραιὸν,
709 4281 770 4333 τὸ
805 4280 995 4350 σχῆμα
1028 4281 1122 4331 καὶ⁵
1155 4278 1253 4346 τὴν
1286 4276 1478 4347 στολὴν
1520 4277 1688 4347 ἱερέα.
1726 4292 1827 4328 πο-

232 4380 430 4447 τὴριον
462 4374 732 4443 σωτηρίου
756 4373 913 4442 χερσὶ
939 4372 1260 4439 κατέχοντα,
1290 4368 1485 4421 εὐωδία
1507 4385 1564 4421 τε
1592 4368 1826 4437 κατέσχε

235 4468 332 4520 τὸν
365 4468 546 4519 τόπον.
586 4465 692 4516 Καὶ
713 4466 741 4516 6
772 4463 961 4530 φανεὶς
993 4462 1101 4513 τῶν
1125 4461 1410 4530 ἁχράντων
1440 4460 1600 4513 οἱονεὶ
1626 4476 1828 4529 μυστη-

1898 656 1981 706 nis
2001 662 2245 706 moratus
2276 651 2473 702 fuerat.
2511 646 2718 714 Volupe
2751 644 2840 696 hic
2865 652 2983 695 erat
3010 639 3194 695 studia
3221 647 3464 707 spectare

1898 745 2166 811 cujusque
2238 739 2616 810 prtusentium,
2695 736 2974 804 pratcipue
3033 727 3467 785 ministrantium

1900 833 2090 896 altari;
2118 832 2242 885 aliis
2272 841 2523 885 sanctum
2556 844 2587 881 a
2643 836 2794 880 terra
2856 822 3295 883 sublevantihus,
3347 818 3472 871 aliis

1901 924 2227 979 vestimenta
2254 932 2475 991 tangere
2506 919 2884 989 cupientibus,
2932 916 3209 985 plerisque
3246 910 3478 980 propius

1902 1017 2236 1086 propiusque
2275 1014 2467 1067 adesse
2488 1010 2840 1072 conantibus,
2898 1006 3153 1060 omnibus
3198 1002 3351 1071 quasi
3389 1017 3473 1054 ra-

1905 1119 2017 1161 tum
2049 1105 2399 1165 habentibus,
2436 1104 2559 1172 plus
2581 1098 2988 1154 benedictionis
3010 1097 3281 1149 relaturos
3330 1092 3472 1151 illos,

1904 1195 1995 1265 qui
2021 1195 2143 1261 plus
2177 1192 2345 1247 studii
2390 1191 2776 1244 contulissent.

1975 1284 2063 1337 45.
2094 1283 2292 1337 Beatus
2323 1282 2507 1348 itaque
2547 1279 2809 1349 Symeon,
2852 1286 3004 1332 stans
3059 1290 3224 1343 super
3266 1273 3479 1328 colum-

1907 1394 2053 1440 nam,
2080 1390 2257 1429 annos
2286 1384 2411 1427 octo
2439 1371 2645 1425 ibidem
2679 1369 2999 1439 perduravit
3027 1409 3040 1432 ,
3084 1368 3160 1421 uti
3186 1381 3481 1436 progressu

1910 1469 2170 1533 deinceps
2189 1464 2456 1519 orationis
2477 1462 2768 1517 docebitur
2792 1481 2804 1514 :
2824 1460 3063 1516 Joannes
3084 1469 3486 1525 autem,quam-

1912 1559 1994 1611 vis
2019 1566 2210 1627 pactus
2243 1570 2365 1609 cum
2395 1555 2664 1625 Symeone
2700 1560 2867 1613 esset,
2909 1550 3261 1604 adlucsurum
3316 1561 3373 1599 se
3408 1544 3481 1598 illi

1914 1665 2129 1717 semper
2154 1646 2457 1715 spiritualis
2486 1645 2707 1698 vinculo
2742 1637 3173 1711 coniunctionis,
3226 1643 3281 1689 et
3337 1634 3487 1687 nulla

1917 1756 2158 1810 unquam
2192 1749 2437 1806 tempore
2462 1744 2777 1805 separatum
2814 1732 2917 1795 iri,
2953 1728 3320 1785 nihilominus
3342 1726 3487 1795 quod

1916 1830 2068 1884 suavi
2100 1838 2322 1896 aspectu
2356 1828 2522 1891 illius,
2540 1825 2724 1896 gratia;
2742 1824 2945 1878 divina:
2966 1823 3175 1890 copiam
3198 1818 3489 1888 prodente.

1919 1914 2025 1966 frui
2047 1913 2225 1968 oculis
2255 1928 2365 1967 non
2388 1913 2601 1975 liceret,
2624 1910 2930 1980 angebatur
2958 1906 3145 1967 corde,
3166 1903 3501 1971 dolebatque

1922 2016 2227 2074 tantopere,
2262 2013 2321 2058 ut
2348 2005 2401 2057 in
2432 2004 2699 2073 lacrymas
2729 1999 3181 2069 eonspicuasnon
3216 2011 3342 2049 raro
3373 2009 3502 2063 pro-

1922 2106 2221 2169 rumperet.
2254 2098 2468 2152 Interea
2499 2097 2765 2150 virtutum
2798 2093 2979 2148 studia
3011 2090 3271 2163 Symconi
3328 2089 3380 2141 in
3408 2102 3502 2141 co-

1921 2192 2106 2244 lumna
2139 2192 2343 2257 majora
2371 2197 2530 2242 erant
2556 2185 2872 2256 prioribus:
2898 2184 3299 2237 incrementum
3323 2178 3503 2247 capie-

1921 2283 2013 2338 bat
2030 2281 2415 2344 mansuetudo,
2435 2278 2764 2351 augescebat
2779 2274 3130 2345 compunctio
3149 2271 3354 2332 cordis,
3374 2269 3508 2323 ube-

1922 2373 2098 2428 riores
2120 2373 2362 2427 ﬂuebant
2386 2372 2640 2442 lacrymaa
2666 2368 2977 2439 pluviarum
3002 2365 3233 2419 imbrem
3260 2361 3503 2423 imitatae,

1923 2464 2110 2534 lingua
2146 2464 2200 2517 in
2233 2461 2599 2518 decantandis
2620 2460 2733 2516 Deo
2752 2457 2973 2530 hymnis
3004 2455 3145 2511 nihil
3179 2453 3359 2509 beatis
3379 2450 3504 2507 coeli

1923 2554 2215 2625 spiritibus
2260 2551 2622 2608 concedebat.

1993 2646 2083 2701 44.
2116 2645 2194 2700 Ne
2233 2654 2440 2710 autem,
2473 2644 2553 2698 uti
2584 2641 2815 2707 dicitur,
2841 2639 3107 2711 glorietur
3137 2635 3319 2691 omnis
3353 2648 3504 2697 caro,

1924 2739 2172 2809 qnaejam
2192 2735 2262 2790 ad
2286 2735 2339 2789 id
2361 2734 2539 2790 aetatis
2558 2732 2833 2803 pervenit,
2854 2740 2915 2785 ut
2936 2725 3297 2800 procreandis
3316 2723 3508 2779 liberis

1926 2839 2050 2899 apta
2090 2829 2200 2890 sit,
2243 2827 2448 2883 bellum
2488 2826 2748 2898 Symeoni
2778 2824 3010 2880 Satanas
3035 2820 3368 2876 acerrimum
3424 2815 3508 2870 iu-

1927 2921 2086 2983 dixit,
2110 2934 2284 2989 usque
2306 2917 2445 2973 adeo
2471 2928 2533 2971 ut
2554 2925 2721 2971 noctu
2743 2916 2911 2970 etiam
2931 2911 3228 2969 dormienti
3257 2924 3367 2962 non
3391 2907 3509 2962 leve

1928 3012 2237 3084 periculum
2283 3018 2523 3066 tentator
2564 3014 2801 3064 crearet.
2856 3002 3371 3062 Verumenimvero,
3427 3004 3501 3049 ta-

1928 3104 2087 3158 metsi
2121 3116 2221 3171 per
2251 3099 2386 3155 illud
2416 3108 2635 3168 tempus
2663 3112 2859 3152 somno
2890 3094 3267 3151 succubuerat
3287 3102 3507 3157 corpus,

1846 3219 1891 3281 C
1929 3196 2110 3249 anima
2142 3193 2508 3247 nihilominus
2532 3189 2814 3259 vigilabat,
2839 3198 3025 3243 erecta
3046 3199 3266 3253 semper
3288 3192 3509 3249 tamque

1924 3294 2133 3341 attenta
2158 3284 2327 3340 rebus
2348 3284 2486 3347 suis,
2514 3290 2575 3337 ut
2599 3297 2709 3336 non
2733 3280 2900 3335 modo
2925 3277 3067 3333 nihil
3099 3275 3229 3331 inde
3250 3271 3513 3329 mntionis

1916 3374 2228 3431 libidinosae
2250 3382 2551 3444 pateretur,
2573 3386 2767 3425 verum
2785 3368 2949 3423 etiam
2968 3381 3201 3423 excusso
3222 3362 3510 3421 confestim

1918 3481 2113 3521 somno
2134 3475 2367 3520 Incestus
2390 3473 2555 3534 atque
2585 3461 3055 3534 lacrymabundus
3089 3459 3284 3514 faciem
3312 3468 3512 3526 percu-

1920 3563 2086 3618 teret,
2126 3562 2293 3624 atque
2325 3553 2400 3607 ita
2433 3566 2623 3607 secum
2662 3550 2777 3621 ipse
2811 3551 3208 3605 lamentaretur
3239 3563 3253 3600 :
3281 3545 3372 3599 Va:
3411 3542 3515 3597 mi-

1918 3660 2043 3700 sero
2061 3644 2219 3710 mihi,
2246 3660 2410 3714 quam
2432 3657 2603 3714 prope
2634 3658 2666 3697 a
2700 3640 2910 3696 scelere
2942 3638 3128 3695 abfuit
3158 3652 3323 3708 quam
3374 3649 3513 3705 pene

1922 3736 2193 3791 inllictum
2218 3735 2351 3789 mihi
2371 3735 2575 3789 vulnus
2596 3734 2721 3796 fuit,
2745 3733 2833 3788 cui
2853 3747 2956 3787 nec
2976 3730 3253 3797 medicus,
3275 3744 3378 3785 nec
3403 3746 3513 3784 ars.

1921 3844 2026 3883 nec
2049 3828 2428 3897 pbarmacum,
2450 3841 2552 3880 nec
2570 3823 2717 3879 aliud
2736 3823 3011 3893 quidlibet
3031 3822 3231 3877 aﬂ‘erre
3248 3836 3407 3890 opem
3433 3820 3514 3874 ul—

1923 3918 2029 3972 lam
2055 3916 2363 3987 potuissetl
2396 3916 2466 3970 At
2501 3915 2623 3978 tibi,
2660 3913 2891 3969 Domine
2920 3922 2975 3968 et
3010 3912 3264 3969 Salvator
3296 3913 3510 3967 anima-

1924 4023 2046 4063 rum
2078 4015 2417 4068 nostrarum,
2447 4004 2545 4058 tibi
2581 4002 2684 4059 soli
2717 4017 2910 4057 renum
2942 4016 3005 4056 ac
3024 4000 3279 4056 eordium
3302 4010 3512 4053 scruta-

1926 4098 2035 4152 tori
2071 4097 2302 4166 supples
2334 4095 2561 4160 accedo,
2600 4094 2865 4166 detegens
2890 4092 3270 4147 inﬁrmitatem
3300 4106 3513 4155 meam;

1926 4188 2187 4259 quoniam
2218 4197 2274 4241 tu
2304 4196 2362 4242 et
2396 4186 2648 4241 misereri
2679 4185 2929 4240 omnium
2958 4184 3127 4248 soles,
3156 4192 3214 4238 et
3254 4182 3514 4237 medicari

1927 4281 2187 4336 omnibus
2205 4288 2381 4350 potes.
2418 4279 2578 4335 llisce
2610 4277 2801 4341 ﬁnitis,
2828 4292 2959 4332 ecce
2986 4276 3189 4331 iterum
3220 4275 3514 4345 quemdam

1928 4374 2199 4444 conspicit
2249 4373 2317 4427 ad
2360 4388 2418 4428 se
2445 4372 2873 4427 descendentem
2904 4371 2975 4426 ab
3015 4371 3245 4433 aathere,
3287 4386 3519 4425 venera-

1929 4466 2095 4521 bilem
2121 4466 2319 4529 forma,
2341 4465 2541 4519 canitie
2594 4464 2977 4535 conspicuum,
3009 4463 3192 4533 specie
3225 4472 3393 4532 atque
3426 4462 3521 4515 ha-

240 4558 377 4628 ρίων
424 4554 501 4625 τῷ
552 4552 777 4623 Συμεὼν
813 4555 1171 4622 κοινωνήσας,
1218 4550 1517 4618 Ἀνδρίξου,
1548 4551 1643 4603 καὶ
1686 4567 1818 4621 κρα·

1933 4559 2052 4612 bitu
2079 4557 2447 4620 sacerdotem,
2471 4556 2700 4611 calicem
2725 4555 3071 4610 salutiferam
3099 4554 3357 4609 manibus
3381 4569 3521 4624 prae-

241 4646 537 4707 ταιούσθω,
586 4646 772 4714 φησὶν,
809 4646 840 4715 ἡ
887 4644 1082 4714 καρδία
1118 4658 1246 4697 σου⁶
1298 4645 1395 4712 οὐχ
1435 4642 1681 4712 ὑποπέσῃ
1721 4642 1830 4713 γὰρ

244 4732 514 4785 ινυπνίων
550 4733 850 4796 ἐνεργείαις
896 4733 1099 4791 οὐκέτι,
1127 4733 1374 4803 φυλακὴν
1402 4735 1493 4786 ἐπὶ
1525 4738 1590 4805 τῇ
1626 4736 1833 4793 ἄνωθεν

245 4817 424 4870 ἑλπίδι
444 4820 623 4870 πᾶσαν
645 4818 742 4885 τῆς
772 4818 964 4870 ἑαυτοῦ
998 4820 1221 4888 καρδίας
1245 4820 1524 4889 τιθέμενος
1544 4841 1559 4855 ·
1590 4824 1617 4875 δ
1646 4827 1835 4879 τοσοῦ-

243 4926 339 4961 τον
378 4910 468 4961 ἐπὶ
524 4912 709 4961 πένθει
759 4910 951 4973 πένθος
990 4911 1066 4979 τῷ
1098 4912 1319 4979 Bap.st
1354 4914 1724 4985 προστίθησιν,
1756 4919 1831 4982 ὡς

244 4996 340 5048 ὲπί
372 5013 519 5056 τινας
547 4998 759 5066 ἡμέρας
790 4998 948 5066 ἄχρις
979 4999 1203 5067 ἐννάτης
1229 5000 1378 5069 ὧρας
1440 5004 1575 5072 μηδὲ
1599 5007 1697 5073 τὴν
1733 5007 1827 5059 θυ·

248 5088 369 5159 ρίδα
394 5089 644 5141 ὁπωσοῦν
680 5092 1051 5160 παρανοίγειν,
1089 5093 1203 5145 ἀλλ’
1234 5095 1475 5164 ἀκριϐῶς
1513 5098 1679 5159 αὐτὴν
1706 5102 1829 5153 ἐπι-

244 5178 643 5246 κεκλεισμένην
659 5182 982 5250 ἀνομίλητον
1007 5186 1316 5238 παντάπασι
1337 5186 1631 5257 διαμένειν,
1653 5192 1830 5264 ἑαυτῷ

248 5268 401 5337 μόνῳ
427 5270 519 5320 καὶ
546 5269 666 5340 Θεῷ
690 5273 1246 5343 προσαδολεσχοῦντα.
1276 5314 1279 5317 Α

1936 4650 2206 4705 ferentem
2230 4666 2243 4702 :
2268 4650 2531 4718 locusque
2554 4648 2708 4701 suavi
2734 4646 2924 4700 odoris
2949 4645 3248 4716 fragrantia
3280 4646 3525 4715 repletus

1936 4750 2076 4796 erat.
2114 4741 2180 4794 Et
2216 4741 2284 4805 is,
2317 4739 2410 4809 qui
2443 4738 2767 4809 apparebat,
2817 4738 3141 4792 intemerata
3176 4748 3524 4792 sacramenta

1937 4831 2192 4905 Symeoni
2224 4832 2633 4887 communicare
2655 4832 2808 4885 visus
2832 4847 2845 4883 :
2869 4831 3139 4894 Viriliter,
3172 4829 3371 4899 inquit,
3401 4846 3523 4900 age,

1936 4933 1993 4977 et
2032 4925 2376 4978 confortetur
2404 4939 2501 4977 cor
2530 4931 2722 4987 tuum;
2760 4938 2872 4976 non
2924 4923 3253 4977 succumbes
3297 4922 3526 4989 posthac

1938 5013 2291 5068 illusionibus
2337 5015 2762 5078 insomniorum,
2809 5015 2855 5068 si
2890 5014 3073 5069 cordis
3103 5015 3181 5068 tui
3215 5014 3525 5069 custodiam

1938 5103 2048 5157 Deo
2096 5104 2328 5159 ﬁrmiter
2357 5105 2630 5174 sperando
2676 5105 3041 5160 commiseris.
3075 5106 3184 5160 Res
3226 5105 3318 5160 illa
3353 5105 3524 5175 priori

1938 5196 2419 5269 Symeonisluctui
2457 5199 2796 5268 spiritusque
2831 5198 3152 5254 contritioni
3193 5206 3406 5253 tantum
3434 5200 3531 5253 ad-

1937 5288 2077 5342 didit
2098 5288 2525 5353 incrementum,
2541 5296 2599 5342 ut
2616 5287 2814 5344 diebus
2830 5288 3039 5357 aliquot
3056 5289 3122 5344 ad
3141 5290 3333 5345 horam
3353 5305 3526 5360 usque

246 5375 451 5466 nouam
477 5363 769 5466 fenestram
816 5370 969 5466 nullo
1000 5370 1160 5466 modo
1194 5373 1527 5444 adaperiret,
1560 5380 1655 5435 sed
1723 5385 1863 5442 bene
1903 5382 2249 5439 obfirmatam
2299 5383 2544 5440 retinens
2598 5386 2747 5441 intus
2800 5386 2917 5457 ipse
2986 5388 3208 5454 lateret,
3262 5405 3527 5446 commer-

242 5458 335 5508 cio
385 5458 535 5508 omni
588 5458 827 5513 humano
872 5462 1178 5528 abstinens,
1225 5466 1440 5537 sibique
1486 5472 1585 5525 soli
1634 5484 1689 5528 et
1718 5477 1830 5533 Deo
1870 5491 2090 5530 vacans.

327 5555 428 5616 με’.
479 5548 567 5600 Ἐν
594 5550 768 5619 τούτῳ
795 5552 848 5604 δὲ
884 5555 977 5605 καὶ
1006 5554 1097 5606 τοῦ
1148 5556 1393 5611 Ἰωάννου
1430 5564 1557 5624 τοὺς
1589 5567 1837 5634 συνήθεις

245 5642 345 5693 ἐπὶ
390 5641 486 5709 τῆς
521 5642 727 5705 οἰκείας
765 5642 973 5711 ﬁlicem;
1010 5647 1285 5713 μετιόντος
1312 5650 1549 5718 ἀγῶνας,
1582 5655 1749 5722 ὑγιῶς
1777 5676 1835 5710 τε

247 5732 392 5784 κατὰ
443 5731 597 5802 σῶμα
658 5736 751 5786 καὶ
803 5736 1007 5797 ἀνάξιος
1060 5738 1294 5807 ἔχοντος,
1356 5742 1678 5810 ἐγγίζουσαν
1734 5750 1835 5820 ἤδη

252 5822 526 5891 προγνοὺς
570 5823 667 5892 τὴν
698 5827 905 5878 ἐκεῖνον
941 5828 1204 5897 ἐκδημίαν
1245 5834 1269 5883 6
1303 5832 1545 5901 Συμεὼν,
1574 5838 1837 5903 τοιοίτοις

2005 5566 2093 5620 45.
2128 5566 2277 5621 inter
2328 5567 2442 5622 inec
2473 5568 2717 5623 Joannes
2756 5584 2979 5639 quoque
3032 5571 3087 5625 in
3120 5572 3377 5626 columna
3427 5588 3529 5629 sua

1937 5672 2231 5713 consuetas
2251 5660 2355 5713 sibi
2375 5662 2798 5716 exercitationes
2817 5671 3041 5717 strenue
3061 5662 3271 5723 obibat,
3293 5678 3530 5734 corpore

1941 5752 2080 5805 bene
2112 5768 2302 5816 sanus,
2333 5768 2435 5806 nec
2465 5753 2858 5808 invaletudinis
2882 5754 2991 5809 ulla
3020 5755 3265 5810 sentiens
3292 5754 3527 5810 indicia:

1940 5845 2097 5915 cujus
2131 5852 2311 5899 tamen
2342 5844 2682 5915 migrationis
2708 5846 2930 5918 jamjam
2964 5846 3221 5901 instantis
3268 5848 3533 5919 pnescius
