  <div class='ocr_page' id='page_1' title='image "/cluster/home/n/w/nwhite01/storage/ocr_20150623/88 pt.2/uva.x004575615/673.png"; bbox 0 0 4092 6462; ppageno 0'>
   <div class='ocr_carea' id='block_1_1' title="bbox 686 428 824 493">
    <p class='ocr_par' dir='ltr' id='par_1_1' title="bbox 686 428 824 493">
     <span class='ocr_line' id='line_1_1' title="bbox 686 428 824 493; baseline -0.014 0"><span class='ocrx_word' id='word_1_1' title='bbox 686 428 824 493; x_wconf 70' lang='lat'><strong>3031</strong></span> 
     </span>
    </p>
   </div>
   <div class='ocr_carea' id='block_1_2' title="bbox 1851 446 2722 512">
    <p class='ocr_par' dir='ltr' id='par_1_2' title="bbox 1851 446 2722 512">
     <span class='ocr_line' id='line_1_2' title="bbox 1851 446 2722 512; baseline 0.008 -7"><span class='ocrx_word' id='word_1_2' title='bbox 1851 446 1911 505; x_wconf 92' lang='lat' dir='ltr'><strong>S.</strong></span> <span class='ocrx_word' id='word_1_3' title='bbox 1955 446 2330 509; x_wconf 73' lang='lat' dir='ltr'><strong>SYMEONIS</strong></span> <span class='ocrx_word' id='word_1_4' title='bbox 2365 450 2722 512; x_wconf 82' lang='lat' dir='ltr'><strong>JUNIORIS</strong></span> 
     </span>
    </p>
   </div>
   <div class='ocr_carea' id='block_1_3' title="bbox 3778 448 3913 512">
    <p class='ocr_par' dir='ltr' id='par_1_3' title="bbox 3778 448 3913 512">
     <span class='ocr_line' id='line_1_3' title="bbox 3778 448 3913 512; baseline 0 0"><span class='ocrx_word' id='word_1_5' title='bbox 3778 448 3913 512; x_wconf 68' lang='lat'><strong><em>3032</em></strong></span> 
     </span>
    </p>
   </div>
   <div class='ocr_carea' id='block_1_4' title="bbox 667 542 2257 633">
    <p class='ocr_par' dir='ltr' id='par_1_4' title="bbox 667 542 2242 626">
     <span class='ocr_line' id='line_1_4' title="bbox 667 542 2242 626; baseline 0.01 -30"><span class='ocrx_word' id='word_1_6' title='bbox 667 542 927 598; x_wconf 76' lang='lat' dir='ltr'><strong>recedere</strong></span> <span class='ocrx_word' id='word_1_7' title='bbox 961 548 1160 616; x_wconf 88' lang='lat' dir='ltr'><strong>coegit,</strong></span> <span class='ocrx_word' id='word_1_8' title='bbox 1204 548 1461 604; x_wconf 77' lang='lat' dir='ltr'><strong>edoctum</strong></span> <span class='ocrx_word' id='word_1_9' title='bbox 1502 566 1673 608; x_wconf 86' lang='lat' dir='ltr'><strong>vanas</strong></span> <span class='ocrx_word' id='word_1_10' title='bbox 1718 569 1839 609; x_wconf 84' lang='lat' dir='ltr'><strong>esse</strong></span> <span class='ocrx_word' id='word_1_11' title='bbox 1881 558 2000 626; x_wconf 85' lang='lat' dir='ltr'><strong>ejus</strong></span> <span class='ocrx_word' id='word_1_12' title='bbox 2046 557 2242 615; x_wconf 87' lang='lat' dir='ltr'><strong>minas.</strong></span> 
     </span>
    </p>
   </div>
   <div class='ocr_carea' id='block_1_5' title="bbox 2360 542 3920 633">
    <p class='ocr_par' dir='ltr' id='par_1_5' title="bbox 2360 557 3920 633">
     <span class='ocr_line' id='line_1_5' title="bbox 2360 557 3920 633; baseline -0.003 -20"><span class='ocrx_word' id='word_1_13' title='bbox 2360 562 2475 623; x_wconf 75' lang='grc' dir='ltr'>τοὺς</span> <span class='ocrx_word' id='word_1_14' title='bbox 2504 562 2974 633; x_wconf 72' lang='grc' dir='ltr'>εὐχαριστηρίους,</span> <span class='ocrx_word' id='word_1_15' title='bbox 3002 561 3048 613; x_wconf 76' lang='grc' dir='ltr'>εί</span> <span class='ocrx_word' id='word_1_16' title='bbox 3079 558 3133 613; x_wconf 68' lang='grc' dir='ltr'>δὲ</span> <span class='ocrx_word' id='word_1_17' title='bbox 3188 558 3388 629; x_wconf 79' lang='grc' dir='ltr'><strong>βούλει,</strong></span> <span class='ocrx_word' id='word_1_18' title='bbox 3422 557 3726 621; x_wconf 69' lang='grc' dir='ltr'>επινικίους</span> <span class='ocrx_word' id='word_1_19' title='bbox 3762 573 3920 629; x_wconf 82' lang='grc' dir='ltr'>προσ-</span> 
     </span>
    </p>
   </div>
   <div class='ocr_carea' id='block_1_6' title="bbox 668 633 2245 717">
    <p class='ocr_par' dir='ltr' id='par_1_6' title="bbox 668 633 2245 717">
     <span class='ocr_line' id='line_1_6' title="bbox 668 633 2245 717; baseline 0.01 -31"><span class='ocrx_word' id='word_1_20' title='bbox 668 633 875 689; x_wconf 86' lang='lat' dir='ltr'><strong>Deiude</strong></span> <span class='ocrx_word' id='word_1_21' title='bbox 923 637 1169 693; x_wconf 88' lang='lat' dir='ltr'><strong>suaviter</strong></span> <span class='ocrx_word' id='word_1_22' title='bbox 1202 638 1258 693; x_wconf 89' lang='lat' dir='ltr'><strong>in</strong></span> <span class='ocrx_word' id='word_1_23' title='bbox 1288 640 1487 695; x_wconf 68' lang='lat' dir='ltr'><strong>coelum</strong></span> <span class='ocrx_word' id='word_1_24' title='bbox 1520 642 1752 698; x_wconf 77' lang='lat' dir='ltr'><strong>sublatis</strong></span> <span class='ocrx_word' id='word_1_25' title='bbox 1776 645 1975 710; x_wconf 89' lang='lat' dir='ltr'><strong>oculis,</strong></span> <span class='ocrx_word' id='word_1_26' title='bbox 2015 646 2245 717; x_wconf 81' lang='lat' dir='ltr'><strong>bymnos</strong></span> 
     </span>
    </p>
   </div>
   <div class='ocr_carea' id='block_1_7' title="bbox 666 723 2245 800">
    <p class='ocr_par' dir='ltr' id='par_1_7' title="bbox 666 723 2245 800">
     <span class='ocr_line' id='line_1_7' title="bbox 666 723 2245 800; baseline 0.01 -23"><span class='ocrx_word' id='word_1_27' title='bbox 666 723 778 779; x_wconf 89' lang='lat' dir='ltr'><strong>Deo</strong></span> <span class='ocrx_word' id='word_1_28' title='bbox 802 726 854 779; x_wconf 92' lang='lat' dir='ltr'><strong>in</strong></span> <span class='ocrx_word' id='word_1_29' title='bbox 873 728 1169 797; x_wconf 75' lang='lat' dir='ltr'><strong>gratiarum</strong></span> <span class='ocrx_word' id='word_1_30' title='bbox 1194 731 1486 796; x_wconf 72' lang='lat' dir='ltr'><strong>actionem,</strong></span> <span class='ocrx_word' id='word_1_31' title='bbox 1502 743 1617 796; x_wconf 88' lang='lat' dir='ltr'><strong>aut,</strong></span> <span class='ocrx_word' id='word_1_32' title='bbox 1640 735 1687 788; x_wconf 87' lang='lat' dir='ltr'><strong>si</strong></span> <span class='ocrx_word' id='word_1_33' title='bbox 1711 734 1786 790; x_wconf 85' lang='lat' dir='ltr'><strong>ita</strong></span> <span class='ocrx_word' id='word_1_34' title='bbox 1803 738 1905 800; x_wconf 86' lang='lat' dir='ltr'><strong>vis,</strong></span> <span class='ocrx_word' id='word_1_35' title='bbox 1927 737 1981 791; x_wconf 91' lang='lat' dir='ltr'><strong>in</strong></span> <span class='ocrx_word' id='word_1_36' title='bbox 2003 738 2245 793; x_wconf 75' lang='lat' dir='ltr'><strong>victoria:</strong></span> 
     </span>
    </p>
   </div>
   <div class='ocr_carea' id='block_1_8' title="bbox 669 813 2247 889">
    <p class='ocr_par' dir='ltr' id='par_1_8' title="bbox 669 813 2247 889">
     <span class='ocr_line' id='line_1_8' title="bbox 669 813 2247 889; baseline 0.011 -23"><span class='ocrx_word' id='word_1_37' title='bbox 669 813 907 869; x_wconf 69' lang='lat' dir='ltr'><strong>obtenta:</strong></span> <span class='ocrx_word' id='word_1_38' title='bbox 928 820 1529 886; x_wconf 70' lang='lat' dir='ltr'><strong>commemorationem,</strong></span> <span class='ocrx_word' id='word_1_39' title='bbox 1551 824 1773 889; x_wconf 90' lang='lat' dir='ltr'><strong>cecinit,</strong></span> <span class='ocrx_word' id='word_1_40' title='bbox 1801 841 2030 881; x_wconf 87' lang='lat' dir='ltr'><strong>accenso</strong></span> <span class='ocrx_word' id='word_1_41' title='bbox 2047 826 2112 880; x_wconf 91' lang='lat' dir='ltr'><strong>ad</strong></span> <span class='ocrx_word' id='word_1_42' title='bbox 2140 826 2247 883; x_wconf 89' lang='lat' dir='ltr'><strong>hoc</strong></span> 
     </span>
    </p>
   </div>
   <div class='ocr_carea' id='block_1_9' title="bbox 667 914 2245 986">
    <p class='ocr_par' dir='ltr' id='par_1_9' title="bbox 667 914 2245 986">
     <span class='ocr_line' id='line_1_9' title="bbox 667 914 2245 986; baseline 0.01 -30"><span class='ocrx_word' id='word_1_43' title='bbox 667 917 832 958; x_wconf 83' lang='lat' dir='ltr'><strong>ceree</strong></span> <span class='ocrx_word' id='word_1_44' title='bbox 853 920 1014 975; x_wconf 87' lang='lat' dir='ltr'><strong>quem</strong></span> <span class='ocrx_word' id='word_1_45' title='bbox 1044 918 1274 978; x_wconf 87' lang='lat' dir='ltr'><strong>utraque</strong></span> <span class='ocrx_word' id='word_1_46' title='bbox 1305 926 1467 965; x_wconf 88' lang='lat' dir='ltr'><strong>manu</strong></span> <span class='ocrx_word' id='word_1_47' title='bbox 1495 914 1737 980; x_wconf 83' lang='lat' dir='ltr'><strong>tenebat,</strong></span> <span class='ocrx_word' id='word_1_48' title='bbox 1775 916 1975 985; x_wconf 89' lang='lat' dir='ltr'><strong>cuique</strong></span> <span class='ocrx_word' id='word_1_49' title='bbox 2005 916 2245 986; x_wconf 86' lang='lat' dir='ltr'><strong>epinicia</strong></span> 
     </span>
    </p>
   </div>
   <div class='ocr_carea' id='block_1_10' title="bbox 2351 648 3919 722">
    <p class='ocr_par' dir='ltr' id='par_1_10' title="bbox 2351 648 3919 722">
     <span class='ocr_line' id='line_1_10' title="bbox 2351 648 3919 722; baseline 0 -19"><span class='ocrx_word' id='word_1_50' title='bbox 2351 651 2482 721; x_wconf 73' lang='grc' dir='ltr'>ἦγεν</span> <span class='ocrx_word' id='word_1_51' title='bbox 2513 650 2713 722; x_wconf 70' lang='grc' dir='ltr'>ὕμνους</span> <span class='ocrx_word' id='word_1_52' title='bbox 2736 651 2875 720; x_wconf 82' lang='grc' dir='ltr'>Θεῷ,</span> <span class='ocrx_word' id='word_1_53' title='bbox 2901 651 3053 720; x_wconf 76' lang='grc' dir='ltr'>φῶτα</span> <span class='ocrx_word' id='word_1_54' title='bbox 3088 652 3317 719; x_wconf 79' lang='grc' dir='ltr'>ποιήσας</span> <span class='ocrx_word' id='word_1_55' title='bbox 3352 648 3448 703; x_wconf 79' lang='grc' dir='ltr'><strong>καὶ</strong></span> <span class='ocrx_word' id='word_1_56' title='bbox 3487 650 3662 719; x_wconf 80' lang='grc' dir='ltr'>κηρδν</span> <span class='ocrx_word' id='word_1_57' title='bbox 3692 650 3919 721; x_wconf 71' lang='grc' dir='ltr'>ἑκατέρᾳ</span> 
     </span>
    </p>
   </div>
   <div class='ocr_carea' id='block_1_11' title="bbox 2351 737 3919 812">
    <p class='ocr_par' dir='ltr' id='par_1_11' title="bbox 2351 737 3919 812">
     <span class='ocr_line' id='line_1_11' title="bbox 2351 737 3919 812; baseline 0.001 -19"><span class='ocrx_word' id='word_1_58' title='bbox 2351 743 2493 810; x_wconf 70' lang='grc' dir='ltr'>χειρὶ</span> <span class='ocrx_word' id='word_1_59' title='bbox 2517 742 2783 812; x_wconf 80' lang='grc' dir='ltr'>κατέχων,</span> <span class='ocrx_word' id='word_1_60' title='bbox 2808 737 2889 804; x_wconf 75' lang='grc' dir='ltr'>οἷς</span> <span class='ocrx_word' id='word_1_61' title='bbox 2922 743 3243 812; x_wconf 75' lang='grc' dir='ltr'>σννεμέτρει</span> <span class='ocrx_word' id='word_1_62' title='bbox 3282 742 3371 794; x_wconf 81' lang='grc' dir='ltr'>τὸν</span> <span class='ocrx_word' id='word_1_63' title='bbox 3401 741 3692 794; x_wconf 69' lang='grc' dir='ltr'>ἐπινίκιον·</span> <span class='ocrx_word' id='word_1_64' title='bbox 3730 743 3793 794; x_wconf 83' lang='grc' dir='ltr'>οὐ</span> <span class='ocrx_word' id='word_1_65' title='bbox 3822 742 3919 812; x_wconf 78' lang='grc' dir='ltr'><strong>γάρ</strong></span> 
     </span>
    </p>
   </div>
   <div class='ocr_carea' id='block_1_12' title="bbox 2354 831 3919 901">
    <p class='ocr_par' dir='ltr' id='par_1_12' title="bbox 2354 831 3919 901">
     <span class='ocr_line' id='line_1_12' title="bbox 2354 831 3919 901; baseline 0.002 -18"><span class='ocrx_word' id='word_1_66' title='bbox 2354 835 2618 901; x_wconf 77' lang='grc' dir='ltr'>πρότερον</span> <span class='ocrx_word' id='word_1_67' title='bbox 2647 834 2681 901; x_wconf 79' lang='grc' dir='ltr'>ἡ</span> <span class='ocrx_word' id='word_1_68' title='bbox 2713 833 2931 899; x_wconf 82' lang='grc' dir='ltr'>γλῶττα</span> <span class='ocrx_word' id='word_1_69' title='bbox 2972 832 3081 885; x_wconf 88' lang='grc' dir='ltr'>τῶν</span> <span class='ocrx_word' id='word_1_70' title='bbox 3127 831 3311 901; x_wconf 79' lang='grc' dir='ltr'>ὕμνων</span> <span class='ocrx_word' id='word_1_71' title='bbox 3357 833 3626 898; x_wconf 77' lang='grc' dir='ltr'><strong>πέπαυτο,</strong></span> <span class='ocrx_word' id='word_1_72' title='bbox 3669 832 3776 894; x_wconf 68' lang='lat' dir='ltr'><strong>lto;</strong></span> <span class='ocrx_word' id='word_1_73' title='bbox 3816 834 3919 894; x_wconf 74' lang='grc' dir='ltr'>τοῖς</span> 
     </span>
    </p>
   </div>
   <div class='ocr_carea' id='block_1_13' title="bbox 2355 922 3330 993">
    <p class='ocr_par' dir='ltr' id='par_1_13' title="bbox 2355 922 3330 993">
     <span class='ocr_line' id='line_1_13' title="bbox 2355 922 3330 993; baseline 0.005 -21"><span class='ocrx_word' id='word_1_74' title='bbox 2355 926 2543 991; x_wconf 74' lang='grc' dir='ltr'>κηροῖς</span> <span class='ocrx_word' id='word_1_75' title='bbox 2571 922 2817 976; x_wconf 73' lang='grc' dir='ltr'><strong>καυθεῖσι</strong></span> <span class='ocrx_word' id='word_1_76' title='bbox 2856 924 2913 976; x_wconf 73' lang='grc' dir='ltr'>τὸ</span> <span class='ocrx_word' id='word_1_77' title='bbox 2941 924 3055 993; x_wconf 73' lang='grc' dir='ltr'><strong>φῶς</strong></span> <span class='ocrx_word' id='word_1_78' title='bbox 3085 922 3330 978; x_wconf 74' lang='grc' dir='ltr'>ἔσϐεστο.</span> 
     </span>
    </p>
   </div>
   <div class='ocr_carea' id='block_1_14' title="bbox 664 1002 3922 1088">
    <p class='ocr_par' dir='ltr' id='par_1_14' title="bbox 664 1002 3922 1088">
     <span class='ocr_line' id='line_1_14' title="bbox 664 1002 3922 1088; baseline 0.006 -37"><span class='ocrx_word' id='word_1_79' title='bbox 664 1011 765 1052; x_wconf 87' lang='lat' dir='ltr'><strong>sua</strong></span> <span class='ocrx_word' id='word_1_80' title='bbox 784 1002 1424 1070; x_wconf 82' lang='lat' dir='ltr'><strong>commensurabat;non</strong></span> <span class='ocrx_word' id='word_1_81' title='bbox 1452 1007 1600 1061; x_wconf 88' lang='lat' dir='ltr'><strong>enim</strong></span> <span class='ocrx_word' id='word_1_82' title='bbox 1620 1008 1776 1078; x_wconf 92' lang='lat' dir='ltr'><strong>prius</strong></span> <span class='ocrx_word' id='word_1_83' title='bbox 1794 1010 2043 1065; x_wconf 83' lang='lat' dir='ltr'><strong>cessabat</strong></span> <span class='ocrx_word' id='word_1_84' title='bbox 2080 1026 2111 1063; x_wconf 90' lang='lat' dir='ltr'><strong>a</strong></span> <span class='ocrx_word' id='word_1_85' title='bbox 2171 1024 2332 1068; x_wconf 90' lang='lat' dir='ltr'><strong>cantu</strong></span> <span class='ocrx_word' id='word_1_86' title='bbox 2364 1016 2569 1087; x_wconf 87' lang='lat' dir='ltr'><strong>lingua,</strong></span> <span class='ocrx_word' id='word_1_87' title='bbox 2599 1033 2765 1087; x_wconf 88' lang='lat' dir='ltr'><strong>quam</strong></span> <span class='ocrx_word' id='word_1_88' title='bbox 2800 1028 3125 1087; x_wconf 85' lang='lat' dir='ltr'><strong>consumpta</strong></span> <span class='ocrx_word' id='word_1_89' title='bbox 3191 1032 3317 1072; x_wconf 88' lang='lat' dir='ltr'><strong>cera</strong></span> <span class='ocrx_word' id='word_1_90' title='bbox 3378 1019 3564 1072; x_wconf 90' lang='lat' dir='ltr'><strong>lumen</strong></span> <span class='ocrx_word' id='word_1_91' title='bbox 3608 1018 3922 1088; x_wconf 80' lang='lat' dir='ltr'><strong>exstingue-</strong></span> 
     </span>
    </p>
   </div>
   <div class='ocr_carea' id='block_1_15' title="bbox 667 1099 843 1144">
    <p class='ocr_par' dir='ltr' id='par_1_15' title="bbox 667 1099 843 1144">
     <span class='ocr_line' id='line_1_15' title="bbox 667 1099 843 1144; baseline 0.011 -2"><span class='ocrx_word' id='word_1_92' title='bbox 667 1099 843 1144; x_wconf 87' lang='lat' dir='ltr'><strong>retur.</strong></span> 
     </span>
    </p>
   </div>
   <div class='ocr_carea' id='block_1_16' title="bbox 735 1182 2242 1262">
    <p class='ocr_par' dir='ltr' id='par_1_16' title="bbox 735 1182 2242 1262">
     <span class='ocr_line' id='line_1_16' title="bbox 735 1182 2242 1262; baseline 0.014 -27"><span class='ocrx_word' id='word_1_93' title='bbox 735 1182 825 1236; x_wconf 73' lang='grc'><strong>49.</strong></span> <span class='ocrx_word' id='word_1_94' title='bbox 858 1182 1069 1238; x_wconf 81' lang='lat' dir='ltr'><strong>Interea</strong></span> <span class='ocrx_word' id='word_1_95' title='bbox 1098 1189 1359 1255; x_wconf 87' lang='lat' dir='ltr'><strong>temporis</strong></span> <span class='ocrx_word' id='word_1_96' title='bbox 1381 1189 1592 1257; x_wconf 89' lang='lat' dir='ltr'><strong>(verum</strong></span> <span class='ocrx_word' id='word_1_97' title='bbox 1618 1209 1739 1261; x_wconf 71' lang='lat' dir='ltr'><strong>qua:</strong></span> <span class='ocrx_word' id='word_1_98' title='bbox 1768 1196 1946 1250; x_wconf 84' lang='lat' dir='ltr'><strong>oratio</strong></span> <span class='ocrx_word' id='word_1_99' title='bbox 1983 1215 2093 1262; x_wconf 88' lang='lat' dir='ltr'><strong>res,</strong></span> <span class='ocrx_word' id='word_1_100' title='bbox 2122 1216 2242 1255; x_wconf 86' lang='lat' dir='ltr'><strong>om-</strong></span> 
     </span>
    </p>
   </div>
   <div class='ocr_carea' id='block_1_17' title="bbox 666 1274 2238 1359">
    <p class='ocr_par' dir='ltr' id='par_1_17' title="bbox 666 1274 2238 1359">
     <span class='ocr_line' id='line_1_17' title="bbox 666 1274 2238 1359; baseline 0.01 -30"><span class='ocrx_word' id='word_1_101' title='bbox 666 1274 723 1329; x_wconf 90' lang='lat' dir='ltr'><strong>ni</strong></span> <span class='ocrx_word' id='word_1_102' title='bbox 775 1278 1093 1359; x_wconf 78' lang='lat' dir='ltr'><strong>eloquentia</strong></span> <span class='ocrx_word' id='word_1_103' title='bbox 1148 1281 1485 1350; x_wconf 91' lang='lat' dir='ltr'><strong>superiores,</strong></span> <span class='ocrx_word' id='word_1_104' title='bbox 1531 1286 1811 1354; x_wconf 75' lang='lat' dir='ltr'><strong>explicet?</strong></span> <span class='ocrx_word' id='word_1_105' title='bbox 1856 1305 1941 1343; x_wconf 88' lang='lat' dir='ltr'><strong>me</strong></span> <span class='ocrx_word' id='word_1_106' title='bbox 1972 1302 2121 1346; x_wconf 89' lang='lat' dir='ltr'><strong>certe</strong></span> <span class='ocrx_word' id='word_1_107' title='bbox 2171 1292 2238 1347; x_wconf 87' lang='lat' dir='ltr'><strong>ad</strong></span> 
     </span>
    </p>
   </div>
   <div class='ocr_carea' id='block_1_18' title="bbox 669 1367 2244 1449">
    <p class='ocr_par' dir='ltr' id='par_1_18' title="bbox 669 1367 2244 1449">
     <span class='ocr_line' id='line_1_18' title="bbox 669 1367 2244 1449; baseline 0.011 -30"><span class='ocrx_word' id='word_1_108' title='bbox 669 1367 870 1421; x_wconf 87' lang='lat' dir='ltr'><strong>nudam</strong></span> <span class='ocrx_word' id='word_1_109' title='bbox 898 1370 1109 1425; x_wconf 87' lang='lat' dir='ltr'><strong>illarum</strong></span> <span class='ocrx_word' id='word_1_110' title='bbox 1153 1375 1472 1427; x_wconf 84' lang='lat' dir='ltr'><strong>memoriam</strong></span> <span class='ocrx_word' id='word_1_111' title='bbox 1506 1386 1713 1430; x_wconf 89' lang='lat' dir='ltr'><strong>tremor</strong></span> <span class='ocrx_word' id='word_1_112' title='bbox 1748 1384 2027 1449; x_wconf 85' lang='lat' dir='ltr'><strong>occupat),</strong></span> <span class='ocrx_word' id='word_1_113' title='bbox 2070 1383 2244 1436; x_wconf 81' lang='lat' dir='ltr'><strong>inter-</strong></span> 
     </span>
    </p>
   </div>
   <div class='ocr_carea' id='block_1_19' title="bbox 666 1461 2243 1538">
    <p class='ocr_par' dir='ltr' id='par_1_19' title="bbox 666 1461 2243 1538">
     <span class='ocr_line' id='line_1_19' title="bbox 666 1461 2243 1538; baseline 0.01 -27"><span class='ocrx_word' id='word_1_114' title='bbox 666 1476 751 1522; x_wconf 82' lang='lat' dir='ltr'><strong>ea,</strong></span> <span class='ocrx_word' id='word_1_115' title='bbox 800 1461 1040 1529; x_wconf 88' lang='lat' dir='ltr'><strong>inquam,</strong></span> <span class='ocrx_word' id='word_1_116' title='bbox 1096 1462 1250 1517; x_wconf 84' lang='lat' dir='ltr'><strong>videt</strong></span> <span class='ocrx_word' id='word_1_117' title='bbox 1284 1465 1555 1519; x_wconf 85' lang='lat' dir='ltr'><strong>orientem</strong></span> <span class='ocrx_word' id='word_1_118' title='bbox 1615 1483 1803 1521; x_wconf 85' lang='lat' dir='ltr'><strong>versus</strong></span> <span class='ocrx_word' id='word_1_119' title='bbox 1845 1479 2094 1538; x_wconf 86' lang='lat' dir='ltr'><strong>apertum</strong></span> <span class='ocrx_word' id='word_1_120' title='bbox 2126 1487 2243 1527; x_wconf 69' lang='lat' dir='ltr'><strong>ca:-</strong></span> 
     </span>
    </p>
   </div>
   <div class='ocr_carea' id='block_1_20' title="bbox 668 1552 2238 1615">
    <p class='ocr_par' dir='ltr' id='par_1_20' title="bbox 668 1552 2238 1615">
     <span class='ocr_line' id='line_1_20' title="bbox 668 1552 2238 1615; baseline 0.006 -10"><span class='ocrx_word' id='word_1_121' title='bbox 668 1552 780 1605; x_wconf 90' lang='lat' dir='ltr'><strong>lum</strong></span> <span class='ocrx_word' id='word_1_122' title='bbox 816 1562 871 1605; x_wconf 89' lang='lat' dir='ltr'><strong>et</strong></span> <span class='ocrx_word' id='word_1_123' title='bbox 903 1552 1033 1606; x_wconf 88' lang='lat' dir='ltr'><strong>inibi</strong></span> <span class='ocrx_word' id='word_1_124' title='bbox 1084 1552 1375 1608; x_wconf 89' lang='lat' dir='ltr'><strong>Dominum</strong></span> <span class='ocrx_word' id='word_1_125' title='bbox 1424 1566 1671 1609; x_wconf 85' lang='lat' dir='ltr'><strong>nostrum</strong></span> <span class='ocrx_word' id='word_1_126' title='bbox 1704 1557 1885 1611; x_wconf 82' lang='lat' dir='ltr'><strong>Jesnm</strong></span> <span class='ocrx_word' id='word_1_127' title='bbox 1920 1559 2238 1615; x_wconf 84' lang='lat' dir='ltr'><strong>Christum:</strong></span> 
     </span>
    </p>
   </div>
   <div class='ocr_carea' id='block_1_21' title="bbox 665 1640 2241 1715">
    <p class='ocr_par' dir='ltr' id='par_1_21' title="bbox 665 1640 2241 1715">
     <span class='ocr_line' id='line_1_21' title="bbox 665 1640 2241 1715; baseline 0.009 -24"><span class='ocrx_word' id='word_1_128' title='bbox 665 1640 960 1695; x_wconf 83' lang='lat' dir='ltr'><strong>videbatur</strong></span> <span class='ocrx_word' id='word_1_129' title='bbox 986 1652 1167 1697; x_wconf 87' lang='lat' dir='ltr'><strong>autem</strong></span> <span class='ocrx_word' id='word_1_130' title='bbox 1197 1644 1369 1697; x_wconf 90' lang='lat' dir='ltr'><strong>veluti</strong></span> <span class='ocrx_word' id='word_1_131' title='bbox 1400 1644 1638 1699; x_wconf 81' lang='lat' dir='ltr'><strong>circulus</strong></span> <span class='ocrx_word' id='word_1_132' title='bbox 1662 1647 1883 1715; x_wconf 83' lang='lat' dir='ltr'><strong>quidam</strong></span> <span class='ocrx_word' id='word_1_133' title='bbox 1909 1664 1974 1702; x_wconf 76' lang='lat' dir='ltr'><strong>ex</strong></span> <span class='ocrx_word' id='word_1_134' title='bbox 2014 1650 2241 1715; x_wconf 87' lang='lat' dir='ltr'><strong>electro,</strong></span> 
     </span>
    </p>
   </div>
   <div class='ocr_carea' id='block_1_22' title="bbox 666 1732 2238 1806">
    <p class='ocr_par' dir='ltr' id='par_1_22' title="bbox 666 1732 2238 1806">
     <span class='ocr_line' id='line_1_22' title="bbox 666 1732 2238 1806; baseline 0.005 -21"><span class='ocrx_word' id='word_1_135' title='bbox 666 1732 840 1786; x_wconf 87' lang='lat' dir='ltr'><strong>multo</strong></span> <span class='ocrx_word' id='word_1_136' title='bbox 889 1733 1095 1787; x_wconf 90' lang='lat' dir='ltr'><strong>lumine</strong></span> <span class='ocrx_word' id='word_1_137' title='bbox 1132 1741 1187 1787; x_wconf 93' lang='lat' dir='ltr'><strong>et</strong></span> <span class='ocrx_word' id='word_1_138' title='bbox 1226 1734 1443 1788; x_wconf 82' lang='lat' dir='ltr'><strong>ﬂamma</strong></span> <span class='ocrx_word' id='word_1_139' title='bbox 1498 1736 1966 1806; x_wconf 82' lang='lat' dir='ltr'><strong>rutilante,ipsum</strong></span> <span class='ocrx_word' id='word_1_140' title='bbox 1995 1739 2238 1804; x_wconf 85' lang='lat' dir='ltr'><strong>ambire;</strong></span> 
     </span>
    </p>
   </div>
   <div class='ocr_carea' id='block_1_23' title="bbox 666 1820 2236 1893">
    <p class='ocr_par' dir='ltr' id='par_1_23' title="bbox 666 1820 2236 1893">
     <span class='ocr_line' id='line_1_23' title="bbox 666 1820 2236 1893; baseline 0.003 -20"><span class='ocrx_word' id='word_1_141' title='bbox 666 1820 997 1877; x_wconf 75' lang='lat' dir='ltr'><strong>videbantur</strong></span> <span class='ocrx_word' id='word_1_142' title='bbox 1034 1831 1089 1877; x_wconf 87' lang='lat' dir='ltr'><strong>et</strong></span> <span class='ocrx_word' id='word_1_143' title='bbox 1130 1823 1442 1893; x_wconf 78' lang='lat' dir='ltr'><strong>archangeli</strong></span> <span class='ocrx_word' id='word_1_144' title='bbox 1498 1823 1726 1877; x_wconf 83' lang='lat' dir='ltr'><strong>Michael</strong></span> <span class='ocrx_word' id='word_1_145' title='bbox 1778 1833 1941 1893; x_wconf 88' lang='lat' dir='ltr'><strong>atque</strong></span> <span class='ocrx_word' id='word_1_146' title='bbox 1992 1824 2236 1890; x_wconf 74' lang='lat' dir='ltr'><strong>Gabriel,</strong></span> 
     </span>
    </p>
   </div>
   <div class='ocr_carea' id='block_1_24' title="bbox 2429 1199 3925 1271">
    <p class='ocr_par' dir='ltr' id='par_1_24' title="bbox 2429 1199 3925 1271">
     <span class='ocr_line' id='line_1_24' title="bbox 2429 1199 3925 1271; baseline 0.002 -19"><span class='ocrx_word' id='word_1_147' title='bbox 2429 1201 2535 1270; x_wconf 84' lang='grc' dir='ltr'>μθ’.</span> <span class='ocrx_word' id='word_1_148' title='bbox 2584 1200 2671 1252; x_wconf 82' lang='grc' dir='ltr'>Ἐν</span> <span class='ocrx_word' id='word_1_149' title='bbox 2688 1199 2929 1268; x_wconf 81' lang='grc' dir='ltr'>τοσούτῳ</span> <span class='ocrx_word' id='word_1_150' title='bbox 2964 1200 3019 1252; x_wconf 75' lang='grc' dir='ltr'>δὲ</span> <span class='ocrx_word' id='word_1_151' title='bbox 3051 1202 3151 1270; x_wconf 74' lang='grc' dir='ltr'><strong>ὁρᾷ</strong></span> <span class='ocrx_word' id='word_1_152' title='bbox 3181 1200 3338 1269; x_wconf 82' lang='grc' dir='ltr'>(άλλά</span> <span class='ocrx_word' id='word_1_153' title='bbox 3362 1200 3478 1262; x_wconf 86' lang='grc' dir='ltr'><strong>πῶς</strong></span> <span class='ocrx_word' id='word_1_154' title='bbox 3510 1201 3575 1254; x_wconf 85' lang='grc' dir='ltr'>ἂν</span> <span class='ocrx_word' id='word_1_155' title='bbox 3604 1202 3673 1254; x_wconf 73' lang='grc' dir='ltr'>τὰ</span> <span class='ocrx_word' id='word_1_156' title='bbox 3697 1203 3925 1271; x_wconf 85' lang='grc' dir='ltr'>κρείττω</span> 
     </span>
    </p>
   </div>
   <div class='ocr_carea' id='block_1_25' title="bbox 2352 1289 3923 1361">
    <p class='ocr_par' dir='ltr' id='par_1_25' title="bbox 2352 1289 3923 1361">
     <span class='ocr_line' id='line_1_25' title="bbox 2352 1289 3923 1361; baseline 0.003 -20"><span class='ocrx_word' id='word_1_157' title='bbox 2352 1289 2510 1356; x_wconf 77' lang='grc' dir='ltr'>λόγου</span> <span class='ocrx_word' id='word_1_158' title='bbox 2550 1290 2705 1355; x_wconf 79' lang='grc' dir='ltr'>λόγος</span> <span class='ocrx_word' id='word_1_159' title='bbox 2729 1292 3009 1359; x_wconf 77' lang='grc' dir='ltr'>γνωρίσειε</span> <span class='ocrx_word' id='word_1_160' title='bbox 3040 1306 3055 1351; x_wconf 78' lang='grc' dir='ltr'><strong>ς</strong></span> <span class='ocrx_word' id='word_1_161' title='bbox 3088 1290 3258 1360; x_wconf 78' lang='grc' dir='ltr'>φρίκη</span> <span class='ocrx_word' id='word_1_162' title='bbox 3288 1292 3394 1359; x_wconf 89' lang='grc' dir='ltr'><strong>γάρ</strong></span> <span class='ocrx_word' id='word_1_163' title='bbox 3442 1308 3507 1361; x_wconf 82' lang='grc' dir='ltr'><strong>με</strong></span> <span class='ocrx_word' id='word_1_164' title='bbox 3541 1294 3633 1344; x_wconf 70' lang='grc' dir='ltr'>καὶ</span> <span class='ocrx_word' id='word_1_165' title='bbox 3662 1294 3797 1361; x_wconf 80' lang='grc' dir='ltr'>πρὸς</span> <span class='ocrx_word' id='word_1_166' title='bbox 3831 1293 3923 1360; x_wconf 80' lang='grc' dir='ltr'><strong>τὴν</strong></span> 
     </span>
    </p>
   </div>
   <div class='ocr_carea' id='block_1_26' title="bbox 2353 1376 3924 1448">
    <p class='ocr_par' dir='ltr' id='par_1_26' title="bbox 2353 1376 3924 1448">
     <span class='ocr_line' id='line_1_26' title="bbox 2353 1376 3924 1448; baseline 0.003 -21"><span class='ocrx_word' id='word_1_167' title='bbox 2353 1379 2573 1445; x_wconf 78' lang='grc' dir='ltr'><strong>μνήμην</strong></span> <span class='ocrx_word' id='word_1_168' title='bbox 2598 1376 2947 1445; x_wconf 72' lang='grc' dir='ltr'>εἰσέρχεται),</span> <span class='ocrx_word' id='word_1_169' title='bbox 2967 1378 3067 1447; x_wconf 79' lang='grc' dir='ltr'>ὁρᾷ</span> <span class='ocrx_word' id='word_1_170' title='bbox 3092 1376 3290 1439; x_wconf 85' lang='grc' dir='ltr'>τοίνυν,</span> <span class='ocrx_word' id='word_1_171' title='bbox 3312 1379 3404 1429; x_wconf 72' lang='grc' dir='ltr'>καὶ</span> <span class='ocrx_word' id='word_1_172' title='bbox 3438 1378 3543 1430; x_wconf 72' lang='grc' dir='ltr'>ίδοῦ</span> <span class='ocrx_word' id='word_1_173' title='bbox 3567 1379 3809 1448; x_wconf 77' lang='grc' dir='ltr'><strong>ἀνέῳκτο</strong></span> <span class='ocrx_word' id='word_1_174' title='bbox 3832 1383 3924 1448; x_wconf 69' lang='grc' dir='ltr'>μὲν</span> 
     </span>
    </p>
   </div>
   <div class='ocr_carea' id='block_1_27' title="bbox 2349 1465 3926 1537">
    <p class='ocr_par' dir='ltr' id='par_1_27' title="bbox 2349 1465 3926 1537">
     <span class='ocr_line' id='line_1_27' title="bbox 2349 1465 3926 1537; baseline 0.001 -20"><span class='ocrx_word' id='word_1_175' title='bbox 2349 1465 2408 1529; x_wconf 81' lang='grc' dir='ltr'><strong>ἐξ</strong></span> <span class='ocrx_word' id='word_1_176' title='bbox 2434 1466 2709 1517; x_wconf 70' lang='grc' dir='ltr'>ἀνατολῶν</span> <span class='ocrx_word' id='word_1_177' title='bbox 2745 1469 2772 1519; x_wconf 83' lang='grc' dir='ltr'>ὁ</span> <span class='ocrx_word' id='word_1_178' title='bbox 2802 1466 3049 1535; x_wconf 80' lang='grc' dir='ltr'>οὐρανὸς,</span> <span class='ocrx_word' id='word_1_179' title='bbox 3088 1466 3183 1517; x_wconf 75' lang='grc' dir='ltr'>καὶ</span> <span class='ocrx_word' id='word_1_180' title='bbox 3218 1468 3246 1517; x_wconf 83' lang='grc' dir='ltr'><strong>ὁ</strong></span> <span class='ocrx_word' id='word_1_181' title='bbox 3277 1467 3477 1537; x_wconf 83' lang='grc' dir='ltr'>Κύριος</span> <span class='ocrx_word' id='word_1_182' title='bbox 3515 1467 3672 1535; x_wconf 82' lang='grc' dir='ltr'>ἡμῶν</span> <span class='ocrx_word' id='word_1_183' title='bbox 3711 1469 3799 1520; x_wconf 76' lang='grc' dir='ltr'><strong>ἐπ’</strong></span> <span class='ocrx_word' id='word_1_184' title='bbox 3830 1470 3926 1521; x_wconf 78' lang='grc' dir='ltr'><strong>αὐ-</strong></span> 
     </span>
    </p>
   </div>
   <div class='ocr_carea' id='block_1_28' title="bbox 2348 1552 3926 1625">
    <p class='ocr_par' dir='ltr' id='par_1_28' title="bbox 2348 1552 3926 1625">
     <span class='ocr_line' id='line_1_28' title="bbox 2348 1552 3926 1625; baseline -0.001 -18"><span class='ocrx_word' id='word_1_185' title='bbox 2348 1552 2440 1607; x_wconf 85' lang='grc' dir='ltr'>τοῦ</span> <span class='ocrx_word' id='word_1_186' title='bbox 2472 1554 2703 1622; x_wconf 73' lang='grc' dir='ltr'>Χριστὸς</span> <span class='ocrx_word' id='word_1_187' title='bbox 2757 1556 2785 1606; x_wconf 85' lang='grc' dir='ltr'>ὁ</span> <span class='ocrx_word' id='word_1_188' title='bbox 2825 1554 2987 1616; x_wconf 69' lang='grc' dir='ltr'>Θεός·</span> <span class='ocrx_word' id='word_1_189' title='bbox 3024 1556 3214 1623; x_wconf 82' lang='grc' dir='ltr'>ὅρασις</span> <span class='ocrx_word' id='word_1_190' title='bbox 3253 1554 3309 1607; x_wconf 73' lang='grc' dir='ltr'>δὲ</span> <span class='ocrx_word' id='word_1_191' title='bbox 3347 1554 3421 1617; x_wconf 83' lang='grc' dir='ltr'>ὡς</span> <span class='ocrx_word' id='word_1_192' title='bbox 3447 1554 3714 1623; x_wconf 66' lang='grc' dir='ltr'>ἠλέκτρου</span> <span class='ocrx_word' id='word_1_193' title='bbox 3749 1555 3926 1625; x_wconf 69' lang='grc' dir='ltr'>κύκλῳ</span> 
     </span>
    </p>
   </div>
   <div class='ocr_carea' id='block_1_29' title="bbox 2355 1644 3926 1715">
    <p class='ocr_par' dir='ltr' id='par_1_29' title="bbox 2355 1644 3926 1715">
     <span class='ocr_line' id='line_1_29' title="bbox 2355 1644 3926 1715; baseline -0.001 -19"><span class='ocrx_word' id='word_1_194' title='bbox 2355 1646 2485 1713; x_wconf 76' lang='grc' dir='ltr'>περὶ</span> <span class='ocrx_word' id='word_1_195' title='bbox 2528 1644 2691 1696; x_wconf 74' lang='grc' dir='ltr'>αὐτὸν</span> <span class='ocrx_word' id='word_1_196' title='bbox 2730 1644 2788 1695; x_wconf 79' lang='grc' dir='ltr'>ὲν</span> <span class='ocrx_word' id='word_1_197' title='bbox 2830 1646 2967 1712; x_wconf 74' lang='grc' dir='ltr'>φωτὶ</span> <span class='ocrx_word' id='word_1_198' title='bbox 2998 1645 3093 1697; x_wconf 74' lang='grc' dir='ltr'>καὶ</span> <span class='ocrx_word' id='word_1_199' title='bbox 3116 1645 3250 1715; x_wconf 79' lang='grc' dir='ltr'>πυρὶ</span> <span class='ocrx_word' id='word_1_200' title='bbox 3284 1644 3678 1713; x_wconf 64' lang='grc' dir='ltr'>στρεφομένου,</span> <span class='ocrx_word' id='word_1_201' title='bbox 3712 1645 3926 1713; x_wconf 73' lang='grc' dir='ltr'>Μιχαήλ</span> 
     </span>
    </p>
   </div>
   <div class='ocr_carea' id='block_1_30' title="bbox 2346 1734 3928 1804">
    <p class='ocr_par' dir='ltr' id='par_1_30' title="bbox 2346 1734 3928 1804">
     <span class='ocr_line' id='line_1_30' title="bbox 2346 1734 3928 1804; baseline 0.001 -19"><span class='ocrx_word' id='word_1_202' title='bbox 2346 1749 2406 1785; x_wconf 86' lang='grc' dir='ltr'><strong>τε</strong></span> <span class='ocrx_word' id='word_1_203' title='bbox 2460 1738 2555 1785; x_wconf 74' lang='grc' dir='ltr'>καὶ</span> <span class='ocrx_word' id='word_1_204' title='bbox 2603 1734 2842 1803; x_wconf 76' lang='grc' dir='ltr'>Γαϐριὴλ</span> <span class='ocrx_word' id='word_1_205' title='bbox 2889 1736 2938 1787; x_wconf 82' lang='lat' dir='ltr'><strong>oi</strong></span> <span class='ocrx_word' id='word_1_206' title='bbox 2993 1735 3101 1787; x_wconf 88' lang='grc' dir='ltr'>τῶν</span> <span class='ocrx_word' id='word_1_207' title='bbox 3163 1735 3331 1803; x_wconf 82' lang='grc' dir='ltr'><strong>ἁγίων</strong></span> <span class='ocrx_word' id='word_1_208' title='bbox 3366 1734 3615 1801; x_wconf 80' lang='grc' dir='ltr'>ἀγγέλων</span> <span class='ocrx_word' id='word_1_209' title='bbox 3648 1734 3873 1804; x_wconf 79' lang='grc' dir='ltr'>πρῶτοι,</span> <span class='ocrx_word' id='word_1_210' title='bbox 3902 1738 3928 1786; x_wconf 68' lang='grc' dir='ltr'>ο</span> 
     </span>
    </p>
   </div>
   <div class='ocr_carea' id='block_1_31' title="bbox 2348 1823 3923 1897">
    <p class='ocr_par' dir='ltr' id='par_1_31' title="bbox 2348 1823 3923 1897">
     <span class='ocr_line' id='line_1_31' title="bbox 2348 1823 3923 1897; baseline 0.003 -22"><span class='ocrx_word' id='word_1_211' title='bbox 2348 1824 2444 1892; x_wconf 73' lang='grc' dir='ltr'><strong>μὲν</strong></span> <span class='ocrx_word' id='word_1_212' title='bbox 2475 1827 2536 1876; x_wconf 84' lang='grc' dir='ltr'><strong>ἐκ</strong></span> <span class='ocrx_word' id='word_1_213' title='bbox 2558 1823 2745 1887; x_wconf 79' lang='grc' dir='ltr'>δεξιῶν</span> <span class='ocrx_word' id='word_1_214' title='bbox 2775 1826 2984 1895; x_wconf 79' lang='grc' dir='ltr'>πράως,</span> <span class='ocrx_word' id='word_1_215' title='bbox 3010 1828 3038 1878; x_wconf 82' lang='grc' dir='ltr'>ὁ</span> <span class='ocrx_word' id='word_1_216' title='bbox 3061 1826 3105 1878; x_wconf 81' lang='grc' dir='ltr'>δ’</span> <span class='ocrx_word' id='word_1_217' title='bbox 3136 1826 3197 1890; x_wconf 76' lang='grc' dir='ltr'>ἐξ</span> <span class='ocrx_word' id='word_1_218' title='bbox 3232 1826 3535 1897; x_wconf 71' lang='grc' dir='ltr'><strong>ἀριστερῶν</strong></span> <span class='ocrx_word' id='word_1_219' title='bbox 3562 1827 3923 1897; x_wconf 78' lang='grc' dir='ltr'>παρεστῶτες,</span> 
     </span>
    </p>
   </div>
   <div class='ocr_carea' id='block_1_32' title="bbox 668 1912 2257 1985">
    <p class='ocr_par' dir='ltr' id='par_1_32' title="bbox 668 1912 2247 1980">
     <span class='ocr_line' id='line_1_32' title="bbox 668 1912 2247 1980; baseline 0.001 -15"><span class='ocrx_word' id='word_1_220' title='bbox 668 1912 879 1980; x_wconf 81' lang='lat' dir='ltr'><strong>placide</strong></span> <span class='ocrx_word' id='word_1_221' title='bbox 920 1927 950 1965; x_wconf 91' lang='lat' dir='ltr'><strong>a</strong></span> <span class='ocrx_word' id='word_1_222' title='bbox 988 1912 1438 1976; x_wconf 74' lang='lat' dir='ltr'><strong>dexterisalter,</strong></span> <span class='ocrx_word' id='word_1_223' title='bbox 1487 1913 1625 1966; x_wconf 86' lang='lat' dir='ltr'><strong>alter</strong></span> <span class='ocrx_word' id='word_1_224' title='bbox 1668 1929 1698 1965; x_wconf 89' lang='lat' dir='ltr'><strong>a</strong></span> <span class='ocrx_word' id='word_1_225' title='bbox 1756 1912 1998 1968; x_wconf 86' lang='lat' dir='ltr'><strong>sinistris</strong></span> <span class='ocrx_word' id='word_1_226' title='bbox 2043 1916 2247 1968; x_wconf 87' lang='lat' dir='ltr'><strong>consti-</strong></span> 
     </span>
    </p>
   </div>
   <div class='ocr_carea' id='block_1_33' title="bbox 2360 1912 3926 1985">
    <p class='ocr_par' dir='ltr' id='par_1_33' title="bbox 2360 1914 3926 1985">
     <span class='ocr_line' id='line_1_33' title="bbox 2360 1914 3926 1985; baseline 0.003 -20"><span class='ocrx_word' id='word_1_227' title='bbox 2360 1914 2408 1966; x_wconf 81' lang='grc' dir='ltr'><strong>τό</strong></span> <span class='ocrx_word' id='word_1_228' title='bbox 2434 1930 2492 1965; x_wconf 84' lang='grc' dir='ltr'><strong>τε</strong></span> <span class='ocrx_word' id='word_1_229' title='bbox 2518 1914 2624 1967; x_wconf 88' lang='grc' dir='ltr'>τῶν</span> <span class='ocrx_word' id='word_1_230' title='bbox 2653 1916 2890 1983; x_wconf 71' lang='grc' dir='ltr'>νεφελῶν</span> <span class='ocrx_word' id='word_1_231' title='bbox 2920 1915 3120 1985; x_wconf 79' lang='grc' dir='ltr'>πλῆθος</span> <span class='ocrx_word' id='word_1_232' title='bbox 3150 1917 3441 1969; x_wconf 82' lang='grc' dir='ltr'>ὑποπόδιον</span> <span class='ocrx_word' id='word_1_233' title='bbox 3478 1917 3641 1969; x_wconf 74' lang='grc' dir='ltr'>αὑτοῦ</span> <span class='ocrx_word' id='word_1_234' title='bbox 3678 1915 3926 1985; x_wconf 75' lang='grc' dir='ltr'>καθάπερ</span> 
     </span>
    </p>
   </div>
   <div class='ocr_carea' id='block_1_34' title="bbox 672 2003 2249 2074">
    <p class='ocr_par' dir='ltr' id='par_1_34' title="bbox 672 2003 2249 2074">
     <span class='ocr_line' id='line_1_34' title="bbox 672 2003 2249 2074; baseline 0.004 -19"><span class='ocrx_word' id='word_1_235' title='bbox 672 2003 813 2069; x_wconf 90' lang='lat' dir='ltr'><strong>tuti;</strong></span> <span class='ocrx_word' id='word_1_236' title='bbox 861 2003 1193 2059; x_wconf 78' lang='lat' dir='ltr'><strong>videbantur</strong></span> <span class='ocrx_word' id='word_1_237' title='bbox 1250 2004 1487 2073; x_wconf 85' lang='lat' dir='ltr'><strong>denique</strong></span> <span class='ocrx_word' id='word_1_238' title='bbox 1553 2004 1729 2057; x_wconf 91' lang='lat' dir='ltr'><strong>nubes</strong></span> <span class='ocrx_word' id='word_1_239' title='bbox 1786 2004 2070 2071; x_wconf 74' lang='lat' dir='ltr'><strong>plurimze,</strong></span> <span class='ocrx_word' id='word_1_240' title='bbox 2129 2021 2249 2074; x_wconf 74' lang='lat' dir='ltr'><strong>qua:</strong></span> 
     </span>
    </p>
   </div>
   <div class='ocr_carea' id='block_1_35' title="bbox 670 2094 2251 2165">
    <p class='ocr_par' dir='ltr' id='par_1_35' title="bbox 670 2094 2251 2165">
     <span class='ocr_line' id='line_1_35' title="bbox 670 2094 2251 2165; baseline 0.001 -18"><span class='ocrx_word' id='word_1_241' title='bbox 670 2104 829 2148; x_wconf 84' lang='lat' dir='ltr'><strong>erant</strong></span> <span class='ocrx_word' id='word_1_242' title='bbox 851 2096 1263 2164; x_wconf 86' lang='lat' dir='ltr'><strong>suppedaneum</strong></span> <span class='ocrx_word' id='word_1_243' title='bbox 1290 2094 1435 2147; x_wconf 78' lang='lat' dir='ltr'><strong>illius</strong></span> <span class='ocrx_word' id='word_1_244' title='bbox 1461 2095 1908 2164; x_wconf 83' lang='lat' dir='ltr'><strong>apparebantque</strong></span> <span class='ocrx_word' id='word_1_245' title='bbox 1931 2097 2100 2149; x_wconf 84' lang='lat' dir='ltr'><strong>veluti</strong></span> <span class='ocrx_word' id='word_1_246' title='bbox 2130 2096 2251 2165; x_wconf 88' lang='lat' dir='ltr'><strong>pul-</strong></span> 
     </span>
    </p>
   </div>
   <div class='ocr_carea' id='block_1_36' title="bbox 674 2184 2252 2255">
    <p class='ocr_par' dir='ltr' id='par_1_36' title="bbox 674 2184 2252 2255">
     <span class='ocr_line' id='line_1_36' title="bbox 674 2184 2252 2255; baseline 0.002 -18"><span class='ocrx_word' id='word_1_247' title='bbox 674 2186 757 2239; x_wconf 84' lang='lat' dir='ltr'><strong>vis</strong></span> <span class='ocrx_word' id='word_1_248' title='bbox 804 2185 1007 2255; x_wconf 87' lang='lat' dir='ltr'><strong>pedum</strong></span> <span class='ocrx_word' id='word_1_249' title='bbox 1059 2186 1199 2255; x_wconf 81' lang='lat' dir='ltr'><strong>ejus.</strong></span> <span class='ocrx_word' id='word_1_250' title='bbox 1249 2184 1548 2239; x_wconf 81' lang='lat' dir='ltr'><strong>Confestim</strong></span> <span class='ocrx_word' id='word_1_251' title='bbox 1602 2185 1769 2253; x_wconf 85' lang='lat' dir='ltr'><strong>igitur</strong></span> <span class='ocrx_word' id='word_1_252' title='bbox 1826 2186 2082 2255; x_wconf 78' lang='lat' dir='ltr'><strong>Symeon,</strong></span> <span class='ocrx_word' id='word_1_253' title='bbox 2135 2202 2252 2241; x_wconf 86' lang='lat' dir='ltr'><strong>ma-</strong></span> 
     </span>
    </p>
   </div>
   <div class='ocr_carea' id='block_1_37' title="bbox 673 2266 2249 2344">
    <p class='ocr_par' dir='ltr' id='par_1_37' title="bbox 673 2266 2249 2344">
     <span class='ocr_line' id='line_1_37' title="bbox 673 2266 2249 2344; baseline 0.002 -17"><span class='ocrx_word' id='word_1_254' title='bbox 673 2274 838 2328; x_wconf 89' lang='lat' dir='ltr'><strong>nibus</strong></span> <span class='ocrx_word' id='word_1_255' title='bbox 888 2275 1201 2344; x_wconf 77' lang='lat' dir='ltr'><strong>mentisque</strong></span> <span class='ocrx_word' id='word_1_256' title='bbox 1248 2275 1428 2335; x_wconf 90' lang='lat' dir='ltr'><strong>oculis</strong></span> <span class='ocrx_word' id='word_1_257' title='bbox 1478 2275 1726 2337; x_wconf 85' lang='lat' dir='ltr'><strong>elevatis,</strong></span> <span class='ocrx_word' id='word_1_258' title='bbox 1761 2274 2025 2329; x_wconf 83' lang='lat' dir='ltr'><strong>adorabat</strong></span> <span class='ocrx_word' id='word_1_259' title='bbox 2073 2266 2249 2342; x_wconf 75' lang='lat' dir='ltr'><strong>illum,</strong></span> 
     </span>
    </p>
   </div>
   <div class='ocr_carea' id='block_1_38' title="bbox 670 2365 2252 2436">
    <p class='ocr_par' dir='ltr' id='par_1_38' title="bbox 670 2365 2252 2436">
     <span class='ocr_line' id='line_1_38' title="bbox 670 2365 2252 2436; baseline 0.001 -16"><span class='ocrx_word' id='word_1_260' title='bbox 670 2366 767 2435; x_wconf 92' lang='lat' dir='ltr'><strong>qui</strong></span> <span class='ocrx_word' id='word_1_261' title='bbox 819 2365 924 2420; x_wconf 90' lang='lat' dir='ltr'><strong>sibi</strong></span> <span class='ocrx_word' id='word_1_262' title='bbox 960 2366 1281 2436; x_wconf 86' lang='lat' dir='ltr'><strong>apparebat,</strong></span> <span class='ocrx_word' id='word_1_263' title='bbox 1321 2373 1380 2418; x_wconf 89' lang='lat' dir='ltr'><strong>ut</strong></span> <span class='ocrx_word' id='word_1_264' title='bbox 1426 2365 1578 2434; x_wconf 78' lang='lat' dir='ltr'><strong>juxta</strong></span> <span class='ocrx_word' id='word_1_265' title='bbox 1622 2365 2026 2435; x_wconf 76' lang='lat' dir='ltr'><strong>benepiacitum</strong></span> <span class='ocrx_word' id='word_1_266' title='bbox 2081 2366 2252 2435; x_wconf 82' lang='lat' dir='ltr'><strong>ipsius</strong></span> 
     </span>
    </p>
   </div>
   <div class='ocr_carea' id='block_1_39' title="bbox 670 2457 2250 2528">
    <p class='ocr_par' dir='ltr' id='par_1_39' title="bbox 670 2457 2250 2528">
     <span class='ocr_line' id='line_1_39' title="bbox 670 2457 2250 2528; baseline 0 -15"><span class='ocrx_word' id='word_1_267' title='bbox 670 2460 885 2514; x_wconf 87' lang='lat' dir='ltr'><strong>fructus</strong></span> <span class='ocrx_word' id='word_1_268' title='bbox 923 2460 1087 2513; x_wconf 86' lang='lat' dir='ltr'><strong>utiles</strong></span> <span class='ocrx_word' id='word_1_269' title='bbox 1136 2459 1191 2512; x_wconf 93' lang='lat' dir='ltr'><strong>in</strong></span> <span class='ocrx_word' id='word_1_270' title='bbox 1240 2474 1298 2512; x_wconf 90' lang='lat' dir='ltr'><strong>se</strong></span> <span class='ocrx_word' id='word_1_271' title='bbox 1338 2459 1817 2528; x_wconf 83' lang='lat' dir='ltr'><strong>progignerentur.</strong></span> <span class='ocrx_word' id='word_1_272' title='bbox 1865 2457 2004 2524; x_wconf 84' lang='lat' dir='ltr'><strong>Quid</strong></span> <span class='ocrx_word' id='word_1_273' title='bbox 2035 2459 2101 2513; x_wconf 86' lang='lat' dir='ltr'><strong>ad</strong></span> <span class='ocrx_word' id='word_1_274' title='bbox 2134 2458 2250 2513; x_wconf 66' lang='lat' dir='ltr'><strong>haec</strong></span> 
     </span>
    </p>
   </div>
   <div class='ocr_carea' id='block_1_40' title="bbox 672 2546 2251 2620">
    <p class='ocr_par' dir='ltr' id='par_1_40' title="bbox 672 2546 2251 2620">
     <span class='ocr_line' id='line_1_40' title="bbox 672 2546 2251 2620; baseline -0.003 -17"><span class='ocrx_word' id='word_1_275' title='bbox 672 2551 786 2613; x_wconf 88' lang='lat' dir='ltr'><strong>ille,</strong></span> <span class='ocrx_word' id='word_1_276' title='bbox 812 2550 906 2619; x_wconf 88' lang='lat' dir='ltr'><strong>qui</strong></span> <span class='ocrx_word' id='word_1_277' title='bbox 930 2550 1300 2620; x_wconf 86' lang='lat' dir='ltr'><strong>gloriﬁcantes</strong></span> <span class='ocrx_word' id='word_1_278' title='bbox 1321 2564 1379 2601; x_wconf 86' lang='lat' dir='ltr'><strong>se</strong></span> <span class='ocrx_word' id='word_1_279' title='bbox 1400 2547 1709 2617; x_wconf 88' lang='lat' dir='ltr'><strong>gloriﬁcare</strong></span> <span class='ocrx_word' id='word_1_280' title='bbox 1741 2546 1937 2600; x_wconf 87' lang='lat' dir='ltr'><strong>solitus</strong></span> <span class='ocrx_word' id='word_1_281' title='bbox 1959 2556 2044 2600; x_wconf 92' lang='lat' dir='ltr'><strong>est</strong></span> <span class='ocrx_word' id='word_1_282' title='bbox 2072 2562 2251 2615; x_wconf 88' lang='lat' dir='ltr'><strong>quan-</strong></span> 
     </span>
    </p>
   </div>
   <div class='ocr_carea' id='block_1_41' title="bbox 677 2636 2258 2709">
    <p class='ocr_par' dir='ltr' id='par_1_41' title="bbox 677 2636 2258 2709">
     <span class='ocr_line' id='line_1_41' title="bbox 677 2636 2258 2709; baseline -0.001 -16"><span class='ocrx_word' id='word_1_283' title='bbox 677 2650 1016 2709; x_wconf 85' lang='lat' dir='ltr'><strong>tumcunque</strong></span> <span class='ocrx_word' id='word_1_284' title='bbox 1072 2639 1494 2708; x_wconf 87' lang='lat' dir='ltr'><strong>supereminens</strong></span> <span class='ocrx_word' id='word_1_285' title='bbox 1539 2637 1725 2691; x_wconf 84' lang='lat' dir='ltr'><strong>Deus?</strong></span> <span class='ocrx_word' id='word_1_286' title='bbox 1767 2636 1959 2706; x_wconf 76' lang='lat' dir='ltr'><strong>Digitis</strong></span> <span class='ocrx_word' id='word_1_287' title='bbox 2018 2637 2258 2691; x_wconf 88' lang='lat' dir='ltr'><strong>innuens</strong></span> 
     </span>
    </p>
   </div>
   <div class='ocr_carea' id='block_1_42' title="bbox 670 2726 2248 2801">
    <p class='ocr_par' dir='ltr' id='par_1_42' title="bbox 670 2726 2248 2801">
     <span class='ocr_line' id='line_1_42' title="bbox 670 2726 2248 2801; baseline -0.003 -16"><span class='ocrx_word' id='word_1_288' title='bbox 670 2742 757 2785; x_wconf 89' lang='lat' dir='ltr'><strong>ter</strong></span> <span class='ocrx_word' id='word_1_289' title='bbox 807 2731 1136 2801; x_wconf 71' lang='lat' dir='ltr'><strong>Symeonem</strong></span> <span class='ocrx_word' id='word_1_290' title='bbox 1200 2729 1436 2799; x_wconf 84' lang='lat' dir='ltr'><strong>signavit</strong></span> <span class='ocrx_word' id='word_1_291' title='bbox 1480 2745 1494 2781; x_wconf 93' lang='lat'><strong>:</strong></span> <span class='ocrx_word' id='word_1_292' title='bbox 1543 2739 1707 2795; x_wconf 89' lang='lat' dir='ltr'><strong>atque</strong></span> <span class='ocrx_word' id='word_1_293' title='bbox 1760 2742 1889 2781; x_wconf 91' lang='lat' dir='ltr'><strong>ecce</strong></span> <span class='ocrx_word' id='word_1_294' title='bbox 1952 2726 2248 2790; x_wconf 69' lang='lat' dir='ltr'><strong>dmmones,</strong></span> 
     </span>
    </p>
   </div>
   <div class='ocr_carea' id='block_1_43' title="bbox 672 2814 2255 2889">
    <p class='ocr_par' dir='ltr' id='par_1_43' title="bbox 672 2814 2255 2889">
     <span class='ocr_line' id='line_1_43' title="bbox 672 2814 2255 2889; baseline -0.002 -18"><span class='ocrx_word' id='word_1_295' title='bbox 672 2830 930 2889; x_wconf 72' lang='lat' dir='ltr'><strong>tanquam</strong></span> <span class='ocrx_word' id='word_1_296' title='bbox 967 2832 1257 2887; x_wconf 87' lang='lat' dir='ltr'><strong>caprarum</strong></span> <span class='ocrx_word' id='word_1_297' title='bbox 1292 2829 1700 2885; x_wconf 83' lang='lat' dir='ltr'><strong>porcorumque</strong></span> <span class='ocrx_word' id='word_1_298' title='bbox 1742 2829 1954 2883; x_wconf 87' lang='lat' dir='ltr'><strong>greges,</strong></span> <span class='ocrx_word' id='word_1_299' title='bbox 1988 2830 2154 2883; x_wconf 74' lang='lat' dir='ltr'><strong>super</strong></span> <span class='ocrx_word' id='word_1_300' title='bbox 2177 2814 2255 2868; x_wconf 83' lang='lat' dir='ltr'><strong>fa-</strong></span> 
     </span>
    </p>
   </div>
   <div class='ocr_carea' id='block_1_44' title="bbox 672 2904 2255 2978">
    <p class='ocr_par' dir='ltr' id='par_1_44' title="bbox 672 2904 2255 2978">
     <span class='ocr_line' id='line_1_44' title="bbox 672 2904 2255 2978; baseline -0.003 -12"><span class='ocrx_word' id='word_1_301' title='bbox 672 2911 815 2966; x_wconf 88' lang='lat' dir='ltr'><strong>ciem</strong></span> <span class='ocrx_word' id='word_1_302' title='bbox 861 2920 1022 2964; x_wconf 73' lang='lat' dir='ltr'><strong>ter-rae</strong></span> <span class='ocrx_word' id='word_1_303' title='bbox 1060 2910 1272 2976; x_wconf 82' lang='lat' dir='ltr'><strong>(contra</strong></span> <span class='ocrx_word' id='word_1_304' title='bbox 1336 2923 1475 2978; x_wconf 90' lang='lat' dir='ltr'><strong>quos</strong></span> <span class='ocrx_word' id='word_1_305' title='bbox 1532 2907 1658 2960; x_wconf 90' lang='lat' dir='ltr'><strong>data</strong></span> <span class='ocrx_word' id='word_1_306' title='bbox 1702 2904 1957 2976; x_wconf 82' lang='lat' dir='ltr'><strong>Symeoni</strong></span> <span class='ocrx_word' id='word_1_307' title='bbox 2012 2914 2255 2974; x_wconf 88' lang='lat' dir='ltr'><strong>potestas</strong></span> 
     </span>
    </p>
   </div>
   <div class='ocr_carea' id='block_1_45' title="bbox 672 2992 2252 3065">
    <p class='ocr_par' dir='ltr' id='par_1_45' title="bbox 672 2992 2252 3065">
     <span class='ocr_line' id='line_1_45' title="bbox 672 2992 2252 3065; baseline -0.006 -10"><span class='ocrx_word' id='word_1_308' title='bbox 672 3000 800 3061; x_wconf 86' lang='lat' dir='ltr'><strong>fuit,</strong></span> <span class='ocrx_word' id='word_1_309' title='bbox 830 3008 885 3054; x_wconf 92' lang='lat' dir='ltr'><strong>et</strong></span> <span class='ocrx_word' id='word_1_310' title='bbox 916 2999 970 3052; x_wconf 93' lang='lat' dir='ltr'><strong>in</strong></span> <span class='ocrx_word' id='word_1_311' title='bbox 999 2996 1469 3052; x_wconf 88' lang='lat' dir='ltr'><strong>conﬁrmationem</strong></span> <span class='ocrx_word' id='word_1_312' title='bbox 1502 2994 1789 3065; x_wconf 90' lang='lat' dir='ltr'><strong>potestatis</strong></span> <span class='ocrx_word' id='word_1_313' title='bbox 1823 2993 1971 3062; x_wconf 86' lang='lat' dir='ltr'><strong>virga</strong></span> <span class='ocrx_word' id='word_1_314' title='bbox 2001 2992 2055 3044; x_wconf 91' lang='lat' dir='ltr'><strong>in</strong></span> <span class='ocrx_word' id='word_1_315' title='bbox 2089 3006 2252 3046; x_wconf 90' lang='lat' dir='ltr'><strong>manu</strong></span> 
     </span>
    </p>
   </div>
   <div class='ocr_carea' id='block_1_46' title="bbox 2351 2008 3926 2077">
    <p class='ocr_par' dir='ltr' id='par_1_46' title="bbox 2351 2008 3926 2077">
     <span class='ocr_line' id='line_1_46' title="bbox 2351 2008 3926 2077; baseline 0.001 -20"><span class='ocrx_word' id='word_1_316' title='bbox 2351 2022 2431 2068; x_wconf 88' lang='grc' dir='ltr'><strong>τις</strong></span> <span class='ocrx_word' id='word_1_317' title='bbox 2468 2008 2740 2075; x_wconf 85' lang='grc' dir='ltr'>κονιορτὸς</span> <span class='ocrx_word' id='word_1_318' title='bbox 2769 2008 2945 2061; x_wconf 84' lang='grc' dir='ltr'>ποδῶν</span> <span class='ocrx_word' id='word_1_319' title='bbox 2984 2008 3171 2064; x_wconf 83' lang='grc' dir='ltr'>αὑτοῦ.</span> <span class='ocrx_word' id='word_1_320' title='bbox 3200 2008 3401 2077; x_wconf 81' lang='grc' dir='ltr'>Χεῖρας</span> <span class='ocrx_word' id='word_1_321' title='bbox 3434 2008 3719 2077; x_wconf 49' lang='grc' dir='ltr'><strong>τοιγαροῦν¹</strong></span> <span class='ocrx_word' id='word_1_322' title='bbox 3763 2014 3788 2061; x_wconf 68' lang='grc' dir='ltr'>ο</span> <span class='ocrx_word' id='word_1_323' title='bbox 3827 2010 3926 2060; x_wconf 69' lang='lat' dir='ltr'><strong>Eu-</strong></span> 
     </span>
    </p>
   </div>
   <div class='ocr_carea' id='block_1_47' title="bbox 2356 2096 3929 2167">
    <p class='ocr_par' dir='ltr' id='par_1_47' title="bbox 2356 2096 3929 2167">
     <span class='ocr_line' id='line_1_47' title="bbox 2356 2096 3929 2167; baseline 0.002 -19"><span class='ocrx_word' id='word_1_324' title='bbox 2356 2096 2501 2166; x_wconf 79' lang='grc' dir='ltr'>μεὼν</span> <span class='ocrx_word' id='word_1_325' title='bbox 2546 2097 2741 2149; x_wconf 76' lang='grc' dir='ltr'>αὐτίκα</span> <span class='ocrx_word' id='word_1_326' title='bbox 2791 2099 2883 2150; x_wconf 76' lang='grc' dir='ltr'><strong>καὶ</strong></span> <span class='ocrx_word' id='word_1_327' title='bbox 2925 2098 3149 2166; x_wconf 67' lang='grc' dir='ltr'>ὄμματα</span> <span class='ocrx_word' id='word_1_328' title='bbox 3191 2098 3419 2167; x_wconf 76' lang='grc' dir='ltr'><strong>καρδίας</strong></span> <span class='ocrx_word' id='word_1_329' title='bbox 3470 2099 3730 2161; x_wconf 84' lang='grc' dir='ltr'>πετάσας,</span> <span class='ocrx_word' id='word_1_330' title='bbox 3767 2098 3929 2151; x_wconf 71' lang='grc' dir='ltr'>ἐδεῖτο</span> 
     </span>
    </p>
   </div>
   <div class='ocr_carea' id='block_1_48' title="bbox 2352 2188 3926 2257">
    <p class='ocr_par' dir='ltr' id='par_1_48' title="bbox 2352 2188 3926 2257">
     <span class='ocr_line' id='line_1_48' title="bbox 2352 2188 3926 2257; baseline 0 -18"><span class='ocrx_word' id='word_1_331' title='bbox 2352 2188 2447 2239; x_wconf 88' lang='grc' dir='ltr'>τοῦ</span> <span class='ocrx_word' id='word_1_332' title='bbox 2478 2188 2753 2255; x_wconf 69' lang='grc' dir='ltr'>ὀφθέντος,</span> <span class='ocrx_word' id='word_1_333' title='bbox 2778 2188 2908 2241; x_wconf 81' lang='grc' dir='ltr'>ὥστ’</span> <span class='ocrx_word' id='word_1_334' title='bbox 2932 2188 3220 2256; x_wconf 82' lang='grc' dir='ltr'>εὑδοκῆσαι</span> <span class='ocrx_word' id='word_1_335' title='bbox 3245 2190 3489 2257; x_wconf 75' lang='grc' dir='ltr'>καρποὺς</span> <span class='ocrx_word' id='word_1_336' title='bbox 3514 2188 3753 2255; x_wconf 80' lang='grc' dir='ltr'>ἀγαθοὺς</span> <span class='ocrx_word' id='word_1_337' title='bbox 3783 2189 3926 2256; x_wconf 67' lang='grc' dir='ltr'>αὐτῷ</span> 
     </span>
    </p>
   </div>
   <div class='ocr_carea' id='block_1_49' title="bbox 2352 2274 3928 2348">
    <p class='ocr_par' dir='ltr' id='par_1_49' title="bbox 2352 2274 3928 2348">
     <span class='ocr_line' id='line_1_49' title="bbox 2352 2274 3928 2348; baseline 0.001 -19"><span class='ocrx_word' id='word_1_338' title='bbox 2352 2278 2417 2330; x_wconf 86' lang='grc' dir='ltr'>δι’</span> <span class='ocrx_word' id='word_1_339' title='bbox 2447 2278 2611 2330; x_wconf 70' lang='grc' dir='ltr'>αὑτοῦ</span> <span class='ocrx_word' id='word_1_340' title='bbox 2637 2279 3034 2348; x_wconf 70' lang='grc' dir='ltr'><strong>προσαχθῆναι.</strong></span> <span class='ocrx_word' id='word_1_341' title='bbox 3058 2278 3123 2331; x_wconf 84' lang='grc' dir='ltr'>Τί</span> <span class='ocrx_word' id='word_1_342' title='bbox 3147 2274 3241 2332; x_wconf 77' lang='grc' dir='ltr'><strong>οὖν</strong></span> <span class='ocrx_word' id='word_1_343' title='bbox 3279 2278 3513 2332; x_wconf 77' lang='grc' dir='ltr'>ἐνταῦθα</span> <span class='ocrx_word' id='word_1_344' title='bbox 3538 2297 3551 2343; x_wconf 89' lang='lat'><strong>;</strong></span> <span class='ocrx_word' id='word_1_345' title='bbox 3596 2280 3655 2333; x_wconf 87' lang='grc' dir='ltr'>Ὀ</span> <span class='ocrx_word' id='word_1_346' title='bbox 3683 2281 3810 2342; x_wconf 71' lang='grc' dir='ltr'>τοὺς</span> <span class='ocrx_word' id='word_1_347' title='bbox 3846 2279 3928 2331; x_wconf 83' lang='grc' dir='ltr'>δο·</span> 
     </span>
    </p>
   </div>
   <div class='ocr_carea' id='block_1_50' title="bbox 2354 2368 3928 2439">
    <p class='ocr_par' dir='ltr' id='par_1_50' title="bbox 2354 2368 3928 2439">
     <span class='ocr_line' id='line_1_50' title="bbox 2354 2368 3928 2439; baseline 0 -17"><span class='ocrx_word' id='word_1_348' title='bbox 2354 2368 2613 2433; x_wconf 74' lang='grc' dir='ltr'>ξάζοντας</span> <span class='ocrx_word' id='word_1_349' title='bbox 2637 2368 2797 2421; x_wconf 72' lang='grc' dir='ltr'>αὐτὸν</span> <span class='ocrx_word' id='word_1_350' title='bbox 2817 2368 3182 2434; x_wconf 72' lang='grc' dir='ltr'>άντιδοξάζειν</span> <span class='ocrx_word' id='word_1_351' title='bbox 3209 2368 3364 2431; x_wconf 82' lang='grc' dir='ltr'>εἰδὼς</span> <span class='ocrx_word' id='word_1_352' title='bbox 3392 2370 3487 2422; x_wconf 79' lang='grc' dir='ltr'><strong>καὶ</strong></span> <span class='ocrx_word' id='word_1_353' title='bbox 3514 2369 3695 2439; x_wconf 83' lang='grc' dir='ltr'>πολλῷ</span> <span class='ocrx_word' id='word_1_354' title='bbox 3719 2369 3799 2437; x_wconf 82' lang='grc' dir='ltr'>τῷ</span> <span class='ocrx_word' id='word_1_355' title='bbox 3833 2370 3928 2437; x_wconf 78' lang='grc' dir='ltr'><strong>μι-</strong></span> 
     </span>
    </p>
   </div>
   <div class='ocr_carea' id='block_1_51' title="bbox 2359 2459 3930 2531">
    <p class='ocr_par' dir='ltr' id='par_1_51' title="bbox 2359 2459 3930 2531">
     <span class='ocr_line' id='line_1_51' title="bbox 2359 2459 3930 2531; baseline 0.001 -20"><span class='ocrx_word' id='word_1_356' title='bbox 2359 2476 2435 2528; x_wconf 79' lang='grc' dir='ltr'>σῳ</span> <span class='ocrx_word' id='word_1_357' title='bbox 2462 2459 2614 2522; x_wconf 76' lang='grc' dir='ltr'>Θεὸς,</span> <span class='ocrx_word' id='word_1_358' title='bbox 2645 2459 2841 2523; x_wconf 80' lang='grc' dir='ltr'><strong>νεύσας</strong></span> <span class='ocrx_word' id='word_1_359' title='bbox 2866 2462 2977 2522; x_wconf 87' lang='grc' dir='ltr'>τοῖς</span> <span class='ocrx_word' id='word_1_360' title='bbox 3006 2460 3291 2521; x_wconf 81' lang='grc' dir='ltr'><strong>δακτύλοις</strong></span> <span class='ocrx_word' id='word_1_361' title='bbox 3321 2462 3621 2529; x_wconf 75' lang='grc' dir='ltr'>ἑσφράγισε</span> <span class='ocrx_word' id='word_1_362' title='bbox 3650 2461 3772 2531; x_wconf 85' lang='grc' dir='ltr'>τρίς</span> <span class='ocrx_word' id='word_1_363' title='bbox 3790 2475 3807 2493; x_wconf 88' lang='grc'><strong>·</strong></span> <span class='ocrx_word' id='word_1_364' title='bbox 3837 2461 3930 2515; x_wconf 80' lang='grc' dir='ltr'><strong>καὶ</strong></span> 
     </span>
    </p>
   </div>
   <div class='ocr_carea' id='block_1_52' title="bbox 2360 2547 3931 2622">
    <p class='ocr_par' dir='ltr' id='par_1_52' title="bbox 2360 2547 3931 2622">
     <span class='ocr_line' id='line_1_52' title="bbox 2360 2547 3931 2622; baseline 0.003 -22"><span class='ocrx_word' id='word_1_365' title='bbox 2360 2547 2469 2600; x_wconf 72' lang='grc' dir='ltr'>ἰδοὺ</span> <span class='ocrx_word' id='word_1_366' title='bbox 2516 2550 2563 2600; x_wconf 84' lang='lat' dir='ltr'><strong>oi</strong></span> <span class='ocrx_word' id='word_1_367' title='bbox 2598 2548 2869 2617; x_wconf 81' lang='grc' dir='ltr'>δαίμονες,</span> <span class='ocrx_word' id='word_1_368' title='bbox 2912 2549 3101 2619; x_wconf 82' lang='grc' dir='ltr'>ὥσπερ</span> <span class='ocrx_word' id='word_1_369' title='bbox 3154 2550 3325 2617; x_wconf 73' lang='grc' dir='ltr'>αἰγῶν</span> <span class='ocrx_word' id='word_1_370' title='bbox 3367 2552 3461 2604; x_wconf 74' lang='grc' dir='ltr'><strong>καὶ</strong></span> <span class='ocrx_word' id='word_1_371' title='bbox 3503 2551 3700 2622; x_wconf 80' lang='grc' dir='ltr'>χοίρων</span> <span class='ocrx_word' id='word_1_372' title='bbox 3738 2550 3931 2621; x_wconf 78' lang='grc' dir='ltr'><strong>βοσκήο</strong></span> 
     </span>
    </p>
   </div>
   <div class='ocr_carea' id='block_1_53' title="bbox 2360 2640 3932 2711">
    <p class='ocr_par' dir='ltr' id='par_1_53' title="bbox 2360 2640 3932 2711">
     <span class='ocr_line' id='line_1_53' title="bbox 2360 2640 3932 2711; baseline 0.001 -22"><span class='ocrx_word' id='word_1_373' title='bbox 2360 2656 2507 2709; x_wconf 84' lang='grc' dir='ltr'>ματα</span> <span class='ocrx_word' id='word_1_374' title='bbox 2536 2640 2629 2691; x_wconf 70' lang='grc' dir='ltr'>ἐπὶ</span> <span class='ocrx_word' id='word_1_375' title='bbox 2658 2642 2949 2711; x_wconf 79' lang='grc' dir='ltr'>πρόσωπον</span> <span class='ocrx_word' id='word_1_376' title='bbox 2979 2641 3076 2709; x_wconf 81' lang='grc' dir='ltr'>τῆς</span> <span class='ocrx_word' id='word_1_377' title='bbox 3107 2640 3211 2708; x_wconf 80' lang='grc' dir='ltr'>γῆς</span> <span class='ocrx_word' id='word_1_378' title='bbox 3248 2642 3485 2706; x_wconf 74' lang='grc' dir='ltr'><strong>(ἐξουσία</strong></span> <span class='ocrx_word' id='word_1_379' title='bbox 3516 2658 3571 2694; x_wconf 86' lang='grc' dir='ltr'><strong>τε</strong></span> <span class='ocrx_word' id='word_1_380' title='bbox 3615 2640 3736 2694; x_wconf 78' lang='grc' dir='ltr'>κατ’</span> <span class='ocrx_word' id='word_1_381' title='bbox 3757 2640 3932 2693; x_wconf 83' lang='grc' dir='ltr'>αὐτῶν</span> 
     </span>
    </p>
   </div>
   <div class='ocr_carea' id='block_1_54' title="bbox 2356 2730 3932 2804">
    <p class='ocr_par' dir='ltr' id='par_1_54' title="bbox 2356 2730 3932 2804">
     <span class='ocr_line' id='line_1_54' title="bbox 2356 2730 3932 2804; baseline 0.003 -22"><span class='ocrx_word' id='word_1_382' title='bbox 2356 2730 2431 2798; x_wconf 80' lang='grc' dir='ltr'>τῷ</span> <span class='ocrx_word' id='word_1_383' title='bbox 2462 2730 2687 2800; x_wconf 84' lang='grc' dir='ltr'>Συμεὼν</span> <span class='ocrx_word' id='word_1_384' title='bbox 2717 2732 2977 2804; x_wconf 84' lang='grc' dir='ltr'>δεδομένη</span> <span class='ocrx_word' id='word_1_385' title='bbox 3007 2733 3200 2804; x_wconf 70' lang='grc' dir='ltr'>ῥάϐδος</span> <span class='ocrx_word' id='word_1_386' title='bbox 3231 2750 3289 2786; x_wconf 87' lang='grc' dir='ltr'><strong>τε</strong></span> <span class='ocrx_word' id='word_1_387' title='bbox 3320 2734 3407 2787; x_wconf 72' lang='grc' dir='ltr'>διὰ</span> <span class='ocrx_word' id='word_1_388' title='bbox 3438 2734 3619 2804; x_wconf 75' lang='grc' dir='ltr'>χειρὸς</span> <span class='ocrx_word' id='word_1_389' title='bbox 3660 2734 3811 2802; x_wconf 77' lang='grc' dir='ltr'><strong>αὖτῷ</strong></span> <span class='ocrx_word' id='word_1_390' title='bbox 3848 2733 3932 2799; x_wconf 63' lang='lat' dir='ltr'><strong>ﬂe-</strong></span> 
     </span>
    </p>
   </div>
   <div class='ocr_carea' id='block_1_55' title="bbox 2356 2818 3931 2892">
    <p class='ocr_par' dir='ltr' id='par_1_55' title="bbox 2356 2818 3931 2892">
     <span class='ocr_line' id='line_1_55' title="bbox 2356 2818 3931 2892; baseline 0.003 -21"><span class='ocrx_word' id='word_1_391' title='bbox 2356 2818 2584 2873; x_wconf 77' lang='grc' dir='ltr'>σαιοῦσα</span> <span class='ocrx_word' id='word_1_392' title='bbox 2630 2821 2729 2892; x_wconf 83' lang='grc' dir='ltr'><strong>τὴν</strong></span> <span class='ocrx_word' id='word_1_393' title='bbox 2772 2822 3064 2887; x_wconf 74' lang='grc' dir='ltr'><strong>ἐξουσίαν),</strong></span> <span class='ocrx_word' id='word_1_394' title='bbox 3095 2825 3191 2877; x_wconf 73' lang='grc' dir='ltr'>καὶ</span> <span class='ocrx_word' id='word_1_395' title='bbox 3234 2824 3456 2892; x_wconf 61' lang='grc' dir='ltr'>φεύγειν</span> <span class='ocrx_word' id='word_1_396' title='bbox 3494 2826 3691 2879; x_wconf 78' lang='grc' dir='ltr'>ὲκεΞνοι</span> <span class='ocrx_word' id='word_1_397' title='bbox 3737 2824 3931 2885; x_wconf 80' lang='grc' dir='ltr'>πάντες</span> 
     </span>
    </p>
   </div>
   <div class='ocr_carea' id='block_1_56' title="bbox 2356 2908 3935 2982">
    <p class='ocr_par' dir='ltr' id='par_1_56' title="bbox 2356 2908 3935 2982">
     <span class='ocr_line' id='line_1_56' title="bbox 2356 2908 3935 2982; baseline 0.003 -22"><span class='ocrx_word' id='word_1_398' title='bbox 2356 2908 2603 2975; x_wconf 81' lang='grc' dir='ltr'>ἀγεννῶς</span> <span class='ocrx_word' id='word_1_399' title='bbox 2664 2910 3003 2982; x_wconf 80' lang='grc' dir='ltr'><strong>ὡρμημένοι,</strong></span> <span class='ocrx_word' id='word_1_400' title='bbox 3053 2913 3152 2965; x_wconf 89' lang='grc' dir='ltr'><strong>ὃσα</strong></span> <span class='ocrx_word' id='word_1_401' title='bbox 3203 2929 3263 2965; x_wconf 88' lang='grc' dir='ltr'>τε</span> <span class='ocrx_word' id='word_1_402' title='bbox 3306 2913 3509 2976; x_wconf 80' lang='grc' dir='ltr'>καπνὸς</span> <span class='ocrx_word' id='word_1_403' title='bbox 3560 2912 3592 2982; x_wconf 72' lang='grc' dir='ltr'>ἢ</span> <span class='ocrx_word' id='word_1_404' title='bbox 3648 2910 3779 2982; x_wconf 87' lang='grc' dir='ltr'>χοῦς</span> <span class='ocrx_word' id='word_1_405' title='bbox 3829 2910 3935 2964; x_wconf 63' lang='grc' dir='ltr'>άπὸ</span> 
     </span>
    </p>
   </div>
   <div class='ocr_carea' id='block_1_57' title="bbox 2360 3000 3248 3066">
    <p class='ocr_par' dir='ltr' id='par_1_57' title="bbox 2360 3000 3248 3066">
     <span class='ocr_line' id='line_1_57' title="bbox 2360 3000 3248 3066; baseline 0.006 -16"><span class='ocrx_word' id='word_1_406' title='bbox 2360 3000 2653 3066; x_wconf 82' lang='grc' dir='ltr'>προσώπου</span> <span class='ocrx_word' id='word_1_407' title='bbox 2687 3003 2853 3054; x_wconf 77' lang='grc' dir='ltr'>αὑτοῦ</span> <span class='ocrx_word' id='word_1_408' title='bbox 2884 3002 3248 3066; x_wconf 78' lang='grc' dir='ltr'>ἐκλείποντες.</span> 
     </span>
    </p>
   </div>
   <div class='ocr_carea' id='block_1_58' title="bbox 671 3082 3931 3163">
    <p class='ocr_par' dir='ltr' id='par_1_58' title="bbox 671 3082 3931 3163">
     <span class='ocr_line' id='line_1_58' title="bbox 671 3082 3931 3163; baseline 0.001 -19"><span class='ocrx_word' id='word_1_409' title='bbox 671 3091 836 3161; x_wconf 61' lang='lat' dir='ltr'><strong>eius),</strong></span> <span class='ocrx_word' id='word_1_410' title='bbox 859 3104 1053 3143; x_wconf 89' lang='lat' dir='ltr'><strong>omnes</strong></span> <span class='ocrx_word' id='word_1_411' title='bbox 1086 3087 1333 3142; x_wconf 86' lang='lat' dir='ltr'><strong>imbelles</strong></span> <span class='ocrx_word' id='word_1_412' title='bbox 1362 3086 1513 3151; x_wconf 86' lang='lat' dir='ltr'><strong>facti,</strong></span> <span class='ocrx_word' id='word_1_413' title='bbox 1547 3084 1695 3139; x_wconf 90' lang='lat' dir='ltr'><strong>illico</strong></span> <span class='ocrx_word' id='word_1_414' title='bbox 1733 3085 1788 3139; x_wconf 94' lang='lat' dir='ltr'><strong>in</strong></span> <span class='ocrx_word' id='word_1_415' title='bbox 1825 3082 2005 3154; x_wconf 81' lang='lat' dir='ltr'><strong>fugam</strong></span> <span class='ocrx_word' id='word_1_416' title='bbox 2065 3097 2123 3137; x_wconf 89' lang='lat' dir='ltr'><strong>se</strong></span> <span class='ocrx_word' id='word_1_417' title='bbox 2190 3086 2625 3157; x_wconf 68' lang='lat' dir='ltr'><strong>praecipitabant,</strong></span> <span class='ocrx_word' id='word_1_418' title='bbox 2661 3092 2831 3146; x_wconf 90' lang='lat' dir='ltr'><strong>veluti</strong></span> <span class='ocrx_word' id='word_1_419' title='bbox 2876 3091 3061 3147; x_wconf 87' lang='lat' dir='ltr'><strong>fumus</strong></span> <span class='ocrx_word' id='word_1_420' title='bbox 3129 3100 3225 3147; x_wconf 85' lang='lat' dir='ltr'><strong>aut</strong></span> <span class='ocrx_word' id='word_1_421' title='bbox 3285 3092 3468 3163; x_wconf 91' lang='lat' dir='ltr'><strong>pulvis</strong></span> <span class='ocrx_word' id='word_1_422' title='bbox 3501 3109 3533 3147; x_wconf 89' lang='lat' dir='ltr'><strong>a</strong></span> <span class='ocrx_word' id='word_1_423' title='bbox 3589 3092 3728 3148; x_wconf 82' lang='lat' dir='ltr'><strong>facie</strong></span> <span class='ocrx_word' id='word_1_424' title='bbox 3760 3093 3931 3148; x_wconf 79' lang='lat' dir='ltr'><strong>sancti</strong></span> 
     </span>
    </p>
   </div>
   <div class='ocr_carea' id='block_1_59' title="bbox 677 3181 1021 3237">
    <p class='ocr_par' dir='ltr' id='par_1_59' title="bbox 677 3181 1021 3237">
     <span class='ocr_line' id='line_1_59' title="bbox 677 3181 1021 3237; baseline -0.009 0"><span class='ocrx_word' id='word_1_425' title='bbox 677 3181 1021 3237; x_wconf 83' lang='lat' dir='ltr'><strong>deﬁcientes.</strong></span> 
     </span>
    </p>
   </div>
   <div class='ocr_carea' id='block_1_60' title="bbox 746 3268 2332 3341">
    <p class='ocr_par' dir='ltr' id='par_1_60' title="bbox 746 3268 2332 3341">
     <span class='ocr_line' id='line_1_60' title="bbox 746 3268 2332 3341; baseline -0.006 -11"><span class='ocrx_word' id='word_1_426' title='bbox 746 3274 835 3330; x_wconf 84' lang='lat'><strong>50.</strong></span> <span class='ocrx_word' id='word_1_427' title='bbox 868 3272 1151 3328; x_wconf 84' lang='lat' dir='ltr'><strong>Visionem</strong></span> <span class='ocrx_word' id='word_1_428' title='bbox 1190 3272 1332 3325; x_wconf 86' lang='lat' dir='ltr'><strong>hanc</strong></span> <span class='ocrx_word' id='word_1_429' title='bbox 1374 3286 1471 3326; x_wconf 87' lang='lat' dir='ltr'><strong>sua</strong></span> <span class='ocrx_word' id='word_1_430' title='bbox 1504 3285 1725 3341; x_wconf 84' lang='lat' dir='ltr'><strong>quoque</strong></span> <span class='ocrx_word' id='word_1_431' title='bbox 1761 3268 2021 3323; x_wconf 83' lang='lat' dir='ltr'><strong>miracula</strong></span> <span class='ocrx_word' id='word_1_432' title='bbox 2064 3282 2260 3323; x_wconf 88' lang='lat' dir='ltr'><strong>conse-</strong></span> <span class='ocrx_word' id='word_1_433' title='bbox 2288 3274 2332 3334; x_wconf 71' lang='grc' dir='ltr'>ε</span> 
     </span>
    </p>
   </div>
   <div class='ocr_carea' id='block_1_61' title="bbox 679 3357 2255 3431">
    <p class='ocr_par' dir='ltr' id='par_1_61' title="bbox 679 3357 2255 3431">
     <span class='ocr_line' id='line_1_61' title="bbox 679 3357 2255 3431; baseline -0.008 -9"><span class='ocrx_word' id='word_1_434' title='bbox 679 3376 807 3422; x_wconf 78' lang='lat' dir='ltr'><strong>cuta</strong></span> <span class='ocrx_word' id='word_1_435' title='bbox 846 3372 1013 3429; x_wconf 91' lang='lat' dir='ltr'><strong>sunt;</strong></span> <span class='ocrx_word' id='word_1_436' title='bbox 1046 3378 1169 3417; x_wconf 91' lang='lat' dir='ltr'><strong>nam</strong></span> <span class='ocrx_word' id='word_1_437' title='bbox 1203 3370 1475 3431; x_wconf 86' lang='lat' dir='ltr'><strong>quotquot</strong></span> <span class='ocrx_word' id='word_1_438' title='bbox 1512 3362 1671 3415; x_wconf 88' lang='lat' dir='ltr'><strong>malis</strong></span> <span class='ocrx_word' id='word_1_439' title='bbox 1717 3359 2002 3430; x_wconf 88' lang='lat' dir='ltr'><strong>spiritibus</strong></span> <span class='ocrx_word' id='word_1_440' title='bbox 2034 3367 2129 3413; x_wconf 89' lang='lat' dir='ltr'><strong>aut</strong></span> <span class='ocrx_word' id='word_1_441' title='bbox 2152 3357 2255 3411; x_wconf 90' lang='lat' dir='ltr'><strong>alia</strong></span> 
     </span>
    </p>
   </div>
   <div class='ocr_carea' id='block_1_62' title="bbox 676 3451 2254 3528">
    <p class='ocr_par' dir='ltr' id='par_1_62' title="bbox 676 3451 2254 3528">
     <span class='ocr_line' id='line_1_62' title="bbox 676 3451 2254 3528; baseline -0.006 -16"><span class='ocrx_word' id='word_1_442' title='bbox 676 3457 869 3528; x_wconf 82' lang='lat' dir='ltr'><strong>quavis</strong></span> <span class='ocrx_word' id='word_1_443' title='bbox 893 3455 1219 3527; x_wconf 63' lang='lat' dir='ltr'><strong>aegritudine</strong></span> <span class='ocrx_word' id='word_1_444' title='bbox 1243 3452 1421 3507; x_wconf 79' lang='lat' dir='ltr'><strong>vexati</strong></span> <span class='ocrx_word' id='word_1_445' title='bbox 1445 3451 1510 3505; x_wconf 88' lang='lat' dir='ltr'><strong>ad</strong></span> <span class='ocrx_word' id='word_1_446' title='bbox 1536 3451 1861 3521; x_wconf 74' lang='lat' dir='ltr'><strong>Symeonem</strong></span> <span class='ocrx_word' id='word_1_447' title='bbox 1882 3458 2254 3512; x_wconf 85' lang='lat' dir='ltr'><strong>accesserunt,</strong></span> 
     </span>
    </p>
   </div>
   <div class='ocr_carea' id='block_1_63' title="bbox 675 3540 2260 3615">
    <p class='ocr_par' dir='ltr' id='par_1_63' title="bbox 675 3540 2260 3615">
     <span class='ocr_line' id='line_1_63' title="bbox 675 3540 2260 3615; baseline -0.008 -9"><span class='ocrx_word' id='word_1_448' title='bbox 675 3548 895 3606; x_wconf 89' lang='lat' dir='ltr'><strong>liberati</strong></span> <span class='ocrx_word' id='word_1_449' title='bbox 927 3548 1160 3615; x_wconf 87' lang='lat' dir='ltr'><strong>quisque</strong></span> <span class='ocrx_word' id='word_1_450' title='bbox 1208 3544 1350 3597; x_wconf 86' lang='lat' dir='ltr'><strong>malo</strong></span> <span class='ocrx_word' id='word_1_451' title='bbox 1410 3558 1511 3597; x_wconf 88' lang='lat' dir='ltr'><strong>suo</strong></span> <span class='ocrx_word' id='word_1_452' title='bbox 1552 3541 1760 3597; x_wconf 82' lang='lat' dir='ltr'><strong>reversi</strong></span> <span class='ocrx_word' id='word_1_453' title='bbox 1804 3550 1950 3595; x_wconf 90' lang='lat' dir='ltr'><strong>sunt.</strong></span> <span class='ocrx_word' id='word_1_454' title='bbox 1986 3540 2260 3594; x_wconf 84' lang='lat' dir='ltr'><strong>Viderunt</strong></span> 
     </span>
    </p>
   </div>
   <div class='ocr_carea' id='block_1_64' title="bbox 678 3631 2258 3705">
    <p class='ocr_par' dir='ltr' id='par_1_64' title="bbox 678 3631 2258 3705">
     <span class='ocr_line' id='line_1_64' title="bbox 678 3631 2258 3705; baseline -0.007 -10"><span class='ocrx_word' id='word_1_455' title='bbox 678 3640 843 3696; x_wconf 86' lang='lat' dir='ltr'><strong>etiam</strong></span> <span class='ocrx_word' id='word_1_456' title='bbox 874 3634 1172 3693; x_wconf 59' lang='lat' dir='ltr'><strong>et‘sanctus</strong></span> <span class='ocrx_word' id='word_1_457' title='bbox 1196 3635 1333 3705; x_wconf 84' lang='lat' dir='ltr'><strong>ipse,</strong></span> <span class='ocrx_word' id='word_1_458' title='bbox 1359 3642 1415 3687; x_wconf 92' lang='lat' dir='ltr'><strong>et</strong></span> <span class='ocrx_word' id='word_1_459' title='bbox 1444 3633 1631 3703; x_wconf 83' lang='lat' dir='ltr'><strong>plures</strong></span> <span class='ocrx_word' id='word_1_460' title='bbox 1659 3631 1773 3695; x_wconf 90' lang='lat' dir='ltr'><strong>alii,</strong></span> <span class='ocrx_word' id='word_1_461' title='bbox 1798 3631 2002 3700; x_wconf 86' lang='lat' dir='ltr'><strong>quibus</strong></span> <span class='ocrx_word' id='word_1_462' title='bbox 2027 3646 2090 3685; x_wconf 84' lang='lat' dir='ltr'><strong>ea</strong></span> <span class='ocrx_word' id='word_1_463' title='bbox 2135 3647 2258 3698; x_wconf 77' lang='lat' dir='ltr'><strong>gra-</strong></span> 
     </span>
    </p>
   </div>
   <div class='ocr_carea' id='block_1_65' title="bbox 680 3728 2261 3800">
    <p class='ocr_par' dir='ltr' id='par_1_65' title="bbox 680 3728 2261 3800">
     <span class='ocr_line' id='line_1_65' title="bbox 680 3728 2261 3800; baseline -0.008 -7"><span class='ocrx_word' id='word_1_464' title='bbox 680 3737 755 3793; x_wconf 87' lang='lat' dir='ltr'><strong>tia</strong></span> <span class='ocrx_word' id='word_1_465' title='bbox 785 3751 1042 3791; x_wconf 88' lang='lat' dir='ltr'><strong>concessa</strong></span> <span class='ocrx_word' id='word_1_466' title='bbox 1090 3733 1216 3795; x_wconf 82' lang='lat' dir='ltr'><strong>fuit,</strong></span> <span class='ocrx_word' id='word_1_467' title='bbox 1266 3742 1378 3785; x_wconf 91' lang='lat' dir='ltr'><strong>tres</strong></span> <span class='ocrx_word' id='word_1_468' title='bbox 1410 3730 1635 3800; x_wconf 82' lang='lat' dir='ltr'><strong>angelos</strong></span> <span class='ocrx_word' id='word_1_469' title='bbox 1670 3728 1788 3792; x_wconf 87' lang='lat' dir='ltr'><strong>Dei,</strong></span> <span class='ocrx_word' id='word_1_470' title='bbox 1840 3744 2073 3798; x_wconf 91' lang='lat' dir='ltr'><strong>quorum</strong></span> <span class='ocrx_word' id='word_1_471' title='bbox 2123 3730 2261 3782; x_wconf 90' lang='lat' dir='ltr'><strong>alter</strong></span> 
     </span>
    </p>
   </div>
   <div class='ocr_carea' id='block_1_66' title="bbox 680 3819 2260 3888">
    <p class='ocr_par' dir='ltr' id='par_1_66' title="bbox 680 3819 2260 3888">
     <span class='ocr_line' id='line_1_66' title="bbox 680 3819 2260 3888; baseline -0.009 -3"><span class='ocrx_word' id='word_1_472' title='bbox 680 3830 748 3885; x_wconf 88' lang='lat' dir='ltr'><strong>ad</strong></span> <span class='ocrx_word' id='word_1_473' title='bbox 783 3829 1086 3887; x_wconf 73' lang='lat' dir='ltr'><strong>dexteram,</strong></span> <span class='ocrx_word' id='word_1_474' title='bbox 1122 3824 1260 3878; x_wconf 85' lang='lat' dir='ltr'><strong>alter</strong></span> <span class='ocrx_word' id='word_1_475' title='bbox 1288 3822 1355 3876; x_wconf 87' lang='lat' dir='ltr'><strong>ad</strong></span> <span class='ocrx_word' id='word_1_476' title='bbox 1389 3822 1693 3883; x_wconf 77' lang='lat' dir='ltr'><strong>sinistram,</strong></span> <span class='ocrx_word' id='word_1_477' title='bbox 1732 3819 1933 3874; x_wconf 92' lang='lat' dir='ltr'><strong>tertius</strong></span> <span class='ocrx_word' id='word_1_478' title='bbox 1964 3835 2105 3888; x_wconf 78' lang='lat' dir='ltr'><strong>pone</strong></span> <span class='ocrx_word' id='word_1_479' title='bbox 2147 3830 2260 3873; x_wconf 76' lang='lat' dir='ltr'><strong>ter-</strong></span> 
     </span>
    </p>
   </div>
   <div class='ocr_carea' id='block_1_67' title="bbox 679 3910 2263 3991">
    <p class='ocr_par' dir='ltr' id='par_1_67' title="bbox 679 3910 2263 3991">
     <span class='ocr_line' id='line_1_67' title="bbox 679 3910 2263 3991; baseline -0.006 -16"><span class='ocrx_word' id='word_1_480' title='bbox 679 3936 808 3991; x_wconf 87' lang='lat' dir='ltr'><strong>gum</strong></span> <span class='ocrx_word' id='word_1_481' title='bbox 847 3916 1134 3988; x_wconf 74' lang='lat' dir='ltr'><strong>Symconis</strong></span> <span class='ocrx_word' id='word_1_482' title='bbox 1161 3923 1389 3977; x_wconf 87' lang='lat' dir='ltr'><strong>stantes,</strong></span> <span class='ocrx_word' id='word_1_483' title='bbox 1433 3920 1804 3966; x_wconf 88' lang='lat' dir='ltr'><strong>atramentum</strong></span> <span class='ocrx_word' id='word_1_484' title='bbox 1827 3910 2083 3966; x_wconf 87' lang='lat' dir='ltr'><strong>manibus</strong></span> <span class='ocrx_word' id='word_1_485' title='bbox 2114 3920 2263 3967; x_wconf 87' lang='lat' dir='ltr'><strong>tene-</strong></span> 
     </span>
    </p>
   </div>
   <div class='ocr_carea' id='block_1_68' title="bbox 682 4002 2262 4075">
    <p class='ocr_par' dir='ltr' id='par_1_68' title="bbox 682 4002 2262 4075">
     <span class='ocr_line' id='line_1_68' title="bbox 682 4002 2262 4075; baseline -0.006 -10"><span class='ocrx_word' id='word_1_486' title='bbox 682 4013 849 4073; x_wconf 91' lang='lat' dir='ltr'><strong>bant;</strong></span> <span class='ocrx_word' id='word_1_487' title='bbox 890 4018 945 4062; x_wconf 92' lang='lat' dir='ltr'><strong>et</strong></span> <span class='ocrx_word' id='word_1_488' title='bbox 966 4006 1058 4075; x_wconf 88' lang='lat' dir='ltr'><strong>qui</strong></span> <span class='ocrx_word' id='word_1_489' title='bbox 1090 4004 1380 4059; x_wconf 86' lang='lat' dir='ltr'><strong>sanitatem</strong></span> <span class='ocrx_word' id='word_1_490' title='bbox 1428 4002 1783 4057; x_wconf 88' lang='lat' dir='ltr'><strong>consecuturi</strong></span> <span class='ocrx_word' id='word_1_491' title='bbox 1824 4012 2005 4061; x_wconf 89' lang='lat' dir='ltr'><strong>erant,</strong></span> <span class='ocrx_word' id='word_1_492' title='bbox 2034 4002 2262 4071; x_wconf 82' lang='lat' dir='ltr'><strong>jubente</strong></span> 
     </span>
    </p>
   </div>
   <div class='ocr_carea' id='block_1_69' title="bbox 681 4091 2265 4162">
    <p class='ocr_par' dir='ltr' id='par_1_69' title="bbox 681 4091 2265 4162">
     <span class='ocr_line' id='line_1_69' title="bbox 681 4091 2265 4162; baseline -0.006 -7"><span class='ocrx_word' id='word_1_493' title='bbox 681 4108 895 4161; x_wconf 78' lang='lat' dir='ltr'><strong>sancto,</strong></span> <span class='ocrx_word' id='word_1_494' title='bbox 921 4098 1071 4150; x_wconf 83' lang='lat' dir='ltr'><strong>velut</strong></span> <span class='ocrx_word' id='word_1_495' title='bbox 1096 4097 1150 4150; x_wconf 93' lang='lat' dir='ltr'><strong>in</strong></span> <span class='ocrx_word' id='word_1_496' title='bbox 1181 4094 1436 4157; x_wconf 88' lang='lat' dir='ltr'><strong>sindone,</strong></span> <span class='ocrx_word' id='word_1_497' title='bbox 1470 4094 1583 4162; x_wconf 85' lang='lat' dir='ltr'><strong>ipsa</strong></span> <span class='ocrx_word' id='word_1_498' title='bbox 1606 4092 1732 4146; x_wconf 87' lang='lat' dir='ltr'><strong>nive</strong></span> <span class='ocrx_word' id='word_1_499' title='bbox 1755 4091 2098 4153; x_wconf 86' lang='lat' dir='ltr'><strong>candidiore,</strong></span> <span class='ocrx_word' id='word_1_500' title='bbox 2129 4091 2265 4146; x_wconf 89' lang='lat' dir='ltr'><strong>scri-</strong></span> 
     </span>
    </p>
   </div>
   <div class='ocr_carea' id='block_1_70' title="bbox 684 4182 2261 4256">
    <p class='ocr_par' dir='ltr' id='par_1_70' title="bbox 684 4182 2261 4256">
     <span class='ocr_line' id='line_1_70' title="bbox 684 4182 2261 4256; baseline -0.007 -9"><span class='ocrx_word' id='word_1_501' title='bbox 684 4191 957 4247; x_wconf 88' lang='lat' dir='ltr'><strong>bebantur</strong></span> <span class='ocrx_word' id='word_1_502' title='bbox 986 4204 999 4239; x_wconf 91' lang='lat'><strong>:</strong></span> <span class='ocrx_word' id='word_1_503' title='bbox 1024 4201 1204 4256; x_wconf 89' lang='lat' dir='ltr'><strong>neque</strong></span> <span class='ocrx_word' id='word_1_504' title='bbox 1232 4185 1429 4255; x_wconf 85' lang='lat' dir='ltr'><strong>singuli</strong></span> <span class='ocrx_word' id='word_1_505' title='bbox 1454 4192 1688 4248; x_wconf 89' lang='lat' dir='ltr'><strong>tantum,</strong></span> <span class='ocrx_word' id='word_1_506' title='bbox 1719 4182 1814 4237; x_wconf 89' lang='lat' dir='ltr'><strong>sed</strong></span> <span class='ocrx_word' id='word_1_507' title='bbox 1846 4198 2008 4252; x_wconf 86' lang='lat' dir='ltr'><strong>quam</strong></span> <span class='ocrx_word' id='word_1_508' title='bbox 2044 4182 2261 4252; x_wconf 91' lang='lat' dir='ltr'><strong>plurimi</strong></span> 
     </span>
    </p>
   </div>
   <div class='ocr_carea' id='block_1_71' title="bbox 682 4274 2266 4347">
    <p class='ocr_par' dir='ltr' id='par_1_71' title="bbox 682 4274 2266 4347">
     <span class='ocr_line' id='line_1_71' title="bbox 682 4274 2266 4347; baseline -0.003 -14"><span class='ocrx_word' id='word_1_509' title='bbox 682 4281 849 4335; x_wconf 80' lang='lat' dir='ltr'><strong>etiam</strong></span> <span class='ocrx_word' id='word_1_510' title='bbox 869 4279 1053 4338; x_wconf 86' lang='lat' dir='ltr'><strong>simul.</strong></span> <span class='ocrx_word' id='word_1_511' title='bbox 1070 4278 1163 4347; x_wconf 93' lang='lat' dir='ltr'><strong>qui</strong></span> <span class='ocrx_word' id='word_1_512' title='bbox 1180 4277 1370 4330; x_wconf 86' lang='lat' dir='ltr'><strong>salutis</strong></span> <span class='ocrx_word' id='word_1_513' title='bbox 1386 4280 1932 4337; x_wconf 63' lang='lat' dir='ltr'><strong>causa&#39;accesscrant,</strong></span> <span class='ocrx_word' id='word_1_514' title='bbox 1956 4274 2266 4329; x_wconf 80' lang='lat' dir='ltr'><strong>referebant</strong></span> 
     </span>
    </p>
   </div>
   <div class='ocr_carea' id='block_1_72' title="bbox 686 4364 2267 4435">
    <p class='ocr_par' dir='ltr' id='par_1_72' title="bbox 686 4364 2267 4435">
     <span class='ocr_line' id='line_1_72' title="bbox 686 4364 2267 4435; baseline -0.005 -9"><span class='ocrx_word' id='word_1_515' title='bbox 686 4371 994 4426; x_wconf 87' lang='lat' dir='ltr'><strong>obtentam.</strong></span> <span class='ocrx_word' id='word_1_516' title='bbox 1033 4367 1167 4421; x_wconf 83' lang='lat' dir='ltr'><strong>Nam</strong></span> <span class='ocrx_word' id='word_1_517' title='bbox 1204 4366 1359 4420; x_wconf 91' lang='lat' dir='ltr'><strong>multi</strong></span> <span class='ocrx_word' id='word_1_518' title='bbox 1406 4366 1704 4435; x_wconf 87' lang='lat' dir='ltr'><strong>aliquando</strong></span> <span class='ocrx_word' id='word_1_519' title='bbox 1735 4380 1764 4417; x_wconf 92' lang='lat' dir='ltr'><strong>a</strong></span> <span class='ocrx_word' id='word_1_520' title='bbox 1789 4364 2136 4418; x_wconf 71' lang='lat' dir='ltr'><strong>dmmonibus</strong></span> <span class='ocrx_word' id='word_1_521' title='bbox 2179 4364 2267 4418; x_wconf 90' lang='lat' dir='ltr'><strong>in-</strong></span> 
     </span>
    </p>
   </div>
   <div class='ocr_carea' id='block_1_73' title="bbox 686 4455 2266 4530">
    <p class='ocr_par' dir='ltr' id='par_1_73' title="bbox 686 4455 2266 4530">
     <span class='ocr_line' id='line_1_73' title="bbox 686 4455 2266 4530; baseline -0.005 -14"><span class='ocrx_word' id='word_1_522' title='bbox 686 4462 843 4525; x_wconf 83' lang='lat' dir='ltr'><strong>sessi,</strong></span> <span class='ocrx_word' id='word_1_523' title='bbox 864 4474 1111 4530; x_wconf 88' lang='lat' dir='ltr'><strong>spumam</strong></span> <span class='ocrx_word' id='word_1_524' title='bbox 1134 4474 1229 4513; x_wconf 90' lang='lat' dir='ltr'><strong>ore</strong></span> <span class='ocrx_word' id='word_1_525' title='bbox 1249 4458 1569 4527; x_wconf 83' lang='lat' dir='ltr'><strong>ejectantes,</strong></span> <span class='ocrx_word' id='word_1_526' title='bbox 1593 4456 1919 4528; x_wconf 82' lang='lat' dir='ltr'><strong>Symeonem</strong></span> <span class='ocrx_word' id='word_1_527' title='bbox 1943 4455 2266 4522; x_wconf 88' lang='lat' dir='ltr'><strong>adiveruut;</strong></span> 
     </span>
    </p>
   </div>
   <div class='ocr_carea' id='block_1_74' title="bbox 685 4546 2269 4629">
    <p class='ocr_par' dir='ltr' id='par_1_74' title="bbox 685 4546 2269 4629">
     <span class='ocr_line' id='line_1_74' title="bbox 685 4546 2269 4629; baseline -0.005 -22"><span class='ocrx_word' id='word_1_528' title='bbox 685 4552 781 4624; x_wconf 87' lang='lat' dir='ltr'><strong>qui</strong></span> <span class='ocrx_word' id='word_1_529' title='bbox 803 4551 1081 4622; x_wconf 87' lang='lat' dir='ltr'><strong>impressit</strong></span> <span class='ocrx_word' id='word_1_530' title='bbox 1105 4549 1335 4620; x_wconf 87' lang='lat' dir='ltr'><strong>singulis</strong></span> <span class='ocrx_word' id='word_1_531' title='bbox 1351 4549 1588 4603; x_wconf 85' lang='lat' dir='ltr'><strong>salutare</strong></span> <span class='ocrx_word' id='word_1_532' title='bbox 1613 4548 1795 4629; x_wconf 82' lang='lat' dir='ltr'><strong>crucis</strong></span> <span class='ocrx_word' id='word_1_533' title='bbox 1819 4547 2031 4616; x_wconf 89' lang='lat' dir='ltr'><strong>signum</strong></span> <span class='ocrx_word' id='word_1_534' title='bbox 2051 4546 2269 4615; x_wconf 85' lang='lat' dir='ltr'><strong>;jussit-</strong></span> 
     </span>
    </p>
   </div>
   <div class='ocr_carea' id='block_1_75' title="bbox 2430 3270 3933 3343">
    <p class='ocr_par' dir='ltr' id='par_1_75' title="bbox 2430 3270 3933 3343">
     <span class='ocr_line' id='line_1_75' title="bbox 2430 3270 3933 3343; baseline 0.003 -18"><span class='ocrx_word' id='word_1_535' title='bbox 2430 3278 2495 3325; x_wconf 88' lang='lat' dir='ltr'><strong>v&#39;.</strong></span> <span class='ocrx_word' id='word_1_536' title='bbox 2525 3273 2603 3343; x_wconf 78' lang='grc' dir='ltr'><strong>Τῇ</strong></span> <span class='ocrx_word' id='word_1_537' title='bbox 2640 3271 2759 3340; x_wconf 74' lang='grc' dir='ltr'>ὕψει</span> <span class='ocrx_word' id='word_1_538' title='bbox 2789 3272 2969 3325; x_wconf 87' lang='grc' dir='ltr'>τοίνυν</span> <span class='ocrx_word' id='word_1_539' title='bbox 2997 3271 3169 3342; x_wconf 82' lang='grc' dir='ltr'>ταύτῃ</span> <span class='ocrx_word' id='word_1_540' title='bbox 3193 3272 3286 3324; x_wconf 74' lang='grc' dir='ltr'>καὶ</span> <span class='ocrx_word' id='word_1_541' title='bbox 3318 3272 3387 3325; x_wconf 77' lang='grc' dir='ltr'>τὰ</span> <span class='ocrx_word' id='word_1_542' title='bbox 3417 3270 3676 3342; x_wconf 79' lang='grc' dir='ltr'>θαύματα</span> <span class='ocrx_word' id='word_1_543' title='bbox 3708 3275 3933 3342; x_wconf 62' lang='grc' dir='ltr'>ἡκολούυ</span> 
     </span>
    </p>
   </div>
   <div class='ocr_carea' id='block_1_76' title="bbox 2357 3362 3931 3433">
    <p class='ocr_par' dir='ltr' id='par_1_76' title="bbox 2357 3362 3931 3433">
     <span class='ocr_line' id='line_1_76' title="bbox 2357 3362 3931 3433; baseline 0.001 -16"><span class='ocrx_word' id='word_1_544' title='bbox 2357 3363 2459 3426; x_wconf 87' lang='grc' dir='ltr'>θει,</span> <span class='ocrx_word' id='word_1_545' title='bbox 2484 3364 2578 3417; x_wconf 71' lang='grc' dir='ltr'><strong>καὶ</strong></span> <span class='ocrx_word' id='word_1_546' title='bbox 2600 3364 2801 3427; x_wconf 83' lang='grc' dir='ltr'>πάντες</span> <span class='ocrx_word' id='word_1_547' title='bbox 2822 3365 2935 3415; x_wconf 87' lang='grc' dir='ltr'>ὅσοι</span> <span class='ocrx_word' id='word_1_548' title='bbox 2966 3362 3238 3431; x_wconf 75' lang='grc' dir='ltr'>πνεύμασι</span> <span class='ocrx_word' id='word_1_549' title='bbox 3264 3367 3540 3433; x_wconf 80' lang='grc' dir='ltr'>πονηροῖς,</span> <span class='ocrx_word' id='word_1_550' title='bbox 3567 3365 3598 3433; x_wconf 80' lang='grc' dir='ltr'>ἢ</span> <span class='ocrx_word' id='word_1_551' title='bbox 3633 3366 3725 3417; x_wconf 79' lang='grc' dir='ltr'><strong>καὶ</strong></span> <span class='ocrx_word' id='word_1_552' title='bbox 3756 3365 3931 3432; x_wconf 71' lang='grc' dir='ltr'>ἄλλοις</span> 
     </span>
    </p>
   </div>
   <div class='ocr_carea' id='block_1_77' title="bbox 2358 3451 3921 3526">
    <p class='ocr_par' dir='ltr' id='par_1_77' title="bbox 2358 3451 3921 3526">
     <span class='ocr_line' id='line_1_77' title="bbox 2358 3451 3921 3526; baseline 0.001 -19"><span class='ocrx_word' id='word_1_553' title='bbox 2358 3454 2554 3507; x_wconf 77' lang='grc' dir='ltr'>πάθεσι</span> <span class='ocrx_word' id='word_1_554' title='bbox 2591 3456 2889 3522; x_wconf 81' lang='grc' dir='ltr'>κάμνοντες</span> <span class='ocrx_word' id='word_1_555' title='bbox 2928 3452 3121 3521; x_wconf 79' lang='grc' dir='ltr'>ἐκείνῳ</span> <span class='ocrx_word' id='word_1_556' title='bbox 3156 3451 3488 3522; x_wconf 77' lang='grc' dir='ltr'>προσῄεσαν,</span> <span class='ocrx_word' id='word_1_557' title='bbox 3528 3453 3803 3526; x_wconf 71' lang='grc' dir='ltr'>ἐλεύθεροι</span> <span class='ocrx_word' id='word_1_558' title='bbox 3831 3456 3921 3509; x_wconf 81' lang='grc' dir='ltr'><strong>τοῦ</strong></span> 
     </span>
    </p>
   </div>
   <div class='ocr_carea' id='block_1_78' title="bbox 2356 3543 3929 3617">
    <p class='ocr_par' dir='ltr' id='par_1_78' title="bbox 2356 3543 3929 3617">
     <span class='ocr_line' id='line_1_78' title="bbox 2356 3543 3929 3617; baseline 0 -19"><span class='ocrx_word' id='word_1_559' title='bbox 2356 3545 2650 3607; x_wconf 65' lang='grc' dir='ltr'>λυποῦντος</span> <span class='ocrx_word' id='word_1_560' title='bbox 2692 3544 2921 3607; x_wconf 73' lang='grc' dir='ltr'>ἕκαστος</span> <span class='ocrx_word' id='word_1_561' title='bbox 2955 3543 3277 3613; x_wconf 72' lang='grc' dir='ltr'>ἐπανῄεσαν.</span> <span class='ocrx_word' id='word_1_562' title='bbox 3326 3544 3605 3614; x_wconf 80' lang='grc' dir='ltr'>Ἐωρῶντο</span> <span class='ocrx_word' id='word_1_563' title='bbox 3637 3547 3746 3615; x_wconf 77' lang='grc' dir='ltr'>γὰρ</span> <span class='ocrx_word' id='word_1_564' title='bbox 3783 3548 3929 3617; x_wconf 78' lang='grc' dir='ltr'>αὐτῷ</span> 
     </span>
    </p>
   </div>
   <div class='ocr_carea' id='block_1_79' title="bbox 2355 3633 3934 3708">
    <p class='ocr_par' dir='ltr' id='par_1_79' title="bbox 2355 3633 3934 3708">
     <span class='ocr_line' id='line_1_79' title="bbox 2355 3633 3934 3708; baseline 0.001 -20"><span class='ocrx_word' id='word_1_565' title='bbox 2355 3653 2413 3688; x_wconf 85' lang='grc' dir='ltr'><strong>τε</strong></span> <span class='ocrx_word' id='word_1_566' title='bbox 2565 3635 2751 3703; x_wconf 81' lang='grc' dir='ltr'>’Λγίῳ,</span> <span class='ocrx_word' id='word_1_567' title='bbox 2785 3634 2880 3688; x_wconf 66' lang='grc' dir='ltr'>καὶ</span> <span class='ocrx_word' id='word_1_568' title='bbox 2936 3633 3147 3696; x_wconf 78' lang='grc' dir='ltr'>πολλοῖς</span> <span class='ocrx_word' id='word_1_569' title='bbox 3189 3634 3301 3686; x_wconf 80' lang='grc' dir='ltr'>ὅσοι</span> <span class='ocrx_word' id='word_1_570' title='bbox 3351 3636 3445 3687; x_wconf 78' lang='grc' dir='ltr'><strong>καὶ</strong></span> <span class='ocrx_word' id='word_1_571' title='bbox 3484 3635 3706 3688; x_wconf 82' lang='grc' dir='ltr'>τοιαῦτα</span> <span class='ocrx_word' id='word_1_572' title='bbox 3737 3636 3934 3708; x_wconf 73' lang='grc' dir='ltr'>δηλαδὴ</span> 
     </span>
    </p>
   </div>
   <div class='ocr_carea' id='block_1_80' title="bbox 2362 3725 3933 3797">
    <p class='ocr_par' dir='ltr' id='par_1_80' title="bbox 2362 3725 3933 3797">
     <span class='ocr_line' id='line_1_80' title="bbox 2362 3725 3933 3797; baseline 0.002 -19"><span class='ocrx_word' id='word_1_573' title='bbox 2362 3726 2578 3797; x_wconf 75' lang='grc' dir='ltr'>βλέπειν</span> <span class='ocrx_word' id='word_1_574' title='bbox 2621 3725 2851 3794; x_wconf 72' lang='grc' dir='ltr'>ἠξίωντο</span> <span class='ocrx_word' id='word_1_575' title='bbox 2880 3762 2896 3788; x_wconf 86' lang='grc'><strong>,</strong></span> <span class='ocrx_word' id='word_1_576' title='bbox 2941 3726 3165 3793; x_wconf 81' lang='grc' dir='ltr'>ἄγγελοι</span> <span class='ocrx_word' id='word_1_577' title='bbox 3210 3726 3415 3796; x_wconf 71' lang='grc' dir='ltr'>Κυρίου</span> <span class='ocrx_word' id='word_1_578' title='bbox 3461 3729 3630 3796; x_wconf 78' lang='grc' dir='ltr'>τρεῖς,</span> <span class='ocrx_word' id='word_1_579' title='bbox 3676 3730 3703 3779; x_wconf 85' lang='grc' dir='ltr'>ὸ</span> <span class='ocrx_word' id='word_1_580' title='bbox 3738 3728 3835 3796; x_wconf 79' lang='grc' dir='ltr'>μὲν</span> <span class='ocrx_word' id='word_1_581' title='bbox 3875 3731 3933 3781; x_wconf 75' lang='grc' dir='ltr'>ἐκ</span> 
     </span>
    </p>
   </div>
   <div class='ocr_carea' id='block_1_81' title="bbox 2358 3816 3935 3887">
    <p class='ocr_par' dir='ltr' id='par_1_81' title="bbox 2358 3816 3935 3887">
     <span class='ocr_line' id='line_1_81' title="bbox 2358 3816 3935 3887; baseline 0.001 -16"><span class='ocrx_word' id='word_1_582' title='bbox 2358 3820 2566 3884; x_wconf 67' lang='grc' dir='ltr'>δεξιῶν,</span> <span class='ocrx_word' id='word_1_583' title='bbox 2600 3818 2784 3887; x_wconf 69' lang='grc' dir='ltr'>ἕτερος</span> <span class='ocrx_word' id='word_1_584' title='bbox 2812 3816 2859 3870; x_wconf 80' lang='grc' dir='ltr'>δ’</span> <span class='ocrx_word' id='word_1_585' title='bbox 2898 3816 2957 3882; x_wconf 72' lang='grc' dir='ltr'><strong>ἐξ</strong></span> <span class='ocrx_word' id='word_1_586' title='bbox 2990 3816 3305 3884; x_wconf 82' lang='grc' dir='ltr'>εὐωνύμων,</span> <span class='ocrx_word' id='word_1_587' title='bbox 3350 3818 3397 3870; x_wconf 87' lang='grc' dir='ltr'><strong>οἱ</strong></span> <span class='ocrx_word' id='word_1_588' title='bbox 3438 3817 3483 3870; x_wconf 82' lang='grc' dir='ltr'>δ’</span> <span class='ocrx_word' id='word_1_589' title='bbox 3519 3818 3741 3871; x_wconf 73' lang='grc' dir='ltr'>ὄπισθεν</span> <span class='ocrx_word' id='word_1_590' title='bbox 3772 3821 3935 3873; x_wconf 79' lang='grc' dir='ltr'>ἑστῶ-</span> 
     </span>
    </p>
   </div>
   <div class='ocr_carea' id='block_1_82' title="bbox 2361 3909 3933 3980">
    <p class='ocr_par' dir='ltr' id='par_1_82' title="bbox 2361 3909 3933 3980">
     <span class='ocr_line' id='line_1_82' title="bbox 2361 3909 3933 3980; baseline 0.002 -18"><span class='ocrx_word' id='word_1_591' title='bbox 2361 3928 2450 3973; x_wconf 88' lang='grc' dir='ltr'><strong>τες</strong></span> <span class='ocrx_word' id='word_1_592' title='bbox 2483 3910 2577 3962; x_wconf 86' lang='grc' dir='ltr'><strong>τοῦ</strong></span> <span class='ocrx_word' id='word_1_593' title='bbox 2618 3909 2865 3979; x_wconf 83' lang='grc' dir='ltr'>Συμεὼν,</span> <span class='ocrx_word' id='word_1_594' title='bbox 2897 3909 2958 3961; x_wconf 80' lang='grc' dir='ltr'>τό</span> <span class='ocrx_word' id='word_1_595' title='bbox 3002 3925 3059 3961; x_wconf 86' lang='grc' dir='ltr'><strong>τε</strong></span> <span class='ocrx_word' id='word_1_596' title='bbox 3107 3910 3277 3979; x_wconf 80' lang='grc' dir='ltr'>μέλαν</span> <span class='ocrx_word' id='word_1_597' title='bbox 3310 3910 3493 3971; x_wconf 72' lang='grc' dir='ltr'>αὑτοῖς</span> <span class='ocrx_word' id='word_1_598' title='bbox 3523 3910 3581 3961; x_wconf 75' lang='grc' dir='ltr'>ὲν</span> <span class='ocrx_word' id='word_1_599' title='bbox 3608 3914 3811 3980; x_wconf 78' lang='grc' dir='ltr'>χεροῖν,</span> <span class='ocrx_word' id='word_1_600' title='bbox 3846 3914 3933 3965; x_wconf 74' lang='grc' dir='ltr'>καὶ</span> 
     </span>
    </p>
   </div>
   <div class='ocr_carea' id='block_1_83' title="bbox 2360 3997 3929 4068">
    <p class='ocr_par' dir='ltr' id='par_1_83' title="bbox 2360 3997 3929 4068">
     <span class='ocr_line' id='line_1_83' title="bbox 2360 3997 3929 4068; baseline 0.002 -17"><span class='ocrx_word' id='word_1_601' title='bbox 2360 4001 2470 4051; x_wconf 83' lang='grc' dir='ltr'><strong>τῶν</strong></span> <span class='ocrx_word' id='word_1_602' title='bbox 2503 3998 2721 4067; x_wconf 73' lang='grc' dir='ltr'>ἰαθῆναι</span> <span class='ocrx_word' id='word_1_603' title='bbox 2754 3997 3055 4066; x_wconf 68' lang='grc' dir='ltr'>μελλόντων</span> <span class='ocrx_word' id='word_1_604' title='bbox 3093 4000 3324 4062; x_wconf 75' lang='grc' dir='ltr'>ἕκαστος</span> <span class='ocrx_word' id='word_1_605' title='bbox 3350 4000 3444 4052; x_wconf 86' lang='grc' dir='ltr'>τοῦ</span> <span class='ocrx_word' id='word_1_606' title='bbox 3475 4002 3630 4065; x_wconf 78' lang='grc' dir='ltr'>ἁγίου</span> <span class='ocrx_word' id='word_1_607' title='bbox 3669 4001 3929 4068; x_wconf 76' lang='grc' dir='ltr'>λέγοντος,</span> 
     </span>
    </p>
   </div>
   <div class='ocr_carea' id='block_1_84' title="bbox 2362 4090 3930 4164">
    <p class='ocr_par' dir='ltr' id='par_1_84' title="bbox 2362 4090 3930 4164">
     <span class='ocr_line' id='line_1_84' title="bbox 2362 4090 3930 4164; baseline 0.001 -20"><span class='ocrx_word' id='word_1_608' title='bbox 2362 4090 2437 4152; x_wconf 75' lang='grc' dir='ltr'>ὡς</span> <span class='ocrx_word' id='word_1_609' title='bbox 2473 4093 2528 4142; x_wconf 84' lang='grc' dir='ltr'><strong>ὲν</strong></span> <span class='ocrx_word' id='word_1_610' title='bbox 2569 4090 2858 4160; x_wconf 81' lang='grc' dir='ltr'>σωματείῳ</span> <span class='ocrx_word' id='word_1_611' title='bbox 2879 4090 3183 4163; x_wconf 78' lang='grc' dir='ltr'>λευκοτέρῳ</span> <span class='ocrx_word' id='word_1_612' title='bbox 3213 4093 3305 4144; x_wconf 74' lang='grc' dir='ltr'>καὶ</span> <span class='ocrx_word' id='word_1_613' title='bbox 3340 4092 3515 4161; x_wconf 82' lang='grc' dir='ltr'>χιόνος</span> <span class='ocrx_word' id='word_1_614' title='bbox 3541 4094 3842 4164; x_wconf 74' lang='grc' dir='ltr'>ἐγράφετο·</span> <span class='ocrx_word' id='word_1_615' title='bbox 3875 4094 3930 4146; x_wconf 75' lang='grc' dir='ltr'><strong>οὐ</strong></span> 
     </span>
    </p>
   </div>
   <div class='ocr_carea' id='block_1_85' title="bbox 2365 4182 3931 4253">
    <p class='ocr_par' dir='ltr' id='par_1_85' title="bbox 2365 4182 3931 4253">
     <span class='ocr_line' id='line_1_85' title="bbox 2365 4182 3931 4253; baseline 0 -19"><span class='ocrx_word' id='word_1_616' title='bbox 2365 4182 2487 4235; x_wconf 77' lang='grc' dir='ltr'>καθ’</span> <span class='ocrx_word' id='word_1_617' title='bbox 2521 4182 2617 4235; x_wconf 83' lang='grc' dir='ltr'><strong>’ἐνα</strong></span> <span class='ocrx_word' id='word_1_618' title='bbox 2647 4182 2703 4235; x_wconf 73' lang='grc' dir='ltr'>δὲ</span> <span class='ocrx_word' id='word_1_619' title='bbox 2739 4182 2917 4253; x_wconf 87' lang='grc' dir='ltr'>μόνον,</span> <span class='ocrx_word' id='word_1_620' title='bbox 2948 4183 3083 4236; x_wconf 69' lang='grc' dir='ltr'>ἀλλὰ</span> <span class='ocrx_word' id='word_1_621' title='bbox 3109 4184 3201 4235; x_wconf 73' lang='grc' dir='ltr'><strong>καὶ</strong></span> <span class='ocrx_word' id='word_1_622' title='bbox 3232 4184 3371 4235; x_wconf 76' lang='grc' dir='ltr'>κατὰ</span> <span class='ocrx_word' id='word_1_623' title='bbox 3408 4182 3610 4251; x_wconf 76' lang='grc' dir='ltr'>πλῆθος</span> <span class='ocrx_word' id='word_1_624' title='bbox 3645 4184 3931 4253; x_wconf 77' lang='grc' dir='ltr'>θεραπείας</span> 
     </span>
    </p>
   </div>
   <div class='ocr_carea' id='block_1_86' title="bbox 2365 4272 3931 4343">
    <p class='ocr_par' dir='ltr' id='par_1_86' title="bbox 2365 4272 3931 4343">
     <span class='ocr_line' id='line_1_86' title="bbox 2365 4272 3931 4343; baseline 0.001 -19"><span class='ocrx_word' id='word_1_625' title='bbox 2365 4273 2415 4324; x_wconf 82' lang='grc' dir='ltr'><strong>οἱ</strong></span> <span class='ocrx_word' id='word_1_626' title='bbox 2453 4274 2766 4341; x_wconf 77' lang='grc' dir='ltr'>προσιόντες</span> <span class='ocrx_word' id='word_1_627' title='bbox 2802 4273 3116 4342; x_wconf 73' lang='grc' dir='ltr'>ἐτύγχανον.</span> <span class='ocrx_word' id='word_1_628' title='bbox 3166 4272 3475 4343; x_wconf 78' lang='grc' dir='ltr'>Προσῆλθον</span> <span class='ocrx_word' id='word_1_629' title='bbox 3500 4274 3608 4342; x_wconf 90' lang='grc' dir='ltr'><strong>γάρ</strong></span> <span class='ocrx_word' id='word_1_630' title='bbox 3644 4290 3773 4325; x_wconf 86' lang='grc' dir='ltr'>ποτε</span> <span class='ocrx_word' id='word_1_631' title='bbox 3810 4273 3931 4326; x_wconf 80' lang='grc' dir='ltr'>πολ·</span> 
     </span>
    </p>
   </div>
   <div class='ocr_carea' id='block_1_87' title="bbox 2365 4362 3928 4434">
    <p class='ocr_par' dir='ltr' id='par_1_87' title="bbox 2365 4362 3928 4434">
     <span class='ocr_line' id='line_1_87' title="bbox 2365 4362 3928 4434; baseline 0 -19"><span class='ocrx_word' id='word_1_632' title='bbox 2365 4365 2449 4417; x_wconf 71' lang='grc' dir='ltr'><strong>λοὶ</strong></span> <span class='ocrx_word' id='word_1_633' title='bbox 2485 4364 2623 4417; x_wconf 76' lang='grc' dir='ltr'>κατὰ</span> <span class='ocrx_word' id='word_1_634' title='bbox 2650 4365 2843 4417; x_wconf 69' lang='grc' dir='ltr'>ταυτὸν</span> <span class='ocrx_word' id='word_1_635' title='bbox 2867 4363 3248 4434; x_wconf 80' lang='grc' dir='ltr'>δαιμονῶντες,</span> <span class='ocrx_word' id='word_1_636' title='bbox 3282 4364 3375 4416; x_wconf 78' lang='grc' dir='ltr'><strong>καὶ</strong></span> <span class='ocrx_word' id='word_1_637' title='bbox 3409 4364 3582 4433; x_wconf 69' lang='grc' dir='ltr'>ἀφρὸν</span> <span class='ocrx_word' id='word_1_638' title='bbox 3612 4362 3704 4416; x_wconf 83' lang='grc' dir='ltr'><strong>τοῦ</strong></span> <span class='ocrx_word' id='word_1_639' title='bbox 3736 4364 3928 4433; x_wconf 73' lang='grc' dir='ltr'>στόμα-</span> 
     </span>
    </p>
   </div>
   <div class='ocr_carea' id='block_1_88' title="bbox 2367 4447 3926 4525">
    <p class='ocr_par' dir='ltr' id='par_1_88' title="bbox 2367 4447 3926 4525">
     <span class='ocr_line' id='line_1_88' title="bbox 2367 4447 3926 4525; baseline -0.001 -17"><span class='ocrx_word' id='word_1_640' title='bbox 2367 4472 2459 4518; x_wconf 84' lang='grc' dir='ltr'><strong>τος</strong></span> <span class='ocrx_word' id='word_1_641' title='bbox 2504 4455 2952 4525; x_wconf 69' lang='grc' dir='ltr'>παραπτύοντεςο</span> <span class='ocrx_word' id='word_1_642' title='bbox 2985 4447 3059 4506; x_wconf 82' lang='grc' dir='ltr'><strong>ὧν</strong></span> <span class='ocrx_word' id='word_1_643' title='bbox 3100 4454 3314 4525; x_wconf 77' lang='grc' dir='ltr'>ἑκάστῳ</span> <span class='ocrx_word' id='word_1_644' title='bbox 3365 4454 3635 4523; x_wconf 73' lang='grc' dir='ltr'>σφραγῖδα</span> <span class='ocrx_word' id='word_1_645' title='bbox 3683 4456 3926 4523; x_wconf 67' lang='grc' dir='ltr'>ποιήσας.</span> 
     </span>
    </p>
   </div>
   <div class='ocr_carea' id='block_1_89' title="bbox 2369 4545 3927 4615">
    <p class='ocr_par' dir='ltr' id='par_1_89' title="bbox 2369 4545 3927 4615">
     <span class='ocr_line' id='line_1_89' title="bbox 2369 4545 3927 4615; baseline -0.001 -15"><span class='ocrx_word' id='word_1_646' title='bbox 2369 4551 2481 4611; x_wconf 84' lang='grc' dir='ltr'>τοῖς</span> <span class='ocrx_word' id='word_1_647' title='bbox 2509 4565 2566 4600; x_wconf 81' lang='grc' dir='ltr'><strong>τε</strong></span> <span class='ocrx_word' id='word_1_648' title='bbox 2592 4547 2894 4615; x_wconf 81' lang='grc' dir='ltr'>πνεύμασιν</span> <span class='ocrx_word' id='word_1_649' title='bbox 2918 4548 2973 4598; x_wconf 84' lang='grc' dir='ltr'>ὲν</span> <span class='ocrx_word' id='word_1_650' title='bbox 3004 4545 3223 4615; x_wconf 79' lang='grc' dir='ltr'>ὀνόματί</span> <span class='ocrx_word' id='word_1_651' title='bbox 3248 4563 3380 4614; x_wconf 77' lang='grc' dir='ltr'>φησι</span> <span class='ocrx_word' id='word_1_652' title='bbox 3404 4545 3495 4597; x_wconf 75' lang='grc' dir='ltr'><strong>τοῦ</strong></span> <span class='ocrx_word' id='word_1_653' title='bbox 3521 4545 3649 4597; x_wconf 77' lang='grc' dir='ltr'>Υἰοῦ</span> <span class='ocrx_word' id='word_1_654' title='bbox 3681 4546 3773 4598; x_wconf 84' lang='grc' dir='ltr'>τοῦ</span> <span class='ocrx_word' id='word_1_655' title='bbox 3803 4547 3927 4601; x_wconf 80' lang='grc' dir='ltr'>Θεοῦ</span> 
     </span>
    </p>
   </div>
   <div class='ocr_carea' id='block_1_90' title="bbox 686 4620 2257 4714">
    <p class='ocr_par' dir='ltr' id='par_1_90' title="bbox 686 4620 2257 4714">
     <span class='ocr_line' id='line_1_90' title="bbox 686 4620 2257 4714; baseline -0.006 -14"><span class='ocrx_word' id='word_1_656' title='bbox 686 4620 795 4714; x_wconf 79' lang='lat' dir='ltr'><strong>que</strong></span> <span class='ocrx_word' id='word_1_657' title='bbox 831 4620 1061 4712; x_wconf 83' lang='lat' dir='ltr'><strong>spiritus</strong></span> <span class='ocrx_word' id='word_1_658' title='bbox 1089 4641 1143 4695; x_wconf 92' lang='lat' dir='ltr'><strong>in</strong></span> <span class='ocrx_word' id='word_1_659' title='bbox 1172 4640 1393 4694; x_wconf 90' lang='lat' dir='ltr'><strong>nomine</strong></span> <span class='ocrx_word' id='word_1_660' title='bbox 1425 4639 1549 4694; x_wconf 84' lang='lat' dir='ltr'><strong>Filii</strong></span> <span class='ocrx_word' id='word_1_661' title='bbox 1583 4624 1703 4701; x_wconf 75' lang='lat' dir='ltr'><strong>Dei,</strong></span> <span class='ocrx_word' id='word_1_662' title='bbox 1730 4652 1830 4707; x_wconf 92' lang='lat' dir='ltr'><strong>pro</strong></span> <span class='ocrx_word' id='word_1_663' title='bbox 1858 4637 2017 4692; x_wconf 87' lang='lat' dir='ltr'><strong>nobis</strong></span> <span class='ocrx_word' id='word_1_664' title='bbox 2056 4638 2109 4691; x_wconf 91' lang='lat' dir='ltr'><strong>in</strong></span> <span class='ocrx_word' id='word_1_665' title='bbox 2142 4652 2257 4692; x_wconf 92' lang='lat' dir='ltr'><strong>cru-</strong></span> 
     </span>
    </p>
   </div>
   <div class='ocr_carea' id='block_1_91' title="bbox 2360 4620 3926 4714">
    <p class='ocr_par' dir='ltr' id='par_1_91' title="bbox 2369 4636 3926 4708">
     <span class='ocr_line' id='line_1_91' title="bbox 2369 4636 3926 4708; baseline -0.001 -16"><span class='ocrx_word' id='word_1_666' title='bbox 2369 4640 2463 4692; x_wconf 88' lang='grc' dir='ltr'>τοῦ</span> <span class='ocrx_word' id='word_1_667' title='bbox 2493 4640 2558 4693; x_wconf 84' lang='grc' dir='ltr'>δι’</span> <span class='ocrx_word' id='word_1_668' title='bbox 2581 4640 2727 4708; x_wconf 80' lang='grc' dir='ltr'>ἡμᾶς</span> <span class='ocrx_word' id='word_1_669' title='bbox 2754 4638 3154 4706; x_wconf 78' lang='grc' dir='ltr'>σταυρωθέντος</span> <span class='ocrx_word' id='word_1_670' title='bbox 3183 4636 3503 4707; x_wconf 80' lang='grc' dir='ltr'>ἀπαλλαγὴν</span> <span class='ocrx_word' id='word_1_671' title='bbox 3541 4640 3926 4707; x_wconf 82' lang='grc' dir='ltr'>παραγγείλας.</span> 
     </span>
    </p>
   </div>
   <div class='ocr_carea' id='block_1_92' title="bbox 686 4727 2269 4798">
    <p class='ocr_par' dir='ltr' id='par_1_92' title="bbox 686 4727 2269 4798">
     <span class='ocr_line' id='line_1_92' title="bbox 686 4727 2269 4798; baseline -0.007 -6"><span class='ocrx_word' id='word_1_672' title='bbox 686 4752 807 4792; x_wconf 81' lang='lat' dir='ltr'><strong>cem</strong></span> <span class='ocrx_word' id='word_1_673' title='bbox 841 4733 1037 4795; x_wconf 77' lang='lat' dir='ltr'><strong>sufﬁxi,</strong></span> <span class='ocrx_word' id='word_1_674' title='bbox 1070 4733 1196 4787; x_wconf 89' lang='lat' dir='ltr'><strong>inde</strong></span> <span class='ocrx_word' id='word_1_675' title='bbox 1220 4732 1491 4785; x_wconf 82' lang='lat' dir='ltr'><strong>facessere</strong></span> <span class='ocrx_word' id='word_1_676' title='bbox 1514 4736 1707 4798; x_wconf 86' lang='lat' dir='ltr'><strong>:atque</strong></span> <span class='ocrx_word' id='word_1_677' title='bbox 1730 4728 1827 4792; x_wconf 94' lang='lat' dir='ltr'><strong>illi,</strong></span> <span class='ocrx_word' id='word_1_678' title='bbox 1852 4727 2001 4782; x_wconf 90' lang='lat' dir='ltr'><strong>nulla</strong></span> <span class='ocrx_word' id='word_1_679' title='bbox 2025 4728 2269 4797; x_wconf 90' lang='lat' dir='ltr'><strong>interpo-</strong></span> 
     </span>
    </p>
   </div>
   <div class='ocr_carea' id='block_1_93' title="bbox 688 4818 2264 4893">
    <p class='ocr_par' dir='ltr' id='par_1_93' title="bbox 688 4818 2264 4893">
     <span class='ocr_line' id='line_1_93' title="bbox 688 4818 2264 4893; baseline -0.006 -12"><span class='ocrx_word' id='word_1_680' title='bbox 688 4827 793 4882; x_wconf 86' lang='lat' dir='ltr'><strong>sita</strong></span> <span class='ocrx_word' id='word_1_681' title='bbox 812 4842 985 4890; x_wconf 89' lang='lat' dir='ltr'><strong>mora,</strong></span> <span class='ocrx_word' id='word_1_682' title='bbox 1010 4825 1217 4879; x_wconf 90' lang='lat' dir='ltr'><strong>abitum</strong></span> <span class='ocrx_word' id='word_1_683' title='bbox 1237 4831 1491 4893; x_wconf 89' lang='lat' dir='ltr'><strong>parantes</strong></span> <span class='ocrx_word' id='word_1_684' title='bbox 1513 4820 1855 4890; x_wconf 91' lang='lat' dir='ltr'><strong>multumque</strong></span> <span class='ocrx_word' id='word_1_685' title='bbox 1880 4818 2264 4882; x_wconf 84' lang='lat' dir='ltr'><strong>vociferantes,</strong></span> 
     </span>
    </p>
   </div>
   <div class='ocr_carea' id='block_1_94' title="bbox 688 4914 2268 4989">
    <p class='ocr_par' dir='ltr' id='par_1_94' title="bbox 688 4914 2268 4989">
     <span class='ocr_line' id='line_1_94' title="bbox 688 4914 2268 4989; baseline -0.004 -15"><span class='ocrx_word' id='word_1_686' title='bbox 688 4920 1035 4989; x_wconf 86' lang='lat' dir='ltr'><strong>reliquerunt</strong></span> <span class='ocrx_word' id='word_1_687' title='bbox 1057 4917 1310 4972; x_wconf 89' lang='lat' dir='ltr'><strong>homines</strong></span> <span class='ocrx_word' id='word_1_688' title='bbox 1330 4916 1536 4971; x_wconf 85' lang='lat' dir='ltr'><strong>liberos</strong></span> <span class='ocrx_word' id='word_1_689' title='bbox 1565 4924 1621 4968; x_wconf 91' lang='lat' dir='ltr'><strong>et</strong></span> <span class='ocrx_word' id='word_1_690' title='bbox 1652 4914 1974 4977; x_wconf 90' lang='lat' dir='ltr'><strong>incolumes,</strong></span> <span class='ocrx_word' id='word_1_691' title='bbox 2010 4928 2149 4983; x_wconf 88' lang='lat' dir='ltr'><strong>puro</strong></span> <span class='ocrx_word' id='word_1_692' title='bbox 2171 4928 2268 4968; x_wconf 88' lang='lat' dir='ltr'><strong>ore</strong></span> 
     </span>
    </p>
   </div>
   <div class='ocr_carea' id='block_1_95' title="bbox 688 5004 2268 5074">
    <p class='ocr_par' dir='ltr' id='par_1_95' title="bbox 688 5004 2268 5074">
     <span class='ocr_line' id='line_1_95' title="bbox 688 5004 2268 5074; baseline -0.006 -7"><span class='ocrx_word' id='word_1_693' title='bbox 688 5009 883 5067; x_wconf 84' lang='lat' dir='ltr'><strong>laudes</strong></span> <span class='ocrx_word' id='word_1_694' title='bbox 924 5010 1033 5062; x_wconf 86' lang='lat' dir='ltr'><strong>Deo</strong></span> <span class='ocrx_word' id='word_1_695' title='bbox 1068 5007 1432 5062; x_wconf 87' lang='lat' dir='ltr'><strong>celebrantes.</strong></span> <span class='ocrx_word' id='word_1_696' title='bbox 1485 5004 1756 5062; x_wconf 71' lang='lat' dir='ltr'><strong>Czeterum</strong></span> <span class='ocrx_word' id='word_1_697' title='bbox 1804 5005 1898 5074; x_wconf 88' lang='lat' dir='ltr'><strong>qui</strong></span> <span class='ocrx_word' id='word_1_698' title='bbox 1936 5006 2268 5059; x_wconf 87' lang='lat' dir='ltr'><strong>circumsta-</strong></span> 
     </span>
    </p>
   </div>
   <div class='ocr_carea' id='block_1_96' title="bbox 690 5094 2268 5172">
    <p class='ocr_par' dir='ltr' id='par_1_96' title="bbox 690 5094 2268 5172">
     <span class='ocr_line' id='line_1_96' title="bbox 690 5094 2268 5172; baseline -0.006 -15"><span class='ocrx_word' id='word_1_699' title='bbox 690 5102 828 5157; x_wconf 88' lang='lat' dir='ltr'><strong>bant</strong></span> <span class='ocrx_word' id='word_1_700' title='bbox 859 5100 1185 5172; x_wconf 80' lang='lat' dir='ltr'><strong>Symeonem</strong></span> <span class='ocrx_word' id='word_1_701' title='bbox 1212 5098 1413 5168; x_wconf 86' lang='lat' dir='ltr'><strong>angeli,</strong></span> <span class='ocrx_word' id='word_1_702' title='bbox 1450 5097 1514 5150; x_wconf 81' lang='lat' dir='ltr'><strong>ad</strong></span> <span class='ocrx_word' id='word_1_703' title='bbox 1554 5098 1817 5150; x_wconf 86' lang='lat' dir='ltr'><strong>miracula</strong></span> <span class='ocrx_word' id='word_1_704' title='bbox 1855 5105 1911 5151; x_wconf 85' lang='lat' dir='ltr'><strong>et</strong></span> <span class='ocrx_word' id='word_1_705' title='bbox 1945 5094 2268 5151; x_wconf 85' lang='lat' dir='ltr'><strong>medicatio-</strong></span> 
     </span>
    </p>
   </div>
   <div class='ocr_carea' id='block_1_97' title="bbox 691 5187 2272 5262">
    <p class='ocr_par' dir='ltr' id='par_1_97' title="bbox 691 5187 2272 5262">
     <span class='ocr_line' id='line_1_97' title="bbox 691 5187 2272 5262; baseline -0.006 -13"><span class='ocrx_word' id='word_1_706' title='bbox 691 5210 794 5249; x_wconf 87' lang='lat' dir='ltr'><strong>nes</strong></span> <span class='ocrx_word' id='word_1_707' title='bbox 836 5208 994 5262; x_wconf 89' lang='lat' dir='ltr'><strong>opem</strong></span> <span class='ocrx_word' id='word_1_708' title='bbox 1044 5207 1198 5246; x_wconf 89' lang='lat' dir='ltr'><strong>suam</strong></span> <span class='ocrx_word' id='word_1_709' title='bbox 1266 5189 1636 5252; x_wconf 86' lang='lat' dir='ltr'><strong>conferentes,</strong></span> <span class='ocrx_word' id='word_1_710' title='bbox 1701 5189 1776 5243; x_wconf 86' lang='lat' dir='ltr'><strong>ita</strong></span> <span class='ocrx_word' id='word_1_711' title='bbox 1826 5187 1929 5258; x_wconf 91' lang='lat' dir='ltr'><strong>ipsi</strong></span> <span class='ocrx_word' id='word_1_712' title='bbox 1976 5190 2272 5241; x_wconf 87' lang='lat' dir='ltr'><strong>astiterunt</strong></span> 
     </span>
    </p>
   </div>
   <div class='ocr_carea' id='block_1_98' title="bbox 690 5279 2269 5356">
    <p class='ocr_par' dir='ltr' id='par_1_98' title="bbox 690 5279 2269 5356">
     <span class='ocr_line' id='line_1_98' title="bbox 690 5279 2269 5356; baseline -0.007 -14"><span class='ocrx_word' id='word_1_713' title='bbox 690 5286 879 5356; x_wconf 85' lang='lat' dir='ltr'><strong>aliquo</strong></span> <span class='ocrx_word' id='word_1_714' title='bbox 904 5295 1183 5354; x_wconf 86' lang='lat' dir='ltr'><strong>tempore;</strong></span> <span class='ocrx_word' id='word_1_715' title='bbox 1212 5281 1413 5338; x_wconf 88' lang='lat' dir='ltr'><strong>deinde</strong></span> <span class='ocrx_word' id='word_1_716' title='bbox 1433 5297 1532 5351; x_wconf 91' lang='lat' dir='ltr'><strong>pro</strong></span> <span class='ocrx_word' id='word_1_717' title='bbox 1561 5296 1715 5335; x_wconf 91' lang='lat' dir='ltr'><strong>more</strong></span> <span class='ocrx_word' id='word_1_718' title='bbox 1765 5280 1903 5350; x_wconf 83' lang='lat' dir='ltr'><strong>jussi</strong></span> <span class='ocrx_word' id='word_1_719' title='bbox 1952 5279 2199 5334; x_wconf 81' lang='lat' dir='ltr'><strong>scribere</strong></span> <span class='ocrx_word' id='word_1_720' title='bbox 2238 5293 2269 5331; x_wconf 89' lang='lat' dir='ltr'><strong>a</strong></span> 
     </span>
    </p>
   </div>
   <div class='ocr_carea' id='block_1_99' title="bbox 693 5368 2268 5445">
    <p class='ocr_par' dir='ltr' id='par_1_99' title="bbox 693 5368 2268 5445">
     <span class='ocr_line' id='line_1_99' title="bbox 693 5368 2268 5445; baseline -0.006 -13"><span class='ocrx_word' id='word_1_721' title='bbox 693 5386 907 5436; x_wconf 86' lang='lat' dir='ltr'><strong>sancto,</strong></span> <span class='ocrx_word' id='word_1_722' title='bbox 937 5384 1213 5445; x_wconf 85' lang='lat' dir='ltr'><strong>negarunt</strong></span> <span class='ocrx_word' id='word_1_723' title='bbox 1239 5373 1291 5427; x_wconf 90' lang='lat' dir='ltr'><strong>id</strong></span> <span class='ocrx_word' id='word_1_724' title='bbox 1326 5389 1384 5428; x_wconf 87' lang='lat' dir='ltr'><strong>se</strong></span> <span class='ocrx_word' id='word_1_725' title='bbox 1437 5372 1682 5426; x_wconf 87' lang='lat' dir='ltr'><strong>facturos</strong></span> <span class='ocrx_word' id='word_1_726' title='bbox 1740 5372 2122 5441; x_wconf 84' lang='lat' dir='ltr'><strong>imposterum,</strong></span> <span class='ocrx_word' id='word_1_727' title='bbox 2178 5368 2268 5423; x_wconf 91' lang='lat' dir='ltr'><strong>di-</strong></span> 
     </span>
    </p>
   </div>
   <div class='ocr_carea' id='block_1_100' title="bbox 692 5457 2269 5532">
    <p class='ocr_par' dir='ltr' id='par_1_100' title="bbox 692 5457 2269 5532">
     <span class='ocr_line' id='line_1_100' title="bbox 692 5457 2269 5532; baseline -0.01 -9"><span class='ocrx_word' id='word_1_728' title='bbox 692 5476 913 5523; x_wconf 84' lang='lat' dir='ltr'><strong>centes:</strong></span> <span class='ocrx_word' id='word_1_729' title='bbox 950 5464 1161 5520; x_wconf 83' lang='lat' dir='ltr'><strong>Auctus</strong></span> <span class='ocrx_word' id='word_1_730' title='bbox 1186 5478 1247 5519; x_wconf 90' lang='lat' dir='ltr'><strong>es</strong></span> <span class='ocrx_word' id='word_1_731' title='bbox 1274 5464 1564 5532; x_wconf 87' lang='lat' dir='ltr'><strong>perspicua</strong></span> <span class='ocrx_word' id='word_1_732' title='bbox 1606 5460 1704 5514; x_wconf 89' lang='lat' dir='ltr'><strong>Dei</strong></span> <span class='ocrx_word' id='word_1_733' title='bbox 1738 5460 1981 5529; x_wconf 88' lang='lat' dir='ltr'><strong>potentia</strong></span> <span class='ocrx_word' id='word_1_734' title='bbox 2025 5465 2083 5511; x_wconf 91' lang='lat' dir='ltr'><strong>et</strong></span> <span class='ocrx_word' id='word_1_735' title='bbox 2151 5457 2269 5509; x_wconf 87' lang='lat' dir='ltr'><strong>vir-</strong></span> 
     </span>
    </p>
   </div>
   <div class='ocr_carea' id='block_1_101' title="bbox 694 5548 2274 5622">
    <p class='ocr_par' dir='ltr' id='par_1_101' title="bbox 694 5548 2274 5622">
     <span class='ocr_line' id='line_1_101' title="bbox 694 5548 2274 5622; baseline -0.004 -14"><span class='ocrx_word' id='word_1_736' title='bbox 694 5566 844 5610; x_wconf 79' lang='lat' dir='ltr'><strong>tute:</strong></span> <span class='ocrx_word' id='word_1_737' title='bbox 866 5563 1066 5610; x_wconf 84' lang='lat' dir='ltr'><strong>cuncta</strong></span> <span class='ocrx_word' id='word_1_738' title='bbox 1083 5553 1347 5622; x_wconf 88' lang='lat' dir='ltr'><strong>deinceps</strong></span> <span class='ocrx_word' id='word_1_739' title='bbox 1380 5561 1438 5607; x_wconf 77' lang='lat' dir='ltr'><strong>te</strong></span> <span class='ocrx_word' id='word_1_740' title='bbox 1466 5549 1850 5606; x_wconf 87' lang='lat' dir='ltr'><strong>intercedente</strong></span> <span class='ocrx_word' id='word_1_741' title='bbox 1886 5548 2147 5604; x_wconf 84' lang='lat' dir='ltr'><strong>evenient</strong></span> <span class='ocrx_word' id='word_1_742' title='bbox 2172 5562 2274 5617; x_wconf 91' lang='lat' dir='ltr'><strong>pro</strong></span> 
     </span>
    </p>
   </div>
   <div class='ocr_carea' id='block_1_102' title="bbox 2372 4727 3931 4800">
    <p class='ocr_par' dir='ltr' id='par_1_102' title="bbox 2372 4727 3931 4800">
     <span class='ocr_line' id='line_1_102' title="bbox 2372 4727 3931 4800; baseline -0.003 -16"><span class='ocrx_word' id='word_1_743' title='bbox 2372 4730 2751 4800; x_wconf 78' lang='grc' dir='ltr'>ἀπαλλαγῆναι</span> <span class='ocrx_word' id='word_1_744' title='bbox 2770 4730 3029 4799; x_wconf 84' lang='grc' dir='ltr'>παραχρῆ</span> <span class='ocrx_word' id='word_1_745' title='bbox 3038 4744 3112 4797; x_wconf 89' lang='grc' dir='ltr'><strong>μα</strong></span> <span class='ocrx_word' id='word_1_746' title='bbox 3128 4727 3555 4797; x_wconf 73' lang='grc' dir='ltr'>παρασκευάζει,</span> <span class='ocrx_word' id='word_1_747' title='bbox 3576 4728 3723 4797; x_wconf 74' lang='grc' dir='ltr'>μέγα</span> <span class='ocrx_word' id='word_1_748' title='bbox 3739 4728 3931 4796; x_wconf 77' lang='grc' dir='ltr'>βοῶντα</span> 
     </span>
    </p>
   </div>
   <div class='ocr_carea' id='block_1_103' title="bbox 2375 4816 3932 4889">
    <p class='ocr_par' dir='ltr' id='par_1_103' title="bbox 2375 4816 3932 4889">
     <span class='ocr_line' id='line_1_103' title="bbox 2375 4816 3932 4889; baseline -0.003 -15"><span class='ocrx_word' id='word_1_749' title='bbox 2375 4822 2466 4874; x_wconf 77' lang='grc' dir='ltr'>καὶ</span> <span class='ocrx_word' id='word_1_750' title='bbox 2495 4819 2661 4887; x_wconf 79' lang='grc' dir='ltr'>ὑγιῶς</span> <span class='ocrx_word' id='word_1_751' title='bbox 2687 4819 2906 4889; x_wconf 72' lang='grc' dir='ltr'>ἔχοντας</span> <span class='ocrx_word' id='word_1_752' title='bbox 2937 4818 3059 4880; x_wconf 70' lang='grc' dir='ltr'>τοὺς</span> <span class='ocrx_word' id='word_1_753' title='bbox 3086 4817 3284 4887; x_wconf 77' lang='grc' dir='ltr'>ἄνδρας</span> <span class='ocrx_word' id='word_1_754' title='bbox 3312 4816 3668 4881; x_wconf 74' lang='grc' dir='ltr'>ἀπολιπόντα,</span> <span class='ocrx_word' id='word_1_755' title='bbox 3704 4816 3932 4888; x_wconf 67' lang='grc' dir='ltr'><strong>νηφαὶίῳ</strong></span> 
     </span>
    </p>
   </div>
   <div class='ocr_carea' id='block_1_104' title="bbox 2378 4906 3931 4981">
    <p class='ocr_par' dir='ltr' id='par_1_104' title="bbox 2378 4906 3931 4981">
     <span class='ocr_line' id='line_1_104' title="bbox 2378 4906 3931 4981; baseline -0.005 -17"><span class='ocrx_word' id='word_1_756' title='bbox 2378 4912 2602 4981; x_wconf 81' lang='grc' dir='ltr'>στόματι</span> <span class='ocrx_word' id='word_1_757' title='bbox 2624 4911 2722 4971; x_wconf 74' lang='grc' dir='ltr'><strong>τὰς</strong></span> <span class='ocrx_word' id='word_1_758' title='bbox 2746 4909 2981 4971; x_wconf 83' lang='grc' dir='ltr'>αίνέσεις</span> <span class='ocrx_word' id='word_1_759' title='bbox 3012 4906 3103 4961; x_wconf 88' lang='grc' dir='ltr'><strong>τοῦ</strong></span> <span class='ocrx_word' id='word_1_760' title='bbox 3134 4906 3271 4960; x_wconf 86' lang='grc' dir='ltr'>Θεοῦ</span> <span class='ocrx_word' id='word_1_761' title='bbox 3302 4906 3726 4977; x_wconf 80' lang='grc' dir='ltr'>μεγαλύνοντας.</span> <span class='ocrx_word' id='word_1_762' title='bbox 3748 4909 3810 4960; x_wconf 83' lang='grc' dir='ltr'><strong>Οἱ</strong></span> <span class='ocrx_word' id='word_1_763' title='bbox 3846 4907 3931 4974; x_wconf 78' lang='grc' dir='ltr'>μὲν</span> 
     </span>
    </p>
   </div>
   <div class='ocr_carea' id='block_1_105' title="bbox 2372 4997 3930 5066">
    <p class='ocr_par' dir='ltr' id='par_1_105' title="bbox 2372 4997 3930 5066">
     <span class='ocr_line' id='line_1_105' title="bbox 2372 4997 3930 5066; baseline -0.006 -9"><span class='ocrx_word' id='word_1_764' title='bbox 2372 5001 2464 5058; x_wconf 75' lang='grc' dir='ltr'><strong>οὖν</strong></span> <span class='ocrx_word' id='word_1_765' title='bbox 2505 5000 2829 5063; x_wconf 71' lang='grc' dir='ltr'>κυκλοῦντες</span> <span class='ocrx_word' id='word_1_766' title='bbox 2855 5000 3016 5053; x_wconf 72' lang='grc' dir='ltr'>αὐτὸν</span> <span class='ocrx_word' id='word_1_767' title='bbox 3037 4997 3255 5065; x_wconf 78' lang='grc' dir='ltr'>ἄγγελοι</span> <span class='ocrx_word' id='word_1_768' title='bbox 3282 5037 3297 5061; x_wconf 95' lang='grc'><strong>,</strong></span> <span class='ocrx_word' id='word_1_769' title='bbox 3320 4998 3413 5050; x_wconf 70' lang='grc' dir='ltr'><strong>καὶ</strong></span> <span class='ocrx_word' id='word_1_770' title='bbox 3441 4997 3576 5066; x_wconf 85' lang='grc' dir='ltr'>πρὸς</span> <span class='ocrx_word' id='word_1_771' title='bbox 3602 4997 3669 5050; x_wconf 72' lang='grc' dir='ltr'><strong>τὰ</strong></span> <span class='ocrx_word' id='word_1_772' title='bbox 3692 4997 3930 5066; x_wconf 78' lang='grc' dir='ltr'>Θαύματα</span> 
     </span>
    </p>
   </div>
   <div class='ocr_carea' id='block_1_106' title="bbox 2373 5086 3931 5157">
    <p class='ocr_par' dir='ltr' id='par_1_106' title="bbox 2373 5086 3931 5157">
     <span class='ocr_line' id='line_1_106' title="bbox 2373 5086 3931 5157; baseline -0.006 -10"><span class='ocrx_word' id='word_1_773' title='bbox 2373 5092 2584 5156; x_wconf 74' lang='grc' dir='ltr'>καὶτὰς</span> <span class='ocrx_word' id='word_1_774' title='bbox 2613 5093 2783 5152; x_wconf 83' lang='grc' dir='ltr'>ἰάσεις</span> <span class='ocrx_word' id='word_1_775' title='bbox 2811 5088 3241 5155; x_wconf 75' lang='grc' dir='ltr'>διακονούμενοι,</span> <span class='ocrx_word' id='word_1_776' title='bbox 3265 5088 3572 5157; x_wconf 77' lang='grc' dir='ltr'>παρέμενον</span> <span class='ocrx_word' id='word_1_777' title='bbox 3597 5086 3771 5149; x_wconf 74' lang='grc' dir='ltr'>οὕτως</span> <span class='ocrx_word' id='word_1_778' title='bbox 3799 5086 3931 5153; x_wconf 76' lang='grc' dir='ltr'><strong>αὐτῷ</strong></span> 
     </span>
    </p>
   </div>
   <div class='ocr_carea' id='block_1_107' title="bbox 2375 5166 3931 5257">
    <p class='ocr_par' dir='ltr' id='par_1_107' title="bbox 2375 5166 3931 5257">
     <span class='ocr_line' id='line_1_107' title="bbox 2375 5166 3931 5257; baseline -0.008 -16"><span class='ocrx_word' id='word_1_779' title='bbox 2375 5188 2533 5257; x_wconf 80' lang='grc' dir='ltr'>μέχρι</span> <span class='ocrx_word' id='word_1_780' title='bbox 2566 5184 2759 5253; x_wconf 79' lang='grc' dir='ltr'>καιροῦ</span> <span class='ocrx_word' id='word_1_781' title='bbox 2779 5199 2795 5213; x_wconf 87' lang='grc'>·</span> <span class='ocrx_word' id='word_1_782' title='bbox 2833 5166 2951 5234; x_wconf 68' lang='grc' dir='ltr'>εἶτα</span> <span class='ocrx_word' id='word_1_783' title='bbox 2977 5180 3117 5234; x_wconf 79' lang='grc' dir='ltr'><strong>κατᾶ</strong></span> <span class='ocrx_word' id='word_1_784' title='bbox 3138 5180 3198 5232; x_wconf 80' lang='grc' dir='ltr'>τὸ</span> <span class='ocrx_word' id='word_1_785' title='bbox 3231 5178 3459 5246; x_wconf 74' lang='grc' dir='ltr'>σύνηθες</span> <span class='ocrx_word' id='word_1_786' title='bbox 3490 5179 3675 5242; x_wconf 79' lang='grc' dir='ltr'>αὐτοῖς</span> <span class='ocrx_word' id='word_1_787' title='bbox 3705 5181 3931 5237; x_wconf 64' lang='grc' dir='ltr'>εἰπόντος</span> 
     </span>
    </p>
   </div>
   <div class='ocr_carea' id='block_1_108' title="bbox 2368 5271 3929 5350">
    <p class='ocr_par' dir='ltr' id='par_1_108' title="bbox 2368 5271 3929 5350">
     <span class='ocr_line' id='line_1_108' title="bbox 2368 5271 3929 5350; baseline -0.01 -18"><span class='ocrx_word' id='word_1_788' title='bbox 2368 5278 2577 5350; x_wconf 75' lang='grc' dir='ltr'>γράψαι</span> <span class='ocrx_word' id='word_1_789' title='bbox 2605 5276 2698 5329; x_wconf 83' lang='grc' dir='ltr'>τοῦ</span> <span class='ocrx_word' id='word_1_790' title='bbox 2724 5274 2947 5345; x_wconf 84' lang='grc' dir='ltr'>Συμεών</span> <span class='ocrx_word' id='word_1_791' title='bbox 2968 5291 2982 5306; x_wconf 84' lang='grc'>·</span> <span class='ocrx_word' id='word_1_792' title='bbox 3011 5274 3226 5336; x_wconf 74' lang='grc' dir='ltr'>Οὐκέτι,</span> <span class='ocrx_word' id='word_1_793' title='bbox 3259 5272 3422 5339; x_wconf 75' lang='grc' dir='ltr'>φασὶν</span> <span class='ocrx_word' id='word_1_794' title='bbox 3464 5272 3684 5332; x_wconf 68' lang='grc' dir='ltr'>ἐκεῖνοι,</span> <span class='ocrx_word' id='word_1_795' title='bbox 3715 5271 3929 5338; x_wconf 66' lang='grc' dir='ltr'>γράφειν</span> 
     </span>
    </p>
   </div>
   <div class='ocr_carea' id='block_1_109' title="bbox 2376 5360 3928 5439">
    <p class='ocr_par' dir='ltr' id='par_1_109' title="bbox 2376 5360 3928 5439">
     <span class='ocr_line' id='line_1_109' title="bbox 2376 5360 3928 5439; baseline -0.009 -16"><span class='ocrx_word' id='word_1_796' title='bbox 2376 5371 2437 5423; x_wconf 75' lang='grc' dir='ltr'><strong>οὗ</strong></span> <span class='ocrx_word' id='word_1_797' title='bbox 2464 5370 2538 5439; x_wconf 81' lang='grc' dir='ltr'><strong>μὴ</strong></span> <span class='ocrx_word' id='word_1_798' title='bbox 2565 5366 2910 5438; x_wconf 75' lang='grc' dir='ltr'>προσθῶμεψ</span> <span class='ocrx_word' id='word_1_799' title='bbox 2939 5363 3201 5435; x_wconf 74' lang='grc' dir='ltr'><strong>ηὖξηνται</strong></span> <span class='ocrx_word' id='word_1_800' title='bbox 3226 5362 3333 5431; x_wconf 75' lang='grc' dir='ltr'><strong>γάρ</strong></span> <span class='ocrx_word' id='word_1_801' title='bbox 3357 5362 3414 5413; x_wconf 80' lang='grc' dir='ltr'><strong>ὲν</strong></span> <span class='ocrx_word' id='word_1_802' title='bbox 3441 5361 3525 5413; x_wconf 68' lang='grc' dir='ltr'>σοὶ</span> <span class='ocrx_word' id='word_1_803' title='bbox 3553 5360 3857 5429; x_wconf 73' lang='grc' dir='ltr'>περιςρανῶς</span> <span class='ocrx_word' id='word_1_804' title='bbox 3882 5360 3928 5409; x_wconf 75' lang='lat' dir='ltr'><strong>ul</strong></span> 
     </span>
    </p>
   </div>
   <div class='ocr_carea' id='block_1_110' title="bbox 2377 5448 3927 5519">
    <p class='ocr_par' dir='ltr' id='par_1_110' title="bbox 2377 5448 3927 5519">
     <span class='ocr_line' id='line_1_110' title="bbox 2377 5448 3927 5519; baseline -0.009 -8"><span class='ocrx_word' id='word_1_805' title='bbox 2377 5457 2472 5511; x_wconf 82' lang='grc' dir='ltr'>τοῦ</span> <span class='ocrx_word' id='word_1_806' title='bbox 2508 5457 2642 5511; x_wconf 82' lang='grc' dir='ltr'>Θεοῦ</span> <span class='ocrx_word' id='word_1_807' title='bbox 2677 5457 3004 5515; x_wconf 83' lang='grc' dir='ltr'>δυναστεῖαι,</span> <span class='ocrx_word' id='word_1_808' title='bbox 3054 5454 3149 5505; x_wconf 72' lang='grc' dir='ltr'>καὶ</span> <span class='ocrx_word' id='word_1_809' title='bbox 3197 5452 3374 5505; x_wconf 84' lang='grc' dir='ltr'>πάντα</span> <span class='ocrx_word' id='word_1_810' title='bbox 3421 5449 3565 5519; x_wconf 80' lang='grc' dir='ltr'>λόγῳ</span> <span class='ocrx_word' id='word_1_811' title='bbox 3614 5452 3705 5503; x_wconf 79' lang='grc' dir='ltr'>καὶ</span> <span class='ocrx_word' id='word_1_812' title='bbox 3725 5448 3927 5515; x_wconf 64' lang='grc' dir='ltr'>δυνάμει</span> 
     </span>
    </p>
   </div>
   <div class='ocr_carea' id='block_1_111' title="bbox 2372 5540 3928 5615">
    <p class='ocr_par' dir='ltr' id='par_1_111' title="bbox 2372 5540 3928 5615">
     <span class='ocr_line' id='line_1_111' title="bbox 2372 5540 3928 5615; baseline -0.009 -14"><span class='ocrx_word' id='word_1_813' title='bbox 2372 5549 2555 5601; x_wconf 65' lang='grc' dir='ltr'>λοιπὸν</span> <span class='ocrx_word' id='word_1_814' title='bbox 2591 5547 2731 5601; x_wconf 72' lang='grc' dir='ltr'>κατὰ</span> <span class='ocrx_word' id='word_1_815' title='bbox 2763 5546 2859 5615; x_wconf 73' lang='grc' dir='ltr'>τὴν</span> <span class='ocrx_word' id='word_1_816' title='bbox 2887 5545 2994 5597; x_wconf 88' lang='grc' dir='ltr'><strong>τῶν</strong></span> <span class='ocrx_word' id='word_1_817' title='bbox 3034 5542 3487 5613; x_wconf 78' lang='grc' dir='ltr'>προσερχομένων</span> <span class='ocrx_word' id='word_1_818' title='bbox 3514 5540 3696 5594; x_wconf 83' lang='grc' dir='ltr'>πίστιν</span> <span class='ocrx_word' id='word_1_819' title='bbox 3726 5542 3928 5609; x_wconf 69' lang='grc' dir='ltr'>γενήσε-</span> 
     </span>
    </p>
   </div>
   <div class='ocr_carea' id='block_1_112' title="bbox 698 5627 2257 5711">
    <p class='ocr_par' dir='ltr' id='par_1_112' title="bbox 698 5640 2257 5711">
     <span class='ocr_line' id='line_1_112' title="bbox 698 5640 2257 5711; baseline -0.006 -9"><span class='ocrx_word' id='word_1_820' title='bbox 698 5647 805 5702; x_wconf 86' lang='lat' dir='ltr'><strong>ﬁde</strong></span> <span class='ocrx_word' id='word_1_821' title='bbox 842 5646 1223 5701; x_wconf 87' lang='lat' dir='ltr'><strong>accedentium</strong></span> <span class='ocrx_word' id='word_1_822' title='bbox 1271 5643 1409 5708; x_wconf 86' lang='lat' dir='ltr'><strong>tibi;</strong></span> <span class='ocrx_word' id='word_1_823' title='bbox 1465 5641 1831 5711; x_wconf 88' lang='lat' dir='ltr'><strong>patrabuutur</strong></span> <span class='ocrx_word' id='word_1_824' title='bbox 1876 5640 2142 5695; x_wconf 89' lang='lat' dir='ltr'><strong>miracula</strong></span> <span class='ocrx_word' id='word_1_825' title='bbox 2177 5656 2257 5709; x_wconf 78' lang='lat' dir='ltr'><strong>pel</strong></span> 
     </span>
    </p>
   </div>
   <div class='ocr_carea' id='block_1_113' title="bbox 2360 5627 3925 5711">
    <p class='ocr_par' dir='ltr' id='par_1_113' title="bbox 2372 5627 3925 5704">
     <span class='ocr_line' id='line_1_113' title="bbox 2372 5627 3925 5704; baseline -0.005 -12"><span class='ocrx_word' id='word_1_826' title='bbox 2372 5657 2463 5693; x_wconf 86' lang='grc' dir='ltr'><strong>ται</strong></span> <span class='ocrx_word' id='word_1_827' title='bbox 2489 5639 2578 5691; x_wconf 68' lang='grc' dir='ltr'>διὰ</span> <span class='ocrx_word' id='word_1_828' title='bbox 2605 5638 2697 5689; x_wconf 81' lang='grc' dir='ltr'><strong>σοῦ</strong></span> <span class='ocrx_word' id='word_1_829' title='bbox 2731 5640 2787 5689; x_wconf 80' lang='grc' dir='ltr'><strong>ἐν</strong></span> <span class='ocrx_word' id='word_1_830' title='bbox 2816 5634 3058 5689; x_wconf 63' lang='lat' dir='ltr'><strong>metm</strong></span> <span class='ocrx_word' id='word_1_831' title='bbox 3093 5632 3292 5704; x_wconf 89' lang='grc' dir='ltr'>χειρῶν</span> <span class='ocrx_word' id='word_1_832' title='bbox 3322 5648 3440 5694; x_wconf 82' lang='grc' dir='ltr'>σου,</span> <span class='ocrx_word' id='word_1_833' title='bbox 3467 5634 3525 5683; x_wconf 73' lang='grc' dir='ltr'>ἐν</span> <span class='ocrx_word' id='word_1_834' title='bbox 3550 5632 3662 5701; x_wconf 76' lang='grc' dir='ltr'><strong>ἁφῇ</strong></span> <span class='ocrx_word' id='word_1_835' title='bbox 3697 5627 3925 5700; x_wconf 56' lang='lat' dir='ltr'><strong>unxit-ti;</strong></span> 
     </span>
    </p>
   </div>
   <div class='ocr_carea' id='block_1_114' title="bbox 686 5720 2257 5807">
    <p class='ocr_par' dir='ltr' id='par_1_114' title="bbox 686 5730 2257 5807">
     <span class='ocr_line' id='line_1_114' title="bbox 686 5730 2257 5807; baseline -0.006 -16"><span class='ocrx_word' id='word_1_836' title='bbox 686 5737 1106 5807; x_wconf 47' lang='lat' dir='ltr'><strong>,inipositionetn</strong></span> <span class='ocrx_word' id='word_1_837' title='bbox 1134 5749 1393 5789; x_wconf 88' lang='lat' dir='ltr'><strong>manuum</strong></span> <span class='ocrx_word' id='word_1_838' title='bbox 1425 5743 1664 5793; x_wconf 89' lang='lat' dir='ltr'><strong>tuarum,</strong></span> <span class='ocrx_word' id='word_1_839' title='bbox 1698 5746 1791 5801; x_wconf 82' lang='lat' dir='ltr'><strong>per</strong></span> <span class='ocrx_word' id='word_1_840' title='bbox 1834 5730 2126 5783; x_wconf 79' lang='lat' dir='ltr'><strong>tactionem</strong></span> <span class='ocrx_word' id='word_1_841' title='bbox 2171 5744 2257 5782; x_wconf 88' lang='lat' dir='ltr'><strong>me</strong></span> 
     </span>
    </p>
   </div>
   <div class='ocr_carea' id='block_1_115' title="bbox 2360 5720 3923 5807">
    <p class='ocr_par' dir='ltr' id='par_1_115' title="bbox 2375 5720 3923 5807">
     <span class='ocr_line' id='line_1_115' title="bbox 2375 5720 3923 5807; baseline -0.009 -26"><span class='ocrx_word' id='word_1_842' title='bbox 2375 5748 2485 5789; x_wconf 76' lang='grc' dir='ltr'>σου,</span> <span class='ocrx_word' id='word_1_843' title='bbox 2520 5730 2577 5781; x_wconf 81' lang='grc' dir='ltr'>ἐν</span> <span class='ocrx_word' id='word_1_844' title='bbox 2610 5726 2901 5799; x_wconf 82' lang='grc' dir='ltr'>κρασπέδῳ</span> <span class='ocrx_word' id='word_1_845' title='bbox 2933 5724 3025 5780; x_wconf 88' lang='grc' dir='ltr'><strong>τοῦ</strong></span> <span class='ocrx_word' id='word_1_846' title='bbox 3056 5726 3261 5779; x_wconf 84' lang='grc' dir='ltr'>σάκκου</span> <span class='ocrx_word' id='word_1_847' title='bbox 3294 5737 3411 5788; x_wconf 80' lang='grc' dir='ltr'>σου,</span> <span class='ocrx_word' id='word_1_848' title='bbox 3450 5720 3510 5773; x_wconf 76' lang='grc' dir='ltr'><strong>ἰν</strong></span> <span class='ocrx_word' id='word_1_849' title='bbox 3549 5724 3618 5792; x_wconf 77' lang='grc' dir='ltr'>τῇ</span> <span class='ocrx_word' id='word_1_850' title='bbox 3660 5721 3812 5791; x_wconf 48' lang='lat' dir='ltr'><strong>pain;</strong></span> <span class='ocrx_word' id='word_1_851' title='bbox 3845 5733 3923 5807; x_wconf 57' lang='grc' dir='ltr'><strong>σ’ρν</strong></span> 
     </span>
    </p>
   </div>
   <div class='ocr_carea' id='block_1_116' title="bbox 705 5800 2257 5901">
    <p class='ocr_par' dir='ltr' id='par_1_116' title="bbox 705 5822 2255 5901">
     <span class='ocr_line' id='line_1_116' title="bbox 705 5822 2255 5901; baseline -0.011 -12"><span class='ocrx_word' id='word_1_852' title='bbox 705 5830 864 5893; x_wconf 71' lang='lat' dir='ltr'><strong>ictos,</strong></span> <span class='ocrx_word' id='word_1_853' title='bbox 912 5844 1004 5901; x_wconf 75' lang='lat' dir='ltr'><strong>per</strong></span> <span class='ocrx_word' id='word_1_854' title='bbox 1037 5829 1304 5886; x_wconf 78' lang='lat' dir='ltr'><strong>ﬁmbriau</strong></span> <span class='ocrx_word' id='word_1_855' title='bbox 1360 5828 1534 5892; x_wconf 86' lang='lat' dir='ltr'><strong>sacci,</strong></span> <span class='ocrx_word' id='word_1_856' title='bbox 1589 5840 1684 5895; x_wconf 86' lang='lat' dir='ltr'><strong>per</strong></span> <span class='ocrx_word' id='word_1_857' title='bbox 1731 5824 1934 5895; x_wconf 82' lang='lat' dir='ltr'><strong>virgam</strong></span> <span class='ocrx_word' id='word_1_858' title='bbox 1989 5822 2255 5897; x_wconf 74' lang='lat' dir='ltr'><strong>palmeam</strong></span> 
     </span>
    </p>
   </div>
   <div class='ocr_carea' id='block_1_117' title="bbox 2360 5800 3922 5901">
    <p class='ocr_par' dir='ltr' id='par_1_117' title="bbox 2372 5800 3922 5886">
     <span class='ocr_line' id='line_1_117' title="bbox 2372 5800 3922 5886; baseline -0.01 -14"><span class='ocrx_word' id='word_1_859' title='bbox 2372 5815 2572 5886; x_wconf 67' lang='grc' dir='ltr'>ῥάϐδῳ,</span> <span class='ocrx_word' id='word_1_860' title='bbox 2606 5818 2665 5867; x_wconf 73' lang='grc' dir='ltr'>οὐ</span> <span class='ocrx_word' id='word_1_861' title='bbox 2697 5814 2801 5885; x_wconf 73' lang='grc' dir='ltr'>μὴν</span> <span class='ocrx_word' id='word_1_862' title='bbox 2830 5812 2962 5867; x_wconf 65' lang='grc' dir='ltr'>ἀλλὰ</span> <span class='ocrx_word' id='word_1_863' title='bbox 3004 5812 3096 5865; x_wconf 63' lang='grc' dir='ltr'><strong>καὶ</strong></span> <span class='ocrx_word' id='word_1_864' title='bbox 3118 5809 3208 5866; x_wconf 78' lang='grc' dir='ltr'>διὰ</span> <span class='ocrx_word' id='word_1_865' title='bbox 3240 5808 3403 5881; x_wconf 68' lang='grc' dir='ltr'>ψιλῆς</span> <span class='ocrx_word' id='word_1_866' title='bbox 3445 5807 3645 5874; x_wconf 74' lang='grc' dir='ltr'>κόνεως</span> <span class='ocrx_word' id='word_1_867' title='bbox 3678 5813 3819 5879; x_wconf 63' lang='grc' dir='ltr'>παρὰ</span> <span class='ocrx_word' id='word_1_868' title='bbox 3846 5800 3922 5856; x_wconf 68' lang='grc' dir='ltr'>σοῦ</span> 
     </span>
    </p>
   </div>
  </div>
