4092 6462
233 362 369 426 3041

1241 369 1416 427 νιΤΑ
1456 370 1502 426 Α
1547 365 1982 425 NICEPHORO
2021 366 2508 426 CONSCRIPTA.

3369 368 3508 426 3052

217 473 370 533 στοῦ,
406 473 498 524 καὶ
527 473 626 528 τοῦ
655 475 989 546 θεράποντος
1017 475 1180 528 αὑτοῦ
1213 473 1460 546 Συμεὼν,
1491 473 1570 526 ἔτι
1601 473 1696 524 καὶ
1725 471 1812 524 θυ·

1920 471 2022 534 nis,
2093 472 2375 526 candelam
2429 471 2760 532 accendunt,
2822 473 3046 540 insuper
3111 481 3167 526 et
3221 472 3506 530 incensum

214 562 403 632 μίαμα
433 567 878 634 προσαγαγόντες
905 584 918 596 °
954 567 1049 619 καὶ
1085 567 1283 619 αὐτίκα
1313 567 1389 635 τῷ
1418 566 1685 635 νεανίσκῳ
1717 563 1812 634 (ὡς

212 652 356 703 πολὺ
390 655 448 706 τὸ
480 655 683 724 πλῆθος
709 657 810 724 τῆς
842 658 1215 727 χρηστότητος
1250 675 1366 720 σου,
1400 656 1595 726 Κύριε,
1629 653 1695 726 ἦς
1727 657 1811 719 ἐξ-

212 741 460 807 ειργάσω
506 747 614 806 τοῖς
649 745 960 808 ἐλπίζουσιν
992 748 1083 799 ἐπὶ
1121 746 1180 799 σέ
1207 747 1254 812 l)
1285 747 1343 799 τὸ
1378 746 1485 798 τῶν
1515 745 1813 813 ὀιρθαλμών

214 828 374 894 αὗθις
428 837 674 887 ἐπάνεισι
725 836 842 903 φῶς
869 875 880 888 .
929 838 1157 906 Ἕτερος
1192 837 1299 889 ὑπὸ
1343 853 1486 898 τινος
1525 837 1681 889 νόσου
1715 836 1814 906 τὴν

211 923 426 975 κοιλίαν
461 924 741 992 διώγκωτο
767 943 780 956 °
816 928 1086 996 ἰατρικαῖς
1111 929 1291 979 τοίνυν
1316 927 1532 995 τέχναις
1555 925 1814 996 οἰμώζειν

213 1015 388 1066 εἰπὼν
434 1018 523 1067 τὸν
572 1017 715 1069 θεῖον
763 1019 990 1088 Συμεὼν
1036 1021 1116 1082 εἰς
1170 1020 1312 1071 ἴασιν
1353 1017 1445 1069 τοῦ
1485 1017 1687 1079 πάθους
1729 1019 1814 1082 ἐξ⁶

215 1107 488 1157 εκαὶείτο.
553 1108 662 1159 Καὶ
734 1109 1008 1161 δείκνυσιν
1069 1109 1236 1172 ὕπνος
1294 1109 1442 1178 αὐτῷ
1500 1110 1592 1162 τὸν
1647 1111 1814 1179 ἄνδρα

215 1199 509 1264 σωτήριον,
565 1197 826 1251 ἐπιθέντα
869 1199 945 1269 τῷ
989 1199 1152 1252 πάθει
1198 1201 1256 1252 τὸ
1303 1201 1658 1269 Εύαγγὲλιον.
1707 1202 1817 1253 Καὶ

215 1289 544 1355 συναπέπτη
580 1288 656 1356 τῷ
695 1287 846 1358 ὕπνῳ
897 1291 958 1341 τὸ
1007 1291 1199 1355 πάθος,
1246 1293 1338 1342 καὶ
1371 1291 1528 1362 ὑγιὴς
1568 1294 1596 1344 ὀ
1630 1292 1814 1354 κακῶς

214 1375 358 1443 ἔχων
403 1377 761 1440 δ.υττνισθε“ις,
808 1379 886 1448 τῷ
935 1379 1102 1449 Ἀγίῳ
1135 1379 1448 1450 προσελθὼν
1497 1380 1557 1432 τὸ
1591 1380 1813 1448 γεγονὸς

213 1468 575 1532 ἀπαγγέλλει.

294 1559 354 1622 ξ’.
390 1559 548 1609 Οὕτω
569 1558 621 1609 δὲ
651 1557 758 1612 τῶν
789 1559 920 1629 παρ’
941 1561 1105 1612 αὐτοῦ
1137 1560 1430 1629 θαυμάτων
1469 1559 1555 1610 ἴσα
1590 1561 1683 1611 καὶ
1716 1576 1813 1610 πο-

185 1672 194 1680 ·
215 1654 416 1718 ταμοῑς
447 1651 743 1720 χεομένων,
781 1654 1152 1723 συνέρῤευσάν
1177 1669 1304 1704 ποτε
1333 1653 1465 1721 πρὸς
1487 1652 1648 1703 αὑτὸν
1671 1651 1814 1719 ὄχλοι

218 1742 425 1804 πολλοὶ,
477 1747 678 1813 κηροὺς
711 1744 1039 1814 ἀνάψαντες,
1094 1746 1189 1796 καὶ
1231 1745 1451 1806 τούτους
1509 1746 1602 1796 ἐπὶ
1645 1743 1814 1795 καλά-

218 1853 340 1902 μων
368 1836 693 1904 πηξάμενοι,
723 1837 838 1906 Θεῴ
873 1854 931 1889 τε
961 1837 1025 1889 δι’
1050 1837 1218 1890 αὑτοῦ
1248 1836 1652 1906 προσφέροντες
1675 1837 1807 1888 άνα-
1848 1809 1888 1866 Β

215 1928 444 1994 (Nisum
467 1945 479 1956 '
525 1929 713 1998 ἐπειδὴ
750 1930 845 1980 καὶ
879 1928 1036 1980 τοῦτο
1065 1929 1262 1998 δεκτὴν
1310 1927 1538 1988 ἕκαστος
1570 1926 1685 1996 ᾔδει
1721 1925 1812 1977 θυ-

216 2018 364 2078 σίαν,
387 2019 524 2087 ὅπερ
547 2021 609 2070 ἂν
635 2021 699 2070 δι’
725 2020 889 2072 αὑτοῦ
911 2021 1286 2088 προσενέγκοι.
1327 2018 1384 2070 '0
1403 2018 1458 2070 δὲ
1485 2018 1618 2087 προς
1640 2015 1810 2069 ταῦτα

217 2113 321 2179 μὲν
357 2113 448 2162 καὶ.
472 2112 593 2162 λίαν
623 2111 1013 2181 ἁπαραδέκτως
1038 2108 1149 2180 εἶχε
1175 2128 1186 2141 ’
1210 2111 1342 2180 πρὸς
1367 2111 1423 2162 δὲ
1447 2111 1570 2171 τοὺς
1597 2109 1808 2178 ὄχλους,

215 2203 280 2253 Εἰ
315 2203 410 2254 καὶ
457 2203 521 2254 τὰ
551 2205 679 2272 παρ’
718 2202 893 2272 ὑμῶν,
925 2201 1100 2268 ἔλεγε,
1143 2202 1561 2271 ’προσφερόμενα
1602 2201 1814 2270 λαμὸάο

211 2313 331 2347 νειν
357 2297 541 2357 αὐτὸς,
562 2297 802 2362 ἀδελφοὶ,
832 2296 906 2364 μὴ
929 2294 1242 2364 βουλοίμην,
1273 2295 1507 2346 παλαιάν
1529 2294 1811 2363 φυλάττων

215 2391 316 2442 καὶ
353 2389 634 2456 ἡλικιῶτιν
667 2389 958 2457 συνήθειαν
979 2405 992 2418 ⁶
1032 2389 1165 2441 ἀλλὰ
1192 2389 1356 2442 δεκτὰ
1385 2389 1676 2457 γεγένηται
1710 2387 1809 2457 ἤδη

212 2481 358 2548 Θεῷ,
388 2481 465 2550 τῷ
496 2482 732 2533 άνενδεεῖ
767 2481 864 2550 μὲν
899 2482 1179 2543 ἁπάντων,
1210 2482 1379 2550 μόνην
1408 2481 1462 2532 δὲ
1493 2479 1813 2550 προαίρεσιν

213 2573 349 2640 παρ’
384 2571 541 2640 ἡμῶν
576 2573 652 2631 εἰς
679 2572 882 2638 ἀγαθὸν
924 2572 1266 2624 ἀπαιτοῦντι.
1302 2573 1477 2641 Ὅπερ
1520 2571 1707 2624 ἐλύπει
1746 2572 1811 2624 τὰ

211 2664 421 2732 πλήθη.
453 2662 548 2715 καὶ
582 2663 789 2733 σφόδρα
809 2664 904 2731 τῆς
943 2664 1176 2716 ἑκάστου
1211 2664 1442 2733 καρδίας
1473 2665 1698 2734 ἥπτετο,
1724 2665 1813 2716 εὑ-

216 2753 556 2822 προσδέκτου
587 2752 839 2822 καθάπερ
873 2753 1022 2822 αύτῴ
1062 2755 1160 2823 τῆς
1199 2753 1388 2815 θυσίας
1425 2753 1487 2804 οὐ
1509 2754 1813 2822 γεγενημέ·
1871 2757 1873 2759 ’

215 2862 336 2912 νης.
369 2844 541 2896 Τοῦτο
574 2845 758 2896 τοίνυν
792 2845 1002 2906 ἰδόντας
1064 2847 1191 2906 τοὺς
1239 2844 1489 2913 μαθητὰς
1524 2843 1813 2913 βουλεύσα-

218 2935 346 2986 σθαι
381 2935 506 2986 καθ’
537 2937 787 2999 ἑαυτοὺς,
826 2935 966 2988 ὥστε
1003 2936 1185 3006 κρύφα
1217 2935 1518 3003 λαμϐάνειν
1558 2936 1624 2987 τὰ
1654 2952 1811 3004 κομι-

215 3025 446 3093 ζόμιενα.
491 3027 548 3079 Ὀ
581 3028 636 3079 δὲ
677 3029 811 3096 μηδὲ
855 3029 955 3095 τὴν
983 3027 1279 3095 ἑκθύμῃσιν
1313 3027 1492 3078 αὐτῶν
1518 3028 1812 3095 ἀγνοήσας,

1917 563 2159 617 oderunt
2187 582 2199 617 :
2232 579 2356 616 cum
2397 580 2426 617 e
2461 565 2693 633 vesligio
2740 565 2926 633 (quam
2965 567 3250 633 multiplex
3283 578 3366 622 est
3410 568 3509 620 be-

1916 654 2157 723 nignitas
2195 664 2310 715 tua,
2358 654 2611 715 Domine,
2654 669 2818 722 quam
2851 656 3114 722 speranti:
3143 672 3205 708 us
3233 656 3284 708 in
3335 665 3383 708 te
3417 673 3513 710 ex-

1919 745 2181 798 hibuisti!
2211 747 2225 812 )
2255 745 2402 799 oculi
2443 744 2813 798 adolescentis
2860 745 3059 798 iterum
3097 745 3507 800 illuminantur.

1916 836 2087 900 Alter,
2129 836 2218 890 cui
2253 845 2448 889 venter
2478 836 2672 888 morbo
2698 837 2937 904 quodam
2976 836 3336 898 intumuerat,
3373 839 3511 892 nihil

1917 936 2034 981 arte
2062 928 2272 981 medica
2311 929 2602 982 levaminis
2637 939 2920 996 expertus.
2970 927 3296 999 Symeonem
3336 945 3515 983 reme-

1917 1021 2069 1074 dium
2104 1021 2313 1075 doloris
2344 1022 2426 1075 sui
2460 1022 2775 1090 postulabat
2808 1039 2822 1074 :
2858 1035 2990 1075 ecce
3027 1034 3211 1076 autem
3255 1022 3514 1076 salutaris

1917 1127 2145 1166 somnus
2201 1115 2427 1168 ex'ltibet
2457 1115 2533 1168 illi
2590 1115 2807 1179 virum,
2875 1129 3093 1168 sacrum
3151 1114 3511 1182 Evangelium

1915 1202 2124 1256 dolenti
2174 1204 2424 1256 membro
2474 1203 2873 1272 imponcntem,
2907 1220 3017 1273 quo
3048 1219 3275 1256 somnus
3304 1203 3516 1271 pariter

1916 1303 1972 1348 et
2013 1295 2171 1347 dolor
2199 1296 2412 1364 depulsi
2444 1305 2596 1350 sunt.
2636 1295 2816 1350 Sanus
2870 1296 3036 1365 igitur
3081 1305 3201 1363 post
3253 1309 3514 1348 somnum

1917 1383 2116 1442 factus,
2150 1384 2241 1451 qui
2279 1385 2418 1436 male
2449 1385 2740 1448 habuerat,
2774 1385 2838 1437 ad
2872 1394 3123 1438 sanctum
3159 1383 3414 1448 accessit,
3459 1396 3518 1438 et

1917 1475 2062 1540 quod
2111 1474 2423 1542 contigerat
2467 1474 2830 1528 renuntiavit.

1991 1563 2076 1616 60.
2119 1561 2254 1616 Dum
2294 1566 2364 1617 ita
2391 1565 2626 1635 Symeon
2661 1565 2991 1619 miraculosa
3046 1563 3312 1618 beneficia
3352 1564 3513 1633 quasi

1919 1655 2085 1724 pleno
2121 1656 2358 1709 eﬂ‘undit
2397 1657 2577 1718 alveo,
2627 1656 2830 1710 accidit
2869 1656 3167 1724 aliquando
3204 1655 3395 1709 turbas
3445 1655 3515 1709 ad

1921 1746 2072 1799 illum
2102 1747 2422 1816 frequentes
2451 1747 2754 1811 confluere,
2779 1763 3041 1801 accensos
3066 1762 3257 1800 cereos
3285 1747 3518 1800 summis

1919 1838 2289 1892 arundinibus
2343 1842 2539 1892 inlixos
2583 1840 2961 1908 praeferentes,
3013 1840 3361 1891 anathemata
3403 1837 3514 1890 Deo

1921 1943 2018 1996 per
2065 1929 2390 2000 Symeonem
2427 1930 2715 1983 oblaturas
2762 1948 2775 1986 :
2817 1940 3048 1984 neverat
3100 1932 3246 1984 enim
3279 1931 3514 2000 quisque

1919 2021 2259 2089 acceptabile
2299 2021 2350 2074 id
2377 2023 2708 2075 sacrificium
2747 2022 2887 2086 fore,
2925 2023 3070 2090 quod
3100 2039 3194 2091 per
3230 2023 3379 2076 illius
3402 2039 3516 2076 ma-

1919 2125 2024 2163 nus
2056 2110 2397 2167 immolatum
2439 2113 2652 2167 fuisset.
2704 2113 2768 2167 At
2801 2115 2890 2166 ille
2922 2114 3065 2166 dona
3096 2113 3319 2181 quidem
3353 2113 3516 2166 mini-

1919 2212 2008 2252 me
2037 2206 2151 2253 rata
2205 2201 2399 2255 habuit
2432 2213 2598 2271 atque
2627 2213 2884 2272 accepta;
2919 2204 3107 2257 turbas
3146 2218 3279 2256 vero
3321 2203 3392 2255 ita
3433 2213 3518 2256 est

1920 2289 2193 2345 allocutus
2238 2311 2249 2346 :
2287 2293 2610 2351 Oblatioues
2653 2306 2867 2350 vestras
2901 2312 3001 2367 ego
3043 2313 3152 2350 non
3215 2296 3514 2359 admisero,

1920 2383 2139 2446 fratres,
2156 2387 2396 2457 antiquae
2416 2399 2472 2443 et
2489 2390 2774 2444 hodierna.-
2797 2390 3217 2444 consueludinis
3234 2388 3520 2442 servanda:

1921 2477 2204 2531 studiosus
2231 2496 2244 2533 :
2276 2490 2659 2535 verumtamen
2695 2491 2994 2549 acceptam:
3028 2484 3134 2551 jam
3165 2499 3193 2533 a
3223 2482 3335 2534 Deo
3363 2489 3514 2542 sunt,

1922 2568 2016 2636 qui
2051 2585 2236 2622 rerum
2269 2579 2584 2625 nostrarum
2617 2572 2691 2625 nil
2751 2574 2989 2642 indigus,
3031 2573 3204 2627 solam
3250 2572 3516 2627 intentio-

1922 2677 2048 2715 nem
2074 2663 2272 2717 bonam
2303 2663 2430 2717 boni
2467 2664 2727 2718 consulit.
2772 2666 2902 2729 Quae
2928 2666 3106 2718 oratio
3138 2665 3376 2740 tristitiae
3408 2681 3516 2718 non

1924 2755 2189 2809 mediocri
2221 2757 2399 2810 turbis
2433 2757 2562 2820 fuit,
2593 2769 2649 2812 et
2672 2759 2889 2814 animos
2919 2775 3026 2812 non
3066 2760 3228 2813 aliter
3262 2759 3515 2829 pupugit,

1923 2861 2085 2914 quam
2121 2848 2165 2902 si
2214 2849 2507 2917 reprobata
2549 2851 2759 2904 oblatio
2800 2850 3017 2904 fuisset.
3056 2851 3211 2916 Quod
3263 2853 3519 2904 animad-

1922 2946 2202 2991 vertentes
2238 2939 2497 3008 discipuli
2534 2941 2828 2994 consilium
2869 2941 3119 2994 inierunt
3163 2942 3305 2994 inter
3343 2958 3423 3004 se,
3459 2950 3521 2994 ut

1923 3029 2062 3081 clam
2086 3030 2458 3084 subducerent
2485 3048 2607 3100 qntc
2631 3033 2790 3084 allata
2817 3040 2998 3084 erant.
3020 3033 3223 3085 Verum
3254 3032 3517 3103 Symeon,

215 3118 603 3188 αὐστηροτέρᾳ
639 3123 792 3188 φωνῇ
825 3119 1064 3180 καλέσας
1092 3119 1287 3180 αὐτοὺς
1310 3157 1322 3180 ,
1363 3117 1675 3186 Ἢγνόητσι,
1709 3133 1813 3184 φη-

1924 3137 2088 3189 quem
2125 3123 2490 3190 cogitationes
2535 3124 2756 3176 illorum
2793 3124 2938 3177 haud
2981 3123 3148 3194 fugiel
3172 3135 3287 3187 aut,
3324 3139 3517 3179 severa

222 3209 334 3269 σὶν,
373 3209 521 3277 ὑμῖν,
556 3210 582 3261 'o'
608 3212 658 3260 τί
689 3228 818 3261 ποτε
860 3214 964 3280 ἄρα
999 3211 1259 3262 πεπόνθοι
1289 3211 1439 3280 παρὰ
1465 3212 1541 3278 τῷ
1574 3211 1810 3280 Ἰσραὴλ,

213 3301 244 3350 ὁ
276 3297 352 3366 τῷ
385 3299 608 3367 χαλεπῴ
655 3300 818 3352 πάθει
859 3303 958 3368 τῆς
1000 3301 1366 3369 φιλαργυρίας
1404 3301 1584 3365 ἁλοὺς,
1620 3303 1714 3352 καὶ
1759 3301 1820 3352 τὸ

219 3389 462 3458 χρυσοῦν
497 3390 845 3459 βούγλωσσον
887 3391 1123 3460 συλήσας
1159 3391 1250 3444 τοῦ
1285 3393 1650 3461 ἁναθέματος;
1679 3392 1729 3442 τί
1761 3391 1818 3443 δὲ

219 3483 384 3551 Γιεζὴ
433 3483 493 3534 τὸ
536 3483 842 3534 Ἐλισσαίου
897 3485 1204 3554 παιδάριον,
1244 3486 1391 3546 ὅπως
1430 3485 1527 3556 τὴν
1569 3485 1819 3555 Ναιεμάν

217 3575 429 3643 λέπραν
479 3575 883 3644 κατεδικάσθη;
942 3576 1076 3628 ἀλλὰ
1133 3580 1228 3628 καὶ
1265 3576 1466 3638 Ἰούδας
1514 3578 1675 3639 αὐτὸς
1721 3577 1820 3645 τῆς

217 3665 593 3732 ἀποστολικῆς
648 3666 899 3718 ἐκπεσὼν
935 3671 1157 3738 χάριτός
1189 3685 1246 3721 τε
1296 3669 1391 3719 καὶ
1422 3669 1650 3731 τάξεως.
1689 3685 1822 3739 προ-

220 3757 384 3817 δὸτπς
411 3772 466 3806 τε
494 3756 586 3806 τοῦ
613 3756 949 3808 Διδασκάλον
973 3757 1265 3825 γενόμενος
1295 3757 1389 3809 καὶ
1413 3756 1814 3826 ἀπαγξάμενος,

217 3849 316 3898 κῖιὶ
365 3848 524 3916 μέσος
577 3848 859 3914 λακήσαςς
895 3851 1034 3918 Πρὸς
1089 3850 1262 3902 ταῦτα
1301 3851 1409 3902 δέει
1438 3851 1734 3918 ληφθέντες
1771 3853 1819 3904 οἱ

224 3959 257 4008 μ
271 3939 336 3990 αθ
350 3939 492 4006 grai,
529 3937 783 4007 ίίψαντες
810 3944 887 4003 εἰς
917 3941 1113 4009 ἔδαφος
1147 3944 1372 4004 ἑαυτοὺς
1403 3943 1728 4011 αἰτήσαντες
1760 3961 1818 3994 τε

225 4028 563 4096 συγγνὼμτν
620 4033 714 4082 καὶ
762 4031 1039 4094 λαϐόντες,
1092 4035 1418 4102 ἀνέστησαν,
1488 4034 1662 4087 πολλὰ
1693 4035 1822 4104 σφί-

220 4139 310 4172 σιν
382 4121 566 4184 αὐτοῖς
633 4122 743 4175 τῶν
814 4127 1095 4195 προτέρων
1160 4127 1604 4197 ἐπιμεμφόμενοι
1669 4128 1819 4194 λογι-

217 4209 345 4277 σμῶ
359 4232 395 4262 2.

296 4301 396 4364 531'.
451 4303 840 4374 Ἀπεκαλύφθη
873 4306 1002 4358 ποτὲ
1051 4305 1124 4375 τῷ
1170 4307 1400 4378 Συμεὼν
1428 4309 1570 4376 άπερ
1601 4307 1694 4360 ἐπὶ
1721 4310 1822 4376 τὴν

228 4394 508 4462 ’Λντιὸχου
542 4393 642 4462 φεῦ
680 4397 692 4448 l
730 4397 1036 4464 ἐπάγεσθαι
1061 4399 1287 4468 ἤμελλε.
1341 4400 1421 4452 Τὰ
1449 4399 1503 4452 δὲ
1537 4395 1624 4470 ἦν,
1660 4399 1822 4452 πνεύ-

1920 3228 2054 3266 voce
2085 3213 2373 3269 advocatis
2399 3215 2534 3269 dicit
2574 3234 2586 3268 :
2618 3215 2878 3284 Nunquid
2922 3217 3095 3286 ignari
3129 3219 3285 3280 estis,
3313 3227 3518 3286 quanta

1921 3303 2050 3357 olim
2087 3320 2284 3372 passus
2337 3305 2600 3360 sitlsrael
2655 3316 2884 3375 propter
2935 3323 3084 3370 eum,
3123 3308 3216 3376 qui
3275 3308 3521 3362 avaritiae

1921 3395 2073 3464 gravi
2109 3396 2330 3450 aﬂ‘ectui
2359 3413 2416 3451 se
2441 3397 2690 3459 tradidit,
2718 3407 2773 3452 et
2798 3399 3041 3468 linguam
3073 3399 3147 3467 (8)
3173 3415 3398 3453 auream
3431 3416 3520 3453 ra-

1920 3488 2122 3554 puitex
2144 3488 2690 3555 anathemate?Quid
2718 3488 2893 3550 Giezi,
2921 3506 3056 3558 puer
3089 3491 3264 3544 Elisrei
3291 3492 3311 3542 Υ
3336 3507 3518 3546 nonne

1922 3579 2108 3647 leprzc,
2133 3595 2238 3648 qua
2271 3579 2515 3632 Naaman
2561 3581 2739 3633 fuerat
2765 3581 3024 3642 infectus,
3071 3581 3361 3635 damnatus
3395 3582 3521 3635 est?

1922 3669 2063 3735 Quid
2100 3687 2397 3724 memorem
2433 3671 2654 3733 Judam,
2677 3673 2768 3740 qui
2796 3688 2826 3726 e
2861 3689 3093 3726 numero
3114 3683 3168 3726 ct
3190 3675 3362 3743 gratia
3387 3691 3521 3743 apo-

1923 3761 2190 3814 stolorum
2227 3762 2454 3825 excidit,
2486 3763 2736 3831 proditor
2783 3762 3019 3829 Magistri
3066 3764 3149 3817 sui
3200 3764 3412 3828 factus;
3464 3775 3522 3820 et

1921 3854 2298 3921 strangulatus
2330 3856 2546 3922 crepuit
2579 3855 2833 3907 medius?
2858 3854 2936 3906 Ad
2980 3855 3095 3908 ha-c
3129 3856 3294 3908 verba
3331 3859 3522 3909 exani-

1923 3944 2052 3997 mati
2107 3944 2300 3997 timore
2333 3944 2614 4012 discipuli,
2651 3946 2808 4013 proni
2852 3961 2910 4000 se
2957 3947 3010 3999 in
3047 3954 3251 3999 terram
3289 3945 3516 4008 dedere,

1923 4034 2140 4088 veniam
2177 4035 2574 4102 deprecantes;
2619 4051 2782 4104 quam
2825 4035 2917 4088 ubi
2954 4036 3342 4104 impetrarunt,
3398 4051 3522 4088 sur-

1923 4134 2116 4194 gentes
2151 4125 2342 4178 multis
2374 4140 2495 4179 sese
2523 4126 2856 4180 incusavere
2884 4126 2956 4180 ob
2978 4127 3163 4196 priora
3204 4143 3302 4180 sua
3357 4127 3515 4197 cogi-

1927 4225 2056 4270 tata.

1993 4307 2081 4361 6i.
2119 4309 2382 4362 Revelata
2431 4310 2676 4379 quodam
2731 4319 2981 4379 tempore
3044 4309 3306 4381 Symeoni
3379 4319 3513 4364 sunt

1926 4399 2066 4451 mala
2109 4415 2230 4466 qua:
2281 4415 2452 4468 super
2516 4400 2867 4454 Antiochiam
2940 4401 3254 4454 inducenda
3305 4413 3512 4454 essent.

219 4503 298 4554 μα
336 4485 614 4555 μάχαιραν
669 4488 1174 4559 ἐγκεχειρισμένον,
1214 4491 1308 4543 καὶ
1351 4490 1559 4543 ἄνωθεν
1600 4493 1686 4542 ἐπ’
1722 4491 1816 4542 αύ-

1924 4489 2095 4542 Ιᾷττιηι
2134 4499 2317 4543 autem
2351 4491 2703 4561 hujusmodi:
2766 4493 2998 4562 angelus
3049 4493 3290 4561 gladium
3326 4501 3519 4548 tenens

215 4581 320 4646 τὴν
391 4579 718 4646 φερόμενον.
791 4579 1014 4647 Ἑϐὀησε
1061 4581 1356 4650 τοιγαροῦν
1414 4581 1553 4649 πρὸς
1608 4580 1814 4648 Κύριον

218 4667 364 4733 ὑπὲρ
426 4666 599 4736 αὐτῆς
657 4671 723 4737 τῇ
784 4669 1003 4740 καρδίᾳ,
1029 4670 1158 4741 ἔστη
1193 4687 1249 4722 τε
1286 4671 1425 4723 κατὰ
1451 4671 1543 4723 τὸν
1571 4672 1815 4740 Μωῦσῆν

218 4761 455 4811 ἐνώπιον
521 4760 710 4819 αὑτοῦ.
741 4761 835 4812 τοῦ
899 4761 1242 4831 ἀποστρέψαι
1286 4765 1375 4815 τὸν
1412 4762 1585 4831 θυμδν
1618 4763 1812 4826 αὐτοῦ,

217 4852 312 4899 καὶ
371 4849 446 4917 μὴ
495 4848 763 4903 ἐκκαῦσαι
827 4854 1006 4904 πᾶσαν
1048 4855 1147 4923 τὴν
1183 4853 1355 4925 ὀργὴν
1415 4853 1603 4906 αὑτοῦ.
1655 4854 1713 4906 Ὀ
1761 4853 1816 4906 δέ

221 4956 359 5004 φησι
385 4940 523 5009 πρὸς
553 4941 743 4993 αὐτόν’
793 4943 924 4995 Ἰδοὺ
955 4946 987 5012 ἡ
1012 4945 1230 5014 κραυγὴ
1262 4944 1360 5013 τῆς
1409 4946 1605 5005 κακίας
1647 4945 1818 5012 αὐτῆς

218 5028 391 5098 ανέὸη
453 5031 590 5101 πρὸς
646 5049 740 5101 με,
791 5036 877 5086 ἐπ’
910 5035 1081 5105 ὀργήν
1116 5053 1220 5105 μου
1266 5039 1360 5088 καὶ
1389 5037 1480 5088 ἐπὶ
1510 5037 1682 5106 θυμόν
1709 5039 1812 5106 μού

216 5123 417 5190 ἐστινὴ
447 5121 602 5186 πόλις
624 5124 786 5196 αὓτη,
819 5128 911 5179 καὶ
936 5128 1152 5194 ἁρανιῶ
1188 5128 1355 5199 αὐτὴν
1387 5131 1442 5180 ὲν
1478 5132 1597 5192 ταῖς
1628 5132 1813 5201 ἀμαρο

216 5212 360 5277 vim;
438 5214 635 5286 αὐτῆς,
703 5220 798 5271 καὶ
876 5217 1034 5271 δώσω
1092 5219 1203 5289 πῦρ
1232 5221 1316 5273 ἐπ’
1349 5220 1517 5291 αὐτὴν
1560 5223 1652 5274 καὶ
1683 5225 1816 5292 ῥομο

221 5308 389 5375 φαίαν
421 5309 519 5361 καὶ
553 5309 787 5364 θάνατον
817 5329 831 5344 °
866 5314 1006 5383 αὑτὴ
1038 5312 1359 5386 παρὼργισὲ
1392 5333 1457 5384 με
1489 5317 1544 5368 ἐν
1585 5319 1696 5380 τοῖς
1727 5319 1806 5370 εἰ-

219 5401 410 5468 δώλοις
436 5406 628 5475 αὐτῆς,
665 5408 875 5461 τιθεῖσα
905 5412 1186 5481 τράπεζαν
1221 5414 1331 5475 τοῖς
1366 5411 1585 5482 δαίμοσι
1616 5415 1713 5466 καὶ
1743 5417 1806 5485 τῇ

217 5493 380 5567 τύχῃ,
406 5495 562 5564 κάγὼ
611 5499 703 5551 ἐπὶ
760 5498 904 5552 ἔθνει
961 5502 1208 5571 ἀσυνέτῳ
1274 5503 1563 5574 παροργιῶ
1614 5505 1805 5574 αὐτὴν.

294 5628 611 5703 (8)-Αιν1ιτιη.
649 5632 694 5687 is
732 5633 836 5687 fuit
863 5635 980 5703 qui.
1014 5635 1180 5690 .losue
1217 5653 1308 5698 vn,
1352 5637 1419 5690 de
1459 5637 1809 5694 anathemate

221 5698 445 5752 .leticho
477 5702 602 5776 tulit
630 5704 732 5776 (uti
775 5698 1132 5774 Septuaginta
1164 5707 1392 5776 habent)
1425 5708 1672 5774 γλῶτταν
1706 5710 1809 5762 lin-

223 5785 404 5840 guam,
432 5770 577 5840 quod
633 5770 883 5844 vulgatus
939 5770 1116 5830 textus
1168 5770 1406 5847 regulari:
1437 5770 1617 5832 ’τρι-ιιι
1650 5796 1662 5831 :
1701 5795 1803 5834 ms.

1918 4598 2085 4636 manu
2115 4583 2169 4636 in
2204 4598 2331 4637 aere
2361 4583 2649 4637 ferebatur
2686 4600 2852 4654 supra
2883 4584 3186 4638 civitatem.
3248 4585 3518 4638 lnclama-

1918 4676 2000 4729 vit
2042 4676 2212 4746 igitur
2258 4685 2486 4731 sanctus
2540 4677 2832 4731 Dominum
2874 4693 2978 4746 pro
3033 4693 3096 4731 ea
3160 4684 3276 4730 toto
3327 4677 3517 4740 corde,

1914 4768 2187 4838 stetitque
2226 4778 2287 4824 ut
2322 4770 2465 4824 alter
2501 4769 2715 4840 Moyses
2746 4786 2935 4824 coram
2964 4770 3078 4832 illo,
3123 4781 3185 4822 ut
3235 4780 3520 4824 averteret

1929 4857 2172 4911 furorem
2210 4857 2384 4919 illius,
2421 4858 2833 4926 impediretque
2865 4872 2933 4910 ne
2969 4859 3176 4928 majore
3231 4858 3517 4912 iracundia

1928 4950 2392 5005 inﬂammarctur.
2418 4950 2567 5004 Dicit
2614 4961 2801 5004 autem
2858 4951 3129 5005 Dominus
3193 4951 3259 5004 ad
3326 4951 3516 5006 illum:

1927 5040 2071 5098 Ecce
2105 5044 2316 5096 clamor
2341 5054 2697 5111 peccatorum
2736 5043 2893 5097 urbis
2938 5043 3090 5096 illius
3153 5043 3399 5096 ascendit
3449 5043 3516 5096 ad

1927 5149 2038 5198 me,
2071 5135 2205 5188 iram
2237 5150 2302 5189 ac
2324 5135 2567 5190 furorem
2595 5150 2779 5189 meum
2811 5136 3045 5190 incurrit
3074 5135 3270 5205 impia;
3305 5134 3518 5204 disper-

1926 5227 2052 5281 dam
2091 5227 2264 5298 ipsam
2292 5228 2346 5282 in
2378 5229 2619 5298 peccatis
2662 5229 2808 5282 suis:
2870 5228 3166 5282 immittam
3229 5228 3432 5296 ignem,
3461 5235 3518 5282 et

1925 5319 2192 5390 gladium,
2237 5329 2587 5374 ctmortem:
2629 5323 2746 5391 ipsa
2802 5321 3045 5376 irritavit
3096 5338 3181 5376 me
3235 5338 3334 5390 per
3374 5321 3519 5378 idola

1921 5429 2041 5475 sua,
2072 5429 2282 5482 ponens
2319 5430 2564 5467 mensam
2597 5415 2945 5470 dminonibus
2993 5425 3047 5468 et
3086 5415 3356 5482 fortune;
3413 5433 3519 5486 ego

1920 5523 2140 5576 quoque
2174 5523 2272 5576 per
2309 5517 2528 5578 gentem
2590 5509 2948 5580 insipientem
3025 5509 3255 5564 irritabo
3312 5512 3513 5582 ipsam.

1920 5652 2174 5696 nostrum
2241 5643 2605 5712 βούγλωσσον,
2664 5663 2784 5716 qum
2841 5648 3010 5705 herba
3058 5665 3183 5704 cum
3248 5649 3409 5709 floret
3457 5656 3511 5712 in

1918 5727 2144 5837 scalptum
2170 5718 2428 5786 assurgit,
2469 5718 2736 5788 longioris
2776 5719 2951 5776 instar
2977 5721 3165 5788 virgre,
3205 5731 3417 5778 rectum
3447 5741 3513 5782 ac

1939 5797 2032 5837 ere
2064 5799 2171 5838 em.
