4092 6508
189 425 333 487 3049

1208 419 1381 481 VlTA
1427 418 1469 475 Α
1511 411 1943 474 NICEPHORO
1982 374 2464 468 CONSCRIP’fA.

3326 402 3467 463 3030

194 537 337 606 πρός
393 550 516 585 τινα
569 529 908 601 στρατιώτην
945 528 1233 600 σχολάριον
1263 529 1531 599 ἐξηγεῖτο,
1564 528 1769 597 αἰχμά-

1898 522 2117 575 icltolari
2153 520 2291 584 (l2),
2348 520 2441 588 qui
2496 526 2550 571 et
2601 518 2715 587 ipse
2773 517 2824 570 iu
2870 531 3149 571 carcerem
3203 516 3469 585 abreptus

185 626 364 678 >ωτον
408 624 507 676 καὶ
541 624 705 675 αὐτὸν
735 622 1032 691 ἀγόμενον,
1065 626 1158 675 καὶ
1192 623 1296 674 ὑπὸ
1328 622 1575 691 σιδηραῖς
1606 637 1772 686 κατε-

186 717 422 786 χόμενον
443 712 636 777 πέδαις
664 726 678 741 '
713 712 805 765 καί
838 728 887 764 τι
910 712 1004 765 καὶ
1034 711 1237 764 κλαίων
1270 710 1355 762 ἐπ’
1375 711 1537 772 ἐνίοις
1569 709 1771 768 αὐτῶν,

189 806 314 861 εἶτα
350 806 511 869 ζέσας
564 804 662 873 τὴν
700 802 877 873 ψυχὴν
907 806 1017 865 τοῖς
1046 803 1174 871 περὶ
1220 801 1383 855 αὑτοῦ
1414 802 1773 870 διηγήμασιν,

190 902 259 952 ἐκ
289 899 461 967 μέσης
516 914 575 948 τε
608 895 671 947 τὸ
716 894 810 947 τοῦ
854 894 1036 961 ’Λγίου
1061 893 1233 962 δνομα
1260 893 1485 962 καρδίας
1511 890 1771 950 καλέσας.

191 993 337 1044 ὥστε
370 990 465 1056 τῆς
520 986 762 1057 χαλεπῆς
791 986 1003 1054 ἐκείνης
1037 985 1331 1053 ἀναγωγῆς
1360 982 1645 1049 ἀνεθῆναι,
1686 979 1773 1032 διὰ

196 1083 363 1151 μέσου
394 1078 503 1130 τῶν
532 1077 825 1147 βαρϐάρων
857 1076 1023 1145 ὁρμᾷ,
1071 1077 1165 1126 καὶ
1208 1074 1330 1143 μηδ’
1355 1076 1459 1124 ὑπό
1509 1090 1603 1124 του
1649 1069 1776 1122 τού·

194 1188 305 1223 των
346 1168 725 1236 κατασχεθεὶς,
756 1166 1116 1229 ἀνασώζεται.
1145 1166 1322 1232 Ὅπερ
1354 1167 1380 1216 ό
1437 1161 1778 1232 στρατιώτης

198 1259 347 1321 ἰδὼν,
384 1260 478 1310 καὶ
529 1257 828 1317 πιστεύσας
879 1254 1140 1307 δύνασθαι
1196 1254 1355 1306 τοῦτο
1388 1255 1481 1306 καὶ
1515 1254 1602 1305 ἐπ’
1630 1252 1779 1320 αὐτῷ

196 1350 287 1402 τὸν
321 1349 514 1411 Ἀγιον
554 1347 792 1416 δρᾶσαι,
829 1343 928 1412 βοᾷ
976 1342 1113 1411 μετὰ
1148 1339 1365 1410 θερμῶν
1400 1338 1655 1408 δακρύων
1691 1338 1780 1388 εύ-

198 1443 319 1504 θὺς,
350 1441 597 1492 Δέσποτα
630 1438 832 1505 Χριστέ
864 1438 891 1489 ὁ
915 1436 1048 1497 Θεὸς
1080 1435 1173 1486 τοῦ
1192 1433 1380 1486 δούλου
1411 1449 1505 1485 σου
1531 1429 1778 1499 Συμεὼν,

199 1532 364 1603 ῥῦσαί
401 1548 469 1599 με
520 1532 618 1599 τῆς
675 1530 877 1596 πικρᾶς
903 1526 1107 1595 ταύτης
1157 1527 1249 1578 καὶ
1288 1523 1566 1593 βαρϐάρου
1599 1522 1782 1591 χειρὸς

199 1624 293 1675 καὶ
354 1621 616 1683 δουλείας.
652 1620 836 1672 Ταῦτα
894 1616 1177 1687 καμνούσῃ
1205 1616 1352 1685 ψυχῇ
1379 1614 1780 1682 φθεγξαμένου,

201 1714 407 1784 (Κύριε
432 1714 463 1764 ὁ
498 1713 639 1775 θεὸς
658 1705 776 1761 τῶν
803 1707 1235 1777 δυνάμεωτ,τίς
1254 1705 1457 1774 ὅμοιός
1485 1720 1583 1757 σοι
1607 1704 1649 1771 ;)
1684 1703 1783 1762 τὰς

205 1804 305 1875 μὲν
345 1804 565 1873 σιδηρᾶς
595 1802 806 1862 ἐκείνας
838 1800 1037 1852 αὐτίκα
1061 1798 1223 1860 πέδας
1246 1795 1391 1865 εἶχεν
1419 1798 1451 1866 ή
1480 1796 1577 1864 γῆ,
1621 1795 1782 1854 αὐτὸς

1886 613 2081 668 ferreis
2102 611 2467 681 compedibus
2497 610 3009 680 constringebatur,
3052 608 3339 662 inarravit.
3400 609 3468 662 Et

1886 715 2000 757 tum
2019 702 2241 772 quidem
2273 701 2389 756 suis
2418 700 2665 769 sociique
2696 699 2960 753 aerumnis
2992 698 3466 769 illacrymabatur,

1883 793 2085 848 deinde
2119 793 2306 846 animo
2333 792 2477 846 inter
2497 791 2811 861 liujusmodi
2830 791 3178 845 narrationes
3202 800 3464 853 aestuans,

1883 901 1951 939 ex
1979 884 2178 938 intimo
2208 884 2374 939 corde
2413 898 2619 936 nomen
2672 882 2848 935 sancti
2908 882 3171 934 invocat:
3221 891 3281 934 ut
3333 882 3471 935 dura

1888 974 1977 1027 illa
2025 973 2294 1027 servitute
2342 972 2643 1033 laxaretur,
2716 980 3011 1040 precatur;
3074 986 3174 1038 per
3234 969 3473 1023 mediam

1887 1063 2254 1116 Barbarnrum
2305 1061 2521 1116 turbam
2585 1061 2878 1130 pervadit;
2938 1076 3006 1114 ac
3076 1059 3300 1114 nemine
3362 1076 3474 1112 uno

1890 1151 2185 1220 prohibere
2218 1158 2313 1203 aut
2338 1150 2580 1204 retinere
2631 1158 2852 1210 conato,
2897 1147 3209 1202 libertatem
3272 1164 3468 1203 consr-

1888 1242 2101 1311 quitur.
2138 1241 2273 1293 Rem
2320 1256 2517 1293 novam
2574 1239 2809 1292 intuitus
2856 1239 3035 1301 miles,
3093 1238 3466 1307 credensque,

1888 1332 2081 1385 eadem
2112 1330 2165 1383 in
2193 1346 2251 1384 se
2280 1344 2499 1399 quoque
2533 1339 2783 1383 sanctum
2820 1343 3003 1397 posse,
3031 1329 3321 1381 confestim
3360 1345 3472 1382 non

1890 1424 2007 1477 sine
2070 1422 2330 1491 lacrymis
2380 1420 2683 1474 exclamat:
2756 1419 2986 1472 Domine
3043 1419 3174 1473 Iesu
3228 1419 3471 1482 Christe,

1891 1514 2035 1567 Deus
2067 1512 2253 1565 famuli
2290 1512 2366 1565 tui
2400 1510 2715 1581 Symeouis,
2753 1510 2905 1579 eripe
2935 1525 3021 1563 me
3046 1526 3075 1563 e
3105 1510 3475 1564 Barbarorum

1894 1603 2149 1656 manibus
2211 1611 2266 1655 et
2329 1602 2689 1656 acerbissima
2744 1601 2845 1655 hac
2889 1600 3174 1654 servitute.
3227 1601 3389 1656 Hisce
3442 1619 3473 1656 e

1891 1695 2057 1748 corde
2077 1694 2279 1747 aillicto
2309 1694 2554 1762 prolatis,
2576 1693 2821 1764 (Domine
2843 1694 2979 1747 Deus
3002 1696 3277 1759 virtutum,
3303 1700 3475 1766 ecquis

1890 1787 2077 1840 similis
2098 1796 2171 1839 cst
2196 1787 2272 1838 tui
2301 1785 2409 1854 "?)
2440 1786 2589 1840 illico
2618 1786 2809 1839 ferreae
2853 1786 3149 1855 compedes
3180 1787 3236 1841 in
3269 1795 3473 1842 terram

212 1896 270 1948 δὲ
345 1892 654 1962 ἀναμέσους
748 1891 860 1953 ὀξεῖ
946 1888 1025 1959 τῷ
1090 1889 1210 1941 ποδὶ
1280 1889 1406 1950 τοὺς
1472 1885 1782 1955 βαρϐάρους

1898 1878 2229 1941 reciderunt,
2266 1872 2466 1946 et'ipse
2503 1878 2672 1931 celeri
2720 1879 2890 1946 gradu
2925 1894 3025 1947 per
3078 1880 3292 1934 medios
3338 1882 3475 1934 Bar-

200 1985 423 2055 ἐχώρει,
481 1983 616 2044 πρὶς
658 1982 756 2051 τὴν
803 1980 1011 2033 οἰκείαν
1068 1980 1405 2048 φερόμενος⁸
1458 1977 1515 2039 ὃς
1567 1974 1784 2037 ἀπαθὴς

203 2075 393 2126 κακῶν
424 2071 757 2135 ἐπανελθὼν,
782 2071 990 2123 ἕκαστα
1026 2068 1214 2137 σαφῶς
1246 2068 1520 2138 ἐξηγεῖτο.

278 2249 377 2318 ξη¹.
417 2247 596 2317 Γέρων
635 2264 711 2309 τις
742 2245 837 2307 τὰς
870 2244 1020 2309 ὄψεις
1059 2244 1354 2305 ἀνακοπεὶς
1378 2285 1393 2307 ,
1426 2243 1658 2311 ἐκάθητο
1692 2260 1787 2293 τυ-

202 2342 338 2408 φλὸς
372 2339 679 2409 προσαιτῶν
700 2353 712 2367 ·
749 2337 1007 2407 ἐτύγχανε
1032 2337 1088 2389 δὲ
1121 2338 1229 2407 ἄρα
1257 2336 1555 2402 κατωτέρω
1595 2335 1789 2404 μικρὸν

202 2433 309 2499 τῆς
360 2433 545 2498 μονῆς,
568 2430 656 2482 ὅτε
689 2429 754 2480 δι’
784 2428 964 2494 ὀλίγου
989 2427 1191 2497 ταύτης
1215 2423 1378 2497 ἦλθον
1408 2429 1456 2479 οί
1497 2426 1787 2497 βάρϐαροι,

204 2522 303 2574 καί
328 2538 411 2582 τις
436 2520 616 2571 αὐτῶν
648 2516 757 2587 (οἷα
792 2518 935 2585 φιλεί
970 2516 1241 2587 βάρϐαρος
1271 2516 1415 2585 χεὶρ,
1451 2516 1667 2583 ἕτοιμος
1711 2516 1790 2575 εἰς

208 2611 494 2678 ἀναίρεσιν
540 2606 700 2672 εἶναι,
735 2609 828 2658 καὶ
858 2606 1110 2673 παίγνιον
1151 2605 1247 2674 ἡδύ
1284 2623 1338 2657 τι
1381 2604 1648 2657 ποιεῖσθαι
1695 2604 1793 2674 τὴν

206 2700 413 2769 ἐτέρων
441 2697 741 2766 ἀπώλειαν)
766 2697 843 2766 τῷ
886 2697 1027 2764 ξίφει
1067 2696 1159 2748 τοῦ
1217 2696 1487 2767 τραχήλου
1536 2712 1793 2764 κατενεγο

206 2791 345 2851 κὼν,
382 2791 602 2858 καιρίαν
636 2790 726 2841 τὸν
751 2789 979 2857 γέροντα
1012 2788 1273 2859 πλήττει·
1306 2788 1397 2840 καὶ
1442 2791 1470 2841 ὁ
1511 2788 1609 2858 μὲν
1642 2789 1794 2855 ἄφω-

207 2899 301 2944 νος
350 2880 559 2945 ἔκειτο,
594 2881 739 2949 μόνῳ
772 2878 848 2947 τῷ
880 2879 1052 2949 μικρὰ
1088 2879 1276 2931 πνέειν
1319 2878 1513 2948 νεκρὸς
1548 2872 1689 2930 εἶναι
1722 2878 1795 2947 μὴ

210 2971 621 3040 πιστευόμενος.
644 2971 820 3038 Ὅπερ
842 2969 935 3021 οὖν
968 2970 1060 3021 τὸν
1088 2968 1183 3021 τοῦ
1213 2969 1349 3021 Θεοῦ
1383 2968 1690 3039 θεράποντα
1714 2967 1790 3036 τῷ

208 3062 510 3117 ἑνοικοῦντι
566 3060 835 3130 πνεύματι
901 3059 1117 3126 γνόντα,
1149 3059 1489 3111 ἐντείλασθαί
1521 3075 1664 3110 τισιν
1700 3058 1794 3109 ἀν-

209 3154 506 3222 ελομένους
539 3152 629 3204 τὸν
660 3151 889 3220 γέροντα
915 3150 1136 3219 κομίσαι
1170 3150 1306 3218 πρὸς
1332 3150 1544 3202 ἐαυτόν.
1568 3148 1673 3202 Ῥοῦ
1698 3166 1794 3200 τυ-

210 3243 348 3314 φλοῦ
378 3243 557 3295 τοίνυν
586 3242 738 3310 παρὰ
769 3240 843 3310 τῷ
880 3242 1018 3293 κίονι
1043 3241 1414 3308 κομισθέντος,
1456 3240 1558 3309 γῆν
1590 3242 1795 3301 ἐκεῖνος

210 3335 308 3385 καὶ
352 3332 497 3401 ὕδωρ
532 3331 714 3393 λαϐὼν
755 3330 1071 3399 εὐλόγησεν,
1104 3325 1223 3382 εἶτα
1247 3330 1355 3382 τῶν
1385 3328 1645 3400 μαθητῶν
1680 3329 1799 3391 ἐνὸς

208 3424 390 3475 ταῦτα
419 3425 483 3491 τῇ
519 3424 698 3491 πληγῇ
736 3420 1039 3484 ἐπιθέντος,
1076 3420 1288 3488 γίνεταί
1314 3438 1365 3473 τι
1396 3419 1674 3472 κάνταῦθα
1706 3435 1802 3488 ση-

214 3517 395 3583 μεῖον,
434 3513 729 3581 ὀφθαλμῶν
776 3512 976 3581 μᾶλλον
1025 3512 1057 3581 ἢ
1097 3510 1249 3563 ὢτων
1291 3512 1370 3573 είς
1404 3510 1585 3563 πίστιν
1611 3510 1801 3579 δεόμε-

211 3621 339 3665 vovi
366 3604 426 3656 ού
456 3604 565 3673 γὰρ
594 3604 728 3655 ὀστᾶ
753 3602 841 3655 καὶ
859 3602 1024 3672 νεῦρα
1056 3604 1217 3669 μόνον
1240 3602 1420 3665 εὐθὺς,
1450 3601 1509 3653 τό
1528 3618 1593 3669 γε
1618 3601 1799 3670 παρά-

211 3697 391 3760 δοξον,
435 3696 673 3764 συνῆπτο
715 3694 847 3764 πρὸς
877 3693 1102 3763 ἄλληλα,
1139 3694 1273 3746 ἀλλὰ
1315 3679 1407 3746 καὶ
1440 3692 1569 3745 αὐτὸ
1601 3692 1664 3744 τὸ
1692 3691 1800 3743 τῶν

212 3788 515 3857 ὀφθαλμῶν
557 3788 692 3854 φῶς,
728 3786 757 3838 ὃ
779 3785 873 3839 καὶ
890 3788 1080 3840 τούτου
1108 3784 1554 3855 παραδοξότερον,
1604 3784 1680 3853 τῷ
1711 3802 1802 3836 τυ-

216 3880 338 3949 φλῷ
365 3879 675 3941 ἁπεδέδοτο,
705 3878 780 3939 ὠς
814 3879 905 3931 καὶ
940 3879 1040 3947 τὴν
1070 3876 1288 3944 γείτονα
1316 3874 1547 3928 θανάτου
1584 3874 1800 3944 πληγὴν

214 3971 434 4041 ἐκείνην
474 3971 611 4038 μετὰ
647 3970 820 4039 βραχὺ
870 3968 1226 4030 συνουλῶσαι,
1259 3969 1354 4021 καὶ
1387 3966 1484 4029 τὰς
1526 3968 1678 4035 δψεις
1712 3969 1802 4036 ἐρ-

217 4064 451 4136 ρῶσθαι,
484 4064 611 4132 μιᾶς
643 4062 856 4130 καρπὸν
883 4060 1048 4130 εὐχῆς
1085 4059 1278 4128 διπλῆν
1315 4059 1609 4128 θεραπείαν
1644 4075 1804 4127 κομι-

217 4151 462 4218 σαμένῳ.
493 4152 667 4218 Ὅπερ
695 4149 773 4218 τῷ
804 4151 957 4217 ταχεῖ
979 4152 1075 4215 τῆς
1101 4152 1285 4218 φήμης
1316 4147 1498 4218 πτερῷ
1524 4150 1800 4217 πανταχοῦ

216 4242 417 4313 ἀθρόον
446 4241 831 4310 διαφοιτῆσαν,
859 4240 1029 4293 πολλὰ
1053 4240 1390 4309 πανταχόθεν
1420 4240 1595 4310 πλήθη
1626 4240 1803 4293 ποικί-

218 4334 342 4397 λαις
395 4332 568 4388 νόσοις
618 4332 997 4402 κατεχομένων
1055 4332 1205 4401 παρὰ
1262 4333 1354 4384 τὸν
1396 4333 1585 4400 Ἃγιον
1632 4333 1803 4387 ἐποίει

220 4426 465 4495 συρρεῖν,
502 4422 595 4486 οὒς
635 4425 844 4485 ἐκεῖνος
878 4425 1009 4495 εὐχῇ
1055 4424 1150 4491 καὶ
1182 4426 1461 4493 σφραγῖδι,
1494 4426 1575 4494 τῷ
1608 4442 1666 4476 τε
1703 4441 1801 4489 με·-

1890 1969 2057 2021 baros
2086 1967 2327 2021 evadens
2356 1968 2408 2019 in
2436 1967 2666 2035 patriam
2694 1967 2911 2022 delatus
2936 1979 3058 2033 est;
3085 1985 3149 2025 ac
3177 1980 3475 2041 postquam

1886 2057 2149 2112 rediissct
2227 2058 2387 2111 malis
2448 2066 2615 2127 atque
2695 2060 2959 2113 :erumnis
3014 2060 3191 2124 liber,
3258 2062 3479 2133 singula

1885 2151 2095 2205 diserte
2128 2150 2433 2205 enarravit.

1965 2242 2054 2295 68.
2097 2244 2276 2297 Senex
2310 2242 2534 2311 quidam
2566 2253 2686 2298 erat
2716 2245 2893 2298 oculis
2930 2255 3147 2313 captus,
3206 2248 3300 2315 qui
3329 2250 3485 2318 juxta

1898 2334 2036 2387 riam
2067 2333 2268 2386 sedens
2302 2333 2648 2388 mentlicabat
2674 2336 2911 2404 stipem:
2948 2346 3069 2390 erat
3103 2346 3287 2393 autem
3322 2340 3489 2408 paulo

1897 2427 2036 2480 infra
2067 2428 2464 2480 monasterium
2497 2428 2631 2496 (i5),
2669 2428 2891 2496 quando
2915 2444 2980 2482 ex
3011 2428 3312 2498 improviso
3356 2431 3490 2486 illuc

1900 2521 2167 2567 venerunt
2195 2512 2415 2567 Barbari
2450 2532 2461 2565 :
2488 2529 2727 2582 quorum
2749 2531 2891 2569 unus
2925 2519 3111 2583 (utcst.
3134 2518 3295 2571 turba
3316 2518 3405 2572 illa
3431 2535 3487 2574 ιιι

1896 2602 2099 2657 caedem
2126 2613 2409 2672 prompta,
2437 2614 2493 2657 et
2526 2606 2760 2658 aliorum
2800 2607 3083 2661 interitum
3115 2616 3332 2677 gratum
3378 2611 3487 2664 sibi

1898 2693 2077 2747 lusum
2105 2693 2368 2762 reputat),
2396 2708 2527 2747 ense
2554 2694 2606 2745 in
2634 2694 2888 2763 jugulum
2920 2696 3188 2757 demisso,
3224 2700 3488 2754 lethalem

1898 2783 2018 2836 seni
2040 2784 2251 2852 plagam
2276 2782 2504 2852 inﬂigit:
2532 2781 2625 2852 qtii
2659 2784 2729 2838 ita
2755 2787 3489 2868 sauciusjacebateliiguis,

1898 2872 2097 2941 exiguo
2123 2881 2331 2925 tantum
2351 2873 2546 2941 Spiritu
2569 2874 2661 2942 qui
2693 2886 2981 2943 supererat
3003 2878 3332 2945 prohibente
3348 2896 3489 2949 quo«

1901 2964 2082 3018 minus
2104 2964 2310 3018 abiisse
2341 2966 2683 3019 crederetur.
2716 2966 2887 3031 Quam
2908 2985 3022 3021 rem
3052 2971 3270 3023 interno
3290 2972 3491 3041 spiritu

1900 3069 2239 3123 cognoscens
2297 3053 2726 3120 famulus‘Dei,
2785 3059 3119 3124 quibusdam
3184 3064 3489 3131 przeccpit,

1903 3144 2179 3198 sublatum
2217 3159 2404 3198 senem
2445 3144 2509 3198 ad
2549 3160 2606 3198 se
2642 3155 2699 3199 ut
2743 3147 3138 3216 deportarent:
3176 3168 3287 3221 quo
3322 3153 3491 3219 facto,

1900 3246 2180 3305 acceptam
2216 3246 2416 3290 terram
2453 3245 2620 3306 atque
2649 3254 2845 3307 aquam
2881 3240 3189 3303 benedixit.
3229 3253 3287 3299 et
3319 3245 3490 3299 disci-

1902 3327 2157 3395 pulorum
2205 3326 2405 3395 aliquis
2458 3328 2674 3381 vulneri
2736 3330 3053 3398 applicavit.
3115 3334 3251 3387 Ecce
3302 3344 3492 3389 autem

1903 3418 2254 3481 miraculum,
2290 3433 2401 3471 non
2432 3427 2538 3472 tam
2591 3434 2753 3473 aures
2786 3437 2951 3490 quam
2984 3424 3178 3477 oculos
3212 3425 3278 3478 ad
3325 3425 3491 3481 ﬁdem

1902 3508 2207 3563 faciendam
2260 3509 2587 3579 requirens:
2629 3526 2806 3579 neque
2842 3513 2991 3568 enim
3025 3529 3151 3568 ossa
3204 3517 3383 3570 solum
3436 3534 3492 3571 et

1901 3600 2080 3661 nervi,
2100 3598 2245 3667 quod
2272 3599 2449 3667 ipsum
2473 3600 2609 3653 satis
2631 3600 2904 3665 mirabile,
2932 3604 3117 3656 statim
3143 3604 3493 3659 cohaeserunt

1903 3688 2047 3741 inter
2094 3704 2183 3748 se;
2218 3688 2314 3742 sed
2349 3690 2517 3743 etiam
2550 3690 2841 3743 oculorum
2877 3692 3089 3759 lumen,
3132 3695 3280 3763 quod
3332 3696 3492 3765 longe

1904 3783 2233 3848 mirabilius,
2267 3798 2411 3837 eazco
2447 3784 2765 3839 restitutum
2818 3795 2899 3839 est
2944 3804 2957 3838 :
2993 3796 3160 3856 atque
3200 3789 3274 3842 ita
3327 3792 3494 3843 unius

1902 3872 2172 3927 orationis
2198 3873 2437 3927 fructum
2468 3876 2746 3942 geminam
2781 3877 3126 3931 curationem
3176 3880 3386 3945 retulit,
3413 3884 3493 3934 al-

1905 3974 2076 4017 teram
2112 3965 2381 4033 persanati
2414 3966 2628 4019 tantillo
2663 3976 2907 4035 tempore
2947 3970 3187 4023 letliiferi
3225 3973 3491 4033 vuinvris.

1903 4056 2129 4109 alteram
2162 4072 2293 4109 usus
2309 4057 2594 4111 oculorum
2616 4060 2843 4127 recepti.
2880 4061 2987 4115 Res
3012 4072 3184 4124 tanta,
3207 4065 3493 4118 velocibus

1904 4146 2062 4200 fama:
2092 4148 2194 4199 alis
2220 4147 2449 4215 perlata,
2498 4148 2707 4217 ubique
2742 4158 3015 4205 terrarum
3044 4154 3228 4207 statim
3264 4171 3491 4223 percre—

1905 4238 2186 4300 bresccns,
2210 4238 2452 4307 undique
2478 4238 2711 4295 diversis
2738 4240 3154 4297 infirmitatibus
3176 4246 3495 4301 laborantes

1904 4343 2066 4396 quam
2098 4329 2367 4395 plurimos
2414 4328 2694 4384 confluere
2729 4331 2795 4383 ad
2835 4343 3088 4387 sanctum
3142 4336 3306 4402 fecit;
3353 4354 3489 4407 quus

1907 4419 2044 4486 ipse,
2076 4419 2333 4486 precibus
2359 4422 2617 4475 eterucis
2647 4422 2825 4492 signo,
2867 4424 2919 4476 in
2944 4427 3163 4480 excelso
3187 4438 3241 4482 et
3273 4429 3493 4484 deside-

217 4514 373 4583 γάλῳ
420 4513 513 4564 καὶ
558 4512 793 4583 ποθεινῷ
837 4511 929 4565 τοῦ
965 4512 1312 4583 Ἐμμανουήλ
1356 4514 1579 4583 ὀνόματι
1632 4514 1791 4582 θερα-

1906 4512 2061 4565 rabili
2096 4512 2469 4566 Emmanuelis
2496 4514 2715 4567 nomine
2752 4523 2994 4580 sanatos,
3030 4518 3242 4573 dimisit
3265 4521 3493 4576 domum

219 4602 424 4663 πεύων,
458 4602 629 4677 ὑγιεῖς
658 4602 893 4654 ἀπέλυεν
922 4603 1239 4669 ἐπανήκειν.

293 4692 389 4756 ἔθ’.
435 4692 677 4763 Ὀρῶντα
726 4692 903 4744 τοίνυν
937 4693 1027 4745 τὸν
1054 4694 1223 4746 πολὺν
1262 4693 1390 4763 περὶ
1432 4694 1595 4746 αὑτὸν
1624 4693 1801 4762 ὄχλον,

219 4784 317 4837 καὶ
372 4784 519 4845 ὅπως
577 4781 875 4851 ἡσυχάζειν
917 4784 1017 4835 οὐκ
1069 4780 1214 4851 εἶχεν
1264 4784 1388 4835 ὅσον
1433 4783 1707 4845 ἐϐούλετο,
1744 4784 1803 4835 τὸ

233 4873 614 4927 ’Λποστολικὸν
630 4875 806 4925 έκεῖνο
823 4874 1012 4944 εἰσῄει,
1032 4874 1125 4939 Μή
1148 4890 1271 4939 πως
1282 4874 1495 4940 ἄλλοις
1514 4875 1800 4943 κηρύξας,

217 4961 403 5024 αὐτὸς
420 4960 705 5027 ἀδόκιμος
725 4958 1281 5031 γένωμαι.Περιενόει
1297 4964 1353 5017 δὲ
1374 4963 1473 5035 ήδη
1502 4965 1595 5016 καὶ
1622 4963 1803 5016 Ἠλίου

218 5052 282 5104 τὸ
311 5051 650 5119 Καρμήλιον,
676 5050 768 5101 τοῦ
796 5068 853 5101 τε
883 5052 1085 5126 Κυρίου
1113 5052 1269 5123 ἡμῶν
1299 5053 1471 5124 Ἰησοῦ
1502 5055 1599 5124 τὴν
1629 5056 1723 5107 ἐπὶ
1748 5056 1805 5107 τδ

219 5141 332 5194 τῶν
376 5138 601 5194 Ἐλαιῶν
631 5139 754 5208 ὄρος
786 5140 969 5193 ἄνοδον
992 5160 1006 5174 ο
1038 5142 1214 5205 ἄλλως
1244 5161 1300 5195 τε
1352 5145 1396 5195 δ’
1433 5141 1502 5214 ἦν
1542 5147 1635 5198 καὶ
1666 5146 1801 5198 θεοῦ

301 5300 341 5330 ¹”δ
376 5299 517 5351 ιιευι.
556 5314 810 5362 cxxxvul,
852 5300 905 5354 9.
991 5300 1032 5330 ¹⁸
1085 5300 1259 5355 lCor.
1293 5318 1364 5363 ix,
1394 5300 1483 5354 27.

298 5416 730 5488 (12)801ιο1ιιι·ἰε,
762 5434 839 5488 gr.
875 5418 1179 5487 σχολάριος,
1218 5417 1386 5488 Erant
1416 5426 1590 5470 autem
1620 5418 1793 5471 Scito-

224 5483 386 5545 lares.
427 5487 670 5555 perfecta:
701 5483 1125 5555 probatorque-in
1152 5486 1286 5540 bello
1321 5489 1524 5541 virtutis
1578 5489 1792 5551 milites,

224 5557 451 5629 promoti
478 5555 547 5607 ad
576 5554 817 5629 altiorem
834 5554 1164 5629 dignitatem,
1199 5566 1256 5610 ut
1291 5574 1472 5629 nempe
1510 5558 1578 5610 ad
1620 5568 1796 5612 custo-

222 5627 370 5682 diam
397 5627 736 5694 imperatoris
763 5634 919 5696 noctu
952 5628 1142 5696 diuque
1171 5629 1225 5680 in
1272 5627 1399 5681 aula
1429 5639 1795 5696 uersarentur,

224 5708 273 5751 et
301 5696 648 5768 prodeuntem
674 5698 728 5747 in
748 5694 1009 5765 publicum
1050 5694 1458 5768 magniﬁcentia!
1491 5706 1538 5749 et
1578 5708 1799 5751 ornatus

222 5766 385 5822 causa
416 5767 834 5819 comitarentur:
860 5777 1037 5836 postea
1071 5775 1247 5819 tamen
1267 5766 1362 5820 illa
1415 5768 1644 5838 dignitas
1694 5785 1799 5822 non

508 5861 775 5918 ΡΑτιιοι..
815 5861 929 5921 Gn.
977 5864 1313 5923 LXXXVI.

1904 4617 2179 4670 quemque
2223 4617 2398 4655 suam.

1973 4691 2060 4746 69.
2084 4691 2454 4760 Conspicienti
2481 4708 2648 4762 porro
2674 4694 3176 4763 frequentissimam
3199 4702 3409 4756 circum
3436 4720 3495 4758 se

1909 4781 2148 4845 turbam,
2194 4790 2249 4834 et
2282 4782 2545 4851 cogitanti
2579 4784 2726 4853 quod
2776 4795 2981 4841 tantam
3015 4805 3214 4858 capere
3247 4792 3488 4860 quietem

1908 4888 2015 4925 non
2049 4879 2235 4939 posset
2262 4882 2522 4940 quantam
2554 4875 2739 4937 vellet,
2770 4875 2907 4930 illud
2958 4879 3205 4947 Apostoli
3249 4881 3305 4934 in
3341 4898 3487 4936 meu~

1909 4970 2019 5015 tem
2053 4963 2203 5015 venit
2238 4982 2250 5015 :
2280 4962 2357 5016 Ne
2384 4964 2516 5032 forte
2551 4982 2666 5017 cum
2710 4966 2831 5021 aliis
2863 4972 3223 5037 prmdicavero
3266 4973 3375 5041 ipse
3410 4991 3493 5025 re-

1909 5051 2097 5131 probus
2130 5052 2323 5119 c/ﬁciar
2356 5054 2419 5105 ¹¹.
2456 5053 2637 5119 Quare
2678 5056 2932 5111 volvebat
2961 5060 3146 5113 animo
3189 5061 3491 5117 identidem

1908 5158 1963 5199 et
1991 5147 2302 5200 Carmelum
2348 5148 2496 5210 Elim.
2551 5158 2606 5202 et
2641 5161 2884 5205 montem
2934 5152 3237 5219 Olivarum,
3285 5155 3493 5213 Christi

1900 5422 2318 5499 geperosioriaas
2357 5423 2552 5499 collata
2596 5427 2717 5499 fuit,
2742 5428 2833 5481 sed
2859 5429 3251 5499 familiaribus;
3274 5433 3492 5487 tandem

1901 5492 2062 5569 etiam
2094 5492 2293 5569 cerialis
2331 5492 2603 5569 proposita
2629 5497 2796 5569 desidi
2828 5492 3044 5569 cuique.
3098 5492 3493 5569 teste'AgatItia

1904 5560 1993 5614 lib.
2026 5560 2454 5632 virideplura
2508 5566 2569 5617 de
2619 5568 2752 5621 his?
2815 5560 2966 5623 ηιξ.
3005 5572 3075 5623 ad
3120 5573 3248 5625 Acta
3280 5560 3498 5627 sancto-

1903 5646 2021 5706 rum
2035 5630 2191 5706 μΙᾸΙ
2222 5630 2450 5706 Militum
2472 5633 2790 5706 Martyrum.

1911 5768 1923 5779 .
1976 5699 2421 5779 (-13-)Frequen'tis
2443 5699 2727 5765 concursus
2782 5709 2851 5762 ad
2896 5718 3141 5764 sanctum
3194 5709 3312 5773 fieri
3351 5713 3493 5767 soliti

1905 5770 2159 5824 indicium
2189 5770 2285 5825 hac
2314 5782 2409 5827 est.

3096 5876 3172 5933 96
