4092 6460
227 408 363 472 306E

1242 415 1411 475 VITA
1451 418 1497 474 A
1537 390 1975 475 NICEPHORO
2013 413 2488 480 CUNSCRIPTA.

3350 405 3497 468 3066

226 514 466 581 (ἐξέλιπε
495 517 600 589 γὰρ
633 521 666 590 ἦ
701 538 760 573 τε
789 521 984 592 καρδία
1018 519 1094 591 τῷ
1120 523 1294 595 ἀνδρὶ,
1317 525 1411 578 καὶ
1439 527 1470 594 ή
1508 525 1666 596 σὰρξ)
1697 526 1809 577 ἀντ’

1914 540 1970 578 se
2002 525 2260 590 habebat,
2292 513 2678 603 cecideratqué
2703 521 2812 591 jam
2840 527 2895 574 et
2925 519 3124 574 animis
3152 525 3206 570 et
3237 531 3490 586 corpore.

225 608 386 660 ἄλλου
415 609 558 672 τινὸς
581 611 766 673 ὅπλου,
799 611 858 664 τὸ
887 611 979 664 τοῦ
1017 613 1200 681 ’Λγίου
1229 615 1590 684 προϐάλλεται
1614 616 1805 685 ὄνομα,

228 698 322 750 καὶ
349 699 509 752 αὑτὸν
537 699 719 752 ἐκάλει
741 699 815 766 ὡς
842 699 1052 770 ἄμυναν
1074 718 1088 732 ·
1123 705 1215 754 καὶ
1241 691 1441 756 αὐτίκα
1462 706 1809 773 προσήλωντο

228 789 291 856 τῇ
346 791 417 859 γῇ
466 791 709 858 στόματά
745 807 804 842 τε
841 785 934 844 καὶ
964 792 1123 855 πόδες
1158 794 1341 855 αὐτοῖς
1377 793 1442 863 (ῶ
1471 794 1563 846 τοῦ
1596 794 1809 862 θαύμα-

228 881 384 949 cog!)
417 881 668 951 καθάπερ
706 882 850 935 τισὶν
882 882 1144 950 ἀφύκτοις
1181 885 1414 953 ἐχόμενα
1457 886 1663 948 πέδαις,
1703 887 1810 948 ἕως

227 971 447 1040 απαθής
477 972 665 1025 κακῶν
703 974 1012 1039 ἀπέσωστο,
1043 975 1533 1044 ἐξομολογούμενος
1572 975 1649 1044 τῷ
1694 977 1807 1028 Κυ-

227 1060 333 1132 ρίῳ
376 1065 442 1115 τά
494 1065 616 1135 ὲλέη
673 1065 861 1129 αὐτοῦ,
914 1067 1006 1120 καὶ
1039 1068 1105 1120 τὰ
1139 1067 1416 1136 θαυμάσια
1473 1068 1646 1122 αὑτοῦ
1696 1070 1807 1132 τοῖς

224 1153 368 1215 υἱοῖς
412 1155 521 1207 τῶν
571 1157 896 1226 ἀνθρώπων.
943 1159 1144 1229 Ἐτέρῳ
1179 1159 1339 1212 πάλιν
1384 1163 1528 1229 τρεῖς
1555 1159 1809 1229 δαίμονες

222 1245 562 1309 ἐνοικοῦντες
606 1245 747 1318 ἦσαν
784 1251 945 1321 (ὅπερ
991 1251 1206 1320 ἀπόχρη
1255 1251 1349 1303 καὶ
1401 1252 1560 1320 μόνον
1608 1253 1808 1315 ἱκανῶς

221 1337 598 1407 παραστῆσαι,
632 1335 719 1393 οἷα
744 1342 873 1408 παρ’
895 1341 1074 1395 αὐτῶν
1100 1342 1128 1392 ὁ
1148 1342 1378 1404 δείλαιος
1405 1342 1622 1410 πάσχοι,
1646 1343 1808 1394 ὁπότε

219 1428 319 1479 καὶ
369 1428 575 1483 τούτων
613 1431 729 1495 ἑνὸς
762 1433 820 1484 ού
862 1434 1070 1504 φορητὴ
1119 1436 1150 1504 ἡ
1183 1434 1459 1504 ὲπήρεια),
1490 1438 1718 1504 παρεῖτο
1751 1435 1808 1487 δὲ

222 1520 321 1586 καὶ
366 1520 465 1581 τὰς
499 1521 662 1589 ψύας,
696 1523 831 1576 ἀλλά
873 1526 964 1576 καὶ
999 1524 1059 1577 τὸ
1097 1526 1204 1577 τῶν
1239 1525 1534 1594 ὀφθαλμῶν
1559 1526 1808 1596 ἀφῄρητο

219 1608 364 1676 φῶς.
400 1612 654 1681 Πρόσέισι
688 1613 765 1683 τῷ
805 1614 899 1667 τοῦ
929 1615 1062 1670 Θεοῦ
1103 1616 1274 1686 δούλῳ
1320 1616 1518 1681 τοίνυν,
1567 1617 1686 1679 ὅλος
1718 1616 1808 1668 πί-

220 1719 365 1766 στις,
397 1702 517 1766 ὅλος
543 1705 719 1769 ἐλπὶς,
761 1706 880 1770 ὅλος
901 1708 1104 1776 δέησις,
1138 1709 1267 1770 οἵοις
1314 1711 1588 1779 συνέχοιτο
1617 1712 1808 1774 κακοῖς

219 1794 477 1854 ἐλεεινῶς
503 1796 884 1863 ἀπαγγέλλων.
914 1799 1200 1868 Συμπαθὲς
1222 1800 1508 1870 τοιγαροῦν
1540 1803 1619 1864 είς
1646 1801 1807 1854 αὑτὸν

217 1884 432 1946 ἐκεῖνος
458 1885 601 1948 ἰδὼν,
633 1881 752 1940 εἶτα
780 1889 870 1940 καὶ
897 1891 978 1951 είς
1007 1889 1287 1959 σπλάγχνα
1315 1891 1515 1960 βλέψας
1545 1892 1638 1944 τοῦ
1671 1894 1807 1960 ἁγα-

218 1975 342 2041 θοῦ,
377 1977 468 2028 καὶ
514 1978 620 2030 τῶν
656 1979 867 2032 ἐκείνου
921 1979 1134 2050 δεηθεὶς
1165 1969 1487 2052 οἰκτιρμῶν·
1523 1979 1708 2051 χαμαί
1743 2000 1804 2036 τε

216 2066 459 2131 πτύσας,
487 2067 583 2119 καὶ
609 2067 704 2120 τοῦ
739 2068 986 2121 ἐντεῦθεν
1015 2070 1188 2139 πηλοῦ
1228 2070 1353 2134 τοὺς
1385 2070 1698 2140 ὀφθαλμοὺς
1728 2072 1806 2142 τῷ

214 2156 409 2224 τυφλῷ
426 2158 728 2227 διαχρίσαςο
761 2159 849 2212 Ἐν
878 2161 956 2230 τῷ
983 2161 1231 2231 ὀνόματι,
1265 2162 1418 2231 φησὶ,
1449 2163 1543 2215 τοῦ
1577 2181 1805 2232 μονογε-

215 2247 347 2310 νοῦς
375 2248 503 2301 Υίοῦ
535 2250 630 2301 τοῦ
652 2250 916 2317 Θεοῦ,τοῦ
930 2253 1146 2325 πτυέλῳ
1169 2254 1264 2305 καὶ
1289 2256 1357 2323 γῇ
1395 2254 1486 2307 τὸν
1517 2256 1574 2306 ὲν
1614 2272 1806 2324 γεννη-

213 2342 335 2404 τοῖς
364 2341 566 2409 τυφλὸν
590 2341 785 2412 βλέψαι
821 2345 1174 2414 ποιήσαντος,
1212 2345 1534 2414 άνάῦλεψον.
1568 2347 1674 2399 Καὶ
1705 2365 1807 2401 πα-

216 2434 484 2503 ραχρῆμα
517 2433 710 2504 (πολλά
748 2435 1011 2505 ἐποίησας
1053 2437 1138 2500 σὺ,
1173 2437 1344 2506 Κύριε
1373 2440 1400 2490 ὁ
1431 2439 1561 2501 Θεός
1587 2456 1710 2507 μου,
1738 2439 1806 2492 τά

215 2524 506 2592 θαυμάσιά
530 2527 648 2590 σου)
669 2523 730 2576 τό
749 2539 808 2576 τι
833 2527 949 2595 φῶς
987 2529 1135 2597 αύτῷ
1164 2527 1392 2599 ἔρρωτο,
1425 2534 1518 2583 καὶ
1559 2531 1726 2598 ὑγιῶς
1757 2533 1805 2585 oi

213 2611 488 2682 ὀφθαλμοὶ
513 2607 680 2682 εἶχον.
709 2615 941 2668 Ἔπειτα
976 2616 1156 2684 μέντοι
1188 2616 1398 2685 πλήξας
1427 2619 1492 2686 τῇ
1519 2617 1677 2686 βαῖνῃ
1710 2617 1807 2686 ρά-

215 2703 330 2771 ΰὸῳ
363 2704 458 2767 τὰς
489 2695 651 2773 ψύας,
679 2708 1011 2776 ἐπιτιμήσας
1044 2707 1100 2758 δὲ
1124 2709 1216 2759 καὶ
1248 2710 1363 2770 τοῖς
1391 2707 1664 2777 δαίμοσιν,
1689 2709 1808 2762 ὅλον

213 2795 490 2847 δείκνυσιν
515 2795 676 2859 εὐθὺς
705 2798 852 2868 ὑγιῆ,
889 2801 1016 2868 μιᾶς
1039 2799 1198 2869 ἔργον
1221 2799 1384 2868 εὐχῆς
1410 2800 1596 2855 κακῶν
1622 2800 1808 2853 τοσού-

213 2902 328 2937 των
362 2886 808 2957 ἀπηλλαγμένον.

293 3062 399 3114 πδ⁷.
443 3062 632 3125 Ἀλλος
657 3064 785 3125 τοὺς
819 3062 985 3125 πόδας
1013 3063 1310 3133 ἑκατέρους
1347 3063 1556 3134 μακρὸν
1585 3063 1809 3132 ήδη-πε-

1914 615 2016 667 Pro
2051 613 2220 667 armis
2249 613 2415 682 igitur
2433 613 2555 665 aliis
2572 609 2743 664 sancti
2763 611 2984 664 nomine
3008 624 3065 662 se
3088 607 3288 671 munit,
3312 608 3489 675 ipsum

1912 705 1965 758 in
1997 705 2304 758 subsidium
2328 703 2581 766 advocat,
2615 701 2877 770 dictoque
2913 701 3078 754 citius
3113 701 3350 754 ferarum
3394 713 3492 751 ora

1910 804 2075 863 atque
2113 794 2339 863 vestigia
2376 794 2488 877 (res
2521 793 2656 844 mira
2686 790 2726 858 ι)
2768 799 2926 844 terrae
2967 790 3266 850 conterent,
3319 788 3490 841 veluti

1903 885 2238 954 quibusdam
2275 882 2718 937 inenodabilibus
2740 881 2950 950 pedicis
2971 878 3290 941 constricta;
3316 878 3495 931 donec

1912 977 2012 1030 iste
2063 976 2337 1029 indemnis
2367 975 2670 1028 discrimini
2721 983 2950 1042 ereptus
2997 981 3164 1036 esset,
3223 970 3505 1025 conﬁtens

1909 1067 2143 1121 Domino
2192 1064 2629 1119 misericordiam
2686 1079 2863 1126 suam,
2917 1071 2971 1116 et
3021 1060 3147 1114 ﬁliis
3202 1059 3490 1113 hominum

1909 1159 2179 1212 mirabilia
2221 1157 2645 1230 ejus.\Rursum
2684 1155 2825 1208 alius
2857 1171 2886 1209 a
2925 1155 3103 1208 tribus
3133 1151 3495 1207 obsidebatur

1911 1248 2274 1311 diemonibus,
2302 1247 2446 1300 unde
2470 1246 2760 1315 perspicue
2785 1244 2950 1320 datur
2978 1243 3304 1312 intelligere,
3328 1256 3491 1309 quam

1911 1340 2106 1396 acerbe
2127 1338 2316 1392 infelix
2335 1339 2434 1392 iste
2460 1345 2836 1406 torqueretur,
2859 1333 3306 1404 quandoquidem
3330 1331 3494 1383 unius

1909 1434 2078 1487 etiam
2129 1433 2303 1484 solius
2333 1431 2552 1498 vexatio
2587 1427 2954 1482 intolerabilis
2988 1425 3080 1478 sit.
3129 1425 3330 1478 Laxata
3362 1421 3492 1475 huic

1910 1524 2259 1593 dependebat
2281 1523 2441 1584 cutis,
2468 1521 2578 1574 imo
2615 1528 2671 1577 et
2692 1520 2978 1574 oculorum
3017 1517 3200 1570 lumen
3233 1523 3351 1568 erat
3373 1528 3497 1568 ere-

1910 1622 2084 1680 ptum.
2119 1609 2378 1678 Confugit
2413 1610 2579 1679 igitur
2613 1608 2679 1661 ad
2707 1623 2928 1661 servum
2962 1606 3055 1659 Dei
3089 1646 3102 1669 ,
3147 1605 3338 1658 ﬁrmus
3363 1601 3492 1666 ﬁde,

1910 1717 2004 1769 spe
2035 1704 2248 1769 plenus,
2277 1700 2525 1755 oratione
2551 1699 2823 1760 fervidus,
2858 1697 3189 1767 quantisque
3214 1703 3496 1764 prematur

1911 1793 2072 1848 malis
2117 1793 2548 1847 lamentabiliter
2596 1791 2840 1859 exponit.
2888 1789 3281 1844 Commovetur
3333 1787 3497 1840 mise-

1912 1883 2123 1935 ratione
2171 1881 2430 1952 Symeon,
2480 1880 2761 1933 hominem
2814 1878 3059 1947 respicit,
3100 1876 3228 1930 inde
3270 1875 3336 1928 ad
3393 1874 3496 1927 mi-

1910 1972 2272 2026 sericordiam
2333 1987 2606 2040 suprema:
2664 1971 2929 2023 bonitatis
2987 1967 3224 2023 reﬂectit
3281 1967 3493 2028 oculos,

1909 2065 2276 2133 precibusque
2299 2064 2547 2117 eamdem
2586 2063 2862 2132 implorat.
2890 2061 3028 2114 Tum
3070 2059 3224 2113 humi
3255 2059 3492 2127 exspuit,

1911 2167 2322 2226 temperatoque
2359 2158 2486 2212 inde
2519 2159 2635 2212 luto
2671 2157 2796 2211 caeci
2843 2157 3034 2210 oculos
3067 2156 3340 2223 inungens
3380 2171 3392 2204 :
3439 2153 3496 2205 In

1909 2249 2154 2310 nomine,
2205 2249 2422 2317 inquit,
2460 2247 2729 2318 unigeniti
2777 2246 2898 2301 Filii
2948 2245 3065 2308 Dei,
3113 2245 3208 2314 qui
3246 2252 3407 2311 sputo
3441 2250 3498 2294 ct

1911 2350 2059 2395 terra
2095 2342 2248 2395 illum
2271 2358 2301 2395 a
2321 2342 2610 2396 nativitate
2635 2357 2731 2394 sua
2755 2355 2960 2394 cacum
2982 2338 3190 2392 lumine
3207 2334 3494 2390 oculorum

1910 2435 2233 2503 impertivit,
2288 2435 2538 2502 respice:
2573 2435 2870 2502 statimque
2906 2438 3093 2501 (quam
3149 2431 3320 2492 multa
3363 2429 3500 2484 facil

1911 2524 2210 2586 mirabilia,
2246 2521 2474 2578 Domine
2511 2525 2656 2578 Deus
2698 2525 2912 2586 meus!)
2940 2518 2998 2576 et
3030 2521 3208 2575 oculis
3238 2518 3499 2574 corrobo-

1915 2611 2046 2666 ratis
2096 2612 2274 2666 lucem
2310 2611 2578 2682 percepit,
2613 2620 2670 2666 et
2709 2611 3014 2681 perfectum
3061 2610 3280 2663 illorum
3337 2621 3498 2660 usum

1911 2701 2172 2755 obtinuit.
2204 2701 2411 2755 Deinde
2443 2702 2658 2770 palmea
2698 2702 2846 2770 virga
2883 2700 3119 2752 laxatam
3152 2706 3333 2751 cutem
3373 2712 3498 2765 per-

1911 2793 2148 2856 cutiens,
2194 2793 2481 2860 increpitis
2519 2791 2885 2855 dwmonibus,
2912 2789 3202 2844 confestim
3236 2787 3382 2842 omni
3430 2801 3499 2840 ex

1911 2892 2066 2952 parte
2090 2899 2284 2944 sanum
2313 2883 2587 2949 exhibuit,
2614 2883 2779 2936 unius
2799 2882 3069 2936 orationis
3097 2895 3200 2950 ope
3231 2888 3310 2934 tot
3341 2877 3500 2932 malis

1915 2977 2232 3031 liberatum.

1983 3069 2070 3121 84.
2113 3070 2283 3122 Alteri
2309 3069 2380 3121 ob
2401 3069 2672 3122 diutinam
2706 3068 2996 3134 utriusque
3017 3065 3173 3134 pedis
3197 3062 3502 3116 inﬂamma-

217 3155 448 3223 πήρωτο
477 3154 689 3224 χρόνον,
721 3155 795 3216 ῶς
826 3154 960 3224 μηδὲ
986 3155 1047 3206 τὸ
1075 3155 1337 3225 παράπαν
1361 3156 1544 3215 αὐτοῖς
1571 3153 1806 3223 χρῆσθαι

1914 3161 2119 3216 tionem
2160 3154 2346 3216 nulius
2389 3162 2616 3215 omnino
2654 3176 2849 3214 eorum
2893 3176 3026 3214 usus
3072 3167 3193 3212 erat
3225 3176 3237 3211 :
3267 3157 3504 3212 credidit

215 3244 503 3297 δύνασθαι.
541 3246 846 3308 Πιστεύσας
884 3242 977 3299 οὖν
1007 3245 1239 3315 δυνατὴν
1271 3241 1410 3298 εῖναι
1443 3245 1520 3316 τῷ
1549 3247 1688 3315 ἁγίῳ
1711 3245 1809 3315 τὴν

218 3334 554 3406 θεραπείαν,
590 3338 690 3407 ὁρᾷ
726 3336 914 3390 τοῦτον
962 3333 1092 3408 amp
1129 3337 1324 3400 αὐτοὺς
1363 3340 1429 3406 τῇ
1479 3338 1637 3406 βαῖνῃ
1677 3337 1811 3407 πλήο

220 3426 392 3490 ξαντα
424 3426 626 3497 ῥάϐδῳ,
668 3427 762 3479 καὶ
788 3429 820 3498 ή
849 3429 1062 3498 πληγὴ,
1089 3429 1182 3480 τοῦ
1207 3446 1266 3480 τε
1296 3427 1464 3481 ὕπνου
1505 3429 1648 3481 κατά
1676 3430 1810 3480 ταύ-

219 3519 314 3571 τὸν
339 3517 627 3588 ἀπαλλαγή
651 3520 744 3570 καὶ
770 3518 864 3571 τοῦ
898 3519 1103 3582 πάθους
1132 3521 1327 3590 ἐκείνῳ
1355 3520 1584 3587 γίνεται,
1613 3519 1687 3582 ὡς
1717 3520 1812 3570 καὶ

225 3606 472 3677 μηνυτὴν
507 3607 670 3659 αὑτὸν
703 3607 768 3659 δι’
803 3607 998 3660 ἑαυτοῦ
1024 3608 1282 3676 φοιτῆσαι
1311 3608 1388 3677 τῷ
1426 3609 1672 3678 Συμεὼν,
1710 3607 1810 3676 τῆς

221 3699 544 3766 εὐεργεσίας
576 3698 669 3750 καὶ
691 3697 783 3750 τοῦ
810 3698 1087 3767 θαύματος
1113 3699 1363 3767 ἄγγελον.
1390 3701 1532 3767 Γυνή
1565 3717 1647 3762 τις
1685 3701 1812 3753 Ἰου-

221 3790 384 3859 λιανὴ
417 3789 514 3859 τὴν
551 3790 744 3860 κλῆσιν
796 3790 856 3842 τὸ
900 3791 1058 3859 σῶμα
1119 3793 1460 3860 πεπονηκυῖα
1489 3833 1503 3856 ,
1539 3793 1632 3844 καὶ
1682 3791 1808 3862 μηδ’

223 3882 406 3935 ὁτιοῦν
469 3880 638 3948 ἑαυτῇ
693 3881 1002 3952 χρήσασθαι
1060 3883 1359 3953 δυναμένη,
1424 3885 1676 3954 πρόσεισι
1735 3883 1813 3953 τῷ

235 3973 430 4060 ἰξγίῳ,
461 3973 713 4043 δακρύων
738 3971 1018 4043 ὠνουμένη
1050 3975 1147 4044 τὴν
1171 3975 1491 4043 θεραπείαν,
1525 3976 1696 4043 ὅσπερ
1716 3977 1815 4028 αύ-

223 4069 326 4136 τὴν
356 4066 482 4120 ίδὼν
506 4066 678 4118 πολλὰ
704 4068 956 4134 χέουσαν,
989 4069 1084 4120 καὶ
1115 4069 1213 4138 τὴν
1234 4069 1411 4139 ψυχὴν
1439 4068 1523 4121 ἐπ’
1546 4071 1682 4138 αὐτῇ
1712 4086 1816 4120 πα-

225 4157 358 4219 θὼν,
410 4155 559 4208 παίει
603 4158 670 4226 τῇ
714 4155 872 4226 βαῒνῃ
915 4157 1128 4227 ῥάϐδῳ·
1171 4159 1265 4211 καὶ
1310 4160 1343 4228 ή
1393 4158 1492 4226 μὲν
1546 4157 1814 4229 ῥώννυται

227 4251 573 4319 παραχρῆμα
601 4289 615 4312 ,
666 4248 821 4300 νόσου
851 4249 911 4300 τὸ
945 4250 1131 4302 λοιπὸν
1168 4250 1296 4320 ἀχρι
1331 4251 1518 4321 γήρως
1560 4251 1814 4323 οὐδεμιᾶς

227 4341 580 4411 πειραθεῖσά.
617 4341 696 4411 Τῇ
721 4341 776 4394 δὲ
810 4337 877 4412 ἦν
927 4341 1130 4413 ἀδελφὴ
1160 4342 1400 4411 μασθοὺς
1437 4343 1554 4412 ἅμα
1595 4345 1690 4397 καὶ
1715 4346 1815 4398 πό-

223 4435 324 4495 δας
369 4431 622 4495 νοσοῦσα,
672 4433 765 4485 καὶ
809 4432 929 4486 λίαν
975 4435 1178 4503 ἀμφοῖν
1225 4434 1536 4504 περιαλγῶς
1583 4436 1812 4505 ἔχουσαν

1913 3266 2083 3321 penes
2117 3260 2366 3306 sanctum
2399 3251 2742 3305 medicamen
2774 3251 2878 3303 sibi
2911 3263 3225 3318 superesse,
3255 3263 3417 3316 quem
3447 3255 3503 3300 et

1913 3341 2187 3410 conspicit
2215 3356 2314 3410 per
2348 3355 2602 3395 somnum
2636 3340 2789 3410 virga
2835 3339 3050 3408 palmea
3084 3354 3142 3392 se
3184 3335 3502 3406 percutien-

1914 3439 2022 3491 tern
2071 3431 2160 3483 tali
2191 3431 2368 3500 plaga,
2403 3445 2524 3499 quae
2551 3430 2718 3484 simul
2750 3438 2807 3484 et
2838 3443 3034 3483 somno
3065 3438 3122 3482 et
3152 3427 3341 3480 dolore
3375 3439 3502 3479 eum

1913 3518 2193 3588 privavit:
2229 3521 2307 3572 uti
2347 3520 2464 3589 ipse
2501 3536 2600 3588 per
2634 3535 2692 3574 se
2739 3519 3068 3590 Symeonem
3108 3516 3322 3578 adiens,
3357 3515 3502 3569 idem

1914 3612 2169 3666 beneficii
2201 3622 2257 3666 et
2300 3614 2552 3668 miraculi
2593 3615 2846 3676 nuntius.
2885 3623 3120 3668 testatus
3158 3623 3266 3683 est.
3310 3599 3505 3666 Mulier

1914 3703 2162 3771 quzcdam
2193 3702 2408 3757 Juliana
2451 3703 2746 3772 appellata,
2778 3703 2849 3758 ob
2873 3704 3045 3759 totius
3078 3701 3326 3771 corporis
3356 3699 3506 3754 inﬁr-

1915 3793 2164 3847 mitatem
2195 3795 2470 3863 impotens
2499 3810 2623 3864 qua:
2656 3810 2714 3848 se
2742 3795 2907 3848 alicui
2945 3795 3022 3849 rei
3071 3789 3393 3863 applicaret,
3434 3791 3500 3843 ad

1916 3896 2167 3938 sanctum
2211 3884 2478 3953 confugit,
2513 3884 2772 3956 lacrymis
2810 3885 2914 3939 sibi
2959 3885 3252 3938 sanitatem
3277 3897 3502 3950 compa-

1917 3982 2125 4024 ratura.
2155 3970 2329 4036 Quam
2364 3971 2455 4024 ubi
2495 3971 2585 4041 ille
2619 3971 2778 4035 vidit,
2810 3971 3046 4024 ubertim
3080 3971 3301 4024 ﬂentem
3336 3969 3502 4021 mise-

1919 4072 2091 4126 ratus,
2143 4063 2296 4132 virga
2345 4063 2558 4130 palmea
2614 4063 2741 4118 ferit
2783 4080 2796 4114 :
2845 4071 2899 4115 et
2934 4062 3135 4116 mulier
3173 4059 3506 4114 convalescit

1917 4155 2088 4218 illico,
2123 4170 2226 4209 nec
2269 4155 2382 4208 ullo
2417 4155 2684 4223 deinceps
2733 4169 2909 4224 usque
2949 4152 3014 4207 ad
3057 4152 3272 4206 senium
3314 4149 3506 4203 morb.)

1917 4253 2125 4299 tentata
2156 4243 2280 4297 fuit.
2308 4244 2440 4297 Erat
2469 4243 2600 4298 huic
2637 4258 2816 4306 soror,
2843 4257 2978 4311 qua:
3009 4250 3065 4294 et
3095 4241 3210 4309 ipsa
3243 4237 3508 4292 uberibus

1916 4335 2262 4404 pedibusque
2311 4335 2524 4389 aﬁ'ectis
2552 4334 2867 4389 vehementi
2900 4333 3254 4388 cruciabatur
3284 4331 3506 4384 dolore:

1918 4425 2147 4480 adducit
2176 4426 2344 4495 igitur
2374 4426 2518 4480 hanc
2553 4441 2776 4495 quoque
2808 4425 2874 4477 ad
2905 4424 3163 4478 eumdem
3194 4423 3504 4485 medicum;

227 4527 499 4596 προσάγει
522 4525 702 4576 τοίνυν
738 4523 816 4594 τῷ
847 4524 1016 4592 ’Δγίῳ
1043 4525 1137 4577 καὶ
1159 4525 1385 4596 ταύτην,
1414 4529 1504 4579 καὶ
1531 4527 1589 4591 ὃς
1617 4527 1694 4598 τῷ
1715 4527 1809 4580 τοῦ

1917 4517 2011 4586 qui
2046 4517 2315 4585 impresso
2345 4517 2527 4571 crucis
2561 4516 2716 4585 signo
2746 4515 3015 4569 laboranti
3050 4514 3348 4578 succurrit,
3379 4528 3510 4568 cru-

227 4613 468 4683 σταυροῦ
494 4614 648 4684 τύπῳ
678 4614 1100 4684 διασφραγίσας,
1133 4615 1227 4668 τοῦ
1258 4616 1464 4679 πάθους
1487 4615 1690 4679 εὐθέως
1720 4619 1814 4670 καὶ

226 4707 399 4774 αὐτὴν
429 4707 780 4769 ἀπαλλάττει,
807 4707 905 4769 τὰς
935 4707 1127 4770 ὀδύνας
1159 4708 1378 4774 σϐέσας,
1407 4710 1498 4761 καὶ
1525 4708 1590 4772 ἃς
1618 4712 1815 4778 ἔχουσα

225 4801 380 4870 τύχοι
415 4798 630 4869 πληγὰς
667 4799 979 4868 ἰασάμενος.

299 4898 407 4948 πεθ.
449 4891 526 4960 Τῇ
563 4889 619 4942 δὲ
681 4889 844 4941 πάλιν
902 4890 1194 4960 θυγάτριον
1224 4888 1291 4962 ἦν
1315 4933 1328 4955 ,
1363 4891 1662 4962 προσώπου
1713 4895 1812 4961 μὲν

227 4984 322 5034 καὶ
350 4981 498 5050 ῶρας
539 4981 662 5050 ἕχον
708 4981 806 5032 οὐκ
842 4981 1051 5050 ἀφυῶς,
1083 4983 1257 5053 κλόνῳ
1291 4984 1346 5036 δὲ
1383 4983 1636 5054 σώματος
1689 5001 1813 5037 τοσ-

225 5070 373 5141 ούτῳ
417 5072 513 5121 καὶ
563 5070 792 5139 παρέσει
839 5071 1094 5140 κάτοχον,
1125 5073 1199 5136 ὡς
1237 5075 1331 5126 καί
1362 5075 1575 5144 φρενῶν
1607 5074 1814 5145 ἔρημον

229 5159 388 5225 εἶναι,
428 5163 673 5213 οἴκτιστα
723 5161 816 5212 καὶ
863 5161 1070 5214 τούτων
1125 5164 1440 5234 ὲξεστηκός.
1483 5166 1541 5218 '0
1592 5167 1690 5236 μὲν
1722 5165 1815 5218 οὖν

226 5254 326 5322 τῆς
360 5253 642 5322 παρέσεως
676 5254 895 5323 καὶτῆς
926 5255 1289 5326 ἀναισθησίας
1324 5259 1474 5312 αίτία
1501 5259 1712 5330 δαίμων
1744 5255 1812 5330 ἦν

228 5345 486 5414 χαλεπὸς,
523 5345 869 5415 ἐπιπηδήσας
889 5345 967 5414 τῷ
1000 5348 1242 5417 κορασίῳ
1267 5363 1280 5377 '
1319 5351 1414 5420 ήδ⁸
1439 5352 1587 5403 αἰτία
1646 5351 1810 5403 πάλιν

227 5442 327 5505 τῆς
357 5443 419 5488 ἐκ
455 5439 546 5490 τοῦ
606 5439 859 5508 δαίμονος
910 5442 1195 5512 ἐπηρείας,
1226 5441 1530 5510 ἁμάρτημα
1577 5443 1673 5510 τῆς
1711 5459 1808 5510 μη⁸

226 5531 379 5598 τρὶς,
411 5529 614 5593 κακίας·
642 5524 1165 5601 εῖσπραξινὲκτῖνον
1192 5531 1290 5600 τὴν
1317 5534 1414 5600 τῆς
1459 5533 1646 5594 παιδὸς
1709 5536 1813 5587 πάι

230 5637 399 5690 ρεσιν.
440 5621 737 5690 Ἀράμεναι
767 5626 948 5676 τοίνυν
1005 5624 1198 5694 αὐτὴν,
1231 5625 1263 5694 ἦ
1300 5642 1358 5676 τε
1405 5626 1596 5695 μήτηρ
1655 5627 1748 5678 καὶ
1780 5629 1812 5696 ή

227 5713 327 5778 τῆς
378 5713 581 5782 μητρὸς
639 5715 862 5786 ἀδελφὴ,
918 5715 1114 5786 φόρτον
1188 5717 1464 5782 ἐλεεινὸν,
1496 5717 1693 5787 φόρτον
1737 5720 1814 5781 εἰς

233 5804 440 5878 δάκρυα
470 5805 560 5858 καὶ
589 5805 770 5878 ἀψυχα
808 5809 1008 5878 κινοῦν,
1045 5809 1296 5883 ῥίπτουσι
1335 5811 1436 5881 πρὸ
1468 5810 1558 5863 τοῦ
1602 5810 1806 5879 Ἀγίου·

1923 4609 2127 4662 ciatum
2157 4607 2316 4674 tollit,
2346 4607 2673 4661 vulneribus
2698 4606 2974 4660 medetur.

1990 4893 2080 4953 85,
2148 4892 2276 4950 Hac
2323 4909 2516 4948 rursus
2579 4893 2804 4948 ﬁliolam
2866 4894 3104 4948 habebat
3165 4893 3341 4948 forma
3398 4909 3510 4948 non

1923 4983 2237 5049 invenusta,
2279 5000 2443 5053 quam
2475 4991 2622 5036 tanta
2655 4984 3034 5037 membrorum
3065 4983 3412 5052 perturbatio
3444 4998 3509 5036 ac

1923 5074 2194 5144 paralysis
2226 5082 2634 5143 occupaverat,
2669 5083 2728 5127 ut
2760 5083 2816 5128 et
2851 5074 3161 5143 deliquium
3207 5073 3378 5128 ammi
3412 5090 3508 5143 pa-

1923 5174 2134 5220 teretur
2163 5182 2329 5235 saape,
2387 5176 2442 5219 et
2505 5183 2533 5220 a
2581 5175 2727 5219 statu
2783 5167 2984 5220 mentis
3031 5166 3407 5221 miserandum
3453 5167 3508 5220 in

1921 5256 2147 5310 modum
2188 5256 2540 5325 dejiceretur.
2571 5255 2748 5309 Causa
2801 5257 3115 5326 paralyticaa
3175 5255 3512 5309 inﬁrmitatis

1922 5347 2161 5402 diﬁicilis
2186 5345 2398 5400 daemon
2422 5355 2561 5410 erat,
2585 5347 2678 5415 qui
2704 5348 2942 5416 puellam
2977 5347 3281 5402 incesserat
3307 5363 3320 5397 :
3348 5355 3514 5415 atque

1925 5439 2126 5494 iterum
2160 5438 2430 5492 damonis
2466 5439 2744 5494 swvientis
2775 5455 2939 5493 causa
2975 5449 3263 5508 peccatum
3297 5439 3508 5500 matris,

1925 5533 1977 5586 in
2013 5532 2357 5600 punitionem
2394 5530 2656 5600 nequitiae
2705 5531 3002 5602 paralysim
3056 5531 3198 5600 proli
3245 5531 3504 5584 aﬁ'erens.

1923 5625 2206 5680 Sublatam
2262 5624 2447 5693 itaque
2517 5625 2757 5693 puellam
2836 5634 3011 5678 mater
3070 5640 3134 5678 ac
3189 5633 3508 5683 matertera,

1923 5719 2196 5774 sarcinam
2230 5717 2621 5780 miserabilem,
2679 5717 2955 5778 sarcinam
3016 5717 3286 5785 lacrymas
3337 5713 3504 5768 etiam

1925 5811 2242 5866 inanimatis
2275 5811 2612 5876 elicientem,
2645 5809 2711 5865 ad
2751 5809 2928 5867 sancti
2956 5809 3128 5880 pedes
3147 5805 3448 5878 projiciunt
3485 5823 3499 5860 :
