4092 6476
659 379 796 445 306⁵1

1858 383 1916 441 S.
1959 381 2336 441 SYMEBNIS
2372 378 2747 443 JUNlORIS

3770 386 3897 449 3853

659 491 807 561 quod
840 506 962 545 cum
1000 490 1089 545 ille
1120 506 1232 545 non
1266 492 1566 562 ignoraret,
1594 492 1725 545 illud
1756 492 2063 561 praesertim
2111 508 2238 561 ope-

2342 495 2479 565 ὅπερ
2520 494 2547 545 ὀ
2572 494 2664 547 τοῦ
2708 495 2842 548 Θεοῦ
2900 496 3155 566 θεράπων
3185 498 3285 552 οὐκ
3320 499 3620 569 ἀγνοήσας,
3658 500 3829 564 ἄλλως
3846 520 3895 555 τι

660 598 776 636 ram
810 581 940 636 dare
968 597 1187 651 semper
1212 584 1434 648 solitus,
1464 569 1538 640 ,ιη’
1556 582 1624 635 ad
1655 598 1712 636 se
1750 582 2079 637 accedentes
2110 598 2235 636 cum

660 672 1038 727 incolumitate
1071 674 1343 742 corporis,
1367 674 1535 727 etiam
1568 672 1829 737 animam,
1861 672 1907 727 si
1961 673 2235 742 qua.fortc

655 781 779 819 eam
816 764 970 819 labes
999 765 1272 829 inliceret,
1325 780 1424 833 per
1452 764 1859 819 confessionem
1903 756 2227 826 lustrareut,

658 864 940 924 quatenus
971 866 1085 911 tum
1114 871 1351 925 corpore
1385 864 1501 909 tum
1533 857 1738 919 anima,
1765 856 1875 909 imo
1900 857 2002 910 bac
2046 856 2236 925 potius

658 947 1003 1015 quantillo,
1058 948 1231 1001 curati
1289 957 1724 1002 reverterentur.
1774 947 1911 1000 Dum
1955 947 2124 1017 igitur
2179 947 2233 1000 in

658 1048 811 1107 gesta
835 1046 1000 1106 atque
1054 1038 1290 1107 cogitata
1350 1039 1570 1091 illarum
1614 1038 1865 1107 inquirit,
1923 1047 1983 1091 ut
2033 1037 2235 1106 duplex

658 1129 1009 1191 beneﬁcium,
1057 1132 1229 1206 sicuti
1282 1132 1547 1202 diximus,
1610 1132 1863 1200 corporis
1926 1146 1990 1185 ac
2037 1132 2247 1187 animae

658 1222 861 1287 pariter
888 1231 1209 1275 curatorum
1246 1222 1650 1291 impertiretur,
1700 1223 2080 1291 peritissimus
2144 1224 2234 1277 ille

659 1326 769 1365 non
807 1311 984 1365 solum
1034 1312 1408 1382 investigandi
1467 1314 1851 1383 spiritualium
1910 1314 2245 1367 morborum

658 1416 873 1467 causas,
910 1402 1007 1456 sed
1032 1402 1305 1457 medelam
1357 1420 1579 1473 quoque
1633 1404 1901 1458 afferendi
1954 1405 2237 1475 paratissi-

660 1506 819 1557 mus;
852 1491 1033 1560 pudor
1056 1504 1220 1561 atque
1247 1493 1413 1546 timor
1441 1494 1565 1547 illas
1588 1495 1833 1555 incessit,
1887 1502 2235 1563 precatthue

659 1590 826 1645 sunt,
855 1588 1002 1636 terra
1043 1582 1149 1636 sibi
1180 1583 1335 1653 prius
1381 1583 1717 1647 dehisceret,
1746 1598 1912 1652 quam
1966 1584 2091 1637 vita:
2126 1590 2234 1635 tam

656 1672 920 1741 angelica)
959 1673 1102 1738 viro,
1139 1674 1194 1727 in
1248 1689 1415 1729 carne
1475 1672 1658 1728 carnis
1706 1672 1941 1743 experti,
1994 1687 2055 1727 ac
2094 1686 2235 1742 pene

634 1759 933 1828 rspirituali
954 1762 1137 1816 scelus
1167 1777 1330 1815 suum
1359 1762 1696 1817 revelarent.

729 1850 819 1903 86.
855 1852 991 1905 Dum
1017 1853 1091 1905 ita
1122 1867 1309 1906 secum
1346 1852 1452 1905 illae
1486 1852 1787 1914 luctantur,
1838 1858 1987 1906 metu
2036 1852 2231 1921 plenae,

658 1940 860 1996 accidit
890 1950 1124 2005 matrem
1150 1941 1443 2013 Symeonjs
1464 1942 1756 2007 Martham,
1786 1942 2075 1997 mulierem
2106 1958 2235 1997 vere

658 2039 926 2097 sanctam,
957 2048 1111 2087 more
1142 2048 1243 2087 suo
1272 2034 1403 2089 illuc
1425 2033 1690 2089 accedere
1727 2051 1739 2085 :
1768 2033 2024 2103 apparuit
2053 2042 2234 2087 autem

658 2123 749 2177 illa
771 2124 930 2179 anxie
948 2125 1315 2188 haerentibus,
1334 2124 1415 2179 uti
1447 2125 1631 2178 lumen
1659 2125 1712 2177 in
1729 2137 1889 2179 nocte
1915 2125 2232 2194 caliginosa,

657 2216 857 2269 mulier
882 2214 1231 2280 mulieribus,
1261 2231 1427 2269 sexus
1452 2215 1815 2269 similitudine
1847 2214 1953 2267 sibi
2000 2217 2240 2284 conjun-
2282 2256 2286 2263 .

656 2307 794 2371 ctis;
822 2322 945 2377 qua
982 2308 1048 2361 ad
1083 2305 1250 2377 pedes
1284 2308 1435 2362 illius
1470 2323 1529 2361 se
1561 2322 1725 2377 quam
1779 2317 2036 2376 poterant
2083 2309 2237 2362 citis-

657 2397 793 2449 sime
804 2394 1153 2463 abjicientes,
1166 2391 1503 2465 eosdemque
1519 2411 1643 2450 cum
1659 2397 1914 2467 lacrymis
1929 2397 2236 2451 calentibus

657 2487 1074 2555 amplectentes,
1146 2487 1411 2543 miserum
1476 2488 1712 2542 infelicis
1778 2488 1974 2555 puella:
2032 2494 2233 2541 statum

655 2582 961 2641 exponunt,
982 2581 1272 2643 peccatum
1298 2589 1460 2629 suum
1495 2575 1812 2638 enuntiarit,
1862 2590 2084 2629 causam
2137 2590 2235 2629 cur

657 2671 847 2717 sancto
873 2664 1009 2719 illud
1045 2666 1325 2734 explicare
1353 2675 1637 2736 nequeant
1665 2675 2001 2735 proponunt.
2026 2666 2234 2720 Martha

656 2769 826 2823 porro
853 2765 966 2809 non
994 2756 1172 2810 solum
1192 2755 1547 2821 feminarum,
1581 2758 1677 2812 sed
1701 2766 1755 2811 et
1807 2765 2046 2811 matrum
2106 2772 2235 2810 san-

655 2846 936 2912 ctissima,
1008 2846 1393 2903 inﬁrmitatem
1477 2849 1803 2903 muliebrem
1886 2865 2235 2918 nequaquam

655 2944 969 3006 aspernata.
993 2953 1174 3007 neque
1236 2954 1403 2993 sexus
1465 2941 1778 3010 communis
1834 2940 2046 3003 oblita;
2101 2940 2235 3008 quin

657 3029 842 3097 potius
870 3028 1187 3083 vehementi
1217 3028 1436 3084 illarum
1464 3029 1657 3084 dolore
1700 3045 1763 3084 ac
1814 3030 2032 3099 ploratu
2076 3044 2230 3083 com-

2339 585 2395 638 δὲ
2425 586 2648 638 κάκετνο
2687 585 3027 650 διάσπαντῖις
3060 590 3221 659 ἔργον
3272 592 3667 658 πεποιημένος,
3700 593 3764 646 τὸ
3789 597 3899 655 τοὺς

2339 676 2487 746 αὐτῷ
2517 679 2860 750 προσιόντας,
2889 682 3024 751 μετὰ
3078 683 3177 751 τῆς
3227 684 3370 738 κατὰ
3399 684 3560 753 σῶμα
3586 686 3893 752 θεραπείας,

2337 770 2441 822 είτι
2465 771 2560 822 καὶ
2584 770 2761 841 ψυχῆς
2794 767 3003 841 αἶσχος,
3043 776 3138 825 καὶ
3173 776 3329 828 τοῦτο
3360 774 3428 828 δι’
3465 776 3896 842 ἐξομολογήσεως

2338 846 2724 913 ἀποτίθεσθαι,
2777 848 2853 913 ὡς
2910 850 3206 924 ἀμφότερα,
3256 853 3417 923 σῶμά
3481 870 3539 906 τε
3594 854 3691 906 καὶ
3739 854 3895 924 ψυχὴν

2344 937 2710 1006 ὑγιαίνοντας,
2733 938 2769 1011 ἢ
2799 940 2976 1010 ψυχὴν
3008 942 3112 1010 πρὸ
3140 923 3236 995 τοῦ
3265 942 3519 1014 σώματος
3554 923 3778 1013 μᾶλλον,
3819 943 3896 994 οῦ-

2337 1046 2443 1090 τως
2475 1030 2779 1084 ἐπανιέναι.
2796 1031 2885 1095 Ὠς
2912 1032 3007 1085 οῦν
3034 1031 3265 1106 πράξεις
3292 1035 3470 1096 αὐτῶν
3501 1036 3596 1089 καὶ
3620 1033 3898 1104 λογισμοὺς

2337 1117 2634 1191 ἀνηρεύνα,
2676 1122 2763 1175 ἵνα
2787 1122 2884 1175 καὶ
2914 1122 3130 1194 διπλῆς,
3154 1125 3408 1194 καθάπερ
3440 1128 3676 1195 ἔφημεν,
3702 1127 3766 1179 οὐ
3804 1126 3902 1177 σὼ-

2340 1230 2467 1282 ματι
2504 1214 2695 1281 μόνον,
2710 1214 2847 1273 ἀλλὰ
2880 1215 2975 1268 καὶ⁸
3005 1216 3301 1287 πνεύματι,
3326 1217 3541 1287 μεταδῷ
3571 1218 3675 1284 τῆς
3704 1218 3901 1285 ὑγείας,

2338 1300 2447 1367 οἷος
2477 1307 2704 1370 ἐκεῖνος,
2756 1308 2856 1361 οὐκ
2898 1308 3219 1378 ἀνιχνεῦσαι
3260 1310 3420 1380 μόνον
3464 1309 3644 1362 αἰτίαν
3680 1308 3902 1379 ψυχικοῦ

2336 1394 2540 1457 πάθους
2570 1396 2770 1471 παντὸς
2806 1398 3207 1467 ἐμπειρότατος
3231 1437 3249 1464 ,
3287 1399 3422 1453 ἀλλὰ
3468 1401 3559 1452 καὶ
3612 1399 3904 1469 θεραπείαν

2314 1485 2498 1567 Δεὐθὺς
2528 1488 2830 1556 ἐπαγαγεῖν
2860 1489 3232 1559 ἑτοιμότατος,
3250 1491 3411 1554 αἰδὼς
3443 1490 3662 1554 ὲκείνας
3684 1486 3799 1561 εἶχε
3818 1490 3901 1543 καὶ

2334 1580 2473 1643 δέος,
2490 1580 2587 1645 καὶ
2603 1580 2892 1651 διαστῆναι
2910 1583 3177 1653 πρότερον
3205 1584 3397 1646 αὑταῖς
3419 1583 3515 1654 τὴν
3530 1587 3635 1653 γῆν
3658 1584 3903 1654 ηὔχοντο,

2334 1671 2367 1743 ἢ
2399 1673 2476 1744 τῷ
2508 1672 2684 1737 οὓτως
2718 1674 2996 1744 άγγελικῷ
3034 1676 3126 1728 τὸν
3159 1675 3302 1744 βίον,
3328 1676 3423 1729 καὶ
3450 1677 3685 1748 άσάρκῳ
3714 1676 3904 1747 μικροῦ

2333 1765 2428 1818 καὶ
2460 1764 2631 1834 άΰλῳ,
2662 1766 2724 1818 τὸ
2756 1766 2926 1835 μῦσος
2955 1764 3324 1835 ἀνακαλύψαι.

2404 1863 2524 1922 υπς’.
2553 1858 2639 1920 Ὠς
2666 1855 2759 1910 οὖν
2783 1858 3023 1925 ἀγωνίας
3047 1854 3189 1927 ἦσαν
3218 1856 3363 1911 οὕτω
3394 1859 3490 1911 καὶ
3509 1858 3665 1922 δέους
3696 1859 3903 1928 μεσταὶ,

2335 1949 2531 2017 συνέϐη
2555 1949 2657 2020 τὴν
2677 1950 2888 2004 οἰκείαν
2927 1944 3079 2020 αύτῷ
3112 1952 3351 2020 μητέρα,
3374 1950 3473 2019 τὴν
3494 1936 3646 2004 θὲίαν
3680 1950 3757 2013 ὡς
3776 1952 3905 2022 ἀλη-

2336 2040 2443 2105 θῶς
2488 2043 2739 2111 Μάρθαν,
2764 2043 2840 2106 ὼς
2862 2042 3006 2111 ἔθος,
3032 2043 3373 2115 παραϐαλεῖν
3390 2060 3403 2073 ·
3426 2045 3551 2115 ἥτις
3578 2044 3699 2113 φῶς
3723 2044 3906 2113 ὥσπερ

2334 2135 2523 2195 αὐταῖς
2558 2134 2663 2186 ὑπὸ
2694 2134 2866 2188 νύκτα
2914 2134 3116 2206 πολλὴν
3160 2134 3351 2206 ὤφθη,
3396 2135 3535 2205 γυνὴ
3569 2135 3822 2203 γυναιει,
3851 2136 3908 2188 τδ

2335 2224 2595 2290 συγγενὲς
2626 2224 2880 2295 ἐχούσαις
2932 2228 3040 2281 ἀπὸ
3072 2229 3171 2298 τῆς
3204 2228 3459 2296 φύσεως,
3482 2229 3603 2283 καὶ
3650 2228 3757 2298 πρὸ
3802 2225 3909 2279 τῶν

2336 2308 2548 2374 ἐκείνης
2577 2305 2754 2357 ποδῶν
2781 2305 2979 2367 ἑαυτὰς
3028 2303 3103 2368 ὡς
3152 2302 3297 2373 εἶχον
3332 2301 3618 2374 βαλοῦσαι,
3646 2300 3743 2355 καὶ
3774 2300 3907 2367 μετὰ

2336 2395 2554 2466 θερμῶν
2602 2395 2784 2448 αὐτῶν
2812 2393 3065 2466 δακρύων
3094 2394 3371 2464 λαϐόμενα
3443 2393 3516 2447 τά
3562 2409 3624 2446 τε
3658 2392 3798 2461 περὶ
3814 2392 3907 2458 τῆς

2338 2487 2526 2549 παιδὸς
2548 2485 2801 2551 διεξίασι,
2825 2486 2923 2540 καὶ
2946 2486 3009 2538 τὸ
3032 2477 3338 2555 ἁμάρτημα
3360 2483 3523 2547 εὐθὺς
3552 2481 3904 2550 ἐξαγγέλλου-

2339 2592 2445 2640 σιν,
2477 2575 2557 2629 ἔτι
2605 2578 2700 2630 καὶ
2734 2574 2832 2652 sint
2867 2576 3051 2631 αἰτίαν
3083 2575 3425 2646 προσθεῖσαι,
3456 2574 3525 2627 δι’
3558 2573 3627 2644 ἢν
3666 2576 3740 2628 τά
3778 2570 3908 2641 πρὸς

2336 2658 2428 2721 τὸν
2454 2669 2641 2735 Ἀγιον
2674 2667 3077 2737 άνεξαγόρευτα
3129 2666 3380 2730 ταύταις.
3419 2664 3482 2719 Ἡ
3530 2666 3716 2735 μέντοι
3751 2665 3910 2716 ὁσιω-

2336 2759 2473 2826 τάτη
2569 2759 2846 2825 γυναικῶν
2875 2799 2892 2823 ,
2979 2758 3116 2812 ἀλλὰ
3202 2759 3299 2819 καὶ
3381 2756 3636 2828 μητέρων
3694 2754 3909 2823 ἐκείνη,

2337 2849 2655 2921 γυναικείας
2705 2849 2958 2917 οὐδαμῶς
3039 2848 3325 2910 ἀσθενείας
3387 2844 3765 2916 ὑπεριδοῦσα,
3819 2844 3912 2898 ού-

2336 2940 2395 2993 δὲ
2460 2940 2519 2992 τὸ
2584 2940 2841 3005 συγγενὲς
2929 2939 3246 3007 ἀγνοήσασα
3296 2953 3313 2970 ο
3427 2937 3739 2989 τούναντίον
3816 2933 3913 3004 μὶν

2338 3025 2434 3084 οὖν
2497 3030 2592 3083 καὶ
2652 3030 2858 3099 σφόδρα
2909 3031 3022 3089 τοῖς
3079 3027 3259 3080 αὐτῶν
3315 3026 3515 3107 πάθεσι
3559 3026 3654 3079 καὶ
3697 3024 3913 3097 θρήνοις

659 3128 831 3184 mota,
859 3131 917 3175 et
947 3137 1007 3176 se
1036 3120 1207 3191 ipsam
1237 3138 1458 3193 quoque
1472 3125 1703 3178 matrem
1726 3138 1871 3190 esse,
1896 3120 2231 3193 uterumque

2342 3120 2750 3179 ἐπικλασθεῖσα,
2778 3119 2839 3171 τό
2892 3134 2948 3170 τε
2980 3120 3074 3171 καὶ
3117 3115 3256 3198 apti}
3286 3117 3470 3187 μήτηρ
3518 3112 3659 3170 εῖναι
3726 3132 3917 3187 μητρι-

660 3220 903 3280 gestasse
928 3226 998 3266 ex
1062 3212 1542 3269 commiseratione
1575 3230 1704 3285 erga
1740 3214 1860 3270 illas
1912 3213 2233 3279 ostendens,

657 3301 899 3356 elevatas
926 3318 958 3358 e
982 3312 1279 3377 terracam
1319 3304 1541 3359 sarcina
1603 3305 1925 3375 paralyticaz‘
1946 3305 2138 3373 puella:
2167 3304 2234 3357 ad

659 3394 834 3450 tilium
865 3411 1027 3450 suum
1048 3395 1325 3451 adduxit:
1369 3398 1597 3462 Prasta,
1628 3398 1906 3467 inquiens,
1963 3398 2060 3461 illi,
2096 3398 2238 3451 hanc

661 3506 771 3545 non
819 3505 1044 3560 parvam
1068 3491 1227 3545 matri
1261 3492 1517 3561 gratiam,
1577 3501 1633 3547 et
1684 3492 1727 3546 si
1760 3492 1892 3561 quid
1948 3500 2243 3561 peceatum-

659 3583 752 3645 sit,
781 3582 1123 3646 condonans,
1152 3583 1381 3639 iuvoces
1397 3584 1690 3648 Dominum
1715 3585 1903 3639 Jesum
1929 3583 2233 3649 Christum,

660 3682 898 3727 extensa-
917 3689 1069 3728 more
1091 3683 1361 3729 consueto
1410 3674 1639 3730 dextera
1695 3675 1880 3745 signes
1924 3676 1981 3729 in
2031 3676 2238 3735 virtute

660 3766 873 3819 Domini
908 3767 1171 3837 puellam.
1210 3768 1378 3822 Vides
1397 3782 1562 3836 quam
1595 3766 1795 3821 misere
1833 3775 1998 3836 atque
2038 3767 2237 3821 acerbe

664 3867 1023 3925 torqueatur;
1056 3858 1210 3929 signa
1229 3858 1380 3912 illam
1398 3872 1587 3920 cruce,
1619 3866 1671 3911 et
1698 3858 1902 3912 sanitas
1922 3859 2236 3912 omnimoda

660 3961 1074 4022 consequetur;
1106 3953 1249 4019 sine,
1288 3936 1433 4007 hanc
1449 3941 1680 4023 gratiam
1704 3966 1813 4020 ego
1864 3951 2065 4005 mulier
2111 3966 2253 4026 mu;

660 4041 892 4099 lieribus
920 4041 1094 4106 hisee,
1139 4050 1196 4096 et
1256 4050 1433 4096 mater
1474 4041 1608 4095 huic
1665 4040 1851 4104 matri,
1910 4040 2236 4111 gravissimo

661 4130 855 4185 dolore
897 4111 1083 4186 cordis
1133 4131 1443 4201 (quantum
1510 4130 1645 4184 mihi
1714 4130 1976 4200 colligere
2036 4129 2237 4195 datur)

660 4221 939 4283 aestuanti,
975 4237 1005 4275 a
1041 4229 1094 4276 te
1122 4236 1374 4277 exorem.
1398 4222 1479 4276 Ad
1512 4223 1648 4276 istas
1667 4222 1863 4276 matris
1890 4220 1986 4275 lilii
2007 4221 2240 4276 amantis

662 4326 857 4380 preces
888 4310 1034 4366 filius
1072 4312 1263 4367 matris
1286 4327 1500 4377 amans,
1532 4313 1673 4366 nihil
1699 4292 1961 4375 renuens,
2011 4312 2242 4381 adiutri-

2342 3211 2453 3265 κῶν
2477 3228 2538 3286 τε
2570 3209 2894 3280 πειραθῆναι
2921 3190 3265 3278 σπλάγχκῖων,
3306 3207 3540 3277 ἁπὸ.τῆς
3568 3206 3915 3276 συμπαθείας

2339 3304 2438 3372 τῆς
2472 3303 2601 3373 περὶ
2633 3302 2802 3365 αὑτὰς
2854 3301 3099 3364 δείξασα,
3130 3299 3225 3352 τοῦ
3284 3298 3514 3367 ιδάφους
3566 3298 3735 3362 αὐτάς
3793 3299 3919 3351 ἁνα-

2342 3393 2607 3462 στήσασα,
2646 3392 2739 3444 καὶ
2772 3392 2925 3460 παρὰ
2952 3391 3047 3443 τὸν
3086 3391 3205 3443 υἱὸν
3245 3391 3344 3443 σὺν
3372 3388 3451 3458 τῷ
3481 3390 3667 3459 φόρτῳ
3702 3387 3797 3442 τοῦ
3822 3406 3920 3441 πα-

2342 3485 2596 3556 ρειμένον
2628 3483 2923 3554 θυγατρίου
2959 3482 3334 3551 εἰσαγαγοῦσα
3364 3497 3382 3511 ·
3410 3483 3509 3544 Δὸς
3532 3481 3758 3550 ταύτην,
3787 3481 3917 3549 ἔφη,

2343 3578 2510 3647 μητρὶ
2539 3616 2553 3641 ,
2582 3575 2858 3639 τέκνον,οὐ
2901 3576 3105 3645 μικράν
3131 3575 3317 3646 χάριν,
3339 3576 3433 3628 καὶ
3452 3576 3573 3627 πᾶν
3598 3574 3653 3626 et
3690 3590 3743 3626 τι
3761 3572 3920 3640 τυχὸν

2339 3665 2648 3735 ἁμάρτημα
2696 3667 3082 3735 συγχωρήσας,
3115 3664 3208 3719 τὸν
3236 3666 3438 3719 οἰκεῖον
3490 3664 3759 3733 δεσπότην
3786 3663 3919 3733 Χρι-

2343 3755 2468 3807 στὸν
2523 3754 2869 3820 ἑπικάλεσαι,
2911 3755 3005 3807 καὶ
3031 3754 3109 3818 ὡς
3160 3753 3391 3825 σύνηθες
3430 3753 3683 3817 ἐκτείνας
3712 3752 3815 3822 τὴν
3838 3750 3920 3803 δε-

2342 3844 2484 3910 ξιὰν,
2519 3843 2822 3914 σφράγισον
2877 3843 2972 3895 ἐπὶ
2997 3845 3065 3913 τῇ
3117 3842 3284 3896 αὐτοῦ
3325 3841 3551 3912 δυνάμει
3580 3839 3681 3911 τὴν
3709 3839 3873 3892 παῖδα
3902 3853 3917 3869 ⁵

2339 3936 2473 4005 ὁρᾷς
2495 3936 2643 3995 ὅπως
2672 3933 2872 3997 ἀθλίως
2910 3934 3006 3995 καὶ
3037 3932 3287 4003 χαλεπῶς
3316 3934 3654 4003 πάσχουσαν,
3678 3933 3745 4001 τῇ
3775 3930 3922 4000 παρὰ

2342 4026 2438 4079 σοῦ
2470 4025 2529 4078 δὲ
2577 4023 2836 4095 σφραγῖδι
2885 4024 3076 4093 ἕψεται
3109 4025 3329 4088 πάντως
3378 4024 3473 4079 καὶ
3502 4022 3817 4091 θεραπεία,
3840 4023 3923 4074 ἵνα

2343 4116 2481 4185 γυνὴ
2534 4114 2800 4183 γυναιξὶν,
2827 4114 2966 4167 ἀλλὰ
3016 4114 3112 4167 καὶ⁵
3154 4115 3341 4185 μήτηρ
3370 4115 3541 4184 μητρὶ
3585 4114 3918 4183 χαρίσωμαι,

2339 4206 2523 4271 δεινῶς
2544 4208 2663 4276 (ὅσα
2694 4208 2792 4276 ἐμὲ
2826 4205 3046 4275 ειδέναι)
3088 4204 3187 4276 τὴν
3220 4200 3447 4277 καρδίαν
3479 4204 3919 4275 πυρπολουμένῃ.

2346 4299 2492 4370 Πρὸς
2522 4298 2781 4361 τοιαύτας
2829 4300 3011 4353 τοίνυν
3049 4298 3367 4366 φιλόπαιδος
3415 4297 3624 4367 μητρὸς
3674 4294 3923 4360 ἀξιώσεις

662 4414 782 4454 cem
806 4398 1100 4455 confestim
1138 4415 1361 4454 manum
1416 4400 1818 4465 accommodat,
1862 4399 2238 4471 signatamque

2346 4393 2467 4455 υίὸς
2498 4390 2819 4461 φιλομήτωρ
2850 4392 2955 4445 οὐκ
2981 4388 3305 4454 ἀνανεύσας,
3341 4388 3476 4442 ἀλλὰ
3500 4388 3626 4450 δοὺς
3649 4386 3923 4457 ὑπουργὸν

610 4466 627 4474 ’
664 4491 920 4547 invocato
954 4478 1172 4546 Christi
1228 4491 1453 4546 nomine
1503 4491 1765 4561 puellam,
1802 4466 2008 4545 salvam
2076 4466 2238 4560 atque

2344 4482 2535 4543 αὑταῖς
2592 4478 2795 4544 εὐθέως
2850 4477 2951 4547 τὴν
3006 4478 3208 4545 δεξιάν,
3242 4478 3349 4532 καὶ
3368 4480 3467 4546 τὴν
3518 4478 3685 4530 παῖδα
3715 4478 3784 4547 τῇ
3832 4474 3921 4529 τοῦ

664 4584 935 4637 valentem
959 4597 1071 4636 non
1094 4581 1280 4639 minus
1322 4593 1502 4638 mente
1548 4598 1712 4652 quam
1744 4596 1980 4651 corpore
2023 4579 2244 4635 feminis

664 4671 876 4737 reddit;
909 4681 1259 4741 matremque
1290 4687 1401 4727 non
1457 4672 1635 4727 solum
1692 4671 1824 4727 fecit
1870 4670 2039 4741 super
2086 4672 2243 4741 prole

662 4758 961 4824 laetantem,
990 4760 1085 4815 sed
1117 4775 1274 4817 suam
1306 4775 1527 4831 quoque
1556 4761 1786 4816 multam
1820 4777 1886 4817 ex
1940 4777 2009 4816 eo
2064 4761 2245 4816 bono-

665 4859 860 4915 ratam,
905 4852 1057 4921 quod
1108 4852 1227 4933 ipsa
1273 4852 1403 4935 ideo
1430 4852 1580 4922 quod
1641 4861 1819 4908 mater
1848 4861 2018 4938 esset,
2084 4854 2244 4908 matri

562 5014 567 5019 δ
661 4939 999 4997 incolumem
1033 4932 1205 4997 tiliam
1222 4932 1578 4998 obtinuisset.
1624 4946 1627 4947 ⁷

735 5104 1015 5183 87.Ἴίτςο
1048 5113 1300 5183 quaedam
1330 5122 1547 5183 tenera,
1593 5113 1805 5183 duplici
1831 5114 2030 5170 all'ecta
2076 5117 2241 5182 malo,

666 5204 869 5263 acerbo
883 5200 1159 5261 daemone.
1188 5215 1245 5260 et
1264 5206 1422 5274 pedis
1445 5204 1665 5271 dolore,
1694 5204 1846 5261 videt
1877 5222 1974 5276 per
1999 5208 2243 5278 quietem

667 5305 941 5358 sanctum,
976 5305 1189 5350 vestem
1218 5296 1457 5351 lucidam
1489 5304 1586 5351 aut
1634 5297 1815 5351 lucem
1834 5298 2040 5367 potius,
2073 5300 2244 5369 ipsam

624 5348 956 5451 ‘indutum',
980 5348 2245 5459 gladiolummanupraeferentem—cumq];

670 5479 818 5533 velut
850 5478 979 5549 pedi
1002 5480 1127 5549 ejus
1152 5478 1378 5548 inﬁgere
1400 5488 1716 5534 conantem.
1745 5481 1872 5534 Adit
1903 5496 2034 5550 ergo
2074 5480 2241 5545 hunc,

672 5568 728 5623 in
755 5570 990 5625 somniis
1010 5570 1159 5634 nixa,
1185 5572 1497 5640 conlisaque
1524 5572 1671 5640 quod
1693 5573 1762 5626 ab
1796 5572 1889 5627 illo
1906 5574 2119 5626 sanitas
2139 5572 2243 5627 sibi

670 5670 816 5716 esset
832 5660 1186 5724 conferenda.
1208 5659 1457 5731 Cumque
1477 5662 1785 5718 invocasset
1807 5662 2241 5718 sanctusChristi

671 5768 894 5823 nomen,
958 5754 1344 5825 virginemque
1411 5756 1593 5809 crucis
1657 5754 1939 5825 signaculo
2016 5755 2240 5809 tertium

2345 4570 2581 4641 Χριστοῦ
2648 4570 2934 4641 ἐπικλήσει
2980 4570 3310 4642 σφραγίσας,
3372 4568 3503 4636 ὑγιᾶ
3559 4567 3805 4636 ταύτην,
3864 4566 3923 4618 ού

2350 4661 2510 4732 σῶμα
2541 4658 2884 4730 [advenam
2916 4661 3010 4713 καὶ
3067 4658 3294 4729 φρένας,
3331 4658 3525 4719 αὐταῖς
3580 4649 3921 4717 ἀποδίδωσιν,

2345 4752 2406 4805 οὐ
2463 4752 2680 4822 μητέρα
2733 4750 2893 4820 μόνον
2928 4750 3021 4802 ἐπὶ
3057 4748 3233 4819 τέκνιρ
3260 4747 3441 4815 δείξας
3467 4744 3921 4815 εὐφραινομένην,

2346 4841 2481 4895 ἀλλὰ
2504 4838 2694 4911 πολλῷ
2745 4839 2840 4893 καὶ
2886 4837 2985 4910 τὴν
3038 4835 3233 4891 ἑαυτοῦ
3312 4837 3528 4907 μητέρα
3595 4834 3799 4905 μᾶλλον
3838 4835 3924 4886 ἰπὶ

2344 4931 2519 5003 τούτῳ
2571 4928 3009 5001 σεμνυνομινηνν
3032 4929 3113 4982 ὅτι
3148 4926 3227 4998 τῷ
3252 4928 3439 4999 μήτηρ
3472 4922 3618 4995 αὐτὴ
3642 4924 3923 4993 γενέσθαι,

2352 5026 2522 5096 μητρὶ
2552 5024 2830 5095 σωτηρίαν
2861 5023 3054 5086 παιδὸς
3081 5021 3394 5094 χαρίζεται.
3636 5043 3644 5048 -
3782 5090 3785 5091 ν

2416 5114 2523 5181 πῖ.
2570 5115 2725 5184 Κόρη
2763 5130 2848 5177 τις
2893 5113 3168 5185 παρθένος
3217 5112 3339 5183 διχῇ
3376 5109 3681 5178 πέπληκτο,
3716 5106 3927 5179 χαλεπῷ

2346 5207 2559 5278 δαίμονι
2614 5206 2710 5260 καὶ
2754 5204 2917 5259 πάθει
2944 5204 3136 5267 ποδός·
3177 5204 3282 5276 ὁρᾷ
3308 5201 3602 5273 τοιγαροῦν
3631 5202 3723 5253 τὸν
3743 5200 3927 5266 Ἀγιον

2346 5298 2498 5368 ὄναρ,
2522 5297 2725 5367 ἔνδυμα
2756 5295 2871 5364 φῶς
2894 5295 3224 5367 αὐτόχρημα
3260 5290 3673 5361 περικείμενον,
3709 5284 3926 5357 ξιφίδιόν

2345 5407 2406 5443 τε
2438 5390 2526 5443 διὰ
2562 5388 2743 5458 χειρὸς
2789 5386 3004 5456 ἔχοντα,
3033 5386 3126 5438 καὶ
3168 5384 3231 5438 ἰδ
3261 5384 3359 5455 μὲν
3383 5382 3460 5452 τῷ
3510 5381 3638 5434 ποδὶ
3681 5380 3926 5447 καθάπερ

2347 5483 2574 5547 ἐπάγειν
2634 5480 2917 5550 μέλλοντα.
2948 5477 3231 5547 ’Πρόσεισι
3276 5474 3476 5538 τοίνυν,
3504 5465 3586 5534 οἷς
3621 5470 3765 5524 κατά
3804 5469 3924 5531 τοὺς

2349 5571 2549 5633 ὕπνους
2580 5570 2679 5624 ἴδοι
2711 5569 3061 5633 πιστεύουσα,
3086 5569 3167 5621 ὅτι
3191 5568 3321 5638 παρ’
3339 5564 3505 5619 αὑτοῦ
3536 5565 3632 5616 καὶ
3660 5563 3762 5633 τὴν
3791 5561 3924 5614 ἴασιν

2349 5666 2637 5734 κομιεῖται.
2685 5663 2743 5716 '0
2783 5662 2841 5716 δὲ
2871 5661 2933 5715 τὸ
2961 5660 3056 5715 τοῦ
3092 5658 3329 5731 Χριστοῦ
3371 5657 3612 5719 καλέσας
3637 5651 3925 5726 ὄνομα,τῷ

2348 5769 2407 5807 τε
2436 5752 2532 5807 τοῦ
2573 5750 2809 5824 σταυροῦ
2837 5750 2993 5822 τύπῳ
3016 5749 3199 5821 τρίτον
3224 5748 3395 5820 αὐτὴν
3420 5748 3660 5817 διασφρα
3672 5746 3841 5817 γίσας,
3865 5743 3936 5795 οὗ.
