4092 6470
649 398 784 466 3071

1864 401 1925 459 S.
1962 397 2338 459 SYMEONIS
2375 397 2736 460 JUNIORIS

3768 396 3905 457 307?.

656 513 860 567 virtute
889 511 1005 565 haec
1034 515 1215 579 patro.
1239 510 1343 566 Sed
1368 526 1490 581 qua:
1515 524 1613 564 vos
1641 510 1697 563 in
1715 507 1879 562 corde
1898 509 1963 562 dc
1992 524 2076 563 me
2099 523 2228 576 per~

2339 507 2461 576 ὑμῖν
2524 509 2604 570 είς
2652 506 2879 579 καρδίαν
2911 507 3040 577 περὶ
3072 504 3228 577 ἐμοῦ,
3263 506 3421 571 ἵλεως
3470 507 3603 575 ὑμῖν
3632 505 3714 573 εἴη
3738 503 3865 565 Θεὸς
3888 520 3903 533 ·

653 619 841 673 peram
886 601 1191 672 cogitastis,
1235 602 1509 671 propitius
1554 597 1712 652 vobis
1753 598 1999 667 ignoscat
2051 597 2219 650 Deus:

655 694 924 747 adversus
973 692 1154 762 ipsum
1190 692 1338 747 enim
1369 688 1661 760 aperuistis
1707 703 1770 743 os
1803 697 2066 750 vestrum,
2118 702 2228 739 non

654 784 944 838 adversum
981 799 1101 849 me;
1144 782 1425 836 Altissimo
1455 780 1713 850 injuriam
1754 779 2102 848 irrogastisin
2126 776 2231 829 ini-

652 875 865 942 quitate
914 886 1096 929 vestra
1143 872 1569 942 c0gitationibus
1617 878 1674 925 et
1701 869 1906 923 verbis.
1952 867 2032 921 Ex
2081 866 2231 921 hisce

652 978 787 1018 vero
812 961 987 1018 sancti
1008 962 1173 1016 dictis
1196 969 1410 1015 tantum
1433 957 1790 1015 emolumenti
1813 964 2079 1026 ceperunt
2100 957 2233 1011 lide-

655 1053 756 1118 lcs,
786 1062 993 1122 quanto
1042 1050 1294 1106 inﬁdeles
1340 1051 1550 1121 pudere
1574 1048 1768 1103 sull‘usi
1801 1054 1949 1103 sunt.

725 1140 818 1196 90.
849 1142 1025 1211 Pagus
1058 1150 1199 1204 erat,
1247 1139 1451 1194 Severa
1497 1139 1700 1202 dictus,
1731 1137 1824 1191 ubi
1858 1138 1917 1191 in
1966 1135 2232 1206 praecipiti

656 1241 1045 1300 praeruptoque
1075 1230 1229 1299 juxta
1252 1228 1396 1283 viam
1427 1228 1548 1299 loco
1572 1227 1737 1295 pinus
1758 1232 2074 1280 excreverat
2103 1239 2232 1278 zac-

658 1320 800 1373 cidit
831 1317 1130 1388 aliquando
1154 1325 1215 1371 ut
1235 1316 1358 1386 pagi
1390 1314 1583 1369 incola:
1609 1312 1855 1367 nonnulli
1891 1300 1993 1366 sub
2019 1311 2233 1365 arboris

659 1407 854 1462 umbra
886 1406 1260 1469 considerent,
1299 1413 1463 1474 atque
1499 1417 1645 1457 unus
1670 1418 1701 1455 e
1730 1413 1982 1463 numero,
2011 1399 2231 1453 nomine

656 1498 914 1562 Jacobus,
934 1497 1084 1551 illam
1105 1495 1364 1565 cupidine
1386 1495 1664 1549 fructuum
1683 1490 2083 1561 carpendorum
2104 1503 2237 1544 con-

658 1586 970 1641 scenderet.
1002 1585 1160 1651 Quod
1186 1584 1317 1637 dum
1342 1584 1475 1653 agit,
1501 1581 1771 1651 conspicit
1795 1580 1935 1634 duos
1957 1580 2235 1635 daemones

659 1676 730 1730 ad
762 1690 820 1729 se
856 1682 1233 1745 properantes,
1263 1681 1655 1742 arreptumque
1698 1670 1935 1740 pedibus
1973 1670 2028 1723 in
2047 1669 2235 1739 subje-

2329 599 2407 660 είς
2455 598 2661 649 ἐκεῖνον
2712 597 2822 664 γὰρ
2876 595 3063 648 ἔθεσθε
3123 597 3184 647 τὸ
3243 596 3420 665 στόμα
3474 594 3626 665 ὑμῶν
3668 593 3760 645 καὶ
3808 593 3905 645 οὐκ

2328 686 2416 747 εἰς
2463 686 2584 753 ἐμὲ,
2630 684 2845 738 ἀδικίαν
2910 687 2988 749 εἰς
3034 687 3095 738 τὸ
3141 684 3276 755 ὕψος
3316 688 3374 737 ὲν
3408 685 3647 755 πονηρίᾳ
3692 683 3905 751 sum-

2330 775 2515 839 θέντες
2554 793 2613 828 τε
2659 777 2753 829 καὶ
2794 776 3148 845 λαλήσαντες.
3193 775 3379 829 Ταῦτα
3421 778 3571 842 παρά
3611 782 3707 827 του
3750 777 3906 843 ἁγίου

2330 866 2621 936 λεγόμενα,
2650 867 2919 935 τοσαύτης
2948 866 3046 928 τὰς
3070 866 3179 919 τῶν
3206 866 3413 919 πιστῶν
3440 866 3622 935 ψυχὰς
3646 867 3904 933 ὠφελείας

2334 956 2597 1029 ἐπλήρου,
2625 958 2727 1030 ὅση
2753 958 2851 1024 τάς
2874 959 2982 1013 τῶν
3021 959 3266 1013 ἀπίστων
3301 960 3453 1028 ὄψεις
3484 959 3786 1012 ἐκάλυπτεν
3825 960 3906 1010 ὲν-

2332 1048 2534 1118 τροπή.

2405 1138 2678 1209 ιι’.Κώμη
2730 1156 2814 1202 τις
2863 1138 2931 1209 ἦν
2983 1140 3292 1209 καλουμένη
3347 1141 3587 1208 Σευήρα,
3623 1139 3899 1210 στρόϐιλος

2331 1227 2391 1281 δὲ
2421 1228 2542 1282 κατ’
2569 1228 2740 1298 αὐτὴν
2763 1230 2855 1283 tu!
2888 1248 3032 1293 τινος
3053 1231 3302 1301 κρημνοῦ
3339 1232 3582 1300 μεγάλου
3609 1233 3707 1284 καὶ
3735 1232 3907 1302 ἀπορο

2337 1316 2514 1387 ρῶγος
2550 1320 2616 1390 τῇ
2644 1318 2748 1389 6δῷ
2777 1321 3180 1391 παρεπεφύκει.
3214 1322 3414 1391 Ἔτυχε
3469 1321 3569 1391 μὲν
3600 1322 3695 1374 οὖν
3725 1322 3911 1384 καθῆ-

2336 1406 2462 1468 σθαί
2485 1425 2617 1461 ποτε
2648 1410 2758 1462 τῶν
2782 1411 2847 1463 ὲκ
2874 1410 2974 1480 τῆς
3002 1408 3197 1482 κώμης
3223 1409 3377 1473 τινὰς
3428 1411 3531 1463 ὑπὸ
3566 1412 3631 1481 τῇ
3664 1410 3757 1462 τοῦ
3788 1409 3908 1461 δέν-

2333 1496 2462 1566 δρου
2496 1500 2624 1570 σκιᾷ
2650 1516 2664 1529 ⁸
2705 1500 2800 1553 ενα
2831 1500 2888 1553 δὲ
2914 1499 3118 1554 τούτων
3162 1500 3417 1554 Ἰάκωϐον
3502 1501 3695 1570 ὄνομα,
3720 1499 3913 1552 ἐπιθυι-

2339 1587 2437 1660 μία
2468 1588 2576 1643 τῶν
2611 1592 2677 1644 ὲκ
2706 1592 2799 1644 τοῦ
2830 1590 3046 1661 δένδρου
3079 1590 3329 1662 καρπῶν,
3351 1592 3437 1644 ἐπ’
3461 1592 3594 1644 αὐτὸ
3622 1591 3910 1661 ἀναϐῆναι.

2348 1678 2480 1751 Ὀρᾷ
2508 1681 2687 1735 τοίνυν
2715 1683 2809 1735 δύο
2828 1682 3089 1752 δαίμονας
3117 1681 3205 1735 ἐπ’
3238 1683 3399 1735 αὑτὸν
3441 1683 3697 1745 ἐλθόντας
3722 1684 3750 1735 6
3795 1682 3911 1735 Ἰά-

658 1775 810 1818 ctum
840 1764 1202 1834 praecipitium
1225 1766 1517 1833 jactantes,
1548 1762 1706 1831 cujus
1731 1760 1891 1815 simul
1917 1768 1973 1814 et
2020 1759 2235 1814 arboris

2339 1770 2512 1833 κωῦος
2541 1765 2715 1836 οὗτος,
2750 1773 2858 1825 τῶν
2886 1790 2943 1826 τε
2974 1773 3151 1826 ποδῶν
3178 1773 3514 1843 λαόομένους
3544 1813 3561 1835 ,
3591 1773 3687 1825 καὶ
3725 1772 3910 1825 τοῦτον

658 1832 893 1906 altitudo
914 1832 1259 1920 septuaginta
1282 1850 1393 1903 lere
1422 1850 1623 1918 pedum
1650 1855 1791 1902 erat.
1814 1848 1951 1901 Dum
1979 1846 2147 1917 igitur
2173 1847 2228 1901 in

2339 1860 2479 1914 κατά
2496 1832 2597 1915 τοῦ
2630 1832 2877 1934 κρημνοῦ
2912 1864 3194 1933 ῥίψαντας.
3226 1865 3300 1917 Τὸ
3318 1832 3429 1933 ’μὲν
3455 1832 3556 1917 οῦν
3567 1864 3661 1917 τοῦ
3688 1864 3907 1935 δένδρου

657 1932 965 1995 extremum
984 1940 1180 2008 capitis
1200 1938 1496 1991 discrimen
1518 1953 1576 1991 se
1594 1936 1724 1991 ferri
1746 1937 1934 2000 sentit,
1950 1950 2055 1990 nec
2068 1935 2232 1989 saluti

660 2031 962 2099 desperatae
978 2030 1139 2084 aliter
1156 2028 1406 2083 succurri
1432 2036 1637 2097 posset,
1656 2042 1819 2097 quam
1841 2035 2022 2095 potest
2045 2027 2235 2081 claris-

658 2122 798 2176 sima
809 2136 941 2175 voce
957 2128 1264 2189 promptam
1287 2125 1509 2188 semper
1537 2134 1718 2187 opem,
1754 2118 2231 2188 inexpugnabilem

657 2214 917 2267 virtutem
939 2253 954 2277 ,
987 2227 1096 2265 non
1132 2211 1484 2265 imminutam
1514 2210 1743 2280 gratiam
1768 2249 1781 2272 ,
1825 2207 2092 2263 famulum
2134 2207 2232 2262 Dei

658 2304 983 2373 Symeonem
1015 2303 1291 2357 inclamat.
1346 2301 1486 2355 Ecce
1522 2308 1706 2354 autem
1756 2299 2085 2352 inclamatus
2140 2298 2233 2351 ille

658 2396 918 2465 supponit
940 2394 1147 2447 labenti
1177 2408 1395 2458 manus,
1435 2394 1613 2462 iisque
1642 2392 2040 2461 supinisillum
2084 2391 2232 2446 exci-

657 2483 759 2553 pit,
788 2492 843 2537 et
864 2494 1111 2539 erectum
1138 2483 1291 2547 humi
1323 2482 1569 2552 deponit.
1598 2482 1807 2537 Deinde
1840 2492 2062 2537 rursum
2083 2482 2233 2535 videt

659 2582 862 2627 terram
905 2572 983 2627 ita
1008 2572 1219 2627 ‘diduci
1254 2581 1315 2637 ut
1346 2573 1463 2642 ipsa
1495 2574 1887 2644 detegerentur
1901 2572 2232 2627 fundamen-

660 2670 746 2729 ta;
779 2663 930 2717 videt
956 2669 1013 2717 et
1035 2671 1285 2717 sanctum
1308 2662 1486 2733 cippis
1528 2663 1807 2718 dzemones
1859 2663 2230 2718 includentcm

658 2760 717 2806 et
746 2751 802 2806 in
827 2752 1084 2823 abyssum
1110 2752 1453 2821 ablegantem
1480 2772 1495 2820 ;
1552 2769 1618 2808 ac
1674 2755 1860 2809 denuo
1918 2767 2144 2820 terram,
2173 2764 2235 2810 ut

659 2840 820 2895 initio
840 2840 1041 2907 fuerat,
1083 2852 1396 2898 coeuntem.
1422 2844 1543 2910 Quo
1574 2854 1842 2913 tempore,
1871 2847 2040 2901 tantis
2069 2848 2234 2902 mira-

660 2920 802 2986 culis
823 2942 989 3002 atque
1019 2936 1255 2989 ostentis
1282 2944 1599 3004 praeventus
1619 2936 1725 2990 fuit
1745 2936 1986 2992 Iacobus
2004 2978 2018 3001 ,
2037 2939 2233 2994 eodem

663 3021 916 3093 Symeon,
950 3038 1071 3092 quae
1113 3024 1259 3079 circa
1297 3025 1475 3094 ipsum
1506 3025 1692 3079 divina
1734 3028 1939 3082 virtute
1978 3029 2234 3098 contige-

2332 1952 2426 2005 καὶ
2463 1952 2554 2006 τοῦ
2588 1954 2832 2024 κρημνοῦ
2864 1953 2997 2021 ὕψος
3051 1954 3179 2024 περὶ
3212 1956 3339 2016 τοὺς
3385 1954 3759 2022 ἑϐδομήκοντα
3816 1955 3914 2006 πό·

2329 2041 2427 2105 δας
2452 2038 2541 2112 ἦν’
2570 2045 2600 2095 ὁ
2636 2044 2691 2096 δὲ
2729 2046 2809 2107 είς
2840 2043 3065 2114 ἔσχατον
3121 2044 3366 2097 κινδύνου
3409 2046 3710 2114 φερόμενον
3768 2044 3911 2112 ὁρῶν

2331 2134 2545 2198 ἑαυτὸν,
2589 2135 2685 2187 καὶ
2752 2136 2874 2204 μηδ’
2906 2134 3083 2187 ὁτιοῦν
3132 2137 3191 2186 ὲν
3231 2134 3402 2198 οὕτως
3435 2136 3705 2205 ἀμηχάνῳ
3754 2135 3911 2205 κακῷ

2331 2224 2527 2294 δρᾶσαι
2556 2224 2875 2293 δυνάμενος,
2904 2227 3059 2296 φωνῇ
3091 2225 3166 2289 ὡς
3214 2221 3329 2295 εἶχε
3366 2226 3602 2295 μεγάλῃ,
3631 2226 3731 2295 τὴν
3766 2226 3910 2278 ἑτοί-

2336 2331 2442 2384 μην
2499 2313 2769 2384 βοήθειαν,
2805 2314 2905 2383 τὴν
2960 2316 3173 2385 ἄμαχον
3215 2315 3465 2385 δύναμιν»,
3502 2317 3600 2384 τὴν
3627 2318 3689 2368 ού
3714 2316 3913 2387 βραδύ-

2332 2424 2527 2461 νουσαν
2554 2407 2734 2478 χάριν,
2766 2407 2857 2460 τὸν
2882 2408 2977 2461 τοῦ
3002 2407 3137 2461 Θεοῦ
3183 2408 3489 2479 θεράποντα
3515 2407 3743 2477 Συμεὼν
3778 2411 3911 2461 ἑπε-

2333 2499 2568 2552 καλεῖτο.
2604 2497 2711 2551 Καὶ
2740 2497 2869 2562 ἰδοῦ,
2898 2501 3086 2568 χεῖρας
3112 2497 3336 2569 ὑπέχων
3363 2501 3588 2563 ἐκεῖνος
3628 2501 3723 2551 καὶ
3779 2498 3911 2551 ταύ-

2334 2606 2455 2652 ταις
2500 2588 2661 2642 αὐτὸν
2705 2590 2925 2652 ὑπτίαις
2979 2589 3293 2658 δεξάμενος,
3318 2591 3415 2642 καὶ
3451 2590 3631 2660 ὄρθιον
3680 2592 3909 2659 στήσας.

2336 2674 2469 2730 Εἶτα
2492 2676 2650 2729 πάλιν
2678 2676 2778 2748 ὁρᾷ
2806 2677 2906 2748 τὴν
2925 2677 3029 2745 γῆν
3055 2675 3198 2729 οὕτω
3231 2676 3578 2746 διασχοῦσαν,
3605 2676 3679 2740 ὡς
3708 2680 3916 2732 ἀνακα-

2328 2762 2596 2835 λυφθῆναι
2653 2762 2750 2818 καὶ
2864 2764 2931 2819 τὰ
2985 2764 3213 2834 θεμέλια
3265 2762 3490 2834 ταύτης,
3526 2765 3685 2818 κλοιά
3732 2782 3789 2819 τε
3823 2766 3916 2819 τὸν

2338 2855 2531 2923 Ἀγιον
2556 2858 2665 2918 τοῖς
2688 2855 2906 2926 δαίμοσι
2939 2856 3254 2924 περιθέντα,
3282 2857 3424 2909 κατὰ
3451 2858 3549 2927 τῆς
3585 2857 3825 2910 ἀϐύσσου
3854 2875 3912 2912 τε

2338 2949 2537 3009 αὐτοὺς
2574 2944 2795 3012 ἀφέντα,
2826 2947 2923 2999 καὶ
2970 2946 3067 3017 τὴν
3117 2950 3221 3018 γῆν
3269 2948 3426 3011 αὖθις
3455 2948 3533 3010 ὡς
3558 2950 3620 3000 τὸ
3654 2948 3913 3017 ἀπαρκῆς

2339 3037 2716 3092 συνελθοῦσαν.
2762 3037 2819 3091 '0
2852 3037 2951 3107 μὲν
2990 3037 3086 3091 οὖν
3127 3038 3383 3101 Ἰάκωϐος
3419 3037 3677 3091 τοιούτων
3714 3037 3914 3105 ἠξίωτο

662 3120 806 3176 rant,
840 3111 1108 3168 fratribus
1139 3115 1255 3168 suis
1319 3116 1531 3169 retulit.
1572 3115 1827 3193 Nondum
1879 3126 2063 3172 autem
2110 3136 2231 3175 ser-

2339 3128 2630 3198 θαυμάτων
2665 3128 2779 3197 ἅμα
2824 3130 2917 3180 καὶ
2944 3128 3230 3198 θεαμάτων
3253 3144 3267 3159 ⁶
3303 3131 3361 3181 ὲν
3390 3128 3631 3197 τοσούτῳ
3659 3127 3717 3179 δὲ
3759 3129 3855 3180 καὶ
3885 3130 3914 3180 6

663 3200 813 3255 moui
847 3202 1011 3257 linem
1044 3203 1401 3273 imposuerat,
1429 3220 1551 3259 cum
1572 3186 1747 3259 vicini
1775 3207 1998 3276 quidam
2021 3209 2232 3272 Jacobi,

662 3292 864 3361 gaudio
886 3303 1056 3364 atque
1083 3296 1451 3352 admiratione
1474 3298 1626 3366 pleni
1664 3308 1987 3365 accurrunt,
2025 3302 2236 3370 accepti

664 3382 916 3438 beneﬁcii
945 3384 1175 3455 gratiam
1215 3386 1568 3453 conﬁtentes,
1629 3397 1686 3442 et
1723 3405 1843 3458 quae
1898 3389 2039 3444 facta
2080 3402 2238 3446 erant

664 3472 840 3542 palam
870 3475 1285 3529 annuntiantes.

734 3740 823 3796 9i.
853 3741 1131 3811 Leprosus
1153 3740 1379 3811 quidam
1420 3741 1657 3794 accessit
1683 3750 1894 3804 sancto,
1925 3752 2001 3806 et,
2023 3758 2091 3797 ne
2114 3740 2241 3812 quis

666 3832 918 3886 amentia
950 3847 1051 3885 nos
1080 3839 1293 3901 arguat,
1319 3829 1539 3894 iisdem,
1587 3830 1789 3899 quibus
1818 3831 1947 3885 olim
1987 3833 2241 3901 leprosus

667 3924 760 3978 ille
790 3922 859 3977 ad
880 3921 1185 3985 Christum,
1214 3921 1283 3975 ad
1307 3921 1457 3975 hunc
1495 3920 1683 3975 verbis
1708 3936 1839 3976 usus
1864 3931 1949 3977 est
2006 3923 2236 3978 dicens:

667 4012 725 4068 Si
758 4012 861 4079 vis,
893 4021 1050 4080 potes
1073 4026 1159 4066 me
1184 4010 1453 4065 mundare
1490 4012 1551 4064 ”.
1588 4010 1659 4064 Et
1700 4022 1923 4067 sanctus
1962 4014 2081 4083 pari
2112 4030 2236 4069 cum

665 4104 885 4158 fervore
911 4118 975 4157 ac
997 4101 1127 4165 ﬁde,
1148 4115 1316 4170 quam
1355 4100 1412 4154 in
1443 4099 1539 4153 illo
1564 4100 1842 4169 praecipue
1896 4113 2235 4171 respexerat,

667 4196 841 4249 fretus
861 4180 1113 4258 Domino,
1141 4192 1237 4262 qui
1270 4191 1454 4245 omnia
1484 4191 1733 4245 credenti
1768 4192 2054 4262 possibilia
2111 4209 2235 4249 esse

667 4284 1020 4339 enuntiavit:
1062 4284 1220 4349 Volo,
1250 4284 1451 4353 inquit,
1485 4290 1538 4337 te
1579 4281 1836 4337 mundari
1867 4304 1881 4338 :
1928 4300 2119 4339 verum
2153 4286 2239 4341 lac

668 4378 891 4431 domum
917 4374 1103 4437 abeas,
1139 4382 1194 4428 et
1225 4373 1494 4443 benignus
1521 4372 1687 4438 Deus,
1716 4373 1813 4441 qui
1848 4383 2037 4428 nostra
2073 4392 2237 4432 causa

2343 3220 2565 3288 Συμεὼν
2597 3218 2663 3270 τὶ
2712 3218 2790 3279 είς
2827 3218 3031 3270 ἐκεῖνον
3059 3218 3180 3288 θείᾳ
3222 3218 3445 3287 δυνάμει
3480 3220 3752 3288 γενόμενα
3777 3219 3913 3287 πρὸς

2339 3308 2438 3377 τὴν
2471 3307 2805 3377 ἀδελφότητα
2857 3300 3077 3376 διεξῄει.
3123 3306 3290 3360 Οὔπω
3344 3307 3495 3369 τέλος
3533 3306 3682 3376 αύτῷ
3711 3302 3858 3375 εἶχεν
3885 3308 3913 3359 6

2338 3401 2515 3467 λόγος,
2555 3398 2647 3451 καὶ
2665 3396 3019 3466 ἀξικνοῦνταί
3041 3415 3186 3461 τινες
3213 3397 3321 3452 τῶν
3346 3395 3740 3467 πλησιοχώρων
3762 3398 3911 3469 αὐτῷ

2351 3490 2613 3560 Ἰακώϐῳ,
2638 3489 2918 3561 θαύματος
2963 3491 3152 3559 μεστοὶ
3194 3491 3296 3553 τὰς
3340 3491 3542 3561 ψυχὰς,
3567 3493 3797 3562 χάριτάς
3853 3508 3912 3543 τε

2338 3579 2603 3651 τοσαύτης
2629 3568 2946 3650 εὐεργεσίας
2976 3580 3389 3651 ὁμολογοῦντες,
3432 3584 3527 3635 καὶ⁵
3584 3585 3776 3650 σαφεῖς
3807 3581 3912 3635 τῶν

2338 3670 2723 3742 γεγενημένων
2748 3671 2993 3739 ἄγγελοι.

2411 3766 2519 3828 ιιαν.
2550 3762 2832 3833 Προσῆλθέ
2860 3780 2946 3825 τις
2998 3762 3073 3833 τῷ
3113 3762 3282 3831 Ἀγίῳ
3326 3761 3549 3828 λεπρὸς,
3584 3763 3676 3815 καὶ
3700 3761 3798 3832 (μή
3835 3780 3912 3824 τις

2340 3854 2490 3921 ἡμᾶς
2516 3852 2822 3924 ὲπιτιμάτω
2853 3853 2951 3922 τῆς
2979 3853 3260 3922 ἀπονοίας)
3290 3852 3365 3917 ὣς
3392 3869 3524 3905 ποτε
3556 3855 3650 3905 καὶ
3692 3852 3770 3923 τῷ
3806 3854 3909 3921 Ἰηο

2343 3940 2438 3992 σοῦ
2490 3940 2562 3993 τὰ
2610 3942 2749 3998 αὑτά
2799 3957 2859 3993 τε
2914 3940 3285 4010 φθεγγόμενος
3322 3940 3540 4009 ἐκείνῳ,
3577 3940 3704 3992 Ἑάν
3731 3939 3905 4011 θέλῃς,

2339 4029 2563 4083 δύνασαί
2617 4046 2683 4097 με
2734 4028 3052 4100 καθαρίσαι,
3083 4028 3181 4082 καὶ
3233 4028 3369 4097 μετά
3400 4029 3501 4095 τῆς
3558 4030 3681 4099 ῐσης
3707 4028 3909 4099 θέρμης

2340 4120 2433 4173 καὶ
2466 4120 2720 4183 πίστεως.
2757 4120 2900 4189 Πρὸς
2940 4119 2995 4171 δν
3026 4122 3052 4173 6
3089 4118 3180 4171 τοῦ
3230 4118 3364 4171 Θεοῦ
3417 4118 3603 4181 δοῦλος
3660 4117 3808 4181 ἰδὼν,
3839 4118 3912 4187 τῷ

2338 4225 2399 4261 τε
2458 4208 2644 4279 οἰκείῳ
2696 4208 2961 4279 Δεσπότῃ,
2993 4207 3197 4260 δυνατά
3242 4206 3321 4276 τῷ
3384 4205 3697 4259 πιστεύοντι
3742 4208 3912 4261 πάντα

2339 4296 3068 4370 είπόντι,θαρῤήσας,Θέλω,
3098 4298 3254 4368 φησι,
3284 4295 3782 4366 καθαρισθῆναίσε,
3805 4298 3911 4350 ἀλλ’

2340 4386 2459 4459 ὥρα
2480 4404 2561 4440 σοι
2590 4387 2774 4440 λοιπὸν
2800 4386 2987 4440 οἴκαδε
3019 4385 3307 4448 ἀπελθεῖν,
3349 4386 3449 4438 καὶ
3477 4386 3505 4438 6
3552 4386 3757 4453 ἀγαθὸς
3788 4386 3913 4448 Θεός

666 4482 698 4523 e
722 4480 887 4521 cruce
916 4464 1178 4534 suspendi
1210 4463 1466 4533 dignatus
1490 4471 1596 4529 est,
1626 4462 1743 4531 ipse
1769 4478 1867 4533 per
1913 4463 2236 4519 immensam

2350 4496 2470 4548 μου,
2497 4480 2525 4532 6
2552 4479 2646 4531 καὶ
2676 4476 2895 4547 σταυρῷ
2926 4474 3311 4547 κρεμασθῆναι
3343 4474 3409 4527 δι’
3443 4476 3590 4545 ἡμᾶς
3644 4476 3746 4528 οὐκ
3778 4478 3915 4529 ἀπα·-

666 4556 971 4613 bonltatem
999 4566 1145 4611 tuam
1188 4562 1241 4610 te
1276 4555 1496 4610 inviset.
1533 4555 1707 4610 Dictis
1755 4553 1920 4610 ﬁdem
1970 4555 2241 4613 adhibens

664 4652 942 4727 leprosos,
966 4650 1191 4704 domum
1224 4648 1390 4727 redit,
1413 4658 1577 4718 atque
1602 4648 1693 4702 illa
1719 4659 1884 4705 nocte
1932 4649 2078 4718 (qua:
2140 4650 2245 4704 lin-

664 4721 769 4816 gua
794 4721 1248 4796 miscricordiam.
1264 4746 1415 4793 tuam
1450 4736 1763 4803 annuntiet,
1795 4736 2027 4792 Domine
2074 4738 2241 4803 Deus,

663 4850 763 4889 rex
800 4832 1051 4900 noster?)
1099 4828 1372 4899 conspicit
1406 4829 1665 4899 juvenem
1718 4827 2015 4897 quemdam
2059 4828 2244 4898 specie

663 4924 917 4995 fulgenti,
954 4921 1266 4976 dicentem:
1308 4918 1378 4975 Ut
1419 4917 1731 4983 credidisti,
1777 4917 1873 4973 ﬁat
1928 4918 2052 4973 tibi.
2107 4918 2240 4984 Qum

663 5014 835 5071 verba
866 5028 1117 5069 somnum
1137 5019 1501 5067 excusserunt
1532 5010 1766 5076 homini,
1788 5019 1846 5065 et
1896 5026 2021 5065 cum
2049 5027 2244 5067 somno

664 5106 912 5175 lepram;
955 5112 1014 5159 et
1044 5113 1194 5159 totus
1250 5103 1550 5158 mundatus
1590 5102 1718 5167 fuit,
1760 5118 1941 5172 praeco
1984 5104 2244 5173 potentiae

665 5193 867 5247 divinae
910 5209 970 5247 re
1013 5194 1199 5263 potius
1276 5208 1441 5263 quam
1505 5192 1692 5246 verbis
1742 5192 1939 5247 lactus.
1991 5192 2243 5265 Cumque

669 5281 818 5351 quod
851 5282 1188 5338 retribueret
1219 5297 1327 5336 non
1352 5283 1605 5347 haberet,
1658 5282 2055 5353 gratitudinem
2076 5284 2246 5338 animi

666 5371 953 5436 exhibuit;
986 5381 1339 5443 acceptoque.
1383 5387 1611 5427 nummo
1649 5386 1841 5435 aureo,
1889 5372 2129 5426 recurrit
2178 5371 2245 5425 ad

671 5472 953 5531 sanctum;
980 5479 1113 5530 non,
1150 5473 1210 5519 ut
1248 5465 1424 5534 prius,
1482 5462 1636 5517 sanie
1683 5461 1942 5517 dillluens
1982 5478 2047 5518 ac
2097 5464 2246 5534 lepra

674 5553 1113 5621 contabescens,
1182 5554 1279 5610 sed
1328 5552 1677 5609 reviviscenti
1762 5551 2245 5624 reﬂorescentiquc

742 5736 783 5765 "
828 5732 1015 5788 Matth.
1055 5750 1165 5799 vm,
1213 5734 1265 5787 ‘2.

2342 4568 2566 4637 ξιὼσας,
2599 4570 2760 4632 αὐτός
2816 4585 2875 4621 σε
2929 4570 2996 4638 τῇ
3048 4566 3258 4637 μεγάλῃ
3286 4568 3572 4637 ἐπισκοπῇ
3593 4567 3693 4635 τῆς
3716 4567 3913 4628 οἰκείας

2341 4661 2708 4731 χρηστότητος
2738 4658 3119 4725 ἐπισκέψεται.
3150 4656 3373 4719 Τούτοις
3394 4658 3423 4708 6
3449 4655 3651 4725 λεπρὸς
3696 4657 3912 4709 πιστεύ-

2346 4765 2464 4811 σας,
2494 4748 2776 4801 ἐπάνεισιν
2817 4747 2999 4810 είςτδν
3012 4744 3160 4802 οἷκον
3180 4744 3306 4800 ’καὶ
3333 4746 3432 4815 τῆς
3464 4746 3662 4808 νυκτὸς
3709 4746 3913 4811 ἐκείνης

2343 4840 2495 4911 (ποία
2546 4838 2785 4907 γλῶσεα,
2834 4838 3038 4907 Χριστὲ
3077 4836 3323 4907 βασιλεῦ,
3351 4835 3635 4903 ἐξαγγελεῖ
3673 4838 3740 4889 τὰ
3791 4837 3909 4903 ὲλέη

2351 4945 2445 4981 σου
2476 4924 2657 4998 ;)ὁρᾷ
2689 4926 2942 4997 λαμπρόν
2989 4944 3111 4979 τινα
3164 4926 3384 4978 νεανίαν
3415 4927 3476 4979 τὸ
3511 4922 3671 4991 εἶδος,
3702 4927 3909 4979 εἰπόντα

2350 5019 2518 5089 αὐτῷ,
2551 5019 2640 5081 Ὠς
2671 5016 3020 5083 ἐπίστευσας,
3055 5017 3340 5087 γενηθήτω
3375 5034 3478 5069 σοι.
3506 5017 3617 5069 Καὶ
3656 5015 3715 5067 τὸ
3767 5016 3907 5085 ῥῆμα

2348 5109 2439 5162 τὸν
2469 5108 2670 5179 λεπρδν
2701 5107 2988 5171 διῦπνίζει,
3027 5108 3123 5159 καὶ
3174 5107 3252 5177 τῷ
3303 5105 3457 5177 ῦπνῳ
3513 5105 3902 5174 συναπῆλθενή

2350 5199 2525 5269 λέπρα
2550 5215 2567 5232 ο
2591 5200 2686 5252 καὶ
2713 5198 2952 5268 καθαρὸς
2964 5198 3083 5259 ὅλος
3106 5192 3194 5267 ἦν,
3221 5197 3510 5267 πράγμασι
3531 5197 3734 5265 μᾶλλον
3757 5195 3787 5264 ἦ
3821 5195 3903 5265 pl)-

2357 5303 2487 5356 μασι
2541 5286 2824 5357 κηρύττων
2854 5285 2953 5348 τὰς
2981 5286 3077 5338 τοῦ
3113 5286 3247 5339 Θεοῦ
3305 5286 3644 5349 δυναστείας.
3686 5283 3905 5338 ’Δντῖδοο

2356 5392 2439 5428 σιν
2461 5376 2641 5429 τοίνυν
2678 5374 2885 5443 ἀγαθοῦ
2909 5376 3136 5429 τοσοῦδε
3169 5376 3243 5447 μὴ
3267 5374 3427 5445 ἔχων,
3452 5377 3605 5445 ὅμως
3628 5374 3725 5445 τῆς
3746 5373 3909 5442 ψυχης

2351 5467 2566 5529 δεικνὺς
2620 5469 2721 5541 τὴν
2748 5464 3191 5538 εὖγνωμοσύνην,
3244 5467 3467 5538 χρυσίον
3508 5465 3711 5531 λαϐὼν,
3763 5462 3907 5531 φοιτᾷ

2354 5560 2503 5630 παρὰ
2558 5559 2650 5613 τὸν
2704 5558 2896 5628 Ἅγιον
2953 5554 3153 5625 αὖθις,
3209 5559 3307 5629 οὐχ
3359 5557 3434 5621 ὡς
3488 5557 3680 5628 πρώην
3733 5555 3905 5625 ἰχῶρτι
