4092 6460
174 375 336 440 3073
1223 382 1396 440 ΥΙΤΑ
1439 383 1480 439 Λ
1529 382 1962 442 NlCEPlIORO
1999 384 2480 450 CONSCRH’TA.
3328 387 3469 450 307$

173 491 332 553 ζέων
371 493 478 545 καὶ
519 493 699 565 λέπρᾳ
739 491 1127 561 κατεσκληκώς
1156 533 1170 556 ,
1203 494 1318 545 ἀλλ’
1343 489 1453 546 οἷον
1492 495 1785 548 ἀναϐεϐιω-

1900 497 2096 552 similis
2123 538 2136 555 .
2179 499 2456 568 quomodo
2491 514 2591 553 nec
2643 509 2914 570 speratam
2959 499 3180 570 quidem
3235 500 3466 569 adeptas

174 584 303 646 κὼς
337 586 481 656 ἄρτι
509 588 604 639 καὶ
634 586 928 654 ἀναθήλας,
957 587 1104 645 ὅπως
1137 586 1232 654 τῆς
1261 586 1563 656 παραδόξου
1591 588 1785 657 ταύτης

1900 588 2241 642 sanationem
2276 600 2421 642 esset
2486 588 2774 643 manifeste
2813 605 2878 644 ac
2925 592 3101 659 palam
3155 590 3464 659 divulgans.

179 675 407 736 ἰάσεως
469 677 656 744 τύχοι,
693 675 875 741 σαιρῶς
929 675 1315 743 ἐξηγούμενος.
1383 677 1440 728 '0
1490 678 1546 730 δὲ
1593 679 1652 730 τὸ
1701 681 1785 747 μὲι

1900 674 2136 731 Sanctus
2174 693 2306 730 vero
2341 693 2534 730 aurum
2576 695 2728 733 more
2756 695 2856 733 suo
2911 695 3022 733 non
3075 680 3316 744 admisit,
3369 681 3466 734 sed

175 765 437 833 χρυσίον
481 765 621 818 κατὰ
669 766 730 817 τὸ
765 765 993 834 σύνηθες
1016 767 1076 817 ού
1122 767 1469 835 προσήκατο,
1501 767 1616 820 ἀλλ’
1651 769 1785 821 ἀντι·

1896 783 1998 836 pro
2036 769 2479 822 remuneratione
2524 768 2689 838 digna
2750 781 3048 838 perpetuas
3095 771 3208 824 Deo
3261 771 3468 839 gratias

182 855 438 921 μισθίαν
480 855 672 924 ἱκανὴν
718 854 866 924 αὐτῷ
907 855 1041 925 πρὸς
1071 857 1203 908 Θεὸν
1239 855 1458 925 διηνεκῆ
1491 858 1785 926 παραγγέλ-

1896 855 2212 923 persolvere
2239 855 2494 925 injunxit.
2525 856 2777 910 Julianus
2810 873 2976 925 porro
3038 874 3180 912 unus
3227 857 3470 927 discipu-

175 942 539 1011 Isqaéillov
592 944 962 1012 εὐχαριστίαν.
1004 944 1290 1006 Ἰουλιανὸς
1340 944 1397 995 δὲ
1449 945 1557 999 τῶν
1613 946 1785 1016 μαθη-

1895 944 2096 1009 lorum,
2128 945 2343 998 induxit
2381 945 2434 998 in
2462 945 2706 999 animum
2734 947 2982 1016 accipere
3027 963 3221 1000 aurum
3265 965 3278 1000 :
3319 948 3468 1016 quod

175 1034 300 1085 τῶν
345 1030 467 1096 εἴς,
492 1032 617 1085 νοῦν
675 1033 830 1103 ἔσχεν
861 1033 969 1086 ἁπδ
1014 1033 1108 1086 τοῦ
1135 1034 1359 1102 χρυσίου
1383 1034 1566 1087 λαϐεῖν
1609 1052 1624 1065 ο
1653 1037 1785 1106 ὅπερ

1906 1043 1964 1086 ut
1998 1033 2246 1087 internos
2281 1033 2567 1104 Symeonis
2583 1035 2773 1089 oculos
2804 1050 2914 1088 non
2943 1035 3126 1099 latuit,
3173 1036 3249 1089 ait
3301 1036 3468 1089 disci-

177 1126 280 1177 τίεν
314 1124 476 1176 θεῖον
512 1123 735 1193 Συμεὼν
774 1126 886 1186 τοῖς
909 1124 1063 1179 ἔνδον
1095 1124 1394 1194 ὀφθαλμοῖς
1420 1127 1480 1178 ού
1521 1125 1785 1180 διαλαθόν·

1898 1123 2056 1192 pulo:
2090 1123 2256 1178 Visne
2289 1140 2414 1178 cum
2459 1125 2799 1190 auro‘simul
2831 1132 2888 1179 et
2947 1125 3156 1194 Iepram
3191 1127 3464 1194 accipere,

179 1217 252 1268 Εἰ
290 1216 517 1284 βούλει,
539 1216 674 1285 πρὸς
707 1217 797 1268 τὸν
827 1216 1076 1288 μαθητὴν
1099 1217 1226 1286 ἔφη,
1259 1216 1395 1284 μετὰ
1427 1216 1519 1270 τοῦ
1569 1219 1785 1287 χρυσίου

1897 1212 2124 1268 utGiezi
2151 1213 2242 1266 ille
2273 1213 2481 1280 lepram
2500 1213 2713 1276 Naami,
2745 1221 2802 1266 et
2824 1213 2931 1266 alio
2950 1213 3112 1266 modo
3145 1212 3290 1265 illam
3319 1212 3468 1265 redi—

182 1305 289 1356 καὶ
351 1305 463 1374 τὴν
499 1305 708 1375 λέπραν
760 1304 1072 1370 ἀναλαϐεῖν,
1100 1306 1174 1368 ὡς
1205 1304 1366 1372 Γιεζὴ
1413 1305 1509 1358 τοῦ
1538 1304 1792 1375 Ναιεμὰν

181 1397 417 1458 ἐκεῖνος
447 1436 463 1456 ,
498 1395 593 1448 καὶ
641 1397 840 1464 τρόπον
864 1396 1049 1465 ἕτερον
1074 1395 1241 1464 αὐτὴν
1263 1394 1655 1463 ἐξωνήσασθαι,
1693 1395 1790 1448 λα-

183 1484 307 1537 ϐὼν
373 1486 586 1551 μᾶλλον
639 1485 670 1553 ἢ
727 1485 1016 1536 δεδωκώει
1075 1483 1293 1535 Τούτων
1331 1485 1642 1538 ἀκούσαντα
1701 1485 1790 1536 τον

1896 1317 2046 1356 mere
2065 1343 2078 1366 ,
2105 1301 2241 1356 dans
2269 1302 2455 1371 potius
2469 1317 2631 1370 quam
2667 1301 2982 1370 accipiens?
3011 1302 3108 1356 llis
3128 1301 3333 1356 auditis
3356 1317 3465 1354 non

1901 1392 2065 1446 modo
2110 1391 2374 1445 abstinuit
2411 1391 2712 1459 discipulus
2762 1390 2852 1443 ille
2882 1431 2895 1454 ,
2933 1391 3029 1445 sed
3079 1391 3295 1446 veniam
3327 1389 3468 1459 quo-4

1899 1499 2005 1552 que
2036 1469 2494 1553 concupiscentia
2529 1498 2642 1537 suae
2666 1480 2812 1534 illico
2842 1483 3020 1549 petiit,
3052 1494 3107 1536 et
3136 1481 3368 1552 accepit.

187 1581 470 1652 μαθητὴν
500 1572 1158 1655 οὖκάποσχέσθαιαμόνον,
1177 1581 1312 1635 ἀλλὰ
1343 1580 1430 1633 καὶ
1461 1577 1792 1650 συγγνώμην
1822 1577 1982 1640 εὐθὺς
2003 1578 2224 1647 αἰτῆσαι
2247 1577 2340 1631 τοῦ
2375 1578 2759 1648 ἐνθυμήματος
2791 1580 2886 1633 καὶ
2925 1578 3131 1631 ὶαϐεἵν.

1657 1694 1882 1751 CAPUT
1912 1694 2029 1749 XII.

620 1814 1013 1868 ‘Monasterium
1071 1815 1298 1868 monitus
1344 1833 1375 1868 a
1430 1815 1534 1868 Deo
1573 1802 2298 1880 castrnitmquamimpetrat
2349 1829 2411 1865 ac
2454 1813 2744 1864 diutissime
2789 1823 3080 1865 conservat.

267 1932 389 2002 ιβ’.
435 1931 510 1984 Τὸ
548 1931 729 2000 μέντοι
757 1932 901 2002 ὅρος,
933 1933 991 1985 ὲν
1030 1925 1074 1999 ᾧ
1110 1931 1209 2003 τὴν
1245 1931 1466 2002 ἀγωγὴν
1505 1934 1531 1984 ὁ
1561 1931 1785 2000 Συμεὼν

1965 1930 2052 1982 92.
2116 1929 2389 1983 Caeterum
2450 1945 2607 1984 mons
2666 1930 2717 1983 in
2751 1946 2860 1998 quo
2921 1931 3156 2001 Symeon
3212 1933 3463 2003 degebat,

191 2025 474 2087 ἐποιεῖτο,
499 2023 706 2094 ἔρημος
731 2019 799 2095 ἦν
825 2025 1086 2093 ἀτεχνῶς,
1117 2025 1215 2093 οὐχ
1245 2023 1464 2087 ὓδατος,
1506 2026 1605 2076 οὐκ
1634 2023 1792 2078 ἄλλου

191 2117 344 2186 πρὸς
380 2116 454 2168 τὰ
488 2115 759 2183 ἀναγκαῖά
803 2132 945 2179 τινος
977 2116 1264 2186 εύποροῦν,
1295 2116 1374 2168 ὅτι
1406 2117 1483 2185 μὴ
1527 2116 1791 2185 καλύϐης.

192 2209 296 2259 καὶ
352 2206 563 2276 ταύτης
607 2207 756 2276 μιᾶς,
796 2207 865 2276 ἢν
916 2207 966 2258 οξ
1012 2206 1255 2276 μαθηταὶ
1307 2205 1532 2276 μετρίαν
1579 2208 1793 2270 ἑαυτοῖς

192 2296 487 2364 ἐπήξαντο
549 2296 793 2365 σκέπην·
846 2295 1006 2358 αὐτὸς
1048 2296 1156 2365 γὰρ
1198 2296 1290 2348 ἐπὶ
1322 2296 1420 2365 τῆς
1460 2297 1686 2366 πέτρας,
1718 2299 1793 2361 ὠς

193 2382 595 2452 ἐμνήσθημεν,
616 2386 673 2436 ὲν
692 2384 943 2453 ὑπαίθρῳ
961 2385 1232 2452 εἱστήκει,
1253 2383 1590 2454 δερματίνην
1610 2388 1797 2456 μηλω-

193 2476 302 2544 τὴν
319 2494 395 2528 πε
408 2457 625 2544 ρικεῖμε
639 2495 741 2538 νος.
761 2479 912 2529 Ἐπεὶ
924 2477 981 2529 δὲ
1003 2477 1174 2529 πολλὰ
1186 2476 1527 2545 πανταχόθεν
1542 2480 1797 2550 συνέρρει

194 2558 346 2626 πρὸς
400 2558 564 2613 αὑτὸν
611 2558 868 2612 ἑκάστοτε
905 2561 1104 2629 πλήθη,
1141 2563 1203 2614 οὐ
1239 2564 1508 2632 πνεύμασι
1538 2569 1793 2635 πονηροῖς

198 2649 400 2714 μόνον,
457 2648 590 2700 ἀλλὰ
639 2649 731 2700 καὶ
768 2649 1130 2714 παντοδαποῖς
1172 2650 1420 2718 σώματος
1470 2653 1666 2706 πάθεσι
1698 2654 1792 2705 καὶ

194 2737 387 2799 νόσοις
416 2738 866 2808 κατειλημμένων
901 2741 1103 2809 (ἐπίεζε
1135 2741 1189 2792 δὲ
1225 2744 1418 2807 αὐτοὺς
1451 2745 1484 2813 ἦ
1512 2761 1570 2796 τε
1601 2744 1791 2811 ἆοριλος

194 2825 440 2892 ἐρημία,
477 2829 623 2897 καὶὴ
659 2815 764 2879 τὶῦν
783 2830 1089 2896 ἀναγκαίων
1111 2832 1307 2897 ἔνδεια,
1340 2835 1433 2885 καὶ
1462 2836 1521 2887 τὸ
1548 2838 1790 2905 ἐσχάτως

197 2916 442 2987 ἄνυδρόν
488 2936 548 2970 τε
591 2921 684 2971 καὶ
705 2920 978 2989 ἄστεγον),
1012 2925 1038 2975 ὁ
1069 2926 1245 2988 κοινὸς
1285 2927 1378 2977 καὶ
1410 2926 1790 2998 φιλάνθρωπος

197 3008 468 3063 ἁπάντων
523 3013 758 3083 Ποιητής
809 3017 902 3067 καὶ
960 3016 1147 3086 Πατὴρ
1181 3020 1288 3071 καὶ
1329 3021 1624 3088 Δεσπότης,
1652 3023 1690 3072 ,ό
1720 3025 1784 3091 τῇ

199 3096 355 3166 ἰσχύϊ
394 3100 557 3151 αὑτοῦ
600 3104 668 3170 τῇ
716 3103 947 3173 μεγάλῃ,
980 3106 1072 3156 καὶ
1105 3104 1182 3173 τῷ
1216 3106 1471 3176 βραχίονι
1518 3109 1681 3160 αὑτοῦ
1712 3111 1788 3178 τῷ

195 3186 401 3299 ὑψηλιΞι
443 3191 619 3242 πάντα
649 3193 840 3255 ποιῶν,
865 3195 902 3298 (Ξ
928 3195 1100 3263 μέγας
1128 3199 1193 3266 τῇ
1229 3196 1390 3267 βουλῇ
1437 3200 1529 3250 καὶ
1561 3198 1788 3262 δυνατὸς
1817 3242 1859 3299 C

194 3280 314 3339 τοῖς
367 3278 572 3348 ἔργοις,
603 3283 631 3333 ό
669 3282 823 3344 εἰδὼς
869 3277 943 3335 ὧν
985 3285 1176 3355 χρείαν
1205 3285 1422 3356 ἔχομεν,
1468 3288 1564 3340 καὶ
1602 3289 1694 3358 ἀφ’
1728 3284 1790 3342 οὗ

198 3368 656 3439 ἀποκρυόήσεται
706 3373 878 3435 οὐδὲν,
927 3367 1079 3436 οὗτος
1141 3376 1235 3426 καὶ
1285 3374 1380 3428 νῦν
1437 3375 1513 3446 τῷ
1568 3377 1791 3447 Συμεὼν

186 3459 533 3524 παραδόξως
562 3459 768 3526 ὀφθείς·
806 3462 918 3530 Ούχ
955 3459 1084 3534 ὁρᾷς
1114 3463 1211 3533 τὴν
1242 3465 1562 3534 όλιγόψυχον
1588 3468 1791 3538 ταύτην

205 3549 422 3612 γενεὰν,
450 3549 576 3620 ἔφη,
606 3552 753 3614 ὅπως
778 3551 1032 3615 ἀδύνατος
1058 3555 1239 3619 αὐτοῖς
1267 3559 1299 3623 ἡ
1331 3557 1565 3611 ἐνταῦθα
1589 3559 1790 3629 διατρι-

197 3637 293 3706 ϐὴ,
322 3644 400 3708 μὴ
418 3643 732 3727 προσόντωη
756 3645 864 3697 τῶν
894 3646 1033 3698 κατὰ
1061 3648 1284 3716 χρείαν;
1323 3650 1480 3703 nm
1503 3651 1634 3722 παρ’
1654 3653 1786 3722 ἐμοῦ

198 3730 380 3783 ταῦτα
413 3734 507 3784 καὶ
549 3735 700 3786 αὐτοὶ
725 3735 1062 3804 κομιοῦνται,
1093 3739 1185 3790 καὶ
1216 3741 1278 3792 σὺ
1305 3742 1644 3810 πραγμάτων
1672 3745 1787 3797 δια-

189 3821 394 3887 μενεῖς
417 3821 712 3892 ἐλεύθερος.

269 4080 382 4145 ι-,γ’.
424 4080 640 4133 Τούτων
679 4082 920 4145 ἀκούσας
966 4087 1241 4156 μακαρίας
1287 4089 1459 4158 ἀκοῆς
1496 4093 1711 4164 ἐκείνης
1755 4097 1782 4149 ό

196 4164 448 4234 Συμεὼν,
479 4171 578 4239 ὁρᾷ
602 4172 763 4222 οἱονεί
794 4190 844 4224 τι
883 4175 1078 4244 μέτρον
1106 4177 1402 4246 κατέχοντα
1435 4184 1783 4252 χερσὶνοἋγ-

192 4255 378 4320 γελον,
413 4259 504 4310 καὶ
538 4259 604 4312 τὰ
641 4259 733 4312 τοῦ
763 4264 1125 4332 μοναστηρίου
1161 4267 1254 4318 καὶ
1287 4267 1393 4318 τῶν
1422 4271 1478 4321 ἐν
1513 4271 1661 4341 αὐτῷ
1690 4291 1784 4326 σε-

193 4343 450 4414 ϐασμίων
473 4350 614 4401 ναῶν
642 4349 1066 4421 διαχαράττοντα
1094 4354 1235 4427 ἴχνη,
1264 4359 1492 4428 νεφέλην
1518 4378 1575 4412 τε
1603 4365 1778 4428 φωτὸς

191 4433 316 4486 ὅλον
353 4435 413 4488 τὸ
447 4436 759 4507 θαυμαστὸν
786 4441 1108 4509 καλύψασαν
1135 4445 1279 4510 ὅρος,
1314 4449 1405 4500 καὶ
1435 4450 1494 4502 τὸ
1520 4451 1612 4503 τοῦ
1638 4453 1774 4506 Θεοῦ

1897 2022 2051 2076 locus
2104 2031 2224 2074 erat
2279 2021 2532 2075 desertus
2599 2021 2970 2090 incultusque,
3039 2040 3146 2076 non
3184 2025 3253 2078 ab
3300 2043 3462 2094 aqua,

1894 2120 2064 2175 tecto,
2099 2113 2274 2166 aliave
2299 2127 2356 2165 re
2406 2113 2473 2165 ad
2525 2113 2690 2164 vitam
2745 2115 3061 2166 necessaria
3121 2116 3462 2182 instructus;

1893 2202 2249 2270 tuguriolum,
2276 2201 2438 2270 idque
2466 2202 2714 2264 unicum,
2744 2202 3001 2265 habebat,
3028 2203 3172 2271 quod
3205 2205 3463 2274 discipuli

1893 2290 2000 2344 sibi
2059 2290 2329 2360 refugium
2403 2307 2513 2344 nou
2584 2293 2827 2359 amplum
2885 2304 3461 2361 eoagmeutaverant:

1893 2378 2127 2450 Symeon
2163 2381 2387 2448 quippe,
2410 2390 2468 2433 ut
2497 2396 2659 2448 supra
2691 2381 3065 2444 meminimus,
3099 2383 3151 2434 in
3184 2392 3342 2452 petra
3365 2399 3465 2439 Sua

1898 2471 2000 2524 sub
2032 2470 2124 2524 dio
2158 2481 2309 2525 stans
2345 2471 2703 2540 percnnabat,
2761 2472 3003 2540 pellicem
3052 2475 3266 2526 melota:
3310 2475 3470 2528 invo-

1893 2562 2059 2615 lutus.
2089 2562 2284 2615 Postea
2318 2576 2451 2614 vero
2503 2577 2627 2614 cum
2685 2563 2833 2615 onmi
2886 2578 2953 2614 ex
3002 2573 3157 2630 parte
3204 2564 3466 2632 frequens

1895 2651 2054 2705 turba
2081 2651 2326 2720 quotidie
2359 2651 2426 2705 ad
2465 2652 2648 2720 ipsum
2678 2652 2983 2707 conﬂueret
3009 2655 3318 2719 hominum,
3348 2666 3462 2712 tum

1885 2739 2631 2809 amalignisspiritibus,tum
2655 2743 2724 2795 ab
2753 2742 2932 2796 omnis
2977 2746 3198 2812 generis
3251 2748 3463 2801 morbis

1893 2844 1957 2883 ac
1979 2829 2284 2893 doloribus,
2309 2844 2716 2902 correptorum,
2741 2836 3080 2904 miserosque
3101 2837 3221 2906 illos
3237 2839 3466 2907 excipe-

1894 2927 1978 2969 ret
2009 2928 2116 2970 tam
2205 2920 2516 2976 inamabilis
2539 2937 2782 2987 eremus,
2810 2939 2995 2976 rerum
3036 2929 3467 2982 necessariarum

1893 3010 2145 3078 penuria,
2179 3010 2428 3064 defectus
2451 3027 2606 3080 aqua:
2642 3029 2705 3066 ac
2736 3013 3004 3067 domicilii
3033 3033 3046 3075 ;
3073 3019 3383 3082 communis
3404 3033 3469 3072 ac

1893 3100 2196 3154 benevolus
2218 3103 2464 3153 omnium
2499 3102 2750 3165 Creator,
2777 3105 2936 3156 Pater
2985 3114 3148 3173 atque
3181 3106 3468 3173 Dominus,

1893 3189 1988 3258 qui
2017 3190 2263 3258 potentia
2296 3206 2391 3243 sua
2425 3191 2693 3244 immensa
2715 3202 2770 3244 et
2801 3192 3030 3248 brachio
3077 3197 3298 3250 sublimi
3353 3213 3471 3254 mo-

1895 3278 2122 3333 deratur
2147 3279 2424 3340 universa.
2469 3295 2700 3350 magnus
2765 3282 2854 3336 ille
2901 3285 3136 3338 consilio
3181 3295 3236 3340 et
3268 3298 3470 3356 potens

1895 3382 2085 3437 opere,
2109 3370 2202 3437 qui
2235 3385 2343 3422 non
2379 3370 2614 3440 ignorat,
2652 3373 2856 3441 quibus
2877 3390 2977 3428 nos
3030 3376 3348 3432 homunculi
3380 3379 3470 3433 in-

1893 3457 2199 3527 digeamus,
2232 3459 2435 3526 quique
2463 3461 2601 3514 nihil
2639 3463 2890 3530 ignorare
2929 3475 3147 3533 potest;
3208 3468 3303 3522 ille
3353 3469 3470 3538 ipse

1891 3547 1983 3600 hic
2023 3561 2243 3615 quoque
2282 3547 2535 3617 Symeoni
2570 3566 2882 3619 apparens:
2922 3555 3113 3610 Nonne
3157 3557 3334 3622 vides,
3382 3559 3469 3613 ir:-

1891 3637 2031 3705 quit,
2067 3654 2230 3705 quam
2261 3639 2500 3706 pendeat
2534 3643 2736 3697 animis
2773 3643 2890 3699 haec
2913 3647 3071 3699 turba
3094 3649 3295 3718 ?quam
3327 3667 3468 3720 πετο

1891 3729 1982 3782 hie
2008 3730 2208 3783 morari
2234 3732 2479 3800 possint,
2509 3733 2895 3792 deﬁcientibus
2921 3740 3200 3805 omnibus,
3234 3758 3355 3812 qure
3393 3747 3462 3798 ad

1891 3818 2015 3872 vita:
2039 3834 2195 3872 usum
2231 3821 2474 3874 l‘aeiuut?
2505 3822 2706 3877 Verum
2758 3825 2947 3881 istbme
2983 3830 3093 3897 jam
3132 3845 3161 3883 a
3206 3847 3291 3886 me
3335 3834 3468 3903 ipsis

1888 3908 2421 3978 suppeditabuntur;
2457 3921 2512 3965 et
2555 3924 2612 3967 tu
2663 3915 2825 3972 deses
2867 3935 3199 3988 permanens
3242 3941 3345 3980 mat
3372 3944 3464 3984 um

1886 4001 2039 4070 operi
2066 4016 2177 4054 non
2215 4001 2558 4058 admovebis.

1955 4094 2042 4147 93.
2082 4094 2248 4147 Beata
2276 4094 2366 4146 illa
2391 4109 2524 4147 voce
2547 4094 2803 4164 dignatus
2825 4099 3082 4170 Symeou,
3113 4107 3466 4175 conspicatur

1885 4184 2039 4252 quasi
2072 4184 2322 4254 angelum
2358 4200 2632 4240 mensurae
2662 4187 2923 4255 quiddam
2972 4195 3227 4250 manibus
3255 4207 3463 4265 tenere,

1884 4281 1940 4327 et
1997 4274 2318 4328 monasterii
2369 4285 2844 4347 augustorumque
2900 4283 3227 4352 templorum
3293 4288 3306 4340 i
3396 4307 3464 4344 (ο

1883 4365 2275 4421 struendorum
2310 4366 2589 4422 deliueare
2627 4370 2888 4440 vestigia;
2938 4376 3291 4445 conspicatur
3330 4397 3456 4450 quo-

1880 4473 1988 4527 que
2035 4459 2236 4512 nubem
2269 4458 2530 4524 lucidam,
2568 4477 2689 4528 quae
2739 4473 2982 4519 montem
3017 4475 3191 4522 totum
3235 4472 3462 4527 mirabi-

193 4523 422 4596 Πνεῦμα
447 4531 502 4580 ἐν
533 4529 838 4600 ὁμοιώματι
877 4534 1057 4604 χειρὸς
1079 4536 1146 4589 τὰ
1193 4539 1296 4591 ὑπὸ
1330 4543 1395 4610 τῇ
1431 4542 1628 4614 νεφέλῃ
1660 4544 1771 4596 δει-

1887 4548 1986 4602 Iem
2013 4550 2250 4618 tegebat,
2280 4565 2495 4603 necnon
2521 4550 2790 4619 Spiritum
2814 4554 2910 4608 Dei
2956 4555 3011 4609 in
3042 4557 3214 4612 forma
3247 4578 3459 4628 manus.

190 4615 357 4669 κνύον
379 4635 392 4648 ·
421 4620 514 4671 καὶ
539 4621 620 4672 ὅτι
648 4621 832 4682 Ταῦτα
860 4626 1012 4677 ἔσται
1049 4621 1130 4678 σοι
1165 4629 1362 4691 πάντα,
1394 4633 1547 4699 λέγον
1579 4635 1728 4705 αύτῷ
1754 4678 1768 4701 ,

193 4706 274 4768 εἰς
315 4709 616 4780 ὑπουργίαν
645 4712 752 4765 τῶν
781 4714 906 4784 τῇδε
936 4718 1105 4768 οἰκεῖν
1150 4736 1208 4772 τε
1254 4722 1350 4774 καὶ
1390 4724 1770 4788 ἐπιξενοῦσθαι

195 4797 518 4862 μελλόντων.
547 4802 852 4868 Μεγαλυνῶ
875 4805 983 4876 γὰρ
1009 4808 1100 4860 ἐπὶ
1127 4808 1252 4880 ἔθνη
1288 4813 1379 4863 καὶ
1413 4813 1651 4881 βασιλεῖς
1675 4819 1770 4871 καὶ

195 4891 528 4956 μεγιστᾶνας
585 4893 648 4945 τδ
695 4894 868 4963 ὄνομα
922 4915 1039 4963 σου,
1081 4901 1173 4952 καί
1202 4919 1294 4954 σου
1341 4905 1545 4958 τούτων
1584 4909 1769 4964 πολλοὶ

189 4974 545 5050 ἃεηθήσονται
570 4997 584 5012 ⁰
616 4979 736 5037 εἶτα
766 4987 858 5038 καὶ⁵
891 4987 1057 5042 πολλὰ
1094 4992 1268 5061 πλήθη
1296 4994 1567 5065 διαφόρων
1598 4999 1767 5052 ἐθνῶν

193 5069 343 5140 αὐτῷ
407 5074 716 5138 ὑπεδείκνυ,
756 5078 1092 5147 πανταχόθεν
1140 5085 1219 5146 είς
1280 5087 1442 5138 αὑτὸν
1494 5091 1761 5144 συνιόντα.

193 5159 413 5226 Τούτοις
439 5165 876 5236 πληροφορηθεὶς
907 5168 1006 5239 τὴν
1034 5173 1262 5240 καρδίαν
1287 5177 1313 5228 ό
1347 5177 1589 5246 Συμεὼν,
1617 5183 1766 5236 εύδοε

196 5251 315 5304 κίαν
358 5250 494 5308 εῖναι
547 5256 684 5310 Θεοῦ
716 5259 976 5326 συστῆναι
1019 5265 1146 5333 περὶ
1182 5266 1345 5320 αὑτὸν
1382 5275 1760 5344 μοναστήριον,

196 5342 286 5393 καὶ
321 5345 520 5408 ἱκανῶς
572 5348 666 5400 ἐπὶ
699 5349 866 5402 πᾶσιν
904 5352 1324 5424 εὐχαριστήσας,
1357 5342 1635 5431 ἐπέτρεψε
1657 5367 1767 5429 τοῖς

199 5432 460 5505 μαθηταῖς
489 5439 651 5492 πάλιν
688 5429 845 5503 οὗτος
875 5444 1014 5496 κατὰ
1051 5447 1143 5498 τὸν
1190 5429 1576 5521 ύποδειχθέντα
1610 5458 1772 5511 τόπον

196 5522 351 5578 τοῦτο
383 5526 725 5598 διαχαράξαι.

266 5697 364 5762 ᾖδ’.
399 5700 508 5753 Καὶ
538 5701 598 5753 τὸ
639 5703 736 5772 μὲν
782 5707 922 5760 κατὰ
957 5709 1053 5778 τὴν
1098 5712 1290 5783 ἐκείνῳ
1337 5721 1597 5784 φανεῖσαν
1644 5722 1766 5792 ὖψιν

1880 4654 1943 4692 ea
1975 4655 2096 4708 qua:
2123 4639 2227 4693 sub
2252 4638 2397 4692 nube
2419 4649 2581 4692 erant
2609 4642 3012 4711 ostendentem,
3045 4648 3458 4722 dicentemque:

1880 4729 2006 4784 llzec
2035 4730 2219 4784 omnia
2264 4730 2359 4783 tibi
2407 4731 2663 4784 eruntin
2718 4735 3028 4789 subsidium
3070 4738 3311 4805 illorum,
3364 4745 3458 4813 qui

1879 4821 2277 4876 eommoraturi
2301 4823 2392 4876 hic
2428 4832 2521 4875 aut
2557 4823 2884 4892 ltospitaturi
2906 4837 3034 4881 sunt
3061 4847 3074 4892 ;
3101 4834 3460 4901 magniﬁcabo

1876 4913 2079 4982 quippe
2115 4929 2313 4968 nomen
2345 4922 2498 4968 tuum
2529 4915 2673 4984 apud
2704 4927 2895 4984 gentes
2917 4927 2973 4972 et
3021 4936 3179 4991 reges
3214 4937 3271 4978 et
3312 4942 3400 4994 opt
3429 4959 3457 4973 -

1878 5010 2086 5068 mates;
2115 5011 2169 5056 et
2197 5004 2350 5078 multi
2387 5005 2583 5059 horum
2613 5007 3000 5075 supplicabunt
3031 5012 3152 5066 tibi.
3187 5014 3315 5070 Post
3340 4995 3485 5076 liaic.

1874 5091 2222 5147 diversorum
2292 5096 2620 5164 populorum
2700 5099 3109 5157 multitudinem
3176 5106 3451 5178 ingentem

1877 5185 2236 5248 monstrabat,
2263 5186 2507 5256 undique
2542 5187 2610 5241 ad
2639 5188 2818 5256 ipsum
2852 5203 3261 5260 properantem.
3290 5197 3453 5258 Hisce

1873 5276 2100 5330 omnino
2151 5293 2450 5346 persuasus
2509 5279 2768 5349 Symeon,
2826 5282 3085 5350 placitum
3143 5288 3255 5342 Deo
3307 5307 3451 5355 esse,

1874 5373 1934 5417 ut
1961 5366 2360 5420 monasterium
2395 5367 2540 5422 circa
2569 5368 2750 5438 ipsum
2786 5381 3239 5432 construeretur:
3275 5384 3452 5436 maxi-

1871 5458 1976 5512 mis
2004 5459 2082 5512 illi
2123 5462 2314 5532 gratiis
2360 5465 2678 5534 persolutis,
2711 5471 2990 5525 commisit
3035 5473 3325 5544 discipulis
3358 5493 3455 5532 eu-

1870 5562 1984 5602 ram
2009 5549 2326 5622 illiusjuxta
2355 5558 2635 5612 ostensam
2659 5558 2887 5614 formam
2909 5561 3236 5634 designandi
3261 5583 3274 5632 ;
3298 5568 3451 5638 juxta

1865 5653 2025 5706 quam
2055 5649 2113 5696 et
2146 5644 2384 5711 positum
2415 5655 2518 5702 est.

1936 5731 2023 5784 9i.
2081 5734 2223 5788 Deus
2285 5737 2531 5804 interea,
2583 5743 2676 5810 qui
2739 5759 2797 5798 se
2849 5742 3463 5816 Symeonlrevelaverant
