4092 6468
644 377 782 440 3θ⁴19

1848 374 1907 433 S.
1942 370 2319 434 SYMEONIS
2355 368 2714 430 JUNIORIS

3769 355 3898 417 309st)

647 490 907 562 operculo
938 496 995 544 et
1022 503 1144 544 sera
1177 488 1281 543 sibi
1305 486 1767 554 recondcntibus;
1799 503 1947 551 cum,
1979 489 2222 556 inquam,

2345 483 2421 536 cal.
2477 483 2539 534 τὸ
2593 481 2704 533 τῶν
2757 474 3174 546 ἀφικνουμένων
3229 471 3455 543 πλῆθος,
3488 468 3663 540 θύραν
3719 486 3775 520 τε
3827 467 3897 535 τῷ

647 585 888 656 Symeon
917 598 976 636 se
1005 583 1060 636 in
1097 582 1298 651 spiritu
1335 579 1506 635 veluti
1539 580 1604 634 ad
1640 579 1940 643 cisternam
1986 578 2226 632 delatum

646 676 819 737 videt,
851 689 1051 742 aquam
1083 679 1318 741 utraque
1353 686 1514 723 manu
1548 670 1886 736 turbantem,
1913 686 2144 739 eamque
2173 671 2229 725 in

647 753 817 825 altum
851 769 970 822 tolli
1014 777 1071 822 et
1103 768 1250 821 inter
1279 765 1687 820 multitudinem
1733 765 1992 819 distribui
2031 765 2232 836 juben-

649 870 783 916 tem.
809 859 1135 914 Convocatis
1173 859 1356 926 itaque
1388 856 1656 910 fratribus
1679 857 1938 925 imperat,
1968 871 2146 910 seram
2172 864 2233 909 ut

652 950 924 1010 auferant,
959 963 1067 1017 quo
1099 947 1374 1000 universis
1398 961 1602 1016 aquare
1633 946 1949 1000 volentibus
1976 946 2043 998 ad
2073 960 2234 1014 aper-

653 1052 764 1095 tam
803 1041 1096 1095 cisternam
1137 1053 1395 1092 accessus
1421 1047 1608 1107 pateat
1640 1055 1654 1090 :
1691 1037 1806 1092 Jam
1831 1037 2003 1100 enim,
2031 1036 2231 1105 inquit,

654 1145 892 1199 superna
927 1128 1243 1183 visitatione
1272 1129 1407 1181 mihi
1443 1128 1710 1190 innotuit,
1743 1142 1937 1195 aquam
1986 1134 2099 1180 toto
2129 1126 2234 1179 hoc

651 1240 796 1278 anno
828 1240 938 1276 non
971 1223 1335 1277 defecturam.
1367 1223 1435 1276 Et
1459 1221 1592 1274 fides
1613 1221 1782 1275 dictis
1806 1221 1962 1275 stetit
1994 1238 2006 1273 :
2046 1235 2114 1274 ex
2141 1219 2234 1272 illo

651 1327 890 1378 namque
921 1320 1167 1378 tempore
1195 1325 1404 1379 omnes
1422 1308 1743 1362 monasterii
1793 1307 1986 1361 incolae
2016 1306 2082 1360 ad
2108 1307 2232 1375 pin-

657 1404 890 1458 sendum
912 1417 1132 1471 panem,
1153 1401 1222 1454 ad
1241 1400 1558 1468 coquendos
1578 1399 1825 1463 cibos,ad
1842 1398 2084 1467 reliquos
2102 1412 2236 1452 usus

655 1510 852 1564 aquam
909 1493 1036 1546 inde
1087 1491 1443 1554 hauriebam,
1477 1493 1588 1546 imo
1618 1499 1675 1545 ct
1720 1491 1941 1544 fabrica:
1990 1489 2232 1544 indidem

656 1585 1169 1654 suppeditabatur:
1203 1583 1343 1636 adde
1394 1583 1539 1651 quod
1592 1582 1918 1637 accedentes
1948 1581 2116 1634 etiam
2167 1578 2234 1631 ad

657 1677 988 1748 Symeonem
1038 1676 1212 1730 turba:
1241 1691 1350 1728 non
1382 1675 1558 1730 solum
1594 1675 1721 1729 inde
1755 1674 2031 1736 biberent,
2062 1672 2156 1726 sed
2181 1680 2237 1724 et

657 1781 786 1820 vasa
815 1766 1036 1820 diversa
1061 1774 1116 1820 et
1158 1774 1304 1819 totos
1350 1774 1501 1819 utres
1538 1764 1850 1833 implerent,
1879 1777 2076 1832 aquam
2110 1749 2234 1829 'pro

656 1873 885 1912 munere
919 1857 1141 1910 domum
1183 1856 1566 1920 conferentes;
1610 1871 1713 1909 nec
1765 1862 1948 1908 tamen
1989 1866 2232 1921 unquam

659 1949 755 2003 illo
788 1963 933 2001 anno
974 1947 1214 2001 cisterna
1262 1946 1364 1999 fuit
1409 1945 1693 2000 exhausta.

734 2200 852 2252 100.
888 2199 1122 2268 Vigilius
1151 2198 1400 2267 quidam,
1432 2197 1670 2268 famulus
1721 2199 2058 2255 domesticus
2105 2203 2235 2255 olim

661 2290 988 2360 patriarcbze
1018 2288 1278 2358 prraim
1309 2288 1485 2343 felicis
1513 2290 1812 2353 memorizr,
1861 2300 1974 2344 toto
2002 2308 2238 2366 corpore

663 2382 1012 2450 paralyticus,
1063 2382 1291 2453 tertium
1330 2380 1439 2448 jam
1488 2396 1693 2433 annum
1744 2381 1808 2433 ad
1857 2397 2039 2436 sacras
2096 2383 2240 2438 mdes

656 2471 925 2540 iacuerat,
969 2470 1311 2538 medicisque
1372 2483 1431 2522 se
1482 2470 1784 2524 curandum
1840 2474 2236 2527 commiserat:

660 2576 898 2630 quorum
927 2569 1046 2614 arte
1072 2560 1206 2612 nihil
1238 2569 1569 2613 consecutus
1598 2560 1700 2613 nisi
1728 2562 1870 2630 quod
1897 2562 2241 2617 t‘nanifestius

662 2657 768 2726 iam
791 2640 1188 2707 conclamatum
1213 2661 1357 2705 esset
1386 2650 1454 2704 de
1485 2652 1631 2717 vita;
1661 2661 1868 2706 tantum
1907 2654 1983 2706 uti
2015 2662 2241 2707 truncus

661 2744 954 2806 exanimis,
1001 2752 1095 2796 aut
1125 2743 1311 2811 potius
1359 2743 1573 2812 spirans
1601 2743 1852 2807 cadaver,
1883 2745 1947 2798 ad
1991 2754 2239 2798 sanctum

664 2834 977 2886 advehitur.
1023 2834 1236 2888 Jacitur
1282 2834 1651 2888 miserandum
1698 2836 2072 2904 spectaculum
2117 2844 2242 2889 ante

665 2924 858 2979 faciem
903 2926 1006 2977 viri
1056 2925 1302 2994 benigni,
1350 2926 1579 2979 multum
1613 2926 1835 2980 trahens
1866 2941 2052 2980 secum
2083 2927 2247 2979 mise-

665 3015 912 3077 rationis;
950 3031 1113 3084 quam
1147 3025 1203 3069 et
1230 3016 1497 3084 impertiri
1521 3019 1762 3086 paratior
1793 3018 1882 3072 llic
1903 3028 2045 3081 erat,
2079 3033 2242 3085 quam

2329 574 2518 644 λάκκῳ
2542 573 2860 633 ἐπιθέντων,
2899 569 2992 622 καὶ
3021 567 3205 620 κλεῖδα
3229 569 3295 635 τῇ
3324 564 3468 634 θύρα
3493 562 3854 616 ἐπιϐαλόντων
3881 577 3893 590 ο

2330 667 2434 736 ὁρᾷ
2460 664 2536 733 τῷ
2564 662 2839 732 πνεύματι
2864 662 2892 712 ὀ
2922 660 3148 728 Συμεὼν
3175 655 3371 710 ἐαυτὸν
3401 653 3546 707 κατά
3583 653 3676 704 τὸν
3699 654 3896 710 ,λάκκον

2330 756 2494 809 οἱονεὶ
2529 746 2818 822 γεγονότα,
2846 751 2908 803 τό
2936 766 2994 801 τε
3033 748 3175 817 ὕδωρ
3199 745 3539 816 ἀμφοτέραις
3568 758 3757 812 χερσιν
3778 745 3898 794 άναο

2331 849 2700 917 ταράσσοντα,
2738 844 2831 896 καὶ
2858 841 3050 910 ὥσπερ
3087 839 3202 892 ἄνω
3228 836 3494 907 φέρεσθαι
3524 835 3619 888 καὶ
3665 841 3746 898 εἰς
3774 835 3897 899 πλῆ-

2334 939 2425 1001 θος
2479 935 2772 992 ἐπιδιδόναι
2830 932 3115 984 ποιοῦντα.
3149 927 3502 996 Συγκαλέσας
3557 926 3738 977 τοίνυν
3783 926 3897 984 τοὺς

2334 1029 2618 1097 ἀδελφοὺς,
2647 1021 2776 1096 ἆραι
2830 1021 3042 1077 κελεύει
3091 1021 3190 1091 τὴν
3243 1018 3464 1081 κλεῖδα,
3514 1017 3591 1080 ὡς
3639 1015 3901 1090 ἀνεῷχθαι

2335 1120 2498 1173 παντὶ
2529 1119 2620 1170 τὸν
2644 1117 2846 1170 λάκκον
2875 1112 3196 1188 ὑδρεύεσθαι
3225 1110 3554 1180 βουλομένῳ.
3581 1104 3902 1175 κἘπισκοπὴ

2335 1210 2466 1279 γάρε
2495 1206 2920 1279 φησὶν,’ᾶνωθεν
2973 1204 3061 1256 ἐπ’
3125 1201 3272 1270 αὐτῷ
3323 1200 3560 1268 γεγόνει,
3590 1201 3686 1251 καὶ
3724 1199 3900 1250 οὐκέτι

2335 1299 2584 1353 ἐνιαυτδν
2637 1295 2826 1348 τοῦτον
2859 1291 3114 1361 οὐδαμῶς
3164 1289 3406 1358 ἐκλείψει
3441 1307 3454 1320 ·
3493 1288 3636 1342 κατά
3659 1288 3826 1349 πόδας
3851 1286 3902 1337 5%

2335 1391 2430 1445 καὶ
2457 1390 2519 1442 τὸ
2547 1389 2706 1458 ἔργον
2739 1384 3096 1456 ἐπηκολούθει
3117 1396 3132 1411 ·
3179 1381 3241 1434 οὐ
3272 1383 3382 1450 γὰρ
3407 1380 3569 1446 μόνον
3606 1378 3667 1442 ἐξ
3700 1378 3905 1430 ἐκείνου

2335 1481 2536 1542 πάντες
2565 1478 2773 1531 ἐκεῖθεν
2805 1477 2854 1528 oi
2885 1476 2981 1544 τῆς
3016 1474 3180 1544 μονῆς
3231 1471 3368 1539 πρός
3392 1488 3452 1524 τε
3487 1471 3589 1541 τὴν
3625 1468 3722 1521 τοῦ
3756 1470 3910 1536 ἀρτο-

2335 1569 2561 1630 ποιείου,
2591 1565 2790 1619 καὶτοῦ
2815 1565 3153 1634 μαγειρείου,
3175 1561 3386 1624 καὶτὰς
3407 1561 3602 1622 λοιπάς
3634 1558 3910 1629 ὑδρεύοντο

2335 1661 2545 1730 χρείας.
2582 1656 2718 1710 ἀλλὰ
2750 1656 2846 1709 καὶ
2884 1658 3005 1718 ταῖς
3035 1654 3346 1722 οἰκοδομαῖς
3399 1654 3604 1712 ἐκεῖνος
3643 1652 3671 1702 ό
3714 1651 3909 1710 λάκκος

2338 1752 2590 1820 ἐχορήγει
2619 1749 2680 1801 τὸ
2711 1747 2890 1818 ὕδωρο
2925 1746 2995 1798 τά
3025 1762 3085 1797 τε
3117 1745 3267 1814 παρὰ
3293 1745 3388 1796 τὸν
3421 1745 3614 1820 ’ᾼγιον
3645 1741 3912 1809 ἐρχόμενα

2338 1843 2518 1912 πλήθη
2565 1842 2664 1910 οὐχ
2709 1841 2858 1902 ὅπως
2895 1838 2955 1904 ἐξ
2992 1833 3156 1889 αὑτοῦ
3195 1835 3394 1897 πάντες
3431 1834 3635 1896 ἔπινον,
3661 1830 3797 1884 ἀλλὰ
3825 1831 3914 1882 καὶ

2336 1933 2536 1998 ἀγγεῖα
2566 1928 2786 1983 ποικίλα
2813 1928 2909 1981 καὶ
2936 1926 3139 1988 ἀσκοὺς
3159 1925 3311 1986 ὅλους
3343 1923 3639 1992 ἐπλήρουν,
3669 1922 3914 1988 εὐλογίαν

2339 2023 2519 2075 οἴκαδε
2565 2020 2940 2089 κομιζόμενοι,
2989 2017 3089 2071 καῖ
3127 2015 3187 2069 τὸ
3230 2013 3374 2084 ὕδωρ
3406 2013 3617 2066 ἐκείνου
3646 2012 3739 2064 τοῦ
3767 2011 3915 2072 Esau;

2338 2114 2591 2182 οὐδαμῶς
2623 2112 2894 2165 ὑπεδίδου.

2411 2210 2477 2271 ρ’.
2516 2200 2781 2268 tit-(um;
2801 2217 2884 2261 τις
2914 2197 3105 2266 ὄνομα,
3143 2197 3358 2265 οἰκέτης
3396 2194 3450 2247 δὲ
3483 2188 3638 2256 οὗτος
3680 2193 3919 2262 Ἐφραῖμ

2337 2295 2432 2346 τοῦ
2482 2293 2786 2362 μακαρίτου
2836 2289 3208 2359 Πατριάρχου,
3241 2286 3500 2357 παρεθεὶς
3532 2286 3640 2354 ὅλῳ
3679 2285 3915 2354 σώματι,

2340 2385 2433 2437 καὶ
2468 2384 2649 2454 τρίτον
2683 2382 2809 2451 ἐξῆς
2855 2381 2973 2441 ἔτος
3023 2381 3190 2448 ἱεροῖς
3236 2377 3802 2448 προσανακλινόμενος
3843 2377 3919 2427 οῖ-

2340 2493 2479 2540 κοις,
2514 2474 2712 2543 ἰατρῶν
2734 2491 2792 2525 τε
2821 2473 3008 2542 χερσὶν
3036 2470 3226 2523 ἑαυτὸν
3254 2470 3516 2532 ἐκδιδοὺς,
3547 2468 3624 2530 ὡς
3645 2468 3796 2520 οὐδὲν
3821 2467 3918 2531 τῆς

2341 2566 2535 2636 τέχνης
2565 2565 2737 2617 ὧνατο
2769 2564 2952 2624 πλέον,
2983 2565 3064 2616 ὅτι
3119 2560 3192 2632 μὴ
3234 2561 3379 2629 σαιρῆ
3405 2561 3506 2628 τῆς
3537 2559 3683 2627 ζωῆς
3712 2559 3922 2624 ἀπαγό-

2345 2676 2548 2723 ρευσιν,
2579 2652 2667 2710 οἷά
2692 2675 2740 2709 τι
2772 2657 2878 2708 τῶν
2905 2655 3128 2723 ἀψύχων
3155 2653 3187 2722 ἢ
3222 2653 3414 2720 νεκρὸς
3446 2652 3646 2721 μᾶλλον
3680 2650 3921 2720 ἔμψυχος

2342 2747 2402 2799 τὸ
2438 2748 2776 2808 καινότατον,
2811 2746 3098 2810 κομίζεται
3144 2744 3222 2812 τῷ
3262 2744 3446 2810 Ἁγίᾳ».
3495 2743 3774 2795 Ῥίπτεται
3810 2759 3920 2794 τοι·

2344 2838 2546 2909 γαροῦν
2570 2837 2731 2891 ἀθλία
2768 2837 2873 2906 πρὸ
2902 2836 3009 2888 τῶν
3046 2836 3260 2888 ἐκείνου
3294 2833 3695 2905 φιλανθρώπων
3721 2833 3924 2903 όφθαλο

2349 2929 2466 3000 μῶν
2487 2929 2629 2997 ὄψις,
2662 2927 2828 2980 πολὺν
2855 2928 3031 2978 ἕλκων
3060 2925 3150 2978 τὸν
3180 2925 3349 2987 ἔλεον,
3378 2920 3436 2978 ὅν
3458 2927 3488 2977 ό
3507 2924 3601 2977 τοῦ
3627 2925 3691 2976 λα
3702 2923 3923 2992 μϐἀνειν

2345 3021 2622 3082 αἰτοῦντος
2647 3019 2842 3070 διδόναι
2883 3017 3083 3084 μᾶλλον
3113 3019 3322 3078 ἐκεῖνος
3355 3014 3432 3067 ὢν
3467 3013 3923 3084 ἐτοιμότερος,Εἱ

666 3105 757 3159 ille
806 3105 900 3174 qui
942 3106 1160 3174 petebat
1206 3107 1476 3174 accipere.
1532 3108 1621 3162 Ait
1673 3109 1840 3176 igitur
1884 3109 1988 3164 :Si
2039 3111 2242 3172 credis,

2353 3109 2645 3170 πιστεύεις,
2688 3107 2812 3176 ἔφη,
2856 3106 3118 3158 δύνασθαι
3162 3105 3260 3174 τὴν
3289 3100 3349 3155 ὲν
3389 3099 3471 3158 σοὶ
3501 3103 3684 3156 πέστιν
3717 3105 3796 3165 είς
3835 3103 3925 3154 τὸν

668 3199 831 3250 tidem
862 3207 1036 3260 tuam,
1075 3213 1241 3265 quam
1288 3199 1355 3251 de
1404 3199 1542 3252 Filio
1587 3201 1681 3253 Dei
1712 3201 1902 3265 babes,
1940 3218 2100 3270 posse
2149 3202 2246 3256 tibi

671 3287 952 3341 mediante
979 3304 1066 3341 me
1099 3290 1391 3342 restituere
1419 3290 1682 3353 salutem;
1716 3308 1873 3361 surge
1904 3302 1964 3344 ut
1994 3302 2170 3362 potes,
2196 3303 2251 3348 et

669 3375 912 3428 ambula.
969 3375 1063 3428 llic
1118 3393 1241 3429 mox
1287 3393 1450 3445 quam
1501 3389 1714 3447 poterat
1763 3381 2068 3434 clarissima
2116 3397 2250 3436 vocc

670 3468 983 3520 exclamans
1023 3485 1035 3520 :
1069 3467 1270 3530 Credo,
1299 3469 1548 3532 Domine,
1582 3485 1738 3538 posse
1773 3479 1824 3523 te
1857 3486 1955 3538 per
1986 3471 2248 3524 famulum

673 3567 825 3609 tuum
854 3558 1057 3611 omnia.
1093 3556 1135 3610 0
1161 3559 1532 3612 visitationem
1559 3559 1832 3614 divinam!
1867 3577 1898 3613 ο
1932 3561 2094 3616 breve
2124 3579 2248 3616 ver-

674 3648 803 3700 bum
863 3665 1068 3718 magum
1099 3651 1242 3719 apud
1295 3652 1464 3705 Deum
1509 3652 1805 3720 potentim!
1842 3653 2056 3706 Exsiliit
2083 3653 2248 3717 illico,

675 3741 997 3810 redditaque
1063 3743 1249 3796 debita
1296 3752 1485 3796 sancto
1534 3745 1920 3807 veneratione,
1983 3759 2014 3798 e
2067 3753 2251 3798 monte

673 3832 1040 3894 descendens,
1077 3834 1141 3886 ad
1183 3835 1441 3888 balneum
1493 3835 1638 3902 quod
1673 3835 1994 3888 Tiberinum
2021 3835 2249 3897 dicitur,

674 3925 840 3974 cursu
870 3921 1187 3985 contendit;
1226 3929 1338 3974 tum
1374 3922 1528 3989 "quod
1565 3921 1822 3990 gaudium
1852 3937 2012 3976 suum
2055 3938 2252 3991 capere

673 4011 858 4065 animo
882 4026 990 4064 non
1017 4021 1219 4080 posset,
1254 4027 1353 4065 nec
1381 4027 1440 4065 se
1470 4028 1581 4081 prae
1604 4012 1898 4082 voluptatis
1919 4012 2253 4066 abundantia

672 4102 991 4164 continere,’
1025 4110 1136 4154 tum
1181 4101 1327 4170 quod
1359 4102 1642 4155 festinaret
1681 4103 1883 4172 prioris
1919 4104 2254 4158 infirmitatis

675 4192 938 4261 reliquias
989 4191 1234 4244 abluere.
1289 4192 1355 4247 Et
1423 4192 1724 4247 descensus
1773 4195 1862 4248 ille
1913 4195 2136 4263 quidem
2185 4195 2254 4250 de

676 4295 860 4338 monte
917 4283 1222 4336 stadiorum
1262 4281 1493 4336 'circitcr
1544 4284 1729 4353 viginti
1801 4285 2036 4339 duorum
2099 4293 2252 4352 erat;

675 4391 838 4444 quem
886 4374 1134 4428 decurrit
1182 4374 1423 4428 extensis
1473 4374 1538 4428 ad
1592 4375 1760 4428 Deum
1811 4376 2104 4442 manibus;
2158 4390 2254 4430 ore

2351 3200 2478 3251 Υἱὸν
2505 3197 2597 3250 τοῦ
2625 3197 2756 3277 θεοῦ
2791 3196 2858 3249 δι’
2889 3194 3025 3265 ἐμοῦ
3063 3194 3286 3264 μεσίτου
3325 3193 3579 3247 ἰάσασθαί
3609 3210 3690 3257 σε,
3717 3192 3925 3261 ἑγειραι

2351 3291 2424 3351 ὡς
2451 3290 2593 3357 ἔχεις
2629 3286 2721 3339 καὶ
2748 3288 3064 3358 περιπάτει.
3105 3285 3162 3339 '0
3191 3286 3270 3348 δὲ,
3303 3284 3575 3349 Πιστεύω,
3609 3284 3806 3353 Κύριε,
3838 3283 3929 3336 δύο

2350 3376 2542 3428 νασοαί
2579 3393 2635 3427 σε
2667 3376 2753 3426 διὰ
2774 3374 2866 3426 τοῦ
2894 3373 2986 3426 σοῦ
3011 3373 3344 3444 θεράποντος
3377 3375 3578 3438 πάντα,
3603 3374 3830 3443 λαμπρᾷ
3855 3373 3926 3436 ὡς

2351 3463 2493 3535 εἶχεν
2527 3465 2687 3526 εὐθὺς
2722 3468 2788 3534 τῇ
2821 3467 2973 3533 φωνῇ
3004 3463 3206 3532 βοήσας
3251 3462 3317 3530 (ὣ
3341 3461 3494 3526 θείας
3515 3463 3852 3532 ἐπισκοπῆςι
3883 3464 3924 3513 ὦ

2352 3560 2593 3628 ῥήματος
2619 3556 2798 3624 ὀλίγου
2829 3555 3040 3626 μεγάλα
3065 3555 3218 3624 παρὰ
3238 3553 3356 3623 Θεῷ
3373 3553 3674 3623 δυναμένου
3697 3555 3928 3626 ηῆλατὸ

2351 3670 2410 3704 τε
2438 3650 2654 3712 αὐτίκα,
2700 3650 2792 3702 καὶ
2831 3648 2928 3718 τὴν
2959 3649 3347 3719 προσήκουσαν
3381 3646 3456 3717 τῷ
3499 3647 3669 3717 Ἀγίῳ
3696 3648 3928 3718 προσκύ-

2351 3759 2504 3812 νησιν
2539 3739 2918 3804 ἀποδεδωκὼς,
2953 3739 3144 3809 κατῄει
3173 3739 3361 3809 δρόμῳ
3389 3737 3483 3790 τοῦ
3513 3739 3673 3808 ὅρους
3709 3740 3859 3808 παρά
3879 3754 3928 3790 τι

2355 3832 2655 3902 βαλανεῖον,
2683 3830 2961 3896 Τιϐερῖνον
2991 3828 3348 3898 καλούμενον,
3387 3827 3451 3880 τὸ
3486 3829 3585 3898 μὲν
3614 3832 3810 3897 χωρεῖν
3837 3831 3930 3894 οὐχ

2352 3917 2462 3984 οἷός
2500 3938 2558 3972 τε
2611 3921 2686 3973 ὢν
2724 3921 2782 3971 ἐν
2827 3919 3004 3988 ἐαυτῷ
3042 3919 3144 3988 τὴν
3189 3918 3362 3988 χαρὰν
3393 3919 3486 3970 καὶ
3518 3919 3637 3972 οὐδὲ
3668 3919 3927 3982 καθεκτὸς

2355 4011 2550 4064 ἐαυτοῦ
2581 4011 2668 4063 διὰ
2695 4009 2852 4063 τοῦτο
2874 4011 3159 4078 γινόμενος
3182 4025 3196 4040 ο
3225 4009 3284 4061 τὸ
3309 4008 3363 4061 δὲ
3391 4010 3485 4061 καὶ
3514 4010 3653 4062 αὑτά
3687 4010 3782 4078 τῆς
3810 4027 3929 4078 πρε-

2354 4103 2516 4171 τέρας
2550 4100 2920 4162 κακοπαθείας
2950 4099 3368 4153 ἀ-ποπλύνασθαι
3406 4101 3476 4152 τὰ
3504 4100 3736 4168 λείψανα
3764 4101 3928 4153 σπεύ-

2354 4193 2456 4246 δων
2489 4192 2508 4264 (
2543 4193 2577 4259 ἡ
2625 4191 2807 4261 μέντοι
2838 4189 3061 4252 κάθοδος
3087 4190 3271 4260 ἐκείνη
3296 4193 3444 4244 πᾶσα
3474 4191 3566 4244 τοῦ
3598 4192 3755 4260 ὅρους
3809 4193 3928 4259 περί

2358 4300 2456 4336 που
2485 4283 2578 4334 δύο
2607 4283 2700 4334 καὶ
2729 4282 2930 4335 εἴκοσιν
2977 4282 3114 4336 οὖσα
3146 4282 3637 4355 σταδίους),χεῖρας
3663 4282 3808 4353 εἶχεν
3834 4286 3926 4335 αὑ-

2312 4434 2316 4438 ,
2358 4373 2434 4444 τῷ
2481 4374 2887 4445 ἁνατεταμένας
2941 4371 3080 4442 Θεῷ,
3121 4372 3180 4425 τὸ
3213 4372 3388 4442 στόμα
3419 4390 3478 4425 τε
3515 4377 3694 4443 χαρᾶς
3731 4375 3928 4426 ὑποπε-

677 4466 886 4527 laetitia,
919 4472 974 4518 et
1013 4464 1172 4517 labiis
1202 4464 1564 4519 exsultatione
1595 4465 1837 4533 repletis.
1872 4465 2044 4520 Lotus
2067 4473 2243 4518 autem

2359 4465 2688 4534 πλησμένον,
2729 4463 2824 4516 καὶ
2860 4465 2928 4516 τὰ
2956 4464 3108 4533 χείλη
3168 4463 3928 4533 άγαλλιάσεως.Λουσάμενος

677 4557 879 4610 eursim
901 4555 1093 4610 eadem
1129 4555 1195 4609 ad
1227 4564 1478 4610 sanctum
1511 4565 1787 4626 properat,
1814 4557 2125 4624 saepiusque
2149 4555 2253 4608 ite-

679 4657 798 4701 rato
839 4648 1106 4702 descensu
1159 4657 1324 4715 atque
1354 4661 1584 4700 ascensu
1636 4647 1778 4700 idem
1826 4646 2058 4708 factitat,
2090 4645 2253 4715 idque

681 4739 872 4793 eadem
899 4739 1018 4801 die;
1049 4749 1107 4792 ut
1133 4738 1290 4794 factis
1324 4739 1478 4807 ipsis,
1509 4738 1885 4792 confirmatam
1916 4738 2018 4792 sibi
2041 4738 2255 4791 valetu-

679 4831 863 4885 dinem
913 4847 1062 4895 esse,
1110 4833 1272 4887 fidem
1321 4831 1571 4885 faceret:
1619 4831 1838 4885 tandem
1871 4829 2252 4885 benedictione

681 4933 902 4990 accepta
955 4937 983 4974 a
1015 4931 1226 4987 sancto,
1275 4921 1509 4975 tetendit
1560 4920 1612 4974 in
1665 4919 1882 4984 urbem,
1926 4927 2250 4974 cunctorum

680 5013 855 5066 oculis
898 5011 1223 5066 admirabile
1258 5011 1632 5081 spectaculum
1668 5008 1738 5064 ob
1769 5009 2112 5064 sanationem
2144 5023 2251 5061 non

681 5105 982 5173 opinatam.

2363 4556 2567 4626 μέντοι,
2618 4556 2713 4608 καὶ
2755 4555 2941 4627 δρόμῳ
2992 4555 3156 4607 πάλιν
3203 4553 3403 4622 ὁμοίως
3438 4555 3592 4624 παρὰ
3620 4554 3712 4607 τὸν
3745 4557 3928 4622 ’Δγιον

2360 4646 2629 4710 ἀνελθὼν,
2689 4647 2950 4710 πολλάκις
3011 4663 3070 4698 τε
3119 4645 3279 4698 τοῦτο
3335 4645 3566 4719 δράσας,
3607 4646 3820 4717 καθόδῳ
3874 4663 3925 4698 τε

2362 4739 2756 4809 παραπλησίως
2802 4738 2897 4792 καὶ
2941 4737 3114 4807 ἀνόδῳ
3160 4738 3528 4807 χρησάμενος,
3567 4737 3660 4790 καὶ
3699 4739 3799 4804 τῆς
3839 4739 3926 4790 αὑ-

2360 4831 2458 4896 τῆς
2509 4829 2721 4899 ήμὲρας
2774 4826 3082 4896 ἀμφοτέρα,
3135 4825 3222 4877 ῖνα
3271 4825 3367 4877 καὶ
3409 4824 3507 4892 τὴν
3547 4823 3735 4892 ὑγείαν
3772 4823 3928 4883 αὑτὸς

2362 4919 2538 4984 ἐαυτῷ
2573 4919 2915 4988 πιστώσηται
2945 4917 3143 4987 μᾶλλον
3182 4917 3291 4970 ἀπὸ
3329 4915 3420 4968 τοῦ
3457 4916 3786 4986 πράγματος
3810 4933 3824 4946 ο
3853 4916 3928 4968 τέ-

2361 5010 2451 5072 λος
2496 5009 2809 5080 εὐλογηθεὶς
2857 5009 2949 5061 ὑπ’
2994 5008 3181 5076 αὐτοῦ,
3227 5009 3471 5063 κάτεισιν
3519 5010 3598 5073 είς
3638 5010 3734 5078 τὴν
3787 5010 3927 5062 πόλιν

2362 5099 2660 5168 ὀφθαλμοῖς
2725 5100 2860 5152 πᾶσι
2917 5099 3104 5169 θαῦμα
3160 5099 3238 5168 τῷ
3294 5096 3587 5170 παραδόξῳ
3627 5098 3722 5169 τῆς
3772 5098 3927 5168 05p:-

2372 5189 2542 5252 πείας.

2123 5319 2349 5374 CAPUT
2393 5319 2530 5376 Xlll.

1253 5434 1419 5489 Variae
1447 5441 1683 5488 'ecstases
1717 5443 1764 5486 et
1812 5435 2081 5498 vaticinia,
2139 5450 2416 5504 precesque
2455 5440 2551 5502 pro
2593 5435 2888 5487 avertendis
2935 5434 3347 5489 calamitatibus.

762 5544 884 5598 lOl.
936 5545 995 5598 ln
1048 5547 1244 5599 ecstasi
1304 5546 1598 5615 aliquando
1656 5547 1890 5618 Symeon
1946 5547 2082 5601 vidit
2137 5548 2256 5601 inti-

690 5633 856 5688 nitam
907 5636 1173 5700 virorum,
1221 5637 1534 5700 mulierum,
1579 5655 1638 5692 ac
1678 5653 1974 5706 puerorum
2022 5639 2257 5702 turbam,

682 5743 748 5782 ex
783 5725 1002 5781 Oriente
1037 5727 1101 5780 ad
1133 5745 1187 5781 se
1226 5729 1585 5792 venientium,
1618 5744 1851 5796 quorum
1886 5744 2078 5782 manus
2121 5746 2262 5797 prac-

2443 5555 2542 5619 ρα⁹.
2589 5547 2854 5617 Ἐωράκει
2887 5549 3016 5603 ποτέ
3041 5551 3068 5601 ὁ
3094 5550 3318 5620 Συμεὼν
3347 5550 3406 5603 ἐν
3431 5549 3711 5618 ἐκστάσει,
3736 5549 3926 5622 ἀνδρῶν

2369 5639 2463 5691 καὶ
2492 5638 2899 5706 γυναικῶν,καὶ
2932 5641 3134 5693 παίδων
3170 5639 3373 5710 πλῆθος
3429 5642 3646 5715 μυρίον,
3715 5645 3928 5714 ἥκοντος

2369 5732 2445 5794 είς
2475 5728 2635 5783 αὑτὸν
2661 5731 2722 5781 ἐκ
2760 5730 2857 5799 τῆς
2890 5730 3024 5794 Ἕω,
3050 5733 3141 5783 καὶ
3163 5733 3384 5802 σταυροὶ
3409 5733 3509 5802 μὶν
3533 5732 3722 5796 αὐτοῖς
3746 5736 3802 5789 ιν
3837 5748 3924 5798 κε’
