4092 6484
302 435 441 497 3089

1284 439 1459 499 VITA
1495 439 1544 499 A
1581 441 2014 504 NICEPHORO
2047 445 2532 505 CONSCRIPTA.

3410 450 3551 512 309i)

296 546 388 599 διὰ
419 546 681 617 στόματος
717 545 907 617 ἔχοντα
941 540 1101 618 εὗρεν
1164 548 1452 620 llas-timid
1502 551 1637 621 πρὸς
1680 552 1868 623 Θεὸνὴ

1976 558 2127 610 νιιὶιυ
2157 556 2507 625 spectandam
2543 570 2600 609 se
2639 551 2742 622 ipsi
2770 555 2991 619 obtulit,
3018 567 3073 611 et
3099 558 3265 612 verba
3291 561 3402 612 oris
3431 562 3551 629 ejus

301 637 480 689 ίκεσία
500 680 515 705 ,
558 639 727 690 ταῦτα
754 638 1093 690 ἐντείλασθαι
1117 639 1193 708 τῷ
1222 639 1333 709 λαῷ
1361 640 1466 710 ἔφη
1489 642 1869 707 λιτανεύοντας

298 725 453 799 ᾆσαι,
486 731 577 782 καὶ
602 730 902 799 στήσασθαι
934 730 1034 798 τὴν
1068 731 1321 802 ἀπειλήν.
1364 733 1422 786 'U
1453 735 1553 804 μὲν
1601 730 1692 789 οὖν
1730 734 1871 789 κατὰ

295 820 399 883 τὰς
428 821 577 885 θείας
611 820 910 889 ὑποθήκας,
943 823 1137 893 καινὴν
1184 823 1327 894 ᾠδὴν
1365 825 1457 877 ἐπὶ
1498 825 1695 893 λέξεως
1725 826 1874 897 ᾅδειν

296 914 578 966 ἐδίδασκεν
607 913 886 982 ἐμμελῶς,
912 913 1000 967 ἴνα
1024 917 1091 985 τῇ
1120 914 1325 969 τούτων
1359 918 1550 988 μνήμῃ
1576 919 1670 970 καὶ
1700 917 1871 986 γλῶτ-

296 1022 403 1057 ταν
433 1004 787 1073 ἀγιασθῶμεν
819 1022 831 1034 ’
878 1004 966 1067 Ὠς
994 1007 1085 1058 ἐπὶ
1142 1006 1387 1069 Μωσέως
1448 1007 1871 1078 δυσωπούμενος

297 1093 526 1162 ί).ἀσθης
558 1094 585 1146 6
616 1094 748 1157 Θεὸς
776 1094 871 1147 τοῦ
912 1094 987 1165 μὴ
1045 1096 1331 1166 συντρίψαι
1381 1096 1471 1151 τὸν
1511 1098 1747 1170 Ἰσραὴλ,
1774 1102 1869 1154 καὶ

303 1183 427 1248 νῦν,
461 1184 654 1254 Κύριε,
680 1186 889 1240 παῦσον
937 1190 1417 1259 παρακαλούμενος
1448 1192 1544 1260 τὴν
1572 1192 1738 1263 ὀργὴν
1765 1194 1871 1247 ἀπὸ

296 1274 395 1327 τοῦ
426 1275 555 1328 λαοῦ
585 1294 701 1343 σου,
729 1277 1079 1351 συγχώρησιν
1112 1282 1438 1351 ποιούμενος
1474 1284 1583 1337 τῶν
1614 1284 1873 1337 ποικίλων

297 1366 462 1437 ήμῶν
506 1368 812 1439 ἁμαρτιῶν,
845 1369 921 1433 ὡς
960 1371 1118 1439 μόνος
1162 1373 1551 1443 ἀναμάρτητος
1584 1374 1816 1442 Χριστὸς
1845 1376 1873 1427 6

1978 648 2304 701 invenerunt
2339 645 2567 715 gratiam
2603 659 2665 697 ac
2692 646 3140 715 propitiationcn)
3176 649 3319 717 apud
3356 652 3544 704 Deum.

1978 738 2104 792 Ilaec
2140 736 2342 805 populo
2368 735 2828 804 supplicabundo,
2873 737 3071 806 inquit,
3110 743 3377 793 cantanda
3415 760 3549 810 prae-

1979 826 2204 881 seribite
2236 825 2305 880 ad
2337 826 2699 880 inhibendum
2723 826 3018 897 ﬂagellum.
3058 829 3212 884 Fecit
3246 848 3375 901 ergo
3400 834 3548 901 quod

1977 926 2326 988 suggesserat
2370 918 2531 982 Deus,
2566 929 3005 989 convocatosque
3047 922 3377 991 discipulos,
3441 926 3549 980 illic

1977 1006 2321 1071 oberrantes,
2359 1023 2560 1061 novum
2596 1008 2792 1063 edocet
2842 1012 3152 1073 canticum,
3207 1024 3313 1067 tam
3353 1019 3549 1085 exqui-

1976 1096 2142 1151 situm
2192 1095 2655 1166 concinnumque,
2711 1107 2770 1151 ut
2800 1099 3123 1155 recitatione
3157 1103 3307 1157 illius
3345 1121 3548 1158 canen-

1975 1189 2108 1243 tium
2164 1188 2364 1257 linguae
2398 1188 2854 1257 sanctiﬁcentnr;
2894 1193 3043 1261 quod
3072 1204 3155 1248 est
3188 1194 3496 1265 lmjusmodi
3536 1213 3547 1247 :

1974 1278 2447 1346 Quemadmodum
2489 1290 2733 1349 tempore
2766 1282 2965 1354 Moysis
3008 1286 3264 1353 precibus
3307 1288 3552 1355 placatus

1975 1385 2086 1423 non
2132 1370 2441 1425 sustinuisti
2504 1372 2716 1427 conteri
2753 1373 2940 1438 Israel,
2990 1375 3062 1428 ita
3117 1393 3265 1430 nunc
3310 1394 3550 1447 quoque,

295 1456 453 1521 Θεὸς,
490 1459 628 1510 κατὰ
666 1460 725 1510 τὸ
755 1461 896 1529 μέγα
928 1478 1021 1514 σου
1047 1462 1215 1525 ἕλεος,
1247 1463 1374 1527 δόξα
1410 1482 1513 1519 σοι.
1545 1465 1655 1519 Καὶ
1685 1466 1735 1517 οἱ
1768 1465 1866 1533 μὲν

1974 1460 2214 1524 Domine,
2248 1470 2505 1516 exoratus
2541 1462 2731 1518 desine
2760 1480 3082 1520 succensere
3116 1469 3319 1537 populo
3357 1479 3470 1531 tuo,
3496 1480 3551 1523 et

296 1545 517 1599 ἐποίουν
543 1548 604 1599 τὸ
627 1548 935 1603 κελευσθέν·
972 1552 1021 1603 oi
1050 1552 1105 1604 δὲ
1140 1553 1318 1606 στύλοι
1350 1554 1447 1622 τῆς
1469 1557 1571 1625 γῆς
1619 1554 1687 1624 (6
1712 1555 1866 1621 Θεὸς,

296 1631 383 1696 τίς
405 1634 569 1697 ἀξίως
614 1635 807 1706 ᾄσεται
849 1638 917 1691 τὰ
962 1638 1084 1710 ἐλέη
1116 1658 1208 1693 σου
1236 1640 1276 1713 !)
1319 1640 1481 1705 εὐθὺς
1514 1643 1868 1715 ἐστερὲωντο,

298 1724 399 1775 καὶ
428 1725 456 1776 6
490 1726 712 1795 σεισμὸς
735 1728 974 1799 ἀκριϐῶς
1002 1732 1271 1786 πέπαυτο.

1968 1552 2189 1621 ignosce
2212 1551 2465 1619 plurimis
2494 1555 2735 1621 peccatis
2768 1556 3009 1618 nostris;
3062 1567 3120 1610 ut
3155 1559 3275 1620 tibi,
3314 1559 3549 1623 Christe,

1968 1640 2062 1710 qui
2111 1640 2261 1693 solus
2308 1640 2516 1708 peccati
2573 1656 2769 1710 expers
2810 1656 2891 1707 es,
2941 1645 3243 1697 secundum
3304 1662 3551 1713 nnagnam

1971 1730 2407 1786 misericordiam
2438 1738 2584 1785 tuam
2630 1734 2803 1801 gloria
2836 1734 2926 1789 sit.
2962 1734 3027 1789 Et
3071 1735 3362 1805 discipulis
3399 1753 3551 1788 inan-

298 1816 492 1872 datum
537 1819 716 1877 Patris
767 1823 1141 1892 implentibus,
1189 1827 1365 1883 fulcra
1436 1836 1598 1884 terra:
1652 1829 1821 1899 (quis,
1876 1843 1908 1883 ο
1947 1828 2111 1891 Deus,
2164 1825 2327 1896 digne
2384 1827 2685 1881 celebrabit
2752 1828 3136 1884 miserationes
3193 1841 3313 1883 tuas
3342 1829 3386 1898 ?)
3422 1829 3553 1883 soli-

298 1910 429 1968 data
479 1923 629 1982 sunt,
660 1928 715 1972 et
750 1926 933 1974 motus
984 1936 1051 1974 ex
1099 1924 1373 1978 sententia
1406 1924 1660 1978 cessavit.

1739 2058 1963 2116 CAPUT
2004 2058 2121 2113 XIV

750 2169 932 2225 'Rudcs
972 2171 1118 2225 docet
1148 2189 1165 2227 :
1199 2173 1515 2229 vaticinatur
1546 2174 1750 2230 diuersa
1781 2189 2011 2229 :novam
2051 2173 2351 2227 columnam
2387 2180 2656 2228 consecrat
2688 2183 2735 2227 et
2778 2175 3097 2229 conscendit.

380 2296 466 2362 ρι’.
501 2294 565 2344 Ἀ
616 2292 714 2361 μὲν
745 2290 836 2345 οῦν
863 2293 961 2363 τῆς
990 2294 1174 2364 κοινῆς
1206 2295 1501 2365 πρεσϐείας
1546 2296 1709 2352 αὑτοῦ
1741 2299 1873 2369 πρὸς
1902 2300 1948 2358 Β

300 2386 436 2441 Θεὸν
460 2385 728 2441 ἀπέλαυον
762 2370 979 2455 πάντες,
1006 2391 1229 2444 τοιαῦτά
1250 2395 1396 2446 ἐστιν
1416 2409 1429 2423 ο
1458 2394 1486 2445 6
1512 2394 1567 2447 δὲ
1596 2394 1752 2463 λόγος
1781 2397 1875 2447 καὶ

301 2478 440 2550 πρὸς
472 2478 542 2532 τὰ
571 2479 711 2533 κατὰ
758 2481 921 2549 μέρος
963 2478 1118 2544 αὖθις
1150 2486 1349 2553 χωρεῖν
1383 2485 1680 2555 ἐπείγεται.
1726 2486 1874 2540 Ἔδει

298 2572 421 2632 ταῖς
456 2569 709 2638 κεφαλίσι
754 2571 861 2623 τῶν
916 2572 1111 2625 κιόνων
1159 2574 1387 2645 γλυφῆς,
1418 2570 1500 2641 οἷς
1530 2579 1559 2630 6
1598 2579 1737 2633 κατὰ
1775 2580 1874 2649 τὴν

301 2661 472 2731 μονὴν
501 2660 588 2714 ἐπ’
617 2660 845 2732 ὀνόματι
877 2663 976 2731 τῆς
1010 2663 1245 2734 ἀρχικῆς
1267 2666 1361 2719 καὶ
1391 2665 1673 2738 βασιλικῆς
1702 2669 1874 2740 Τριάε-

296 2750 388 2814 δος
414 2751 542 2814 ναὸς
574 2751 901 2821 ἐγήγερται·
929 2752 1155 2821 ἁδελφὸς
1183 2754 1241 2808 δέ
1264 2772 1366 2821 τις,
1390 2755 1557 2826 ὄνομα
1597 2759 1871 2829 Ἰωάννης,

297 2841 684 2911 πνευματικῶν
708 2842 808 2911 μὲν
838 2842 1055 2911 τρόπων
1084 2847 1567 2917 μεταποιούμενος,
1589 2850 1683 2902 καὶ
1712 2850 1872 2918 λόγου

300 2932 662 3003 μετειληφὼς,
700 2932 1015 3005 λιθουργίας
1060 2933 1117 2988 δέ
1155 2936 1503 2992 παντάπασιν
1550 2940 1874 3010 ἀνασκήτως

297 3022 460 3094 ἔχων,
489 3023 769 3094 θαρρήσας
798 3026 862 3093 τῇ
895 3041 952 3076 τε
983 3025 1161 3096 οἰκείᾳ
1196 3027 1332 3097 πρὸς
1357 3026 1448 3080 τὸν
1486 3028 1639 3096 ἅγιον
1671 3029 1869 3097 πίστει,

296 3115 364 3183 τῇ
390 3129 451 3165 τε
481 3113 607 3181 περὶ
630 3114 719 3175 τὰς
755 3114 972 3177 ἐντολὰς
1002 3116 1163 3169 αὑτοῦ
1200 3116 1400 3189 θέρμῃ,
1431 3119 1525 3172 καὶ
1551 3123 1670 3183 ταῖς
1705 3122 1874 3189 ὑπερ-

298 3200 493 3270 φυέσιν
521 3201 728 3255 ἐκείνου
757 3204 854 3256 καὶ
883 3203 1167 3274 μεγίσταις
1190 3205 1691 3279 θαυματουργίαιςο
1721 3211 1875 3263 Ἐπὶ-

297 3292 411 3356 θες,
447 3291 650 3362 Πάτερ,
686 3292 841 3363 φησὶ,
899 3296 964 3365 τῇ
1020 3296 1216 3367 καρδίᾳ
1274 3315 1378 3367 μου
1431 3297 1528 3370 τὴν
1582 3300 1742 3367 ἁγίαν
1780 3319 1871 3355 σου

296 3384 475 3452 χεῖρα,
507 3384 601 3436 καὶ
632 3381 871 3454 ἄρξομαι
923 3385 1273 3455 διαγλύφειν·
1316 3388 1393 3453 ὡς
1451 3390 1517 3443 ἂν
1565 3391 1641 3461 τῷ
1692 3393 1749 3444 ἐν
1789 3395 1873 3446 σοὶ

298 3471 428 3544 θείῳ
458 3472 736 3542 Πνεύματι
769 3475 863 3527 τὸν
889 3474 1014 3529 νοῦν
1041 3477 1368 3548 τυπωθείην.
1403 3480 1509 3533 Τοῦ
1540 3481 1595 3534 δὲ
1636 3484 1873 3552 σπουδῆς

294 3564 434 3634 ὁμοῦ
485 3566 577 3618 καὶ
622 3564 904 3636 ὑποταγῆς
960 3568 1167 3637 μισθῶν
1223 3569 1365 3624 οὕτω
1410 3573 1660 3641 μεγάλων
1705 3576 1872 3629 αὐτὸν

296 3657 670 3726 ἀποστερῆσαι
713 3655 789 3726 μὴ
834 3635 1182 3727 βουλομένου,
1215 3659 1351 3715 ἀλλὰ
1386 3635 1464 3732 τῷ
1491 3635 1591 3717 τοῦ
1632 3665 1870 3737 μαθητοῦ
1901 3635 1942 3691 C

297 3744 486 3815 στήθει
511 3745 789 3810 ἐπιθέντος
806 3748 905 3816 τὴν
926 3749 1107 3819 χεῖρα,
1132 3753 1247 3817 καὶ,
1268 3752 1482 3819 Σοφίσει
1502 3772 1580 3819 σε,
1603 3757 1815 3823 τέκνον,
1846 3760 1873 3810 ὁ

293 3834 429 3898 Θεὸς
470 3839 532 3907 τῇ
565 3836 941 3910 λιθογλυιρικῇ,
995 3840 1268 3910 φήσαντος
1292 3859 1307 3871 ·
1344 3844 1623 3915 ἁψάμενος
1666 3851 1873 3913 ἐκεῖνος

295 3926 481 3997 ἔργου,
529 3927 780 3999 δεύτερος
828 3928 983 3999 ὤφθη
1066 3931 1343 4004 Βεσελιὴλ,
1388 3936 1507 3989 ούδέ
1574 3938 1733 4009 ὀλίγα
1777 3940 1870 3993 τοῦ

296 4015 517 4089 πρώτου
551 4018 650 4089 τὴν
686 4019 879 4088 σοφίαν
906 4020 1251 4093 λειπόμενος.

368 4190 491 4262 μα’.
542 4191 694 4244 Ἐπεὶ
723 4192 777 4244 δὲ
814 4192 913 4263 ἤδη
944 4193 1035 4247 καὶ
1061 4196 1088 4247 6
1114 4195 1301 4266 καιρὸς
1323 4198 1623 4271 ἐνειστήκει
1655 4201 1754 4272 τῆς
1779 4203 1871 4256 τοῦ

296 4281 505 4336 τοιοῦδε
538 4281 784 4352 μαθητοῦ
816 4281 1080 4354 ἐκδημίας
1125 4286 1157 4356 ή
1199 4287 1532 4354 ἀναλύσεως,
1578 4290 1610 4362 ῆ
1643 4293 1779 4361 πρὸς
1808 4294 1875 4346 τὰ

294 4372 611 4443 ποθούμενα
640 4373 906 4444 κλήσεως,
941 4376 1099 4430 τοῦτο
1148 4380 1300 4451 παρὰ
1324 4380 1459 4434 Θεοῦ
1490 4384 1755 4455 γεγένητο
1778 4387 1874 4457 δῆ-

291 4465 385 4520 λον
417 4465 494 4535 τῷ
520 4466 763 4535 Συμεών·
787 4469 854 4539 τῇ
883 4468 1099 4538 συνήθει
1130 4471 1403 4526 κάνταῦθα
1430 4476 1712 4548 παρρησία
1739 4496 1875 4547 χρη-

293 4558 552 4625 σάμενος,
582 4558 629 4610 εί
652 4560 717 4629 τῇ
748 4557 914 4629 βίϐλῳ
935 4561 1031 4630 τῆς
1064 4560 1207 4632 ζωῆς
1230 4563 1555 4636 ἐγγραφείη,
1584 4572 1875 4637 μυστικαῖς

293 4646 465 4699 ἐδεῖτο
496 4647 689 4714 μαθεῖν
718 4648 904 4717 εὐχαῖς
928 4668 985 4702 τε
1019 4652 1112 4704 καὶ
1146 4654 1407 4723 ὁμιλίαις.
1473 4656 1559 4719 Ὠς
1586 4658 1643 4710 δὲ
1668 4659 1729 4711 οὐ
1760 4660 1876 4713 τοῦ·

291 4751 387 4789 τον
431 4736 567 4807 αὐτῇ
612 4737 794 4806 μόνον,
843 4738 980 4792 ἀλλὰ
1012 4742 1107 4795 καὶ
1145 4745 1270 4806 τοὺς
1299 4745 1517 4811 λοιποὺς
1556 4748 1664 4802 τῶν
1708 4750 1875 4805 αὑτοῦ

296 4823 581 4893 μαθητῶν,
617 4826 732 4879 ὅσοι
765 4843 825 4880 τε
884 4831 1366 4903 προεκδημήσειαν
1392 4836 1739 4908 ἐγγραφῆναι
1774 4840 1871 4910 μά-

292 4915 400 4979 θοι,
422 4916 537 4968 ὅσοι
563 4933 621 4968 τε
652 4918 789 4987 μετὰ
811 4917 981 4972 ταῦτα
1000 4921 1406 4995 ὲκδημήσουσιν
1430 4926 1872 5001 ἐγγραφήσεσθαι

294 5007 392 5060 καὶ
424 5007 639 5071 αὐτοὺς,
685 5008 815 5076 γόνυ
852 5011 929 5081 τῷ
966 4990 1212 5083 κρυφίως
1245 4990 1739 5087 λαλοῦντι-κλίνας,
1777 5026 1873 5079 καὶ
1906 4990 1948 5045 D

290 5096 365 5152 τὰ
390 5098 574 5151 είκότα
601 5098 1022 5171 εὐχαριστήσας,
1046 5105 1184 5173 μετὰ
1211 5107 1338 5170 τοὺς
1368 5109 1621 5175 ἑωθινοὺς
1656 5114 1871 5187 ἐκείνης

294 5187 399 5256 τῆς
439 5190 630 5254 νυκτὸς
660 5191 885 5262 ὖμνους,
915 5189 982 5266 ἦς
1015 5197 1186 5269 δῶρον
1214 5202 1246 5270 ή
1278 5201 1525 5270 παροῦσα
1568 5202 1724 5274 ὄψις,
1768 5206 1872 5259 ὑπὸ

292 5281 418 5343 ταῖς
442 5281 661 5335 πάντων
690 5284 880 5349 ἀκοαῖς
917 5287 1025 5355 (ἵνα
1056 5291 1149 5344 καὶ
1176 5292 1344 5344 πᾶσιν
1374 5294 1538 5347 οίονεί
1567 5312 1619 5347 τι
1646 5297 1871 5368 κέντρον

292 5369 399 5438 τῆς
430 5370 523 5423 τοῦ
565 5371 796 5427 θανάτου
856 5378 1077 5447 μνήμης
1114 5381 1349 5456 ἐμόάλῃ,
1390 5387 1483 5437 καὶ
1518 5383 1740 5451 τούτους
1780 5391 1871 5443 ἐπὶ

295 5460 463 5551 πλέον
519 5462 656 5533 πρὸς
713 5463 1031 5535 ἐτοιμασίαν
1092 5471 1189 5541 τῆς
1245 5472 1425 5538 ἐξόδου
1489 5476 1867 5551 διαναστήσῃ),

308 5550 550 5621 ’Δδελφέ,
583 5552 736 5622 φησὶ,
778 5552 1050 5630 Ἰωάννης,
1086 5563 1275 5635 εἰρήνη
1325 5582 1427 5634 σοι,
1483 5550 1868 5637 μετακαλεῖταί

2054 2295 2176 2351 110.
2219 2296 2399 2364 Atque
2422 2294 2536 2350 haec
2566 2304 2717 2358 sunt,
2767 2310 2889 2364 qua
2919 2295 3011 2349 illo
3056 2295 3200 2364 apud
3244 2296 3416 2349 Deum
3474 2297 3557 2351 in-

1976 2383 2290 2442 tercedente
2344 2384 2652 2454 promiscue
2686 2400 2878 2439 omnes
2910 2386 3188 2439 consecuti
3217 2395 3361 2440 sunt.
3398 2386 3557 2440 Nunc

1974 2489 2160 2535 autem
2188 2478 2255 2532 ad
2287 2492 2370 2540 ea,
2404 2492 2525 2549 quae
2554 2475 2786 2546 singulis
2823 2476 2877 2530 in
2928 2478 3250 2546 partieulari
3308 2479 3551 2548 praestita

1974 2578 2121 2633 sunt,
2154 2569 2337 2623 redire
2362 2566 2583 2622 festinat
2612 2567 2809 2620 oratio.
2838 2564 3123 2635 Capitellis
3149 2568 3549 2631 columnarum,

1973 2660 2129 2730 queis
2154 2658 2474 2713 monasterii
2509 2657 2794 2727 templum,
2825 2656 3181 2711 sanctissimae
3203 2658 3434 2712 Triados
3456 2675 3554 2712 no-

1974 2752 2119 2805 mine
2163 2750 2496 2815 dedicatum,
2527 2749 2956 2812 sustentabatur,
2999 2750 3294 2819 sculptura:
3325 2759 3554 2803 ornatus

1971 2843 2152 2897 adhuc
2192 2842 2431 2896 deerat:
2475 2856 2601 2896 cum
2642 2839 2812 2894 frater
2854 2840 3127 2909 quispiam
3175 2839 3414 2893 Joannes
3448 2854 3550 2891 no-

1974 2934 2141 2997 mine,
2200 2938 2312 2987 tam
2347 2930 2593 3000 lapidum
2629 2929 3014 2985 cmdendorum
3070 2928 3242 2987 rudis.
3274 2942 3442 2996 quam
3496 2927 3551 2979 in

1972 3023 2139 3077 rebus
2156 3021 2541 3091 spiritualibus
2563 3029 2835 3084 versatus,
2855 3018 3231 3088 orationisque
3250 3017 3550 3078 studiosus,

1974 3114 2105 3167 fisus
2130 3120 2310 3165 tamen
2333 3120 2389 3165 et
2418 3126 2514 3164 sua
2544 3110 2599 3164 in
2626 3119 2874 3166 sanctum
2913 3109 3039 3171 ﬁde,
3072 3119 3127 3163 et
3153 3117 3552 3178 prmccptorum

1972 3204 2090 3273 ejus
2117 3199 2580 3271 perficiendorum
2618 3198 2922 3263 alacritate,
2954 3208 3009 3253 et
3040 3198 3555 3268 supernaturalibus

1972 3293 2222 3364 ejusdem
2280 3290 2695 3361 Operationibus
2745 3307 2760 3344 :
2800 3289 3054 3359 lmpone,
3104 3289 3304 3359 inquit,
3361 3289 3553 3353 Pater,

1972 3385 2181 3455 pectori
2230 3398 2353 3437 meo
2400 3398 2607 3437 sacram
2658 3397 2878 3435 manum
2933 3390 3105 3444 tuam,
3160 3389 3218 3435 et
3258 3382 3556 3457 sculptura:

1974 3475 2190 3531 initium
2217 3476 2378 3537 dabo,
2406 3490 2537 3544 quo,
2570 3489 2667 3543 per
2697 3482 2948 3528 sanctum
2979 3473 3071 3543 qui
3104 3474 3160 3527 in
3197 3482 3248 3528 te
3272 3483 3355 3529 est
3379 3474 3554 3543 Spiri-

1974 3574 2109 3627 tum,
2142 3581 2264 3634 quaa
2296 3573 2478 3618 mente
2506 3562 2758 3632 concepi,
2790 3578 2957 3633 opere
2984 3562 3240 3645 el‘ligiem.
3275 3559 3374 3618 Ille
3425 3580 3555 3617 vero

1975 3671 2099 3711 cum
2141 3656 2314 3710 nollet
2364 3662 2526 3709 tantae
2556 3653 2855 3724 diligentiae
2900 3652 3368 3723 subjectionisque
3415 3668 3557 3705 mer-

1974 3748 2106 3803 cede
2130 3746 2460 3817 discipulum
2488 3746 2725 3816 privare,
2753 3744 3015 3813 imposuit
3038 3743 3285 3813 cupienti
3310 3758 3551 3806 manum,

1974 3847 2056 3891 et:
2090 3836 2327 3890 lnstruet
2359 3844 2408 3889 te
2431 3835 2596 3898 Deus,
2624 3833 2823 3903 inquit,
2850 3832 2923 3886 illi
2949 3832 3043 3897 mi,
3073 3832 3286 3901 lapides
3308 3830 3552 3887 etedendi

1974 3936 2113 3981 arte.
2156 3926 2355 3995 Sicque
2392 3926 2483 3980 ille
2512 3925 2694 3994 reipsa
2724 3939 2864 3993 opus
2894 3939 3185 3996 aggressus
3217 3932 3301 3979 est
3330 3941 3341 3976 :
3368 3933 3423 3977 et
3455 3938 3551 3992 ap-

1975 4018 2157 4089 paruit
2188 4018 2324 4071 alter
2370 4017 2614 4071 Bcseleel
2653 4008 2793 4084 (50).
2838 4015 3012 4072 veteri
3052 4016 3131 4070 illi
3170 4016 3307 4069 nihil
3350 4016 3552 4070 cedent

1974 4110 2225 4166 scientia.

2044 4215 2167 4269 lll.
2198 4213 2559 4285 Posteaquam
2594 4228 2726 4267 vero
2770 4212 2946 4268 eidem
3005 4210 3277 4282 discipulo
3324 4211 3434 4281 jam
3466 4210 3551 4264 in-

1974 4294 2145 4364 staret
2176 4316 2393 4377 tempus
2420 4306 2766 4377 migrationis
2795 4305 2877 4358 vel
2908 4290 3263 4359 resolutionis
3291 4318 3422 4366 suae,
3460 4316 3554 4357 aut

1974 4400 2159 4469 potius
2204 4397 2541 4452 evocationis
2575 4398 2642 4450 ad
2675 4394 2984 4451 desiderata
3016 4395 3236 4465 gaudia,
3266 4394 3432 4463 idque
3470 4392 3554 4446 di-

1978 4491 2183 4545 vinitus
2212 4490 2575 4561 signiﬁcatum
2609 4488 2942 4543 innotuisset
2986 4487 3277 4559 Symeoni;
3329 4487 3419 4541 hic
3457 4502 3554 4555 pro

1974 4589 2237 4637 consueta
2260 4595 2385 4634 cum
2416 4580 2527 4635 Deo
2556 4578 2753 4649 agendi
2782 4578 3038 4633 libertate
3068 4577 3307 4631 instabat
3338 4575 3556 4631 arcanis

1974 4671 2231 4741 precibus
2290 4680 2453 4741 atque
2499 4669 3020 4741 supplicationibus,
3088 4678 3148 4722 ut
3200 4668 3553 4730 educeretur,

1975 4772 2161 4818 utrum
2196 4761 2339 4816 libro
2366 4762 2494 4817 vita:
2550 4761 2851 4831 inscriptus
2898 4761 2989 4815 ille
3035 4768 3199 4814 esset.
3246 4748 3382 4813 cum
3423 4773 3556 4811 vero

1974 4852 2280 4919 didicisset,
2319 4868 2430 4908 non
2481 4853 2633 4908 illum
2678 4851 3044 4916 solummodo,
3099 4850 3195 4905 sed
3232 4859 3287 4903 et
3314 4849 3558 4917 reliquos

1976 4944 2397 5013 discipulorum,
2430 4944 2487 4999 in
2532 4943 2587 4998 id
2618 4959 2792 5014 usque
2825 4952 3043 5014 tempus
3072 4950 3441 5003 mortuorum,
3478 4940 3558 4991 in-

1976 5035 2213 5105 scriptos
2237 5049 2382 5101 esse,
2410 5044 2465 5090 et
2484 5044 2753 5105 quotquot
2774 5034 3037 5104 deinceps
3064 5030 3321 5087 morituri
3346 5039 3555 5085 essent.

1979 5125 2384 5193 inscribendos;
2412 5126 2646 5197 genibus
2687 5126 2791 5182 sibi
2831 5126 2886 5180 in
2935 5123 3260 5179 abscondito
3308 5121 3555 5190 loquenti

1978 5217 2196 5289 positis;
2228 5218 2431 5288 gratias
2459 5217 2534 5281 ei,
2573 5228 2632 5272 ut
2654 5235 2751 5287 par
2775 5227 2914 5283 erat,
2937 5216 3197 5280 reddidit,
3231 5224 3395 5284 atque
3435 5224 3556 5281 post

1979 5309 2279 5364 matutinos
2302 5309 2534 5381 hymnos
2557 5311 2735 5365 noctis
2757 5310 2903 5364 illius
2921 5325 3028 5379 qua
3058 5307 3321 5377 praedicta
3343 5305 3558 5360 visione

1979 5394 2234 5466 dignatus
2259 5395 2459 5461 fuerat,
2489 5406 2548 5451 ut
2582 5398 2865 5452 stimulum
2913 5396 3173 5452 omnibus
3206 5395 3274 5449 ad
3310 5396 3560 5450 recolen-

1977 5486 2100 5541 dam
2134 5488 2328 5544 mortis
2359 5490 2679 5544 memoriam
2719 5489 3003 5555 subderet,
3032 5496 3089 5543 et
3137 5488 3202 5542 ad
3248 5502 3560 5557 prmparan-

1976 5575 2106 5631 dum
2154 5574 2456 5632 discessum
2500 5578 3031 5644 excitarettFralcr,
3062 5575 3260 5647 inquit,
3296 5575 3558 5651 Joannes,

369 5752 778 5846 (wguﬁzelecl,
818 5761 1008 5846 electus
1037 5784 1067 5817 (ι
1105 5762 1208 5816 0ιό
1233 5764 1300 5816 ad
1318 5766 1682 5834 fabricandum
1724 5770 1914 5826 Arcam
1960 5775 2277 5838 trstamrnli,
2321 5774 2569 5828 dirinitus
2603 5774 2780 5845 infusa
2820 5776 3081 5845 sapientia
3115 5777 3168 5829 id
3192 5776 3465 5846 prostitit,“
3498 5772 3561 5825 :le

298 5840 399 5893 quo
432 5824 606 5880 Exod.
641 5842 775 5881 xxxv
819 5840 865 5886 rt
903 5851 1043 5904 seqq.
