4092 6492
109 407 250 480 amt

1141 419 1314 482 νιτλ
1352 422 1402 479 Α
1437 417 1874 482 NICEPHORO
1913 423 2382 488 CONSCRIPTA

3251 424 3392 490 3102

107 525 208 581 τοῦ
233 525 426 580 στύλου
454 527 686 598 πλησίον
717 527 884 593 ἔλθοι,
915 528 1014 583 ῐδοι
1036 545 1095 583 τε
1125 529 1216 584 τὸν
1266 529 1438 601 μέγαν
1469 530 1564 582 καὶ
1598 525 1690 580 ὐπ’
1719 579 1721 583 ,

1826 543 1918 598 pso
1971 540 2317 602 spectaretur
2381 534 2657 600 vicissim,
2707 548 2817 588 non
2889 533 3074 589 ferens
3136 533 3389 592 diabolus

110 615 280 672 αὐτοῦ
309 617 679 693 θεαθείηηὴν
736 621 1011 693 ἐγγύτητα
1063 621 1123 674 τὸ
1156 619 1559 691 δαιμόνιονικαὶ
1597 619 1697 687 τὴν

114 706 247 763 θέαν
303 712 492 785 ὥσπερ
543 715 644 766 οὐκ
679 713 927 789 ἐνεγκὺν,
960 714 1161 785 ἧρξατο
1195 712 1384 776 δεινῶς
1415 697 1700 782 ἐκμαίνειν

113 804 242 858 καὶ¹
275 804 496 877 βρύκειν
537 808 783 890 ἐσχάτως
814 826 872 862 τε
904 808 1001 878 τὴν
1061 809 1296 876 γυναῖκα
1343 806 1699 876 σπαράττειν,

113 895 232 958 καὶ,
268 897 332 947 Ὦ
366 895 740 966 βία,κράζειν,
763 898 953 968 ἄγριόν
978 915 1028 951 τι
1063 899 1158 951 καὶ
1192 897 1386 967 κομιδῇ
1429 895 1698 967 μεμηνὸς,

113 983 171 1036 τί
209 1001 301 1054 μοι
354 987 489 1056 πρὸς
539 987 599 1039 σὲ
642 987 894 1041 τοσοῦτον
943 988 1278 1058 ἡμάρτηται,
1307 987 1388 1040 ὅτι
1435 1003 1503 1056 με
1533 986 1705 1057 χωρίς

116 1076 236 1138 ξεις
264 1077 362 1146 τῆς
415 1065 659 1148 ἐμαυτοῦ
711 1081 968 1148 γυναικός
995 1099 1009 1146 ;
1041 1081 1071 1132 ό
1112 1080 1306 1150 μιαρὸς
1347 1078 1426 1148 τῷ
1486 1078 1603 1132 δντι
1634 1080 1705 1134 τὰ

122 1167 297 1238 μιαρὰ
336 1168 727 1239 φθεγγόμενος,
765 1173 885 1225 Ἵνα
913 1173 968 1225 τί
1007 1172 1087 1237 δὲ,
1117 1170 1276 1241 φησὶ,
1308 1172 1402 1238 καὶ⁸
1431 1170 1602 1224 παῖδα
1625 1169 1706 1222 δίι-

117 1258 230 1320 δως
266 1257 435 1326 αὐτῇ,
476 1260 664 1316 άπαιδι
696 1263 983 1327 τοσούτους
1017 1263 1075 1328 ἐξ
1105 1263 1237 1332 ἐμοῦ
1263 1262 1490 1332 χρόνους
1520 1277 1699 1331 μεμε-

122 1349 366 1422 νηκυίας
420 1352 625 1407 Ἐδόκει
692 1354 801 1424 γὰρ
856 1356 922 1424 τῇ
985 1353 1235 1422 γυναικὶ,
1271 1352 1598 1424 τηνικαῦτα,
1631 1352 1708 1415 ὡς

122 1439 264 1508 μετὰ
324 1439 497 1494 ταῦτα
557 1442 773 1514 νήψασα
821 1441 1092 1512 ἐξηγεῖτο,
1154 1442 1317 1495 αὐτὸν
1379 1440 1568 1512 ὥσπερ
1610 1442 1703 1495 τὸν

120 1530 277 1599 ἅγιον
305 1531 536 1599 λέγοντα
569 1521 795 1587 τοιαῦτα·
856 1535 987 1606 ὁρᾷν
1014 1551 1027 1565 ·
1053 1533 1126 1588 Σὺ
1159 1535 1279 1605 μὲν,
1314 1533 1531 1605 πνεῦμα
1576 1552 1710 1586 πον-

118 1621 275 1692 ηρδν,
304 1622 369 1675 ὲκ
400 1623 499 1693 τῆς
534 1624 792 1689 γυναικὸς
825 1625 922 1680 καὶ
967 1625 1098 1678 ἀκον
1153 1625 1475 1696 άπελαθήσῃ
1520 1642 1534 1656 ·
1568 1623 1708 1695 αὐτὴ

120 1712 175 1765 δὲ
201 1711 338 1780 πρὸς
367 1712 465 1765 τὸν
493 1715 698 1767 οἰκεῖον
741 1713 1061 1786 ἐπιστρέψει
1117 1715 1305 1785 ἄνδρα,
1335 1715 1430 1768 καὶ
1483 1713 1704 1767 παιδίον

1802 637 2162 693 congressum
2188 627 2242 679 et
2273 635 2569 695 aspectum
2607 623 2786 689 illum,
2834 625 3005 694 erepit
3062 625 3391 680 terribiliter

1802 710 2010 781 furere,
2047 716 2322 782 frendere,
2351 732 2417 772 ac
2442 718 2730 790 mulierem
2782 717 3132 786 discerpcns,
3161 715 3206 772 Ο
3238 718 3388 773 vim!

1801 807 2122 874 vociferari,
2176 817 2232 865 et
2285 811 2484 881 agresti
2539 825 2770 879 prorsus
2822 811 2987 866 modo
3050 809 3393 866 furibundus

1804 901 2150 956 exclamare:
2185 903 2340 970 Quod
2378 919 2562 957 meum
2595 912 2809 958 tantum
2849 905 2903 959 in
2929 911 3394 974 tepeccatumjpt

1805 920 2150 956 exetamare:
2185 920 2340 970 uuoe
2378 920 2562 957 meum
2595 920 2809 958 tantum
2849 921 2903 959 in
2929 920 3285 974 tepeccalum
3373 920 3392 957 ι

1805 1006 1871 1045 ex
1891 990 1995 1044 hac
2027 1006 2144 1045 mea
2177 1007 2261 1046 me
2278 993 2509 1064 muliere
2543 993 2806 1062 ableges?
2839 993 2903 1046 Et
2925 920 3392 1062 quemadmoglm

1806 1077 1987 1134 istboc
2019 1082 2206 1134 scelus
2225 1096 2333 1136 non
2355 1081 2605 1150 loquitur
2630 1083 2735 1137 nisi
2760 1084 2966 1138 scelera
2994 1101 3006 1136 :
3033 1083 3163 1147 Cur,
3189 1083 3391 1151 inquit,

1806 1169 2141 1226 fecunditate
2177 1172 2328 1227 illam
2353 1173 2551 1236 donas,
2585 1181 2666 1229 tot
2687 1175 2798 1244 jam
2827 1176 2988 1228 annis
3018 1174 3234 1228 artibus
3255 1172 3395 1226 meis

1807 1277 1872 1317 ac
1930 1265 2149 1319 teclinis
2213 1265 2614 1321 infecundam?
2663 1266 2971 1320 Videbatur
3022 1274 3206 1320 autem
3263 1271 3397 1319 tunc

1809 1355 2076 1426 temporis
2100 1355 2204 1410 sibi
2240 1352 2460 1421 mulier,
2483 1358 2564 1411 uti
2596 1357 2798 1412 deinde
2827 1357 3062 1411 liberata
3084 1356 3389 1416 enarravit.

1810 1451 2138 1521 Symeonem
2167 1447 2371 1503 intueri
2412 1448 2582 1502 veluti
2634 1449 2716 1502 sic
2762 1447 3256 1511 interminantem:
3311 1446 3395 1500 Tu

1807 1540 2058 1610 quidem,
2078 1542 2316 1608 pessime
2340 1539 2591 1608 spiritus,
2611 1539 2698 1593 vel
2717 1539 2926 1608 invitus
2951 1554 3016 1593 ex
3047 1538 3146 1592 hac
3165 1538 3401 1592 muliere

1809 1633 2073 1703 abigeris,
2100 1633 2219 1700 ipsa
2250 1647 2383 1686 vero
2420 1630 2492 1684 ad
2524 1631 2786 1685 maritum
2842 1645 3009 1685 suum
3061 1637 3398 1692 revertetur,

1809 1734 1865 1781 et
1898 1723 2042 1777 ﬁlius
2059 1723 2192 1792 ipsis
2214 1739 2357 1778 anno
2381 1723 2631 1792 proximo
2651 1731 2938 1777 nascetur.
2960 1724 3183 1776 Daemon
3203 1721 3398 1790 igitur,

120 1803 306 1866 αὐτοῖς
349 1805 443 1857 τοῦ
510 1805 763 1870 ἐπιόντος
822 1805 978 1868 ἔτους
1040 1806 1354 1876 γενήσεται.
1399 1803 1457 1860 '0
1491 1806 1588 1876 μὲν
1617 1821 1709 1856 ουν

1826 1827 1930 1870 :um
1961 1815 2068 1868 alia
2099 1815 2272 1869 multa
2301 1816 2490 1869 insana
2523 1830 2587 1869 ac
2614 1813 2888 1868 diabolica
2922 1828 3075 1867 more
3112 1827 3215 1866 suo
3235 1810 3404 1890 γεεί-

121 1894 362 1965 χαλεπδς
395 1896 605 1968 δαίμων
633 1899 860 1962 ἐκεῖνος,
891 1897 1026 1952 ἄλλα
1057 1915 1116 1952 τε
1166 1896 1338 1950 πολλὰ
1379 1898 1587 1966 μανικὰ
1617 1894 1711 1948 καὶ

1826 1906 2119 1971 Γεταῦοιιιτ,
2157 1916 2274 1960 tum
2326 1905 2464 1961 illud
2508 1905 2814 1976 przecipue:
2856 1906 2949 1960 Vae
2992 1903 3127 1960 mihi
3162 1917 3402 1972 nequam

119 1986 450 2058 δαιμονιώδη
501 1986 720 2056 κράζων
750 1983 855 2068 ἣν,
881 1987 1072 2059 ὥσπερ
1121 1987 1291 2050 εἰκὸς,
1321 1987 1458 2041 Οὐαί
1506 2003 1601 2058 μοι
1629 1985 1707 2056 τῷ

120 2075 283 2145 κακῷ
329 2077 512 2149 οἰκέτῃ
541 2079 554 2130 ί
597 2078 717 2132 οὐαὶ
760 2078 838 2150 τῷ
867 2079 1012 2132 κατὰ
1055 2078 1190 2132 πολύ
1225 2077 1422 2147 δρῶντι
1451 2077 1511 2130 τὸ
1539 2075 1709 2130 ἀκού-

121 2185 238 2222 σιον
258 2167 297 2223 ἃ
323 2171 736 2241 προστέταγμαι
763 2172 786 2224 ί

195 2260 333 2331 ρκδ’.
361 2262 546 2315 Ταῦτα
570 2263 824 2332 ἔκραζεν,
855 2264 957 2317 ὅσα
985 2265 1080 2325 καὶ
1125 2263 1349 2335 ὀργάνῳ
1392 2267 1457 2335 τῇ
1488 2263 1712 2331 γυναικὶ

119 2352 430 2425 χρώμενος,
470 2355 565 2409 καὶ
619 2355 812 2427 κύκλῳ
851 2353 946 2410 τοῦ
1000 2355 1196 2410 στύλου
1223 2358 1430 2426 ταύτην
1461 2356 1711 2418 ἐλεεινῶς

121 2447 390 2515 περιῆγε,
422 2447 674 2519 καθάπερ
702 2447 810 2500 ἀπὸ
849 2446 1147 2518 προσώπου
1198 2448 1416 2516 φεύγων
1459 2446 1554 2500 τοῦ
1612 2447 1714 2498 Συ-

125 2539 303 2612 μεὼν,
326 2543 420 2594 καὶ
449 2542 557 2594 άπὸ
594 2541 688 2595 τοῦ
721 2541 778 2595 έν
801 2540 951 2612 αὐτῴ
981 2539 1292 2611 πνεύματος
1324 2539 1711 2608 ἐλαυνόμενος·

121 2634 304 2699 τέλος,
362 2634 600 2705 Ἔξειμι,
633 2633 780 2702 μέγα
835 2633 1082 2705 βοήσας,
1141 2631 1348 2703 ἀπῆλθε
1417 2633 1714 2702 σωφρόνως

123 2724 363 2796 ἔχουσαν
394 2725 562 2795 αὐτὴν
589 2723 963 2788 ἀπολελοιπώς
990 2741 1003 2755 '
1035 2725 1173 2794 πρὸς
1203 2726 1269 2794 ἢν
1315 2724 1343 2776 ὁ
1376 2723 1519 2792 ἱερὸς
1612 2725 1714 2775 Συ-

127 2815 305 2888 μεὼν,
347 2808 638 2892 Ἐπάνηκε,
659 2814 843 2885 γύναι,
872 2815 1024 2886 παρὰ
1054 2814 1145 2868 τὸν
1189 2814 1320 2867 ἴδιον
1352 2813 1540 2881 ἄνδρα,
1569 2813 1699 2882 ἔφη·

127 2912 333 2981 συνέσῃ
369 2909 479 2980 γὰρ
513 2908 662 2978 αύτῷ
694 2906 789 2961 τοῦ
818 2907 1031 2970 λοιποῦ,
1059 2909 1155 2962 καὶ
1200 2905 1411 2969 κοιλίας
1438 2904 1498 2969 ἐξ
1545 2905 1714 2958 αὐτοῦ

127 3000 347 3070 καρπὸς
375 2999 526 3052 ἔσται
559 3016 662 3054 σοι.
706 2999 768 3052 Ἠ
804 2999 905 3068 μὲν
938 2994 1032 3052 οὖν
1064 2997 1203 3052 κατὰ
1236 2995 1335 3059 τὰς
1369 2995 1589 3058 ἐντολάς
1619 2994 1714 3048 τοῦ

129 3091 298 3160 ἁγίου
365 3093 499 3160 πρὸς
548 3091 639 3144 τὸν
689 3091 859 3159 ἄνδρα
910 3088 1305 3151 ἐπανελθοῦσα,
1347 3086 1602 3154 ἀσμένως
1653 3101 1713 3138 τε

130 3180 271 3253 ιπιιρ³
297 3181 462 3235 αὐτοῦ
493 3182 853 3251 είσδεχθεῖσα,
886 3181 980 3234 καί
1011 3181 1224 3233 παιδίον
1265 3178 1361 3230 τοῦ
1394 3176 1713 3247 ἐπιγενομέ-

132 3250 232 3327 νου
255 3271 502 3327 ἐνιαυτοῦ
530 3250 753 3338 τέξασα,
789 3274 866 3344 τῷ
910 3273 1132 3344 μεγάλῳ
1189 3271 1350 3324 πάλιν
1399 3270 1534 3323 αὐτὸ
1583 3267 1722 3339 μετὰ
1749 3250 1791 3308 C

131 3364 232 3420 τοῦ
287 3365 523 3432 συζύγου
582 3365 872 3435 προσάγει,
907 3365 1075 3435 εὐχῆς
1106 3365 1165 3419 ὃν
1208 3362 1419 3416 ἐκείνου
1451 3362 1656 3432 μᾶλλον
1685 3361 1718 3431 ἢ

135 3457 248 3510 τῶν
279 3456 448 3525 αὐτῆς
477 3454 687 3508 ὠδίνων
719 3454 962 3526 καρπόν.
992 3454 1273 3522 Προσάγει
1312 3453 1493 3506 τοίνυν
1510 3451 1571 3505 τὸ
1593 3468 1724 3504 παι-

134 3543 253 3596 δίον
312 3543 388 3612 τῷ
442 3543 722 3608 δεδωκότι,
753 3541 1009 3613 καθάπερ
1063 3538 1593 3612 έγκαλλωπιζομένη
1641 3540 1719 3609 τῷ

135 3634 320 3705 δώρῳ,
352 3637 446 3689 καὶ
489 3636 661 3709 ταύτῃ
707 3635 797 3688 τὸν
832 3636 1038 3706 δοτῆρα
1070 3636 1269 3704 μᾶλλον
1298 3635 1330 3704 ἢ
1361 3635 1577 3706 γλώττῃ
1619 3651 1726 3704 κηο

142 3728 433 3800 ρύττουσα.
478 3726 609 3780 Εἶτα
653 3729 749 3782 καὶ
796 3717 982 3782 οἴκαδε
1036 3729 1200 3782 πάλιν
1253 3728 1506 3795 εὐλογίας
1561 3729 1726 3796 τυχὸν

140 3819 435 3886 ἐπανάγει,
471 3820 568 3873 καὶ
619 3821 889 3873 ἀντίδοσιν
919 3823 950 3891 ἡ
977 3821 1115 3889 γυνὴ
1145 3819 1416 3892 τοσαύτης
1446 3820 1540 3872 καὶ
1584 3818 1729 3872 οὓτω

139 3910 395 3980 ποικίλης
442 3910 765 3980 εὐεργεσίας
798 3910 880 3979 (οὐ
925 3909 1033 3980 γάρ
1077 3910 1141 3979 δὴ
1173 3910 1424 3962 συνοίκου
1476 3906 1732 3978 δαίμονος

139 4001 464 4070 ἀπήλλακτο
498 4001 680 4069 μόνον,
713 4001 849 4054 ἀλλὰ
901 4004 995 4054 καὶ
1024 4000 1103 4070 τῷ
1142 4001 1301 4071 ἀνδρὶ
1332 3999 1685 4054 ἀνασέσωστη
1714 4014 1727 4027 ⁸

144 4094 288 4163 πρὸς
319 4091 398 4157 δὲ,
430 4091 526 4144 καὶ
560 4093 724 4146 παῖδα
755 4091 815 4155 ἔξ
841 4093 1064 4162 ἑαυτῆς,
1099 4093 1235 4160 ὅπερ
1280 4093 1496 4146 οὐδέπω
1531 4093 1733 4164 πρότε-

157 4199 274 4254 ρον,
312 4180 457 4251 ῐδοι)·
493 4181 763 4234 ἀντίδοσιν
798 4181 980 4234 τοίνυν
1030 4182 1256 4250 ἀγαθῶν
1283 4163 1583 4247 τοσούτων,
1641 4163 1734 4234 άν-

152 4276 369 4344 ίστησιν
408 4275 594 4327 είκόνα
658 4275 798 4326 οἴκοι
856 4273 948 4327 τοῦ
995 4273 1221 4342 Συμεών
1257 4290 1270 4304 ·
1303 4273 1503 4345 χρυσοῦ
1533 4274 1630 4342 μὲν
1661 4273 1737 4336 ὡς

144 4369 184 4435 ἡ
211 4365 531 4436 προαίρεσις
563 4361 708 4434 εἶχεν
738 4366 839 4418 οὐκ
867 4365 1198 4435 εὐποροῦσα,
1226 4365 1255 4418 ὃ
1283 4365 1338 4417 δὲ
1373 4364 1578 4435 χρυσοῦ
1627 4382 1733 4435 μα-

146 4459 269 4528 κρῷ
302 4457 623 4528 τιμιώτερον
657 4459 837 4510 πίστιν
886 4458 1276 4526 είσενεγκοῦσα
1319 4459 1617 4527 τοσαύτην,
1656 4457 1736 4519 ὡς

1816 1998 2010 2054 servo!
2045 2014 2124 2054 va:
2149 1998 2306 2060 mihi,
2330 1997 2425 2067 qui
2479 2005 2539 2051 ut
2568 1997 2870 2068 plurimum
2915 2006 3120 2068 praeter
3149 1995 3406 2050 volunta-

1819 2100 1927 2146 tem
1957 2104 2134 2144 meam
2162 2104 2285 2160 ago,
2319 2089 2468 2159 quod
2493 2089 2828 2158 imperatum
2850 2083 2966 2143 est!

1893 2268 2012 2323 {24.
2057 2267 2213 2323 Hunc
2236 2267 2292 2321 in
2316 2265 2541 2321 modum
2569 2265 2880 2328 clamitans,
2903 2279 3003 2334 pro
3037 2264 3405 2318 instrumento

1821 2361 2051 2416 edendae
2083 2361 2235 2415 vocis
2289 2359 2520 2414 muliere
2583 2371 2739 2420 usus,
2821 2356 3036 2411 circum
3089 2354 3406 2409 columnam

1822 2453 2124 2508 miserabili
2160 2451 2476 2522 spectaculo
2507 2451 2679 2520 ipsam
2710 2448 2914 2520 agebat
2942 2447 3137 2517 ;quasi
3167 2447 3408 2516 fugitans

1822 2560 1852 2599 a
1883 2543 2022 2598 facie
2050 2545 2249 2607 sancti,
2294 2525 2523 2614 ejusque
2551 2541 2785 2611 spiritus
2819 2540 3023 2594 virtute
3051 2537 3247 2593 cedere
3284 2538 3407 2592 loco

1809 2645 2066 2690 coaetus.
2103 2635 2354 2704 Denique
2411 2632 2581 2687 altum
2637 2629 2920 2696 ciamans,
2961 2630 3151 2693 Exeo;
3217 2629 3406 2694 exivit,

1823 2724 2016 2780 relicta
2047 2726 2278 2780 muliere
2320 2725 2527 2780 rectius
2555 2717 2618 2778 se
2653 2723 2924 2787 habente;
2959 2721 3027 2776 ad
3067 2734 3231 2792 quam
3279 2735 3410 2774 san-

1821 2825 1947 2872 ctus
1981 2815 2257 2888 Symeon:
2296 2815 2458 2881 Redi,
2504 2814 2707 2885 inquit,
2746 2813 2969 2877 mulier,
3023 2812 3090 2866 ad
3147 2812 3409 2866 maritmn

1827 2909 2017 2973 tuum;
2052 2921 2180 2960 cum
2216 2907 2339 2976 ipso
2381 2903 2840 2966 consuetudinem
2865 2903 3131 2974 deinceps
3155 2900 3407 2964 habebis,

1823 3005 1879 3052 et
1904 2999 2114 3066 prolem
2137 3012 2204 3050 ex
2237 2997 2333 3051 illo
2355 2997 2660 3065 concipies.
2713 2995 2994 3051 Ubediens
3058 3003 3248 3050 sancto
3287 3008 3410 3046 mu-

1826 3086 1950 3150 lier,
1980 3086 2217 3140 revertit
2247 3086 2313 3140 ad
2340 3086 2522 3140 virum
2549 3101 2735 3150 suum,
2768 3086 3002 3139 comiter
3037 3085 3106 3138 ab
3134 3084 3228 3138 illo
3259 3084 3414 3138 exci-

1826 3176 1998 3248 pitur,
2036 3174 2208 3229 ﬁlium
2242 3190 2388 3230 anno
2445 3174 2776 3243 insequente
2826 3175 2971 3243 parit
3009 3193 3020 3227 :
3050 3188 3218 3244 quem
3255 3182 3310 3228 et
3344 3173 3415 3228 ad

1824 3283 2080 3335 magnum
2135 3265 2486 3337 Symeonem,
2525 3266 2685 3336 cujus
2736 3279 2963 3336 precum
3016 3265 3204 3335 potius
3251 3280 3416 3334 quam

1836 3359 1920 3412 sui
1957 3359 2098 3412 uteri
2155 3357 2397 3411 fructum
2459 3357 2787 3427 reputabat,
2844 3372 2950 3412 una
3003 3372 3129 3412 cum
3185 3358 3418 3428 conjuge

1827 3447 2075 3512 adducit,
2134 3449 2298 3516 eique
2351 3447 2450 3517 qui
2499 3446 2732 3502 dederat
2765 3446 2940 3513 illum
2992 3445 3179 3510 oB‘ert,
3223 3445 3418 3526 latitia

1827 3546 1994 3608 atque
2024 3537 2218 3607 plausu
2251 3537 2506 3592 indicans
2533 3537 2970 3608 magnitudinem
3029 3535 3199 3598 doni;
3252 3543 3419 3604 atque

1830 3627 1935 3682 hoc
1966 3635 2126 3696 pacto
2185 3627 2290 3682 viri
2333 3627 2514 3682 sancti
2555 3625 2755 3682 famam
2818 3627 2986 3682 latius
3033 3641 3201 3696 quam
3228 3626 3419 3695 lingua

1829 3719 2192 3790 propagabat.
2219 3719 2348 3775 Post
2381 3720 2498 3775 haec
2528 3719 2727 3775 mulier
2756 3719 3021 3774 donatum
3040 3718 3146 3773 sibi
3184 3732 3423 3787 puerum

1831 3815 2056 3871 domum
2087 3815 2328 3880 reducit,
2366 3809 2919 3870 etremunera'tionis
2946 3815 3069 3869 loco
3109 3827 3208 3882 pro
3251 3812 3423 3866 tantis

1833 3915 2054 3976 tamque
2084 3908 2258 3962 variis
2279 3907 2572 3964 beneﬁciis
2608 3907 2812 3979 (neque
2845 3906 2994 3962 enim
3051 3906 3229 3960 solum
3258 3920 3287 3958 a
3332 3919 3426 3959 eo-

1835 3999 2114 4055 babitante
2174 4000 2281 4054 sibi
2338 3999 2586 4055 daemone
2634 3999 2916 4062 immunis,
2956 3999 3053 4053 sed
3106 3998 3304 4052 marito
3340 3997 3426 4052 in-

1836 4098 1986 4163 tegre
2043 4100 2234 4146 sanata
2300 4092 2556 4145 restituta
2589 4090 2714 4155 fuit,
2750 4090 2819 4162 ad
2851 4083 2969 4146 haec
3022 4106 3161 4160 puer
3202 4105 3425 4160 quoque

1836 4199 1902 4238 ea
1925 4199 1986 4238 ea
2016 4183 2164 4253 quod
2202 4183 2485 4253 nunquam
2515 4193 2664 4248 ante,
2694 4192 2780 4238 est
2804 4183 3154 4253 pregnatus),
3190 4166 3426 4253 efﬁgiem

1840 4276 2132 4346 Symeonis
2163 4277 2445 4331 domisua‘.
2478 4276 2692 4331 statuit.
2722 4275 2789 4330 Et
2823 4291 3020 4330 aurum
3054 4275 3306 4344 quidem,
3365 4283 3429 4329 ut

1839 4375 1959 4421 erat
2004 4367 2132 4421 vitae
2161 4366 2430 4431 conditio,
2464 4383 2572 4421 non
2615 4367 2976 4436 suppetebat;
3027 4383 3222 4421 verum
3279 4367 3429 4439 quod

1842 4473 1978 4512 auro
2006 4459 2329 4526 pretiosius,
2365 4459 2530 4512 talem
2559 4457 2826 4512 aﬂ‘erebat
2861 4457 3046 4522 ﬁdem,
3076 4467 3135 4512 ut
3165 4473 3277 4512 non
3319 4449 3430 4512 dat-4

147 4552 211 4604 ού
241 4549 615 4620 δαιμονῶντας
665 4549 826 4618 μόνον
870 4550 964 4603 καὶ
996 4549 1213 4611 πολλοῖς
1275 4547 1504 4602 πάθεσιν
1557 4548 1721 4610 ἄλλοις

1845 4550 2079 4604 moniaci
2120 4557 2330 4603 tantum
2358 4549 2636 4619 variisque
2667 4550 2875 4603 morbis
2897 4549 3244 4611 detenti,sed
3261 4550 3426 4604 etiam

150 4639 574 4709 συνεχομένους,
594 4638 728 4691 ἀλλὰ
758 4640 851 4692 καὶ
883 4640 1052 4710 αὐτὴν
1072 4643 1165 4693 ἐπὶ
1190 4641 1428 4710 πέμπτῳ
1451 4641 1546 4692 καὶ
1571 4641 1736 4694 δεκά-

145 4752 227 4803 τῳ
248 4735 672 4808 έτειαίμόρῤουν
714 4735 960 4805 καθαρᾶς
990 4737 1107 4789 ἐκεῖ
1138 4739 1318 4806 τυχεῖν
1355 4738 1446 4789 καὶ
1499 4753 1738 4808 περιφαο

150 4826 282 4887 νοῦς
337 4826 655 4896 θεραπείας.
700 4827 887 4890 Οὕτως
935 4827 1101 4881 αὐτοῦ
1147 4829 1241 4881 καὶ
1288 4827 1387 4880 θέα
1459 4828 1612 4899 ψιλὴ,
1644 4829 1741 4880 και

151 4916 420 4989 σφραγὶς,
458 4919 551 4970 καὶ
579 4917 798 4989 ῥάϐδος,
829 4920 922 4971 καὶ⁹
953 4919 1145 4984 τύπος,
1165 4918 1258 4971 καὶ
1281 4918 1460 4986 λόγος,
1491 4919 1582 4971 καὶ
1609 4919 1740 4988 κλῆ-

150 5028 260 5075 σις,
293 5011 390 5064 καὶ
424 5013 474 5064 εἴ
501 5027 552 5063 τι
580 5011 708 5065 ἄλλο
738 5011 847 5064 τῶν
879 5012 1092 5064 ἐκείνου
1131 5011 1331 5074 παντὸς
1366 5011 1528 5082 ἤρκει
1577 5013 1734 5082 γενέ-

151 5101 279 5158 σθαι
313 5102 519 5164 πάθους
544 5102 856 5174 ἀπαλλαγή.

225 5299 367 5365 ρκε’.
409 5290 542 5347 Εἶτά
584 5312 667 5358 τις
711 5295 1010 5365 αἱμόρρους
1050 5295 1232 5366 ἑτέρα,
1265 5296 1327 5350 ἐκ
1363 5314 1508 5360 τινος
1548 5310 1745 5365 κωμης

147 5385 416 5441 Μυλιτῶν
462 5387 782 5456 λεγομένης,
839 5388 958 5451 ἔτος
1013 5389 1115 5460 ήδη
1170 5388 1354 5456 τρίτον
1401 5388 1479 5459 τῷ
1521 5386 1742 5457 χαλεπῴ

146 5477 334 5546 τούτῳ
373 5477 534 5530 πάθει
567 5478 889 5548 πιεζομένη,
934 5480 1218 5548 πρόσεισιν
1248 5483 1311 5532 ὲκ
1339 5479 1446 5534 τῶν
1477 5479 1744 5532 ὀπισθίων

144 5572 233 5642 τῷ
284 5567 532 5638 Συμεὼν,
583 5570 726 5622 κατὰ
768 5569 862 5640 τὴν
906 5571 1208 5643 αἱμόρῤουν
1243 5573 1481 5641 ἐκείνην,
1519 5571 1618 5643 τὴν
1654 5571 1746 5626 τοῦ

149 5661 294 5728 mox?
348 5661 585 5730 Χριστοῦ
633 5661 987 5731 τολμήσασαν
1032 5663 1303 5731 ἅψασθαι·
1371 5667 1464 5717 καὶ
1517 5664 1652 5734 ὁμοῦ
1687 5681 1745 5717 τε

149 5750 350 5822 ψαύει,
380 5749 474 5802 καὶ
495 5751 753 5821 τυγχάνει
784 5752 881 5821 τῆς
911 5752 1225 5824 θεραπείας.
1262 5757 1318 5808 '0
1343 5757 1450 5828 γὰρ
1481 5760 1644 5824 αὐτὸς
1679 5758 1746 5832 ἦν

153 5842 253 5901 καὶ
288 5842 384 5896 νῦν
428 5844 727 5916 Δεσπότης,
761 5845 950 5922 ὥσπερ
991 5840 1106 5910 εκεῖ
1151 5850 1215 5902 δι’
1250 5851 1436 5921 αὐτοῦ,
1479 5852 1621 5908 οὕτω
1662 5856 1747 5911 διὰ

1847 4642 2043 4696 mulier
2068 4643 2317 4710 quaedam
2349 4657 2523 4696 annos
2559 4643 2668 4712 jam
2692 4641 3010 4712 quindecim
3041 4641 3248 4696 ﬂuxum
3304 4658 3432 4696 san-

1846 4735 2034 4804 guinis
2065 4749 2226 4805 passa
2253 4735 2546 4789 sanitatem
2565 4733 2730 4788 isthic
2761 4734 2869 4788 loci
2894 4732 3270 4788 omnimodam
3304 4747 3431 4802 per-

1844 4825 2156 4892 fectamque
2180 4825 2475 4878 invenerit.
2507 4825 2583 4878 Ita
2629 4823 2735 4878 viri
2791 4824 2966 4878 sancti
3002 4824 3088 4878 vel
3136 4823 3320 4878 tenuis
3379 4823 3432 4877 in

1847 4917 2082 4987 imagine
2135 4929 2412 4986 aspectus.
2479 4919 2694 4988 signum
2743 4918 2944 4981 crucis,
3001 4916 3176 4988 virga,
3235 4916 3432 4978 forma,

1844 5009 2097 5069 verbum,
2129 5007 2427 5072 invocatio,
2468 5020 2525 5063 et
2583 5010 2628 5063 si
2665 5010 2795 5079 quid
2839 5009 2988 5064 aliud
3050 5024 3236 5064 rerum
3289 5007 3437 5062 illius

1844 5109 2011 5161 esset,
2044 5101 2353 5156 sutiiciebat
2387 5087 2616 5157 cuilibet
2672 5103 2994 5156 morborum
3025 5103 3211 5176 generi
3251 5100 3438 5170 depel-

1846 5188 2032 5244 lendo.

1916 5296 2041 5350 125.
2083 5297 2288 5352 Deinde
2328 5297 2754 5353 haemorrhoissa
2787 5298 2981 5358 altera.
3019 5311 3085 5353 ex
3107 5311 3245 5368 pago
3294 5313 3430 5366 quo-

1846 5388 1971 5442 dam
2002 5387 2311 5456 Mylitorum
2357 5390 2528 5455 dicto,
2555 5407 2721 5460 grave
2782 5391 3068 5461 sanguinis
3109 5388 3438 5459 proﬂuvium

1844 5479 1951 5550 jam
1974 5479 2211 5533 triennio
2229 5496 2408 5549 passa,
2426 5495 2456 5534 a
2479 5491 2630 5549 tergo
2663 5482 3125 5550 appropinquavit
3149 5481 3436 5553 Symeoni.

1847 5573 2158 5641 exemplum
2202 5585 2391 5627 secuta
2431 5573 2869 5628 htemorrhoisste
2892 5573 3038 5627 illius
3087 5573 3439 5643 evangelicae,

1852 5672 2073 5735 tangere
2099 5664 2386 5718 Christum
2411 5680 2590 5720 meum
2629 5680 2808 5729 ausze,
2857 5682 3022 5735 quem
3054 5665 3220 5720 simul
3265 5673 3323 5720 et
3358 5675 3433 5718 tev

1854 5760 1976 5830 tigit
2005 5768 2059 5814 et
2089 5759 2384 5814 sanitatem
2412 5757 2680 5813 obtinuit.
2717 5758 2865 5813 ldem
2904 5759 3110 5828 quippe
3148 5757 3441 5824 Dominus,

1854 5850 2324 5924 quemadmodum
2355 5849 2636 5907 istic-olim
2665 5865 2764 5920 per
2811 5864 2869 5905 se
2900 5850 3038 5920 ipse,
3095 5849 3169 5902 ita
3202 5848 3290 5901 hic
3344 5863 3441 5916 per
