4092 6470
722 384 861 453 3103

1945 398 2005 458 S.
2048 397 2424 458 SYMEONIS
2462 399 2823 461 JUNIORIS

3857 396 3986 458 310i

724 500 944 553 servum
967 512 1129 552 suum
1156 498 1534 555 inﬁrmitatem
1569 499 1838 571 abigebat,
1865 510 1920 554 et
1942 516 2038 568 pro
2068 501 2299 569 paritate

2405 505 2497 558 τοῦ
2536 505 2867 577 θεράποντος
2916 505 3151 560 ἐνταῦθα
3195 505 3336 560 λύων
3382 505 3447 559 τδ
3489 501 3686 568 πάθος,
3714 508 3826 575 ,καὶ
3858 508 3987 575 πρὸς

725 589 851 643 fidei
896 604 1083 659 parem
1138 605 1362 661 quoque
1416 591 1851 646 misericordiam
1935 591 2293 661 largiebatur.

722 678 871 735 Abiit
924 680 1092 750 igitur
1128 680 1245 735 haec
1300 682 1557 736 similiter
1600 697 1661 735 ac
1705 682 1795 735 illa
1839 682 1927 751 (de
1962 698 2069 752 qua
2132 698 2297 751 supra

722 773 972 841 memini)
1013 774 1329 829 valetudine
1352 783 1703 843 recuperata;
1752 776 2005 845 quodque
2038 777 2127 829 illa
2179 793 2296 831 me-

722 861 909 915 diante
940 863 1113 917 sancti
1139 864 1395 933 imagine,
1434 862 1551 918 haec
1582 864 1649 917 ab
1677 864 1795 933 ipso
1820 875 2114 935 prototypo
2167 881 2299 919 con-

722 960 910 1007 secuta
940 962 1043 1007 85L

797 1063 915 1116 t26.
954 1064 1071 1116 Non
1129 1062 1225 1116 diu
1278 1072 1405 1133 post
1451 1066 1614 1128 adest
1664 1081 1860 1136 magno
1915 1066 2170 1135 Symeoni
2232 1082 2298 1121 ex

722 1168 858 1221 pago
885 1154 1013 1218 alio,
1034 1155 1121 1208 cui
1142 1156 1312 1226 Magia
1331 1158 1680 1217 vocabulum.
1708 1158 1792 1210 vir
1810 1156 2060 1226 quidam,
2079 1168 2299 1228 septua-

722 1246 872 1314 ginta
936 1255 1000 1299 ut
1045 1262 1327 1299 summum
1380 1262 1556 1301 annos
1616 1257 1810 1312 natus;
1864 1247 1960 1316 qui
2028 1251 2299 1304 acerrimo

723 1336 971 1388 dentium
1003 1336 1194 1390 dolore
1222 1338 1526 1403 cruciatus,
1558 1339 1721 1392 enixe
1751 1338 2103 1407 precabatur,
2157 1339 2299 1392 salu-

723 1426 938 1501 tiferam
965 1437 1022 1481 ut
1044 1429 1147 1482 sibi
1170 1444 1391 1482 manum
1426 1430 1755 1499 imponeret,
1780 1446 1890 1500 quo
1912 1431 2048 1485 deus
2069 1432 2300 1486 aﬂ'ectus

722 1526 1077 1571 excuteretur
1119 1519 1407 1583 radicitus,
1443 1522 1554 1591 jam
1588 1536 1735 1575 nunc
1755 1522 2052 1576 acerbitate
2080 1524 2297 1577 crucia-

724 1616 877 1659 tuum
931 1608 1170 1663 mobilis.
1226 1610 1303 1663 lta
1356 1610 1445 1664 ille
1494 1611 1843 1680 precabatur,
1892 1612 2148 1682 lacrymis
2199 1628 2297 1681 per

720 1713 886 1765 genas
918 1697 1366 1764 decurrentibus,
1418 1703 1703 1756 mmrentis
1746 1703 1911 1756 animi
1948 1706 2120 1774 signis
2145 1720 2296 1761 men-

722 1789 811 1841 tiri
870 1790 1092 1844 nesciis.
1153 1791 1387 1846 Sanetus
1436 1809 1567 1847 vero
1626 1794 1859 1863 benigne
1916 1795 2295 1864 respondens,

722 1882 936 1948 Nonne,
976 1885 1175 1953 inquit,
1212 1887 1383 1957 magis
1425 1904 1455 1942 e
1505 1904 1563 1942 re
1598 1899 1688 1943 tua
1745 1890 1907 1953 foret,
1946 1890 1989 1943 si
2038 1897 2094 1943 et
2128 1890 2296 1944 alium

718 1970 937 2025 dentem
974 1975 1179 2038 enasci,
1227 1992 1392 2045 quam
1430 1977 1577 2032 hunc
1601 1994 1743 2048 aegre
1771 1980 2063 2035 habentem
2094 1980 2299 2035 solum-

720 2063 885 2116 modo
930 2066 1113 2128 evelli,
1166 2068 1426 2135 peteres?
1462 2068 1543 2122 Ad
1594 2086 1715 2137 quae
1763 2071 1928 2124 verba
1974 2071 2064 2126 ille
2112 2079 2297 2126 mente

718 2153 1012 2223 animoque
1054 2156 1425 2214 inﬂammatus
1473 2161 1573 2229 (uti
1620 2161 1736 2215 tieri
1786 2164 2075 2218 consuevit
2105 2164 2173 2218 ad
2210 2165 2295 2217 in-

718 2247 917 2313 sperati
941 2248 1224 2317 cujusdam
1247 2250 1375 2303 boni
1403 2252 2294 2325 pollicitationem),ambabusque

716 2338 992 2403 manibus,
1044 2350 1105 2394 ut
1139 2350 1375 2411 poterat,
1414 2357 1481 2396 ex
1527 2343 1726 2397 melote
1759 2345 2289 2416 sancti'suspensus,

715 2428 889 2497 cjicit,
925 2446 1023 2499 per
1075 2432 1485 2501 impositionem
1539 2450 1800 2489 manuum
1848 2437 2015 2503 illius,
2068 2438 2293 2493 uberem

716 2534 747 2573 e
778 2521 917 2576 coelo
950 2524 1179 2592 gratiam
1226 2526 1562 2594 elicientem,
1619 2529 1900 2597 putridum
1940 2541 2293 2600 corruptum-

716 2626 822 2681 que
850 2630 954 2667 una
986 2631 1107 2669 eum
1141 2618 1424 2675 radicibus
1450 2621 1670 2675 dentem
1694 2639 1707 2674 :
1728 2636 1829 2675 nec
1851 2622 2006 2675 multi
2037 2621 2294 2675 abierunt

716 2702 856 2765 dies.
905 2720 1030 2758 cum
1090 2706 1229 2761 alter
1290 2710 1343 2778 (ο
1398 2726 1511 2763 rem
1573 2726 1681 2764 non
1732 2710 2026 2764 admodum
2077 2710 2290 2764 ereditu

716 2791 936 2847 facilem
964 2796 1001 2863 !)
1025 2806 1220 2853 enatus
1243 2800 1309 2853 ad
1333 2802 1723 2869 perfectionem
1747 2803 1940 2857 crevit.
1978 2803 2039 2855 Et
2067 2802 2295 2873 hujusce

716 2883 955 2954 prodigii
993 2894 1159 2941 testes
1213 2891 1419 2945 oculati
1468 2893 1655 2962 plures
1714 2892 1891 2956 fuere,
1945 2893 2149 2967 quibus
2206 2893 2295 2946 ille

719 2973 877 3043 ipse,
932 2978 1027 3047 qui
1088 2980 1418 3037 beneﬁcium
1475 2993 1669 3039 nactus
1724 2993 1875 3048 erat,
1929 2984 2294 3047 ostendebat,

719 3066 1071 3136 mirantibus,
1124 3070 1180 3126 in
1234 3082 1341 3127 tam
1378 3090 1653 3144 provrc'a
1705 3085 1897 3139 astate,
1953 3085 2149 3145 praaler
2202 3092 2296 3129 ua-

2403 594 2582 646 πίστιν
2622 597 2763 665 ίσην,
2798 596 2909 648 ῐσον
2942 597 3033 648 καὶ
3064 596 3155 649 τὸν
3179 596 3325 648 ἐλεον
3353 595 3559 665 νέμων.
3605 594 3848 662 ’Δπῆλθε
3882 610 3985 647 τοι·-

2399 685 2603 755 γαροΰν
2629 687 2829 756 ὁμοίως
2867 690 2932 756 τῇ
2971 686 3317 760 προλαϐούσῃ
3356 686 3454 740 καὶ
3484 684 3625 757 αὕτη
3658 685 3760 755 τὴν
3786 686 3976 753 ὑγείαν

2400 780 2764 847 κλμισαμένη,
2797 779 2825 831 ὃ
2852 778 2957 849 πρὸ
2989 779 3184 849 μικροῦ
3209 780 3310 849 τῆς
3344 779 3552 843 εἰκόνος
3584 780 3797 849 ἐκείνη,
3827 777 3977 833 τοῦτο

2399 864 2492 919 νῦν
2523 866 2662 935 αὕτη
2686 866 2780 921 τοῦ
2804 867 3161 938 πρωτυτύπου
3185 869 3442 940 τυχοῦσα.

2474 1074 2624 1142 ρκς⁹.
2667 1067 2825 1137 Ἑξῆς
2855 1068 2910 1123 δὲ
2945 1066 3215 1139 προσῆλθέ
3247 1085 3331 1132 τις
3364 1068 3506 1141 ἀνὴρ
3549 1069 3629 1137 τῷ
3668 1070 3892 1139 μεγάλῳ
3919 1070 3979 1123 εκ

2399 1180 2542 1225 τινος
2569 1162 2760 1231 κώμης
2790 1161 2999 1229 (Μαγία
3023 1160 3078 1212 δὲ
3103 1161 3334 1229 κέκλητο
3351 1157 3535 1229 αὕτη),
3563 1162 3685 1225 ἔτος
3709 1163 3771 1214 ού
3806 1162 3979 1215 πλείειν

2399 1252 2431 1323 ἢ
2462 1249 2859 1320 ἑϐδομηκοστὸν
2875 1248 3134 1315 γεγονὼς,
3162 1249 3437 1318 δριμείαις
3458 1250 3550 1302 τὸν
3580 1250 3773 1303 ὀδόντα
3800 1250 3981 1318 βαλλό-

2406 1359 2563 1411 μενος
2594 1340 2825 1404 ὀδύναις·
2854 1340 3169 1409 ἐπιτεθῆναί
3195 1357 3251 1392 τε
3279 1338 3426 1409 αὐτῷ
3456 1340 3555 1407 τὴν
3583 1340 3744 1393 ὁσίαν
3771 1341 3977 1391 ἐκείνου

2400 1435 2556 1503 χεῖρα
2583 1433 2856 1502 δεόμενος,
2885 1433 3023 1485 ὥστε
3048 1432 3237 1485 τοῦτον
3264 1431 3611 1485 παντάπασιν
3643 1430 3978 1498 summa-

2399 1543 2507 1587 ναι,
2552 1524 2906 1592 σαλευόμενον
2960 1523 3061 1593 ἤδη
3099 1522 3208 1575 τῶν
3258 1522 3432 1575 πόνων
3476 1523 3597 1583 ταῖς
3628 1519 3976 1589 προσϐολαῖς.

2401 1617 2586 1670 Ταῦτα
2627 1619 2657 1670 ὁ
2694 1618 2791 1687 μὲν
2822 1618 3010 1678 ἐδεῖτο,
3043 1617 3253 1685 δάκρυα
3279 1616 3387 1668 τῶν
3410 1614 3712 1683 ὀφθαλμῶν
3748 1611 3973 1672 καθιεὶς,

2398 1709 2468 1762 τὰ
2492 1708 2674 1776 ψυχῆς
2699 1708 2967 1778 ἁλγούσης
2999 1707 3203 1777 ἀψευδῆ
3242 1704 3483 1774 σύμϐολα
3507 1719 3521 1731 ’
3593 1709 3621 1758 6
3669 1705 3726 1758 δὲ
3766 1706 3977 1774 χαρίεν-

2400 1814 2508 1860 τως
2537 1796 2843 1862 ὑπολαϐὼν,
2877 1799 2966 1865 Μή
3002 1796 3131 1850 ποτέ
3164 1813 3246 1849 σοι
3279 1795 3503 1866 βέλτιον,
3542 1793 3676 1863 ἔφη,
3707 1795 3803 1847 καὶ
3832 1794 3979 1845 ἄλλον

2405 1889 2634 1958 ἐκφῦναι
2670 1889 2869 1959 μᾶλλον
2908 1891 3095 1953 αίτείν,
3123 1889 3156 1959 ἦ
3187 1888 3278 1941 τὸν
3312 1886 3566 1956 πονήρως
3596 1885 3796 1955 ἔχοντα
3830 1886 3979 1954 μόνον

2404 1980 2736 2045 ἀποεα).ε’ίν;
2770 1981 2879 2033 Καὶ
2920 1980 2978 2043 ὃς
3006 1980 3139 2049 πρδς
3167 1978 3228 2031 τὸ
3267 1978 3418 2047 ῥῆμα
3445 1978 3543 2045 τὴν
3572 1976 3757 2045 ψυχὴν
3791 1974 3980 2035 ἁναζὲ-

2406 2091 2504 2135 σας
2537 2073 2584 2143 (ὃ
2620 2074 2862 2141 πέφυκεν
2888 2073 2975 2125 ἀεὶ
3004 2072 3138 2142 δρᾷν
3163 2069 3382 2138 ἀγαθῶν
3414 2071 3849 2139 ἀπροσδοκήτων
3882 2068 3975 2120 ἐπ-

2404 2166 2656 2234 αγγελία)
2686 2166 3021 2237 ἀμφοτέραις
3052 2180 3112 2217 τε
3150 2164 3250 2233 τῆς
3289 2161 3546 2231 μηλωτῆς
3591 2161 3671 2223 ὡς
3716 2155 3864 2230 εἶχεν
3894 2162 3979 2211 ix-

2402 2256 2755 2328 κρεμασθεὶς,
2795 2254 3090 2308 ἀπὸἁλλει
3132 2254 3230 2324 μὲν
3263 2253 3448 2315 αὐταῖς
3491 2250 3699 2321 ῥίζαις,
3745 2249 3978 2304 tanaim

2397 2348 2598 2419 χειρῶν
2640 2346 2852 2399 ἐκείνου
2900 2344 3100 2415 πολλὴν
3150 2343 3355 2399 ἄνωθεν
3389 2343 3628 2413 ἑλκούσῃ
3659 2341 3763 2408 τὴν
3806 2342 3979 2410 χὰριν,

2398 2438 2489 2492 τὸν
2524 2436 2921 2506 διεφθαρμένον
2953 2433 3139 2486 ὀδόντα
3162 2446 3175 2460 ’
3212 2432 3398 2502 ἕτερος
3421 2430 3479 2483 δὲ
3506 2432 3651 2500 μετά
3677 2447 3831 2493 τινας
3854 2430 3979 2497 ἡμέο

2404 2545 2505 2597 ρας
2533 2526 2597 2595 (ὢ
2624 2526 2947 2595 πραγματος
2974 2524 3034 2577 ού
3060 2522 3256 2595 ῥᾳδίως
3281 2520 3677 2591 πιστευομένου
3702 2522 3717 2574 ι
3739 2523 3759 2586 )
3798 2520 3979 2588 tecm

2398 2638 2459 2673 τε
2492 2620 2587 2673 καὶ
2618 2617 2831 2688 ηύξετο.
2866 2617 2977 2670 Καὶ
3004 2615 3194 2669 τούτου
3242 2616 3518 2685 μάρτυρες
3542 2612 3759 2666 πολλῶν
3782 2612 3975 2681 ὀφθαλ-

2402 2711 2512 2781 μοὶ,
2567 2704 2648 2772 οἷς
2701 2708 2780 2771 εἰς
2838 2707 3025 2775 θαῦμα
3072 2708 3220 2775 παρὰ
3272 2705 3366 2757 coli
3416 2703 3677 2774 τυχόντος
3733 2704 3837 2771 τῆς
3892 2704 3975 2755 εὖ·

2399 2802 2656 2871 εργεσίας
2716 2798 3007 2861 ἐδείκνυτο,
3062 2798 3124 2851 τὸ
3200 2795 3297 2863 ὀψὲ
3362 2794 3560 2866 δηλαδὴ
3617 2793 3717 2847 τοῦ
3772 2793 3973 2863 χρόνου,

2400 2894 2493 2946 καὶ
2517 2891 2581 2944 τὸ
2626 2890 2757 2959 παρ’
2795 2888 3012 2957 ἡλικίαν
3042 2887 3140 2955 τῆς
3168 2886 3401 2953 φύσεως.
3433 2886 3612 2954 Ὅπερ
3638 2884 3706 2954 δὴ
3738 2882 3978 2954 τηλικού-

2405 3000 2490 3037 τον
2520 2981 2601 3047 ὂν,
2634 2982 2910 3051 ὑποχωρεῖ
2926 2983 2990 3049 τῇ
3018 2977 3268 3046 λέγεσθαι
3298 2978 3397 3048 ἤδη
3424 2976 3698 3046 μελλούσῃ
3722 2976 3841 3043 μετ’
3859 2973 3978 3026 αὐτὸ

2403 3074 2626 3145 θεωρίᾳ.

721 3172 859 3219 tura:
885 3166 1134 3221 ordinem
1162 3169 1277 3223 fieri
1315 3172 1581 3239 potuisse.
1646 3171 1751 3226 Sed
1816 3187 2126 3241 quanquam
2189 3162 2245 3225 id
2313 3178 2523 3225 tantum
2565 3169 2656 3232 sit.
2701 3164 2957 3223 concedit
3004 3172 3182 3219 tamen
3223 3162 3323 3228 illi,
3369 3174 3533 3232 quant
3579 3175 3752 3231 porro
3788 3159 3973 3215 dicturi

720 3270 931 3319 sumus,
975 3253 1196 3313 visioni.

793 3371 916 3425 127.
951 3373 1197 3437 Quodam
1235 3374 1496 3441 Sabbato,
1553 3378 1857 3434 decantatis
1905 3389 2031 3433 ante
2078 3390 2293 3432 noctem
2320 3378 2365 3438 C

720 3465 994 3534 Vesperis,
1026 3470 1340 3537 congregati
1376 3480 1552 3530 erant.
1592 3480 1650 3523 ut
1689 3471 1899 3524 ferebat
1932 3468 2295 3529 consuetudo,

718 3556 927 3609 circum
975 3556 1302 3628 Symconcm
1339 3560 1629 3630 discipuli;
1660 3562 1755 3631 qui
1790 3562 1912 3614 illos
1945 3562 2012 3615 de
2042 3576 2195 3615 more
2228 3560 2297 3614 ad

718 3647 1056 3716 vigilandum
1098 3658 1261 3705 nocte
1296 3652 1396 3705 ista
1448 3652 1774 3707 hortabatur
1814 3672 1827 3706 :
1863 3652 2059 3707 deinde
2096 3651 2297 3707 docere

717 3752 815 3791 eos
866 3738 1156 3808 incipiens,
1201 3743 1533 3811 quaestiones
1565 3744 1827 3813 quasdam
1871 3742 2205 3799 diﬂiciliores
2233 3758 2298 3797 ac

719 3828 1008 3898 parabolas
1040 3831 1095 3885 in
1146 3834 1388 3887 medium
1425 3836 1665 3903 prolatas
1708 3836 2057 3901 elucidabat;
2099 3851 2204 3906 qua
2239 3851 2296 3889 re

720 3921 794 3973 ita
821 3922 1062 3975 suaviter
1091 3923 1360 3979 afﬁciebat
1391 3926 1606 3980 illorum
1642 3929 1872 3992 animos,
1908 3939 2171 3998 tantoque
2199 3928 2295 3983 Dei

724 4003 1312 4070 timore-ac'dulcedine
1336 4015 1543 4071 doloris
1564 4033 1659 4071 cor
1677 4019 2036 4073 exhilarantis
2055 4019 2299 4073 cumula-

721 4102 834 4166 bat,
862 4111 922 4157 ut
942 4104 1091 4173 quod
1116 4105 1181 4159 de
1215 4106 1459 4160 sirenum
1488 4118 1651 4163 cantu
1676 4108 1880 4163 dicitur
1904 4110 2298 4179 propemodum

723 4195 778 4248 in
804 4209 860 4249 se
882 4196 1289 4264 experirentur;
1320 4208 1684 4270 praeterquam
1707 4201 1852 4271 quod
1880 4202 2299 4257 delectationem

724 4284 884 4338 istam
916 4286 1360 4355 consequebatur
1403 4304 1571 4353 mors,
1603 4291 1745 4346 hanc
1788 4292 2168 4347 immortalitas
2211 4309 2303 4347 ex-

724 4372 911 4441 cipiat.
971 4375 1150 4430 Finito
1200 4377 1367 4447 igitur
1416 4395 1670 4436 sermone
1730 4381 2047 4451 Symeonis,
2108 4382 2303 4437 fnutres

729 4474 1022 4519 consuetas
1049 4482 1239 4535 preces
1268 4468 1499 4525 fundere
1532 4481 1858 4541 cmpcrunt;
1895 4488 2129 4541 cumque
2161 4472 2303 4542 psal-

728 4572 875 4614 mum
905 4557 1058 4610 Beati
1086 4560 1417 4614 immaculali
1439 4563 1492 4614 in
1525 4565 1631 4625 vin,
1667 4564 1753 4631 qui
1787 4562 2063 4617 ambulant
2095 4565 2148 4617 in
2192 4564 2303 4633 lege

726 4645 979 4713 Domini,
1018 4649 1347 4716 recitarem,
1383 4653 1633 4720 apparuit
1684 4661 1872 4707 sancto
1909 4652 2160 4707 Christus
2193 4654 2299 4707 Do-

728 4739 912 4794 minus
973 4741 1229 4810 przeclara
1298 4742 1351 4796 in
1415 4744 1645 4807 visione,
1700 4752 1883 4799 astans
1932 4760 1959 4797 a
2039 4744 2299 4799 dexteris.

727 4832 798 4889 Ut
818 4832 957 4886 vidit
993 4833 1105 4897 ille,
1139 4841 1199 4887 ut
1223 4844 1405 4889 mente
1442 4835 1767 4899 illustratus,
1795 4851 1967 4904 eaque
2003 4842 2117 4891 tota
2148 4836 2307 4891 abre-

730 4931 856 4991 ptus
891 4934 1007 4987 est;
1044 4938 1154 4977 non
1185 4925 1599 4994 quiescentibus
1632 4936 1809 4980 tamen
1842 4927 2018 4991 labiis,
2056 4944 2160 4983 nec
2190 4944 2303 4982 ca:-

729 5026 877 5083 ptam
910 5016 1214 5070 orationem
1256 5018 1767 5073 intermittentibus.
1801 5019 2011 5073 Interea
2045 5020 2305 5075 cernebat

732 5106 886 5173 quasi
937 5120 1213 5174 passerem
1265 5121 1428 5175 supra
1464 5105 1697 5159 fratrum
1750 5108 1927 5177 capita
1956 5108 2307 5162 circumvoli-

734 5203 961 5257 tantem,
1010 5195 1241 5265 hymnos
1269 5212 1392 5248 cum
1427 5198 1561 5266 ipsis
1590 5198 1909 5253 suavissime
1938 5214 2155 5264 canere,
2187 5214 2306 5252 mo-

732 5300 861 5338 vere
894 5285 1133 5354 linguam
1172 5287 1364 5341 eodem
1395 5303 1505 5355 quo
1537 5288 1636 5357 ipsi
1686 5288 1867 5352 modo,
1900 5290 2118 5343 easdem
2170 5304 2307 5359 quas

734 5374 836 5442 ipsi
858 5374 1262 5432 modulationes
1296 5394 1545 5447 promere
1573 5381 1673 5450 (uti
1702 5381 1898 5435 deinde
1932 5382 2063 5450 ipsis
2086 5397 2305 5451 quoque

732 5462 1158 5534 manifestavit):
1187 5467 1469 5524 inlallibile
1493 5471 1717 5525 omnino
1740 5472 2304 5543 tcstimouium,’quud

725 5554 1032 5623 jucundum
1064 5567 1209 5612 esset
1248 5560 1379 5625 Deo,
1430 5562 1733 5618 secundum
1793 5564 2134 5633 prophetam,
2190 5566 2306 5620 elo-

731 5647 922 5716 quium
958 5664 1149 5703 eorum
1182 5652 1248 5704 “.

804 5785 849 5816 '°
898 5785 1041 5844 Psal.
1083 5807 1193 5857 cur,
1241 5792 1337 5847 δι.

2471 3374 2607 3446 ρκς.
2644 3374 2778 3426 Ποτέ
2820 3371 2926 3443 γὰρ
2962 3372 3058 3441 ὀψε
3089 3369 3364 3424 Σαϐϐάτου
3407 3369 3545 3439 μετὰ
3591 3371 3723 3430 τοὺς
3770 3372 3975 3440 temp:-

2400 3467 2523 3528 νοὺς
2574 3464 2797 3534 ὕμνους,
2847 3463 2989 3516 κατὰ
3043 3462 3101 3514 τὸ
3144 3460 3371 3531 σύνηθες
3400 3462 3508 3513 τῶν
3558 3460 3823 3530 μαθητῶν
3860 3460 3976 3529 περὶ

2400 3558 2559 3612 αὐτὸν
2576 3557 2992 3624 ἀθροισθέντων,
3023 3553 3349 3625 ἀγρυπνίαν,
3375 3552 3446 3615 ὡς
3462 3552 3607 3617 ἔθος,
3640 3552 3858 3621 ἐκείνης
3887 3553 3974 3605 αύ-

2398 3653 2509 3712 τοῖς
2530 3650 2629 3718 τῆς
2656 3647 2847 3709 νυκτὸς
2868 3645 3241 3714 παραγγείλας
3262 3661 3275 3673 ο
3305 3640 3421 3696 εἷτα
3442 3643 3802 3707 διδασκαλίας
3824 3643 3972 3712 ἀρξα-

2403 3756 2581 3809 μενος,
2611 3736 2913 3806 αἰνίγματά
2932 3753 2989 3787 τε
3011 3738 3105 3788 καί
3135 3733 3450 3806 παραϐολὰς
3479 3734 3667 3793 αὐτοῖς
3704 3735 3973 3805 προτείνας

2400 3832 2495 3887 καὶ
2524 3830 2806 3895 ἐπιλύσας,
2835 3826 3010 3889 οὕτως
3040 3826 3213 3879 αὐτῶν
3238 3824 3457 3893 διέθηκε
3506 3823 3608 3887 τάς
3648 3824 3851 3893 ψυχὰς,
3889 3824 3970 3874 καὶ

2399 3921 2651 3978 τοσοῦτον
2709 3921 2899 3979 αὐταῖς
2936 3916 3189 3983 ἐνέσταξε
3253 3916 3396 3969 θεῖον
3450 3916 3638 3984 φόϐον,
3672 3918 3769 3969 καὶ
3815 3916 3970 3981 λύπης

2401 4013 2624 4083 καρδῖαν
2658 4008 3054 4082 εύφραινούσης
3087 4005 3421 4075 γλυκύτητα,
3456 4006 3532 4069 ὡς
3569 4006 3772 4075 μικροῦ
3808 4007 3894 4058 καὶ
3922 4008 3971 4055 τὸ

2400 4103 2507 4156 τῶν
2528 4102 2803 4174 ᾳοομένων
2831 4101 3028 4161 αὐτοὺς
3055 4098 3321 4168 σειρήνων
3351 4096 3564 4160 παθεῖν,
3596 4096 3741 4166 πλὴν
3760 4097 3880 4149 ὅσον
3904 4096 3968 4155 si;

2402 4194 2631 4249 θάνατον
2665 4192 2763 4262 μὲν
2789 4193 2906 4245 ἐκεῖ
2938 4191 2997 4243 τὸ
3026 4188 3234 4254 θέλγον,
3257 4186 3487 4241 ἐνταῦθα
3520 4188 3576 4240 δὲ
3607 4188 3874 4241 τελευτῶν
3904 4189 3969 4247 εἰς

2406 4283 2721 4337 ἀθανασίαν.
2755 4281 2867 4349 Τὴν
2896 4276 3243 4333 διδασκαλίαν
3272 4276 3329 4328 δέ
3369 4277 3466 4346 τῆς
3500 4277 3773 4347 συνήθους
3808 4278 3968 4337 αὐτοῖς

2404 4377 2568 4445 εύχῆς
2597 4371 3006 4442 διαδεξαμένης,
3037 4370 3130 4423 καὶ
3190 4367 3282 4421 τὸν
3330 4368 3707 4439 μακαρίζοντα
3764 4369 3887 4429 τοὺς
3920 4370 3971 4417 ἐν

2403 4468 2508 4538 ὀδῷ
2536 4466 2751 4537 ἀμώμῳ
2780 4463 3016 4533 ψαλμὸν,
3058 4463 3183 4525 τοὺς
3231 4462 3287 4513 ἐν
3325 4461 3472 4529 νόμῳ
3518 4459 3723 4529 Κυρίου
3761 4475 3969 4530 πορευο-

2408 4558 2621 4628 μένους,
2640 4556 2724 4609 διά
2761 4557 3025 4625 στόματος
3051 4554 3284 4623 ἐχόντων
3310 4552 3511 4615 αὐτῶν,
3531 4550 3874 4620 ἐπιφαίνεται
3903 4550 3969 4619 τῷ

2406 4647 2631 4717 Συμεὼν
2658 4650 2685 4700 ὁ
2717 4647 2991 4714 Δεσπότης
3026 4643 3283 4715 Χριστὸς,
3311 4642 3593 4714 μακαρίας
3624 4642 3841 4712 ἐκείνης
3860 4644 3965 4695 ἐτα-

2408 4742 2633 4808 φανείας
2684 4738 2747 4791 ἐκ
2792 4736 2982 4801 δεξιῶν
3015 4734 3164 4805 αύτῷ
3206 4735 3526 4805 uagantur
3575 4735 3671 4787 καὶ
3709 4734 3847 4803 πρὸς
3883 4734 3967 4801 μὲν

2405 4831 2526 4898 ὄψιν
2557 4832 2584 4883 ὁ
2613 4830 2736 4893 νοῦς
2766 4829 3085 4897 ὲφωτίζετο,
3118 4830 3212 4881 καὶ
3250 4829 3371 4889 ὅλος
3401 4827 3617 4898 ἐκείνης
3655 4827 3880 4895 ἐγίνετο,
3910 4828 3969 4879 τὰ

2406 4920 2556 4989 χείλη
2588 4919 2643 4971 δὲ
2676 4918 2775 4971 ούκ
2803 4917 3022 4987 ἠρέμει,
3074 4917 3195 4970 οὐδὲ
3226 4916 3638 4985 ἀπελιμπάνετο
3669 4916 3769 4983 τῆς
3798 4917 3963 4986 εὐχῆς.

2420 5011 2508 5061 Ἐν
2565 5008 2802 5077 τοσούτῳ
2856 5008 2912 5060 δὲ
2960 5008 3093 5061 ὡσεὶ
3142 5008 3423 5079 στρουθίον
3478 5009 3507 5059 ὁ
3570 5007 3798 5077 Συμεὼν
3847 5010 3967 5075 ὑπὲρ

2406 5102 2649 5171 κεφαλῆς
2681 5110 2793 5167 τοῖς
2849 5102 3098 5171 ἀδελφοῖς
3162 5102 3308 5170 ἐώρα
3359 5100 3816 5171 περιιπτάμενον,
3860 5118 3965 5152 συνο

2404 5194 2733 5264 υμνολογοῦν
2762 5210 2820 5245 τε
2856 5193 3039 5254 αὐτοῖς
3074 5192 3267 5263 ἥδιστα
3315 5192 3410 5244 καὶ
3450 5192 3698 5262 συνᾷδον,
3737 5193 3963 5258 καθάπερ

2405 5290 2600 5361 ἐπίσης
2618 5288 2845 5351 ἐκείνοις
2887 5289 2982 5339 καὶ
3015 5284 3262 5354 γλῶτταν
3295 5284 3499 5343 κινοῦν.
3543 5285 3636 5338 καὶ
3678 5285 3881 5348 τούτοκ
3912 5285 3965 5333 τὰ

2409 5382 2549 5434 αὐτὰ
2582 5379 3089 5450 συμφθεγγόμενον,
3147 5376 3221 5439 ὡς
3280 5376 3417 5444 μετά
3465 5376 3638 5430 ταῦτα
3678 5379 3773 5430 καὶ
3804 5378 3961 5433 αὐτοῖς

2412 5470 2705 5526 καθίστατο
2754 5471 2933 5537 δῆλον.
2995 5470 3175 5537 ’Ὅπερ
3224 5462 3316 5521 οὖν
3379 5467 3676 5537 ὴδυνθῆναι
3715 5469 3851 5521 κατὰ
3892 5467 3963 5518 τίον

2412 5566 2706 5635 Προφήτην
2746 5561 2863 5631 Θεῷ
2895 5561 2992 5631 τὴν
3036 5560 3259 5614 ἐκείνων
3289 5558 3566 5628 διαλογὴν,
3602 5560 3825 5629 ἀψευδὲς
3854 5562 3964 5611 πάνυ

2413 5674 2519 5719 τως
2554 5654 2874 5726 μαρτύριον.
