  <div class='ocr_page' id='page_1' title='image "/cluster/home/n/w/nwhite01/storage/ocr_20150623/88 pt.2/uva.x004575615/710.png"; bbox 0 0 4092 6476; ppageno 0'>
   <div class='ocr_carea' id='block_1_1' title="bbox 116 415 292 473">
    <p class='ocr_par' dir='ltr' id='par_1_1' title="bbox 116 415 292 473">
     <span class='ocr_line' id='line_1_1' title="bbox 116 415 292 473; baseline 0.023 -4"><span class='ocrx_word' id='word_1_1' title='bbox 116 415 292 473; x_wconf 72' lang='grc'><strong>3105</strong></span> 
     </span>
    </p>
   </div>
   <div class='ocr_carea' id='block_1_2' title="bbox 1156 402 2411 472">
    <p class='ocr_par' dir='ltr' id='par_1_2' title="bbox 1156 402 2411 472">
     <span class='ocr_line' id='line_1_2' title="bbox 1156 402 2411 472; baseline -0.008 0"><span class='ocrx_word' id='word_1_2' title='bbox 1156 411 1331 472; x_wconf 81' lang='lat' dir='ltr'><strong>VITA</strong></span> <span class='ocrx_word' id='word_1_3' title='bbox 1372 411 1419 470; x_wconf 79' lang='grc' dir='ltr'><strong>Α</strong></span> <span class='ocrx_word' id='word_1_4' title='bbox 1454 404 1891 472; x_wconf 81' lang='lat' dir='ltr'><strong>NICEPHORO</strong></span> <span class='ocrx_word' id='word_1_5' title='bbox 1930 402 2411 465; x_wconf 80' lang='lat' dir='ltr'><strong>CONSCRIPTA.</strong></span> 
     </span>
    </p>
   </div>
   <div class='ocr_carea' id='block_1_3' title="bbox 3263 398 3411 463">
    <p class='ocr_par' dir='ltr' id='par_1_3' title="bbox 3263 398 3411 463">
     <span class='ocr_line' id='line_1_3' title="bbox 3263 398 3411 463; baseline 0 0"><span class='ocrx_word' id='word_1_6' title='bbox 3263 398 3411 463; x_wconf 78' lang='lat'><strong>3106</strong></span> 
     </span>
    </p>
   </div>
   <div class='ocr_carea' id='block_1_4' title="bbox 1600 541 1995 601">
    <p class='ocr_par' dir='ltr' id='par_1_4' title="bbox 1600 541 1995 601">
     <span class='ocr_line' id='line_1_4' title="bbox 1600 541 1995 601; baseline -0.015 0"><span class='ocrx_word' id='word_1_7' title='bbox 1600 541 1825 601; x_wconf 80' lang='lat' dir='ltr'><strong>CAPUT</strong></span> <span class='ocrx_word' id='word_1_8' title='bbox 1856 541 1995 595; x_wconf 79' lang='lat' dir='ltr'><strong>XVI.</strong></span> 
     </span>
    </p>
   </div>
   <div class='ocr_carea' id='block_1_5' title="bbox 676 654 2872 736">
    <p class='ocr_par' dir='ltr' id='par_1_5' title="bbox 676 654 2872 736">
     <span class='ocr_line' id='line_1_5' title="bbox 676 654 2872 736; baseline -0.007 -12"><span class='ocrx_word' id='word_1_9' title='bbox 676 668 741 724; x_wconf 83' lang='lat' dir='ltr'><strong>In</strong></span> <span class='ocrx_word' id='word_1_10' title='bbox 769 670 994 722; x_wconf 77' lang='lat' dir='ltr'><strong>caritate</strong></span> <span class='ocrx_word' id='word_1_11' title='bbox 1020 683 1249 721; x_wconf 76' lang='lat' dir='ltr'><strong>annona:</strong></span> <span class='ocrx_word' id='word_1_12' title='bbox 1280 666 1605 736; x_wconf 76' lang='lat' dir='ltr'><strong>frumentum</strong></span> <span class='ocrx_word' id='word_1_13' title='bbox 1646 658 1967 729; x_wconf 78' lang='lat' dir='ltr'><strong>multiplicat</strong></span> <span class='ocrx_word' id='word_1_14' title='bbox 1995 666 2042 709; x_wconf 90' lang='lat' dir='ltr'><strong>ct</strong></span> <span class='ocrx_word' id='word_1_15' title='bbox 2070 658 2158 709; x_wconf 77' lang='lat' dir='ltr'><strong>diu</strong></span> <span class='ocrx_word' id='word_1_16' title='bbox 2195 662 2468 711; x_wconf 77' lang='lat' dir='ltr'><strong>conservat</strong></span> <span class='ocrx_word' id='word_1_17' title='bbox 2512 654 2872 709; x_wconf 71' lang='lat' dir='ltr'><strong>inminutum.</strong></span> 
     </span>
    </p>
   </div>
   <div class='ocr_carea' id='block_1_6' title="bbox 200 762 1739 854">
    <p class='ocr_par' dir='ltr' id='par_1_6' title="bbox 200 780 1725 854">
     <span class='ocr_line' id='line_1_6' title="bbox 200 780 1725 854; baseline -0.001 -19"><span class='ocrx_word' id='word_1_18' title='bbox 200 789 333 853; x_wconf 78' lang='grc' dir='ltr'>ρκη¹</span> <span class='ocrx_word' id='word_1_19' title='bbox 403 784 611 836; x_wconf 76' lang='grc' dir='ltr'>Ἐκεῖνο</span> <span class='ocrx_word' id='word_1_20' title='bbox 659 780 715 835; x_wconf 84' lang='grc' dir='ltr'>δὲ</span> <span class='ocrx_word' id='word_1_21' title='bbox 775 783 890 845; x_wconf 84' lang='grc' dir='ltr'>πῶς</span> <span class='ocrx_word' id='word_1_22' title='bbox 941 782 1041 835; x_wconf 77' lang='grc' dir='ltr'><strong>οὐκ</strong></span> <span class='ocrx_word' id='word_1_23' title='bbox 1078 783 1228 847; x_wconf 79' lang='grc' dir='ltr'>ἄξιον</span> <span class='ocrx_word' id='word_1_24' title='bbox 1273 782 1586 854; x_wconf 82' lang='grc' dir='ltr'>προσθεῖναι</span> <span class='ocrx_word' id='word_1_25' title='bbox 1617 785 1725 842; x_wconf 89' lang='grc' dir='ltr'>τοῖς</span> 
     </span>
    </p>
   </div>
   <div class='ocr_carea' id='block_1_7' title="bbox 1842 762 3412 854">
    <p class='ocr_par' dir='ltr' id='par_1_7' title="bbox 1902 762 3412 836">
     <span class='ocr_line' id='line_1_7' title="bbox 1902 762 3412 836; baseline -0.005 -13"><span class='ocrx_word' id='word_1_26' title='bbox 1902 767 2023 823; x_wconf 67' lang='grc'><strong>128.</strong></span> <span class='ocrx_word' id='word_1_27' title='bbox 2061 766 2199 821; x_wconf 93' lang='lat' dir='ltr'><strong>lllud</strong></span> <span class='ocrx_word' id='word_1_28' title='bbox 2234 779 2401 835; x_wconf 84' lang='lat' dir='ltr'><strong>porro</strong></span> <span class='ocrx_word' id='word_1_29' title='bbox 2447 764 2541 836; x_wconf 87' lang='lat' dir='ltr'><strong>qui</strong></span> <span class='ocrx_word' id='word_1_30' title='bbox 2589 764 2707 819; x_wconf 80' lang='lat' dir='ltr'><strong>fieri</strong></span> <span class='ocrx_word' id='word_1_31' title='bbox 2738 770 2922 833; x_wconf 90' lang='lat' dir='ltr'><strong>potest</strong></span> <span class='ocrx_word' id='word_1_32' title='bbox 2974 769 3034 816; x_wconf 91' lang='lat' dir='ltr'><strong>ut</strong></span> <span class='ocrx_word' id='word_1_33' title='bbox 3082 762 3412 833; x_wconf 86' lang='lat' dir='ltr'><strong>supradictis</strong></span> 
     </span>
    </p>
   </div>
   <div class='ocr_carea' id='block_1_8' title="bbox 106 872 1727 945">
    <p class='ocr_par' dir='ltr' id='par_1_8' title="bbox 106 872 1727 945">
     <span class='ocr_line' id='line_1_8' title="bbox 106 872 1727 945; baseline 0 -20"><span class='ocrx_word' id='word_1_34' title='bbox 106 876 489 945; x_wconf 77' lang='grc' dir='ltr'>είρημένοιςς</span> <span class='ocrx_word' id='word_1_35' title='bbox 524 873 605 925; x_wconf 84' lang='grc' dir='ltr'>ὅτι</span> <span class='ocrx_word' id='word_1_36' title='bbox 640 873 772 943; x_wconf 81' lang='grc' dir='ltr'>μηδὲ</span> <span class='ocrx_word' id='word_1_37' title='bbox 805 873 987 943; x_wconf 85' lang='grc' dir='ltr'>ὀλίγου</span> <span class='ocrx_word' id='word_1_38' title='bbox 1018 874 1147 927; x_wconf 80' lang='grc' dir='ltr'>ποτὲ</span> <span class='ocrx_word' id='word_1_39' title='bbox 1210 874 1355 926; x_wconf 88' lang='grc' dir='ltr'>σίτου</span> <span class='ocrx_word' id='word_1_40' title='bbox 1385 873 1462 943; x_wconf 83' lang='grc' dir='ltr'>τῷ</span> <span class='ocrx_word' id='word_1_41' title='bbox 1490 872 1727 943; x_wconf 77' lang='grc' dir='ltr'>ταμιείῳ</span> 
     </span>
    </p>
   </div>
   <div class='ocr_carea' id='block_1_9' title="bbox 107 963 1728 1036">
    <p class='ocr_par' dir='ltr' id='par_1_9' title="bbox 107 963 1728 1036">
     <span class='ocr_line' id='line_1_9' title="bbox 107 963 1728 1036; baseline -0.001 -19"><span class='ocrx_word' id='word_1_42' title='bbox 107 966 234 1036; x_wconf 72' lang='grc' dir='ltr'>τῆς</span> <span class='ocrx_word' id='word_1_43' title='bbox 276 967 441 1035; x_wconf 80' lang='grc' dir='ltr'>μονῆς</span> <span class='ocrx_word' id='word_1_44' title='bbox 484 963 969 1035; x_wconf 79' lang='grc' dir='ltr'><strong>ὑπολελειμμένου,</strong></span> <span class='ocrx_word' id='word_1_45' title='bbox 1002 964 1061 1016; x_wconf 80' lang='grc' dir='ltr'><strong>τὸ</strong></span> <span class='ocrx_word' id='word_1_46' title='bbox 1094 964 1192 1033; x_wconf 86' lang='grc' dir='ltr'>μὲν</span> <span class='ocrx_word' id='word_1_47' title='bbox 1228 965 1320 1017; x_wconf 76' lang='grc' dir='ltr'>καὶ</span> <span class='ocrx_word' id='word_1_48' title='bbox 1358 964 1492 1033; x_wconf 83' lang='grc' dir='ltr'>πρὸς</span> <span class='ocrx_word' id='word_1_49' title='bbox 1519 965 1578 1017; x_wconf 79' lang='grc' dir='ltr'><strong>τὸ</strong></span> <span class='ocrx_word' id='word_1_50' title='bbox 1605 981 1728 1017; x_wconf 91' lang='grc' dir='ltr'>στε-</span> 
     </span>
    </p>
   </div>
   <div class='ocr_carea' id='block_1_10' title="bbox 110 1057 1729 1128">
    <p class='ocr_par' dir='ltr' id='par_1_10' title="bbox 110 1057 1729 1128">
     <span class='ocr_line' id='line_1_10' title="bbox 110 1057 1729 1128; baseline -0.001 -19"><span class='ocrx_word' id='word_1_51' title='bbox 110 1060 223 1111; x_wconf 62' lang='grc' dir='ltr'><strong>νὸν</strong></span> <span class='ocrx_word' id='word_1_52' title='bbox 268 1060 366 1128; x_wconf 83' lang='grc' dir='ltr'>τῆς</span> <span class='ocrx_word' id='word_1_53' title='bbox 393 1057 676 1127; x_wconf 78' lang='grc' dir='ltr'><strong>παρούσης</strong></span> <span class='ocrx_word' id='word_1_54' title='bbox 715 1058 764 1110; x_wconf 88' lang='grc' dir='ltr'><strong>οί</strong></span> <span class='ocrx_word' id='word_1_55' title='bbox 811 1057 1051 1127; x_wconf 76' lang='grc' dir='ltr'>μαθηταὶ</span> <span class='ocrx_word' id='word_1_56' title='bbox 1084 1058 1295 1128; x_wconf 83' lang='grc' dir='ltr'><strong>διαίτης</strong></span> <span class='ocrx_word' id='word_1_57' title='bbox 1322 1058 1634 1128; x_wconf 72' lang='grc' dir='ltr'>ἀχθόμενοι,</span> <span class='ocrx_word' id='word_1_58' title='bbox 1669 1058 1729 1110; x_wconf 75' lang='grc' dir='ltr'>τὸ</span> 
     </span>
    </p>
   </div>
   <div class='ocr_carea' id='block_1_11' title="bbox 112 1143 1730 1220">
    <p class='ocr_par' dir='ltr' id='par_1_11' title="bbox 112 1143 1730 1220">
     <span class='ocr_line' id='line_1_11' title="bbox 112 1143 1730 1220; baseline -0.001 -17"><span class='ocrx_word' id='word_1_59' title='bbox 112 1152 181 1203; x_wconf 77' lang='grc' dir='ltr'><strong>δὲ</strong></span> <span class='ocrx_word' id='word_1_60' title='bbox 237 1151 339 1202; x_wconf 81' lang='grc' dir='ltr'>καὶ</span> <span class='ocrx_word' id='word_1_61' title='bbox 383 1150 518 1218; x_wconf 77' lang='grc' dir='ltr'>πρὸς</span> <span class='ocrx_word' id='word_1_62' title='bbox 562 1150 623 1201; x_wconf 76' lang='grc' dir='ltr'>τὸ</span> <span class='ocrx_word' id='word_1_63' title='bbox 665 1149 855 1219; x_wconf 81' lang='grc' dir='ltr'>μέλλον</span> <span class='ocrx_word' id='word_1_64' title='bbox 887 1143 996 1217; x_wconf 73' lang='grc' dir='ltr'>(οἷα</span> <span class='ocrx_word' id='word_1_65' title='bbox 1035 1150 1147 1213; x_wconf 86' lang='grc' dir='ltr'>τοῖς</span> <span class='ocrx_word' id='word_1_66' title='bbox 1186 1148 1543 1220; x_wconf 70' lang='grc' dir='ltr'>μικροψύχοις</span> <span class='ocrx_word' id='word_1_67' title='bbox 1587 1148 1730 1217; x_wconf 85' lang='grc' dir='ltr'>φιλεῖ</span> 
     </span>
    </p>
   </div>
   <div class='ocr_carea' id='block_1_12' title="bbox 118 1239 1726 1310">
    <p class='ocr_par' dir='ltr' id='par_1_12' title="bbox 118 1239 1726 1310">
     <span class='ocr_line' id='line_1_12' title="bbox 118 1239 1726 1310; baseline 0 -19"><span class='ocrx_word' id='word_1_68' title='bbox 118 1240 494 1308; x_wconf 80' lang='grc' dir='ltr'>συμϐαίνειν)</span> <span class='ocrx_word' id='word_1_69' title='bbox 549 1240 808 1310; x_wconf 79' lang='grc' dir='ltr'>δρῶντες,</span> <span class='ocrx_word' id='word_1_70' title='bbox 860 1240 1245 1308; x_wconf 76' lang='grc' dir='ltr'>προσελθόντες</span> <span class='ocrx_word' id='word_1_71' title='bbox 1295 1240 1446 1309; x_wconf 80' lang='grc' dir='ltr'>αὐτῷ</span> <span class='ocrx_word' id='word_1_72' title='bbox 1507 1239 1726 1308; x_wconf 78' lang='grc' dir='ltr'>πάντες,</span> 
     </span>
    </p>
   </div>
   <div class='ocr_carea' id='block_1_13' title="bbox 114 1330 1729 1402">
    <p class='ocr_par' dir='ltr' id='par_1_13' title="bbox 114 1330 1729 1402">
     <span class='ocr_line' id='line_1_13' title="bbox 114 1330 1729 1402; baseline 0.002 -22"><span class='ocrx_word' id='word_1_73' title='bbox 114 1338 409 1401; x_wconf 77' lang='grc' dir='ltr'>τεσσαρες</span> <span class='ocrx_word' id='word_1_74' title='bbox 444 1330 536 1382; x_wconf 73' lang='grc' dir='ltr'>ἐπὶ</span> <span class='ocrx_word' id='word_1_75' title='bbox 573 1330 866 1400; x_wconf 81' lang='grc' dir='ltr'>τριάκοντα</span> <span class='ocrx_word' id='word_1_76' title='bbox 904 1330 1003 1400; x_wconf 72' lang='grc' dir='ltr'>ἤδη</span> <span class='ocrx_word' id='word_1_77' title='bbox 1034 1331 1125 1384; x_wconf 76' lang='grc' dir='ltr'><strong>τὸν</strong></span> <span class='ocrx_word' id='word_1_78' title='bbox 1156 1330 1386 1402; x_wconf 79' lang='grc' dir='ltr'>ἀριθμὸν</span> <span class='ocrx_word' id='word_1_79' title='bbox 1422 1332 1594 1394; x_wconf 76' lang='grc' dir='ltr'>ὄντες,</span> <span class='ocrx_word' id='word_1_80' title='bbox 1636 1330 1729 1393; x_wconf 73' lang='grc' dir='ltr'><strong>οὓς</strong></span> 
     </span>
    </p>
   </div>
   <div class='ocr_carea' id='block_1_14' title="bbox 117 1422 1730 1494">
    <p class='ocr_par' dir='ltr' id='par_1_14' title="bbox 117 1422 1730 1494">
     <span class='ocr_line' id='line_1_14' title="bbox 117 1422 1730 1494; baseline 0.001 -21"><span class='ocrx_word' id='word_1_81' title='bbox 117 1422 250 1473; x_wconf 67' lang='grc' dir='ltr'><strong>ἀπὸ</strong></span> <span class='ocrx_word' id='word_1_82' title='bbox 281 1422 555 1490; x_wconf 69' lang='grc' dir='ltr'>διαφόρων</span> <span class='ocrx_word' id='word_1_83' title='bbox 597 1422 784 1475; x_wconf 85' lang='grc' dir='ltr'>ίάσατο</span> <span class='ocrx_word' id='word_1_84' title='bbox 832 1423 1019 1476; x_wconf 84' lang='grc' dir='ltr'>παθῶν</span> <span class='ocrx_word' id='word_1_85' title='bbox 1058 1424 1091 1494; x_wconf 78' lang='grc' dir='ltr'>ἢ</span> <span class='ocrx_word' id='word_1_86' title='bbox 1124 1423 1385 1491; x_wconf 61' lang='grc' dir='ltr'>πληγῶν,</span> <span class='ocrx_word' id='word_1_87' title='bbox 1441 1422 1730 1493; x_wconf 69' lang='grc' dir='ltr'>ἐπιτρέψαι</span> 
     </span>
    </p>
   </div>
   <div class='ocr_carea' id='block_1_15' title="bbox 120 1505 1731 1583">
    <p class='ocr_par' dir='ltr' id='par_1_15' title="bbox 120 1505 1731 1583">
     <span class='ocr_line' id='line_1_15' title="bbox 120 1505 1731 1583; baseline 0.001 -20"><span class='ocrx_word' id='word_1_88' title='bbox 120 1513 333 1575; x_wconf 77' lang='grc' dir='ltr'>αὐτοῖς</span> <span class='ocrx_word' id='word_1_89' title='bbox 381 1513 565 1581; x_wconf 77' lang='grc' dir='ltr'>ἠξίουν</span> <span class='ocrx_word' id='word_1_90' title='bbox 624 1512 925 1583; x_wconf 81' lang='grc' dir='ltr'>λαμϐάνειν</span> <span class='ocrx_word' id='word_1_91' title='bbox 979 1511 1046 1564; x_wconf 81' lang='grc' dir='ltr'>τὰ</span> <span class='ocrx_word' id='word_1_92' title='bbox 1095 1513 1535 1582; x_wconf 79' lang='grc' dir='ltr'>προσφερόμενα,</span> <span class='ocrx_word' id='word_1_93' title='bbox 1576 1505 1731 1581; x_wconf 59' lang='grc' dir='ltr'><strong>ὲφίᾦ</strong></span> 
     </span>
    </p>
   </div>
   <div class='ocr_carea' id='block_1_16' title="bbox 124 1602 1732 1673">
    <p class='ocr_par' dir='ltr' id='par_1_16' title="bbox 124 1602 1732 1673">
     <span class='ocr_line' id='line_1_16' title="bbox 124 1602 1732 1673; baseline -0.001 -16"><span class='ocrx_word' id='word_1_94' title='bbox 124 1604 403 1673; x_wconf 78' lang='grc' dir='ltr'>αὐτάρκη</span> <span class='ocrx_word' id='word_1_95' title='bbox 432 1620 489 1656; x_wconf 89' lang='grc' dir='ltr'><strong>τε</strong></span> <span class='ocrx_word' id='word_1_96' title='bbox 528 1604 591 1653; x_wconf 66' lang='grc' dir='ltr'>τὸ</span> <span class='ocrx_word' id='word_1_97' title='bbox 629 1603 826 1673; x_wconf 73' lang='grc' dir='ltr'>παρὸν,</span> <span class='ocrx_word' id='word_1_98' title='bbox 858 1603 994 1656; x_wconf 83' lang='grc' dir='ltr'>ἀλλὰ</span> <span class='ocrx_word' id='word_1_99' title='bbox 1023 1602 1115 1655; x_wconf 73' lang='grc' dir='ltr'>καὶ</span> <span class='ocrx_word' id='word_1_100' title='bbox 1151 1603 1286 1673; x_wconf 73' lang='grc' dir='ltr'>πρὸς</span> <span class='ocrx_word' id='word_1_101' title='bbox 1314 1604 1373 1655; x_wconf 71' lang='grc' dir='ltr'>τὸ</span> <span class='ocrx_word' id='word_1_102' title='bbox 1403 1603 1594 1672; x_wconf 85' lang='grc' dir='ltr'>μέλλον</span> <span class='ocrx_word' id='word_1_103' title='bbox 1631 1604 1732 1657; x_wconf 85' lang='grc' dir='ltr'>αὐ-</span> 
     </span>
    </p>
   </div>
   <div class='ocr_carea' id='block_1_17' title="bbox 124 1692 1732 1764">
    <p class='ocr_par' dir='ltr' id='par_1_17' title="bbox 124 1692 1732 1764">
     <span class='ocr_line' id='line_1_17' title="bbox 124 1692 1732 1764; baseline -0.001 -16"><span class='ocrx_word' id='word_1_104' title='bbox 124 1699 262 1759; x_wconf 81' lang='grc' dir='ltr'>τοῖς</span> <span class='ocrx_word' id='word_1_105' title='bbox 291 1692 433 1748; x_wconf 75' lang='grc' dir='ltr'>εἶναι</span> <span class='ocrx_word' id='word_1_106' title='bbox 462 1697 527 1748; x_wconf 70' lang='grc' dir='ltr'>τὰ</span> <span class='ocrx_word' id='word_1_107' title='bbox 555 1696 852 1763; x_wconf 76' lang='grc' dir='ltr'>ἀναγκαῖα,</span> <span class='ocrx_word' id='word_1_108' title='bbox 886 1696 1048 1747; x_wconf 82' lang='grc' dir='ltr'>Ὥστε</span> <span class='ocrx_word' id='word_1_109' title='bbox 1088 1694 1146 1746; x_wconf 85' lang='grc' dir='ltr'>σὲ</span> <span class='ocrx_word' id='word_1_110' title='bbox 1192 1693 1285 1746; x_wconf 73' lang='grc' dir='ltr'><strong>καὶ</strong></span> <span class='ocrx_word' id='word_1_111' title='bbox 1318 1694 1444 1757; x_wconf 78' lang='grc' dir='ltr'>τοὺς</span> <span class='ocrx_word' id='word_1_112' title='bbox 1472 1695 1570 1764; x_wconf 73' lang='grc' dir='ltr'>τῆς</span> <span class='ocrx_word' id='word_1_113' title='bbox 1596 1695 1732 1764; x_wconf 78' lang='grc' dir='ltr'>ἡμε-</span> 
     </span>
    </p>
   </div>
   <div class='ocr_carea' id='block_1_18' title="bbox 127 1783 1729 1855">
    <p class='ocr_par' dir='ltr' id='par_1_18' title="bbox 127 1783 1729 1855">
     <span class='ocr_line' id='line_1_18' title="bbox 127 1783 1729 1855; baseline 0.002 -21"><span class='ocrx_word' id='word_1_114' title='bbox 127 1783 337 1851; x_wconf 68' lang='grc' dir='ltr'>τέρας,</span> <span class='ocrx_word' id='word_1_115' title='bbox 370 1783 526 1850; x_wconf 79' lang='grc' dir='ltr'>φασὶ,</span> <span class='ocrx_word' id='word_1_116' title='bbox 563 1784 839 1853; x_wconf 80' lang='grc' dir='ltr'>σωτηρίας</span> <span class='ocrx_word' id='word_1_117' title='bbox 872 1783 1097 1853; x_wconf 82' lang='grc' dir='ltr'>μισθοὺς</span> <span class='ocrx_word' id='word_1_118' title='bbox 1138 1784 1489 1855; x_wconf 83' lang='grc' dir='ltr'>κομίσασθαι,</span> <span class='ocrx_word' id='word_1_119' title='bbox 1533 1785 1619 1838; x_wconf 86' lang='grc' dir='ltr'><strong>ἵνα</strong></span> <span class='ocrx_word' id='word_1_120' title='bbox 1657 1785 1729 1854; x_wconf 81' lang='grc' dir='ltr'><strong>μὴ</strong></span> 
     </span>
    </p>
   </div>
   <div class='ocr_carea' id='block_1_19' title="bbox 128 1874 1732 1947">
    <p class='ocr_par' dir='ltr' id='par_1_19' title="bbox 128 1874 1732 1947">
     <span class='ocr_line' id='line_1_19' title="bbox 128 1874 1732 1947; baseline 0.003 -23"><span class='ocrx_word' id='word_1_121' title='bbox 128 1876 224 1943; x_wconf 76' lang='grc' dir='ltr'>τῷ</span> <span class='ocrx_word' id='word_1_122' title='bbox 262 1874 403 1941; x_wconf 83' lang='grc' dir='ltr'>ἄγαν</span> <span class='ocrx_word' id='word_1_123' title='bbox 434 1874 655 1944; x_wconf 81' lang='grc' dir='ltr'>σκληρῷ</span> <span class='ocrx_word' id='word_1_124' title='bbox 688 1892 745 1927; x_wconf 89' lang='grc' dir='ltr'><strong>τε</strong></span> <span class='ocrx_word' id='word_1_125' title='bbox 778 1878 873 1928; x_wconf 83' lang='grc' dir='ltr'>καὶ</span> <span class='ocrx_word' id='word_1_126' title='bbox 903 1877 1146 1945; x_wconf 81' lang='grc' dir='ltr'>ὲπιπόνῳ</span> <span class='ocrx_word' id='word_1_127' title='bbox 1174 1880 1271 1946; x_wconf 82' lang='grc' dir='ltr'><strong>τῆς</strong></span> <span class='ocrx_word' id='word_1_128' title='bbox 1308 1877 1454 1947; x_wconf 84' lang='grc' dir='ltr'>παρὰ</span> <span class='ocrx_word' id='word_1_129' title='bbox 1480 1878 1561 1929; x_wconf 67' lang='grc' dir='ltr'>σοὶ</span> <span class='ocrx_word' id='word_1_130' title='bbox 1583 1880 1732 1941; x_wconf 85' lang='grc' dir='ltr'>ἀγω-</span> 
     </span>
    </p>
   </div>
   <div class='ocr_carea' id='block_1_20' title="bbox 132 1964 1734 2035">
    <p class='ocr_par' dir='ltr' id='par_1_20' title="bbox 132 1964 1734 2035">
     <span class='ocr_line' id='line_1_20' title="bbox 132 1964 1734 2035; baseline 0.002 -21"><span class='ocrx_word' id='word_1_131' title='bbox 132 1964 257 2030; x_wconf 61' lang='grc' dir='ltr'>γῆς</span> <span class='ocrx_word' id='word_1_132' title='bbox 310 1965 718 2031; x_wconf 78' lang='grc' dir='ltr'>ὲκκακήσαντες</span> <span class='ocrx_word' id='word_1_133' title='bbox 765 1964 974 2017; x_wconf 74' lang='grc' dir='ltr'>ἐνθένδε</span> <span class='ocrx_word' id='word_1_134' title='bbox 1018 1965 1457 2034; x_wconf 82' lang='grc' dir='ltr'>ἀπαναστῶμεν·</span> <span class='ocrx_word' id='word_1_135' title='bbox 1499 1966 1583 2018; x_wconf 75' lang='grc' dir='ltr'><strong>σοὶ</strong></span> <span class='ocrx_word' id='word_1_136' title='bbox 1624 1965 1734 2035; x_wconf 85' lang='grc' dir='ltr'>γὰρ</span> 
     </span>
    </p>
   </div>
   <div class='ocr_carea' id='block_1_21' title="bbox 129 2048 1731 2126">
    <p class='ocr_par' dir='ltr' id='par_1_21' title="bbox 129 2048 1731 2126">
     <span class='ocr_line' id='line_1_21' title="bbox 129 2048 1731 2126; baseline 0.003 -21"><span class='ocrx_word' id='word_1_137' title='bbox 129 2048 295 2113; x_wconf 78' lang='grc' dir='ltr'>οἶδας</span> <span class='ocrx_word' id='word_1_138' title='bbox 325 2054 403 2104; x_wconf 81' lang='grc' dir='ltr'><strong>ὅτι</strong></span> <span class='ocrx_word' id='word_1_139' title='bbox 434 2054 529 2106; x_wconf 80' lang='grc' dir='ltr'><strong>καὶ</strong></span> <span class='ocrx_word' id='word_1_140' title='bbox 556 2053 786 2123; x_wconf 86' lang='grc' dir='ltr'>σώματα</span> <span class='ocrx_word' id='word_1_141' title='bbox 839 2054 934 2107; x_wconf 72' lang='grc' dir='ltr'>καὶ</span> <span class='ocrx_word' id='word_1_142' title='bbox 981 2053 1161 2126; x_wconf 79' lang='grc' dir='ltr'>ψυχὰς</span> <span class='ocrx_word' id='word_1_143' title='bbox 1184 2054 1389 2110; x_wconf 82' lang='grc' dir='ltr'>ἑαυτῶν</span> <span class='ocrx_word' id='word_1_144' title='bbox 1409 2055 1731 2124; x_wconf 84' lang='grc' dir='ltr'>ἁνεθέμεθα.</span> 
     </span>
    </p>
   </div>
   <div class='ocr_carea' id='block_1_22' title="bbox 1828 851 3417 927">
    <p class='ocr_par' dir='ltr' id='par_1_22' title="bbox 1828 851 3417 927">
     <span class='ocr_line' id='line_1_22' title="bbox 1828 851 3417 927; baseline -0.005 -13"><span class='ocrx_word' id='word_1_145' title='bbox 1828 874 1939 914; x_wconf 85' lang='grc' dir='ltr'>ιιοιι</span> <span class='ocrx_word' id='word_1_146' title='bbox 1988 855 2316 927; x_wconf 69' lang='lat' dir='ltr'><strong>adiungam?</strong></span> <span class='ocrx_word' id='word_1_147' title='bbox 2343 855 2463 908; x_wconf 87' lang='lat' dir='ltr'><strong>Non</strong></span> <span class='ocrx_word' id='word_1_148' title='bbox 2508 854 2613 909; x_wconf 84' lang='lat' dir='ltr'><strong>nisi</strong></span> <span class='ocrx_word' id='word_1_149' title='bbox 2643 855 2873 923; x_wconf 78' lang='lat' dir='ltr'><strong>exiguus</strong></span> <span class='ocrx_word' id='word_1_150' title='bbox 2917 851 3253 923; x_wconf 85' lang='lat' dir='ltr'><strong>quandoque</strong></span> <span class='ocrx_word' id='word_1_151' title='bbox 3298 851 3417 907; x_wconf 85' lang='lat' dir='ltr'><strong>fru-</strong></span> 
     </span>
    </p>
   </div>
   <div class='ocr_carea' id='block_1_23' title="bbox 1828 948 3439 1023">
    <p class='ocr_par' dir='ltr' id='par_1_23' title="bbox 1828 948 3439 1023">
     <span class='ocr_line' id='line_1_23' title="bbox 1828 948 3439 1023; baseline -0.006 -17"><span class='ocrx_word' id='word_1_152' title='bbox 1828 952 1999 1007; x_wconf 86' lang='lat' dir='ltr'><strong>menti</strong></span> <span class='ocrx_word' id='word_1_153' title='bbox 2026 965 2291 1005; x_wconf 89' lang='lat' dir='ltr'><strong>numerus</strong></span> <span class='ocrx_word' id='word_1_154' title='bbox 2320 950 2376 1002; x_wconf 90' lang='lat' dir='ltr'><strong>in</strong></span> <span class='ocrx_word' id='word_1_155' title='bbox 2406 949 2610 1003; x_wconf 87' lang='lat' dir='ltr'><strong>horreo</strong></span> <span class='ocrx_word' id='word_1_156' title='bbox 2638 948 2962 1002; x_wconf 79' lang='lat' dir='ltr'><strong>monasterii</strong></span> <span class='ocrx_word' id='word_1_157' title='bbox 3001 948 3249 1016; x_wconf 88' lang='lat' dir='ltr'><strong>reliquus</strong></span> <span class='ocrx_word' id='word_1_158' title='bbox 3274 953 3439 1023; x_wconf 50' lang='lat' dir='ltr'><strong>erat”</strong></span> 
     </span>
    </p>
   </div>
   <div class='ocr_carea' id='block_1_24' title="bbox 1828 1035 3417 1109">
    <p class='ocr_par' dir='ltr' id='par_1_24' title="bbox 1828 1035 3417 1109">
     <span class='ocr_line' id='line_1_24' title="bbox 1828 1035 3417 1109; baseline -0.004 -13"><span class='ocrx_word' id='word_1_159' title='bbox 1828 1058 1953 1097; x_wconf 89' lang='lat' dir='ltr'><strong>cum</strong></span> <span class='ocrx_word' id='word_1_160' title='bbox 2001 1040 2256 1109; x_wconf 82' lang='lat' dir='ltr'><strong>discipuli</strong></span> <span class='ocrx_word' id='word_1_161' title='bbox 2290 1039 2485 1109; x_wconf 88' lang='lat' dir='ltr'><strong>partim</strong></span> <span class='ocrx_word' id='word_1_162' title='bbox 2538 1038 2609 1092; x_wconf 87' lang='lat' dir='ltr'><strong>ob</strong></span> <span class='ocrx_word' id='word_1_163' title='bbox 2658 1037 2945 1107; x_wconf 72' lang='lat' dir='ltr'><strong>prtesentis</strong></span> <span class='ocrx_word' id='word_1_164' title='bbox 2984 1052 3215 1090; x_wconf 79' lang='lat' dir='ltr'><strong>annona:</strong></span> <span class='ocrx_word' id='word_1_165' title='bbox 3276 1035 3417 1089; x_wconf 83' lang='lat' dir='ltr'><strong>cari-</strong></span> 
     </span>
    </p>
   </div>
   <div class='ocr_carea' id='block_1_25' title="bbox 1833 1125 3418 1199">
    <p class='ocr_par' dir='ltr' id='par_1_25' title="bbox 1833 1125 3418 1199">
     <span class='ocr_line' id='line_1_25' title="bbox 1833 1125 3418 1199; baseline -0.008 -9"><span class='ocrx_word' id='word_1_166' title='bbox 1833 1143 1997 1190; x_wconf 80' lang='lat' dir='ltr'><strong>tatem</strong></span> <span class='ocrx_word' id='word_1_167' title='bbox 2052 1132 2236 1197; x_wconf 71' lang='lat' dir='ltr'><strong>anxii,</strong></span> <span class='ocrx_word' id='word_1_168' title='bbox 2289 1130 2489 1199; x_wconf 80' lang='lat' dir='ltr'><strong>partim</strong></span> <span class='ocrx_word' id='word_1_169' title='bbox 2527 1130 2593 1185; x_wconf 89' lang='lat' dir='ltr'><strong>de</strong></span> <span class='ocrx_word' id='word_1_170' title='bbox 2641 1130 2831 1183; x_wconf 81' lang='lat' dir='ltr'><strong>futuro</strong></span> <span class='ocrx_word' id='word_1_171' title='bbox 2892 1128 2992 1197; x_wconf 89' lang='lat' dir='ltr'><strong>(uti</strong></span> <span class='ocrx_word' id='word_1_172' title='bbox 3050 1125 3418 1197; x_wconf 88' lang='lat' dir='ltr'><strong>pusillanimis</strong></span> 
     </span>
    </p>
   </div>
   <div class='ocr_carea' id='block_1_26' title="bbox 1831 1222 3416 1295">
    <p class='ocr_par' dir='ltr' id='par_1_26' title="bbox 1831 1222 3416 1295">
     <span class='ocr_line' id='line_1_26' title="bbox 1831 1222 3416 1295; baseline -0.008 -12"><span class='ocrx_word' id='word_1_173' title='bbox 1831 1229 1970 1286; x_wconf 84' lang='lat' dir='ltr'><strong>solet</strong></span> <span class='ocrx_word' id='word_1_174' title='bbox 2013 1227 2295 1295; x_wconf 85' lang='lat' dir='ltr'><strong>accidere)</strong></span> <span class='ocrx_word' id='word_1_175' title='bbox 2322 1225 2567 1289; x_wconf 77' lang='lat' dir='ltr'><strong>solliciti,</strong></span> <span class='ocrx_word' id='word_1_176' title='bbox 2601 1231 2954 1279; x_wconf 83' lang='lat' dir='ltr'><strong>accesserunt</strong></span> <span class='ocrx_word' id='word_1_177' title='bbox 2988 1222 3055 1275; x_wconf 91' lang='lat' dir='ltr'><strong>ad</strong></span> <span class='ocrx_word' id='word_1_178' title='bbox 3092 1222 3416 1291; x_wconf 85' lang='lat' dir='ltr'><strong>Symeonem</strong></span> 
     </span>
    </p>
   </div>
   <div class='ocr_carea' id='block_1_27' title="bbox 1832 1312 3417 1389">
    <p class='ocr_par' dir='ltr' id='par_1_27' title="bbox 1832 1312 3417 1389">
     <span class='ocr_line' id='line_1_27' title="bbox 1832 1312 3417 1389; baseline -0.006 -15"><span class='ocrx_word' id='word_1_179' title='bbox 1832 1320 1994 1375; x_wconf 87' lang='lat' dir='ltr'><strong>simul</strong></span> <span class='ocrx_word' id='word_1_180' title='bbox 2044 1334 2257 1383; x_wconf 88' lang='lat' dir='ltr'><strong>onmes,</strong></span> <span class='ocrx_word' id='word_1_181' title='bbox 2304 1319 2413 1389; x_wconf 87' lang='lat' dir='ltr'><strong>jam</strong></span> <span class='ocrx_word' id='word_1_182' title='bbox 2466 1325 2706 1387; x_wconf 86' lang='lat' dir='ltr'><strong>quatuor</strong></span> <span class='ocrx_word' id='word_1_183' title='bbox 2759 1321 2816 1368; x_wconf 89' lang='lat' dir='ltr'><strong>et</strong></span> <span class='ocrx_word' id='word_1_184' title='bbox 2880 1312 3103 1382; x_wconf 77' lang='lat' dir='ltr'><strong>triginta</strong></span> <span class='ocrx_word' id='word_1_185' title='bbox 3161 1323 3417 1371; x_wconf 88' lang='lat' dir='ltr'><strong>numero,</strong></span> 
     </span>
    </p>
   </div>
   <div class='ocr_carea' id='block_1_28' title="bbox 1832 1403 3420 1482">
    <p class='ocr_par' dir='ltr' id='par_1_28' title="bbox 1832 1403 3420 1482">
     <span class='ocr_line' id='line_1_28' title="bbox 1832 1403 3420 1482; baseline -0.006 -17"><span class='ocrx_word' id='word_1_186' title='bbox 1832 1427 2067 1482; x_wconf 91' lang='lat' dir='ltr'><strong>quorum</strong></span> <span class='ocrx_word' id='word_1_187' title='bbox 2096 1410 2484 1466; x_wconf 89' lang='lat' dir='ltr'><strong>divcrsimodis</strong></span> <span class='ocrx_word' id='word_1_188' title='bbox 2518 1405 2945 1478; x_wconf 67' lang='lat' dir='ltr'><strong>aegritudinibus</strong></span> <span class='ocrx_word' id='word_1_189' title='bbox 2983 1403 3420 1470; x_wconf 89' lang='lat' dir='ltr'><strong>vulneribusque</strong></span> 
     </span>
    </p>
   </div>
   <div class='ocr_carea' id='block_1_29' title="bbox 1833 1494 3425 1567">
    <p class='ocr_par' dir='ltr' id='par_1_29' title="bbox 1833 1494 3425 1567">
     <span class='ocr_line' id='line_1_29' title="bbox 1833 1494 3425 1567; baseline -0.006 -11"><span class='ocrx_word' id='word_1_190' title='bbox 1833 1502 2141 1556; x_wconf 83' lang='lat' dir='ltr'><strong>medicatus</strong></span> <span class='ocrx_word' id='word_1_191' title='bbox 2188 1501 2281 1555; x_wconf 90' lang='lat' dir='ltr'><strong>ille</strong></span> <span class='ocrx_word' id='word_1_192' title='bbox 2327 1500 2542 1564; x_wconf 88' lang='lat' dir='ltr'><strong>fuerat;</strong></span> <span class='ocrx_word' id='word_1_193' title='bbox 2598 1497 2920 1567; x_wconf 77' lang='lat' dir='ltr'><strong>flagitabant</strong></span> <span class='ocrx_word' id='word_1_194' title='bbox 2966 1504 3149 1549; x_wconf 88' lang='lat' dir='ltr'><strong>autem</strong></span> <span class='ocrx_word' id='word_1_195' title='bbox 3196 1494 3425 1547; x_wconf 80' lang='lat' dir='ltr'><strong>faculta-</strong></span> 
     </span>
    </p>
   </div>
   <div class='ocr_carea' id='block_1_30' title="bbox 1834 1585 3424 1659">
    <p class='ocr_par' dir='ltr' id='par_1_30' title="bbox 1834 1585 3424 1659">
     <span class='ocr_line' id='line_1_30' title="bbox 1834 1585 3424 1659; baseline -0.006 -13"><span class='ocrx_word' id='word_1_196' title='bbox 1834 1601 1943 1648; x_wconf 87' lang='lat' dir='ltr'><strong>tem</strong></span> <span class='ocrx_word' id='word_1_197' title='bbox 1981 1592 2087 1647; x_wconf 83' lang='lat' dir='ltr'><strong>sibi</strong></span> <span class='ocrx_word' id='word_1_198' title='bbox 2126 1590 2243 1645; x_wconf 84' lang='lat' dir='ltr'><strong>ﬁeri</strong></span> <span class='ocrx_word' id='word_1_199' title='bbox 2283 1588 2590 1659; x_wconf 86' lang='lat' dir='ltr'><strong>accipiendi</strong></span> <span class='ocrx_word' id='word_1_200' title='bbox 2619 1588 2732 1653; x_wconf 88' lang='lat' dir='ltr'><strong>illa,</strong></span> <span class='ocrx_word' id='word_1_201' title='bbox 2762 1602 2885 1656; x_wconf 77' lang='lat' dir='ltr'><strong>qua:</strong></span> <span class='ocrx_word' id='word_1_202' title='bbox 2917 1585 3330 1649; x_wconf 65' lang='lat' dir='ltr'><strong>atterebantur;</strong></span> <span class='ocrx_word' id='word_1_203' title='bbox 3363 1591 3424 1637; x_wconf 92' lang='lat' dir='ltr'><strong>ut</strong></span> 
     </span>
    </p>
   </div>
   <div class='ocr_carea' id='block_1_31' title="bbox 1833 1673 3424 1753">
    <p class='ocr_par' dir='ltr' id='par_1_31' title="bbox 1833 1673 3424 1753">
     <span class='ocr_line' id='line_1_31' title="bbox 1833 1673 3424 1753; baseline -0.006 -15"><span class='ocrx_word' id='word_1_204' title='bbox 1833 1684 2101 1739; x_wconf 86' lang='lat' dir='ltr'><strong>haberent</strong></span> <span class='ocrx_word' id='word_1_205' title='bbox 2148 1683 2295 1753; x_wconf 93' lang='lat' dir='ltr'><strong>quod</strong></span> <span class='ocrx_word' id='word_1_206' title='bbox 2341 1680 2601 1751; x_wconf 63' lang='lat' dir='ltr'><strong>praesenti</strong></span> <span class='ocrx_word' id='word_1_207' title='bbox 2631 1688 2687 1733; x_wconf 91' lang='lat' dir='ltr'><strong>et</strong></span> <span class='ocrx_word' id='word_1_208' title='bbox 2721 1679 2921 1733; x_wconf 75' lang='lat' dir='ltr'><strong>futune</strong></span> <span class='ocrx_word' id='word_1_209' title='bbox 2960 1677 3277 1733; x_wconf 85' lang='lat' dir='ltr'><strong>necessitati</strong></span> <span class='ocrx_word' id='word_1_210' title='bbox 3309 1673 3424 1730; x_wconf 85' lang='lat' dir='ltr'><strong>suf-</strong></span> 
     </span>
    </p>
   </div>
   <div class='ocr_carea' id='block_1_32' title="bbox 1835 1764 3425 1841">
    <p class='ocr_par' dir='ltr' id='par_1_32' title="bbox 1835 1764 3425 1841">
     <span class='ocr_line' id='line_1_32' title="bbox 1835 1764 3425 1841; baseline -0.006 -14"><span class='ocrx_word' id='word_1_211' title='bbox 1835 1774 2063 1829; x_wconf 86' lang='lat' dir='ltr'><strong>fleeret:</strong></span> <span class='ocrx_word' id='word_1_212' title='bbox 2100 1773 2170 1828; x_wconf 91' lang='lat' dir='ltr'><strong>Ut</strong></span> <span class='ocrx_word' id='word_1_213' title='bbox 2212 1772 2406 1827; x_wconf 89' lang='lat' dir='ltr'><strong>salutis</strong></span> <span class='ocrx_word' id='word_1_214' title='bbox 2450 1785 2669 1841; x_wconf 88' lang='lat' dir='ltr'><strong>quoque</strong></span> <span class='ocrx_word' id='word_1_215' title='bbox 2715 1779 2921 1824; x_wconf 69' lang='lat' dir='ltr'><strong>nostra:</strong></span> <span class='ocrx_word' id='word_1_216' title='bbox 2953 1768 3285 1831; x_wconf 89' lang='lat' dir='ltr'><strong>mercedem,</strong></span> <span class='ocrx_word' id='word_1_217' title='bbox 3340 1764 3425 1818; x_wconf 90' lang='lat' dir='ltr'><strong>in-</strong></span> 
     </span>
    </p>
   </div>
   <div class='ocr_carea' id='block_1_33' title="bbox 1834 1858 3421 1934">
    <p class='ocr_par' dir='ltr' id='par_1_33' title="bbox 1834 1858 3421 1934">
     <span class='ocr_line' id='line_1_33' title="bbox 1834 1858 3421 1934; baseline -0.005 -16"><span class='ocrx_word' id='word_1_218' title='bbox 1834 1866 2065 1934; x_wconf 90' lang='lat' dir='ltr'><strong>quiunt,</strong></span> <span class='ocrx_word' id='word_1_219' title='bbox 2118 1872 2398 1933; x_wconf 87' lang='lat' dir='ltr'><strong>reportes;</strong></span> <span class='ocrx_word' id='word_1_220' title='bbox 2465 1877 2535 1916; x_wconf 92' lang='lat' dir='ltr'><strong>ne</strong></span> <span class='ocrx_word' id='word_1_221' title='bbox 2586 1861 2817 1915; x_wconf 87' lang='lat' dir='ltr'><strong>nimium</strong></span> <span class='ocrx_word' id='word_1_222' title='bbox 2879 1876 3074 1915; x_wconf 88' lang='lat' dir='ltr'><strong>severo</strong></span> <span class='ocrx_word' id='word_1_223' title='bbox 3115 1858 3421 1914; x_wconf 80' lang='lat' dir='ltr'><strong>laborioso-</strong></span> 
     </span>
    </p>
   </div>
   <div class='ocr_carea' id='block_1_34' title="bbox 1837 1950 3426 2025">
    <p class='ocr_par' dir='ltr' id='par_1_34' title="bbox 1837 1950 3426 2025">
     <span class='ocr_line' id='line_1_34' title="bbox 1837 1950 3426 2025; baseline -0.006 -15"><span class='ocrx_word' id='word_1_224' title='bbox 1837 1972 1944 2025; x_wconf 89' lang='lat' dir='ltr'><strong>que</strong></span> <span class='ocrx_word' id='word_1_225' title='bbox 1965 1954 2111 2025; x_wconf 91' lang='lat' dir='ltr'><strong>apud</strong></span> <span class='ocrx_word' id='word_1_226' title='bbox 2143 1965 2196 2009; x_wconf 89' lang='lat' dir='ltr'><strong>te</strong></span> <span class='ocrx_word' id='word_1_227' title='bbox 2231 1953 2359 2008; x_wconf 67' lang='lat' dir='ltr'><strong>vita:</strong></span> <span class='ocrx_word' id='word_1_228' title='bbox 2383 1952 2639 2008; x_wconf 90' lang='lat' dir='ltr'><strong>instituto</strong></span> <span class='ocrx_word' id='word_1_229' title='bbox 2669 1953 2964 2007; x_wconf 83' lang='lat' dir='ltr'><strong>exanimati</strong></span> <span class='ocrx_word' id='word_1_230' title='bbox 2994 1952 3124 2006; x_wconf 89' lang='lat' dir='ltr'><strong>hinc</strong></span> <span class='ocrx_word' id='word_1_231' title='bbox 3170 1950 3426 2005; x_wconf 85' lang='lat' dir='ltr'><strong>disceda-</strong></span> 
     </span>
    </p>
   </div>
   <div class='ocr_carea' id='block_1_35' title="bbox 1840 2044 3429 2114">
    <p class='ocr_par' dir='ltr' id='par_1_35' title="bbox 1840 2044 3429 2114">
     <span class='ocr_line' id='line_1_35' title="bbox 1840 2044 3429 2114; baseline -0.003 -14"><span class='ocrx_word' id='word_1_232' title='bbox 1840 2062 1999 2101; x_wconf 88' lang='lat' dir='ltr'><strong>mus:</strong></span> <span class='ocrx_word' id='word_1_233' title='bbox 2029 2046 2129 2099; x_wconf 92' lang='lat' dir='ltr'><strong>tibi</strong></span> <span class='ocrx_word' id='word_1_234' title='bbox 2147 2045 2377 2114; x_wconf 85' lang='lat' dir='ltr'><strong>quippe,</strong></span> <span class='ocrx_word' id='word_1_235' title='bbox 2410 2054 2471 2098; x_wconf 91' lang='lat' dir='ltr'><strong>ut</strong></span> <span class='ocrx_word' id='word_1_236' title='bbox 2499 2044 2614 2112; x_wconf 87' lang='lat' dir='ltr'><strong>ipse</strong></span> <span class='ocrx_word' id='word_1_237' title='bbox 2642 2044 2811 2109; x_wconf 89' lang='lat' dir='ltr'><strong>nosti,</strong></span> <span class='ocrx_word' id='word_1_238' title='bbox 2851 2058 3083 2113; x_wconf 87' lang='lat' dir='ltr'><strong>corpora</strong></span> <span class='ocrx_word' id='word_1_239' title='bbox 3132 2044 3344 2112; x_wconf 88' lang='lat' dir='ltr'><strong>pariter</strong></span> <span class='ocrx_word' id='word_1_240' title='bbox 3371 2051 3429 2095; x_wconf 91' lang='lat' dir='ltr'><strong>et</strong></span> 
     </span>
    </p>
   </div>
   <div class='ocr_carea' id='block_1_36' title="bbox 146 2132 1739 2218">
    <p class='ocr_par' dir='ltr' id='par_1_36' title="bbox 146 2144 1737 2218">
     <span class='ocr_line' id='line_1_36' title="bbox 146 2144 1737 2218; baseline 0.002 -21"><span class='ocrx_word' id='word_1_241' title='bbox 146 2144 221 2198; x_wconf 85' lang='lat'><strong>&#39;0</strong></span> <span class='ocrx_word' id='word_1_242' title='bbox 278 2145 335 2197; x_wconf 80' lang='grc' dir='ltr'>δὲ</span> <span class='ocrx_word' id='word_1_243' title='bbox 380 2145 539 2215; x_wconf 81' lang='grc' dir='ltr'>πράῳ</span> <span class='ocrx_word' id='word_1_244' title='bbox 572 2146 649 2215; x_wconf 83' lang='grc' dir='ltr'>τῷ</span> <span class='ocrx_word' id='word_1_245' title='bbox 677 2145 819 2215; x_wconf 79' lang='grc' dir='ltr'>ἤθει,</span> <span class='ocrx_word' id='word_1_246' title='bbox 850 2147 1138 2217; x_wconf 83' lang='grc' dir='ltr'>πραοτέρῳ</span> <span class='ocrx_word' id='word_1_247' title='bbox 1180 2146 1234 2199; x_wconf 82' lang='grc' dir='ltr'>δὲ</span> <span class='ocrx_word' id='word_1_248' title='bbox 1270 2148 1363 2200; x_wconf 77' lang='grc' dir='ltr'><strong>καὶ</strong></span> <span class='ocrx_word' id='word_1_249' title='bbox 1406 2149 1737 2218; x_wconf 76' lang='grc' dir='ltr'>φρονήματι,</span> 
     </span>
    </p>
   </div>
   <div class='ocr_carea' id='block_1_37' title="bbox 1842 2132 3429 2218">
    <p class='ocr_par' dir='ltr' id='par_1_37' title="bbox 1842 2132 3429 2193">
     <span class='ocr_line' id='line_1_37' title="bbox 1842 2132 3429 2193; baseline -0.003 -2"><span class='ocrx_word' id='word_1_250' title='bbox 1842 2138 2054 2193; x_wconf 88' lang='lat' dir='ltr'><strong>animas</strong></span> <span class='ocrx_word' id='word_1_251' title='bbox 2092 2149 2311 2193; x_wconf 90' lang='lat' dir='ltr'><strong>nostras</strong></span> <span class='ocrx_word' id='word_1_252' title='bbox 2356 2138 2757 2193; x_wconf 82' lang='lat' dir='ltr'><strong>commisimus.</strong></span> <span class='ocrx_word' id='word_1_253' title='bbox 2813 2136 3048 2190; x_wconf 89' lang='lat' dir='ltr'><strong>Sanctus</strong></span> <span class='ocrx_word' id='word_1_254' title='bbox 3096 2145 3283 2189; x_wconf 85' lang='lat' dir='ltr'><strong>autem</strong></span> <span class='ocrx_word' id='word_1_255' title='bbox 3334 2132 3429 2189; x_wconf 85' lang='lat' dir='ltr'><strong>be-</strong></span> 
     </span>
    </p>
   </div>
   <div class='ocr_carea' id='block_1_38' title="bbox 136 2235 1741 2308">
    <p class='ocr_par' dir='ltr' id='par_1_38' title="bbox 136 2235 1741 2308">
     <span class='ocr_line' id='line_1_38' title="bbox 136 2235 1741 2308; baseline 0.002 -19"><span class='ocrx_word' id='word_1_256' title='bbox 136 2236 524 2307; x_wconf 79' lang='grc' dir='ltr'>μικροψυχίαν</span> <span class='ocrx_word' id='word_1_257' title='bbox 568 2236 750 2298; x_wconf 75' lang='grc' dir='ltr'>αὐτοῖς</span> <span class='ocrx_word' id='word_1_258' title='bbox 798 2237 983 2306; x_wconf 79' lang='grc' dir='ltr'>ἠρέμα</span> <span class='ocrx_word' id='word_1_259' title='bbox 1028 2238 1456 2308; x_wconf 79' lang='grc' dir='ltr'>προσονειδίσας,</span> <span class='ocrx_word' id='word_1_260' title='bbox 1489 2235 1608 2293; x_wconf 76' lang='grc' dir='ltr'>εἶτα</span> <span class='ocrx_word' id='word_1_261' title='bbox 1646 2241 1741 2292; x_wconf 71' lang='grc' dir='ltr'><strong>καὶ</strong></span> 
     </span>
    </p>
   </div>
   <div class='ocr_carea' id='block_1_39' title="bbox 133 2326 1741 2399">
    <p class='ocr_par' dir='ltr' id='par_1_39' title="bbox 133 2326 1741 2399">
     <span class='ocr_line' id='line_1_39' title="bbox 133 2326 1741 2399; baseline 0.002 -20"><span class='ocrx_word' id='word_1_262' title='bbox 133 2328 229 2390; x_wconf 81' lang='grc' dir='ltr'><strong>είς</strong></span> <span class='ocrx_word' id='word_1_263' title='bbox 256 2328 564 2397; x_wconf 72' lang='grc' dir='ltr'>ὑπόμνησιν</span> <span class='ocrx_word' id='word_1_264' title='bbox 593 2328 751 2398; x_wconf 78' lang='grc' dir='ltr'>ἐνῆγε</span> <span class='ocrx_word' id='word_1_265' title='bbox 779 2329 887 2381; x_wconf 84' lang='grc' dir='ltr'>τῶν</span> <span class='ocrx_word' id='word_1_266' title='bbox 920 2326 1013 2381; x_wconf 84' lang='grc' dir='ltr'><strong>τοῦ</strong></span> <span class='ocrx_word' id='word_1_267' title='bbox 1052 2328 1189 2381; x_wconf 88' lang='grc' dir='ltr'>Θεοῦ</span> <span class='ocrx_word' id='word_1_268' title='bbox 1225 2329 1562 2399; x_wconf 80' lang='grc' dir='ltr'>θαυμασίων,</span> <span class='ocrx_word' id='word_1_269' title='bbox 1594 2332 1741 2393; x_wconf 83' lang='grc' dir='ltr'>ὅπως</span> 
     </span>
    </p>
   </div>
   <div class='ocr_carea' id='block_1_40' title="bbox 137 2417 1741 2488">
    <p class='ocr_par' dir='ltr' id='par_1_40' title="bbox 137 2417 1741 2488">
     <span class='ocr_line' id='line_1_40' title="bbox 137 2417 1741 2488; baseline 0.001 -17"><span class='ocrx_word' id='word_1_270' title='bbox 137 2418 258 2487; x_wconf 79' lang='grc' dir='ltr'>μὲν</span> <span class='ocrx_word' id='word_1_271' title='bbox 290 2419 340 2471; x_wconf 87' lang='grc' dir='ltr'>οἱ</span> <span class='ocrx_word' id='word_1_272' title='bbox 382 2417 475 2471; x_wconf 89' lang='grc' dir='ltr'><strong>τοῦ</strong></span> <span class='ocrx_word' id='word_1_273' title='bbox 503 2417 744 2488; x_wconf 78' lang='grc' dir='ltr'>Χριστοῦ</span> <span class='ocrx_word' id='word_1_274' title='bbox 789 2417 1050 2487; x_wconf 78' lang='grc' dir='ltr'>μαθηταὶ,</span> <span class='ocrx_word' id='word_1_275' title='bbox 1097 2418 1192 2470; x_wconf 88' lang='grc' dir='ltr'><strong>τοῦ</strong></span> <span class='ocrx_word' id='word_1_276' title='bbox 1222 2418 1441 2487; x_wconf 84' lang='grc' dir='ltr'>πρώτου</span> <span class='ocrx_word' id='word_1_277' title='bbox 1476 2421 1741 2488; x_wconf 82' lang='grc' dir='ltr'>Ποιμένος</span> 
     </span>
    </p>
   </div>
   <div class='ocr_carea' id='block_1_41' title="bbox 136 2507 1743 2581">
    <p class='ocr_par' dir='ltr' id='par_1_41' title="bbox 136 2507 1743 2581">
     <span class='ocr_line' id='line_1_41' title="bbox 136 2507 1743 2581; baseline -0.001 -17"><span class='ocrx_word' id='word_1_278' title='bbox 136 2509 248 2564; x_wconf 71' lang='grc' dir='ltr'><strong>καὶ</strong></span> <span class='ocrx_word' id='word_1_279' title='bbox 291 2508 644 2573; x_wconf 75' lang='grc' dir='ltr'>Διδασκαλου,</span> <span class='ocrx_word' id='word_1_280' title='bbox 685 2508 762 2579; x_wconf 79' lang='grc' dir='ltr'>τῷ</span> <span class='ocrx_word' id='word_1_281' title='bbox 808 2508 916 2562; x_wconf 86' lang='grc' dir='ltr'><strong>τῶν</strong></span> <span class='ocrx_word' id='word_1_282' title='bbox 960 2507 1134 2577; x_wconf 73' lang='grc' dir='ltr'>ὄχλων</span> <span class='ocrx_word' id='word_1_283' title='bbox 1167 2510 1361 2581; x_wconf 83' lang='grc' dir='ltr'>πλήθει</span> <span class='ocrx_word' id='word_1_284' title='bbox 1390 2511 1519 2564; x_wconf 63' lang='grc' dir='ltr'><strong>ποτε⁹</strong></span> <span class='ocrx_word' id='word_1_285' title='bbox 1555 2512 1743 2580; x_wconf 84' lang='grc' dir='ltr'>δυσχε-</span> 
     </span>
    </p>
   </div>
   <div class='ocr_carea' id='block_1_42' title="bbox 140 2597 1738 2674">
    <p class='ocr_par' dir='ltr' id='par_1_42' title="bbox 140 2597 1738 2674">
     <span class='ocr_line' id='line_1_42' title="bbox 140 2597 1738 2674; baseline 0 -19"><span class='ocrx_word' id='word_1_286' title='bbox 140 2601 434 2671; x_wconf 70' lang='grc' dir='ltr'>ραίνοντες</span> <span class='ocrx_word' id='word_1_287' title='bbox 464 2597 597 2667; x_wconf 79' lang='grc' dir='ltr'>εἷεν,</span> <span class='ocrx_word' id='word_1_288' title='bbox 629 2600 717 2656; x_wconf 79' lang='grc' dir='ltr'><strong>διά</strong></span> <span class='ocrx_word' id='word_1_289' title='bbox 754 2618 814 2654; x_wconf 87' lang='grc' dir='ltr'><strong>τε</strong></span> <span class='ocrx_word' id='word_1_290' title='bbox 844 2601 943 2671; x_wconf 82' lang='grc' dir='ltr'>τὴν</span> <span class='ocrx_word' id='word_1_291' title='bbox 983 2601 1176 2672; x_wconf 81' lang='grc' dir='ltr'>ἄφιλον</span> <span class='ocrx_word' id='word_1_292' title='bbox 1222 2602 1459 2673; x_wconf 76' lang='grc' dir='ltr'>ἐρημίαν</span> <span class='ocrx_word' id='word_1_293' title='bbox 1502 2604 1738 2674; x_wconf 83' lang='grc' dir='ltr'>ἐκείνην,</span> 
     </span>
    </p>
   </div>
   <div class='ocr_carea' id='block_1_43' title="bbox 140 2690 1742 2764">
    <p class='ocr_par' dir='ltr' id='par_1_43' title="bbox 140 2690 1742 2764">
     <span class='ocr_line' id='line_1_43' title="bbox 140 2690 1742 2764; baseline 0.001 -19"><span class='ocrx_word' id='word_1_294' title='bbox 140 2694 249 2745; x_wconf 70' lang='grc' dir='ltr'><strong>καὶ</strong></span> <span class='ocrx_word' id='word_1_295' title='bbox 276 2692 373 2761; x_wconf 74' lang='grc' dir='ltr'>τὴν</span> <span class='ocrx_word' id='word_1_296' title='bbox 409 2692 517 2745; x_wconf 82' lang='grc' dir='ltr'>τῶν</span> <span class='ocrx_word' id='word_1_297' title='bbox 550 2692 732 2762; x_wconf 87' lang='grc' dir='ltr'>ἄρτων</span> <span class='ocrx_word' id='word_1_298' title='bbox 763 2690 973 2745; x_wconf 78' lang='grc' dir='ltr'>ἔνδειαν</span> <span class='ocrx_word' id='word_1_299' title='bbox 1000 2710 1012 2723; x_wconf 91' lang='grc'><strong>·</strong></span> <span class='ocrx_word' id='word_1_300' title='bbox 1050 2695 1198 2757; x_wconf 76' lang='grc' dir='ltr'>ὅπως</span> <span class='ocrx_word' id='word_1_301' title='bbox 1252 2695 1308 2747; x_wconf 83' lang='grc' dir='ltr'>δὲ</span> <span class='ocrx_word' id='word_1_302' title='bbox 1357 2694 1519 2748; x_wconf 85' lang='grc' dir='ltr'>πέντε</span> <span class='ocrx_word' id='word_1_303' title='bbox 1556 2694 1742 2764; x_wconf 80' lang='grc' dir='ltr'>ἄρτοις</span> 
     </span>
    </p>
   </div>
   <div class='ocr_carea' id='block_1_44' title="bbox 140 2783 1743 2857">
    <p class='ocr_par' dir='ltr' id='par_1_44' title="bbox 140 2783 1743 2857">
     <span class='ocr_line' id='line_1_44' title="bbox 140 2783 1743 2857; baseline 0.001 -21"><span class='ocrx_word' id='word_1_304' title='bbox 140 2783 317 2846; x_wconf 78' lang='grc' dir='ltr'>αὐτὸς</span> <span class='ocrx_word' id='word_1_305' title='bbox 342 2783 623 2854; x_wconf 83' lang='grc' dir='ltr'>χορτάσειε</span> <span class='ocrx_word' id='word_1_306' title='bbox 662 2786 1130 2857; x_wconf 80' lang='grc' dir='ltr'>πεντακισχιλίους</span> <span class='ocrx_word' id='word_1_307' title='bbox 1160 2785 1377 2855; x_wconf 85' lang='grc' dir='ltr'>ἄνδρας,</span> <span class='ocrx_word' id='word_1_308' title='bbox 1403 2785 1482 2838; x_wconf 79' lang='grc' dir='ltr'>ἔτι</span> <span class='ocrx_word' id='word_1_309' title='bbox 1517 2786 1610 2838; x_wconf 79' lang='grc' dir='ltr'>καὶ</span> <span class='ocrx_word' id='word_1_310' title='bbox 1638 2783 1743 2837; x_wconf 87' lang='grc' dir='ltr'>δώ-</span> 
     </span>
    </p>
   </div>
   <div class='ocr_carea' id='block_1_45' title="bbox 138 2874 1743 2947">
    <p class='ocr_par' dir='ltr' id='par_1_45' title="bbox 138 2874 1743 2947">
     <span class='ocr_line' id='line_1_45' title="bbox 138 2874 1743 2947; baseline -0.001 -20"><span class='ocrx_word' id='word_1_311' title='bbox 138 2876 290 2929; x_wconf 81' lang='grc' dir='ltr'>δεκα</span> <span class='ocrx_word' id='word_1_312' title='bbox 333 2874 586 2943; x_wconf 73' lang='grc' dir='ltr'>κοφίνους</span> <span class='ocrx_word' id='word_1_313' title='bbox 631 2876 836 2939; x_wconf 86' lang='grc' dir='ltr'>αὐτοῖς,</span> <span class='ocrx_word' id='word_1_314' title='bbox 870 2877 937 2929; x_wconf 84' lang='grc' dir='ltr'>τὰ</span> <span class='ocrx_word' id='word_1_315' title='bbox 975 2876 1391 2947; x_wconf 77' lang='grc' dir='ltr'>περισσεύματα</span> <span class='ocrx_word' id='word_1_316' title='bbox 1412 2874 1522 2928; x_wconf 84' lang='grc' dir='ltr'><strong>τῶν</strong></span> <span class='ocrx_word' id='word_1_317' title='bbox 1562 2875 1743 2945; x_wconf 87' lang='grc' dir='ltr'>ἄρτων</span> 
     </span>
    </p>
   </div>
   <div class='ocr_carea' id='block_1_46' title="bbox 143 2964 1741 3035">
    <p class='ocr_par' dir='ltr' id='par_1_46' title="bbox 143 2964 1741 3035">
     <span class='ocr_line' id='line_1_46' title="bbox 143 2964 1741 3035; baseline -0.001 -18"><span class='ocrx_word' id='word_1_318' title='bbox 143 2964 591 3034; x_wconf 74' lang='grc' dir='ltr'>ὑπολιπόμενοςσ</span> <span class='ocrx_word' id='word_1_319' title='bbox 626 2966 775 3029; x_wconf 79' lang='grc' dir='ltr'>ὅπως</span> <span class='ocrx_word' id='word_1_320' title='bbox 808 2966 865 3019; x_wconf 85' lang='grc' dir='ltr'>δὲ</span> <span class='ocrx_word' id='word_1_321' title='bbox 899 2966 1062 3020; x_wconf 85' lang='grc' dir='ltr'>πάλιν</span> <span class='ocrx_word' id='word_1_322' title='bbox 1104 2966 1290 3035; x_wconf 84' lang='grc' dir='ltr'>ἄρτοις</span> <span class='ocrx_word' id='word_1_323' title='bbox 1330 2964 1467 3017; x_wconf 79' lang='grc' dir='ltr'>ἑπτὰ</span> <span class='ocrx_word' id='word_1_324' title='bbox 1494 2965 1741 3035; x_wconf 85' lang='grc' dir='ltr'>κορέσειε</span> 
     </span>
    </p>
   </div>
   <div class='ocr_carea' id='block_1_47' title="bbox 139 3055 1744 3128">
    <p class='ocr_par' dir='ltr' id='par_1_47' title="bbox 139 3055 1744 3128">
     <span class='ocr_line' id='line_1_47' title="bbox 139 3055 1744 3128; baseline -0.002 -18"><span class='ocrx_word' id='word_1_325' title='bbox 139 3056 647 3128; x_wconf 80' lang='grc' dir='ltr'>τετρακισχιλίους,</span> <span class='ocrx_word' id='word_1_326' title='bbox 720 3056 850 3111; x_wconf 83' lang='grc' dir='ltr'>ἄνευ</span> <span class='ocrx_word' id='word_1_327' title='bbox 898 3056 1173 3127; x_wconf 79' lang='grc' dir='ltr'>γυναικῶν</span> <span class='ocrx_word' id='word_1_328' title='bbox 1216 3058 1307 3109; x_wconf 76' lang='grc' dir='ltr'>καὶ</span> <span class='ocrx_word' id='word_1_329' title='bbox 1343 3055 1590 3109; x_wconf 86' lang='grc' dir='ltr'>παιδίων.</span> <span class='ocrx_word' id='word_1_330' title='bbox 1635 3055 1744 3107; x_wconf 78' lang='grc' dir='ltr'><strong>Καὶ</strong></span> 
     </span>
    </p>
   </div>
   <div class='ocr_carea' id='block_1_48' title="bbox 143 3145 1743 3219">
    <p class='ocr_par' dir='ltr' id='par_1_48' title="bbox 143 3145 1743 3219">
     <span class='ocr_line' id='line_1_48' title="bbox 143 3145 1743 3219; baseline -0.003 -17"><span class='ocrx_word' id='word_1_331' title='bbox 143 3148 349 3219; x_wconf 17' lang='grc' dir='ltr'>νῦννσὺ</span> <span class='ocrx_word' id='word_1_332' title='bbox 394 3145 443 3201; x_wconf 81' lang='grc' dir='ltr'><strong>εί</strong></span> <span class='ocrx_word' id='word_1_333' title='bbox 493 3148 679 3213; x_wconf 83' lang='grc' dir='ltr'>αὐτὸς,</span> <span class='ocrx_word' id='word_1_334' title='bbox 726 3149 880 3219; x_wconf 82' lang='grc' dir='ltr'>φησὶ,</span> <span class='ocrx_word' id='word_1_335' title='bbox 922 3151 951 3201; x_wconf 98' lang='lat'><strong>6</strong></span> <span class='ocrx_word' id='word_1_336' title='bbox 997 3147 1263 3210; x_wconf 86' lang='grc' dir='ltr'>Βασιλεύς</span> <span class='ocrx_word' id='word_1_337' title='bbox 1305 3164 1405 3217; x_wconf 90' lang='grc' dir='ltr'><strong>μου</strong></span> <span class='ocrx_word' id='word_1_338' title='bbox 1431 3146 1526 3199; x_wconf 76' lang='grc' dir='ltr'><strong>καὶ</strong></span> <span class='ocrx_word' id='word_1_339' title='bbox 1558 3147 1585 3198; x_wconf 90' lang='lat'><strong>6</strong></span> <span class='ocrx_word' id='word_1_340' title='bbox 1611 3145 1743 3208; x_wconf 86' lang='grc' dir='ltr'>Θεός</span> 
     </span>
    </p>
   </div>
   <div class='ocr_carea' id='block_1_49' title="bbox 147 3218 1739 3309">
    <p class='ocr_par' dir='ltr' id='par_1_49' title="bbox 147 3218 1739 3309">
     <span class='ocr_line' id='line_1_49' title="bbox 147 3218 1739 3309; baseline -0.003 -18"><span class='ocrx_word' id='word_1_341' title='bbox 147 3218 285 3308; x_wconf 43' lang='grc' dir='ltr'>μου,</span> <span class='ocrx_word' id='word_1_342' title='bbox 316 3237 373 3300; x_wconf 81' lang='grc' dir='ltr'>ὃς</span> <span class='ocrx_word' id='word_1_343' title='bbox 408 3238 721 3293; x_wconf 81' lang='grc' dir='ltr'>ἐπιϐλέπων</span> <span class='ocrx_word' id='word_1_344' title='bbox 750 3218 846 3291; x_wconf 67' lang='grc' dir='ltr'>ἐπὶ</span> <span class='ocrx_word' id='word_1_345' title='bbox 867 3239 967 3309; x_wconf 84' lang='grc' dir='ltr'>τὴν</span> <span class='ocrx_word' id='word_1_346' title='bbox 1002 3239 1282 3309; x_wconf 79' lang='grc' dir='ltr'>ὑπομονὴν</span> <span class='ocrx_word' id='word_1_347' title='bbox 1313 3236 1494 3307; x_wconf 82' lang='grc' dir='ltr'>ήμῶν,</span> <span class='ocrx_word' id='word_1_348' title='bbox 1522 3234 1739 3289; x_wconf 75' lang='grc' dir='ltr'>ἐπιϐλέ-</span> 
     </span>
    </p>
   </div>
   <div class='ocr_carea' id='block_1_50' title="bbox 144 3329 1745 3402">
    <p class='ocr_par' dir='ltr' id='par_1_50' title="bbox 144 3329 1745 3402">
     <span class='ocr_line' id='line_1_50' title="bbox 144 3329 1745 3402; baseline -0.001 -20"><span class='ocrx_word' id='word_1_349' title='bbox 144 3331 281 3398; x_wconf 61' lang='grc' dir='ltr'>ςρεις</span> <span class='ocrx_word' id='word_1_350' title='bbox 304 3331 400 3382; x_wconf 74' lang='grc' dir='ltr'><strong>καὶ</strong></span> <span class='ocrx_word' id='word_1_351' title='bbox 429 3332 489 3383; x_wconf 84' lang='grc' dir='ltr'><strong>οὐ</strong></span> <span class='ocrx_word' id='word_1_352' title='bbox 517 3332 773 3401; x_wconf 64' lang='grc' dir='ltr'>παρόψει.</span> <span class='ocrx_word' id='word_1_353' title='bbox 806 3331 879 3383; x_wconf 79' lang='grc' dir='ltr'>Σὺ</span> <span class='ocrx_word' id='word_1_354' title='bbox 907 3332 1016 3402; x_wconf 79' lang='grc' dir='ltr'>γὰρ</span> <span class='ocrx_word' id='word_1_355' title='bbox 1044 3332 1130 3384; x_wconf 77' lang='grc' dir='ltr'>διὰ</span> <span class='ocrx_word' id='word_1_356' title='bbox 1153 3332 1250 3401; x_wconf 84' lang='grc' dir='ltr'>τῆς</span> <span class='ocrx_word' id='word_1_357' title='bbox 1277 3332 1371 3384; x_wconf 90' lang='grc' dir='ltr'><strong>τοῦ</strong></span> <span class='ocrx_word' id='word_1_358' title='bbox 1400 3329 1495 3383; x_wconf 91' lang='grc' dir='ltr'><strong>σοῦ</strong></span> <span class='ocrx_word' id='word_1_359' title='bbox 1528 3329 1745 3397; x_wconf 84' lang='grc' dir='ltr'>Προφή-</span> 
     </span>
    </p>
   </div>
   <div class='ocr_carea' id='block_1_51' title="bbox 146 3420 1739 3493">
    <p class='ocr_par' dir='ltr' id='par_1_51' title="bbox 146 3420 1739 3493">
     <span class='ocr_line' id='line_1_51' title="bbox 146 3420 1739 3493; baseline 0 -18"><span class='ocrx_word' id='word_1_360' title='bbox 146 3438 252 3475; x_wconf 86' lang='grc' dir='ltr'><strong>του</strong></span> <span class='ocrx_word' id='word_1_361' title='bbox 299 3423 569 3485; x_wconf 71' lang='grc' dir='ltr'>διδάσκεις</span> <span class='ocrx_word' id='word_1_362' title='bbox 610 3440 675 3493; x_wconf 83' lang='grc' dir='ltr'><strong>με</strong></span> <span class='ocrx_word' id='word_1_363' title='bbox 713 3423 989 3493; x_wconf 79' lang='grc' dir='ltr'>γλώττης,</span> <span class='ocrx_word' id='word_1_364' title='bbox 1046 3426 1167 3477; x_wconf 82' lang='grc' dir='ltr'><strong>Οὐκ</strong></span> <span class='ocrx_word' id='word_1_365' title='bbox 1214 3423 1386 3477; x_wconf 81' lang='grc' dir='ltr'>ἔστιν</span> <span class='ocrx_word' id='word_1_366' title='bbox 1408 3420 1739 3489; x_wconf 80' lang='grc' dir='ltr'>ὑστέρημα,</span> 
     </span>
    </p>
   </div>
   <div class='ocr_carea' id='block_1_52' title="bbox 146 3510 1739 3583">
    <p class='ocr_par' dir='ltr' id='par_1_52' title="bbox 146 3510 1739 3583">
     <span class='ocr_line' id='line_1_52' title="bbox 146 3510 1739 3583; baseline 0.004 -18"><span class='ocrx_word' id='word_1_367' title='bbox 146 3513 444 3583; x_wconf 78' lang='grc' dir='ltr'>λεγούσης,</span> <span class='ocrx_word' id='word_1_368' title='bbox 491 3513 614 3580; x_wconf 82' lang='grc' dir='ltr'>τοῖς</span> <span class='ocrx_word' id='word_1_369' title='bbox 668 3514 1065 3582; x_wconf 75' lang='grc' dir='ltr'>φοϐουμένοις</span> <span class='ocrx_word' id='word_1_370' title='bbox 1117 3529 1210 3578; x_wconf 82' lang='grc' dir='ltr'><strong>σε,</strong></span> <span class='ocrx_word' id='word_1_371' title='bbox 1254 3514 1349 3566; x_wconf 82' lang='grc' dir='ltr'><strong>καί</strong></span> <span class='ocrx_word' id='word_1_372' title='bbox 1396 3514 1535 3578; x_wconf 85' lang='grc' dir='ltr'>τοὺς</span> <span class='ocrx_word' id='word_1_373' title='bbox 1570 3510 1739 3578; x_wconf 72' lang='grc' dir='ltr'><strong>ἐκζη-</strong></span> 
     </span>
    </p>
   </div>
   <div class='ocr_carea' id='block_1_53' title="bbox 147 3602 1743 3675">
    <p class='ocr_par' dir='ltr' id='par_1_53' title="bbox 147 3602 1743 3675">
     <span class='ocr_line' id='line_1_53' title="bbox 147 3602 1743 3675; baseline -0.003 -16"><span class='ocrx_word' id='word_1_374' title='bbox 147 3608 414 3671; x_wconf 80' lang='grc' dir='ltr'>τοῦντιὶς</span> <span class='ocrx_word' id='word_1_375' title='bbox 465 3623 540 3661; x_wconf 84' lang='grc' dir='ltr'><strong>σε</strong></span> <span class='ocrx_word' id='word_1_376' title='bbox 588 3608 878 3675; x_wconf 77' lang='grc' dir='ltr'>μηδαμῶς</span> <span class='ocrx_word' id='word_1_377' title='bbox 941 3606 1467 3672; x_wconf 74' lang='grc' dir='ltr'>ἐλαττωθήσεσθαι</span> <span class='ocrx_word' id='word_1_378' title='bbox 1519 3602 1743 3669; x_wconf 80' lang='grc' dir='ltr'>παντὸς</span> 
     </span>
    </p>
   </div>
   <div class='ocr_carea' id='block_1_54' title="bbox 149 3691 1739 3766">
    <p class='ocr_par' dir='ltr' id='par_1_54' title="bbox 149 3691 1739 3766">
     <span class='ocr_line' id='line_1_54' title="bbox 149 3691 1739 3766; baseline -0.003 -17"><span class='ocrx_word' id='word_1_379' title='bbox 149 3696 405 3765; x_wconf 74' lang='grc' dir='ltr'>ἀγαθοῦ.</span> <span class='ocrx_word' id='word_1_380' title='bbox 431 3697 493 3747; x_wconf 82' lang='grc' dir='ltr'><strong>Εἰ</strong></span> <span class='ocrx_word' id='word_1_381' title='bbox 531 3695 585 3747; x_wconf 77' lang='grc' dir='ltr'>δὲ</span> <span class='ocrx_word' id='word_1_382' title='bbox 621 3695 694 3766; x_wconf 80' lang='grc' dir='ltr'>μὴ</span> <span class='ocrx_word' id='word_1_383' title='bbox 722 3696 891 3765; x_wconf 79' lang='grc' dir='ltr'>ταύτῃ</span> <span class='ocrx_word' id='word_1_384' title='bbox 920 3695 1066 3747; x_wconf 84' lang='grc' dir='ltr'>δοκεῖ</span> <span class='ocrx_word' id='word_1_385' title='bbox 1110 3697 1200 3748; x_wconf 77' lang='grc' dir='ltr'>καὶ</span> <span class='ocrx_word' id='word_1_386' title='bbox 1232 3697 1363 3764; x_wconf 76' lang='grc' dir='ltr'>ἡμῖν</span> <span class='ocrx_word' id='word_1_387' title='bbox 1401 3694 1494 3766; x_wconf 84' lang='lat' dir='ltr'><strong>[an</strong></span> <span class='ocrx_word' id='word_1_388' title='bbox 1527 3695 1655 3763; x_wconf 85' lang='grc' dir='ltr'>ὑμῖν</span> <span class='ocrx_word' id='word_1_389' title='bbox 1674 3691 1739 3763; x_wconf 87' lang='lat'><strong>?],</strong></span> 
     </span>
    </p>
   </div>
   <div class='ocr_carea' id='block_1_55' title="bbox 152 3780 1775 3856">
    <p class='ocr_par' dir='ltr' id='par_1_55' title="bbox 152 3780 1775 3856">
     <span class='ocr_line' id='line_1_55' title="bbox 152 3780 1775 3856; baseline -0.001 -19"><span class='ocrx_word' id='word_1_390' title='bbox 152 3784 545 3855; x_wconf 73' lang='grc' dir='ltr'>σπαράττομαι</span> <span class='ocrx_word' id='word_1_391' title='bbox 581 3786 677 3855; x_wconf 85' lang='grc' dir='ltr'>μὲν</span> <span class='ocrx_word' id='word_1_392' title='bbox 717 3786 817 3838; x_wconf 79' lang='grc' dir='ltr'>ὅσα</span> <span class='ocrx_word' id='word_1_393' title='bbox 846 3785 941 3838; x_wconf 77' lang='grc' dir='ltr'><strong>καὶ</strong></span> <span class='ocrx_word' id='word_1_394' title='bbox 974 3785 1157 3855; x_wconf 81' lang='grc' dir='ltr'>πατὴρ</span> <span class='ocrx_word' id='word_1_395' title='bbox 1189 3786 1258 3838; x_wconf 80' lang='grc' dir='ltr'>τὰ</span> <span class='ocrx_word' id='word_1_396' title='bbox 1294 3786 1597 3856; x_wconf 84' lang='grc' dir='ltr'>σπλάγχνα,</span> <span class='ocrx_word' id='word_1_397' title='bbox 1633 3780 1775 3837; x_wconf 75' lang='grc' dir='ltr'>ὤσ-ί’</span> 
     </span>
    </p>
   </div>
   <div class='ocr_carea' id='block_1_56' title="bbox 151 3876 1743 3947">
    <p class='ocr_par' dir='ltr' id='par_1_56' title="bbox 151 3876 1743 3947">
     <span class='ocr_line' id='line_1_56' title="bbox 151 3876 1743 3947; baseline 0.001 -19"><span class='ocrx_word' id='word_1_398' title='bbox 151 3893 269 3946; x_wconf 83' lang='grc' dir='ltr'><strong>περ</strong></span> <span class='ocrx_word' id='word_1_399' title='bbox 286 3876 451 3939; x_wconf 73' lang='grc' dir='ltr'>εἰκὸς,</span> <span class='ocrx_word' id='word_1_400' title='bbox 475 3877 568 3928; x_wconf 85' lang='grc' dir='ltr'><strong>καί</strong></span> <span class='ocrx_word' id='word_1_401' title='bbox 588 3877 709 3930; x_wconf 85' lang='grc' dir='ltr'>λίαν</span> <span class='ocrx_word' id='word_1_402' title='bbox 730 3876 879 3944; x_wconf 84' lang='grc' dir='ltr'>ἀλγῶ</span> <span class='ocrx_word' id='word_1_403' title='bbox 900 3878 997 3947; x_wconf 74' lang='grc' dir='ltr'><strong>τὴν</strong></span> <span class='ocrx_word' id='word_1_404' title='bbox 1018 3877 1307 3941; x_wconf 74' lang='grc' dir='ltr'>διάζευξιν.</span> <span class='ocrx_word' id='word_1_405' title='bbox 1328 3878 1513 3945; x_wconf 87' lang='grc' dir='ltr'>Ὅμως</span> <span class='ocrx_word' id='word_1_406' title='bbox 1537 3879 1743 3930; x_wconf 77' lang='grc' dir='ltr'>ἀνεῖται</span> 
     </span>
    </p>
   </div>
   <div class='ocr_carea' id='block_1_57' title="bbox 152 3962 1747 4038">
    <p class='ocr_par' dir='ltr' id='par_1_57' title="bbox 152 3962 1747 4038">
     <span class='ocr_line' id='line_1_57' title="bbox 152 3962 1747 4038; baseline 0 -19"><span class='ocrx_word' id='word_1_407' title='bbox 152 3969 315 4022; x_wconf 81' lang='grc' dir='ltr'>πᾶσα</span> <span class='ocrx_word' id='word_1_408' title='bbox 339 3968 465 4036; x_wconf 84' lang='grc' dir='ltr'>ὑμῖν</span> <span class='ocrx_word' id='word_1_409' title='bbox 492 3967 629 4030; x_wconf 75' lang='grc' dir='ltr'>ὁδὸς,</span> <span class='ocrx_word' id='word_1_410' title='bbox 656 3962 700 4021; x_wconf 81' lang='grc' dir='ltr'><strong>ὦ</strong></span> <span class='ocrx_word' id='word_1_411' title='bbox 723 3968 885 4021; x_wconf 81' lang='grc' dir='ltr'>τέκνα</span> <span class='ocrx_word' id='word_1_412' title='bbox 910 3971 1002 4021; x_wconf 66' lang='grc' dir='ltr'>καὶ</span> <span class='ocrx_word' id='word_1_413' title='bbox 1027 3968 1243 4037; x_wconf 79' lang='grc' dir='ltr'>ἀδελφοί</span> <span class='ocrx_word' id='word_1_414' title='bbox 1260 3986 1272 3999; x_wconf 73' lang='grc' dir='ltr'><strong><em>ο</em></strong></span> <span class='ocrx_word' id='word_1_415' title='bbox 1304 3969 1600 4038; x_wconf 83' lang='grc' dir='ltr'>πορευτέον</span> <span class='ocrx_word' id='word_1_416' title='bbox 1619 3968 1747 4021; x_wconf 76' lang='grc' dir='ltr'>ἑκά-</span> 
     </span>
    </p>
   </div>
   <div class='ocr_carea' id='block_1_58' title="bbox 154 4059 869 4130">
    <p class='ocr_par' dir='ltr' id='par_1_58' title="bbox 154 4059 869 4130">
     <span class='ocr_line' id='line_1_58' title="bbox 154 4059 869 4130; baseline 0.004 -19"><span class='ocrx_word' id='word_1_417' title='bbox 154 4077 275 4130; x_wconf 84' lang='grc' dir='ltr'>στῳ</span> <span class='ocrx_word' id='word_1_418' title='bbox 301 4059 484 4111; x_wconf 80' lang='grc' dir='ltr'>λοιπὸν</span> <span class='ocrx_word' id='word_1_419' title='bbox 513 4061 578 4129; x_wconf 72' lang='grc' dir='ltr'>ἣν</span> <span class='ocrx_word' id='word_1_420' title='bbox 605 4059 869 4128; x_wconf 80' lang='grc' dir='ltr'>βούλοιτο.</span> 
     </span>
    </p>
   </div>
   <div class='ocr_carea' id='block_1_59' title="bbox 233 4151 1740 4223">
    <p class='ocr_par' dir='ltr' id='par_1_59' title="bbox 233 4151 1740 4223">
     <span class='ocr_line' id='line_1_59' title="bbox 233 4151 1740 4223; baseline 0.001 -20"><span class='ocrx_word' id='word_1_421' title='bbox 233 4151 376 4222; x_wconf 65' lang='grc' dir='ltr'>μεθ’.</span> <span class='ocrx_word' id='word_1_422' title='bbox 411 4151 552 4220; x_wconf 81' lang='grc' dir='ltr'>Πρὸς</span> <span class='ocrx_word' id='word_1_423' title='bbox 583 4152 753 4205; x_wconf 84' lang='grc' dir='ltr'>ταῦτα</span> <span class='ocrx_word' id='word_1_424' title='bbox 780 4152 901 4204; x_wconf 79' lang='grc' dir='ltr'>δυσὶ</span> <span class='ocrx_word' id='word_1_425' title='bbox 932 4152 1128 4205; x_wconf 78' lang='grc' dir='ltr'>πάθεσι</span> <span class='ocrx_word' id='word_1_426' title='bbox 1162 4151 1372 4215; x_wconf 78' lang='grc' dir='ltr'>τούτοις</span> <span class='ocrx_word' id='word_1_427' title='bbox 1414 4154 1461 4205; x_wconf 79' lang='lat' dir='ltr'><strong>oi</strong></span> <span class='ocrx_word' id='word_1_428' title='bbox 1496 4151 1740 4223; x_wconf 70' lang='grc' dir='ltr'>μαθηταὶ</span> 
     </span>
    </p>
   </div>
   <div class='ocr_carea' id='block_1_60' title="bbox 154 4241 1742 4312">
    <p class='ocr_par' dir='ltr' id='par_1_60' title="bbox 154 4241 1742 4312">
     <span class='ocr_line' id='line_1_60' title="bbox 154 4241 1742 4312; baseline -0.001 -18"><span class='ocrx_word' id='word_1_429' title='bbox 154 4242 315 4311; x_wconf 76' lang='grc' dir='ltr'>φόϐῳ</span> <span class='ocrx_word' id='word_1_430' title='bbox 350 4242 442 4293; x_wconf 72' lang='grc' dir='ltr'><strong>καὶ</strong></span> <span class='ocrx_word' id='word_1_431' title='bbox 465 4243 608 4312; x_wconf 80' lang='grc' dir='ltr'>χαρᾷ</span> <span class='ocrx_word' id='word_1_432' title='bbox 642 4242 1012 4311; x_wconf 81' lang='grc' dir='ltr'>μερισθέντες,</span> <span class='ocrx_word' id='word_1_433' title='bbox 1041 4244 1102 4293; x_wconf 83' lang='grc' dir='ltr'><strong>τὸ</strong></span> <span class='ocrx_word' id='word_1_434' title='bbox 1132 4243 1229 4310; x_wconf 75' lang='grc' dir='ltr'><strong>μὲν</strong></span> <span class='ocrx_word' id='word_1_435' title='bbox 1281 4241 1370 4295; x_wconf 76' lang='grc' dir='ltr'><strong>διὰ</strong></span> <span class='ocrx_word' id='word_1_436' title='bbox 1414 4242 1514 4312; x_wconf 80' lang='grc' dir='ltr'><strong>τὴν</strong></span> <span class='ocrx_word' id='word_1_437' title='bbox 1563 4241 1742 4294; x_wconf 77' lang='grc' dir='ltr'>ἐπιτί-</span> 
     </span>
    </p>
   </div>
   <div class='ocr_carea' id='block_1_61' title="bbox 156 4331 1744 4402">
    <p class='ocr_par' dir='ltr' id='par_1_61' title="bbox 156 4331 1744 4402">
     <span class='ocr_line' id='line_1_61' title="bbox 156 4331 1744 4402; baseline 0 -18"><span class='ocrx_word' id='word_1_438' title='bbox 156 4349 356 4402; x_wconf 87' lang='grc' dir='ltr'>μησιν,</span> <span class='ocrx_word' id='word_1_439' title='bbox 384 4334 445 4385; x_wconf 75' lang='grc' dir='ltr'><strong>τὸ</strong></span> <span class='ocrx_word' id='word_1_440' title='bbox 469 4333 526 4384; x_wconf 78' lang='grc' dir='ltr'>δὲ</span> <span class='ocrx_word' id='word_1_441' title='bbox 558 4334 651 4384; x_wconf 76' lang='grc' dir='ltr'><strong>καὶ</strong></span> <span class='ocrx_word' id='word_1_442' title='bbox 674 4334 772 4394; x_wconf 76' lang='grc' dir='ltr'>τὰς</span> <span class='ocrx_word' id='word_1_443' title='bbox 806 4331 1179 4401; x_wconf 83' lang='grc' dir='ltr'>χρηστοτέρας</span> <span class='ocrx_word' id='word_1_444' title='bbox 1206 4333 1564 4401; x_wconf 79' lang='grc' dir='ltr'>ἐπαγγελίας,</span> <span class='ocrx_word' id='word_1_445' title='bbox 1589 4332 1744 4384; x_wconf 77' lang='grc' dir='ltr'>αὐτοὶ</span> 
     </span>
    </p>
   </div>
   <div class='ocr_carea' id='block_1_62' title="bbox 157 4422 1744 4495">
    <p class='ocr_par' dir='ltr' id='par_1_62' title="bbox 157 4422 1744 4495">
     <span class='ocr_line' id='line_1_62' title="bbox 157 4422 1744 4495; baseline -0.001 -19"><span class='ocrx_word' id='word_1_446' title='bbox 157 4426 267 4495; x_wconf 83' lang='grc' dir='ltr'><strong>μὲν</strong></span> <span class='ocrx_word' id='word_1_447' title='bbox 317 4425 447 4491; x_wconf 85' lang='grc' dir='ltr'>γόνυ</span> <span class='ocrx_word' id='word_1_448' title='bbox 505 4423 821 4489; x_wconf 87' lang='grc' dir='ltr'>κλίναντες,</span> <span class='ocrx_word' id='word_1_449' title='bbox 884 4422 1127 4476; x_wconf 74' lang='grc' dir='ltr'>αἰτοῦσιν</span> <span class='ocrx_word' id='word_1_450' title='bbox 1182 4424 1342 4486; x_wconf 71' lang='grc' dir='ltr'>εὐθὺς</span> <span class='ocrx_word' id='word_1_451' title='bbox 1394 4425 1744 4494; x_wconf 81' lang='grc' dir='ltr'>συγχώρησιν</span> 
     </span>
    </p>
   </div>
   <div class='ocr_carea' id='block_1_63' title="bbox 154 4516 1747 4586">
    <p class='ocr_par' dir='ltr' id='par_1_63' title="bbox 154 4516 1747 4586">
     <span class='ocr_line' id='line_1_63' title="bbox 154 4516 1747 4586; baseline -0.001 -15"><span class='ocrx_word' id='word_1_452' title='bbox 154 4518 260 4571; x_wconf 76' lang='grc' dir='ltr'>καὶ</span> <span class='ocrx_word' id='word_1_453' title='bbox 292 4516 663 4585; x_wconf 77' lang='grc' dir='ltr'>λαμϐάνουσιν</span> <span class='ocrx_word' id='word_1_454' title='bbox 695 4533 711 4549; x_wconf 88' lang='grc'><strong>·</strong></span> <span class='ocrx_word' id='word_1_455' title='bbox 744 4520 771 4570; x_wconf 91' lang='lat'><strong>6</strong></span> <span class='ocrx_word' id='word_1_456' title='bbox 805 4517 861 4569; x_wconf 80' lang='grc' dir='ltr'>δὲ</span> <span class='ocrx_word' id='word_1_457' title='bbox 892 4517 982 4570; x_wconf 84' lang='grc' dir='ltr'><strong>τὸν</strong></span> <span class='ocrx_word' id='word_1_458' title='bbox 1014 4517 1244 4586; x_wconf 77' lang='grc' dir='ltr'>ἀδελφὸν</span> <span class='ocrx_word' id='word_1_459' title='bbox 1277 4516 1561 4569; x_wconf 82' lang='grc' dir='ltr'>Ἀντώνιον</span> <span class='ocrx_word' id='word_1_460' title='bbox 1586 4516 1747 4570; x_wconf 84' lang='grc' dir='ltr'>καλέ-</span> 
     </span>
    </p>
   </div>
   <div class='ocr_carea' id='block_1_64' title="bbox 156 4601 1741 4679">
    <p class='ocr_par' dir='ltr' id='par_1_64' title="bbox 156 4601 1741 4679">
     <span class='ocr_line' id='line_1_64' title="bbox 156 4601 1741 4679; baseline -0.002 -18"><span class='ocrx_word' id='word_1_461' title='bbox 156 4626 261 4671; x_wconf 88' lang='grc' dir='ltr'><strong>σας</strong></span> <span class='ocrx_word' id='word_1_462' title='bbox 295 4601 469 4679; x_wconf 76' lang='grc' dir='ltr'>(οὗτος</span> <span class='ocrx_word' id='word_1_463' title='bbox 496 4609 605 4678; x_wconf 81' lang='grc' dir='ltr'>γὰρ</span> <span class='ocrx_word' id='word_1_464' title='bbox 626 4604 694 4679; x_wconf 81' lang='grc' dir='ltr'>ἦν</span> <span class='ocrx_word' id='word_1_465' title='bbox 739 4610 768 4661; x_wconf 88' lang='lat'><strong>6</strong></span> <span class='ocrx_word' id='word_1_466' title='bbox 822 4608 914 4660; x_wconf 73' lang='grc' dir='ltr'>ἐπὶ</span> <span class='ocrx_word' id='word_1_467' title='bbox 968 4607 1061 4662; x_wconf 87' lang='grc' dir='ltr'><strong>τοῦ</strong></span> <span class='ocrx_word' id='word_1_468' title='bbox 1123 4608 1348 4671; x_wconf 85' lang='grc' dir='ltr'>σιτῶνος</span> <span class='ocrx_word' id='word_1_469' title='bbox 1384 4608 1741 4677; x_wconf 76' lang='grc' dir='ltr'>τεταγμένος)</span> 
     </span>
    </p>
   </div>
   <div class='ocr_carea' id='block_1_65' title="bbox 156 4693 1743 4768">
    <p class='ocr_par' dir='ltr' id='par_1_65' title="bbox 156 4693 1743 4768">
     <span class='ocr_line' id='line_1_65' title="bbox 156 4693 1743 4768; baseline -0.001 -16"><span class='ocrx_word' id='word_1_470' title='bbox 156 4700 472 4764; x_wconf 74' lang='grc' dir='ltr'>ἐκέλευσεν,</span> <span class='ocrx_word' id='word_1_471' title='bbox 515 4699 569 4751; x_wconf 77' lang='grc' dir='ltr'><strong>εί</strong></span> <span class='ocrx_word' id='word_1_472' title='bbox 597 4699 699 4751; x_wconf 82' lang='grc' dir='ltr'><strong>πού</strong></span> <span class='ocrx_word' id='word_1_473' title='bbox 746 4715 891 4762; x_wconf 76' lang='grc' dir='ltr'>τινες</span> <span class='ocrx_word' id='word_1_474' title='bbox 913 4701 969 4751; x_wconf 79' lang='grc' dir='ltr'>ἐν</span> <span class='ocrx_word' id='word_1_475' title='bbox 999 4700 1149 4768; x_wconf 85' lang='grc' dir='ltr'>αὐτῷ</span> <span class='ocrx_word' id='word_1_476' title='bbox 1177 4701 1365 4753; x_wconf 79' lang='grc' dir='ltr'>κόκκοι</span> <span class='ocrx_word' id='word_1_477' title='bbox 1393 4693 1523 4765; x_wconf 79' lang='grc' dir='ltr'>εἷεν,</span> <span class='ocrx_word' id='word_1_478' title='bbox 1558 4697 1743 4750; x_wconf 76' lang='grc' dir='ltr'>συλλέ-</span> 
     </span>
    </p>
   </div>
   <div class='ocr_carea' id='block_1_66' title="bbox 1841 2225 3431 2300">
    <p class='ocr_par' dir='ltr' id='par_1_66' title="bbox 1841 2225 3431 2300">
     <span class='ocr_line' id='line_1_66' title="bbox 1841 2225 3431 2300; baseline -0.001 -18"><span class='ocrx_word' id='word_1_479' title='bbox 1841 2230 2009 2300; x_wconf 82' lang='lat' dir='ltr'><strong>nigno</strong></span> <span class='ocrx_word' id='word_1_480' title='bbox 2032 2231 2208 2294; x_wconf 88' lang='lat' dir='ltr'><strong>vultu,</strong></span> <span class='ocrx_word' id='word_1_481' title='bbox 2240 2229 2564 2300; x_wconf 81' lang='lat' dir='ltr'><strong>benigniore</strong></span> <span class='ocrx_word' id='word_1_482' title='bbox 2620 2230 2786 2283; x_wconf 89' lang='lat' dir='ltr'><strong>etiam</strong></span> <span class='ocrx_word' id='word_1_483' title='bbox 2834 2228 3041 2293; x_wconf 90' lang='lat' dir='ltr'><strong>animo,</strong></span> <span class='ocrx_word' id='word_1_484' title='bbox 3073 2225 3431 2296; x_wconf 86' lang='lat' dir='ltr'><strong>pusillanimi-</strong></span> 
     </span>
    </p>
   </div>
   <div class='ocr_carea' id='block_1_67' title="bbox 1843 2316 3427 2389">
    <p class='ocr_par' dir='ltr' id='par_1_67' title="bbox 1843 2316 3427 2389">
     <span class='ocr_line' id='line_1_67' title="bbox 1843 2316 3427 2389; baseline -0.003 -16"><span class='ocrx_word' id='word_1_485' title='bbox 1843 2328 2008 2375; x_wconf 85' lang='lat' dir='ltr'><strong>tatem</strong></span> <span class='ocrx_word' id='word_1_486' title='bbox 2071 2320 2205 2389; x_wconf 88' lang='lat' dir='ltr'><strong>ipsis</strong></span> <span class='ocrx_word' id='word_1_487' title='bbox 2260 2320 2523 2389; x_wconf 86' lang='lat' dir='ltr'><strong>paulatim</strong></span> <span class='ocrx_word' id='word_1_488' title='bbox 2575 2318 2939 2388; x_wconf 75' lang='lat' dir='ltr'><strong>eXprobrans,</strong></span> <span class='ocrx_word' id='word_1_489' title='bbox 2980 2318 3047 2372; x_wconf 90' lang='lat' dir='ltr'><strong>ad</strong></span> <span class='ocrx_word' id='word_1_490' title='bbox 3104 2316 3427 2371; x_wconf 82' lang='lat' dir='ltr'><strong>memoriam</strong></span> 
     </span>
    </p>
   </div>
   <div class='ocr_carea' id='block_1_68' title="bbox 1844 2406 3429 2479">
    <p class='ocr_par' dir='ltr' id='par_1_68' title="bbox 1844 2406 3429 2479">
     <span class='ocr_line' id='line_1_68' title="bbox 1844 2406 3429 2479; baseline -0.003 -15"><span class='ocrx_word' id='word_1_491' title='bbox 1844 2410 2119 2465; x_wconf 86' lang='lat' dir='ltr'><strong>revocavit</strong></span> <span class='ocrx_word' id='word_1_492' title='bbox 2146 2410 2421 2463; x_wconf 88' lang='lat' dir='ltr'><strong>mirabilia</strong></span> <span class='ocrx_word' id='word_1_493' title='bbox 2447 2425 2477 2464; x_wconf 92' lang='lat' dir='ltr'><strong>a</strong></span> <span class='ocrx_word' id='word_1_494' title='bbox 2509 2410 2621 2464; x_wconf 89' lang='lat' dir='ltr'><strong>Deo</strong></span> <span class='ocrx_word' id='word_1_495' title='bbox 2643 2409 2885 2479; x_wconf 59' lang='lat' dir='ltr'><strong>praestita</strong></span> <span class='ocrx_word' id='word_1_496' title='bbox 2907 2415 3107 2479; x_wconf 78' lang='lat' dir='ltr'><strong>Opera;</strong></span> <span class='ocrx_word' id='word_1_497' title='bbox 3150 2406 3429 2477; x_wconf 91' lang='lat' dir='ltr'><strong>quomodo</strong></span> 
     </span>
    </p>
   </div>
   <div class='ocr_carea' id='block_1_69' title="bbox 1842 2498 3431 2573">
    <p class='ocr_par' dir='ltr' id='par_1_69' title="bbox 1842 2498 3431 2573">
     <span class='ocr_line' id='line_1_69' title="bbox 1842 2498 3431 2573; baseline -0.003 -17"><span class='ocrx_word' id='word_1_498' title='bbox 1842 2518 2042 2573; x_wconf 88' lang='lat' dir='ltr'><strong>nempe</strong></span> <span class='ocrx_word' id='word_1_499' title='bbox 2067 2502 2327 2571; x_wconf 85' lang='lat' dir='ltr'><strong>discipuli</strong></span> <span class='ocrx_word' id='word_1_500' title='bbox 2352 2500 2580 2567; x_wconf 87' lang='lat' dir='ltr'><strong>Christi,</strong></span> <span class='ocrx_word' id='word_1_501' title='bbox 2610 2502 2776 2571; x_wconf 84' lang='lat' dir='ltr'><strong>primi</strong></span> <span class='ocrx_word' id='word_1_502' title='bbox 2798 2501 3042 2556; x_wconf 87' lang='lat' dir='ltr'><strong>Pastoris</strong></span> <span class='ocrx_word' id='word_1_503' title='bbox 3062 2509 3228 2570; x_wconf 86' lang='lat' dir='ltr'><strong>atque</strong></span> <span class='ocrx_word' id='word_1_504' title='bbox 3260 2498 3431 2570; x_wconf 80' lang='lat' dir='ltr'><strong>Magi-</strong></span> 
     </span>
    </p>
   </div>
   <div class='ocr_carea' id='block_1_70' title="bbox 1844 2590 3432 2662">
    <p class='ocr_par' dir='ltr' id='par_1_70' title="bbox 1844 2590 3432 2662">
     <span class='ocr_line' id='line_1_70' title="bbox 1844 2590 3432 2662; baseline -0.001 -15"><span class='ocrx_word' id='word_1_505' title='bbox 1844 2594 1967 2661; x_wconf 91' lang='lat' dir='ltr'><strong>stri,</strong></span> <span class='ocrx_word' id='word_1_506' title='bbox 2006 2593 2187 2647; x_wconf 87' lang='lat' dir='ltr'><strong>turbis</strong></span> <span class='ocrx_word' id='word_1_507' title='bbox 2218 2591 2517 2661; x_wconf 86' lang='lat' dir='ltr'><strong>aliquando</strong></span> <span class='ocrx_word' id='word_1_508' title='bbox 2547 2592 2915 2661; x_wconf 87' lang='lat' dir='ltr'><strong>sequentibus</strong></span> <span class='ocrx_word' id='word_1_509' title='bbox 2943 2601 3171 2662; x_wconf 85' lang='lat' dir='ltr'><strong>propter</strong></span> <span class='ocrx_word' id='word_1_510' title='bbox 3199 2590 3432 2645; x_wconf 66' lang='lat' dir='ltr'><strong>inania:-</strong></span> 
     </span>
    </p>
   </div>
   <div class='ocr_carea' id='block_1_71' title="bbox 1843 2681 3432 2753">
    <p class='ocr_par' dir='ltr' id='par_1_71' title="bbox 1843 2681 3432 2753">
     <span class='ocr_line' id='line_1_71' title="bbox 1843 2681 3432 2753; baseline -0.001 -17"><span class='ocrx_word' id='word_1_511' title='bbox 1843 2697 1969 2736; x_wconf 89' lang='lat' dir='ltr'><strong>nam</strong></span> <span class='ocrx_word' id='word_1_512' title='bbox 2002 2682 2361 2737; x_wconf 89' lang='lat' dir='ltr'><strong>solitudinem</strong></span> <span class='ocrx_word' id='word_1_513' title='bbox 2387 2698 2705 2752; x_wconf 87' lang='lat' dir='ltr'><strong>panumque</strong></span> <span class='ocrx_word' id='word_1_514' title='bbox 2725 2682 2965 2753; x_wconf 89' lang='lat' dir='ltr'><strong>inopiam</strong></span> <span class='ocrx_word' id='word_1_515' title='bbox 2999 2681 3268 2751; x_wconf 75' lang='lat' dir='ltr'><strong>indignati</strong></span> <span class='ocrx_word' id='word_1_516' title='bbox 3294 2681 3432 2735; x_wconf 76' lang='lat' dir='ltr'><strong>fuis-</strong></span> 
     </span>
    </p>
   </div>
   <div class='ocr_carea' id='block_1_72' title="bbox 1844 2770 3433 2843">
    <p class='ocr_par' dir='ltr' id='par_1_72' title="bbox 1844 2770 3433 2843">
     <span class='ocr_line' id='line_1_72' title="bbox 1844 2770 3433 2843; baseline -0.001 -16"><span class='ocrx_word' id='word_1_517' title='bbox 1844 2783 2005 2827; x_wconf 86' lang='lat' dir='ltr'><strong>sent:</strong></span> <span class='ocrx_word' id='word_1_518' title='bbox 2038 2773 2317 2843; x_wconf 91' lang='lat' dir='ltr'><strong>quomodo</strong></span> <span class='ocrx_word' id='word_1_519' title='bbox 2357 2783 2547 2827; x_wconf 91' lang='lat' dir='ltr'><strong>autem</strong></span> <span class='ocrx_word' id='word_1_520' title='bbox 2595 2772 2853 2828; x_wconf 85' lang='lat' dir='ltr'><strong>Christus</strong></span> <span class='ocrx_word' id='word_1_521' title='bbox 2904 2773 3151 2843; x_wconf 87' lang='lat' dir='ltr'><strong>quinque</strong></span> <span class='ocrx_word' id='word_1_522' title='bbox 3192 2770 3433 2841; x_wconf 83' lang='lat' dir='ltr'><strong>panibus</strong></span> 
     </span>
    </p>
   </div>
   <div class='ocr_carea' id='block_1_73' title="bbox 1844 2864 3432 2936">
    <p class='ocr_par' dir='ltr' id='par_1_73' title="bbox 1844 2864 3432 2936">
     <span class='ocr_line' id='line_1_73' title="bbox 1844 2864 3432 2936; baseline -0.001 -17"><span class='ocrx_word' id='word_1_523' title='bbox 1844 2865 2075 2919; x_wconf 69' lang='lat' dir='ltr'><strong>totidem</strong></span> <span class='ocrx_word' id='word_1_524' title='bbox 2101 2866 2389 2921; x_wconf 85' lang='lat' dir='ltr'><strong>hominum</strong></span> <span class='ocrx_word' id='word_1_525' title='bbox 2415 2868 2587 2921; x_wconf 90' lang='lat' dir='ltr'><strong>millia</strong></span> <span class='ocrx_word' id='word_1_526' title='bbox 2615 2881 2871 2936; x_wconf 87' lang='lat' dir='ltr'><strong>pascens,</strong></span> <span class='ocrx_word' id='word_1_527' title='bbox 2909 2864 3206 2935; x_wconf 87' lang='lat' dir='ltr'><strong>reliquerit</strong></span> <span class='ocrx_word' id='word_1_528' title='bbox 3262 2864 3432 2919; x_wconf 86' lang='lat' dir='ltr'><strong>etiam</strong></span> 
     </span>
    </p>
   </div>
   <div class='ocr_carea' id='block_1_74' title="bbox 1844 2956 3431 3028">
    <p class='ocr_par' dir='ltr' id='par_1_74' title="bbox 1844 2956 3431 3028">
     <span class='ocr_line' id='line_1_74' title="bbox 1844 2956 3431 3028; baseline 0 -18"><span class='ocrx_word' id='word_1_529' title='bbox 1844 2957 2137 3011; x_wconf 89' lang='lat' dir='ltr'><strong>duodecim</strong></span> <span class='ocrx_word' id='word_1_530' title='bbox 2166 2958 2459 3026; x_wconf 86' lang='lat' dir='ltr'><strong>cophinos,</strong></span> <span class='ocrx_word' id='word_1_531' title='bbox 2495 2958 2564 3012; x_wconf 91' lang='lat' dir='ltr'><strong>iis</strong></span> <span class='ocrx_word' id='word_1_532' title='bbox 2592 2974 2713 3028; x_wconf 76' lang='lat' dir='ltr'><strong>quze</strong></span> <span class='ocrx_word' id='word_1_533' title='bbox 2749 2958 3138 3013; x_wconf 85' lang='lat' dir='ltr'><strong>redundabant</strong></span> <span class='ocrx_word' id='word_1_534' title='bbox 3172 2956 3431 3027; x_wconf 75' lang='lat' dir='ltr'><strong>oppletis;</strong></span> 
     </span>
    </p>
   </div>
   <div class='ocr_carea' id='block_1_75' title="bbox 1842 3046 3431 3118">
    <p class='ocr_par' dir='ltr' id='par_1_75' title="bbox 1842 3046 3431 3118">
     <span class='ocr_line' id='line_1_75' title="bbox 1842 3046 3431 3118; baseline -0.002 -16"><span class='ocrx_word' id='word_1_535' title='bbox 1842 3056 1900 3102; x_wconf 92' lang='lat' dir='ltr'><strong>et</strong></span> <span class='ocrx_word' id='word_1_536' title='bbox 1922 3049 2203 3116; x_wconf 89' lang='lat' dir='ltr'><strong>quomodo</strong></span> <span class='ocrx_word' id='word_1_537' title='bbox 2228 3062 2423 3102; x_wconf 83' lang='lat' dir='ltr'><strong>rursus</strong></span> <span class='ocrx_word' id='word_1_538' title='bbox 2440 3058 2659 3117; x_wconf 90' lang='lat' dir='ltr'><strong>septem</strong></span> <span class='ocrx_word' id='word_1_539' title='bbox 2693 3049 2932 3118; x_wconf 80' lang='lat' dir='ltr'><strong>panibus</strong></span> <span class='ocrx_word' id='word_1_540' title='bbox 2958 3056 3195 3117; x_wconf 89' lang='lat' dir='ltr'><strong>quatuor</strong></span> <span class='ocrx_word' id='word_1_541' title='bbox 3236 3046 3431 3111; x_wconf 85' lang='lat' dir='ltr'><strong>millia,</strong></span> 
     </span>
    </p>
   </div>
   <div class='ocr_carea' id='block_1_76' title="bbox 1843 3138 3433 3210">
    <p class='ocr_par' dir='ltr' id='par_1_76' title="bbox 1843 3138 3433 3210">
     <span class='ocr_line' id='line_1_76' title="bbox 1843 3138 3433 3210; baseline -0.001 -17"><span class='ocrx_word' id='word_1_542' title='bbox 1843 3140 2087 3208; x_wconf 79' lang='lat' dir='ltr'><strong>exceptis</strong></span> <span class='ocrx_word' id='word_1_543' title='bbox 2128 3139 2353 3193; x_wconf 82' lang='lat' dir='ltr'><strong>feminis</strong></span> <span class='ocrx_word' id='word_1_544' title='bbox 2380 3142 2705 3210; x_wconf 84' lang='lat' dir='ltr'><strong>puerisque,</strong></span> <span class='ocrx_word' id='word_1_545' title='bbox 2763 3147 3087 3194; x_wconf 86' lang='lat' dir='ltr'><strong>saturasset.</strong></span> <span class='ocrx_word' id='word_1_546' title='bbox 3146 3138 3286 3193; x_wconf 91' lang='lat' dir='ltr'><strong>Tum</strong></span> <span class='ocrx_word' id='word_1_547' title='bbox 3343 3138 3433 3192; x_wconf 77' lang='lat' dir='ltr'><strong>in—</strong></span> 
     </span>
    </p>
   </div>
   <div class='ocr_carea' id='block_1_77' title="bbox 1844 3228 3431 3300">
    <p class='ocr_par' dir='ltr' id='par_1_77' title="bbox 1844 3228 3431 3300">
     <span class='ocr_line' id='line_1_77' title="bbox 1844 3228 3431 3300; baseline 0 -18"><span class='ocrx_word' id='word_1_548' title='bbox 1844 3230 1985 3298; x_wconf 89' lang='lat' dir='ltr'><strong>quit,</strong></span> <span class='ocrx_word' id='word_1_549' title='bbox 2009 3229 2322 3283; x_wconf 86' lang='lat' dir='ltr'><strong>Etiamnum</strong></span> <span class='ocrx_word' id='word_1_550' title='bbox 2352 3239 2409 3284; x_wconf 88' lang='lat' dir='ltr'><strong>tu</strong></span> <span class='ocrx_word' id='word_1_551' title='bbox 2442 3233 2558 3300; x_wconf 91' lang='lat' dir='ltr'><strong>ipse</strong></span> <span class='ocrx_word' id='word_1_552' title='bbox 2582 3245 2662 3295; x_wconf 91' lang='lat' dir='ltr'><strong>es,</strong></span> <span class='ocrx_word' id='word_1_553' title='bbox 2686 3229 2803 3283; x_wconf 80' lang='lat' dir='ltr'><strong>Rex</strong></span> <span class='ocrx_word' id='word_1_554' title='bbox 2837 3243 2995 3283; x_wconf 90' lang='lat' dir='ltr'><strong>meus</strong></span> <span class='ocrx_word' id='word_1_555' title='bbox 3019 3228 3235 3284; x_wconf 88' lang='lat' dir='ltr'><strong>etDeus</strong></span> <span class='ocrx_word' id='word_1_556' title='bbox 3254 3241 3431 3293; x_wconf 88' lang='lat' dir='ltr'><strong>meus,</strong></span> 
     </span>
    </p>
   </div>
   <div class='ocr_carea' id='block_1_78' title="bbox 1844 3320 3435 3391">
    <p class='ocr_par' dir='ltr' id='par_1_78' title="bbox 1844 3320 3435 3391">
     <span class='ocr_line' id='line_1_78' title="bbox 1844 3320 3435 3391; baseline -0.001 -18"><span class='ocrx_word' id='word_1_557' title='bbox 1844 3320 1938 3389; x_wconf 91' lang='lat' dir='ltr'><strong>qui</strong></span> <span class='ocrx_word' id='word_1_558' title='bbox 1970 3320 2198 3390; x_wconf 84' lang='lat' dir='ltr'><strong>respicis</strong></span> <span class='ocrx_word' id='word_1_559' title='bbox 2235 3320 2557 3391; x_wconf 89' lang='lat' dir='ltr'><strong>patientiam</strong></span> <span class='ocrx_word' id='word_1_560' title='bbox 2585 3330 2852 3387; x_wconf 89' lang='lat' dir='ltr'><strong>nostram,</strong></span> <span class='ocrx_word' id='word_1_561' title='bbox 2908 3320 3316 3390; x_wconf 88' lang='lat' dir='ltr'><strong>respiciesque,</strong></span> <span class='ocrx_word' id='word_1_562' title='bbox 3376 3326 3435 3374; x_wconf 85' lang='lat' dir='ltr'><strong>et</strong></span> 
     </span>
    </p>
   </div>
   <div class='ocr_carea' id='block_1_79' title="bbox 1847 3410 3434 3482">
    <p class='ocr_par' dir='ltr' id='par_1_79' title="bbox 1847 3410 3434 3482">
     <span class='ocr_line' id='line_1_79' title="bbox 1847 3410 3434 3482; baseline 0 -17"><span class='ocrx_word' id='word_1_563' title='bbox 1847 3426 1959 3465; x_wconf 89' lang='lat' dir='ltr'><strong>non</strong></span> <span class='ocrx_word' id='word_1_564' title='bbox 2016 3412 2310 3481; x_wconf 86' lang='lat' dir='ltr'><strong>despicies.</strong></span> <span class='ocrx_word' id='word_1_565' title='bbox 2369 3412 2451 3466; x_wconf 85' lang='lat' dir='ltr'><strong>Tu</strong></span> <span class='ocrx_word' id='word_1_566' title='bbox 2502 3413 2652 3467; x_wconf 86' lang='lat' dir='ltr'><strong>enim</strong></span> <span class='ocrx_word' id='word_1_567' title='bbox 2715 3428 2816 3482; x_wconf 89' lang='lat' dir='ltr'><strong>per</strong></span> <span class='ocrx_word' id='word_1_568' title='bbox 2875 3428 2938 3466; x_wconf 89' lang='lat' dir='ltr'><strong>os</strong></span> <span class='ocrx_word' id='word_1_569' title='bbox 2992 3412 3286 3481; x_wconf 65' lang='lat' dir='ltr'><strong>Propheta:</strong></span> <span class='ocrx_word' id='word_1_570' title='bbox 3352 3410 3434 3465; x_wconf 86' lang='lat' dir='ltr'><strong>tui</strong></span> 
     </span>
    </p>
   </div>
   <div class='ocr_carea' id='block_1_80' title="bbox 1848 3505 3434 3575">
    <p class='ocr_par' dir='ltr' id='par_1_80' title="bbox 1848 3505 3434 3575">
     <span class='ocr_line' id='line_1_80' title="bbox 1848 3505 3434 3575; baseline 0 -16"><span class='ocrx_word' id='word_1_571' title='bbox 1848 3505 2015 3559; x_wconf 91' lang='lat' dir='ltr'><strong>doces</strong></span> <span class='ocrx_word' id='word_1_572' title='bbox 2047 3521 2154 3569; x_wconf 91' lang='lat' dir='ltr'><strong>me,</strong></span> <span class='ocrx_word' id='word_1_573' title='bbox 2180 3505 2453 3560; x_wconf 81' lang='lat' dir='ltr'><strong>dicentis:</strong></span> <span class='ocrx_word' id='word_1_574' title='bbox 2478 3507 2600 3561; x_wconf 84' lang='lat' dir='ltr'><strong>Non</strong></span> <span class='ocrx_word' id='word_1_575' title='bbox 2658 3516 2734 3560; x_wconf 78' lang='lat' dir='ltr'><strong>est</strong></span> <span class='ocrx_word' id='word_1_576' title='bbox 2765 3508 2943 3575; x_wconf 79' lang='lat' dir='ltr'><strong>inapia</strong></span> <span class='ocrx_word' id='word_1_577' title='bbox 2987 3506 3295 3559; x_wconf 71' lang='lat' dir='ltr'><strong>timentibus</strong></span> <span class='ocrx_word' id='word_1_578' title='bbox 3342 3513 3434 3571; x_wconf 77' lang='lat' dir='ltr'><strong>te;</strong></span> 
     </span>
    </p>
   </div>
   <div class='ocr_carea' id='block_1_81' title="bbox 1845 3595 3434 3669">
    <p class='ocr_par' dir='ltr' id='par_1_81' title="bbox 1845 3595 3434 3669">
     <span class='ocr_line' id='line_1_81' title="bbox 1845 3595 3434 3669; baseline 0.003 -20"><span class='ocrx_word' id='word_1_579' title='bbox 1845 3604 1893 3649; x_wconf 87' lang='lat' dir='ltr'><strong>et</strong></span> <span class='ocrx_word' id='word_1_580' title='bbox 1918 3596 2245 3665; x_wconf 66' lang='lat' dir='ltr'><strong>inquirente:</strong></span> <span class='ocrx_word' id='word_1_581' title='bbox 2277 3606 2326 3649; x_wconf 84' lang='lat' dir='ltr'><strong>te</strong></span> <span class='ocrx_word' id='word_1_582' title='bbox 2347 3613 2446 3650; x_wconf 82' lang='lat' dir='ltr'><strong>non</strong></span> <span class='ocrx_word' id='word_1_583' title='bbox 2464 3600 2771 3651; x_wconf 82' lang='lat' dir='ltr'><strong>minuentur</strong></span> <span class='ocrx_word' id='word_1_584' title='bbox 2820 3600 2966 3651; x_wconf 86' lang='lat' dir='ltr'><strong>omni</strong></span> <span class='ocrx_word' id='word_1_585' title='bbox 3006 3598 3138 3652; x_wconf 87' lang='lat' dir='ltr'><strong>bona</strong></span> <span class='ocrx_word' id='word_1_586' title='bbox 3176 3598 3242 3650; x_wconf 81' lang='lat'><strong>&quot;.</strong></span> <span class='ocrx_word' id='word_1_587' title='bbox 3275 3595 3434 3669; x_wconf 83' lang='lat' dir='ltr'><strong>Quod</strong></span> 
     </span>
    </p>
   </div>
   <div class='ocr_carea' id='block_1_82' title="bbox 1844 3687 3436 3757">
    <p class='ocr_par' dir='ltr' id='par_1_82' title="bbox 1844 3687 3436 3757">
     <span class='ocr_line' id='line_1_82' title="bbox 1844 3687 3436 3757; baseline 0.002 -17"><span class='ocrx_word' id='word_1_588' title='bbox 1844 3688 1889 3740; x_wconf 87' lang='lat' dir='ltr'><strong>si</strong></span> <span class='ocrx_word' id='word_1_589' title='bbox 1922 3687 2077 3741; x_wconf 89' lang='lat' dir='ltr'><strong>vobis</strong></span> <span class='ocrx_word' id='word_1_590' title='bbox 2129 3702 2350 3757; x_wconf 88' lang='lat' dir='ltr'><strong>quoque</strong></span> <span class='ocrx_word' id='word_1_591' title='bbox 2392 3689 2465 3743; x_wconf 89' lang='lat' dir='ltr'><strong>ita</strong></span> <span class='ocrx_word' id='word_1_592' title='bbox 2504 3705 2627 3744; x_wconf 92' lang='lat' dir='ltr'><strong>esse</strong></span> <span class='ocrx_word' id='word_1_593' title='bbox 2680 3705 2791 3744; x_wconf 89' lang='lat' dir='ltr'><strong>non</strong></span> <span class='ocrx_word' id='word_1_594' title='bbox 2848 3689 3125 3753; x_wconf 87' lang='lat' dir='ltr'><strong>videatur,</strong></span> <span class='ocrx_word' id='word_1_595' title='bbox 3156 3690 3436 3744; x_wconf 87' lang='lat' dir='ltr'><strong>lacerarer</strong></span> 
     </span>
    </p>
   </div>
   <div class='ocr_carea' id='block_1_83' title="bbox 1844 3777 3436 3849">
    <p class='ocr_par' dir='ltr' id='par_1_83' title="bbox 1844 3777 3436 3849">
     <span class='ocr_line' id='line_1_83' title="bbox 1844 3777 3436 3849; baseline 0.004 -18"><span class='ocrx_word' id='word_1_596' title='bbox 1844 3792 1951 3831; x_wconf 88' lang='lat' dir='ltr'><strong>non</strong></span> <span class='ocrx_word' id='word_1_597' title='bbox 1970 3777 2130 3831; x_wconf 88' lang='lat' dir='ltr'><strong>aliter</strong></span> <span class='ocrx_word' id='word_1_598' title='bbox 2155 3793 2319 3846; x_wconf 91' lang='lat' dir='ltr'><strong>quam</strong></span> <span class='ocrx_word' id='word_1_599' title='bbox 2351 3787 2507 3848; x_wconf 89' lang='lat' dir='ltr'><strong>pater</strong></span> <span class='ocrx_word' id='word_1_600' title='bbox 2531 3779 2838 3835; x_wconf 84' lang='lat' dir='ltr'><strong>visceribus</strong></span> <span class='ocrx_word' id='word_1_601' title='bbox 2865 3782 3024 3846; x_wconf 91' lang='lat' dir='ltr'><strong>meis,</strong></span> <span class='ocrx_word' id='word_1_602' title='bbox 3046 3790 3107 3834; x_wconf 92' lang='lat' dir='ltr'><strong>ut</strong></span> <span class='ocrx_word' id='word_1_603' title='bbox 3129 3796 3229 3849; x_wconf 89' lang='lat' dir='ltr'><strong>par</strong></span> <span class='ocrx_word' id='word_1_604' title='bbox 3251 3788 3357 3845; x_wconf 90' lang='lat' dir='ltr'><strong>est,</strong></span> <span class='ocrx_word' id='word_1_605' title='bbox 3376 3788 3436 3837; x_wconf 78' lang='lat' dir='ltr'><strong>et</strong></span> 
     </span>
    </p>
   </div>
   <div class='ocr_carea' id='block_1_84' title="bbox 1844 3871 3436 3941">
    <p class='ocr_par' dir='ltr' id='par_1_84' title="bbox 1844 3871 3436 3941">
     <span class='ocr_line' id='line_1_84' title="bbox 1844 3871 3436 3941; baseline 0.004 -18"><span class='ocrx_word' id='word_1_606' title='bbox 1844 3886 2107 3939; x_wconf 82' lang='lat' dir='ltr'><strong>perquam</strong></span> <span class='ocrx_word' id='word_1_607' title='bbox 2132 3872 2328 3925; x_wconf 83' lang='lat' dir='ltr'><strong>acerba</strong></span> <span class='ocrx_word' id='word_1_608' title='bbox 2353 3871 2487 3924; x_wconf 87' lang='lat' dir='ltr'><strong>mihi</strong></span> <span class='ocrx_word' id='word_1_609' title='bbox 2514 3874 2789 3941; x_wconf 90' lang='lat' dir='ltr'><strong>separatio</strong></span> <span class='ocrx_word' id='word_1_610' title='bbox 2816 3873 2996 3927; x_wconf 86' lang='lat' dir='ltr'><strong>futura</strong></span> <span class='ocrx_word' id='word_1_611' title='bbox 3024 3884 3191 3928; x_wconf 89' lang='lat' dir='ltr'><strong>esset.</strong></span> <span class='ocrx_word' id='word_1_612' title='bbox 3223 3873 3436 3929; x_wconf 80' lang='lat' dir='ltr'><strong>Nihilo-</strong></span> 
     </span>
    </p>
   </div>
   <div class='ocr_carea' id='block_1_85' title="bbox 1845 3962 3431 4037">
    <p class='ocr_par' dir='ltr' id='par_1_85' title="bbox 1845 3962 3431 4037">
     <span class='ocr_line' id='line_1_85' title="bbox 1845 3962 3431 4037; baseline 0.004 -22"><span class='ocrx_word' id='word_1_613' title='bbox 1845 3962 2028 4017; x_wconf 91' lang='lat' dir='ltr'><strong>minus</strong></span> <span class='ocrx_word' id='word_1_614' title='bbox 2049 3964 2197 4016; x_wconf 90' lang='lat' dir='ltr'><strong>nulla</strong></span> <span class='ocrx_word' id='word_1_615' title='bbox 2224 3964 2379 4018; x_wconf 82' lang='lat' dir='ltr'><strong>vobis</strong></span> <span class='ocrx_word' id='word_1_616' title='bbox 2402 3964 2701 4020; x_wconf 90' lang='lat' dir='ltr'><strong>interclusa</strong></span> <span class='ocrx_word' id='word_1_617' title='bbox 2722 3968 2807 4020; x_wconf 90' lang='lat' dir='ltr'><strong>via</strong></span> <span class='ocrx_word' id='word_1_618' title='bbox 2835 3976 2940 4031; x_wconf 89' lang='lat' dir='ltr'><strong>est,</strong></span> <span class='ocrx_word' id='word_1_619' title='bbox 2966 3966 3060 4019; x_wconf 85' lang='lat' dir='ltr'><strong>lilii</strong></span> <span class='ocrx_word' id='word_1_620' title='bbox 3084 3967 3392 4037; x_wconf 84' lang='lat' dir='ltr'><strong>fratresque</strong></span> <span class='ocrx_word' id='word_1_621' title='bbox 3416 3983 3431 4034; x_wconf 86' lang='lat'><strong>;</strong></span> 
     </span>
    </p>
   </div>
   <div class='ocr_carea' id='block_1_86' title="bbox 1844 4056 3365 4126">
    <p class='ocr_par' dir='ltr' id='par_1_86' title="bbox 1844 4056 3365 4126">
     <span class='ocr_line' id='line_1_86' title="bbox 1844 4056 3365 4126; baseline 0.002 -17"><span class='ocrx_word' id='word_1_622' title='bbox 1844 4056 2005 4109; x_wconf 87' lang='lat' dir='ltr'><strong>abeat</strong></span> <span class='ocrx_word' id='word_1_623' title='bbox 2041 4056 2276 4126; x_wconf 85' lang='lat' dir='ltr'><strong>quisque</strong></span> <span class='ocrx_word' id='word_1_624' title='bbox 2303 4073 2412 4126; x_wconf 90' lang='lat' dir='ltr'><strong>quo</strong></span> <span class='ocrx_word' id='word_1_625' title='bbox 2466 4057 2657 4113; x_wconf 80' lang='lat' dir='ltr'><strong>animo</strong></span> <span class='ocrx_word' id='word_1_626' title='bbox 2707 4060 3011 4113; x_wconf 87' lang='lat' dir='ltr'><strong>collibitum</strong></span> <span class='ocrx_word' id='word_1_627' title='bbox 3045 4074 3146 4114; x_wconf 92' lang='lat' dir='ltr'><strong>suo</strong></span> <span class='ocrx_word' id='word_1_628' title='bbox 3172 4059 3365 4113; x_wconf 87' lang='lat' dir='ltr'><strong>fuerit.</strong></span> 
     </span>
    </p>
   </div>
   <div class='ocr_carea' id='block_1_87' title="bbox 1917 4149 3433 4223">
    <p class='ocr_par' dir='ltr' id='par_1_87' title="bbox 1917 4149 3433 4223">
     <span class='ocr_line' id='line_1_87' title="bbox 1917 4149 3433 4223; baseline 0.003 -21"><span class='ocrx_word' id='word_1_629' title='bbox 1917 4149 2037 4203; x_wconf 70' lang='grc'><strong>129.</strong></span> <span class='ocrx_word' id='word_1_630' title='bbox 2075 4150 2171 4204; x_wconf 88' lang='lat' dir='ltr'><strong>llis</strong></span> <span class='ocrx_word' id='word_1_631' title='bbox 2199 4151 2433 4214; x_wconf 88' lang='lat' dir='ltr'><strong>auditis,</strong></span> <span class='ocrx_word' id='word_1_632' title='bbox 2458 4152 2679 4222; x_wconf 83' lang='lat' dir='ltr'><strong>gemino</strong></span> <span class='ocrx_word' id='word_1_633' title='bbox 2698 4152 2890 4222; x_wconf 78' lang='lat' dir='ltr'><strong>agitati</strong></span> <span class='ocrx_word' id='word_1_634' title='bbox 2922 4152 3126 4207; x_wconf 75' lang='lat' dir='ltr'><strong>aﬂectu</strong></span> <span class='ocrx_word' id='word_1_635' title='bbox 3151 4150 3433 4223; x_wconf 85' lang='lat' dir='ltr'><strong>discipuli,</strong></span> 
     </span>
    </p>
   </div>
   <div class='ocr_carea' id='block_1_88' title="bbox 1846 4239 3436 4312">
    <p class='ocr_par' dir='ltr' id='par_1_88' title="bbox 1846 4239 3436 4312">
     <span class='ocr_line' id='line_1_88' title="bbox 1846 4239 3436 4312; baseline 0.004 -20"><span class='ocrx_word' id='word_1_636' title='bbox 1846 4239 2063 4295; x_wconf 82' lang='lat' dir='ltr'><strong>timoris</strong></span> <span class='ocrx_word' id='word_1_637' title='bbox 2102 4240 2298 4310; x_wconf 86' lang='lat' dir='ltr'><strong>altero,</strong></span> <span class='ocrx_word' id='word_1_638' title='bbox 2346 4242 2525 4296; x_wconf 86' lang='lat' dir='ltr'><strong>altero</strong></span> <span class='ocrx_word' id='word_1_639' title='bbox 2576 4243 2783 4312; x_wconf 79' lang='lat' dir='ltr'><strong>gaudii,</strong></span> <span class='ocrx_word' id='word_1_640' title='bbox 2836 4242 2932 4296; x_wconf 92' lang='lat' dir='ltr'><strong>illo</strong></span> <span class='ocrx_word' id='word_1_641' title='bbox 2968 4242 3039 4296; x_wconf 91' lang='lat' dir='ltr'><strong>ob</strong></span> <span class='ocrx_word' id='word_1_642' title='bbox 3097 4243 3436 4312; x_wconf 86' lang='lat' dir='ltr'><strong>increpatio-</strong></span> 
     </span>
    </p>
   </div>
   <div class='ocr_carea' id='block_1_89' title="bbox 1845 4333 3436 4405">
    <p class='ocr_par' dir='ltr' id='par_1_89' title="bbox 1845 4333 3436 4405">
     <span class='ocr_line' id='line_1_89' title="bbox 1845 4333 3436 4405; baseline 0.001 -18"><span class='ocrx_word' id='word_1_643' title='bbox 1845 4348 1993 4399; x_wconf 89' lang='lat' dir='ltr'><strong>nem,</strong></span> <span class='ocrx_word' id='word_1_644' title='bbox 2024 4333 2130 4387; x_wconf 88' lang='lat' dir='ltr'><strong>hoc</strong></span> <span class='ocrx_word' id='word_1_645' title='bbox 2156 4334 2228 4388; x_wconf 90' lang='lat' dir='ltr'><strong>ob</strong></span> <span class='ocrx_word' id='word_1_646' title='bbox 2251 4335 2647 4404; x_wconf 87' lang='lat' dir='ltr'><strong>promissiones</strong></span> <span class='ocrx_word' id='word_1_647' title='bbox 2688 4334 2973 4405; x_wconf 79' lang='lat' dir='ltr'><strong>benignas,</strong></span> <span class='ocrx_word' id='word_1_648' title='bbox 3001 4344 3233 4389; x_wconf 82' lang='lat' dir='ltr'><strong>curvant</strong></span> <span class='ocrx_word' id='word_1_649' title='bbox 3258 4348 3436 4405; x_wconf 78' lang='lat' dir='ltr'><strong>genua</strong></span> 
     </span>
    </p>
   </div>
   <div class='ocr_carea' id='block_1_90' title="bbox 1848 4423 3437 4497">
    <p class='ocr_par' dir='ltr' id='par_1_90' title="bbox 1848 4423 3437 4497">
     <span class='ocr_line' id='line_1_90' title="bbox 1848 4423 3437 4497; baseline 0.001 -19"><span class='ocrx_word' id='word_1_650' title='bbox 1848 4440 1912 4480; x_wconf 87' lang='lat' dir='ltr'><strong>ac</strong></span> <span class='ocrx_word' id='word_1_651' title='bbox 1931 4423 2145 4478; x_wconf 88' lang='lat' dir='ltr'><strong>veniam</strong></span> <span class='ocrx_word' id='word_1_652' title='bbox 2171 4424 2541 4495; x_wconf 83' lang='lat' dir='ltr'><strong>deprecantur</strong></span> <span class='ocrx_word' id='word_1_653' title='bbox 2573 4438 2629 4479; x_wconf 87' lang='lat' dir='ltr'><strong>et</strong></span> <span class='ocrx_word' id='word_1_654' title='bbox 2662 4426 2980 4495; x_wconf 87' lang='lat' dir='ltr'><strong>impetrant.</strong></span> <span class='ocrx_word' id='word_1_655' title='bbox 3017 4426 3257 4497; x_wconf 81' lang='lat' dir='ltr'><strong>Symeon</strong></span> <span class='ocrx_word' id='word_1_656' title='bbox 3302 4442 3437 4481; x_wconf 86' lang='lat' dir='ltr'><strong>vero</strong></span> 
     </span>
    </p>
   </div>
   <div class='ocr_carea' id='block_1_91' title="bbox 1849 4513 3437 4584">
    <p class='ocr_par' dir='ltr' id='par_1_91' title="bbox 1849 4513 3437 4584">
     <span class='ocr_line' id='line_1_91' title="bbox 1849 4513 3437 4584; baseline 0.001 -18"><span class='ocrx_word' id='word_1_657' title='bbox 1849 4513 2080 4568; x_wconf 88' lang='lat' dir='ltr'><strong>fratrem</strong></span> <span class='ocrx_word' id='word_1_658' title='bbox 2140 4513 2445 4569; x_wconf 81' lang='lat' dir='ltr'><strong>Antonium</strong></span> <span class='ocrx_word' id='word_1_659' title='bbox 2520 4514 2671 4584; x_wconf 89' lang='lat' dir='ltr'><strong>(erat</strong></span> <span class='ocrx_word' id='word_1_660' title='bbox 2726 4515 2775 4567; x_wconf 91' lang='lat' dir='ltr'><strong>is</strong></span> <span class='ocrx_word' id='word_1_661' title='bbox 2828 4529 2860 4567; x_wconf 89' lang='lat' dir='ltr'><strong>a</strong></span> <span class='ocrx_word' id='word_1_662' title='bbox 2923 4528 2983 4567; x_wconf 91' lang='lat' dir='ltr'><strong>re</strong></span> <span class='ocrx_word' id='word_1_663' title='bbox 3037 4514 3437 4583; x_wconf 84' lang='lat' dir='ltr'><strong>frumentaria)</strong></span> 
     </span>
    </p>
   </div>
   <div class='ocr_carea' id='block_1_92' title="bbox 1847 4604 3434 4677">
    <p class='ocr_par' dir='ltr' id='par_1_92' title="bbox 1847 4604 3434 4677">
     <span class='ocr_line' id='line_1_92' title="bbox 1847 4604 3434 4677; baseline 0 -18"><span class='ocrx_word' id='word_1_664' title='bbox 1847 4604 2138 4660; x_wconf 86' lang='lat' dir='ltr'><strong>advocavit</strong></span> <span class='ocrx_word' id='word_1_665' title='bbox 2196 4607 2495 4677; x_wconf 88' lang='lat' dir='ltr'><strong>jussitque,</strong></span> <span class='ocrx_word' id='word_1_666' title='bbox 2548 4606 2593 4659; x_wconf 92' lang='lat' dir='ltr'><strong>si</strong></span> <span class='ocrx_word' id='word_1_667' title='bbox 2641 4619 2749 4674; x_wconf 84' lang='lat' dir='ltr'><strong>qua</strong></span> <span class='ocrx_word' id='word_1_668' title='bbox 2805 4620 2972 4675; x_wconf 75' lang='lat' dir='ltr'><strong>grana</strong></span> <span class='ocrx_word' id='word_1_669' title='bbox 3041 4614 3434 4675; x_wconf 88' lang='lat' dir='ltr'><strong>superessent,</strong></span> 
     </span>
    </p>
   </div>
   <div class='ocr_carea' id='block_1_93' title="bbox 1850 4695 3436 4767">
    <p class='ocr_par' dir='ltr' id='par_1_93' title="bbox 1850 4695 3436 4767">
     <span class='ocr_line' id='line_1_93' title="bbox 1850 4695 3436 4767; baseline 0.001 -18"><span class='ocrx_word' id='word_1_670' title='bbox 1850 4696 2084 4751; x_wconf 90' lang='lat' dir='ltr'><strong>collecta</strong></span> <span class='ocrx_word' id='word_1_671' title='bbox 2120 4697 2187 4751; x_wconf 89' lang='lat' dir='ltr'><strong>ad</strong></span> <span class='ocrx_word' id='word_1_672' title='bbox 2218 4714 2277 4751; x_wconf 87' lang='lat' dir='ltr'><strong>se</strong></span> <span class='ocrx_word' id='word_1_673' title='bbox 2302 4696 2528 4751; x_wconf 81' lang='lat' dir='ltr'><strong>alIcrre.</strong></span> <span class='ocrx_word' id='word_1_674' title='bbox 2559 4696 2655 4750; x_wconf 88' lang='lat' dir='ltr'><strong>llle</strong></span> <span class='ocrx_word' id='word_1_675' title='bbox 2678 4707 2803 4767; x_wconf 89' lang='lat' dir='ltr'><strong>post</strong></span> <span class='ocrx_word' id='word_1_676' title='bbox 2832 4695 3082 4750; x_wconf 84' lang='lat' dir='ltr'><strong>sedulam</strong></span> <span class='ocrx_word' id='word_1_677' title='bbox 3115 4697 3436 4767; x_wconf 84' lang='lat' dir='ltr'><strong>inquisitio-</strong></span> 
     </span>
    </p>
   </div>
   <div class='ocr_carea' id='block_1_94' title="bbox 158 4776 1739 4862">
    <p class='ocr_par' dir='ltr' id='par_1_94' title="bbox 158 4776 1739 4862">
     <span class='ocr_line' id='line_1_94' title="bbox 158 4776 1739 4862; baseline -0.004 -16"><span class='ocrx_word' id='word_1_678' title='bbox 158 4795 332 4859; x_wconf 75' lang='grc' dir='ltr'>ξαντα</span> <span class='ocrx_word' id='word_1_679' title='bbox 364 4792 497 4862; x_wconf 75' lang='grc' dir='ltr'>πρὸς</span> <span class='ocrx_word' id='word_1_680' title='bbox 527 4792 689 4843; x_wconf 78' lang='grc' dir='ltr'>αὐτὸν</span> <span class='ocrx_word' id='word_1_681' title='bbox 740 4791 1005 4858; x_wconf 78' lang='grc' dir='ltr'>ἐνεγκεῖν.</span> <span class='ocrx_word' id='word_1_682' title='bbox 1038 4790 1144 4843; x_wconf 89' lang='grc' dir='ltr'>Τοῦ</span> <span class='ocrx_word' id='word_1_683' title='bbox 1175 4791 1231 4843; x_wconf 85' lang='grc' dir='ltr'>δὲ</span> <span class='ocrx_word' id='word_1_684' title='bbox 1282 4791 1477 4860; x_wconf 81' lang='grc' dir='ltr'>κομιδῇ</span> <span class='ocrx_word' id='word_1_685' title='bbox 1526 4776 1739 4855; x_wconf 76' lang='grc' dir='ltr'>ὀλίγους</span> 
     </span>
    </p>
   </div>
   <div class='ocr_carea' id='block_1_95' title="bbox 1842 4776 3434 4862">
    <p class='ocr_par' dir='ltr' id='par_1_95' title="bbox 1850 4786 3434 4857">
     <span class='ocr_line' id='line_1_95' title="bbox 1850 4786 3434 4857; baseline 0.001 -17"><span class='ocrx_word' id='word_1_686' title='bbox 1850 4801 1975 4840; x_wconf 88' lang='lat' dir='ltr'><strong>nem</strong></span> <span class='ocrx_word' id='word_1_687' title='bbox 2000 4787 2234 4855; x_wconf 88' lang='lat' dir='ltr'><strong>paucula</strong></span> <span class='ocrx_word' id='word_1_688' title='bbox 2256 4786 2506 4857; x_wconf 78' lang='lat' dir='ltr'><strong>quaedam</strong></span> <span class='ocrx_word' id='word_1_689' title='bbox 2540 4786 2764 4840; x_wconf 87' lang='lat' dir='ltr'><strong>inventa</strong></span> <span class='ocrx_word' id='word_1_690' title='bbox 2795 4786 3050 4842; x_wconf 85' lang='lat' dir='ltr'><strong>manibus</strong></span> <span class='ocrx_word' id='word_1_691' title='bbox 3080 4786 3145 4840; x_wconf 88' lang='lat' dir='ltr'><strong>ad</strong></span> <span class='ocrx_word' id='word_1_692' title='bbox 3175 4802 3434 4857; x_wconf 77' lang='lat' dir='ltr'><strong>magnum</strong></span> 
     </span>
    </p>
   </div>
   <div class='ocr_carea' id='block_1_96' title="bbox 158 4879 1737 4952">
    <p class='ocr_par' dir='ltr' id='par_1_96' title="bbox 158 4879 1737 4952">
     <span class='ocr_line' id='line_1_96' title="bbox 158 4879 1737 4952; baseline -0.003 -18"><span class='ocrx_word' id='word_1_693' title='bbox 158 4882 439 4952; x_wconf 79' lang='grc' dir='ltr'>εὑρόντος,</span> <span class='ocrx_word' id='word_1_694' title='bbox 478 4884 555 4942; x_wconf 80' lang='grc' dir='ltr'><strong>εἰς</strong></span> <span class='ocrx_word' id='word_1_695' title='bbox 587 4882 775 4951; x_wconf 75' lang='grc' dir='ltr'>χεῖράς</span> <span class='ocrx_word' id='word_1_696' title='bbox 811 4897 871 4932; x_wconf 87' lang='grc' dir='ltr'><strong>τε</strong></span> <span class='ocrx_word' id='word_1_697' title='bbox 901 4879 980 4948; x_wconf 80' lang='grc' dir='ltr'>τῷ</span> <span class='ocrx_word' id='word_1_698' title='bbox 1010 4880 1232 4950; x_wconf 83' lang='grc' dir='ltr'>μεγάλῳ</span> <span class='ocrx_word' id='word_1_699' title='bbox 1278 4882 1623 4949; x_wconf 84' lang='grc' dir='ltr'>κομίσαντος,</span> <span class='ocrx_word' id='word_1_700' title='bbox 1657 4879 1737 4939; x_wconf 86' lang='grc' dir='ltr'><strong>είς</strong></span> 
     </span>
    </p>
   </div>
   <div class='ocr_carea' id='block_1_97' title="bbox 157 4971 1738 5041">
    <p class='ocr_par' dir='ltr' id='par_1_97' title="bbox 157 4971 1738 5041">
     <span class='ocr_line' id='line_1_97' title="bbox 157 4971 1738 5041; baseline -0.001 -17"><span class='ocrx_word' id='word_1_701' title='bbox 157 4973 391 5041; x_wconf 66' lang='grc' dir='ltr'>οὐρανὸν</span> <span class='ocrx_word' id='word_1_702' title='bbox 446 4971 694 5040; x_wconf 84' lang='grc' dir='ltr'>ἀνασχὼν</span> <span class='ocrx_word' id='word_1_703' title='bbox 736 4975 962 5039; x_wconf 77' lang='grc' dir='ltr'>ἐκεῖνος,</span> <span class='ocrx_word' id='word_1_704' title='bbox 1001 4972 1059 5025; x_wconf 89' lang='lat' dir='ltr'><strong>&#39;U</strong></span> <span class='ocrx_word' id='word_1_705' title='bbox 1086 4973 1215 5035; x_wconf 82' lang='grc' dir='ltr'>Θεὸς</span> <span class='ocrx_word' id='word_1_706' title='bbox 1244 4976 1271 5025; x_wconf 89' lang='lat'><strong>6</strong></span> <span class='ocrx_word' id='word_1_707' title='bbox 1319 4971 1738 5041; x_wconf 79' lang='grc' dir='ltr'>παντοκράτωρ,</span> 
     </span>
    </p>
   </div>
   <div class='ocr_carea' id='block_1_98' title="bbox 160 5058 1740 5132">
    <p class='ocr_par' dir='ltr' id='par_1_98' title="bbox 160 5058 1740 5132">
     <span class='ocr_line' id='line_1_98' title="bbox 160 5058 1740 5132; baseline 0 -20"><span class='ocrx_word' id='word_1_708' title='bbox 160 5058 338 5124; x_wconf 68' lang='grc' dir='ltr'>εἶπεν,</span> <span class='ocrx_word' id='word_1_709' title='bbox 364 5063 392 5112; x_wconf 89' lang='lat'><strong>6</strong></span> <span class='ocrx_word' id='word_1_710' title='bbox 426 5058 607 5123; x_wconf 79' lang='grc' dir='ltr'>διδοὺς</span> <span class='ocrx_word' id='word_1_711' title='bbox 637 5062 696 5113; x_wconf 77' lang='grc' dir='ltr'><strong>οὐ</strong></span> <span class='ocrx_word' id='word_1_712' title='bbox 756 5062 983 5129; x_wconf 85' lang='grc' dir='ltr'>κτήνεσι</span> <span class='ocrx_word' id='word_1_713' title='bbox 1037 5064 1219 5132; x_wconf 85' lang='grc' dir='ltr'>μόνον,</span> <span class='ocrx_word' id='word_1_714' title='bbox 1276 5062 1397 5114; x_wconf 76' lang='grc' dir='ltr'>οὐδὲ</span> <span class='ocrx_word' id='word_1_715' title='bbox 1427 5064 1539 5124; x_wconf 83' lang='grc' dir='ltr'>τοῖς</span> <span class='ocrx_word' id='word_1_716' title='bbox 1586 5078 1740 5113; x_wconf 84' lang='grc' dir='ltr'>νεοσ-</span> 
     </span>
    </p>
   </div>
   <div class='ocr_carea' id='block_1_99' title="bbox 160 5152 1744 5223">
    <p class='ocr_par' dir='ltr' id='par_1_99' title="bbox 160 5152 1744 5223">
     <span class='ocr_line' id='line_1_99' title="bbox 160 5152 1744 5223; baseline -0.001 -19"><span class='ocrx_word' id='word_1_717' title='bbox 160 5155 280 5211; x_wconf 80' lang='grc' dir='ltr'>σοῖς</span> <span class='ocrx_word' id='word_1_718' title='bbox 319 5153 426 5204; x_wconf 74' lang='grc' dir='ltr'><strong>τών</strong></span> <span class='ocrx_word' id='word_1_719' title='bbox 458 5155 712 5223; x_wconf 77' lang='grc' dir='ltr'>κοράκων</span> <span class='ocrx_word' id='word_1_720' title='bbox 746 5156 856 5215; x_wconf 77' lang='grc' dir='ltr'>τοῖς</span> <span class='ocrx_word' id='word_1_721' title='bbox 884 5153 1339 5223; x_wconf 76' lang='grc' dir='ltr'>ἐπικαλουμένοις</span> <span class='ocrx_word' id='word_1_722' title='bbox 1374 5171 1455 5219; x_wconf 83' lang='grc' dir='ltr'><strong>σε,</strong></span> <span class='ocrx_word' id='word_1_723' title='bbox 1482 5152 1619 5207; x_wconf 78' lang='grc' dir='ltr'>ἀλλὰ</span> <span class='ocrx_word' id='word_1_724' title='bbox 1650 5152 1744 5205; x_wconf 77' lang='grc' dir='ltr'>καὶ</span> 
     </span>
    </p>
   </div>
   <div class='ocr_carea' id='block_1_100' title="bbox 160 5244 1746 5315">
    <p class='ocr_par' dir='ltr' id='par_1_100' title="bbox 160 5244 1746 5315">
     <span class='ocr_line' id='line_1_100' title="bbox 160 5244 1746 5315; baseline 0.001 -19"><span class='ocrx_word' id='word_1_725' title='bbox 160 5244 313 5313; x_wconf 77' lang='grc' dir='ltr'>πάσῃ</span> <span class='ocrx_word' id='word_1_726' title='bbox 372 5244 538 5312; x_wconf 74' lang='grc' dir='ltr'>σαρκὶ</span> <span class='ocrx_word' id='word_1_727' title='bbox 564 5244 767 5315; x_wconf 78' lang='grc' dir='ltr'>τροφὴν</span> <span class='ocrx_word' id='word_1_728' title='bbox 802 5245 1005 5309; x_wconf 79' lang='grc' dir='ltr'>αὐτῶν,</span> <span class='ocrx_word' id='word_1_729' title='bbox 1041 5246 1070 5298; x_wconf 90' lang='lat'><strong>6</strong></span> <span class='ocrx_word' id='word_1_730' title='bbox 1098 5247 1189 5299; x_wconf 76' lang='grc' dir='ltr'>διὰ</span> <span class='ocrx_word' id='word_1_731' title='bbox 1223 5247 1506 5315; x_wconf 78' lang='grc' dir='ltr'>σπλάγχνα</span> <span class='ocrx_word' id='word_1_732' title='bbox 1538 5249 1746 5315; x_wconf 75' lang='grc' dir='ltr'>οἰκτιρ-</span> 
     </span>
    </p>
   </div>
   <div class='ocr_carea' id='block_1_101' title="bbox 164 5334 1747 5407">
    <p class='ocr_par' dir='ltr' id='par_1_101' title="bbox 164 5334 1747 5407">
     <span class='ocr_line' id='line_1_101' title="bbox 164 5334 1747 5407; baseline 0.001 -20"><span class='ocrx_word' id='word_1_733' title='bbox 164 5336 285 5405; x_wconf 82' lang='grc' dir='ltr'><strong>μῶν</strong></span> <span class='ocrx_word' id='word_1_734' title='bbox 318 5352 433 5399; x_wconf 86' lang='grc' dir='ltr'>σου,</span> <span class='ocrx_word' id='word_1_735' title='bbox 460 5335 489 5385; x_wconf 89' lang='lat'><strong>6</strong></span> <span class='ocrx_word' id='word_1_736' title='bbox 515 5334 602 5388; x_wconf 76' lang='grc' dir='ltr'>διὰ</span> <span class='ocrx_word' id='word_1_737' title='bbox 650 5336 851 5406; x_wconf 61' lang='grc' dir='ltr'>πολλὴν</span> <span class='ocrx_word' id='word_1_738' title='bbox 906 5336 1142 5391; x_wconf 79' lang='grc' dir='ltr'>ἄϐυσσον</span> <span class='ocrx_word' id='word_1_739' title='bbox 1190 5338 1290 5407; x_wconf 74' lang='grc' dir='ltr'><strong>τῆς</strong></span> <span class='ocrx_word' id='word_1_740' title='bbox 1330 5338 1747 5406; x_wconf 80' lang='grc' dir='ltr'>φιλανθρωπίας</span> 
     </span>
    </p>
   </div>
   <div class='ocr_carea' id='block_1_102' title="bbox 164 5426 1746 5498">
    <p class='ocr_par' dir='ltr' id='par_1_102' title="bbox 164 5426 1746 5498">
     <span class='ocr_line' id='line_1_102' title="bbox 164 5426 1746 5498; baseline -0.001 -20"><span class='ocrx_word' id='word_1_741' title='bbox 164 5444 261 5479; x_wconf 80' lang='grc' dir='ltr'><strong>σου</strong></span> <span class='ocrx_word' id='word_1_742' title='bbox 304 5426 489 5496; x_wconf 87' lang='grc' dir='ltr'>ἄρτοις</span> <span class='ocrx_word' id='word_1_743' title='bbox 531 5427 737 5494; x_wconf 81' lang='grc' dir='ltr'>ὀλίγοις</span> <span class='ocrx_word' id='word_1_744' title='bbox 780 5428 1021 5497; x_wconf 82' lang='grc' dir='ltr'>χιλιάδας</span> <span class='ocrx_word' id='word_1_745' title='bbox 1057 5430 1307 5498; x_wconf 76' lang='grc' dir='ltr'>κορέτας,</span> <span class='ocrx_word' id='word_1_746' title='bbox 1342 5428 1503 5489; x_wconf 79' lang='grc' dir='ltr'>αὐτὸς</span> <span class='ocrx_word' id='word_1_747' title='bbox 1532 5430 1626 5481; x_wconf 76' lang='grc' dir='ltr'><strong>καὶ</strong></span> <span class='ocrx_word' id='word_1_748' title='bbox 1657 5427 1746 5479; x_wconf 72' lang='grc' dir='ltr'>τὸν</span> 
     </span>
    </p>
   </div>
   <div class='ocr_carea' id='block_1_103' title="bbox 165 5517 1747 5586">
    <p class='ocr_par' dir='ltr' id='par_1_103' title="bbox 165 5517 1747 5586">
     <span class='ocr_line' id='line_1_103' title="bbox 165 5517 1747 5586; baseline -0.001 -15"><span class='ocrx_word' id='word_1_749' title='bbox 165 5519 374 5586; x_wconf 74' lang='grc' dir='ltr'>βραχὺν</span> <span class='ocrx_word' id='word_1_750' title='bbox 408 5517 595 5569; x_wconf 85' lang='grc' dir='ltr'>τοῦτον</span> <span class='ocrx_word' id='word_1_751' title='bbox 625 5517 897 5582; x_wconf 80' lang='grc' dir='ltr'>πλήθυνον</span> <span class='ocrx_word' id='word_1_752' title='bbox 930 5520 1099 5583; x_wconf 89' lang='grc' dir='ltr'>σῖτον,</span> <span class='ocrx_word' id='word_1_753' title='bbox 1134 5522 1213 5582; x_wconf 80' lang='grc' dir='ltr'><strong>είς</strong></span> <span class='ocrx_word' id='word_1_754' title='bbox 1276 5519 1431 5583; x_wconf 76' lang='grc' dir='ltr'>δόξαν</span> <span class='ocrx_word' id='word_1_755' title='bbox 1488 5517 1747 5580; x_wconf 78' lang='grc' dir='ltr'>αἰνέσεως</span> 
     </span>
    </p>
   </div>
   <div class='ocr_carea' id='block_1_104' title="bbox 164 5610 1745 5683">
    <p class='ocr_par' dir='ltr' id='par_1_104' title="bbox 164 5610 1745 5683">
     <span class='ocr_line' id='line_1_104' title="bbox 164 5610 1745 5683; baseline -0.001 -21"><span class='ocrx_word' id='word_1_756' title='bbox 164 5627 282 5668; x_wconf 85' lang='grc' dir='ltr'>σου.</span> <span class='ocrx_word' id='word_1_757' title='bbox 315 5610 393 5671; x_wconf 82' lang='grc' dir='ltr'><strong>είς</strong></span> <span class='ocrx_word' id='word_1_758' title='bbox 430 5610 780 5679; x_wconf 73' lang='grc' dir='ltr'>εὐχαριστίαν</span> <span class='ocrx_word' id='word_1_759' title='bbox 814 5610 942 5664; x_wconf 84' lang='grc' dir='ltr'>λαοῦ</span> <span class='ocrx_word' id='word_1_760' title='bbox 978 5629 1092 5678; x_wconf 82' lang='grc' dir='ltr'>σου,</span> <span class='ocrx_word' id='word_1_761' title='bbox 1141 5614 1219 5675; x_wconf 81' lang='grc' dir='ltr'>εἰς</span> <span class='ocrx_word' id='word_1_762' title='bbox 1270 5610 1745 5683; x_wconf 80' lang='grc' dir='ltr'>μεγαλοπρέπειαν</span> 
     </span>
    </p>
   </div>
   <div class='ocr_carea' id='block_1_105' title="bbox 160 5699 693 5769">
    <p class='ocr_par' dir='ltr' id='par_1_105' title="bbox 160 5699 693 5769">
     <span class='ocr_line' id='line_1_105' title="bbox 160 5699 693 5769; baseline 0.004 -17"><span class='ocrx_word' id='word_1_763' title='bbox 160 5700 255 5752; x_wconf 84' lang='grc' dir='ltr'><strong>τοῦ</strong></span> <span class='ocrx_word' id='word_1_764' title='bbox 288 5699 549 5769; x_wconf 77' lang='grc' dir='ltr'>ὀνόματός</span> <span class='ocrx_word' id='word_1_765' title='bbox 578 5718 693 5754; x_wconf 85' lang='grc' dir='ltr'>σου.</span> 
     </span>
    </p>
   </div>
   <div class='ocr_carea' id='block_1_106' title="bbox 230 5812 830 5877">
    <p class='ocr_par' dir='ltr' id='par_1_106' title="bbox 230 5812 830 5877">
     <span class='ocr_line' id='line_1_106' title="bbox 230 5812 830 5877; baseline 0.002 -11"><span class='ocrx_word' id='word_1_766' title='bbox 230 5813 273 5843; x_wconf 75' lang='grc' dir='ltr'>ἰ</span> <span class='ocrx_word' id='word_1_767' title='bbox 318 5812 459 5866; x_wconf 71' lang='lat' dir='ltr'><strong>l’sal.</strong></span> <span class='ocrx_word' id='word_1_768' title='bbox 504 5828 685 5877; x_wconf 66' lang='lat' dir='ltr'><strong>XXXIII,</strong></span> <span class='ocrx_word' id='word_1_769' title='bbox 749 5814 830 5867; x_wconf 91' lang='lat' dir='ltr'><strong>ll.</strong></span> 
     </span>
    </p>
   </div>
   <div class='ocr_carea' id='block_1_107' title="bbox 1852 4878 3434 4947">
    <p class='ocr_par' dir='ltr' id='par_1_107' title="bbox 1852 4878 3434 4947">
     <span class='ocr_line' id='line_1_107' title="bbox 1852 4878 3434 4947; baseline 0.001 -15"><span class='ocrx_word' id='word_1_770' title='bbox 1852 4878 2069 4934; x_wconf 84' lang='lat' dir='ltr'><strong>Patrem</strong></span> <span class='ocrx_word' id='word_1_771' title='bbox 2100 4878 2439 4947; x_wconf 82' lang='lat' dir='ltr'><strong>apportavit:</strong></span> <span class='ocrx_word' id='word_1_772' title='bbox 2465 4878 2560 4947; x_wconf 90' lang='lat' dir='ltr'><strong>qui</strong></span> <span class='ocrx_word' id='word_1_773' title='bbox 2595 4878 2649 4930; x_wconf 90' lang='lat' dir='ltr'><strong>in</strong></span> <span class='ocrx_word' id='word_1_774' title='bbox 2682 4878 2882 4933; x_wconf 66' lang='lat' dir='ltr'><strong>caelum</strong></span> <span class='ocrx_word' id='word_1_775' title='bbox 2902 4878 3095 4932; x_wconf 89' lang='lat' dir='ltr'><strong>oculos</strong></span> <span class='ocrx_word' id='word_1_776' title='bbox 3119 4878 3434 4934; x_wconf 86' lang='lat' dir='ltr'><strong>intendens:</strong></span> 
     </span>
    </p>
   </div>
   <div class='ocr_carea' id='block_1_108' title="bbox 1850 4968 3439 5043">
    <p class='ocr_par' dir='ltr' id='par_1_108' title="bbox 1850 4968 3439 5043">
     <span class='ocr_line' id='line_1_108' title="bbox 1850 4968 3439 5043; baseline 0.003 -20"><span class='ocrx_word' id='word_1_777' title='bbox 1850 4968 2017 5033; x_wconf 89' lang='lat' dir='ltr'><strong>Deus,</strong></span> <span class='ocrx_word' id='word_1_778' title='bbox 2046 4968 2248 5037; x_wconf 89' lang='lat' dir='ltr'><strong>inquit,</strong></span> <span class='ocrx_word' id='word_1_779' title='bbox 2282 4970 2654 5039; x_wconf 90' lang='lat' dir='ltr'><strong>omnipotens,</strong></span> <span class='ocrx_word' id='word_1_780' title='bbox 2684 4974 2777 5040; x_wconf 90' lang='lat' dir='ltr'><strong>qui</strong></span> <span class='ocrx_word' id='word_1_781' title='bbox 2817 4986 2927 5024; x_wconf 87' lang='lat' dir='ltr'><strong>non</strong></span> <span class='ocrx_word' id='word_1_782' title='bbox 2954 4980 3165 5025; x_wconf 84' lang='lat' dir='ltr'><strong>tantum</strong></span> <span class='ocrx_word' id='word_1_783' title='bbox 3216 4973 3439 5043; x_wconf 82' lang='lat' dir='ltr'><strong>jumen-</strong></span> 
     </span>
    </p>
   </div>
   <div class='ocr_carea' id='block_1_109' title="bbox 1852 5061 3439 5132">
    <p class='ocr_par' dir='ltr' id='par_1_109' title="bbox 1852 5061 3439 5132">
     <span class='ocr_line' id='line_1_109' title="bbox 1852 5061 3439 5132; baseline 0.003 -17"><span class='ocrx_word' id='word_1_784' title='bbox 1852 5062 1923 5116; x_wconf 90' lang='lat' dir='ltr'><strong>tis</strong></span> <span class='ocrx_word' id='word_1_785' title='bbox 1976 5061 2249 5132; x_wconf 88' lang='lat' dir='ltr'><strong>pullisque</strong></span> <span class='ocrx_word' id='word_1_786' title='bbox 2301 5078 2593 5117; x_wconf 86' lang='lat' dir='ltr'><strong>corvorum</strong></span> <span class='ocrx_word' id='word_1_787' title='bbox 2654 5064 3039 5119; x_wconf 87' lang='lat' dir='ltr'><strong>invocantibus</strong></span> <span class='ocrx_word' id='word_1_788' title='bbox 3063 5074 3135 5130; x_wconf 84' lang='lat' dir='ltr'><strong>te,</strong></span> <span class='ocrx_word' id='word_1_789' title='bbox 3166 5066 3262 5119; x_wconf 89' lang='lat' dir='ltr'><strong>sed</strong></span> <span class='ocrx_word' id='word_1_790' title='bbox 3288 5069 3439 5121; x_wconf 76' lang='lat' dir='ltr'><strong>omni</strong></span> 
     </span>
    </p>
   </div>
   <div class='ocr_carea' id='block_1_110' title="bbox 1854 5152 3438 5225">
    <p class='ocr_par' dir='ltr' id='par_1_110' title="bbox 1854 5152 3438 5225">
     <span class='ocr_line' id='line_1_110' title="bbox 1854 5152 3438 5225; baseline 0.005 -19"><span class='ocrx_word' id='word_1_791' title='bbox 1854 5154 2021 5207; x_wconf 90' lang='lat' dir='ltr'><strong>etiam</strong></span> <span class='ocrx_word' id='word_1_792' title='bbox 2078 5153 2228 5206; x_wconf 89' lang='lat' dir='ltr'><strong>carni</strong></span> <span class='ocrx_word' id='word_1_793' title='bbox 2277 5152 2375 5207; x_wconf 87' lang='lat' dir='ltr'><strong>das</strong></span> <span class='ocrx_word' id='word_1_794' title='bbox 2427 5169 2610 5209; x_wconf 88' lang='lat' dir='ltr'><strong>escam</strong></span> <span class='ocrx_word' id='word_1_795' title='bbox 2667 5169 2853 5221; x_wconf 86' lang='lat' dir='ltr'><strong>suam;</strong></span> <span class='ocrx_word' id='word_1_796' title='bbox 2918 5156 3011 5225; x_wconf 91' lang='lat' dir='ltr'><strong>qui</strong></span> <span class='ocrx_word' id='word_1_797' title='bbox 3062 5170 3161 5223; x_wconf 89' lang='lat' dir='ltr'><strong>per</strong></span> <span class='ocrx_word' id='word_1_798' title='bbox 3224 5158 3438 5215; x_wconf 67' lang='lat' dir='ltr'><strong>viszera</strong></span> 
     </span>
    </p>
   </div>
   <div class='ocr_carea' id='block_1_111' title="bbox 1852 5241 3439 5316">
    <p class='ocr_par' dir='ltr' id='par_1_111' title="bbox 1852 5241 3439 5316">
     <span class='ocr_line' id='line_1_111' title="bbox 1852 5241 3439 5316; baseline 0.003 -21"><span class='ocrx_word' id='word_1_799' title='bbox 1852 5241 2247 5297; x_wconf 76' lang='lat' dir='ltr'><strong>misericordia:</strong></span> <span class='ocrx_word' id='word_1_800' title='bbox 2275 5253 2402 5307; x_wconf 73' lang='lat' dir='ltr'><strong>tuac,</strong></span> <span class='ocrx_word' id='word_1_801' title='bbox 2422 5258 2521 5313; x_wconf 88' lang='lat' dir='ltr'><strong>per</strong></span> <span class='ocrx_word' id='word_1_802' title='bbox 2549 5244 2779 5298; x_wconf 88' lang='lat' dir='ltr'><strong>multam</strong></span> <span class='ocrx_word' id='word_1_803' title='bbox 2807 5245 3077 5301; x_wconf 87' lang='lat' dir='ltr'><strong>bonitatis</strong></span> <span class='ocrx_word' id='word_1_804' title='bbox 3119 5253 3225 5299; x_wconf 74' lang='lat' dir='ltr'><strong>tua:</strong></span> <span class='ocrx_word' id='word_1_805' title='bbox 3281 5246 3439 5316; x_wconf 74' lang='lat' dir='ltr'><strong>abys-</strong></span> 
     </span>
    </p>
   </div>
   <div class='ocr_carea' id='block_1_112' title="bbox 1850 5335 3435 5406">
    <p class='ocr_par' dir='ltr' id='par_1_112' title="bbox 1850 5335 3435 5406">
     <span class='ocr_line' id='line_1_112' title="bbox 1850 5335 3435 5406; baseline 0.004 -19"><span class='ocrx_word' id='word_1_806' title='bbox 1850 5349 1994 5396; x_wconf 88' lang='lat' dir='ltr'><strong>sum,</strong></span> <span class='ocrx_word' id='word_1_807' title='bbox 2024 5335 2274 5405; x_wconf 79' lang='lat' dir='ltr'><strong>pauculis</strong></span> <span class='ocrx_word' id='word_1_808' title='bbox 2300 5336 2537 5406; x_wconf 89' lang='lat' dir='ltr'><strong>panibus</strong></span> <span class='ocrx_word' id='word_1_809' title='bbox 2570 5338 2830 5392; x_wconf 87' lang='lat' dir='ltr'><strong>saturasti</strong></span> <span class='ocrx_word' id='word_1_810' title='bbox 2885 5338 3175 5392; x_wconf 85' lang='lat' dir='ltr'><strong>hominum</strong></span> <span class='ocrx_word' id='word_1_811' title='bbox 3227 5338 3395 5390; x_wconf 81' lang='lat' dir='ltr'><strong>millia</strong></span> <span class='ocrx_word' id='word_1_812' title='bbox 3422 5355 3435 5393; x_wconf 87' lang='lat'><strong>:</strong></span> 
     </span>
    </p>
   </div>
   <div class='ocr_carea' id='block_1_113' title="bbox 1851 5412 3439 5501">
    <p class='ocr_par' dir='ltr' id='par_1_113' title="bbox 1851 5412 3439 5501">
     <span class='ocr_line' id='line_1_113' title="bbox 1851 5412 3439 5501; baseline 0.003 -21"><span class='ocrx_word' id='word_1_813' title='bbox 1851 5426 1969 5481; x_wconf 69' lang='lat' dir='ltr'><strong>haec</strong></span> <span class='ocrx_word' id='word_1_814' title='bbox 1990 5442 2211 5497; x_wconf 86' lang='lat' dir='ltr'><strong>quoque</strong></span> <span class='ocrx_word' id='word_1_815' title='bbox 2243 5443 2416 5497; x_wconf 85' lang='lat' dir='ltr'><strong>pauca</strong></span> <span class='ocrx_word' id='word_1_816' title='bbox 2446 5427 2713 5483; x_wconf 85' lang='lat' dir='ltr'><strong>frumenti</strong></span> <span class='ocrx_word' id='word_1_817' title='bbox 2743 5430 2971 5501; x_wconf 74' lang='lat' dir='ltr'><strong>granula</strong></span> <span class='ocrx_word' id='word_1_818' title='bbox 3032 5412 3339 5499; x_wconf 81' lang='lat' dir='ltr'><strong>multiplica</strong></span> <span class='ocrx_word' id='word_1_819' title='bbox 3369 5429 3439 5485; x_wconf 81' lang='lat' dir='ltr'><strong>ad</strong></span> 
     </span>
    </p>
   </div>
   <div class='ocr_carea' id='block_1_114' title="bbox 1861 5519 3440 5594">
    <p class='ocr_par' dir='ltr' id='par_1_114' title="bbox 1861 5519 3440 5594">
     <span class='ocr_line' id='line_1_114' title="bbox 1861 5519 3440 5594; baseline 0.001 -19"><span class='ocrx_word' id='word_1_820' title='bbox 1861 5520 2094 5591; x_wconf 77' lang='lat' dir='ltr'><strong>gloriam</strong></span> <span class='ocrx_word' id='word_1_821' title='bbox 2124 5521 2328 5585; x_wconf 87' lang='lat' dir='ltr'><strong>laudis,</strong></span> <span class='ocrx_word' id='word_1_822' title='bbox 2348 5521 2413 5574; x_wconf 90' lang='lat' dir='ltr'><strong>ad</strong></span> <span class='ocrx_word' id='word_1_823' title='bbox 2438 5521 2736 5590; x_wconf 78' lang='lat' dir='ltr'><strong>gratiarum</strong></span> <span class='ocrx_word' id='word_1_824' title='bbox 2781 5524 3055 5579; x_wconf 84' lang='lat' dir='ltr'><strong>actionem</strong></span> <span class='ocrx_word' id='word_1_825' title='bbox 3121 5520 3334 5594; x_wconf 87' lang='lat' dir='ltr'><strong>populi,</strong></span> <span class='ocrx_word' id='word_1_826' title='bbox 3368 5519 3440 5577; x_wconf 77' lang='lat' dir='ltr'><strong>ad</strong></span> 
     </span>
    </p>
   </div>
   <div class='ocr_carea' id='block_1_115' title="bbox 1858 5612 2622 5685">
    <p class='ocr_par' dir='ltr' id='par_1_115' title="bbox 1858 5612 2622 5685">
     <span class='ocr_line' id='line_1_115' title="bbox 1858 5612 2622 5685; baseline 0.001 -18"><span class='ocrx_word' id='word_1_827' title='bbox 1858 5613 2201 5685; x_wconf 82' lang='lat' dir='ltr'><strong>majestatem</strong></span> <span class='ocrx_word' id='word_1_828' title='bbox 2232 5612 2471 5669; x_wconf 86' lang='lat' dir='ltr'><strong>nominis</strong></span> <span class='ocrx_word' id='word_1_829' title='bbox 2520 5613 2622 5668; x_wconf 89' lang='lat' dir='ltr'><strong>tui.</strong></span> 
     </span>
    </p>
   </div>
  </div>
