4092 6460
689 370 823 437 3111

1864 365 1924 423 S.
1961 358 2338 422 SYMEONIS
2375 351 2734 417 IUNIORIS

3795 344 3931 411 311?.

686 492 893 546 essent,
939 478 1228 541 enuntiat;
1290 491 1355 531 ac
1390 476 1762 546 precationem
1822 489 1948 529 cum
1996 471 2253 543 lacrymis

2367 466 2536 535 ιρύων
2568 465 2773 526 αὐτοῖς,
2801 459 2859 514 τὸ
2896 460 3053 530 μόνον
3089 459 3270 531 ίσχύον
3292 461 3436 515 κατὰ
3460 461 3559 531 τῆς
3591 461 3741 546 θείας
3768 464 3919 516 ἀπει-

688 574 906 637 indicit,
946 572 1124 627 solum
1152 584 1354 639 nempe
1387 568 1654 622 adversus
1696 565 1908 619 divinas
1951 564 2253 617 commina-

688 666 865 720 tiones
892 661 1222 722 remedium,
1268 668 1328 714 ut
1360 660 1531 714 Deum
1560 657 1665 711 sibi
1714 656 2013 726 propitium
2056 656 2254 710 redde-

686 764 830 811 rent.
878 755 1017 808 Dum
1076 753 1155 807 illi
1206 767 1333 806 mox
1394 749 1609 803 fructus
1675 748 2013 818 poenitentia:
2059 748 2253 818 dignos

686 846 895 902 faciunt
922 842 1349 909 contritionique
1367 839 1673 909 indulgent.
1693 840 1985 894 miseratus
2015 837 2255 909 Symeon

688 935 956 1004 lacrymas
994 931 1060 984 ad
1097 931 1272 983 Deum
1302 926 1561 991 cﬂ'undit,
1592 926 1861 996 l‘acrymas
1894 924 2253 993 multiplicem

686 1023 888 1077 elicere
917 1022 1057 1075 ccelo
1088 1018 1524 1073 misericordiam
1538 1017 1815 1071 valentes:
1845 1025 1956 1069 tum
1980 1015 2259 1069 modicum

687 1114 821 1184 quid
852 1111 1116 1166 frumenti
1150 1126 1214 1164 ex
1244 1111 1446 1177 horreo
1469 1108 1691 1163 allatum
1733 1122 1896 1160 manu
1950 1106 2255 1176 excipiens,

688 1212 855 1271 atque
886 1201 953 1255 ad
1008 1214 1230 1253 manum
1283 1198 1375 1251 Dei
1426 1210 1739 1265 supremam
1774 1195 2098 1265 respiciens,
2129 1194 2256 1249 inde

690 1292 1131 1347 benedictionem
1165 1289 1423 1358 precibus
1455 1286 1769 1353 accersivit,
1802 1303 1923 1359 quae
1947 1302 2073 1341 cum
2130 1303 2259 1357 ape-

690 1384 852 1447 ritur,
910 1380 1051 1435 solet
1107 1395 1269 1433 omne
1325 1377 1527 1433 animal
1584 1378 1837 1447 implere.
1898 1376 2256 1432 Frumentum

690 1479 874 1528 autem
908 1470 963 1541 (ο
988 1468 1308 1522 inusitatam
1345 1466 1769 1537 agriculturam!
1798 1482 1831 1519 o
1863 1464 2075 1519 semina
2131 1478 2256 1517 ora-

691 1561 878 1625 tionis,
946 1560 1186 1614 fertilem
1240 1573 1460 1627 quoque
1517 1567 1721 1611 terram
1755 1556 2079 1611 fertiliorem
2131 1554 2263 1609 red-

2362 557 2459 627 λῆς
2516 556 2829 624 φάρμακον,
2865 551 3006 604 ὥστε
3052 550 3423 625 διαλλαγῆναι,
3452 553 3641 621 φησιν,
3670 540 3823 623 ’ἡμῖν
3846 553 3934 605 τὸν

2362 650 2511 703 Θεόν.
2549 648 2671 699 Τῶν
2694 646 2750 699 δὲ
2788 644 3075 715 μετάνοιαν
3106 644 3270 709 ἀξίως
3299 643 3460 707 εὐθὺς
3492 644 3933 714 ἐπιδειξαμένων,

2365 739 2704 809 συναλγήσας
2720 736 2898 791 αὐτῶν
2911 739 2977 806 τῇ
2996 736 3272 809 συντριϐῇ,
3294 736 3389 790 καὶ
3416 736 3631 804 δάκρυα
3650 737 3788 805 πρὸς
3807 735 3936 789 Θεὶν

2362 834 2557 904 ἐκχέας
2600 832 2668 884 τὰ
2704 831 2871 883 πολὺν
2928 827 3134 882 ἐκεῖθεν
3191 829 3370 882 ἕλκειν
3411 828 3691 897 δυνάμενα
3716 825 3933 900 [ἔλεον],

2366 920 2510 975 σῖτόν
2537 936 2596 969 τε
2620 918 2822 989 βραχὺν
2842 919 2905 970 ἐκ
2923 916 3019 969 τοῦ
3042 916 3262 979 σιτῶνος
3280 918 3611 987 κομισθέντα
3630 916 3810 969 λαϐὼν
3824 919 3937 979 ταῖς

2364 1013 2543 1083 χερσὶ,
2588 1012 2681 1063 καὶ
2748 1009 2883 1081 πρὸς
2922 1010 3079 1079 χεῖρα
3126 1008 3285 1061 πάλιν
3346 1009 3509 1071 αὐτὸς
3556 1009 3658 1079 τὴν
3728 1008 3937 1077 ὑψηλὴν

2368 1105 2512 1169 ίδὼν,
2543 1103 2642 1173 τὴν
2668 1100 2726 1166 ἐξ
2749 1101 2917 1169 αὐτῆς
2944 1099 3218 1169 ἐπηύξατο
3259 1098 3528 1163 εὐδοκίαν,
3561 1102 3594 1169 ἦ
3627 1102 3736 1152 πᾶν
3770 1100 3938 1168 ἐμπι-

2363 1195 2503 1268 πλᾷν
2552 1192 2659 1247 οἵδε
2690 1191 2830 1256 ζῶον
2865 1192 3191 1261 ἀνοιγομένη
3211 1206 3225 1220 ⁸
3262 1192 3355 1243 καὶ
3380 1193 3408 1243 ὁ
3434 1195 3583 1253 σῖτος
3614 1190 3682 1262 (ὣ
3709 1188 3939 1260 παραδό-

2364 1285 2454 1350 ξου
2483 1286 2755 1355 γεωργίας
2782 1287 2795 1340 1
2827 1284 2873 1338 ὣ
2903 1286 3235 1353 σπερμάτων
3262 1284 3428 1354 εὐχῆς
3457 1286 3559 1338 καὶ
3592 1285 3699 1353 γῆν
3728 1284 3941 1352 ἀγαθὴν

2365 1380 2444 1441 είς
2493 1378 2821 1448 γονιμότητα
2883 1375 3187 1446 παριούσης
3224 1375 3263 1445 1)
3286 1374 3503 1445 ηὕξετο,
3537 1376 3704 1446 μέχρι
3747 1372 3938 1426 πολλοῦ

2363 1468 2486 1529 ταῖς
2520 1467 2731 1537 χρείαις
2767 1460 3015 1536 ἀφθόνως
3062 1465 3371 1535 ὑπηρετῶν,
3406 1466 3503 1519 καὶ
3568 1462 3712 1537 μηδ’.
3766 1462 3941 1519 ὁτιοῦν

2370 1558 2596 1610 ὲλαττού
2606 1574 2787 1627 μενος.

688 1651 942 1720 dentis!)
1012 1650 1310 1720 plurimum
1362 1663 1701 1718 augescens,
1756 1648 1811 1701 in
1865 1648 2245 1719 longissimum
2286 1655 2505 1719 tempus
2556 1649 2681 1704 usui
2742 1649 3021 1705 communi
3089 1648 3566 1706 abundantissime
3619 1645 3939 1711 suﬂiciebat,

691 1758 870 1814 neque
902 1742 1182 1797 minimam
1216 1749 1425 1809 partem
1452 1739 1825 1793 minuebatur.

2132 1847 2360 1904 CAPUT
2390 1847 2554 1903 XVII.

1636 1963 1804 2016 1rmat
1848 1952 2201 2015 suos'contra
2228 1962 2492 2015 daemones
2539 1961 2691 2014 varia
2721 1958 3014 2015 molientes.

769 2086 890 2141 1'55.
922 2084 1215 2153 Aliquanto
1234 2092 1360 2153 post
1384 2083 1545 2138 aliam
1570 2098 1761 2137 rursus
1784 2082 1950 2137 habet
1971 2082 2262 2147 visionem,

2438 2083 2569 2152 pite'.
2616 2077 2883 2152 Ἐωράκει
2932 2081 3070 2152 μετὰ
3133 2082 3326 2152 χρόνον
3374 2082 3500 2135 τινὰ
3556 2082 3723 2136 πάλιν
3769 2082 3943 2153 ὕψινὸ

691 2192 815 2246 qua
833 2176 1011 2229 virum
1036 2190 1175 2245 pene
1194 2174 1539 2227 exanimabat
1563 2191 1575 2225 :
1598 2172 1803 2227 coactis
1821 2174 1874 2227 in
1894 2188 2063 2227 unum
2082 2172 2266 2226 fratri-

691 2268 834 2322 bus:
872 2266 1044 2323 State.
1076 2265 1274 2333 inquit,
1310 2274 1367 2319 ut
1417 2278 1717 2335 generosos
1757 2264 1937 2329 decet,
1994 2264 2263 2318 adversus

693 2356 1078 2426 impendentes
1111 2354 1483 2409 tentationes:
1539 2356 1792 2425 permisit
1834 2355 2039 2423 quippe
2082 2352 2267 2407 Domi-

691 2460 798 2500 nus
829 2461 922 2499 vos
948 2444 1167 2507 tentari,
1195 2451 1254 2497 ut
1282 2452 1338 2497 et
1387 2444 1765 2513 splendidiore
1822 2457 1921 2497 vos
1959 2441 2267 2496 circumdet

692 2553 914 2592 corona.
931 2536 1157 2590 Librum
1176 2536 1341 2604 igitur
1353 2535 1456 2590 Job
1487 2536 1791 2605 praphetm,
1811 2549 1878 2589 ex
1907 2550 2016 2604 quo
2037 2539 2267 2587 noverat

693 2628 828 2698 ipsis
862 2637 917 2682 et
947 2627 1301 2681 tolerantiam
1336 2642 1555 2693 augere,
1606 2637 1664 2681 et
1712 2642 1965 2693 supernae
2016 2625 2267 2679 consola-

694 2720 861 2773 tionis
910 2733 1063 2787 spem
1093 2717 1476 2781 corroborare,
1502 2716 1556 2769 in
1595 2732 1792 2770 manus
1818 2717 1993 2785 capit:
2017 2715 2260 2769 indicto-

693 2824 801 2881 que
851 2809 1066 2863 cunctis
1112 2808 1332 2861 silentio
1390 2816 1553 2876 atque
1603 2807 1930 2867 attentione,
2005 2821 2035 2859 a
2082 2804 2263 2874 capite

693 2916 854 2956 orsus
876 2900 942 2955 ad
977 2900 1183 2955 calcem
1221 2911 1397 2967 usque
1424 2898 1628 2952 librum
1664 2896 1990 2967 explicando
2023 2895 2263 2950 evolvit:

694 2994 872 3047 sicubi
903 3006 1034 3045 vero
1072 2990 1335 3060 quiddam
1366 2990 1730 3059 proverbialis
1780 2986 2025 3043 notionis
2068 3001 2267 3041 occur-

694 3091 864 3144 reret,
896 3081 949 3134 id
975 3090 1031 3135 et
1054 3078 1300 3149 penitius
1347 3078 1692 3142 enucleabat,
1727 3085 1783 3131 et
1828 3077 2091 3131 latentem
2116 3073 2171 3127 in
2201 3089 2269 3127 eo

690 3187 920 3226 sensum
995 3170 1226 3238 spiritus
1302 3171 1483 3239 ipsum
1558 3167 1919 3223 illurninantis
1976 3164 2270 3234 splendore

694 3260 1043 3323 illustrabat;
1080 3258 1413 3328 tandemque
1439 3258 1884 3312 adhortationem
1915 3272 1982 3310 ex
2005 3253 2269 3324 Apostolo

694 3348 980 3403 commode
1038 3347 1424 3410 concludebat,
1488 3348 1568 3401 sic
1602 3340 1861 3416 inquiens
1894 3363 1908 3399 :
1944 3342 2265 3406 Audivistis,

693 3443 826 3513 quid
841 3444 943 3498 Job
962 3443 1324 3508 sustinuerit;
1356 3450 1411 3497 et
1436 3414 1771 3512 cognovistis
1786 3454 1951 3510 quem
1981 3437 2264 3492 sibillnem
2293 3414 2336 3472 (ἶ

698 3536 960 3592 Dominus
990 3534 1247 3587 habuerit
1272 3531 1554 3602 praeﬁxum
1582 3549 1594 3584 :
1628 3529 1774 3585 State
1814 3531 1976 3598 igitur
2021 3527 2269 3581 succincti

695 3628 895 3680 tumbos
924 3636 1122 3680 vestros
1151 3627 1204 3678 in
1237 3627 1460 3678 veritate
1485 3633 1532 3677 et
1559 3621 1783 3677 calceoli
1814 3620 1968 3692 pedes
2000 3622 2054 3673 in
2086 3619 2269 3673 Evan-

693 3718 828 3789 gelia
861 3719 1023 3786 pacis,
1052 3719 1104 3770 in
1126 3716 1365 3771 omnibus
1392 3724 1653 3769 sumentes
1676 3722 1881 3768 scutum
1913 3711 2057 3780 ﬁdei.
2080 3713 2133 3763 in
2164 3726 2266 3781 quo

693 3808 900 3877 possitis
924 3807 1027 3858 tela
1068 3807 1368 3875 nequissimi
1394 3807 1550 3875 ignea
1568 3805 1893 3875 exstinguere
1912 3804 1978 3854 ".
2008 3802 2267 3855 Existimo

695 3898 833 3950 enim
866 3896 1005 3965 quod
1032 3912 1135 3948 non
1154 3904 1277 3948 sunt
1325 3896 1595 3965 condigna:
1626 3898 1893 3965 passiones
1923 3894 2079 3964 hujus
2134 3900 2266 3944 tem-

694 3988 835 4057 poris
858 3987 925 4038 ml
947 3988 1183 4055 futuram
1207 3986 1433 4055 gloriam
1461 4003 1578 4056 (μιαν
1603 3985 1919 4039 revelabitur
1944 3984 1998 4037 in
2020 3983 2163 4036 nobis
2179 3983 2223 4013 "
2248 3996 2263 4035 :

693 4080 748 4132 id
774 4078 912 4131 cnim
950 4076 1090 4146 quod
1118 4077 1173 4128 in
1210 4078 1453 4145 pra‘senti
1485 4085 1560 4130 est
1590 4085 2014 4130 momentaueum
2041 4072 2265 4125 tribula-

687 4169 849 4221 tionis
873 4176 1087 4231 nostm',
1126 4183 1289 4237 supra
1313 4168 1527 4219 modum
1582 4168 1634 4219 in
1660 4166 1980 4219 sublimitate
2011 4174 2267 4221 wternum

692 4258 877 4330 gloria:
904 4258 1106 4327 pondus
1140 4266 1391 4327 Operatur
1429 4258 1482 4310 in
1541 4258 1717 4310 nobis:
1761 4273 1867 4309 non
1904 4253 2266 4324 contemplan-

694 4348 829 4401 tibus
864 4347 1009 4400 nobis
1076 4362 1192 4416 qua’
1238 4348 1497 4409 cillentur,
1555 4346 1645 4399 sed
1688 4360 1803 4415 qua:
1851 4361 1955 4398 non
1993 4344 2266 4398 ridentur:

693 4440 968 4509 quwenim
1034 4438 1301 4495 videntur.
1361 4436 1677 4507 temporalia
1731 4447 1891 4501 sunt;
1933 4451 2051 4505 qua:
2093 4443 2267 4487 autem

692 4545 800 4584 non
819 4529 1081 4594 videntur,
1104 4536 1301 4582 wterna
1318 4529 1386 4582 ".

763 4805 884 4861 136.
913 4804 1011 4859 His
1030 4803 1193 4858 dictis
1220 4818 1287 4856 ex
1306 4802 1414 4857 imo
1435 4802 1601 4857 corde
1623 4802 1860 4872 graviter
1882 4802 2263 4872 ingemiscens,

690 4896 959 4968 lacrymas
986 4910 1206 4965 quoque
1234 4893 1548 4949 admiscens
1577 4893 1890 4964 gemitibus,
1914 4878 2155 4958 Fratres,
2184 4893 2268 4946 in-

689 4986 833 5054 quit,
887 4992 1104 5054 tempus
1148 4984 1395 5038 certandi
1440 4991 1526 5037 est
1577 4998 1589 5033 :
1646 4982 1864 5052 vigilate
1912 4981 2115 5051 itaque,
2166 4997 2270 5037 nec

692 5077 859 5134 lateat
904 5089 1237 5144 quemquam
1292 5073 1566 5136 diabolus,
1614 5073 1708 5141 qui
1750 5071 2126 5127 fraudulenter
2174 5088 2272 5127 vos

692 5175 867 5221 tentat
915 5165 1342 5220 circumvenire.
1403 5152 1589 5220 Nostis
1634 5163 1837 5233 quippe
1877 5164 2022 5233 quod
2075 5164 2270 5218 domus

692 5256 1035 5311 tabernaculi
1082 5257 1281 5321 nostri,
1317 5272 1440 5325 qua:
1482 5270 1650 5325 super
1682 5263 1880 5309 terram
1917 5262 2020 5319 est,
2070 5254 2267 5308 dissol-

690 5347 868 5402 venda
904 5348 1010 5412 sit;
1039 5348 1135 5401 sed
1169 5348 1353 5411 aliam,
1397 5362 1508 5401 non
1547 5345 1936 5409 manufactam,
1965 5346 2263 5414 repositam

691 5438 964 5493 habemus
1015 5439 1069 5492 in
1102 5439 1257 5495 cmlis
1310 5454 1446 5502 nos,
1498 5440 1589 5509 qui
1638 5438 1984 5493 ambulamus
2035 5438 2089 5490 in
2146 5438 2264 5507 lege

688 5528 931 5594 Domini,
971 5530 1314 5600 praeferentis
1345 5530 1599 5585 cordibus
1653 5529 1858 5585 nostris
1904 5530 2089 5583 lumen
2122 5531 2263 5599 ejus,

686 5620 835 5693 quod
880 5637 1100 5692 gressus
1144 5618 1362 5676 nostros
1408 5623 1605 5692 dirigat
1651 5621 1719 5675 ad
1775 5636 1832 5674 se
1893 5620 2125 5689 Hujusce
2161 5620 2264 5673 do-

756 5754 800 5783 "
840 5756 1036 5825 Ephcs.
1091 5774 1161 5820 γι,
1213 5757 1399 5810 14-18.

2367 2170 2613 2240 Συμεὼν,
2658 2169 2727 2223 τὰ
2758 2170 2814 2223 δὲ
2844 2169 3077 2239 ὀφθέντα
3116 2172 3217 2241 τὴν
3267 2170 3433 2224 αὐτοῦ
3481 2171 3664 2241 ψυχὴν
3711 2172 3941 2241 ἀθυμίας

2368 2262 2607 2330 ἐπλήρου
2636 2279 2651 2293 ο
2716 2262 2811 2315 καὶ
2865 2261 3205 2328 συγκαλέσας
3265 2262 3391 2324 τοὺς
3455 2261 3729 2332 μαθητὰς,
3777 2263 3939 2333 Στῆτε

2367 2352 2650 2419 γενναίως,
2676 2350 2917 2419 ἀδελφοὶ,
2951 2352 3089 2421 πρὸς
3122 2353 3244 2414 τοὺς
3291 2351 3586 2421 μέλλοντας
3640 2353 3942 2420 ἐπάγεσθαι

2371 2444 2736 2513 πειρασμοὺς,
2765 2441 2870 2512 ἔφη
2904 2462 2907 2463 ν
2956 2441 3345 2514 συγκεχώρηκε
3377 2443 3485 2512 γὰρ
3522 2445 3551 2496 ὁ
3582 2442 3790 2514 Κύριος
3824 2461 3942 2497 πει-

2374 2533 2640 2604 ρασθῆναι
2695 2534 2861 2603 ὑμᾶς,
2903 2532 2990 2587 ἵνα
3023 2534 3119 2586 καὶ
3163 2533 3546 2604 λαμπρότερον
3590 2535 3939 2608 στεφανῶσῃ.

2367 2622 2449 2675 Τὰ
2484 2621 2628 2675 κατὰ
2678 2622 2768 2675 τὸν
2811 2620 2929 2674 Ἰὼϐ
2973 2624 3154 2675 τοίνυν
3188 2621 3368 2677 λαϐὼν
3395 2622 3539 2695 (ὅθεν
3588 2624 3778 2686 αὐτοῖς
3832 2624 3940 2695 ᾔδει

2367 2715 2462 2767 καὶ
2507 2715 2606 2784 τὴν
2662 2714 2939 2784 ὑπομονὴν
2990 2715 3277 2779 ἐπιτεῖναι,
3312 2718 3407 2769 καὶ
3461 2716 3559 2787 τὴν
3615 2714 3812 2783 ἐλπῖᾷα
3846 2718 3940 2786 τῆς

2367 2805 2572 2860 ἄνωθεν
2614 2805 3011 2876 παρακλήσεως
3040 2808 3395 2878 ἐπιρρῶσαι),
3430 2810 3524 2861 καὶ
3568 2809 3736 2862 πᾶσιν
3762 2811 3939 2873 αὐτοῖς

2370 2896 2526 2967 σιγὴν
2569 2895 2705 2965 ὁμοῦ
2736 2896 2830 2949 καὶ
2864 2897 3137 2967 προσοχὴν
3190 2899 3593 2969 παραγγείλας,
3619 2901 3685 2952 ὲκ
3754 2917 3938 2970 προοιο

2371 2988 2511 3059 μίων
2559 2988 2720 3050 εὐθὺς
2766 2986 3091 3058 ἀρξάμενος,
3123 2988 3251 3060 ἄχρι
3290 2990 3478 3054 τέλους
3504 2992 3693 3055 αὐτοῖς
3744 2992 3938 3064 διεξῄει

2367 3078 2466 3148 τὴν
2503 3077 2682 3147 βίϐλον
2706 3098 2719 3112 ο
2758 3078 2812 3131 εί
2846 3078 2951 3132 πού
2978 3096 3030 3131 τι
3052 3079 3160 3132 τῶν
3211 3081 3599 3151 παροιμιωδῶν
3646 3082 3825 3152 τύχοι,
3851 3082 3939 3136 καὶ

2372 3169 2687 3240 βαθυτέρων
2724 3168 2977 3235 ἐπεξιὼν,
3010 3169 3104 3222 καὶ
3130 3178 3224 3221 τον
3249 3171 3308 3222 ἐν
3336 3171 3520 3233 αὐτοῖς
3560 3173 3936 3242 κρυπτόμενον

2368 3258 2447 3328 τῷ
2472 3259 2667 3328 φέγγει
2694 3257 2786 3311 τοῦ
2817 3260 2874 3310 ὲν
2908 3259 3056 3327 αὐτῷ
3078 3258 3405 3329 ’Πνεύματος
3428 3260 3660 3324 ἐκείνοις
3691 3262 3939 3332 διαςρωτί-

2371 3349 2501 3416 ζων,
2534 3348 2652 3403 εἶτα
2682 3352 2823 3402 κατὰ
2851 3350 3043 3419 καιρὸν
3072 3350 3137 3404 ὲκ
3163 3352 3258 3405 τοῦ
3301 3352 3622 3407 Ἀποστόλου
3674 3332 3926 3426 διεπερᾶ-

2368 3458 2495 3493 νατο
2547 3441 2646 3510 τὴν
2700 3440 3021 3511 παραίνεσιν
3086 3442 3305 3509 αὐτοῖς,
3332 3443 3506 3508 οὕτως
3561 3446 3736 3500 είπὼν
3763 3460 3780 3475 ·
3834 3447 3937 3516 Τὴν

2370 3533 2650 3603 ὑπομονὴν
2699 3531 2819 3585 Ἰὼϐ
2848 3532 3140 3601 ἠκούσατε,
3173 3533 3270 3587 καὶ
3299 3535 3361 3589 τὸ
3390 3536 3543 3599 τέλος
3571 3537 3781 3607 Κυρίου
3805 3539 3933 3590 εἰδε-

2368 3641 2427 3678 τε
2455 3641 2468 3654 ·
2501 3624 2691 3692 Στῆτσ
2720 3620 2835 3679 οὖν
2864 3623 3319 3693 περιζωσάμενοι
3369 3627 3486 3695 τὴν
3522 3629 3731 3699 ὀσφὺν
3774 3630 3936 3700 ὑμῶν

2368 3717 2728 3783 ὲνὰληθείᾳ,
2760 3715 2858 3769 καί
2918 3715 3369 3786 ὑποδησάμενοι
3426 3720 3573 3785 τοὺς
3624 3722 3821 3790 πόδας
3870 3724 3933 3776 ἐν

2369 3810 2712 3877 Εὑαγγελίῳ
2740 3806 2849 3876 τῆς
2876 3809 3149 3878 εἰρήνης,
3186 3810 3286 3863 ἐπὶ
3315 3808 3506 3865 πᾶσιν
3532 3813 3934 3878 ἀναλαϐόντες

2367 3897 2475 3950 τὸν
2527 3896 2741 3965 θυρεὸν
2806 3894 2916 3963 τῆς
2979 3898 3254 3962 πίστεως,
3289 3899 3360 3950 ἐν
3385 3890 3433 3964 ᾧ
3476 3898 3827 3966 δυνήσεσθε
3868 3898 3932 3950 τὰ

2372 3987 2519 4053 βέλη
2579 3986 2686 4040 τοῦ
2738 3986 3009 4055 πονηροῦ
3042 3987 3113 4039 τὰ
3138 3989 3532 4056 πεπυρωμένα
3555 3990 3797 4045 σϐέσαι.
3829 3996 3931 4047 Δο-

2366 4078 2587 4149 τίζομαι
2622 4077 2730 4147 γὰρ
2753 4078 2841 4131 ὅτι
2868 4079 2980 4131 οὐκ
3014 4077 3151 4141 ἀξια
3203 4078 3276 4131 τὰ
3322 4078 3641 4148 παθήματα
3672 4082 3779 4135 τοῦ
3826 4081 3931 4133 νῦν

2367 4169 2575 4237 καιροῦ
2601 4168 2750 4235 πρὸς
2778 4168 2894 4234 τὴν
2910 4168 3268 4236 μέλλουσαν
3292 4167 3487 4230 δόξαν
3504 4168 3929 4239 ἀποκαλυφθῆ-

2368 4278 2463 4315 ναι
2492 4264 2579 4325 εἰς
2600 4258 2776 4327 ἡμᾶς’
2810 4260 2875 4313 τὸ
2897 4260 3007 4329 γὰρ
3028 4259 3363 4327 παραυτίκα
3389 4260 3663 4329 ἐλαφρὸν
3690 4260 3801 4328 τῆς
3818 4262 3933 4316 θλί-

2367 4358 2528 4424 ;lrswc
2560 4353 2729 4420 ἡμῶν
2762 4353 2891 4406 καθ’
2922 4354 3268 4421 ὑπερϐολὴν
3311 4357 3397 4421 εις
3437 4356 3791 4425 ὑπερϐολὴν
3817 4356 3930 4411 αἰὼ-

2368 4462 2504 4499 νιον
2529 4443 2729 4512 ,βάρος
2774 4445 2958 4511 δόξης
3001 4445 3409 4513 κατεργάζεται
3444 4447 3594 4515 ἡμῖν
3628 4463 3644 4477 ·
3666 4447 3753 4517 μὴ
3799 4465 3932 4502 σκο-

2371 4534 2644 4587 πούντων
2697 4533 2869 4602 ἡμῶν
2919 4536 2992 4587 τὰ
3058 4536 3428 4604 βλεπεψενα,
3494 4538 3661 4591 ἀλλὰ
3742 4539 3816 4592 τὰ
3855 4540 3930 4608 μὴ

2364 4626 2716 4692 ,ϐλεπόμενα
2739 4639 2751 4654 ·
2784 4626 2857 4680 τὰ
2911 4626 3021 4695 γὰρ
3063 4627 3417 4696 βλεπόμενα
3471 4629 3832 4699 πρόσκαιρα,
3867 4629 3935 4684 τὰ

2301 4735 2346 4792 η
2372 4715 2441 4767 δέ
2471 4716 2557 4783 μὴ
2581 4716 2933 4786 ,βλεπόμενα
2971 4715 3199 4771 αἰώνια.

2446 4806 2591 4877 ρλς’.
2622 4807 2853 4860 Ἔπειτα
2887 4808 3068 4877 μέντοι
3089 4808 3269 4877 βύθιόν
3294 4826 3345 4862 τι
3371 4810 3464 4863 καὶ
3496 4809 3637 4880 βαρὺ
3670 4810 3931 4875 στενάξας.

2373 4894 2452 4964 τῷ
2516 4895 2803 4965 στεναγμῷ
2833 4897 2888 4949 δὲ
2920 4896 3158 4968 κεράσας
3210 4900 3304 4951 καὶ
3352 4898 3626 4969 δάκρυονο
3668 4899 3929 4966 Ἀγὼνων,

2374 4983 2616 5052 ἀδελφοὶ,
2642 4984 2851 5055 καιρὸς,
2883 4986 2985 5056 ἔφη
3009 5003 3022 5016 ·
3057 4992 3377 5060 γρηγορεῖτε
3406 4985 3523 5051 οὖν,
3559 4989 3635 5060 μὴ
3667 4988 3802 5060 λάθῃ
3827 4989 3933 5049 τινὰ

2365 5078 2553 5141 δολίως
2590 5081 2617 5131 ὁ
2655 5082 2887 5149 πονηρὸς
2921 5081 3199 5147 δελεάσας.
3239 5084 3427 5137 Οίόατε
3461 5084 3573 5154 γὰρ
3607 5085 3684 5148 ὡς
3730 5087 3764 5154 ἡ
3814 5084 3925 5137 trti-

2364 5185 2512 5237 γειος
2564 5169 2725 5239 ἡμῶν
2774 5171 2921 5224 οἰκία
2971 5174 3062 5225 τοῦ
3092 5176 3323 5243 σκήνους
3348 5174 3666 5245 λυθήσεται,
3694 5175 3809 5228 ἀλλ’
3844 5176 3931 5245 ηὑ-

2371 5260 2664 5329 τρὲπισται
2703 5264 2839 5332 ἡμῖν
2868 5264 3282 5336 ἀχειροποίητος
3312 5267 3371 5318 ὲν
3405 5265 3661 5335 οὐρανοῖς
3692 5267 3750 5318 ὲν
3796 5266 3930 5335 νόμῳ

2370 5348 2569 5420 δηλαδὴ
2601 5352 2807 5421 Κυρίου
2837 5354 3242 5425 πορευομένοις,
3278 5354 3404 5425 παρ’
3429 5355 3597 5409 αὑτοῦ
3636 5374 3693 5411 τε
3730 5357 3823 5409 τὸν
3849 5358 3933 5424 τῆς

2372 5440 2597 5510 καρδίας
2625 5442 2819 5513 λύχνον
2849 5445 3257 5515 φωτιζομένοις,
3283 5446 3687 5500 κατευθύνοντα
3715 5447 3784 5501 τὰ
3817 5448 3933 5518 πρὸς

2372 5532 2578 5583 ἐκεῖνον
2637 5532 2793 5601 ἡμῶν
2842 5534 3152 5605 διαϐήματα
3176 5552 3189 5566 ·
3225 5529 3295 5608 ἦς
3327 5535 3450 5607 his;
3486 5554 3575 5607 μοι
3620 5538 3762 5591 κατὰ
3796 5536 3933 5607 τήνδε

2372 5620 2472 5690 τὴν
2504 5620 2675 5674 νύκτα
2702 5624 2885 5693 σαφῶς
2919 5626 3176 5698 ἐγνώρισε
3203 5627 3300 5700 τὴν
3328 5628 3613 5695 ἀνάϐασιν,
3652 5628 3749 5681 καὶ
3774 5628 3849 5691 είς
3880 5626 3935 5696 ἣν

1490 5758 1531 5787 ⁸³
1574 5759 1728 5811 Reiz).
1772 5774 1883 5820 ινιτ,
1935 5756 2017 5809 18.
2093 5758 2136 5787 ’³⁸
2167 5756 2212 5810 lI
2242 5756 2370 5811 Cor.
2414 5775 2487 5826 tv,
2528 5758 2731 5826 17,18.
