4092 6474
206 401 350 468 3H3

1219 410 1392 469 VITA
1430 413 1476 469 Α
1515 412 1954 473 NICEPHORO
1994 415 2480 477 CONSCRIPTA.

3357 420 3502 486 31H

208 521 519 590 πρόδρομος
573 524 728 593 ἡμῶν
783 524 1125 596 εἰσελήλυθεν
1175 530 1200 580 ὁ
1241 528 1524 598 ἀγαπητδς
1579 531 1783 598 ἀδελφὰ

1910 552 2034 588 lllllS
2068 535 2205 590 visio
2257 536 2358 588 hac
2403 535 2517 603 ipsa
2578 535 2712 587 mihi
2755 543 2914 589 nocte
2965 534 3280 592 luculenter
3331 551 3497 593 mon-

220 617 500 686 Ἰωάννης,
543 612 603 669 οὗ
636 619 726 670 καὶ
755 619 868 688 βίον
902 622 993 673 καὶ
1029 624 1231 691 τρόπον
1273 623 1428 675 αὐτοὶ
1462 625 1678 688 πάντως
1705 629 1807 680 οὐκ

212 710 480 770 ἀγνοεῖτε,
514 710 562 761 οἱ
600 710 698 762 καὶ
748 711 1001 764 κοινωνὸν
1059 711 1153 765 τοῦ
1201 714 1340 764 mea
1371 713 1502 765 Θεὸν
1548 715 1666 785 βίου
1716 717 1806 769 τὸν

206 799 382 867 ἄνδρα
437 802 815 870 πεποιημένοι,
862 805 956 855 καὶ
993 803 1103 854 τῶν
1153 807 1535 874 πνευματικῶν
1581 806 1807 874 ἀγώνων

208 890 560 956 συνάμιλλον.
597 893 830 946 Δέκατον
861 895 986 965 γὰρ,
1014 896 1253 964 ἀδελφοὶ,
1290 897 1449 949 τοῦτο
1473 898 1592 961 ἔτος
1632 900 1805 969 ἀγρυ-

205 983 361 1034 πνῶν
391 984 529 1054 ὑπὲρ
563 985 671 1037 τῶν
701 987 982 1055 ὑμετέρων
1021 988 1231 1057 ψυχῶν,
1272 989 1365 1041 καὶ
1403 990 1655 1055 δεόμενος
1708 993 1800 1046 τοῦ

204 1073 345 1125 Θεοῦ
389 1076 527 1141 μετὰ
565 1077 816 1147 δακρύων
842 1080 940 1132 οὐκ
973 1081 1321 1150 ἐπαυσάμην,
1357 1081 1432 1143 ὡς
1474 1082 1630 1150 λόγον
1663 1085 1798 1136 ἁπο-

202 1166 392 1218 δσῦναι
419 1168 626 1235 μέλλων
659 1172 796 1241 ὑπὲρ
831 1174 984 1242 ὑμῶν
1007 1189 1018 1202 ·
1054 1177 1175 1227 ἐπεὶ
1219 1176 1310 1228 καὶ
1339 1177 1524 1230 τοῦτον
1554 1177 1665 1242 ἐγὼ
1704 1195 1798 1244 φο-

203 1255 412 1323 Εοῦμαι
441 1260 527 1310 τὸν
568 1261 730 1326 φόϐον
770 1265 875 1323 ἀεὶ,
911 1265 985 1332 μὴ
1017 1267 1123 1316 τῶν
1149 1268 1417 1334 ὰσιέντων
1448 1269 1516 1320 τὰ
1548 1267 1797 1338 πρόϐατα

205 1348 499 1414 μισθωτῶν
544 1353 635 1404 καὶ
677 1356 1005 1420 φευγόντων,
1040 1351 1120 1419 οἷς
1152 1358 1306 1424 ὀλίγα
1339 1359 1494 1427 μέλει
1546 1360 1675 1428 περὶ
1702 1358 1797 1410 αύ-

199 1438 335 1498 τῶν,
377 1443 470 1492 καὶ
507 1444 566 1493 ού
598 1445 704 1494 τῶν
739 1445 1013 1514 ποιμένων
1058 1441 1138 1510 εἷς
1169 1449 1398 1518 εὑρεθῶ,
1431 1449 1538 1502 τῶν
1575 1451 1668 1502 καὶ
1696 1450 1796 1517 ψυ-

199 1532 307 1598 χὴν
337 1534 505 1602 αὐτὴν
547 1535 714 1602 ἡδέως
742 1539 838 1605 τῆς
873 1540 1107 1614 ποίμνης
1143 1541 1508 1609 προϊεμένων.

1908 627 2102 680 stravit
2133 641 2418 680 ascensum
2443 635 2693 680 nostrum
2717 643 2730 689 ;
2761 625 2814 679 in
2843 640 3005 695 quam
3030 635 3086 681 et
3112 627 3393 696 ingressus
3415 639 3502 683 est

1908 720 2146 774 dilectus
2195 719 2364 773 frater
2406 719 2668 781 Joannes,
2713 718 3046 786 prodromus
3074 729 3305 788 noster;
3341 722 3504 792 cujus

1907 822 1964 866 et
2003 814 2170 866 vitam
2210 821 2264 865 et
2314 826 2496 865 mores
2541 826 2641 865 vos
2695 811 2798 880 ipsi
2840 811 3094 881 ignorare
3150 828 3501 882 nequaquam

1908 906 2161 973 potestis,
2214 904 2310 972 qui
2346 912 2401 956 et
2440 903 2765 972 participem
2817 904 3060 958 cmlestis
3113 904 3240 959 vitze
3292 904 3503 960 fecistis

1911 994 2089 1057 illum,
2121 1004 2175 1048 et
2200 994 2255 1048 in
2288 993 2562 1063 spirituali
2593 994 2842 1063 palaestra
2875 993 3148 1047 habuistis
3170 995 3506 1050 commilito-

1909 1101 2057 1139 nem.
2109 1085 2368 1140 Decimus
2402 1086 2628 1154 quippe,
2675 1085 2874 1139 fratres
2904 1085 3036 1148 mei,
3083 1102 3263 1141 annus
3300 1087 3499 1156 agitur,

1899 1173 2048 1243 quod
2083 1175 2302 1242 vigilem
2356 1190 2456 1244 pro
2509 1175 2798 1229 animabus
2837 1175 3057 1240 vestris,
3096 1192 3197 1230 nec
3237 1175 3500 1230 desierim

1899 1281 2060 1321 orare
2093 1268 2263 1320 Deum
2291 1282 2416 1321 cum
2454 1267 2735 1338 lacrymis,
2773 1273 3029 1337 tanquam
3072 1268 3340 1322 rationem
3376 1267 3503 1321 red-

1901 1357 2120 1414 diturus
2158 1374 2257 1427 pro
2302 1359 2478 1414 vobis.
2511 1359 2782 1425 Quoniam
2819 1367 2875 1414 et
2911 1375 3014 1429 ego
3052 1375 3334 1428 nunquam
3387 1374 3499 1414 non

1902 1448 1998 1502 illo
2034 1450 2284 1503 inccssor
2312 1451 2531 1514 timore,
2561 1466 2630 1505 nc
2662 1452 2884 1504 illorum
2911 1453 3054 1504 unus
3080 1441 3499 1518 deprehendar,

1902 1540 1995 1610 qui
2023 1541 2273 1595 mercede
2298 1542 2580 1607 conducti,
2611 1543 2677 1597 de
2703 1544 2899 1598 ovibus
2926 1543 3151 1597 solliciti
3177 1559 3496 1613 perparum,

197 1623 425 1677 easdem
454 1625 738 1681 dimittunt
768 1638 931 1698 atque
959 1631 1208 1700 fugiunt;
1253 1649 1360 1686 non
1398 1648 1530 1687 vero
1561 1633 1782 1686 illorum
1823 1641 2132 1700 pastorum,
2165 1633 2260 1702 qui
2324 1634 2536 1688 animas
2601 1649 2729 1691 suas
2767 1652 2869 1707 pro
2899 1637 3280 1690 incolumitate
3310 1639 3498 1707 gregis

194 1716 285 1768 sui
323 1717 534 1770 lubenti
579 1719 763 1773 animo
790 1731 1023 1789 ponunt.

268 1808 408 1875 ρλζκ
464 1810 624 1862 Ἀλλὰ
671 1817 736 1883 τῇ
779 1815 1005 1883 δυνάμει
1073 1819 1170 1885 τῆς
1219 1817 1426 1872 ἄνωθεν
1489 1818 1792 1890 βακτηρίας

171 1899 569 1971 ,ῥωννύμενοῆ
601 1905 865 1970 γενναίως
896 1906 984 1957 τὸν
1017 1908 1160 1976 θῆρα
1199 1909 1360 1977 μέχρι
1391 1909 1528 1984 τέως
1576 1910 1670 1962 νῦν
1696 1911 1789 1977 ἀφ’

1974 1818 2096 1872 157.
2133 1818 2389 1872 Attamen
2439 1821 2668 1889 superni
2699 1821 2904 1876 virtute
2941 1822 3123 1876 baculi
3161 1825 3497 1881 corrobora-

1899 1917 2020 1973 tus,
2053 1924 2231 1978 usque
2255 1907 2309 1963 in
2338 1925 2579 1979 praesens
2611 1921 2827 1980 tempus
2857 1913 3031 1982 rcpuli
3071 1929 3099 1967 a
3143 1916 3301 1970 vobis
3329 1933 3498 1988 gene-

194 1989 358 2057 ὑμῶν
403 1993 724 2047 ἀπεσόδουν.
758 1995 946 2048 Οἴδατε
979 1999 1088 2068 γὰρ
1121 1998 1352 2061 ποσάκις
1388 1998 1543 2067 ὑμῶν
1583 2001 1642 2053 οὐ
1675 2000 1783 2053 δια-

1896 2013 2021 2053 rose
2051 1999 2222 2054 feram
2255 2000 2606 2056 infernalem.
2641 2002 2828 2058 Nostis
2862 2005 3011 2058 enim
3049 2007 3241 2075 probe,
3271 2009 3495 2077 quoties

193 2081 437 2137 θολῶσαι
475 2087 634 2154 μόνον
675 2089 939 2160 ἐπειράθη
970 2092 1234 2156 τὸνκνοῦν,
1273 2093 1368 2146 καὶ
1408 2094 1543 2163 πρὸς
1592 2094 1783 2147 ὲπιθυ‹

1901 2106 2014 2145 non
2046 2091 2211 2146 modo
2246 2092 2468 2147 turbare
2497 2105 2737 2147 mentem
2765 2105 3027 2161 vestram,
3052 2113 3286 2169 eamque
3315 2101 3382 2155 ad
3404 2118 3492 2157 re-

196 2175 334 2243 μιας
383 2178 652 2245 κοσμικὰς
709 2179 936 2233 ὲλκῦσαι
973 2183 1071 2236 καὶ
1118 2187 1502 2256 κατασπᾶσαι.
1536 2185 1672 2239 ἀλλὰ
1701 2185 1796 2240 καὶ

201 2267 591 2336 συλαγωγῆσαι
636 2272 733 2323 καὶ
779 2273 1082 2344 ὑποκλέψαι
1122 2278 1212 2329 καὶ
1259 2279 1608 2332 παντάπασιν
1649 2281 1794 2348 ὑμᾶς

193 2359 494 2428 σκορπίσαι
520 2363 615 2413 καὶ
637 2364 950 2433 διασπεῖραι
973 2384 986 2397 ·
1025 2368 1174 2436 ὅμως
1198 2369 1439 2440 ᾐσχύνθη
1461 2370 1549 2424 διὰ
1576 2372 1793 2424 πάντων

189 2451 291 2503 καὶ
313 2451 688 2524 ἀπεκρούσθη,
723 2456 878 2509 οὐδὲν
913 2459 1076 2512 πλέον
1125 2461 1224 2530 τῆς
1263 2463 1530 2534 τοσαύτης
1555 2465 1792 2535 σπουδῆς

188 2544 226 2613 ἦ
265 2544 472 2616 λύσσης
501 2549 786 2618 ὀνάμενος,
810 2552 890 2603 ὅτι
930 2554 1004 2624 μὴ
1040 2555 1100 2605 τὸ
1131 2556 1363 2624 φανῆναι
1405 2557 1566 2611 πλέον
1597 2561 1787 2623 κακὸς.

187 2637 254 2688 τὸ
288 2637 520 2705 μάλιστα
549 2640 765 2693 πάντων
806 2644 953 2712 αὺτῷ
995 2647 1437 2702 σπουδαιότατον.
1464 2649 1577 2702 Νῦν
1609 2651 1704 2705 οὖν
1738 2653 1791 2706 el

189 2729 293 2779 καὶ
333 2729 406 2798 μὴ
449 2729 639 2800 πολλὴ,
669 2732 795 2802 μηδ’
851 2735 945 2786 ἐπὶ
976 2735 1133 2801 πολὺ,
1177 2740 1596 2810 συγκεχώρηται
1625 2743 1671 2795 δ’
1693 2739 1786 2798 οῦν

186 2833 278 2879 τις
307 2817 628 2891 ὅμως-αὐτῴ
658 2823 781 2875 καθ’
810 2825 968 2894 ἡμῶν
1000 2827 1222 2890 ἐξουσία
1245 2846 1260 2861 ο
1295 2832 1356 2883 οὐ
1388 2831 1494 2903 μὴν
1525 2833 1663 2888 ἀλλὰ
1692 2837 1787 2888 καὶ

191 2908 341 2961 κατά
405 2910 512 2963 τῶν
573 2914 804 2980 νηπίων,
855 2917 992 2984 πρὸς
1051 2919 1108 2970 δὲ
1169 2921 1262 2973 καὶ
1328 2923 1437 2975 τῶν
1502 2925 1559 2976 ὲν
1613 2927 1782 2997 ἀρετῇ

187 2997 416 3061 ζώντων
475 3006 602 3074 παρ’
655 2999 730 3059 ὧν
779 3009 979 3079 δηλαδὴ
1032 3013 1125 3064 καὶ
1167 3012 1368 3065 πλείων
1409 3017 1445 3084 ἡ
1484 3017 1669 3088 πληγὴ
1705 3018 1783 3086 τῷ

189 3090 474 3164 βασκάνῳ,
527 3098 622 3150 καὶ
677 3100 812 3168 πρὸς
863 3102 957 3164 οὓς
1014 3105 1206 3173 ἐκείνῳ
1273 3107 1435 3160 πάλιν
1492 3109 1520 3160 ὁ
1588 3110 1783 3176 φθόνος

187 3177 690 3258 περιφανέστερος
721 3192 837 3243 ἀλλ’
859 3194 958 3246 ούκ
989 3196 1278 3268 ἀποστήσῃ
1310 3199 1340 3250 ό
1363 3199 1782 3271 ὑπερασπιστὴς

191 3291 324 3345 μου,
353 3277 549 3349 Κύριε.
1285 3287 1290 3292 ’

270 3523 404 3592 pm.
439 3521 570 3577 Εἶτα
620 3527 714 3578 καὶ
754 3525 894 3578 αὑτά
948 3532 1058 3592 τοῖς
1105 3531 1378 3598 μαθηταῖς
1416 3531 1664 3603 ἐξηγεῖτο
1713 3537 1782 3588 τὰ

184 3612 478 3680 ὁραθέντα,
511 3616 837 3683 προσιόντας
871 3617 968 3685 μὲν
998 3621 1117 3681 ταῖς
1153 3620 1384 3689 ούρανοῦ
1424 3622 1621 3686 πύλαις
1653 3625 1780 3688 τοὺς

185 3704 486 3767 ἐκλεκτοὺς
549 3707 814 3774 ἀγγέλους
861 3710 939 3772 εἰς
985 3712 1359 3783 προσκύνησιν
1394 3714 1625 3769 ἐνώπιον
1683 3716 1777 3769 τοῦ

183 3795 350 3857 Θεοῦ,
377 3799 760 3866 παρεστηκότα
779 3799 835 3852 δὲ
865 3801 952 3852 τὸν
980 3801 1247 3866 διάϐολον,
1277 3805 1507 3860 Αἰθίοπα
1527 3845 1543 3870 ,
1570 3823 1779 3860 σκοτει-

184 3887 283 3939 τὸν
319 3888 441 3939 ὅλον
464 3928 476 3940 .
511 3889 701 3958 ἀναιδῆ
736 3892 834 3960 τὴν
868 3892 1007 3960 ὄψιν,
1052 3892 1210 3963 ὓδριν
1249 3896 1512 3960 πνέοντα,
1545 3899 1778 3967 αἵματος

185 3978 327 4047 ἐμοῦ
369 3981 460 4030 καὶ
494 3981 660 4049 πυρὸς
691 3983 816 4042 τοὺς
854 3983 1166 4052 ὀφθαλμοὺς
1208 3987 1523 4052 ὑπόπλεων,
1558 3990 1658 4042 οὐκ
1684 3990 1776 4043 ἐπί

182 4088 336 4134 τινος
369 4063 493 4134 τοὺς
516 4074 683 4136 πόδας
709 4076 931 4143 στερεοῦ
952 4077 1245 4148 βεϐηκότα,
1279 4081 1413 4134 ἀλλὰ
1443 4084 1581 4134 κατά
1613 4084 1776 4152 μέσον

181 4164 352 4216 οἱονεὶ
385 4167 477 4217 τὸν
496 4166 654 4238 ἀέρα,
681 4167 949 4238 βρύχοντα
987 4172 1083 4240 μὲν
1113 4172 1343 4240 φοϐερόν
1372 4191 1424 4225 τι
1456 4175 1547 4227 καὶ
1574 4168 1776 4245 θηριώ-

177 4257 295 4320 εες,
345 4257 438 4308 καὶ
488 4259 762 4320 κινοῦντα,
816 4263 966 4330 φησὶ,
1009 4263 1107 4331 τὴν
1147 4265 1390 4337 κεφαλὴν
1451 4266 1572 4321 κατ’
1615 4269 1772 4339 ἐμοῦ,

180 4354 525 4422 ἀναμένοντα
555 4357 610 4408 δὲ
643 4359 791 4426 ὅμως
817 4362 916 4422 τὰς
947 4362 1272 4430 ἀποφάσεις,
1308 4367 1493 4434 φωνήν
1524 4383 1582 4418 τε
1623 4369 1776 4436 παρὰ

179 4445 222 4495 Κ
239 4445 396 4511 υρίου
420 4447 550 4512 πρῖς
576 4448 739 4500 αὐτὸν
757 4449 1062 4520 ὲνηνέχθαι,
1096 4455 1362 4519 Πάταξον,
1383 4456 1670 4526 λέγουσαν,
1703 4463 1770 4512 τά

175 4534 374 4588 παιδία
402 4539 495 4588 καὶ
529 4541 656 4600 τοὺς
699 4541 898 4604 καλοὺς
931 4543 1038 4595 τῶν
1084 4545 1409 4613 ἀνθρώπων,
1449 4551 1540 4603 τὸν
1577 4552 1632 4604 δὲ
1672 4554 1771 4605 ἀπ’

175 4625 318 4694 ἐμοῦ
347 4643 406 4678 τε
436 4626 707 4696 ἄρξασθαι
761 4631 1002 4698 πρώτου,
1034 4633 1287 4704 καθάπερ
1333 4639 1424 4690 ἐπὶ
1469 4639 1563 4691 τοῦ
1607 4641 1725 4693 ’Ῑώδ
1750 4659 1762 4672 ·

174 4712 457 4778 αἰτοῦντα,
491 4717 583 4767 καὶ
609 4716 667 4768 τὸ
689 4718 969 4785 ἐνδόσιμον
1001 4715 1089 4773 οἷα
1127 4722 1493 4792 λαμϐάνοντα.
1527 4729 1712 4784 Ταῦτα
1739 4735 1768 4785 ὁ
1799 4707 1842 4761 ι)

175 4801 282 4870 μὲν
314 4804 424 4864 τοῖς
454 4804 700 4869 ἀδελ;οῖς
735 4805 1011 4876 ἐξηγεῖτοο
1048 4813 1077 4864 ό
1116 4812 1309 4882 ἐχθρὸς
1341 4816 1398 4867 δὲ
1438 4817 1538 4870 οὐκ
1573 4820 1766 4888 ἠμέλει

172 4892 400 4958 κακίας,
435 4895 549 4946 ἀλλ’
581 4896 758 4950 ἔπεισι
805 4902 924 4952 κατ’
957 4902 1125 4955 αὑτοῦ
1169 4907 1391 4976 μεγάλῳ
1432 4909 1763 4980 βρυχήματι,

171 4985 273 5036 καὶ
323 4985 421 5048 τὴν
466 4988 796 5058 δερματὶνην
850 4993 928 5055 ώς
969 4989 1080 5064 εἶχε
1119 4997 1373 5068 μηλωτὴν
1421 5002 1642 5066 ὑποδὺς.
1680 5006 1767 5058 ἵνα

171 5078 274 5128 καὶ
303 5078 678 5149 σφοδρότερον.
701 5083 775 5144 ὼς
796 5081 954 5154 ᾣετο,
987 5104 1051 5139 πε
1063 5089 1311 5162 ριτρέψῃ,
1334 5093 1531 5163 πάσχει
1567 5096 1768 5164 μᾶλλον

170 5169 198 5220 δ
227 5168 364 5240 δρᾷν
411 5173 438 5223 ὁ
476 5172 703 5240 μάταιος
735 5175 952 5245 ἤλπισε,
980 5181 1072 5231 καὶ
1103 5180 1337 5249 χαλεπὸν
1363 5186 1526 5250 αὐτὸς
1558 5189 1759 5260 πτῶμα

172 5261 548 5331 κατενεχθεὶς,
588 5264 761 5334 ᾤχετο
787 5267 1056 5334 διαλυθεὶς
1102 5274 1192 5325 ῖσα
1239 5279 1452 5347 καπνῷ,
1498 5280 1758 5348 πώγωνος

172 5352 341 5420 ψαύει
380 5354 537 5422 μόνον
557 5357 658 5418 τὰς
691 5360 884 5428 τρίχας
914 5364 1200 5432 περιελὼν,
1232 5368 1327 5422 καὶ
1347 5373 1551 5439 γυμνὸν
1581 5375 1757 5428 ἐκεῖνο

170 5444 236 5497 τὸ
268 5445 435 5514 μέρος
467 5448 600 5501 ὅπου
635 5449 835 5519 δηλαδὴ
864 5452 1126 5521 ψαύσειεν
1167 5460 1540 5529 ἀπολελοιπώς
1564 5485 1577 5498 ·
1627 5470 1761 5523 ἀλλὰ

171 5537 454 5590 καὶτοῦτο
503 5542 706 5610 κόσμος
755 5545 926 5598 ἐδόκει
962 5547 1039 5617 τῷ
1085 5550 1328 5620 Συμεὼν,
1358 5535 1529 5626 ἧτταν
1560 5563 1758 5634 ἀγεννῆ

169 5625 268 5681 106
299 5627 597 5684 ἀντιπάλου
633 5634 854 5703 μηνῦον.

490 5896 762 5961 Parnm.
812 5907 926 5966 Gn.
978 5910 1290 5974 LXXXV].

1899 2196 2020 2236 rum
2057 2182 2460 2237 mundanarum
2489 2184 2826 2240 desiderium
2859 2187 3078 2242 allicere
3111 2199 3277 2258 atque
3298 2190 3489 2247 detra-

1898 2272 2064 2337 here;
2092 2271 2189 2327 scd
2214 2275 2382 2327 etiam
2413 2275 2652 2344 spoliare
2677 2277 2849 2345 gratia
2875 2277 3061 2331 divina
3089 2293 3154 2332 ac
3180 2279 3487 2344 denudare.

1896 2367 2009 2420 imo
2037 2376 2093 2422 et
2122 2383 2221 2422 vos
2250 2369 2401 2437 ipsos
2424 2369 2745 2438 dispergere
2770 2371 2997 2424 omnino
3019 2388 3083 2425 ac
3106 2373 3374 2442 dissipare
3397 2391 3492 2429 co-

1894 2467 2058 2512 natus
2078 2457 2150 2513 sit
2179 2468 2594 2518 :verumtamen
2625 2460 2889 2515 confusus
2919 2461 3127 2531 ubique
3150 2472 3206 2517 et
3233 2467 3492 2534 repulsus

1893 2557 2012 2614 est;
2046 2551 2184 2603 nihil
2214 2551 2364 2605 aliud
2395 2551 2673 2608 commodi
2708 2567 2772 2606 ex
2816 2562 2971 2607 tanto
3006 2570 3208 2609 conatu
3233 2567 3291 2612 et
3333 2558 3489 2612 rabie

1892 2650 2114 2706 nactus,
2145 2656 2311 2710 quam
2349 2642 2498 2711 quod
2531 2652 2685 2697 tanto
2741 2645 3118 2712 perniciosior
3169 2652 3492 2717 apparuerit

1890 2741 2098 2801 quanto
2126 2733 2385 2787 adhibuit
2416 2734 2544 2804 plus
2566 2743 2823 2790 conatus.
2859 2735 3018 2792 Nunc
3051 2737 3236 2806 igitur,
3269 2743 3488 2795 tametsi

1889 2839 2001 2878 non
2041 2840 2235 2895 magna
2273 2841 2376 2881 nec
2420 2827 2549 2882 latis
2618 2828 3039 2898 circumscripta
3089 2832 3339 2886 terminis
3381 2832 3487 2903 ipsi

1886 2911 2120 2968 facultas
2143 2915 2379 2970 nocendi
2405 2916 2531 2971 data
2554 2916 2647 2981 sit,
2679 2918 2862 2987 aliqua
2893 2930 3076 2975 tamen
3109 2937 3369 2977 concessa
3402 2933 3489 2978 est

1885 3013 2078 3059 contra
2112 3021 2250 3071 nos;
2289 3022 2395 3061 nec
2427 3017 2638 3063 tantum
2671 3019 2863 3064 contra
2900 3012 3133 3077 tirones,
3184 3016 3281 3069 sed
3317 3015 3486 3070 etiam

1883 3103 2075 3149 contra
2108 3097 2232 3150 illos
2270 3099 2364 3166 qui
2404 3098 2460 3151 in
2497 3099 2586 3152 via
2633 3099 2901 3154 virtutum
2954 3105 3201 3171 provecti
3245 3117 3407 3173 sunt;
3453 3125 3488 3164 a

1883 3187 2094 3254 quibus
2127 3204 2326 3260 nempe
2351 3199 2408 3246 et
2436 3193 2658 3262 gravior
2702 3193 2860 3263 plaga
2896 3196 3087 3250 invido
3141 3197 3287 3252 hosti
3337 3199 3486 3254 inlli-

1847 3278 2049 3348 ‘gitur,
2088 3288 2144 3333 et
2188 3292 2382 3337 contra
2424 3299 2568 3353 quos
2622 3284 2739 3355 ipse
2771 3287 3017 3341 vicissim
3073 3291 3280 3346 invidia
3328 3293 3490 3350 ardet

1805 3370 1851 3432 C
1884 3371 2259 3428 manifestiore
2291 3391 2304 3426 :
2334 3375 2431 3429 sed
2464 3387 2544 3442 tu,
2579 3379 2831 3445 Domine,
2873 3393 3256 3454 propugnator
3292 3401 3472 3454 meus,

1885 3469 2011 3515 tuos
2033 3478 2147 3516 non
2183 3463 2476 3520 destitucs.

1956 3554 2077 3607 158.
2120 3555 2330 3611 Deinde
2363 3566 2420 3612 et
2451 3575 2574 3628 qua:
2594 3560 2810 3616 viderat
2840 3562 3132 3634 discipulis
3157 3571 3437 3624 enarravit
3463 3590 3478 3622 :

1882 3642 2086 3699 vidisse
2119 3661 2316 3715 nempe
2347 3651 2556 3704 electos
2597 3651 2966 3724 Deiangelos,
3001 3657 3069 3711 ad
3105 3668 3296 3728 portas
3327 3664 3478 3725 caeli.

1883 3735 2054 3790 Deum
2087 3753 2250 3792 suum
2295 3740 2645 3806 adoraturos,
2683 3745 2943 3803 advolare
2978 3766 2990 3798 :
3032 3750 3233 3807 vidisse
3267 3763 3322 3808 et
3362 3755 3481 3810 dia-

1881 3826 2068 3880 bolum
2121 3839 2290 3897 stare,
2358 3832 2615 3888 indutum
2665 3835 3004 3908 Ethiopcm,
3064 3845 3475 3903 tenebricosum

1879 3929 2077 3985 totum,
2114 3922 2255 3978 facie
2280 3925 2607 3992 deformem,
2655 3931 2961 3987 calumnias
2987 3935 3312 4004 spirantem,
3351 3955 3479 3994 san-

1879 4008 2043 4076 guine
2083 4010 2240 4078 juxta
2270 4021 2326 4068 et
2369 4013 2496 4084 igne
2546 4017 2724 4071 oculis
2751 4018 3058 4085 suﬂ‘usum,
3111 4023 3249 4078 nulli
3297 4025 3476 4080 fulcro

1878 4096 2114 4165 pedibus
2149 4099 2424 4167 innixum,
2449 4104 2546 4158 sed
2580 4105 2766 4160 medio
2792 4109 2961 4162 veluti
2999 4125 3126 4164 aere
3159 4113 3472 4170 consisten-

1880 4195 2009 4250 tem,
2072 4191 2401 4246 horribilem
2445 4193 2801 4266 ferarumque
2852 4201 2908 4252 in
2956 4201 3177 4256 modum
3225 4202 3471 4259 fremen-

1878 4287 2023 4344 tem;
2055 4280 2150 4348 qui
2203 4297 2475 4338 converso
2522 4295 2716 4340 contra
2761 4304 2871 4349 me,
2910 4290 3218 4360 inquiebat,
3267 4295 3468 4364 capite.

1873 4385 2203 4440 responsum
2249 4373 2474 4443 aliquod
2509 4377 2970 4446 przestolabatur;
3005 4397 3194 4436 vocem
3225 4394 3409 4441 autem
3438 4402 3469 4440 a

1873 4462 2107 4518 Domino
2135 4465 2399 4535 allapsam
2441 4483 2586 4532 esse,
2618 4468 2899 4526 dicentem
2931 4491 2942 4526 :
2979 4473 3214 4530 Percute
3263 4492 3469 4546 pueros

1871 4563 1927 4608 et
1958 4555 2316 4612 formosiores
2354 4575 2635 4629 quosque;
2686 4562 2838 4615 illum
2895 4580 3026 4618 vero
3072 4567 3320 4636 petiisse,
3357 4568 3465 4624 sibi

1875 4651 1936 4695 ut
1967 4643 2164 4698 liceret
2196 4661 2226 4700 a
2262 4663 2371 4712 me,
2404 4651 2873 4718 quemadmodum
2902 4655 3034 4708 olim
3063 4672 3092 4708 a
3126 4669 3316 4712 sancto
3335 4659 3463 4718 Job.

1871 4735 2163 4791 exordium
2197 4754 2454 4807 sumere;
2483 4743 2759 4814 simulque
2797 4747 3124 4804 vestimenta
3157 4752 3463 4819 apprehen-

1865 4823 2033 4880 disse.
2064 4828 2260 4885 lsthaec
2290 4842 2515 4888 sanctus
2548 4835 2774 4904 quidem
2823 4841 3085 4894 narrabat
3136 4841 3407 4900 fratribus
3442 4865 3456 4898 :

1868 4919 2040 4973 hostis
2073 4936 2208 4976 vero
2251 4925 2460 4980 nullam
2494 4928 2878 4984 malefaciendi
2920 4933 3269 4990 occasionem
3318 4953 3457 5007 βιττ-

1867 5013 2285 5070 termittcndam
2322 5029 2495 5085 ratus,
2536 5037 2735 5092 magno
2769 5039 2894 5077 cum
2931 5025 3155 5082 fremitu
3203 5029 3256 5083 in
3300 5030 3456 5086 illum

1867 5100 2052 5164 irruit,
2080 5107 2509 5181 pelliceamque,
2544 5123 2604 5166 ut
2643 5125 2882 5184 poterat,
2918 5119 3176 5174 melotcm
3220 5121 3454 5180 subiens

1867 5209 1979 5264 quo
1995 5198 2404 5266 vehementius,
2428 5207 2504 5258 uti
2528 5207 2779 5276 putabat,
2801 5209 2980 5278 ipsum
3005 5222 3310 5281 everteret;
3340 5231 3458 5287 pas-

1867 5301 1961 5339 sus
1995 5289 2183 5359 potius
2226 5291 2280 5346 id
2309 5295 2488 5364 ipsum
2518 5299 2685 5352 miser
2710 5308 2814 5364 est,
2852 5304 2999 5370 quod
3032 5304 3238 5361 inferre
3270 5324 3456 5379 spera-

1866 5376 1994 5440 bat;
2028 5381 2387 5456 dejectusque
2415 5391 2566 5458 gravi
2599 5405 2729 5444 casu
2781 5393 2940 5456 abiit,
2966 5398 3121 5462 quasi
3156 5399 3209 5452 in
3239 5376 3453 5457 fumum

1864 5469 2184 5530 resolutus:
2221 5477 2542 5547 evolsisque
2575 5488 2784 5535 tantum
2818 5485 3106 5553 prehensa:
3137 5487 3321 5546 barbae
3348 5495 3455 5548 cri-

1859 5557 2049 5626 nibus,
2071 5564 2380 5621 membrum
2415 5568 2550 5622 illud
2580 5572 2727 5639 quod
2774 5575 3027 5645 tetigerat
3066 5579 3275 5634 nudum
3325 5583 3451 5636 reii-

1857 5651 2003 5718 QUit.
2031 5652 2138 5710 Sed
2175 5667 2234 5712 et
2280 5659 2389 5716 hoc
2415 5676 2636 5717 summo
2672 5665 2776 5719 sibi
2827 5677 3158 5722 ornamento
3196 5670 3451 5725 vertebat

1859 5739 2120 5808 Symeon.
2197 5757 2387 5820 utpote
2445 5752 2786 5820 patefaciens
2836 5760 3044 5811 mundo
3125 5764 3447 5816 indecorum

1858 5831 2166 5894 adversarii
2208 5843 2545 5900 conflictum.

2957 5946 3026 6006 98
