4092 6460
641 339 785 404 3123

1823 357 1884 416 S.
1931 354 2316 416 SYMEONIS
2356 353 2718 419 JUNIORIS

3789 363 3912 428 3ίῇ

642 459 995 530 nientcmquc
1059 464 1516 531 consolationem.
1594 472 1800 540 ingenti
1859 471 2042 526 statim
2093 488 2226 526 voce

2336 489 2518 542 μενος,
2555 473 2648 538 ὀξὺ
2683 476 2883 530 αὐτίκα
2917 477 3118 549 βοήσας
3143 520 3158 545 ,
3215 495 3301 536 me
3345 482 3619 549 θλίψεως
3645 482 3917 537 ἐπεκα-ιε’

643 552 919 611 ctamavit,
946 552 1136 606 (licens
1173 573 1182 607 .
1220 553 1298 608 Ea:
1330 557 1674 612 tribulatione
1710 575 1826 612 mea
1859 560 2097 613 invocavi
2123 558 2233 612 Du-

644 642 938 712 minum,et
982 648 1250 700 exaudivit
1302 666 1382 702 me
1425 651 1477 702 in
1527 650 1807 704 latitudine
1859 652 1949 704 ηε
1992 652 2231 715 Domine,

641 735 836 788 exaudi
868 738 1161 792 oratiomm
1199 755 1366 792 meam
1412 748 1462 792 et
1518 742 1718 795 clamor
1769 759 1912 796 meus
1959 743 2027 796 ad
2063 751 2109 794 te
2146 759 2232 795 ve-

645 829 775 879 nint.
809 827 885 880 Ne
934 841 1142 883 avertas
1174 832 1361 898 faciem
1405 840 1551 886 tuam
1587 851 1617 887 α
1646 851 1804 904 puero
1832 845 1941 898 tuo,
1982 836 2234 897 quoniam

643 918 869 972 tribulor
915 936 933 981 ;
1044 921 1288 974 ueiociler
1340 925 1533 977 exaudi
1583 941 1664 977 me
1703 934 1780 986 tu,
1824 925 1912 994 qui
1963 931 2114 978 actos
2150 929 2234 977 in-

644 1009 838 1072 clines,
892 1011 1194 1081 Dm:a‘-";qui
1232 1029 1299 1069 ex
1348 1016 1557 1070 sanctis
1590 1027 1644 1072 et
1678 1018 1910 1072 excelsis
1935 1017 2237 1073 habitacu-

639 1101 709 1154 iis
745 1105 856 1156 tuis
896 1103 1255 1170 descendisti,
1291 1107 1385 1175 qui
1420 1118 1650 1178 propter
1680 1124 1767 1162 me
1792 1123 1920 1162 caro
1946 1109 2122 1162 factus
2154 1123 2232 1171 es,

638 1193 735 1260 qui
775 1210 872 1263 pro
900 1211 983 1249 me
1007 1211 1228 1250 erucem
1252 1205 1308 1251 et
1331 1210 1565 1253 mortem
1591 1199 1926 1254 sustinuisti.
1962 1200 2017 1254 Si
2045 1201 2238 1254 volun-

643 1293 809 1337 talem
863 1285 1174 1339 timentium
1213 1295 1287 1349 te,
1322 1288 1402 1342 uti
1434 1289 1762 1357 promisisti,
1800 1289 1966 1355 facis;
2006 1290 2050 1344 si
2095 1289 2236 1342 libro

641 1376 771 1430 vitae
793 1384 1015 1430 aeterna:
1036 1392 1121 1431 me
1145 1378 1396 1433 inutilem
1421 1394 1642 1434 servum
1667 1380 1993 1450 inscripsisti
2014 1397 2028 1446 ;
2049 1396 2236 1450 quem-

637 1466 931 1521 admodum
957 1468 1143 1522 ﬁliam
1174 1470 1440 1540 principis
1463 1471 1576 1541 jam
1609 1471 1924 1526 defunctam
1948 1511 1962 1535 ,
1993 1483 2052 1525 et
2086 1486 2235 1524 mor-

648 1567 804 1612 tuum
848 1558 1027 1614 vidua:
1073 1561 1244 1615 tilium
1294 1563 1406 1632 jam
1455 1563 1684 1625 elatum,
1719 1573 1774 1617 et
1825 1561 2235 1633 Lazarumjam

634 1649 1067 1719 quatriduanum
1118 1667 1185 1705 ex
1221 1653 1456 1706 mortuis
1502 1653 1877 1720 resuscitasti;
1929 1654 2003 1707 ita
2052 1655 2236 1708 veniat

637 1755 859 1811 quoque
909 1742 1139 1812 spiritus
1167 1745 1293 1798 vitae
1325 1743 1379 1797 in
1410 1744 1572 1800 hunc
1596 1744 1944 1812 defunctum,
1987 1755 2043 1800 et
2082 1747 2228 1802 revi-

2340 564 2548 633 σάμην
2597 569 2699 620 τὸν
2737 570 2976 637 Κύριον,
3007 570 3135 642 ἔφη,
3179 573 3278 626 καί
3330 572 3649 639 ἐπήκουσέ
3677 590 3794 641 μου
3834 575 3915 640 είς

2338 653 2732 728 alain-agdn-
2774 661 2970 730 Κύριε,
3013 662 3385 718 εἰσάκουσον
3429 663 3540 730 τῆς
3576 665 3914 734 προσευχῆς

2333 767 2473 816 μου,
2501 749 2598 804 καὶ
2629 753 2666 818 ἠ
2695 753 2923 822 κραυγή
2949 771 3068 822 μου
3092 756 3242 822 πρὸς
3265 757 3342 810 σὲ
3372 756 3598 810 ἐλθέτω
3619 774 3631 784 °
3654 757 3743 825 μὴ
3776 759 3914 810 ἁπο-

2338 840 2613 909 στρέψῃς
2641 844 2707 896 τὸ
2735 847 3063 910 πρόσωπόν
3090 862 3206 900 σου
3246 847 3365 903 ἀπὸ
3392 849 3500 902 τοῦ
3537 847 3754 914 παιδός
3783 865 3913 911 σου,

2338 932 2424 983 ὅτι
2451 934 2756 1000 θλίϐομαιο
2777 935 2932 1004 ταχὺ
2961 935 3312 992 ἐπάκουσόν
3327 957 3448 1008 μου
3465 974 3480 1000 ,
3519 942 3551 992 d
3587 943 3807 1004 κλίνας
3831 942 3915 992 σὺ·

2329 1025 2558 1091 ,ρανοὺς
2585 1027 2730 1090 θεός
2752 1042 2765 1054 ⁸
2792 1029 2885 1080 καὶ
2918 1028 2978 1093 ἐξ
3005 1030 3174 1095 ἁγίων
3201 1029 3515 1099 omnem
3547 1032 3642 1084 καὶ
3669 1048 3914 1101 κατοικηο

2338 1119 2543 1183 τηρίων
2575 1134 2669 1169 σου
2700 1119 2965 1181 καταϐὰς,
2996 1122 3024 1172 ὀ
3051 1119 3117 1171 δι’
3146 1120 3246 1189 ἐμὲ
3274 1120 3413 1190 σὰρξ
3431 1123 3748 1190 γενόμενος.
3779 1124 3807 1174 6
3829 1122 3914 1174 καὶ

2342 1211 2572 1278 σταυρὸν
2600 1210 2740 1278 ὑπὲρ
2765 1214 2901 1281 ἐμοῦ
2935 1213 3028 1264 καὶ
3058 1212 3286 1267 θάνατον
3313 1215 3710 1282 ἀνασχόμενος.
3743 1214 3804 1266 Εἰ
3836 1213 3912 1265 θέο

2338 1295 2401 1364 λη
2413 1314 2487 1364 μοι
2507 1297 2614 1348 τῶν
2647 1313 2703 1350 σε
2734 1299 2899 1366 φοϐου
2910 1302 3105 1369 μένων,
3127 1303 3203 1364 ὡς
3223 1303 3557 1372 ὲπηγγείλω.
3583 1306 3779 1366 ποιεῖς,
3795 1306 3912 1373 είτῇ

2339 1385 2508 1456 βίϐλῳ
2540 1404 2607 1457 με
2639 1389 2738 1457 τῆς
2763 1390 2913 1466 παρὰ
2945 1392 3028 1445 σοι.
3065 1391 3210 1462 ζωῆς
3251 1394 3345 1445 καὶ
3378 1393 3470 1444 τὸν
3498 1395 3720 1464 ἀχρεῖον
3743 1393 3915 1446 δοῦλον

2339 1478 2730 1550 ὲναπεγράιξιω,
2774 1480 2849 1544 ὡς
2888 1480 3218 1550 τεθνηκυῖαν
3263 1483 3364 1554 ήδη
3413 1485 3515 1553 τὴν
3542 1482 3639 1536 τοῦ
3668 1484 3916 1554 ἄρχοντος

2342 1569 2639 1639 θυγατέρα,
2681 1570 2753 1634 ὡς
2799 1569 3229 1644 ἐκκομιζόμενον
3270 1575 3464 1643 νεκρὸν
3500 1575 3594 1629 τὸν
3621 1579 3722 1646 τῆς
3754 1577 3916 1645 χήρας

2341 1661 2476 1725 υἱὸν,
2504 1662 2580 1725 ὡς
2608 1663 2807 1734 τετραή
2817 1681 2879 1733 με
2889 1682 2981 1734 ρον
3011 1665 3075 1718 ὲκ
3096 1667 3306 1736 νεκρῶν
3328 1669 3636 1739 ἀνέστησας
3657 1667 3914 1738 Λάζαρον,

2339 1754 2513 1817 οὕτως
2569 1754 2771 1807 ἐλθέτω
2824 1756 3043 1824 πνεῦμα
3096 1756 3245 1827 ζωῆς
3293 1760 3384 1812 καὶ
3433 1762 3514 1823 είς
3550 1761 3647 1814 τὸν
3674 1762 3918 1830 κείμενον

633 1833 832 1897 visent,
867 1843 921 1887 et
945 1834 1211 1888 consistat
1247 1835 1482 1905 pedibus
1512 1835 1650 1891 suis.
1686 1835 1764 1890 Ita
1786 1837 1934 1908 justo
1957 1835 2228 1908 Symeone

2336 1845 2540 1907 τοῦτον,
2576 1847 2664 1900 καὶ
2698 1844 2938 1915 ζησάτω,
2973 1847 3067 1901 καὶ
3103 1851 3283 1920 στήτω
3326 1850 3420 1904 ἐπὶ
3458 1851 3572 1904 τῶν
3612 1852 3792 1905 ποδῶν
3823 1854 3914 1906 αὖε

636 1924 934 1991 clamante,
986 1940 1114 1989 vox,
1165 1926 1632 1996 quemadmodum
1689 1929 1743 1983 in
1783 1929 2032 1984 oratione
2067 1931 2225 1992 solet,

636 2019 783 2072 intra
822 2017 997 2089 ipsius
1022 2019 1260 2088 jacentis
1309 2020 1549 2075 animam
1578 2021 1766 2075 audita
1796 2029 1879 2075 est
1903 2021 2004 2092 (uti
2041 2031 2230 2092 postea

633 2110 916 2180 narrabat)
939 2109 1136 2165 dicens
1165 2126 1178 2163 :
1204 2109 1376 2166 Totus
1397 2111 1640 2166 mundus
1663 2112 1904 2167 tenebrae
1925 2119 2046 2176 est;
2081 2114 2226 2166 nulla

635 2202 849 2270 uspiam
881 2201 976 2255 lux
1005 2217 1175 2270 super
1217 2201 1416 2256 faciem
1468 2211 1650 2266 terrae,
1689 2203 1952 2272 quoniam
2004 2203 2227 2274 impleta

633 2299 721 2348 cst
771 2292 1037 2362 iniquitas
1084 2294 1140 2348 in
1178 2293 1417 2363 negotiis
1446 2293 1686 2348 ﬁliorum
1720 2293 2028 2360 hominum,
2062 2295 2227 2364 idque

637 2399 752 2440 non
785 2385 964 2441 solum
1011 2385 1120 2440 hoc
1161 2385 1216 2439 in
1257 2385 1401 2441 loco.

706 2580 831 2636 H7.
865 2580 984 2635 Jam
1038 2579 1119 2634 sol
1169 2594 1366 2636 versus
1397 2579 1688 2635 meridiem
1733 2581 2059 2643 inclinabat.
2098 2596 2224 2636 cum

633 2669 872 2740 suspicit
923 2679 1150 2724 sanctus
1190 2669 1434 2748 Symeon
1468 2687 1482 2723 :
1512 2678 1680 2739 atque
1728 2685 1856 2725 ecce
1905 2664 2227 2740 panduntur

636 2762 785 2826 coeli,
829 2770 885 2816 et
924 2761 1135 2826 lumen,
1180 2777 1292 2815 non
1343 2761 1506 2816 modo
1541 2763 1827 2817 oculorum
1878 2761 2075 2824 aciem.
2129 2763 2225 2818 sed

635 2854 808 2924 ipsam
851 2869 1072 2923 quoque
1107 2854 1253 2908 diem
1289 2863 1344 2908 et
1379 2853 1888 2926 splendidissimum
1923 2855 2094 2909 solem
2146 2853 2227 2907 of-

630 2948 879 3011 fuscans,
926 2961 1091 3016 supra
1125 2948 1531 3002 ﬁrmamentum
1561 2947 1792 3013 emicat;
1831 2963 2110 3016 sonusque
2142 2962 2228 3001 ro-

2330 1936 2447 1992 τοῦ.
2506 1937 2689 1991 Ταῦτα
2753 1939 2847 1991 τοῦ
2900 1938 3108 1992 δικαίου
3167 1940 3418 2009 βοῶντος,
3469 1943 3625 2013 φωνὴ
3675 1943 3913 2015 καθάπερ

2325 2032 2389 2080 ὲν
2452 2034 2729 2101 προσευχῇ
2785 2033 2850 2100 τῇ
2907 2032 3052 2102 ψυχῇ
3110 2031 3206 2084 τοῦ
3264 2033 3518 2102 κειμένου
3556 2035 3811 2104 nuntiato,
3847 2035 3912 2099 ὡς

2331 2122 2494 2184 αὐτὸς
2531 2120 3134 2193 ὖστερονὲξηγούμενος
3151 2119 3240 2195 ἦν,
3275 2125 3458 2189 Ὀλος,
3493 2125 3757 2193 λέγουσα,
3796 2127 3914 2179 6:6-

2329 2229 2422 2276 τος
2466 2215 2495 2266 ὀ
2527 2213 2753 2282 κόσμος,
2799 2214 2898 2268 οὐκ
2927 2215 3046 2268 ἐστι
3078 2215 3194 2284 φῶς
3233 2216 3326 2270 ἐπὶ
3359 2216 3660 2286 προσώπου
3695 2217 3799 2287 τῆς
3821 2217 3914 2287 τῆς

2329 2304 2591 2372 οὐδαμοῦ,
2630 2304 3032 2378 πληθυνθείσης
3080 2307 3182 2376 τῆς
3231 2309 3460 2379 ἀνομίας
3501 2311 3559 2361 ὲν
3589 2313 3705 2374 τοῖς
3735 2312 3913 2379 ἐπιτη-

2327 2397 2562 2468 δεύμασι
2621 2399 2731 2452 τῶν
2786 2397 2920 2452 υίῶν
2974 2399 3083 2454 τῶν
3130 2398 3457 2470 ἀνθρώπων,
3505 2401 3588 2454 ὅτι
3640 2400 3718 2471 μὴ
3765 2404 3912 2470 μόνον

2330 2485 2581 2541 ἐνταῦθα.

2401 2575 2548 2647 ρμςπ
2583 2577 2771 2640 Ἥλιος
2804 2579 2905 2650 μὲν
2929 2574 3022 2632 οῦν
3055 2579 3156 2651 ἠδη
3188 2581 3330 2652 μετὰ
3352 2581 3706 2652 μεσημϐρίαν
3737 2581 3911 2636 κεκλί-

2326 2682 2412 2720 κει
2433 2681 2446 2694 ⁸
2481 2668 2584 2738 ὁρᾷ
2635 2666 2692 2720 δὲ
2727 2667 2756 2719 6
2787 2666 3202 2740 ίερόςΣυμεὼν,
3232 2669 3327 2723 καὶ
3365 2669 3475 2723 ἰδοὺ
3523 2669 3833 2738 ἀνοίγονται
3864 2670 3910 2722 οι

2326 2759 2565 2828 οὐρανοὶ,
2599 2757 2713 2828 φῶς
2740 2759 2797 2813 δὲ
2833 2760 2933 2814 οὐκ
2957 2760 3237 2831 ὀφθαλμοῦ
3271 2762 3453 2832 μόνον,
3479 2761 3617 2815 ἀλλὰ
3637 2764 3735 2816 καὶ
3753 2761 3912 2831 αὐτῆς

2326 2850 2562 2923 ἡμέρας,
2598 2852 2690 2905 καὶ
2712 2852 2879 2908 αὐτοῦ
2909 2857 3158 2923 κρεῖττον
3182 2854 3338 2926 ἡλίου
3369 2855 3631 2928 ὑπεράνω
3664 2855 3760 2908 τοῦ
3803 2871 3913 2908 στεο

2329 2943 2654 3016 ρεὼμστος·
2694 2941 2827 3018 ἧχός
2880 2963 2942 2999 τε
2990 2947 3199 3017 τροχῶν
3261 2949 3578 3017 φερομένων
3633 2949 3915 3017 ἐμπίπτων

636 3052 820 3094 tarum
857 3040 1202 3093 currentium
1232 3038 1493 3093 allabitur
1523 3039 1772 3093 auribus.
1801 3037 2012 3093 Currus
2040 3047 2224 3093 autem

2336 3037 2448 3098 ταῖς
2469 3036 2660 3098 ἀκοαῖς
2687 3053 2702 3066 ο
2731 3037 2886 3108 ἅρμα
2916 3036 2975 3089 δὲ
2999 3038 3227 3090 κατόπιν
3251 3037 3344 3091 τοῦ
3370 3039 3504 3108 ἤχου
3534 3039 3799 3108 τέσσαρσι
3823 3038 3915 3107 μὶν

633 3138 874 3200 quatuor
902 3129 1210 3185 instructus
1243 3129 1402 3199 equis
1431 3145 1496 3184 ac
1531 3130 1762 3183 totidem
1798 3129 1936 3183 rotis
1964 3139 2106 3193 erat,
2137 3130 2224 3184 cui

2336 3127 2519 3192 ἵπποις
2547 3127 2852 3200 χρώμενον,
2882 3129 3161 3193 τοσούτοις
3187 3131 3245 3183 δὲ
3269 3131 3365 3184 καὶ
3397 3133 3618 3201 τροχοῖς
3642 3146 3656 3159 ·
3692 3133 3840 3202 τρεῖς
3859 3147 3915 3184 τε

634 3232 748 3277 tres
781 3220 1154 3292 praesidebant
1183 3219 1320 3284 viri;
1351 3220 1588 3290 querum
1616 3237 1758 3276 unus
1787 3235 1817 3274 a
1848 3229 2002 3290 parte
2034 3219 2227 3275 dextra

635 3313 854 3369 medius
880 3313 1024 3368 inter
1060 3311 1200 3366 duas
1245 3319 1395 3365 rotas
1427 3319 1485 3366 ct
1513 3326 1708 3383 equos,
1739 3312 1880 3366 alter
1908 3327 1939 3366 a
1964 3320 2120 3382 parte
2149 3312 2228 3367 si-

633 3407 812 3461 nistra
835 3404 1116 3469 similiter,
1141 3405 1337 3460 tectius
1365 3419 1395 3458 ιι
1423 3413 1576 3474 tergo
1597 3403 1843 3458 sedebat.
1862 3403 2042 3458 Vestis
2065 3419 2229 3474 porro

635 3509 693 3554 ct
720 3515 874 3555 coma
904 3500 1042 3556 viris
1066 3501 1188 3554 talis
1217 3509 1356 3562 erat,
1391 3509 1452 3553 ut
1478 3498 1650 3553 altera
1679 3497 1915 3552 candore
1940 3506 2231 3567 superaret

635 3593 843 3655 nivem,
899 3591 1071 3646 altera
1123 3591 1420 3660 splendore
1470 3606 1665 3644 aurum
1720 3607 1731 3640 :
1777 3604 2048 3666 equprum
2097 3605 2228 3644 vero

638 3684 792 3738 color
820 3691 875 3739 ct
907 3684 1082 3744 frena,
1135 3692 1192 3738 et
1244 3681 1486 3736 vehiculi
1540 3681 1756 3751 species
1799 3697 2015 3737 merum
2067 3693 2230 3737 erant

637 3777 850 3842 lumen,
889 3776 1034 3847 quod
1084 3776 1276 3831 oculos
1323 3777 1506 3846 potius
1540 3775 1606 3827 ad
1641 3774 2026 3842 spectandum,
2063 3789 2228 3842 quam

636 3869 882 3940 linguam
940 3868 1010 3924 ad
1069 3868 1462 3938 explicandum
1514 3867 1846 3936 requireret,
1897 3877 1990 3922 aut
2043 3867 2229 3937 potius

641 3968 1007 4027 utrorumque
1040 3957 1328 4025 aqualiter
1350 3966 1608 4025 argueret
1630 3955 2025 4020 infirmitatem.
2061 3957 2230 4012 Fere-

639 4049 804 4102 batur
820 4058 1004 4103 autem
1028 4061 1231 4102 currus
1260 4061 1400 4115 pone
1435 4046 1747 4100 columnam
1774 4062 1803 4098 a
1830 4055 1985 4116 parte
2006 4047 2230 4102 sinistra

640 4156 839 4196 versus
895 4140 1203 4203 dexteram,
1249 4137 1425 4193 donec
1477 4139 1811 4193 consisteret
1861 4151 1987 4195 ante
2031 4139 2227 4195 facient

643 4233 933 4307 Symconis
965 4247 1162 4286 versus
1199 4231 1490 4298 orientem,
1535 4231 1615 4286 sic
1645 4231 1873 4301 jubente
1915 4250 1980 4288 eo
2011 4234 2106 4303 qui
2141 4249 2230 4289 se-

642 4326 920 4398 quebatur
950 4340 979 4380 a
1017 4323 1245 4378 dextris.

719 4421 840 4475 MS.
871 4417 992 4472 Mox
1012 4418 1181 4472 etiam
1207 4434 1236 4472 a
1264 4416 1504 4472 dexteris
1528 4417 1820 4488 tranquilla
1849 4417 2053 4473 amavit
2075 4435 2229 4483 aura,

2337 3225 2571 3295 ἀριθμὸν
2595 3225 2964 3298 παραθᾶοντες
2986 3227 3208 3298 ἄνδρες,
3237 3228 3264 3280 6
3294 3226 3394 3296 μὲν
3415 3228 3482 3280 ὲκ
3501 3227 3696 3294 δεξιῶν
3723 3225 3914 3299 μεταξῦ

2336 3315 2444 3368 τῶν
2496 3316 2590 3370 δύο
2621 3318 2834 3388 τροχῶν
2877 3336 2937 3371 τε
2991 3319 3088 3372 καὶ
3128 3318 3332 3383 ἵππων,
3364 3320 3394 3371 6
3437 3319 3481 3372 δ’
3512 3319 3573 3384 ἐξ
3620 3316 3918 3389 ἀριστερῶν

2335 3406 2556 3477 ὁμοίως,
2588 3408 2775 3480 ἕτερος
2816 3408 2862 3461 δ’
2889 3410 2953 3462 ὲκ
2997 3409 3106 3462 τῶν
3147 3408 3432 3465 ὀπισθίων.
3472 3411 3535 3463 Ἡ
3579 3410 3639 3464 δὲ
3689 3409 3919 3479 ἀναϐολὴ

2335 3505 2448 3565 τοῖς
2480 3504 2734 3573 ἀνδράσια
2754 3504 2848 3558 καὶ
2889 3505 2922 3576 ἡ
2955 3504 3129 3574 κόμη.
3158 3507 3192 3577 ἡ
3223 3505 3321 3574 μὲν
3352 3505 3508 3575 χιόνα
3537 3509 3603 3575 τῇ
3637 3506 3918 3577 λευκότητι

2337 3595 2634 3665 παριοῦσα,
2677 3598 2710 3667 ὴ
2751 3596 2808 3649 δὲ
2850 3596 3012 3650 πλέον
3043 3598 3138 3651 καὶ
3175 3596 3378 3668 χρυσοῦ
3421 3598 3754 3652 στῆϐουσαο
3783 3598 3840 3652 τδ
3864 3597 3919 3651 δὲ

2335 3689 2443 3743 τῶν
2473 3689 2660 3743 ἵππων
2691 3688 2910 3759 χρῶμα.
2950 3690 3018 3744 τὰ
3053 3689 3113 3743 δὲ
3147 3689 3294 3760 ἠνία,
3338 3690 3398 3742 τδ
3433 3690 3489 3742 δὲ
3515 3689 3612 3743 τοῦ
3651 3692 3920 3761 ὀχήματος

2337 3777 2497 3846 εἶδος,
2535 3779 2654 3848 φῶς
2693 3779 3018 3850 αὐτόχρημα
3057 3775 3217 3851 ἦσαν,
3255 3779 3372 3849 φῶς
3395 3779 3696 3851 ὀφθαλμῶν
3727 3779 3920 3850 μᾶλλον

2336 3871 2416 3933 είς
2447 3870 2575 3922 θέαν
2613 3869 2646 3941 ἢ
2693 3867 2944 3938 γλώττης
2990 3870 3070 3932 είς
3110 3867 3408 3942 ἑρμηνείαν
3453 3868 3738 3938 δεόμενον,
3770 3870 3803 3940 ἢ
3834 3871 3922 3924 καὶ

2335 3964 2543 4032 ἀμφοῖν
2568 3962 2787 4031 ἐπίσης,
2813 3959 3061 4032 γλώττης
3089 3961 3225 4032 ὀμοῦ
3261 3962 3356 4015 καὶ
3383 3961 3683 4031 ὀφθαλμῶν
3709 3963 3920 4033 ἐλέγχον

2341 4055 2648 4110 ἀσθένειαν.
2694 4052 2954 4124 Ἐφέρετο
2983 4052 3165 4106 τοίνυν
3189 4052 3286 4106 ἐπὶ
3320 4051 3389 4105 τὰ
3419 4052 3570 4116 δεξιὰ
3597 4053 3688 4106 διὰ
3709 4053 3820 4107 τῶν
3846 4055 3923 4106 εὐ-

2338 4145 2448 4200 ωνύ
2458 4163 2573 4215 μων
2604 4147 2667 4198 ὲκ
2693 4144 2803 4198 τῶν
2824 4143 3086 4198 ὀπισθίων
3119 4141 3214 4196 τοῦ
3235 4143 3434 4207 κίονος,
3457 4132 3565 4207 ἕως
3595 4144 3740 4204 κατὰ
3761 4143 3923 4215 a960-

2338 4253 2487 4291 ωπον
2526 4237 2656 4307 ἔστη
2704 4234 2799 4289 τοῦ
2858 4233 3085 4305 Συμεὼν
3125 4234 3264 4305 πρὸς
3300 4233 3585 4299 ἀνατολὰς,
3636 4233 3734 4287 τοῦ
3778 4232 3922 4300 δεξιὲ.

2340 4327 2729 4399 παρεπομένου
2756 4325 2930 4397 ταύτῃ
2955 4325 3332 4388 κελεύσαντος.

2415 4424 2565 4491 ρμη’.
2593 4417 2803 4471 Λύτίκα
2825 4416 2958 4485 γοῦν
2988 4417 3054 4469 ὲκ
3084 4413 3194 4469 τῶν
3227 4415 3417 4480 δεξιῶν
3439 4415 3628 4487 ἡρέμα
3658 4415 3919 4485 προσέϐα·-

643 4512 1011 4584 apparuitque
1071 4508 1380 4565 similitudo
1429 4509 1884 4573 lirmamenti,et
1913 4510 2054 4566 visio
2107 4520 2231 4580 post

2336 4514 2426 4568 λεν
2454 4511 2618 4582 αὖρα,
2649 4509 2745 4563 καί⁵
2777 4509 2885 4562 ἰδοὺ
2911 4506 2988 4571 ὡς
3014 4506 3267 4577 ὁμοίωμα
3292 4509 3698 4579 στερεῶματος,
3728 4507 3823 4561 καὶ
3851 4506 3919 4569 ὡς

645 4619 860 4678 tergum
913 4606 1064 4662 velut
1091 4603 1290 4674 lapidis
1320 4604 1590 4672 sapphiri,
1637 4615 1693 4658 et
1736 4613 1975 4673 quatuor
2039 4619 2235 4658 manus

641 4701 889 4755 Virorum
935 4698 1196 4770 (dixisses
1256 4696 1703 4750 consternatione
1747 4712 1810 4751 ac
1857 4696 2053 4752 timore
2108 4711 2236 4765 per-

643 4791 847 4860 culsos)
890 4789 1113 4846 levibus
1161 4787 1264 4854 aljs
1316 4787 1741 4857 pervolantium,
1777 4796 1831 4840 et
1857 4788 2014 4856 quasi
2053 4786 2236 4841 velum

645 4883 869 4955 aliquod
894 4880 1084 4937 altaris
1102 4897 1162 4935 se
1177 4880 1516 4934 moventium
1543 4898 1554 4932 :
1584 4878 1730 4947 quod
1761 4879 2136 4948 spectabatur,
2163 4879 2240 4933 si-

644 4974 902 5031 militudo
953 4972 1137 5028 throni
1209 4973 1511 5026 introrsum
1569 4969 1941 5039 splendentis;
2001 4985 2064 5024 ac
2111 4987 2237 5023 rur-

643 5081 741 5120 sus
789 5079 954 5134 supra
1007 5062 1268 5116 thronum
1333 5060 1485 5114 velut
1535 5061 1748 5129 species
1799 5060 2058 5123 hominis,
2121 5075 2228 5114 non

643 5154 1040 5228 permittentis.
1067 5164 1280 5208 tantum
1309 5152 1396 5207 vel
1416 5151 1592 5230 oculis
1624 5153 1708 5206 vel
1738 5161 1919 5207 mente
1950 5169 1980 5206 e
2019 5160 2232 5221 specta-

645 5249 773 5304 culo
813 5247 1112 5317 voluptatis
1153 5246 1297 5315 capi,
1336 5253 1606 5313 quantum
1659 5252 1925 5314 spectans
1943 5244 2231 5312 cupiebat:

647 5339 826 5410 angeli
889 5353 1111 5407 quoque
1156 5351 1393 5391 numero
1442 5335 1680 5401 inﬁniti,
1741 5335 2026 5405 cingentes
2079 5336 2233 5388 tliro—

646 5447 806 5496 num,
842 5440 1042 5506 praisto
1071 5440 1263 5496 erant;
1299 5429 1393 5499 qui
1430 5427 1609 5499 ipsum
1640 5443 1827 5482 revera
1861 5429 2048 5482 lumen
2084 5427 2238 5482 vide-

649 5524 874 5590 bantur,
910 5523 984 5577 ita
1010 5521 1373 5577 coruscabant
1395 5520 1642 5590 undique
1692 5519 2000 5573 emittenda
2031 5520 2236 5573 radios.

658 5617 768 5673 Alii
801 5615 1065 5690 .spccicm
1129 5613 1496 5684 praeferebant
1554 5614 1717 5675 aeris,
1784 5611 1875 5665 alii
1932 5613 2097 5682 ignis,
2146 5614 2237 5666 alii

729 5800 774 5832 "
814 5801 958 5859 Psal.
999 5816 1164 5868 ωιτη,
1341 5803 1384 5834 ’τ’
1425 5800 1570 5876 μοι.
1620 5817 1687 5868 ct,
1741 5798 1795 5866 Ξ,
1827 5799 1890 5862 '5;
1923 5810 2052 5854 xm.
2084 5796 2159 5853 10.

2339 4605 2528 4675 ὅρασις
2588 4600 2729 4653 κατὰ
2774 4599 2944 4653 νῶτον
2987 4599 3134 4652 λίθου
3185 4600 3515 4671 σαπφείρου,
3559 4599 3829 4671 τέσσαρές
3869 4616 3920 4652 τε

2339 4701 2522 4768 χεῖρες
2558 4691 2767 4764 ἀνδρῶν
2799 4691 2964 4744 οἱονεὶ
2992 4693 3088 4743 σὺν
3118 4689 3380 4760 ἐκπλήξει
3415 4691 3512 4742 καί⁵
3542 4689 3696 4759 eoeo
3727 4689 3919 4761 πτέρν-

2341 4789 2421 4856 ξιν
2452 4787 2717 4857 ἐλαφραῖς
2738 4784 3166 4852 διαπετομένων,
3203 4785 3296 4837 καὶ
3323 4782 3515 4853 ῶσπερ
3538 4801 3592 4836 τι
3623 4784 3922 4836 καταπέτα-

2343 4898 2458 4951 σμα
2489 4877 2878 4949 θυσιαστηρίου
2919 4875 3321 4930 κατασειόντων
3343 4893 3354 4907 ·
3386 4876 3456 4928 τὰ
3498 4876 3556 4928 δὲ
3590 4876 3735 4945 ὑπὲρ
3774 4874 3920 4929 τοῦτο

2340 4973 2593 5042 ὁμοίωμα
2620 4971 2811 5042 θρόνου
2836 4968 2906 5022 τὰ
2928 4967 3075 5020 ἔνδον
3095 4966 3569 5038 καταλάμποντος,
3595 4969 3690 5020 καὶ
3726 4969 3813 5020 ἐπ’
3836 4967 3921 5020 αὖ·

2339 5064 2434 5118 τοῦ
2453 5065 2613 5118 πάλιν
2637 5063 2710 5126 ὼς
2733 5057 2872 5124 εἶδος
2886 5059 3200 5131 ἀνθρώπου,
3237 5061 3376 5130 μήτε
3394 5058 3664 5129 ὀφθαλμῷ
3683 5060 3782 5130 τῆς
3805 5059 3920 5121 θέας

2348 5156 2655 5226 ἐφικέσθαι,
2684 5155 2823 5224 μήτε
2861 5151 2936 5223 νῷ
2959 5150 3208 5204 τοσοῦτον
3239 5153 3482 5221 ἐφιέντος
3503 5151 3630 5202 ὅσον
3648 5149 3918 5204 ὲόούλετιν

2346 5247 2594 5316 ἀγγέλων
2627 5264 2688 5299 τε
2727 5247 2986 5318 μυριάδες
3013 5244 3249 5317 ἀριθμοῦ
3315 5245 3602 5314 κρείττους
3632 5242 3919 5297 κυκλοῦται

2345 5339 2436 5392 τον
2469 5339 2656 5407 θρόνον
2703 5337 2840 5408 ὁμοῦ
2885 5339 2980 5391 καὶ
3021 5336 3579 5408 παρεστηκυῖαι,φῶς
3611 5336 3919 5407 αὐτόχρημα

2341 5427 2516 5495 οὖσαι,
2535 5430 2648 5500 φῶς
2673 5429 2941 5500 ἀφιεῖσαι,
2958 5428 3073 5497 φῶς
3097 5427 3596 5499 ὲξαστράπτουσαι.
3621 5428 3686 5483 οι
3712 5429 3811 5499 μὲν
3835 5429 3917 5482 ὅσα

2342 5524 2436 5577 καὶ
2462 5523 2567 5593 ἀὴρ
2594 5522 2888 5592 ὁρώμενοι,
2917 5523 2967 5575 οἱ
2993 5523 3049 5576 δὲ
3080 5520 3212 5592 πῦρ,
3241 5523 3290 5574 oi
3319 5521 3377 5574 δὲ
3401 5519 3554 5592 ἥλιος
3579 5536 3595 5552 ’
3634 5521 3714 5592 τῷ
3751 5520 3916 5589 μέντοι

2340 5618 2394 5669 Μ
2403 5615 2558 5686 ιχαὴ).
2586 5613 2681 5686 (ὡς
2716 5613 3016 5684 τηνικαῦτα
3052 5613 3328 5685 μυστικῶς
3361 5614 3439 5685 τῷ
3465 5613 3699 5683 Συμεὼν
3721 5609 3920 5684 £615,205-
