  <div class='ocr_page' id='page_1' title='image "/cluster/home/n/w/nwhite01/storage/ocr_20150623/88 pt.2/uva.x004575615/721.png"; bbox 0 0 4092 6458; ppageno 0'>
   <div class='ocr_carea' id='block_1_1' title="bbox 643 382 786 446">
    <p class='ocr_par' dir='ltr' id='par_1_1' title="bbox 643 382 786 446">
     <span class='ocr_line' id='line_1_1' title="bbox 643 382 786 446; baseline 0 0"><span class='ocrx_word' id='word_1_1' title='bbox 643 382 786 446; x_wconf 76' lang='grc'><strong>3127</strong></span> 
     </span>
    </p>
   </div>
   <div class='ocr_carea' id='block_1_2' title="bbox 642 584 2226 651">
    <p class='ocr_par' dir='ltr' id='par_1_2' title="bbox 642 584 2226 651">
     <span class='ocr_line' id='line_1_2' title="bbox 642 584 2226 651; baseline 0.001 -12"><span class='ocrx_word' id='word_1_2' title='bbox 642 586 701 639; x_wconf 82' lang='lat' dir='ltr'><strong>in</strong></span> <span class='ocrx_word' id='word_1_3' title='bbox 735 584 914 638; x_wconf 88' lang='lat' dir='ltr'><strong>virum</strong></span> <span class='ocrx_word' id='word_1_4' title='bbox 949 597 1282 651; x_wconf 88' lang='lat' dir='ltr'><strong>commotus,</strong></span> <span class='ocrx_word' id='word_1_5' title='bbox 1333 589 1504 643; x_wconf 88' lang='lat' dir='ltr'><strong>sacris</strong></span> <span class='ocrx_word' id='word_1_6' title='bbox 1550 588 1627 642; x_wconf 90' lang='lat' dir='ltr'><strong>illi</strong></span> <span class='ocrx_word' id='word_1_7' title='bbox 1660 587 1978 642; x_wconf 74' lang='lat' dir='ltr'><strong>interdicit:</strong></span> <span class='ocrx_word' id='word_1_8' title='bbox 2012 587 2080 640; x_wconf 90' lang='lat' dir='ltr'><strong>ad</strong></span> <span class='ocrx_word' id='word_1_9' title='bbox 2107 586 2226 641; x_wconf 68' lang='lat' dir='ltr'><strong>haec</strong></span> 
     </span>
    </p>
   </div>
   <div class='ocr_carea' id='block_1_3' title="bbox 641 672 2225 748">
    <p class='ocr_par' dir='ltr' id='par_1_3' title="bbox 641 672 2225 748">
     <span class='ocr_line' id='line_1_3' title="bbox 641 672 2225 748; baseline 0.001 -18"><span class='ocrx_word' id='word_1_10' title='bbox 641 685 698 730; x_wconf 87' lang='lat' dir='ltr'><strong>et</strong></span> <span class='ocrx_word' id='word_1_11' title='bbox 720 672 1010 730; x_wconf 65' lang='lat' dir='ltr'><strong>facultates</strong></span> <span class='ocrx_word' id='word_1_12' title='bbox 1051 678 1241 748; x_wconf 81' lang='lat' dir='ltr'><strong>diripi,</strong></span> <span class='ocrx_word' id='word_1_13' title='bbox 1263 690 1320 733; x_wconf 92' lang='lat' dir='ltr'><strong>et</strong></span> <span class='ocrx_word' id='word_1_14' title='bbox 1351 679 1558 732; x_wconf 81' lang='lat' dir='ltr'><strong>aditum</strong></span> <span class='ocrx_word' id='word_1_15' title='bbox 1589 678 1797 739; x_wconf 88' lang='lat' dir='ltr'><strong>sacelli,</strong></span> <span class='ocrx_word' id='word_1_16' title='bbox 1831 693 1900 732; x_wconf 89' lang='lat' dir='ltr'><strong>ne</strong></span> <span class='ocrx_word' id='word_1_17' title='bbox 1940 677 2027 732; x_wconf 90' lang='lat' dir='ltr'><strong>cui</strong></span> <span class='ocrx_word' id='word_1_18' title='bbox 2061 677 2225 732; x_wconf 82' lang='lat' dir='ltr'><strong>dein-</strong></span> 
     </span>
    </p>
   </div>
   <div class='ocr_carea' id='block_1_4' title="bbox 642 765 1874 837">
    <p class='ocr_par' dir='ltr' id='par_1_4' title="bbox 642 765 1874 837">
     <span class='ocr_line' id='line_1_4' title="bbox 642 765 1874 837; baseline 0.002 -18"><span class='ocrx_word' id='word_1_19' title='bbox 642 781 776 834; x_wconf 89' lang='lat' dir='ltr'><strong>ceps</strong></span> <span class='ocrx_word' id='word_1_20' title='bbox 803 765 1044 822; x_wconf 77' lang='lat' dir='ltr'><strong>adeundi</strong></span> <span class='ocrx_word' id='word_1_21' title='bbox 1078 768 1233 834; x_wconf 85' lang='lat' dir='ltr'><strong>copia</strong></span> <span class='ocrx_word' id='word_1_22' title='bbox 1264 777 1433 833; x_wconf 83' lang='lat' dir='ltr'><strong>esset,</strong></span> <span class='ocrx_word' id='word_1_23' title='bbox 1457 767 1674 821; x_wconf 88' lang='lat' dir='ltr'><strong>obstrui</strong></span> <span class='ocrx_word' id='word_1_24' title='bbox 1694 766 1874 837; x_wconf 83' lang='lat' dir='ltr'><strong>jubet.</strong></span> 
     </span>
    </p>
   </div>
   <div class='ocr_carea' id='block_1_5' title="bbox 721 985 2220 1053">
    <p class='ocr_par' dir='ltr' id='par_1_5' title="bbox 721 985 2220 1053">
     <span class='ocr_line' id='line_1_5' title="bbox 721 985 2220 1053; baseline 0.003 -15"><span class='ocrx_word' id='word_1_25' title='bbox 721 985 842 1038; x_wconf 76' lang='grc'><strong>131.</strong></span> <span class='ocrx_word' id='word_1_26' title='bbox 875 986 1090 1040; x_wconf 82' lang='lat' dir='ltr'><strong>Interea</strong></span> <span class='ocrx_word' id='word_1_27' title='bbox 1127 985 1357 1040; x_wconf 89' lang='lat' dir='ltr'><strong>sedebat</strong></span> <span class='ocrx_word' id='word_1_28' title='bbox 1377 985 1470 1040; x_wconf 91' lang='lat' dir='ltr'><strong>ille</strong></span> <span class='ocrx_word' id='word_1_29' title='bbox 1519 985 1725 1041; x_wconf 80' lang='lat' dir='ltr'><strong>clausis</strong></span> <span class='ocrx_word' id='word_1_30' title='bbox 1759 986 1949 1041; x_wconf 85' lang='lat' dir='ltr'><strong>sacelli</strong></span> <span class='ocrx_word' id='word_1_31' title='bbox 1985 987 2220 1053; x_wconf 87' lang='lat' dir='ltr'><strong>foribus,</strong></span> 
     </span>
    </p>
   </div>
   <div class='ocr_carea' id='block_1_6' title="bbox 640 1075 2224 1148">
    <p class='ocr_par' dir='ltr' id='par_1_6' title="bbox 640 1075 2224 1148">
     <span class='ocr_line' id='line_1_6' title="bbox 640 1075 2224 1148; baseline 0.002 -18"><span class='ocrx_word' id='word_1_32' title='bbox 640 1075 953 1130; x_wconf 88' lang='lat' dir='ltr'><strong>lamentans</strong></span> <span class='ocrx_word' id='word_1_33' title='bbox 982 1091 1093 1129; x_wconf 88' lang='lat' dir='ltr'><strong>non</strong></span> <span class='ocrx_word' id='word_1_34' title='bbox 1125 1084 1337 1130; x_wconf 91' lang='lat' dir='ltr'><strong>tantum</strong></span> <span class='ocrx_word' id='word_1_35' title='bbox 1366 1077 1692 1132; x_wconf 81' lang='lat' dir='ltr'><strong>facultatem</strong></span> <span class='ocrx_word' id='word_1_36' title='bbox 1720 1081 1895 1134; x_wconf 88' lang='lat' dir='ltr'><strong>sacris</strong></span> <span class='ocrx_word' id='word_1_37' title='bbox 1957 1078 2224 1148; x_wconf 88' lang='lat' dir='ltr'><strong>operandi</strong></span> 
     </span>
    </p>
   </div>
   <div class='ocr_carea' id='block_1_7' title="bbox 642 1167 2226 1241">
    <p class='ocr_par' dir='ltr' id='par_1_7' title="bbox 642 1167 2226 1241">
     <span class='ocr_line' id='line_1_7' title="bbox 642 1167 2226 1241; baseline 0.004 -23"><span class='ocrx_word' id='word_1_38' title='bbox 642 1167 903 1230; x_wconf 88' lang='lat' dir='ltr'><strong>ablatam,</strong></span> <span class='ocrx_word' id='word_1_39' title='bbox 932 1168 1026 1220; x_wconf 86' lang='lat' dir='ltr'><strong>sed</strong></span> <span class='ocrx_word' id='word_1_40' title='bbox 1055 1183 1170 1222; x_wconf 91' lang='lat' dir='ltr'><strong>rem</strong></span> <span class='ocrx_word' id='word_1_41' title='bbox 1208 1168 1533 1224; x_wconf 79' lang='lat' dir='ltr'><strong>familiarem</strong></span> <span class='ocrx_word' id='word_1_42' title='bbox 1566 1184 1786 1240; x_wconf 89' lang='lat' dir='ltr'><strong>quoque</strong></span> <span class='ocrx_word' id='word_1_43' title='bbox 1823 1189 1836 1224; x_wconf 93' lang='lat'><strong>:</strong></span> <span class='ocrx_word' id='word_1_44' title='bbox 1889 1172 2226 1241; x_wconf 85' lang='lat' dir='ltr'><strong>respiciens-</strong></span> 
     </span>
    </p>
   </div>
   <div class='ocr_carea' id='block_1_8' title="bbox 641 1258 2227 1330">
    <p class='ocr_par' dir='ltr' id='par_1_8' title="bbox 641 1258 2227 1330">
     <span class='ocr_line' id='line_1_8' title="bbox 641 1258 2227 1330; baseline 0.003 -21"><span class='ocrx_word' id='word_1_45' title='bbox 641 1271 750 1325; x_wconf 86' lang='lat' dir='ltr'><strong>que</strong></span> <span class='ocrx_word' id='word_1_46' title='bbox 801 1258 1016 1312; x_wconf 89' lang='lat' dir='ltr'><strong>unicam</strong></span> <span class='ocrx_word' id='word_1_47' title='bbox 1045 1273 1200 1313; x_wconf 89' lang='lat' dir='ltr'><strong>suam</strong></span> <span class='ocrx_word' id='word_1_48' title='bbox 1237 1259 1574 1329; x_wconf 88' lang='lat' dir='ltr'><strong>minimeque</strong></span> <span class='ocrx_word' id='word_1_49' title='bbox 1602 1259 1852 1315; x_wconf 86' lang='lat' dir='ltr'><strong>fallacem</strong></span> <span class='ocrx_word' id='word_1_50' title='bbox 1901 1276 2054 1330; x_wconf 82' lang='lat' dir='ltr'><strong>spem</strong></span> <span class='ocrx_word' id='word_1_51' title='bbox 2079 1261 2227 1330; x_wconf 89' lang='lat' dir='ltr'><strong>posi-</strong></span> 
     </span>
    </p>
   </div>
   <div class='ocr_carea' id='block_1_9' title="bbox 641 1351 2230 1424">
    <p class='ocr_par' dir='ltr' id='par_1_9' title="bbox 641 1351 2230 1424">
     <span class='ocr_line' id='line_1_9' title="bbox 641 1351 2230 1424; baseline 0.003 -19"><span class='ocrx_word' id='word_1_52' title='bbox 641 1361 751 1406; x_wconf 87' lang='lat' dir='ltr'><strong>tam</strong></span> <span class='ocrx_word' id='word_1_53' title='bbox 786 1353 842 1406; x_wconf 91' lang='lat' dir='ltr'><strong>in</strong></span> <span class='ocrx_word' id='word_1_54' title='bbox 866 1364 1054 1407; x_wconf 90' lang='lat' dir='ltr'><strong>sancto</strong></span> <span class='ocrx_word' id='word_1_55' title='bbox 1092 1351 1392 1424; x_wconf 83' lang='lat' dir='ltr'><strong>Symenne,</strong></span> <span class='ocrx_word' id='word_1_56' title='bbox 1424 1355 1856 1410; x_wconf 86' lang='lat' dir='ltr'><strong>consolationem</strong></span> <span class='ocrx_word' id='word_1_57' title='bbox 1902 1355 1972 1410; x_wconf 92' lang='lat' dir='ltr'><strong>ab</strong></span> <span class='ocrx_word' id='word_1_58' title='bbox 2006 1355 2100 1409; x_wconf 92' lang='lat' dir='ltr'><strong>illo</strong></span> <span class='ocrx_word' id='word_1_59' title='bbox 2138 1371 2230 1410; x_wconf 90' lang='lat' dir='ltr'><strong>ac-</strong></span> 
     </span>
    </p>
   </div>
   <div class='ocr_carea' id='block_1_10' title="bbox 643 1441 2222 1511">
    <p class='ocr_par' dir='ltr' id='par_1_10' title="bbox 643 1441 2222 1511">
     <span class='ocr_line' id='line_1_10' title="bbox 643 1441 2222 1511; baseline 0.002 -16"><span class='ocrx_word' id='word_1_60' title='bbox 643 1441 828 1511; x_wconf 89' lang='lat' dir='ltr'><strong>cepit,</strong></span> <span class='ocrx_word' id='word_1_61' title='bbox 865 1442 1175 1497; x_wconf 86' lang='lat' dir='ltr'><strong>subsidium</strong></span> <span class='ocrx_word' id='word_1_62' title='bbox 1196 1458 1308 1496; x_wconf 89' lang='lat' dir='ltr'><strong>non</strong></span> <span class='ocrx_word' id='word_1_63' title='bbox 1331 1449 1658 1498; x_wconf 84' lang='lat' dir='ltr'><strong>cunctanter</strong></span> <span class='ocrx_word' id='word_1_64' title='bbox 1685 1444 1908 1499; x_wconf 89' lang='lat' dir='ltr'><strong>tardeve</strong></span> <span class='ocrx_word' id='word_1_65' title='bbox 1948 1444 2222 1509; x_wconf 89' lang='lat' dir='ltr'><strong>conferre,</strong></span> 
     </span>
    </p>
   </div>
   <div class='ocr_carea' id='block_1_11' title="bbox 640 1533 2218 1604">
    <p class='ocr_par' dir='ltr' id='par_1_11' title="bbox 640 1533 2218 1604">
     <span class='ocr_line' id='line_1_11' title="bbox 640 1533 2218 1604; baseline 0.003 -20"><span class='ocrx_word' id='word_1_66' title='bbox 640 1547 754 1585; x_wconf 86' lang='lat' dir='ltr'><strong>non</strong></span> <span class='ocrx_word' id='word_1_67' title='bbox 791 1533 1223 1602; x_wconf 87' lang='lat' dir='ltr'><strong>procrastinare,</strong></span> <span class='ocrx_word' id='word_1_68' title='bbox 1265 1544 1360 1587; x_wconf 81' lang='lat' dir='ltr'><strong>aut</strong></span> <span class='ocrx_word' id='word_1_69' title='bbox 1414 1535 1470 1587; x_wconf 92' lang='lat' dir='ltr'><strong>in</strong></span> <span class='ocrx_word' id='word_1_70' title='bbox 1522 1534 1672 1588; x_wconf 91' lang='lat' dir='ltr'><strong>aliud</strong></span> <span class='ocrx_word' id='word_1_71' title='bbox 1716 1543 1934 1604; x_wconf 87' lang='lat' dir='ltr'><strong>tempus</strong></span> <span class='ocrx_word' id='word_1_72' title='bbox 1965 1534 2218 1603; x_wconf 87' lang='lat' dir='ltr'><strong>rejieere,</strong></span> 
     </span>
    </p>
   </div>
   <div class='ocr_carea' id='block_1_12' title="bbox 641 1625 2224 1681">
    <p class='ocr_par' dir='ltr' id='par_1_12' title="bbox 641 1625 2224 1681">
     <span class='ocr_line' id='line_1_12' title="bbox 641 1625 2224 1681; baseline 0.002 -5"><span class='ocrx_word' id='word_1_73' title='bbox 641 1639 753 1677; x_wconf 91' lang='lat' dir='ltr'><strong>non</strong></span> <span class='ocrx_word' id='word_1_74' title='bbox 782 1635 964 1679; x_wconf 89' lang='lat' dir='ltr'><strong>certas</strong></span> <span class='ocrx_word' id='word_1_75' title='bbox 998 1626 1052 1679; x_wconf 91' lang='lat' dir='ltr'><strong>in</strong></span> <span class='ocrx_word' id='word_1_76' title='bbox 1086 1625 1253 1680; x_wconf 88' lang='lat' dir='ltr'><strong>horas</strong></span> <span class='ocrx_word' id='word_1_77' title='bbox 1287 1641 1575 1681; x_wconf 89' lang='lat' dir='ltr'><strong>reservare</strong></span> <span class='ocrx_word' id='word_1_78' title='bbox 1617 1626 1802 1681; x_wconf 89' lang='lat' dir='ltr'><strong>solito.</strong></span> <span class='ocrx_word' id='word_1_79' title='bbox 1828 1625 2108 1681; x_wconf 87' lang='lat' dir='ltr'><strong>Continuo</strong></span> <span class='ocrx_word' id='word_1_80' title='bbox 2139 1625 2224 1679; x_wconf 88' lang='lat' dir='ltr'><strong>in-</strong></span> 
     </span>
    </p>
   </div>
   <div class='ocr_carea' id='block_1_13' title="bbox 640 1715 2224 1789">
    <p class='ocr_par' dir='ltr' id='par_1_13' title="bbox 640 1715 2224 1789">
     <span class='ocr_line' id='line_1_13' title="bbox 640 1715 2224 1789; baseline 0.003 -20"><span class='ocrx_word' id='word_1_81' title='bbox 640 1715 818 1770; x_wconf 86' lang='lat' dir='ltr'><strong>festus</strong></span> <span class='ocrx_word' id='word_1_82' title='bbox 838 1717 1050 1772; x_wconf 68' lang='lat' dir='ltr'><strong>dtemon</strong></span> <span class='ocrx_word' id='word_1_83' title='bbox 1076 1718 1397 1788; x_wconf 89' lang='lat' dir='ltr'><strong>episcopum</strong></span> <span class='ocrx_word' id='word_1_84' title='bbox 1430 1719 1722 1784; x_wconf 77' lang='lat' dir='ltr'><strong>invadens,</strong></span> <span class='ocrx_word' id='word_1_85' title='bbox 1752 1718 1930 1788; x_wconf 85' lang='lat' dir='ltr'><strong>ipsum</strong></span> <span class='ocrx_word' id='word_1_86' title='bbox 1945 1720 2058 1789; x_wconf 89' lang='lat' dir='ltr'><strong>jam</strong></span> <span class='ocrx_word' id='word_1_87' title='bbox 2081 1718 2224 1773; x_wconf 87' lang='lat' dir='ltr'><strong>luci-</strong></span> 
     </span>
    </p>
   </div>
   <div class='ocr_carea' id='block_1_14' title="bbox 1859 383 2743 448">
    <p class='ocr_par' dir='ltr' id='par_1_14' title="bbox 1859 383 2743 448">
     <span class='ocr_line' id='line_1_14' title="bbox 1859 383 2743 448; baseline -0.005 0"><span class='ocrx_word' id='word_1_88' title='bbox 1859 389 1918 448; x_wconf 91' lang='lat' dir='ltr'><strong>S.</strong></span> <span class='ocrx_word' id='word_1_89' title='bbox 1963 383 2343 446; x_wconf 82' lang='lat' dir='ltr'><strong>SYMEONIS</strong></span> <span class='ocrx_word' id='word_1_90' title='bbox 2380 383 2743 444; x_wconf 77' lang='lat' dir='ltr'><strong>JUNIORIS</strong></span> 
     </span>
    </p>
   </div>
   <div class='ocr_carea' id='block_1_15' title="bbox 642 487 2228 565">
    <p class='ocr_par' dir='ltr' id='par_1_15' title="bbox 642 494 2228 565">
     <span class='ocr_line' id='line_1_15' title="bbox 642 494 2228 565; baseline -0.001 -17"><span class='ocrx_word' id='word_1_91' title='bbox 642 495 798 548; x_wconf 86' lang='lat' dir='ltr'><strong>nullo</strong></span> <span class='ocrx_word' id='word_1_92' title='bbox 813 495 1068 548; x_wconf 84' lang='lat' dir='ltr'><strong>examine</strong></span> <span class='ocrx_word' id='word_1_93' title='bbox 1099 495 1264 561; x_wconf 89' lang='lat' dir='ltr'><strong>facto,</strong></span> <span class='ocrx_word' id='word_1_94' title='bbox 1287 496 1449 552; x_wconf 87' lang='lat' dir='ltr'><strong>dictis</strong></span> <span class='ocrx_word' id='word_1_95' title='bbox 1474 497 1637 551; x_wconf 84' lang='lat' dir='ltr'><strong>fidem</strong></span> <span class='ocrx_word' id='word_1_96' title='bbox 1669 496 1962 558; x_wconf 81' lang='lat' dir='ltr'><strong>adhibens,</strong></span> <span class='ocrx_word' id='word_1_97' title='bbox 1991 494 2228 565; x_wconf 80' lang='lat' dir='ltr'><strong>graviter</strong></span> 
     </span>
    </p>
   </div>
   <div class='ocr_carea' id='block_1_16' title="bbox 2334 487 3582 565">
    <p class='ocr_par' dir='ltr' id='par_1_16' title="bbox 2334 487 3582 559">
     <span class='ocr_line' id='line_1_16' title="bbox 2334 487 3582 559; baseline 0.005 -16"><span class='ocrx_word' id='word_1_98' title='bbox 2334 487 2415 555; x_wconf 75' lang='grc' dir='ltr'>οἷς</span> <span class='ocrx_word' id='word_1_99' title='bbox 2457 493 2676 546; x_wconf 81' lang='grc' dir='ltr'>ἐκεῖνον</span> <span class='ocrx_word' id='word_1_100' title='bbox 2739 495 3118 555; x_wconf 79' lang='grc' dir='ltr'>ἀεασανίστως</span> <span class='ocrx_word' id='word_1_101' title='bbox 3173 496 3582 559; x_wconf 81' lang='grc' dir='ltr'>πιστεύσαντα,</span> 
     </span>
    </p>
   </div>
   <div class='ocr_carea' id='block_1_17' title="bbox 3789 387 3913 452">
    <p class='ocr_par' dir='ltr' id='par_1_17' title="bbox 3789 387 3913 452">
     <span class='ocr_line' id='line_1_17' title="bbox 3789 387 3913 452; baseline 0 -1"><span class='ocrx_word' id='word_1_102' title='bbox 3789 387 3913 452; x_wconf 75' lang='grc'><strong>3123</strong></span> 
     </span>
    </p>
   </div>
   <div class='ocr_carea' id='block_1_18' title="bbox 3663 497 3910 562">
    <p class='ocr_par' dir='ltr' id='par_1_18' title="bbox 3663 497 3910 562">
     <span class='ocr_line' id='line_1_18' title="bbox 3663 497 3910 562; baseline 0.012 -15"><span class='ocrx_word' id='word_1_103' title='bbox 3663 497 3760 550; x_wconf 67' lang='grc' dir='ltr'>καὶ</span> <span class='ocrx_word' id='word_1_104' title='bbox 3825 498 3910 562; x_wconf 66' lang='grc' dir='ltr'><strong>ὀξὺ</strong></span> 
     </span>
    </p>
   </div>
   <div class='ocr_carea' id='block_1_19' title="bbox 2334 583 3913 656">
    <p class='ocr_par' dir='ltr' id='par_1_19' title="bbox 2334 583 3913 656">
     <span class='ocr_line' id='line_1_19' title="bbox 2334 583 3913 656; baseline 0.003 -22"><span class='ocrx_word' id='word_1_105' title='bbox 2334 583 2481 636; x_wconf 83' lang='grc' dir='ltr'>κατὰ</span> <span class='ocrx_word' id='word_1_106' title='bbox 2566 583 2662 636; x_wconf 88' lang='grc' dir='ltr'><strong>τοῦ</strong></span> <span class='ocrx_word' id='word_1_107' title='bbox 2747 584 2940 654; x_wconf 74' lang='grc' dir='ltr'>ἀνδρὸς</span> <span class='ocrx_word' id='word_1_108' title='bbox 3035 583 3365 654; x_wconf 77' lang='grc' dir='ltr'><strong>κινηθέντα,</strong></span> <span class='ocrx_word' id='word_1_109' title='bbox 3454 588 3558 656; x_wconf 79' lang='grc' dir='ltr'>τῆς</span> <span class='ocrx_word' id='word_1_110' title='bbox 3622 601 3684 637; x_wconf 88' lang='grc' dir='ltr'><strong>τε</strong></span> <span class='ocrx_word' id='word_1_111' title='bbox 3773 585 3913 648; x_wconf 83' lang='grc' dir='ltr'>θείας</span> 
     </span>
    </p>
   </div>
   <div class='ocr_carea' id='block_1_20' title="bbox 2329 670 3909 743">
    <p class='ocr_par' dir='ltr' id='par_1_20' title="bbox 2329 670 3909 743">
     <span class='ocr_line' id='line_1_20' title="bbox 2329 670 3909 743; baseline 0.003 -22"><span class='ocrx_word' id='word_1_112' title='bbox 2329 670 2492 722; x_wconf 74' lang='grc' dir='ltr'>αὑτὸν</span> <span class='ocrx_word' id='word_1_113' title='bbox 2561 672 2871 742; x_wconf 70' lang='grc' dir='ltr'><strong>ἱερουργίας</strong></span> <span class='ocrx_word' id='word_1_114' title='bbox 2929 672 3210 742; x_wconf 73' lang='grc' dir='ltr'>ἁπεῖρξαι,</span> <span class='ocrx_word' id='word_1_115' title='bbox 3263 677 3358 726; x_wconf 72' lang='grc' dir='ltr'><strong>καὶ</strong></span> <span class='ocrx_word' id='word_1_116' title='bbox 3417 674 3482 743; x_wconf 83' lang='grc' dir='ltr'>δὴ</span> <span class='ocrx_word' id='word_1_117' title='bbox 3539 674 3640 727; x_wconf 74' lang='grc' dir='ltr'>καὶ</span> <span class='ocrx_word' id='word_1_118' title='bbox 3699 673 3770 726; x_wconf 73' lang='grc' dir='ltr'><strong>τὰ</strong></span> <span class='ocrx_word' id='word_1_119' title='bbox 3793 676 3909 729; x_wconf 74' lang='grc' dir='ltr'>ὅντα</span> 
     </span>
    </p>
   </div>
   <div class='ocr_carea' id='block_1_21' title="bbox 2331 763 3912 836">
    <p class='ocr_par' dir='ltr' id='par_1_21' title="bbox 2331 763 3912 836">
     <span class='ocr_line' id='line_1_21' title="bbox 2331 763 3912 836; baseline 0.003 -24"><span class='ocrx_word' id='word_1_120' title='bbox 2331 763 2798 832; x_wconf 77' lang='grc' dir='ltr'>προσαφελὲσθαι,</span> <span class='ocrx_word' id='word_1_121' title='bbox 2835 763 2915 816; x_wconf 76' lang='grc' dir='ltr'>ἔτι</span> <span class='ocrx_word' id='word_1_122' title='bbox 2961 766 3053 816; x_wconf 74' lang='grc' dir='ltr'>καὶ</span> <span class='ocrx_word' id='word_1_123' title='bbox 3097 764 3196 836; x_wconf 81' lang='grc' dir='ltr'>τὴν</span> <span class='ocrx_word' id='word_1_124' title='bbox 3237 765 3332 817; x_wconf 82' lang='grc' dir='ltr'><strong>τοῦ</strong></span> <span class='ocrx_word' id='word_1_125' title='bbox 3367 765 3666 835; x_wconf 80' lang='grc' dir='ltr'>εύκτηρίου</span> <span class='ocrx_word' id='word_1_126' title='bbox 3716 766 3912 820; x_wconf 84' lang='grc' dir='ltr'>εῐσοὸον</span> 
     </span>
    </p>
   </div>
   <div class='ocr_carea' id='block_1_22' title="bbox 2331 854 3710 927">
    <p class='ocr_par' dir='ltr' id='par_1_22' title="bbox 2331 854 3710 927">
     <span class='ocr_line' id='line_1_22' title="bbox 2331 854 3710 927; baseline 0.006 -22"><span class='ocrx_word' id='word_1_127' title='bbox 2331 854 2619 907; x_wconf 82' lang='grc' dir='ltr'>ύπανείναι</span> <span class='ocrx_word' id='word_1_128' title='bbox 2657 855 2850 927; x_wconf 79' lang='grc' dir='ltr'>μηδενὶ</span> <span class='ocrx_word' id='word_1_129' title='bbox 2883 856 2975 910; x_wconf 89' lang='grc' dir='ltr'><strong>τοῦ</strong></span> <span class='ocrx_word' id='word_1_130' title='bbox 3015 855 3200 909; x_wconf 78' lang='grc' dir='ltr'>λοιποῦ</span> <span class='ocrx_word' id='word_1_131' title='bbox 3233 857 3710 927; x_wconf 78' lang='grc' dir='ltr'><strong>παραγγείλαντα.</strong></span> 
     </span>
    </p>
   </div>
   <div class='ocr_carea' id='block_1_23' title="bbox 2411 986 3908 1063">
    <p class='ocr_par' dir='ltr' id='par_1_23' title="bbox 2411 986 3908 1063">
     <span class='ocr_line' id='line_1_23' title="bbox 2411 986 3908 1063; baseline -0.003 -18"><span class='ocrx_word' id='word_1_132' title='bbox 2411 993 2622 1063; x_wconf 83' lang='grc' dir='ltr'>ρνα⁹.’0</span> <span class='ocrx_word' id='word_1_133' title='bbox 2678 991 2775 1061; x_wconf 85' lang='grc' dir='ltr'>μὲν</span> <span class='ocrx_word' id='word_1_134' title='bbox 2824 986 2924 1044; x_wconf 76' lang='grc' dir='ltr'>οὖν</span> <span class='ocrx_word' id='word_1_135' title='bbox 2983 990 3435 1059; x_wconf 72' lang='grc' dir='ltr'><strong>ἐπικλεισάμενος</strong></span> <span class='ocrx_word' id='word_1_136' title='bbox 3488 991 3587 1054; x_wconf 67' lang='grc' dir='ltr'>τὰς</span> <span class='ocrx_word' id='word_1_137' title='bbox 3625 993 3908 1061; x_wconf 72' lang='grc' dir='ltr'>εὐκτηρίου</span> 
     </span>
    </p>
   </div>
   <div class='ocr_carea' id='block_1_24' title="bbox 2333 1081 3899 1156">
    <p class='ocr_par' dir='ltr' id='par_1_24' title="bbox 2333 1081 3899 1156">
     <span class='ocr_line' id='line_1_24' title="bbox 2333 1081 3899 1156; baseline -0.003 -17"><span class='ocrx_word' id='word_1_138' title='bbox 2333 1085 2505 1156; x_wconf 81' lang='grc' dir='ltr'>θύρας</span> <span class='ocrx_word' id='word_1_139' title='bbox 2564 1082 2825 1153; x_wconf 82' lang='grc' dir='ltr'>καθῆστο,</span> <span class='ocrx_word' id='word_1_140' title='bbox 2858 1083 2919 1136; x_wconf 90' lang='grc' dir='ltr'><strong>ού</strong></span> <span class='ocrx_word' id='word_1_141' title='bbox 2969 1082 3067 1152; x_wconf 79' lang='grc' dir='ltr'>τὴν</span> <span class='ocrx_word' id='word_1_142' title='bbox 3116 1082 3213 1150; x_wconf 81' lang='grc' dir='ltr'>τῆς</span> <span class='ocrx_word' id='word_1_143' title='bbox 3273 1081 3574 1150; x_wconf 81' lang='grc' dir='ltr'><strong>ἱερωσύνης</strong></span> <span class='ocrx_word' id='word_1_144' title='bbox 3628 1082 3899 1134; x_wconf 76' lang='grc' dir='ltr'>ἔκπτωσιν</span> 
     </span>
    </p>
   </div>
   <div class='ocr_carea' id='block_1_25' title="bbox 2336 1172 3907 1248">
    <p class='ocr_par' dir='ltr' id='par_1_25' title="bbox 2336 1172 3907 1248">
     <span class='ocr_line' id='line_1_25' title="bbox 2336 1172 3907 1248; baseline -0.003 -19"><span class='ocrx_word' id='word_1_145' title='bbox 2336 1177 2519 1248; x_wconf 89' lang='grc' dir='ltr'>μόνον,</span> <span class='ocrx_word' id='word_1_146' title='bbox 2553 1174 2690 1228; x_wconf 66' lang='grc' dir='ltr'><strong>ἀλλὰ</strong></span> <span class='ocrx_word' id='word_1_147' title='bbox 2711 1175 2805 1228; x_wconf 71' lang='grc' dir='ltr'>καὶ</span> <span class='ocrx_word' id='word_1_148' title='bbox 2838 1177 2938 1244; x_wconf 74' lang='grc' dir='ltr'>τὴν</span> <span class='ocrx_word' id='word_1_149' title='bbox 2975 1173 3086 1227; x_wconf 84' lang='grc' dir='ltr'><strong>τῶν</strong></span> <span class='ocrx_word' id='word_1_150' title='bbox 3123 1173 3291 1225; x_wconf 77' lang='grc' dir='ltr'>ὅντων</span> <span class='ocrx_word' id='word_1_151' title='bbox 3324 1173 3619 1241; x_wconf 75' lang='grc' dir='ltr'>ἀφαίρεσιν</span> <span class='ocrx_word' id='word_1_152' title='bbox 3652 1172 3907 1241; x_wconf 67' lang='grc' dir='ltr'>ὀδυρόμε-</span> 
     </span>
    </p>
   </div>
   <div class='ocr_carea' id='block_1_26' title="bbox 2339 1265 3908 1338">
    <p class='ocr_par' dir='ltr' id='par_1_26' title="bbox 2339 1265 3908 1338">
     <span class='ocr_line' id='line_1_26' title="bbox 2339 1265 3908 1338; baseline -0.004 -16"><span class='ocrx_word' id='word_1_153' title='bbox 2339 1286 2427 1333; x_wconf 86' lang='grc' dir='ltr'><strong>νος</strong></span> <span class='ocrx_word' id='word_1_154' title='bbox 2451 1286 2463 1297; x_wconf 91' lang='grc'><strong>·</strong></span> <span class='ocrx_word' id='word_1_155' title='bbox 2497 1269 2633 1338; x_wconf 78' lang='grc' dir='ltr'>πρὸς</span> <span class='ocrx_word' id='word_1_156' title='bbox 2669 1268 2836 1338; x_wconf 86' lang='grc' dir='ltr'>μόνας</span> <span class='ocrx_word' id='word_1_157' title='bbox 2866 1267 2922 1319; x_wconf 81' lang='grc' dir='ltr'>δὲ</span> <span class='ocrx_word' id='word_1_158' title='bbox 2948 1266 3110 1318; x_wconf 81' lang='grc' dir='ltr'>πάλιν</span> <span class='ocrx_word' id='word_1_159' title='bbox 3137 1265 3234 1327; x_wconf 77' lang='grc' dir='ltr'>τὰς</span> <span class='ocrx_word' id='word_1_160' title='bbox 3265 1266 3343 1326; x_wconf 75' lang='grc' dir='ltr'><strong>εἰς</strong></span> <span class='ocrx_word' id='word_1_161' title='bbox 3398 1265 3491 1316; x_wconf 78' lang='grc' dir='ltr'>τὸν</span> <span class='ocrx_word' id='word_1_162' title='bbox 3524 1265 3684 1332; x_wconf 68' lang='grc' dir='ltr'>ἅγιον</span> <span class='ocrx_word' id='word_1_163' title='bbox 3751 1266 3908 1331; x_wconf 52' lang='lat' dir='ltr'><strong>et;on</strong></span> 
     </span>
    </p>
   </div>
   <div class='ocr_carea' id='block_1_27' title="bbox 2331 1358 3910 1429">
    <p class='ocr_par' dir='ltr' id='par_1_27' title="bbox 2331 1358 3910 1429">
     <span class='ocr_line' id='line_1_27' title="bbox 2331 1358 3910 1429; baseline -0.004 -14"><span class='ocrx_word' id='word_1_164' title='bbox 2331 1363 2439 1426; x_wconf 79' lang='grc' dir='ltr'>δεῖς</span> <span class='ocrx_word' id='word_1_165' title='bbox 2462 1362 2680 1424; x_wconf 72' lang='grc' dir='ltr'>ἐλπίδας</span> <span class='ocrx_word' id='word_1_166' title='bbox 2705 1361 2870 1429; x_wconf 85' lang='grc' dir='ltr'>ὀρῶν,</span> <span class='ocrx_word' id='word_1_167' title='bbox 2923 1361 3018 1413; x_wconf 76' lang='grc' dir='ltr'>καὶ</span> <span class='ocrx_word' id='word_1_168' title='bbox 3048 1359 3148 1429; x_wconf 83' lang='grc' dir='ltr'>τὴν</span> <span class='ocrx_word' id='word_1_169' title='bbox 3198 1358 3406 1411; x_wconf 83' lang='grc' dir='ltr'>ἐκεῖθεν</span> <span class='ocrx_word' id='word_1_170' title='bbox 3441 1358 3791 1427; x_wconf 71' lang='grc' dir='ltr'>παράκλησιν</span> <span class='ocrx_word' id='word_1_171' title='bbox 3821 1361 3910 1409; x_wconf 65' lang='grc' dir='ltr'>ἐκ-</span> 
     </span>
    </p>
   </div>
   <div class='ocr_carea' id='block_1_28' title="bbox 2328 1447 3911 1522">
    <p class='ocr_par' dir='ltr' id='par_1_28' title="bbox 2328 1447 3911 1522">
     <span class='ocr_line' id='line_1_28' title="bbox 2328 1447 3911 1522; baseline -0.005 -16"><span class='ocrx_word' id='word_1_172' title='bbox 2328 1452 2638 1522; x_wconf 83' lang='grc' dir='ltr'>δεχόμενος.</span> <span class='ocrx_word' id='word_1_173' title='bbox 2673 1451 2813 1521; x_wconf 79' lang='grc' dir='ltr'>Πρὸς</span> <span class='ocrx_word' id='word_1_174' title='bbox 2845 1451 2915 1521; x_wconf 76' lang='grc' dir='ltr'>ἢν</span> <span class='ocrx_word' id='word_1_175' title='bbox 2947 1449 3102 1501; x_wconf 73' lang='grc' dir='ltr'>οὐδὲν</span> <span class='ocrx_word' id='word_1_176' title='bbox 3159 1449 3367 1510; x_wconf 83' lang='grc' dir='ltr'>ἐκεῖνος</span> <span class='ocrx_word' id='word_1_177' title='bbox 3399 1448 3574 1500; x_wconf 83' lang='grc' dir='ltr'>ὀκνῶν</span> <span class='ocrx_word' id='word_1_178' title='bbox 3607 1447 3731 1498; x_wconf 77' lang='grc' dir='ltr'>οὐδὲ</span> <span class='ocrx_word' id='word_1_179' title='bbox 3789 1448 3911 1498; x_wconf 82' lang='grc' dir='ltr'>ἀνα-</span> 
     </span>
    </p>
   </div>
   <div class='ocr_carea' id='block_1_29' title="bbox 2329 1535 3910 1614">
    <p class='ocr_par' dir='ltr' id='par_1_29' title="bbox 2329 1535 3910 1614">
     <span class='ocr_line' id='line_1_29' title="bbox 2329 1535 3910 1614; baseline -0.006 -17"><span class='ocrx_word' id='word_1_180' title='bbox 2329 1544 2588 1614; x_wconf 84' lang='grc' dir='ltr'>δυόμενος</span> <span class='ocrx_word' id='word_1_181' title='bbox 2641 1539 2730 1614; x_wconf 79' lang='grc' dir='ltr'>ἦν,</span> <span class='ocrx_word' id='word_1_182' title='bbox 2785 1541 2885 1594; x_wconf 81' lang='grc' dir='ltr'><strong>ούκ</strong></span> <span class='ocrx_word' id='word_1_183' title='bbox 2934 1541 3160 1609; x_wconf 66' lang='grc' dir='ltr'>ὀψίζων,</span> <span class='ocrx_word' id='word_1_184' title='bbox 3212 1541 3274 1592; x_wconf 83' lang='grc' dir='ltr'><strong>ού</strong></span> <span class='ocrx_word' id='word_1_185' title='bbox 3335 1538 3661 1606; x_wconf 61' lang='grc' dir='ltr'>διαμέλλειν,</span> <span class='ocrx_word' id='word_1_186' title='bbox 3721 1538 3782 1589; x_wconf 81' lang='grc' dir='ltr'><strong>ού</strong></span> <span class='ocrx_word' id='word_1_187' title='bbox 3836 1535 3910 1602; x_wconf 80' lang='grc' dir='ltr'>τῷ</span> 
     </span>
    </p>
   </div>
   <div class='ocr_carea' id='block_1_30' title="bbox 2332 1627 3910 1705">
    <p class='ocr_par' dir='ltr' id='par_1_30' title="bbox 2332 1627 3910 1705">
     <span class='ocr_line' id='line_1_30' title="bbox 2332 1627 3910 1705; baseline -0.006 -19"><span class='ocrx_word' id='word_1_188' title='bbox 2332 1636 2618 1705; x_wconf 80' lang='grc' dir='ltr'><strong>πράγματι</strong></span> <span class='ocrx_word' id='word_1_189' title='bbox 2650 1634 2843 1704; x_wconf 65' lang='grc' dir='ltr'>καιρὸν</span> <span class='ocrx_word' id='word_1_190' title='bbox 2873 1634 3072 1686; x_wconf 83' lang='grc' dir='ltr'>οἰκεῖον</span> <span class='ocrx_word' id='word_1_191' title='bbox 3089 1629 3486 1701; x_wconf 82' lang='grc' dir='ltr'>ταμιευόμενος</span> <span class='ocrx_word' id='word_1_192' title='bbox 3505 1645 3520 1657; x_wconf 72' lang='grc' dir='ltr'><strong>ο</strong></span> <span class='ocrx_word' id='word_1_193' title='bbox 3546 1627 3684 1682; x_wconf 76' lang='grc' dir='ltr'><strong>ἀλλὰ</strong></span> <span class='ocrx_word' id='word_1_194' title='bbox 3705 1628 3910 1695; x_wconf 77' lang='grc' dir='ltr'>δαίμων</span> 
     </span>
    </p>
   </div>
   <div class='ocr_carea' id='block_1_31' title="bbox 2332 1720 3908 1796">
    <p class='ocr_par' dir='ltr' id='par_1_31' title="bbox 2332 1720 3908 1796">
     <span class='ocr_line' id='line_1_31' title="bbox 2332 1720 3908 1796; baseline -0.007 -16"><span class='ocrx_word' id='word_1_195' title='bbox 2332 1727 2492 1790; x_wconf 72' lang='grc' dir='ltr'>εὐθὺς</span> <span class='ocrx_word' id='word_1_196' title='bbox 2520 1725 2752 1796; x_wconf 64' lang='grc' dir='ltr'>χαλεπὸς</span> <span class='ocrx_word' id='word_1_197' title='bbox 2797 1725 2873 1794; x_wconf 80' lang='grc' dir='ltr'>τῷ</span> <span class='ocrx_word' id='word_1_198' title='bbox 2915 1722 3201 1792; x_wconf 82' lang='grc' dir='ltr'>ὲπισκόπῳ</span> <span class='ocrx_word' id='word_1_199' title='bbox 3261 1720 3634 1790; x_wconf 76' lang='grc' dir='ltr'><strong>ἐπιπηδήσας,</strong></span> <span class='ocrx_word' id='word_1_200' title='bbox 3666 1736 3908 1787; x_wconf 81' lang='grc' dir='ltr'>νυκτερι-</span> 
     </span>
    </p>
   </div>
   <div class='ocr_carea' id='block_1_32' title="bbox 639 1807 2228 1896">
    <p class='ocr_par' dir='ltr' id='par_1_32' title="bbox 639 1807 2224 1882">
     <span class='ocr_line' id='line_1_32' title="bbox 639 1807 2224 1882; baseline 0.004 -22"><span class='ocrx_word' id='word_1_201' title='bbox 639 1807 832 1878; x_wconf 86' lang='lat' dir='ltr'><strong>fugum</strong></span> <span class='ocrx_word' id='word_1_202' title='bbox 866 1826 965 1879; x_wconf 90' lang='lat' dir='ltr'><strong>per</strong></span> <span class='ocrx_word' id='word_1_203' title='bbox 993 1811 1250 1867; x_wconf 90' lang='lat' dir='ltr'><strong>tenebras</strong></span> <span class='ocrx_word' id='word_1_204' title='bbox 1290 1815 1490 1876; x_wconf 91' lang='lat' dir='ltr'><strong>noctis,</strong></span> <span class='ocrx_word' id='word_1_205' title='bbox 1523 1821 1584 1866; x_wconf 91' lang='lat' dir='ltr'><strong>ut</strong></span> <span class='ocrx_word' id='word_1_206' title='bbox 1609 1815 1750 1868; x_wconf 88' lang='lat' dir='ltr'><strong>clam</strong></span> <span class='ocrx_word' id='word_1_207' title='bbox 1799 1813 2062 1867; x_wconf 91' lang='lat' dir='ltr'><strong>omnibus</strong></span> <span class='ocrx_word' id='word_1_208' title='bbox 2093 1828 2224 1882; x_wconf 87' lang='lat' dir='ltr'><strong>per-</strong></span> 
     </span>
    </p>
   </div>
   <div class='ocr_carea' id='block_1_33' title="bbox 2334 1807 3903 1896">
    <p class='ocr_par' dir='ltr' id='par_1_33' title="bbox 2334 1809 3903 1887">
     <span class='ocr_line' id='line_1_33' title="bbox 2334 1809 3903 1887; baseline -0.006 -17"><span class='ocrx_word' id='word_1_209' title='bbox 2334 1820 2418 1871; x_wconf 74' lang='grc' dir='ltr'><strong>νον</strong></span> <span class='ocrx_word' id='word_1_210' title='bbox 2449 1819 2634 1887; x_wconf 81' lang='grc' dir='ltr'>ίκέτην</span> <span class='ocrx_word' id='word_1_211' title='bbox 2664 1817 2847 1876; x_wconf 80' lang='grc' dir='ltr'>αὑτὸν,</span> <span class='ocrx_word' id='word_1_212' title='bbox 2888 1817 2975 1871; x_wconf 85' lang='grc' dir='ltr'><strong>ἴνα</strong></span> <span class='ocrx_word' id='word_1_213' title='bbox 3006 1815 3101 1869; x_wconf 71' lang='grc' dir='ltr'>καὶ</span> <span class='ocrx_word' id='word_1_214' title='bbox 3163 1815 3224 1866; x_wconf 77' lang='grc' dir='ltr'><strong>τὺ</strong></span> <span class='ocrx_word' id='word_1_215' title='bbox 3283 1813 3502 1866; x_wconf 81' lang='grc' dir='ltr'>πάντων</span> <span class='ocrx_word' id='word_1_216' title='bbox 3546 1810 3703 1881; x_wconf 74' lang='grc' dir='ltr'>ὄμμα</span> <span class='ocrx_word' id='word_1_217' title='bbox 3755 1809 3903 1881; x_wconf 72' lang='grc' dir='ltr'>λάθοι</span> 
     </span>
    </p>
   </div>
   <div class='ocr_carea' id='block_1_34' title="bbox 640 1901 2225 1975">
    <p class='ocr_par' dir='ltr' id='par_1_34' title="bbox 640 1901 2225 1975">
     <span class='ocr_line' id='line_1_34' title="bbox 640 1901 2225 1975; baseline 0.006 -25"><span class='ocrx_word' id='word_1_218' title='bbox 640 1911 763 1954; x_wconf 90' lang='lat' dir='ltr'><strong>acta</strong></span> <span class='ocrx_word' id='word_1_219' title='bbox 789 1915 878 1954; x_wconf 90' lang='lat' dir='ltr'><strong>res</strong></span> <span class='ocrx_word' id='word_1_220' title='bbox 904 1902 957 1954; x_wconf 90' lang='lat' dir='ltr'><strong>in</strong></span> <span class='ocrx_word' id='word_1_221' title='bbox 985 1901 1273 1957; x_wconf 84' lang='lat' dir='ltr'><strong>hominum</strong></span> <span class='ocrx_word' id='word_1_222' title='bbox 1301 1905 1553 1960; x_wconf 87' lang='lat' dir='ltr'><strong>notitiam</strong></span> <span class='ocrx_word' id='word_1_223' title='bbox 1599 1922 1709 1960; x_wconf 92' lang='lat' dir='ltr'><strong>non</strong></span> <span class='ocrx_word' id='word_1_224' title='bbox 1740 1907 1977 1968; x_wconf 88' lang='lat' dir='ltr'><strong>veniret.</strong></span> <span class='ocrx_word' id='word_1_225' title='bbox 2014 1906 2225 1975; x_wconf 83' lang='lat' dir='ltr'><strong>suppli-</strong></span> 
     </span>
    </p>
   </div>
   <div class='ocr_carea' id='block_1_35' title="bbox 640 1990 2226 2066">
    <p class='ocr_par' dir='ltr' id='par_1_35' title="bbox 640 1990 2226 2066">
     <span class='ocr_line' id='line_1_35' title="bbox 640 1990 2226 2066; baseline 0.004 -22"><span class='ocrx_word' id='word_1_226' title='bbox 640 2004 763 2044; x_wconf 86' lang='lat' dir='ltr'><strong>cem</strong></span> <span class='ocrx_word' id='word_1_227' title='bbox 788 1990 853 2043; x_wconf 89' lang='lat' dir='ltr'><strong>ad</strong></span> <span class='ocrx_word' id='word_1_228' title='bbox 880 1991 1268 2062; x_wconf 70' lang='lat' dir='ltr'><strong>presbyterum</strong></span> <span class='ocrx_word' id='word_1_229' title='bbox 1317 1995 1522 2065; x_wconf 78' lang='lat' dir='ltr'><strong>adigit:</strong></span> <span class='ocrx_word' id='word_1_230' title='bbox 1555 1997 1670 2066; x_wconf 88' lang='lat' dir='ltr'><strong>jam</strong></span> <span class='ocrx_word' id='word_1_231' title='bbox 1723 1997 1876 2051; x_wconf 89' lang='lat' dir='ltr'><strong>enim</strong></span> <span class='ocrx_word' id='word_1_232' title='bbox 1907 1998 2226 2051; x_wconf 89' lang='lat' dir='ltr'><strong>innotuerat</strong></span> 
     </span>
    </p>
   </div>
   <div class='ocr_carea' id='block_1_36' title="bbox 637 2082 2225 2144">
    <p class='ocr_par' dir='ltr' id='par_1_36' title="bbox 637 2082 2225 2144">
     <span class='ocr_line' id='line_1_36' title="bbox 637 2082 2225 2144; baseline 0.006 -9"><span class='ocrx_word' id='word_1_233' title='bbox 637 2082 846 2135; x_wconf 86' lang='lat' dir='ltr'><strong>misero</strong></span> <span class='ocrx_word' id='word_1_234' title='bbox 865 2090 922 2136; x_wconf 92' lang='lat' dir='ltr'><strong>et</strong></span> <span class='ocrx_word' id='word_1_235' title='bbox 952 2085 1284 2139; x_wconf 87' lang='lat' dir='ltr'><strong>calamitatis</strong></span> <span class='ocrx_word' id='word_1_236' title='bbox 1312 2102 1426 2142; x_wconf 64' lang='lat' dir='ltr'><strong>sua:</strong></span> <span class='ocrx_word' id='word_1_237' title='bbox 1452 2103 1616 2142; x_wconf 91' lang='lat' dir='ltr'><strong>causa</strong></span> <span class='ocrx_word' id='word_1_238' title='bbox 1654 2097 1711 2144; x_wconf 91' lang='lat' dir='ltr'><strong>et</strong></span> <span class='ocrx_word' id='word_1_239' title='bbox 1737 2089 1878 2143; x_wconf 90' lang='lat' dir='ltr'><strong>ultio</strong></span> <span class='ocrx_word' id='word_1_240' title='bbox 1915 2088 2121 2143; x_wconf 88' lang='lat' dir='ltr'><strong>divina.</strong></span> <span class='ocrx_word' id='word_1_241' title='bbox 2147 2089 2225 2144; x_wconf 81' lang='lat' dir='ltr'><strong>Ac</strong></span> 
     </span>
    </p>
   </div>
   <div class='ocr_carea' id='block_1_37' title="bbox 621 2172 2224 2249">
    <p class='ocr_par' dir='ltr' id='par_1_37' title="bbox 621 2172 2224 2249">
     <span class='ocr_line' id='line_1_37' title="bbox 621 2172 2224 2249; baseline 0.007 -25"><span class='ocrx_word' id='word_1_242' title='bbox 621 2174 822 2242; x_wconf 80' lang='lat' dir='ltr'><strong>primo</strong></span> <span class='ocrx_word' id='word_1_243' title='bbox 853 2172 1078 2242; x_wconf 91' lang='lat' dir='ltr'><strong>quidem</strong></span> <span class='ocrx_word' id='word_1_244' title='bbox 1102 2190 1132 2229; x_wconf 91' lang='lat' dir='ltr'><strong>a</strong></span> <span class='ocrx_word' id='word_1_245' title='bbox 1164 2177 1388 2231; x_wconf 90' lang='lat' dir='ltr'><strong>subdito</strong></span> <span class='ocrx_word' id='word_1_246' title='bbox 1414 2194 1513 2234; x_wconf 91' lang='lat' dir='ltr'><strong>suo</strong></span> <span class='ocrx_word' id='word_1_247' title='bbox 1563 2180 1785 2234; x_wconf 87' lang='lat' dir='ltr'><strong>veniam</strong></span> <span class='ocrx_word' id='word_1_248' title='bbox 1816 2180 1974 2249; x_wconf 90' lang='lat' dir='ltr'><strong>petit,</strong></span> <span class='ocrx_word' id='word_1_249' title='bbox 2024 2181 2224 2235; x_wconf 84' lang='lat' dir='ltr'><strong>deinde</strong></span> 
     </span>
    </p>
   </div>
   <div class='ocr_carea' id='block_1_38' title="bbox 638 2260 2216 2344">
    <p class='ocr_par' dir='ltr' id='par_1_38' title="bbox 638 2260 2216 2344">
     <span class='ocr_line' id='line_1_38' title="bbox 638 2260 2216 2344; baseline 0.01 -27"><span class='ocrx_word' id='word_1_250' title='bbox 638 2265 921 2319; x_wconf 89' lang='lat' dir='ltr'><strong>miseriam</strong></span> <span class='ocrx_word' id='word_1_251' title='bbox 943 2282 1097 2320; x_wconf 90' lang='lat' dir='ltr'><strong>suam</strong></span> <span class='ocrx_word' id='word_1_252' title='bbox 1124 2267 1174 2322; x_wconf 90' lang='lat' dir='ltr'><strong>ei</strong></span> <span class='ocrx_word' id='word_1_253' title='bbox 1210 2260 1442 2336; x_wconf 83' lang='lat' dir='ltr'><strong>revelat,</strong></span> <span class='ocrx_word' id='word_1_254' title='bbox 1490 2271 1733 2341; x_wconf 89' lang='lat' dir='ltr'><strong>denique</strong></span> <span class='ocrx_word' id='word_1_255' title='bbox 1793 2282 1947 2344; x_wconf 79' lang='lat' dir='ltr'><strong>rugat</strong></span> <span class='ocrx_word' id='word_1_256' title='bbox 2003 2282 2064 2327; x_wconf 92' lang='lat' dir='ltr'><strong>ut</strong></span> <span class='ocrx_word' id='word_1_257' title='bbox 2105 2291 2216 2331; x_wconf 85' lang='lat' dir='ltr'><strong>me-</strong></span> 
     </span>
    </p>
   </div>
   <div class='ocr_carea' id='block_1_39' title="bbox 638 2353 2222 2430">
    <p class='ocr_par' dir='ltr' id='par_1_39' title="bbox 638 2353 2222 2430">
     <span class='ocr_line' id='line_1_39' title="bbox 638 2353 2222 2430; baseline 0.008 -24"><span class='ocrx_word' id='word_1_258' title='bbox 638 2353 819 2408; x_wconf 88' lang='lat' dir='ltr'><strong>delam</strong></span> <span class='ocrx_word' id='word_1_259' title='bbox 842 2355 947 2408; x_wconf 88' lang='lat' dir='ltr'><strong>sibi</strong></span> <span class='ocrx_word' id='word_1_260' title='bbox 981 2355 1253 2424; x_wconf 88' lang='lat' dir='ltr'><strong>impertiri</strong></span> <span class='ocrx_word' id='word_1_261' title='bbox 1279 2357 1561 2428; x_wconf 76' lang='lat' dir='ltr'><strong>dignetur,</strong></span> <span class='ocrx_word' id='word_1_262' title='bbox 1588 2362 2054 2430; x_wconf 88' lang='lat' dir='ltr'><strong>quemadmodum</strong></span> <span class='ocrx_word' id='word_1_263' title='bbox 2098 2364 2222 2420; x_wconf 87' lang='lat' dir='ltr'><strong>aliis</strong></span> 
     </span>
    </p>
   </div>
   <div class='ocr_carea' id='block_1_40' title="bbox 637 2443 2223 2523">
    <p class='ocr_par' dir='ltr' id='par_1_40' title="bbox 637 2443 2223 2523">
     <span class='ocr_line' id='line_1_40' title="bbox 637 2443 2223 2523; baseline 0.01 -28"><span class='ocrx_word' id='word_1_264' title='bbox 637 2443 897 2512; x_wconf 89' lang='lat' dir='ltr'><strong>pluribus</strong></span> <span class='ocrx_word' id='word_1_265' title='bbox 932 2444 1250 2514; x_wconf 89' lang='lat' dir='ltr'><strong>impertitus</strong></span> <span class='ocrx_word' id='word_1_266' title='bbox 1280 2448 1482 2504; x_wconf 76' lang='lat' dir='ltr'><strong>fuerat.</strong></span> <span class='ocrx_word' id='word_1_267' title='bbox 1525 2450 1622 2506; x_wconf 90' lang='lat' dir='ltr'><strong>llle</strong></span> <span class='ocrx_word' id='word_1_268' title='bbox 1663 2454 1896 2523; x_wconf 86' lang='lat' dir='ltr'><strong>supplici</strong></span> <span class='ocrx_word' id='word_1_269' title='bbox 1945 2456 2223 2510; x_wconf 86' lang='lat' dir='ltr'><strong>sinceram</strong></span> 
     </span>
    </p>
   </div>
   <div class='ocr_carea' id='block_1_41' title="bbox 637 2534 2224 2614">
    <p class='ocr_par' dir='ltr' id='par_1_41' title="bbox 637 2534 2224 2614">
     <span class='ocr_line' id='line_1_41' title="bbox 637 2534 2224 2614; baseline 0.011 -25"><span class='ocrx_word' id='word_1_270' title='bbox 637 2534 865 2590; x_wconf 79' lang='lat' dir='ltr'><strong>exhibet</strong></span> <span class='ocrx_word' id='word_1_271' title='bbox 890 2537 1244 2603; x_wconf 85' lang='lat' dir='ltr'><strong>medicinam,</strong></span> <span class='ocrx_word' id='word_1_272' title='bbox 1275 2541 1505 2609; x_wconf 83' lang='lat' dir='ltr'><strong>gratiam</strong></span> <span class='ocrx_word' id='word_1_273' title='bbox 1531 2545 1848 2614; x_wconf 82' lang='lat' dir='ltr'><strong>gratuitam,</strong></span> <span class='ocrx_word' id='word_1_274' title='bbox 1891 2546 2111 2602; x_wconf 72' lang='lat' dir='ltr'><strong>divitias</strong></span> <span class='ocrx_word' id='word_1_275' title='bbox 2135 2550 2224 2608; x_wconf 85' lang='lat' dir='ltr'><strong>in.-</strong></span> 
     </span>
    </p>
   </div>
   <div class='ocr_carea' id='block_1_42' title="bbox 636 2625 2219 2703">
    <p class='ocr_par' dir='ltr' id='par_1_42' title="bbox 636 2625 2219 2703">
     <span class='ocr_line' id='line_1_42' title="bbox 636 2625 2219 2703; baseline 0.009 -24"><span class='ocrx_word' id='word_1_276' title='bbox 636 2625 956 2693; x_wconf 80' lang='lat' dir='ltr'><strong>exhaustas,</strong></span> <span class='ocrx_word' id='word_1_277' title='bbox 991 2644 1240 2694; x_wconf 90' lang='lat' dir='ltr'><strong>crucem,</strong></span> <span class='ocrx_word' id='word_1_278' title='bbox 1281 2633 1528 2702; x_wconf 86' lang='lat' dir='ltr'><strong>inquam,</strong></span> <span class='ocrx_word' id='word_1_279' title='bbox 1565 2651 1751 2701; x_wconf 89' lang='lat' dir='ltr'><strong>suam;</strong></span> <span class='ocrx_word' id='word_1_280' title='bbox 1789 2637 1953 2692; x_wconf 88' lang='lat' dir='ltr'><strong>simul</strong></span> <span class='ocrx_word' id='word_1_281' title='bbox 2004 2640 2219 2703; x_wconf 89' lang='lat' dir='ltr'><strong>edocet,</strong></span> 
     </span>
    </p>
   </div>
   <div class='ocr_carea' id='block_1_43' title="bbox 637 2723 2219 2794">
    <p class='ocr_par' dir='ltr' id='par_1_43' title="bbox 637 2723 2219 2794">
     <span class='ocr_line' id='line_1_43' title="bbox 637 2723 2219 2794; baseline 0.008 -23"><span class='ocrx_word' id='word_1_282' title='bbox 637 2730 879 2787; x_wconf 88' lang='lat' dir='ltr'><strong>quantus</strong></span> <span class='ocrx_word' id='word_1_283' title='bbox 909 2730 964 2775; x_wconf 91' lang='lat' dir='ltr'><strong>et</strong></span> <span class='ocrx_word' id='word_1_284' title='bbox 992 2723 1138 2778; x_wconf 89' lang='lat' dir='ltr'><strong>unde</strong></span> <span class='ocrx_word' id='word_1_285' title='bbox 1157 2735 1417 2794; x_wconf 88' lang='lat' dir='ltr'><strong>acceptus</strong></span> <span class='ocrx_word' id='word_1_286' title='bbox 1447 2727 1612 2782; x_wconf 88' lang='lat' dir='ltr'><strong>lateat</strong></span> <span class='ocrx_word' id='word_1_287' title='bbox 1637 2727 1692 2782; x_wconf 90' lang='lat' dir='ltr'><strong>in</strong></span> <span class='ocrx_word' id='word_1_288' title='bbox 1721 2744 1881 2784; x_wconf 89' lang='lat' dir='ltr'><strong>cruce</strong></span> <span class='ocrx_word' id='word_1_289' title='bbox 1905 2732 2219 2786; x_wconf 85' lang='lat' dir='ltr'><strong>thesaurus.</strong></span> 
     </span>
    </p>
   </div>
   <div class='ocr_carea' id='block_1_44' title="bbox 637 2811 2221 2890">
    <p class='ocr_par' dir='ltr' id='par_1_44' title="bbox 637 2811 2221 2890">
     <span class='ocr_line' id='line_1_44' title="bbox 637 2811 2221 2890; baseline 0.009 -26"><span class='ocrx_word' id='word_1_290' title='bbox 637 2811 881 2866; x_wconf 80' lang='lat' dir='ltr'><strong>Accessit</strong></span> <span class='ocrx_word' id='word_1_291' title='bbox 913 2813 1080 2883; x_wconf 84' lang='lat' dir='ltr'><strong>igitur</strong></span> <span class='ocrx_word' id='word_1_292' title='bbox 1100 2816 1393 2887; x_wconf 89' lang='lat' dir='ltr'><strong>episcopus</strong></span> <span class='ocrx_word' id='word_1_293' title='bbox 1425 2818 1675 2875; x_wconf 81' lang='lat' dir='ltr'><strong>fervente</strong></span> <span class='ocrx_word' id='word_1_294' title='bbox 1701 2821 1922 2890; x_wconf 88' lang='lat' dir='ltr'><strong>spiritu,</strong></span> <span class='ocrx_word' id='word_1_295' title='bbox 1957 2839 2020 2878; x_wconf 85' lang='lat' dir='ltr'><strong>ac</strong></span> <span class='ocrx_word' id='word_1_296' title='bbox 2050 2824 2221 2879; x_wconf 89' lang='lat' dir='ltr'><strong>multo</strong></span> 
     </span>
    </p>
   </div>
   <div class='ocr_carea' id='block_1_45' title="bbox 637 2903 2220 2982">
    <p class='ocr_par' dir='ltr' id='par_1_45' title="bbox 637 2903 2220 2982">
     <span class='ocr_line' id='line_1_45' title="bbox 637 2903 2220 2982; baseline 0.009 -26"><span class='ocrx_word' id='word_1_297' title='bbox 637 2903 807 2957; x_wconf 89' lang='lat' dir='ltr'><strong>etiam</strong></span> <span class='ocrx_word' id='word_1_298' title='bbox 846 2904 1182 2961; x_wconf 87' lang='lat' dir='ltr'><strong>ferventiore</strong></span> <span class='ocrx_word' id='word_1_299' title='bbox 1233 2910 1600 2978; x_wconf 68' lang='lat' dir='ltr'><strong>paenitudine,</strong></span> <span class='ocrx_word' id='word_1_300' title='bbox 1637 2921 1752 2966; x_wconf 92' lang='lat' dir='ltr'><strong>tum</strong></span> <span class='ocrx_word' id='word_1_301' title='bbox 1792 2915 1921 2982; x_wconf 90' lang='lat' dir='ltr'><strong>quia</strong></span> <span class='ocrx_word' id='word_1_302' title='bbox 1952 2916 2099 2970; x_wconf 82' lang='lat' dir='ltr'><strong>circa</strong></span> <span class='ocrx_word' id='word_1_303' title='bbox 2130 2917 2220 2970; x_wconf 87' lang='lat' dir='ltr'><strong>di-</strong></span> 
     </span>
    </p>
   </div>
   <div class='ocr_carea' id='block_1_46' title="bbox 637 2993 2222 3069">
    <p class='ocr_par' dir='ltr' id='par_1_46' title="bbox 637 2993 2222 3069">
     <span class='ocr_line' id='line_1_46' title="bbox 637 2993 2222 3069; baseline 0.011 -23"><span class='ocrx_word' id='word_1_304' title='bbox 637 2993 825 3047; x_wconf 89' lang='lat' dir='ltr'><strong>vinam</strong></span> <span class='ocrx_word' id='word_1_305' title='bbox 848 2996 992 3049; x_wconf 91' lang='lat' dir='ltr'><strong>illam</strong></span> <span class='ocrx_word' id='word_1_306' title='bbox 1015 2999 1245 3066; x_wconf 85' lang='lat' dir='ltr'><strong>gratiam</strong></span> <span class='ocrx_word' id='word_1_307' title='bbox 1269 3001 1423 3069; x_wconf 90' lang='lat' dir='ltr'><strong>prius</strong></span> <span class='ocrx_word' id='word_1_308' title='bbox 1440 3004 1755 3060; x_wconf 59' lang='lat' dir='ltr'><strong>caecutierat</strong></span> <span class='ocrx_word' id='word_1_309' title='bbox 1775 3013 1831 3060; x_wconf 92' lang='lat' dir='ltr'><strong>et</strong></span> <span class='ocrx_word' id='word_1_310' title='bbox 1853 3007 2222 3063; x_wconf 82' lang='lat' dir='ltr'><strong>calumniatus</strong></span> 
     </span>
    </p>
   </div>
   <div class='ocr_carea' id='block_1_47' title="bbox 637 3086 2224 3160">
    <p class='ocr_par' dir='ltr' id='par_1_47' title="bbox 637 3086 2224 3160">
     <span class='ocr_line' id='line_1_47' title="bbox 637 3086 2224 3160; baseline 0.009 -20"><span class='ocrx_word' id='word_1_311' title='bbox 637 3093 761 3140; x_wconf 84' lang='lat' dir='ltr'><strong>erat</strong></span> <span class='ocrx_word' id='word_1_312' title='bbox 792 3086 1163 3155; x_wconf 88' lang='lat' dir='ltr'><strong>impudenter,</strong></span> <span class='ocrx_word' id='word_1_313' title='bbox 1198 3099 1315 3145; x_wconf 90' lang='lat' dir='ltr'><strong>tum</strong></span> <span class='ocrx_word' id='word_1_314' title='bbox 1350 3094 1477 3160; x_wconf 87' lang='lat' dir='ltr'><strong>quia</strong></span> <span class='ocrx_word' id='word_1_315' title='bbox 1513 3095 1662 3149; x_wconf 87' lang='lat' dir='ltr'><strong>illius</strong></span> <span class='ocrx_word' id='word_1_316' title='bbox 1692 3097 2006 3150; x_wconf 88' lang='lat' dir='ltr'><strong>ministrum</strong></span> <span class='ocrx_word' id='word_1_317' title='bbox 2041 3114 2106 3153; x_wconf 91' lang='lat' dir='ltr'><strong>ac</strong></span> <span class='ocrx_word' id='word_1_318' title='bbox 2136 3115 2224 3154; x_wconf 83' lang='lat' dir='ltr'><strong>sa-</strong></span> 
     </span>
    </p>
   </div>
   <div class='ocr_carea' id='block_1_48' title="bbox 2331 1902 3908 1974">
    <p class='ocr_par' dir='ltr' id='par_1_48' title="bbox 2331 1902 3908 1974">
     <span class='ocr_line' id='line_1_48' title="bbox 2331 1902 3908 1974; baseline -0.009 -9"><span class='ocrx_word' id='word_1_319' title='bbox 2331 1912 2426 1965; x_wconf 77' lang='grc' dir='ltr'>καὶ</span> <span class='ocrx_word' id='word_1_320' title='bbox 2486 1912 2669 1964; x_wconf 77' lang='grc' dir='ltr'>πᾶσαν</span> <span class='ocrx_word' id='word_1_321' title='bbox 2723 1910 2978 1974; x_wconf 76' lang='grc' dir='ltr'>αἴσθησιν</span> <span class='ocrx_word' id='word_1_322' title='bbox 3047 1905 3364 1974; x_wconf 73' lang='grc' dir='ltr'>διακλέψοι,</span> <span class='ocrx_word' id='word_1_323' title='bbox 3426 1903 3506 1972; x_wconf 77' lang='grc' dir='ltr'><strong>τῷ</strong></span> <span class='ocrx_word' id='word_1_324' title='bbox 3555 1902 3908 1972; x_wconf 70' lang='grc' dir='ltr'>πρεσῦυτὲρῳ</span> 
     </span>
    </p>
   </div>
   <div class='ocr_carea' id='block_1_49' title="bbox 2329 1993 3908 2075">
    <p class='ocr_par' dir='ltr' id='par_1_49' title="bbox 2329 1993 3908 2075">
     <span class='ocr_line' id='line_1_49' title="bbox 2329 1993 3908 2075; baseline -0.009 -19"><span class='ocrx_word' id='word_1_325' title='bbox 2329 2002 2617 2075; x_wconf 78' lang='grc' dir='ltr'>προσάγει,</span> <span class='ocrx_word' id='word_1_326' title='bbox 2652 2002 2752 2070; x_wconf 72' lang='grc' dir='ltr'>τὴν</span> <span class='ocrx_word' id='word_1_327' title='bbox 2779 2001 2958 2054; x_wconf 84' lang='grc' dir='ltr'>αἰτίαν</span> <span class='ocrx_word' id='word_1_328' title='bbox 2987 1997 3188 2068; x_wconf 81' lang='grc' dir='ltr'>δηλαδὴ</span> <span class='ocrx_word' id='word_1_329' title='bbox 3218 1995 3445 2048; x_wconf 74' lang='grc' dir='ltr'>συνέντα</span> <span class='ocrx_word' id='word_1_330' title='bbox 3487 1995 3589 2046; x_wconf 73' lang='grc' dir='ltr'>καὶ</span> <span class='ocrx_word' id='word_1_331' title='bbox 3619 1995 3722 2061; x_wconf 73' lang='grc' dir='ltr'>τὴν</span> <span class='ocrx_word' id='word_1_332' title='bbox 3759 1993 3908 2059; x_wconf 76' lang='grc' dir='ltr'>δίκην</span> 
     </span>
    </p>
   </div>
   <div class='ocr_carea' id='block_1_50' title="bbox 2333 2079 3905 2162">
    <p class='ocr_par' dir='ltr' id='par_1_50' title="bbox 2333 2079 3905 2162">
     <span class='ocr_line' id='line_1_50' title="bbox 2333 2079 3905 2162; baseline -0.01 -15"><span class='ocrx_word' id='word_1_333' title='bbox 2333 2096 2428 2147; x_wconf 66' lang='grc' dir='ltr'>οὐκ</span> <span class='ocrx_word' id='word_1_334' title='bbox 2481 2092 2849 2162; x_wconf 76' lang='grc' dir='ltr'>ἀγνοήσαντα.</span> <span class='ocrx_word' id='word_1_335' title='bbox 2887 2089 2997 2143; x_wconf 76' lang='grc' dir='ltr'><strong>Καὶ</strong></span> <span class='ocrx_word' id='word_1_336' title='bbox 3046 2087 3240 2156; x_wconf 86' lang='grc' dir='ltr'>πρῶτα</span> <span class='ocrx_word' id='word_1_337' title='bbox 3295 2087 3395 2155; x_wconf 72' lang='grc' dir='ltr'>μὶν</span> <span class='ocrx_word' id='word_1_338' title='bbox 3442 2085 3584 2137; x_wconf 82' lang='grc' dir='ltr'>αἰτεῖ</span> <span class='ocrx_word' id='word_1_339' title='bbox 3633 2083 3784 2150; x_wconf 66' lang='grc' dir='ltr'>παρὰ</span> <span class='ocrx_word' id='word_1_340' title='bbox 3819 2079 3905 2133; x_wconf 81' lang='grc' dir='ltr'><strong>τοῦ</strong></span> 
     </span>
    </p>
   </div>
   <div class='ocr_carea' id='block_1_51' title="bbox 2331 2175 3902 2254">
    <p class='ocr_par' dir='ltr' id='par_1_51' title="bbox 2331 2175 3902 2254">
     <span class='ocr_line' id='line_1_51' title="bbox 2331 2175 3902 2254; baseline -0.008 -18"><span class='ocrx_word' id='word_1_341' title='bbox 2331 2185 2434 2236; x_wconf 75' lang='grc' dir='ltr'>ὑπὸ</span> <span class='ocrx_word' id='word_1_342' title='bbox 2467 2186 2630 2254; x_wconf 81' lang='grc' dir='ltr'>χεῖρα</span> <span class='ocrx_word' id='word_1_343' title='bbox 2659 2180 3014 2250; x_wconf 80' lang='grc' dir='ltr'>συγγνώμην,</span> <span class='ocrx_word' id='word_1_344' title='bbox 3044 2177 3161 2232; x_wconf 76' lang='grc' dir='ltr'>εἶτα</span> <span class='ocrx_word' id='word_1_345' title='bbox 3191 2178 3251 2231; x_wconf 77' lang='grc' dir='ltr'>τὸ</span> <span class='ocrx_word' id='word_1_346' title='bbox 3303 2176 3476 2238; x_wconf 79' lang='grc' dir='ltr'>πάθος</span> <span class='ocrx_word' id='word_1_347' title='bbox 3511 2175 3902 2235; x_wconf 81' lang='grc' dir='ltr'>ὰνακαλύπτει,</span> 
     </span>
    </p>
   </div>
   <div class='ocr_carea' id='block_1_52' title="bbox 2327 2268 3904 2344">
    <p class='ocr_par' dir='ltr' id='par_1_52' title="bbox 2327 2268 3904 2344">
     <span class='ocr_line' id='line_1_52' title="bbox 2327 2268 3904 2344; baseline -0.006 -16"><span class='ocrx_word' id='word_1_348' title='bbox 2327 2275 2453 2344; x_wconf 78' lang='grc' dir='ltr'>ἐξῆς</span> <span class='ocrx_word' id='word_1_349' title='bbox 2478 2277 2534 2328; x_wconf 72' lang='grc' dir='ltr'>δὲ</span> <span class='ocrx_word' id='word_1_350' title='bbox 2563 2275 2804 2328; x_wconf 77' lang='grc' dir='ltr'>δυσωπεῖ</span> <span class='ocrx_word' id='word_1_351' title='bbox 2833 2272 3131 2343; x_wconf 80' lang='grc' dir='ltr'>θεραπείας</span> <span class='ocrx_word' id='word_1_352' title='bbox 3170 2271 3487 2338; x_wconf 73' lang='grc' dir='ltr'>ἀξιωθῆναι,</span> <span class='ocrx_word' id='word_1_353' title='bbox 3521 2268 3634 2332; x_wconf 81' lang='grc' dir='ltr'><strong>ὅτῳ</strong></span> <span class='ocrx_word' id='word_1_354' title='bbox 3683 2268 3750 2336; x_wconf 86' lang='grc' dir='ltr'>δή</span> <span class='ocrx_word' id='word_1_355' title='bbox 3785 2283 3904 2319; x_wconf 75' lang='grc' dir='ltr'>ποτε</span> 
     </span>
    </p>
   </div>
   <div class='ocr_carea' id='block_1_53' title="bbox 2325 2359 3902 2436">
    <p class='ocr_par' dir='ltr' id='par_1_53' title="bbox 2325 2359 3902 2436">
     <span class='ocr_line' id='line_1_53' title="bbox 2325 2359 3902 2436; baseline -0.007 -17"><span class='ocrx_word' id='word_1_356' title='bbox 2325 2367 2533 2436; x_wconf 76' lang='grc' dir='ltr'>τρόπῳ,</span> <span class='ocrx_word' id='word_1_357' title='bbox 2561 2366 2715 2435; x_wconf 71' lang='grc' dir='ltr'>φησι,</span> <span class='ocrx_word' id='word_1_358' title='bbox 2744 2363 2970 2427; x_wconf 69' lang='grc' dir='ltr'>πολλοὺς</span> <span class='ocrx_word' id='word_1_359' title='bbox 2987 2359 3095 2416; x_wconf 77' lang='grc' dir='ltr'>οἶδε</span> <span class='ocrx_word' id='word_1_360' title='bbox 3125 2362 3220 2415; x_wconf 70' lang='grc' dir='ltr'>καὶ</span> <span class='ocrx_word' id='word_1_361' title='bbox 3245 2360 3436 2422; x_wconf 77' lang='grc' dir='ltr'>ἄλλους</span> <span class='ocrx_word' id='word_1_362' title='bbox 3463 2359 3625 2424; x_wconf 75' lang='grc' dir='ltr'>αὐτὸς</span> <span class='ocrx_word' id='word_1_363' title='bbox 3649 2359 3902 2423; x_wconf 73' lang='grc' dir='ltr'>ἀξιώσας.</span> 
     </span>
    </p>
   </div>
   <div class='ocr_carea' id='block_1_54' title="bbox 2338 2447 3906 2526">
    <p class='ocr_par' dir='ltr' id='par_1_54' title="bbox 2338 2447 3906 2526">
     <span class='ocr_line' id='line_1_54' title="bbox 2338 2447 3906 2526; baseline -0.008 -16"><span class='ocrx_word' id='word_1_364' title='bbox 2338 2455 2397 2509; x_wconf 80' lang='grc' dir='ltr'><strong>ὐ</strong></span> <span class='ocrx_word' id='word_1_365' title='bbox 2423 2458 2480 2510; x_wconf 82' lang='grc' dir='ltr'>δὲ</span> <span class='ocrx_word' id='word_1_366' title='bbox 2519 2456 2619 2526; x_wconf 79' lang='grc' dir='ltr'>τὴν</span> <span class='ocrx_word' id='word_1_367' title='bbox 2649 2457 2873 2526; x_wconf 73' lang='grc' dir='ltr'>ἄτεχνον</span> <span class='ocrx_word' id='word_1_368' title='bbox 2907 2454 3170 2526; x_wconf 74' lang='grc' dir='ltr'>ἰατρείαν,</span> <span class='ocrx_word' id='word_1_369' title='bbox 3203 2453 3302 2524; x_wconf 72' lang='grc' dir='ltr'>τὴν</span> <span class='ocrx_word' id='word_1_370' title='bbox 3349 2450 3583 2521; x_wconf 74' lang='grc' dir='ltr'>ἄμισθον</span> <span class='ocrx_word' id='word_1_371' title='bbox 3605 2451 3796 2518; x_wconf 56' lang='grc' dir='ltr'>κάριν,</span> <span class='ocrx_word' id='word_1_372' title='bbox 3821 2447 3906 2498; x_wconf 76' lang='grc' dir='ltr'>τὸν</span> 
     </span>
    </p>
   </div>
   <div class='ocr_carea' id='block_1_55' title="bbox 2324 2537 3904 2615">
    <p class='ocr_par' dir='ltr' id='par_1_55' title="bbox 2324 2537 3904 2615">
     <span class='ocr_line' id='line_1_55' title="bbox 2324 2537 3904 2615; baseline -0.008 -15"><span class='ocrx_word' id='word_1_373' title='bbox 2324 2547 2386 2600; x_wconf 84' lang='grc' dir='ltr'><strong>ού</strong></span> <span class='ocrx_word' id='word_1_374' title='bbox 2434 2545 2761 2615; x_wconf 81' lang='grc' dir='ltr'>κενούμενον</span> <span class='ocrx_word' id='word_1_375' title='bbox 2803 2542 3030 2597; x_wconf 82' lang='grc' dir='ltr'>πλοῦτον</span> <span class='ocrx_word' id='word_1_376' title='bbox 3061 2542 3240 2611; x_wconf 82' lang='grc' dir='ltr'>αύτῷ,</span> <span class='ocrx_word' id='word_1_377' title='bbox 3290 2543 3383 2593; x_wconf 71' lang='grc' dir='ltr'><strong>τὸν</strong></span> <span class='ocrx_word' id='word_1_378' title='bbox 3430 2540 3662 2609; x_wconf 73' lang='grc' dir='ltr'>σταυρὸν</span> <span class='ocrx_word' id='word_1_379' title='bbox 3697 2537 3904 2590; x_wconf 77' lang='grc' dir='ltr'>ὑποδεί-</span> 
     </span>
    </p>
   </div>
   <div class='ocr_carea' id='block_1_56' title="bbox 2325 2626 3906 2702">
    <p class='ocr_par' dir='ltr' id='par_1_56' title="bbox 2325 2626 3906 2702">
     <span class='ocr_line' id='line_1_56' title="bbox 2325 2626 3906 2702; baseline -0.009 -13"><span class='ocrx_word' id='word_1_380' title='bbox 2325 2652 2508 2700; x_wconf 87' lang='grc' dir='ltr'>κνυσι,</span> <span class='ocrx_word' id='word_1_381' title='bbox 2560 2636 2654 2687; x_wconf 79' lang='grc' dir='ltr'>καὶ</span> <span class='ocrx_word' id='word_1_382' title='bbox 2703 2634 2793 2687; x_wconf 87' lang='grc' dir='ltr'>τὸν</span> <span class='ocrx_word' id='word_1_383' title='bbox 2833 2635 2891 2684; x_wconf 79' lang='grc' dir='ltr'><strong>ἐν</strong></span> <span class='ocrx_word' id='word_1_384' title='bbox 2942 2631 3020 2702; x_wconf 81' lang='grc' dir='ltr'>τῷ</span> <span class='ocrx_word' id='word_1_385' title='bbox 3074 2629 3293 2699; x_wconf 85' lang='grc' dir='ltr'>σταυρῷ</span> <span class='ocrx_word' id='word_1_386' title='bbox 3348 2629 3755 2698; x_wconf 76' lang='grc' dir='ltr'>κεκρυμμένον,</span> <span class='ocrx_word' id='word_1_387' title='bbox 3792 2626 3906 2678; x_wconf 74' lang='grc' dir='ltr'>ὅθεν</span> 
     </span>
    </p>
   </div>
   <div class='ocr_carea' id='block_1_57' title="bbox 2324 2715 3906 2796">
    <p class='ocr_par' dir='ltr' id='par_1_57' title="bbox 2324 2715 3906 2796">
     <span class='ocr_line' id='line_1_57' title="bbox 2324 2715 3906 2796; baseline -0.008 -17"><span class='ocrx_word' id='word_1_388' title='bbox 2324 2725 2433 2796; x_wconf 79' lang='grc' dir='ltr'>ἄρα</span> <span class='ocrx_word' id='word_1_389' title='bbox 2457 2726 2552 2778; x_wconf 68' lang='grc' dir='ltr'>καὶ</span> <span class='ocrx_word' id='word_1_390' title='bbox 2625 2724 2794 2786; x_wconf 77' lang='grc' dir='ltr'>ὅπως,</span> <span class='ocrx_word' id='word_1_391' title='bbox 2880 2721 3152 2793; x_wconf 79' lang='grc' dir='ltr'>θησαυρὸν</span> <span class='ocrx_word' id='word_1_392' title='bbox 3224 2719 3536 2791; x_wconf 85' lang='grc' dir='ltr'>ἐρμηνεύει.</span> <span class='ocrx_word' id='word_1_393' title='bbox 3592 2715 3906 2786; x_wconf 81' lang='grc' dir='ltr'>Προσελθὼν</span> 
     </span>
    </p>
   </div>
   <div class='ocr_carea' id='block_1_58' title="bbox 2322 2807 3904 2883">
    <p class='ocr_par' dir='ltr' id='par_1_58' title="bbox 2322 2807 3904 2883">
     <span class='ocr_line' id='line_1_58' title="bbox 2322 2807 3904 2883; baseline -0.008 -13"><span class='ocrx_word' id='word_1_394' title='bbox 2322 2819 2500 2870; x_wconf 74' lang='grc' dir='ltr'>τοίνυν</span> <span class='ocrx_word' id='word_1_395' title='bbox 2549 2818 2578 2869; x_wconf 99' lang='lat'><strong>6</strong></span> <span class='ocrx_word' id='word_1_396' title='bbox 2629 2816 2926 2874; x_wconf 73' lang='grc' dir='ltr'>ἐπίσκοπος</span> <span class='ocrx_word' id='word_1_397' title='bbox 2958 2812 3148 2883; x_wconf 82' lang='grc' dir='ltr'>θερμῷ</span> <span class='ocrx_word' id='word_1_398' title='bbox 3177 2812 3449 2881; x_wconf 82' lang='grc' dir='ltr'>πνεύματι</span> <span class='ocrx_word' id='word_1_399' title='bbox 3476 2851 3489 2874; x_wconf 88' lang='grc'><strong>,</strong></span> <span class='ocrx_word' id='word_1_400' title='bbox 3525 2807 3830 2878; x_wconf 73' lang='grc' dir='ltr'>θερμοτέρα</span> <span class='ocrx_word' id='word_1_401' title='bbox 3853 2807 3904 2859; x_wconf 77' lang='lat' dir='ltr'><strong>6&#39;s</strong></span> 
     </span>
    </p>
   </div>
   <div class='ocr_carea' id='block_1_59' title="bbox 2324 2899 3902 2977">
    <p class='ocr_par' dir='ltr' id='par_1_59' title="bbox 2324 2899 3902 2977">
     <span class='ocr_line' id='line_1_59' title="bbox 2324 2899 3902 2977; baseline -0.008 -18"><span class='ocrx_word' id='word_1_402' title='bbox 2324 2905 2506 2977; x_wconf 76' lang='grc' dir='ltr'>πολλῴ</span> <span class='ocrx_word' id='word_1_403' title='bbox 2535 2907 2630 2960; x_wconf 74' lang='grc' dir='ltr'>καὶ</span> <span class='ocrx_word' id='word_1_404' title='bbox 2657 2909 2719 2976; x_wconf 78' lang='grc' dir='ltr'>τῇ</span> <span class='ocrx_word' id='word_1_405' title='bbox 2749 2905 3028 2976; x_wconf 77' lang='grc' dir='ltr'>μετανοίᾳ,</span> <span class='ocrx_word' id='word_1_406' title='bbox 3060 2901 3142 2967; x_wconf 72' lang='grc' dir='ltr'>οἷς</span> <span class='ocrx_word' id='word_1_407' title='bbox 3172 2921 3228 2956; x_wconf 84' lang='grc' dir='ltr'><strong>τε</strong></span> <span class='ocrx_word' id='word_1_408' title='bbox 3252 2904 3380 2974; x_wconf 74' lang='grc' dir='ltr'>περὶ</span> <span class='ocrx_word' id='word_1_409' title='bbox 3421 2903 3521 2968; x_wconf 74' lang='grc' dir='ltr'>τὴν</span> <span class='ocrx_word' id='word_1_410' title='bbox 3543 2901 3698 2965; x_wconf 82' lang='grc' dir='ltr'>θείαν</span> <span class='ocrx_word' id='word_1_411' title='bbox 3749 2899 3902 2967; x_wconf 76' lang='grc' dir='ltr'>χάριν</span> 
     </span>
    </p>
   </div>
   <div class='ocr_carea' id='block_1_60' title="bbox 2323 2987 3904 3067">
    <p class='ocr_par' dir='ltr' id='par_1_60' title="bbox 2323 2987 3904 3067">
     <span class='ocr_line' id='line_1_60' title="bbox 2323 2987 3904 3067; baseline -0.008 -17"><span class='ocrx_word' id='word_1_412' title='bbox 2323 2997 2540 3067; x_wconf 86' lang='grc' dir='ltr'>ἐκείνην</span> <span class='ocrx_word' id='word_1_413' title='bbox 2597 2996 2925 3066; x_wconf 69' lang='grc' dir='ltr'>τνφλώττων</span> <span class='ocrx_word' id='word_1_414' title='bbox 2981 2995 3244 3066; x_wconf 85' lang='grc' dir='ltr'>πρότερον</span> <span class='ocrx_word' id='word_1_415' title='bbox 3296 2990 3386 3064; x_wconf 77' lang='grc' dir='ltr'>ἦν,</span> <span class='ocrx_word' id='word_1_416' title='bbox 3419 2995 3514 3045; x_wconf 70' lang='grc' dir='ltr'><strong>καὶ</strong></span> <span class='ocrx_word' id='word_1_417' title='bbox 3559 2987 3904 3056; x_wconf 74' lang='grc' dir='ltr'>συκοφαντῶν</span> 
     </span>
    </p>
   </div>
   <div class='ocr_carea' id='block_1_61' title="bbox 2326 3080 3904 3162">
    <p class='ocr_par' dir='ltr' id='par_1_61' title="bbox 2326 3080 3904 3162">
     <span class='ocr_line' id='line_1_61' title="bbox 2326 3080 3904 3162; baseline -0.007 -21"><span class='ocrx_word' id='word_1_418' title='bbox 2326 3089 2553 3160; x_wconf 81' lang='grc' dir='ltr'>ἀναίδην</span> <span class='ocrx_word' id='word_1_419' title='bbox 2611 3089 2706 3141; x_wconf 71' lang='grc' dir='ltr'>καὶ</span> <span class='ocrx_word' id='word_1_420' title='bbox 2755 3088 3076 3162; x_wconf 73' lang='grc' dir='ltr'>διαϐάλλων,</span> <span class='ocrx_word' id='word_1_421' title='bbox 3136 3080 3216 3150; x_wconf 75' lang='grc' dir='ltr'>οἷς</span> <span class='ocrx_word' id='word_1_422' title='bbox 3255 3103 3314 3138; x_wconf 80' lang='grc' dir='ltr'><strong>τε</strong></span> <span class='ocrx_word' id='word_1_423' title='bbox 3347 3087 3476 3152; x_wconf 79' lang='grc' dir='ltr'>περὶ</span> <span class='ocrx_word' id='word_1_424' title='bbox 3501 3085 3592 3137; x_wconf 74' lang='grc' dir='ltr'>τὸν</span> <span class='ocrx_word' id='word_1_425' title='bbox 3631 3085 3781 3152; x_wconf 74' lang='grc' dir='ltr'>ἱερέα</span> <span class='ocrx_word' id='word_1_426' title='bbox 3817 3081 3904 3132; x_wconf 82' lang='grc' dir='ltr'>καὶ</span> 
     </span>
    </p>
   </div>
   <div class='ocr_carea' id='block_1_62' title="bbox 640 3174 2228 3260">
    <p class='ocr_par' dir='ltr' id='par_1_62' title="bbox 640 3176 2224 3260">
     <span class='ocr_line' id='line_1_62' title="bbox 640 3176 2224 3260; baseline 0.01 -31"><span class='ocrx_word' id='word_1_427' title='bbox 640 3176 924 3232; x_wconf 79' lang='lat' dir='ltr'><strong>cerdotent</strong></span> <span class='ocrx_word' id='word_1_428' title='bbox 952 3178 1170 3247; x_wconf 87' lang='lat' dir='ltr'><strong>injuriis</strong></span> <span class='ocrx_word' id='word_1_429' title='bbox 1195 3181 1478 3248; x_wconf 73' lang='lat' dir='ltr'><strong>all&#39;ecerat,</strong></span> <span class='ocrx_word' id='word_1_430' title='bbox 1505 3201 1653 3240; x_wconf 90' lang='lat' dir='ltr'><strong>nunc</strong></span> <span class='ocrx_word' id='word_1_431' title='bbox 1679 3186 1855 3256; x_wconf 91' lang='lat' dir='ltr'><strong>ipsum</strong></span> <span class='ocrx_word' id='word_1_432' title='bbox 1889 3189 2099 3244; x_wconf 88' lang='lat' dir='ltr'><strong>habens</strong></span> <span class='ocrx_word' id='word_1_433' title='bbox 2127 3206 2224 3260; x_wconf 89' lang='lat' dir='ltr'><strong>pa-</strong></span> 
     </span>
    </p>
   </div>
   <div class='ocr_carea' id='block_1_63' title="bbox 2334 3174 3903 3260">
    <p class='ocr_par' dir='ltr' id='par_1_63' title="bbox 2334 3174 3903 3252">
     <span class='ocr_line' id='line_1_63' title="bbox 2334 3174 3903 3252; baseline -0.008 -16"><span class='ocrx_word' id='word_1_434' title='bbox 2334 3182 2572 3236; x_wconf 74' lang='grc' dir='ltr'>διάκονον</span> <span class='ocrx_word' id='word_1_435' title='bbox 2588 3181 2857 3252; x_wconf 79' lang='grc' dir='ltr'>ἐνύϐρισε,</span> <span class='ocrx_word' id='word_1_436' title='bbox 2877 3182 3080 3251; x_wconf 84' lang='grc' dir='ltr'>ταύτης</span> <span class='ocrx_word' id='word_1_437' title='bbox 3114 3181 3230 3248; x_wconf 75' lang='grc' dir='ltr'>ἅμα</span> <span class='ocrx_word' id='word_1_438' title='bbox 3262 3180 3316 3232; x_wconf 86' lang='grc' dir='ltr'><strong>δέ</strong></span> <span class='ocrx_word' id='word_1_439' title='bbox 3346 3179 3440 3231; x_wconf 76' lang='grc' dir='ltr'>καὶ</span> <span class='ocrx_word' id='word_1_440' title='bbox 3477 3178 3638 3230; x_wconf 64' lang='grc' dir='ltr'>αύτόν</span> <span class='ocrx_word' id='word_1_441' title='bbox 3659 3174 3903 3242; x_wconf 76' lang='grc' dir='ltr'>συναιρό-</span> 
     </span>
    </p>
   </div>
   <div class='ocr_carea' id='block_1_64' title="bbox 641 3268 2227 3343">
    <p class='ocr_par' dir='ltr' id='par_1_64' title="bbox 641 3268 2227 3343">
     <span class='ocr_line' id='line_1_64' title="bbox 641 3268 2227 3343; baseline 0.009 -21"><span class='ocrx_word' id='word_1_442' title='bbox 641 3268 1034 3325; x_wconf 84' lang='lat' dir='ltr'><strong>trocinantem.</strong></span> <span class='ocrx_word' id='word_1_443' title='bbox 1064 3271 1132 3326; x_wconf 81' lang='lat' dir='ltr'><strong>Et</strong></span> <span class='ocrx_word' id='word_1_444' title='bbox 1160 3273 1252 3327; x_wconf 89' lang='lat' dir='ltr'><strong>ille</strong></span> <span class='ocrx_word' id='word_1_445' title='bbox 1287 3275 1512 3343; x_wconf 89' lang='lat' dir='ltr'><strong>quidem</strong></span> <span class='ocrx_word' id='word_1_446' title='bbox 1546 3276 1806 3333; x_wconf 81' lang='lat' dir='ltr'><strong>infestum</strong></span> <span class='ocrx_word' id='word_1_447' title='bbox 1837 3295 1867 3333; x_wconf 91' lang='lat' dir='ltr'><strong>a</strong></span> <span class='ocrx_word' id='word_1_448' title='bbox 1893 3296 1950 3335; x_wconf 90' lang='lat' dir='ltr'><strong>se</strong></span> <span class='ocrx_word' id='word_1_449' title='bbox 1980 3283 2227 3337; x_wconf 82' lang='lat' dir='ltr'><strong>excussit</strong></span> 
     </span>
    </p>
   </div>
   <div class='ocr_carea' id='block_1_65' title="bbox 642 3355 2226 3439">
    <p class='ocr_par' dir='ltr' id='par_1_65' title="bbox 642 3355 2226 3439">
     <span class='ocr_line' id='line_1_65' title="bbox 642 3355 2226 3439; baseline 0.009 -28"><span class='ocrx_word' id='word_1_450' title='bbox 642 3357 980 3425; x_wconf 71' lang='lat' dir='ltr'><strong>darmonem;</strong></span> <span class='ocrx_word' id='word_1_451' title='bbox 1033 3362 1322 3434; x_wconf 82' lang='lat' dir='ltr'><strong>presbyter</strong></span> <span class='ocrx_word' id='word_1_452' title='bbox 1350 3379 1484 3418; x_wconf 91' lang='lat' dir='ltr'><strong>vero</strong></span> <span class='ocrx_word' id='word_1_453' title='bbox 1529 3381 1653 3419; x_wconf 91' lang='lat' dir='ltr'><strong>cum</strong></span> <span class='ocrx_word' id='word_1_454' title='bbox 1699 3355 1929 3437; x_wconf 80' lang='lat' dir='ltr'><strong>pristina</strong></span> <span class='ocrx_word' id='word_1_455' title='bbox 1964 3369 2226 3439; x_wconf 86' lang='lat' dir='ltr'><strong>dignitate</strong></span> 
     </span>
    </p>
   </div>
   <div class='ocr_carea' id='block_1_66' title="bbox 642 3450 2227 3528">
    <p class='ocr_par' dir='ltr' id='par_1_66' title="bbox 642 3450 2227 3528">
     <span class='ocr_line' id='line_1_66' title="bbox 642 3450 2227 3528; baseline 0.008 -26"><span class='ocrx_word' id='word_1_456' title='bbox 642 3465 761 3503; x_wconf 84' lang='lat' dir='ltr'><strong>rem</strong></span> <span class='ocrx_word' id='word_1_457' title='bbox 812 3450 1160 3516; x_wconf 81' lang='lat' dir='ltr'><strong>familiarem,</strong></span> <span class='ocrx_word' id='word_1_458' title='bbox 1192 3455 1518 3524; x_wconf 80' lang='lat' dir='ltr'><strong>ampliorem</strong></span> <span class='ocrx_word' id='word_1_459' title='bbox 1541 3458 1706 3512; x_wconf 89' lang='lat' dir='ltr'><strong>etiam</strong></span> <span class='ocrx_word' id='word_1_460' title='bbox 1738 3475 1901 3528; x_wconf 89' lang='lat' dir='ltr'><strong>quam</strong></span> <span class='ocrx_word' id='word_1_461' title='bbox 1935 3461 2227 3528; x_wconf 85' lang='lat' dir='ltr'><strong>habuerat,</strong></span> 
     </span>
    </p>
   </div>
   <div class='ocr_carea' id='block_1_67' title="bbox 643 3539 1338 3615">
    <p class='ocr_par' dir='ltr' id='par_1_67' title="bbox 643 3539 1338 3615">
     <span class='ocr_line' id='line_1_67' title="bbox 643 3539 1338 3615; baseline 0.01 -22"><span class='ocrx_word' id='word_1_462' title='bbox 643 3550 702 3594; x_wconf 91' lang='lat' dir='ltr'><strong>et</strong></span> <span class='ocrx_word' id='word_1_463' title='bbox 727 3539 1041 3596; x_wconf 88' lang='lat' dir='ltr'><strong>libertatem</strong></span> <span class='ocrx_word' id='word_1_464' title='bbox 1108 3546 1338 3615; x_wconf 85' lang='lat' dir='ltr'><strong>recepit.</strong></span> 
     </span>
    </p>
   </div>
   <div class='ocr_carea' id='block_1_68' title="bbox 725 3673 2230 3753">
    <p class='ocr_par' dir='ltr' id='par_1_68' title="bbox 725 3673 2230 3753">
     <span class='ocr_line' id='line_1_68' title="bbox 725 3673 2230 3753; baseline 0.011 -27"><span class='ocrx_word' id='word_1_465' title='bbox 725 3673 846 3728; x_wconf 70' lang='lat'><strong>159.</strong></span> <span class='ocrx_word' id='word_1_466' title='bbox 887 3675 1123 3731; x_wconf 86' lang='lat' dir='ltr'><strong>Circiter</strong></span> <span class='ocrx_word' id='word_1_467' title='bbox 1173 3678 1318 3732; x_wconf 90' lang='lat' dir='ltr'><strong>idem</strong></span> <span class='ocrx_word' id='word_1_468' title='bbox 1361 3689 1575 3749; x_wconf 87' lang='lat' dir='ltr'><strong>tempus</strong></span> <span class='ocrx_word' id='word_1_469' title='bbox 1616 3682 1866 3753; x_wconf 86' lang='lat' dir='ltr'><strong>contigit,</strong></span> <span class='ocrx_word' id='word_1_470' title='bbox 1897 3685 2091 3740; x_wconf 83' lang='lat' dir='ltr'><strong>Persas</strong></span> <span class='ocrx_word' id='word_1_471' title='bbox 2120 3685 2230 3742; x_wconf 90' lang='lat' dir='ltr'><strong>illis</strong></span> 
     </span>
    </p>
   </div>
   <div class='ocr_carea' id='block_1_69' title="bbox 646 3763 2222 3844">
    <p class='ocr_par' dir='ltr' id='par_1_69' title="bbox 646 3763 2222 3844">
     <span class='ocr_line' id='line_1_69' title="bbox 646 3763 2222 3844; baseline 0.013 -31"><span class='ocrx_word' id='word_1_472' title='bbox 646 3763 901 3830; x_wconf 86' lang='lat' dir='ltr'><strong>partibus</strong></span> <span class='ocrx_word' id='word_1_473' title='bbox 923 3780 1046 3820; x_wconf 89' lang='lat' dir='ltr'><strong>cum</strong></span> <span class='ocrx_word' id='word_1_474' title='bbox 1074 3769 1319 3822; x_wconf 79' lang='lat' dir='ltr'><strong>exercitu</strong></span> <span class='ocrx_word' id='word_1_475' title='bbox 1349 3773 1737 3840; x_wconf 86' lang='lat' dir='ltr'><strong>supervenire;</strong></span> <span class='ocrx_word' id='word_1_476' title='bbox 1759 3776 1963 3844; x_wconf 90' lang='lat' dir='ltr'><strong>quibus</strong></span> <span class='ocrx_word' id='word_1_477' title='bbox 1983 3794 2109 3832; x_wconf 88' lang='lat' dir='ltr'><strong>eum</strong></span> <span class='ocrx_word' id='word_1_478' title='bbox 2136 3779 2222 3832; x_wconf 91' lang='lat' dir='ltr'><strong>in-</strong></span> 
     </span>
    </p>
   </div>
   <div class='ocr_carea' id='block_1_70' title="bbox 648 3852 2223 3937">
    <p class='ocr_par' dir='ltr' id='par_1_70' title="bbox 648 3852 2223 3937">
     <span class='ocr_line' id='line_1_70' title="bbox 648 3852 2223 3937; baseline 0.011 -33"><span class='ocrx_word' id='word_1_479' title='bbox 648 3852 891 3907; x_wconf 88' lang='lat' dir='ltr'><strong>dicatum</strong></span> <span class='ocrx_word' id='word_1_480' title='bbox 921 3865 1086 3920; x_wconf 90' lang='lat' dir='ltr'><strong>esset,</strong></span> <span class='ocrx_word' id='word_1_481' title='bbox 1123 3857 1280 3927; x_wconf 89' lang='lat' dir='ltr'><strong>plura</strong></span> <span class='ocrx_word' id='word_1_482' title='bbox 1314 3859 1367 3912; x_wconf 89' lang='lat' dir='ltr'><strong>in</strong></span> <span class='ocrx_word' id='word_1_483' title='bbox 1403 3861 1604 3914; x_wconf 85' lang='lat' dir='ltr'><strong>sacello</strong></span> <span class='ocrx_word' id='word_1_484' title='bbox 1638 3862 1750 3932; x_wconf 89' lang='lat' dir='ltr'><strong>jam</strong></span> <span class='ocrx_word' id='word_1_485' title='bbox 1780 3864 1930 3919; x_wconf 75' lang='lat' dir='ltr'><strong>dicto</strong></span> <span class='ocrx_word' id='word_1_486' title='bbox 1958 3876 2013 3920; x_wconf 88' lang='lat' dir='ltr'><strong>et</strong></span> <span class='ocrx_word' id='word_1_487' title='bbox 2043 3869 2223 3937; x_wconf 81' lang='lat' dir='ltr'><strong>magni</strong></span> 
     </span>
    </p>
   </div>
   <div class='ocr_carea' id='block_1_71' title="bbox 645 3943 2242 4024">
    <p class='ocr_par' dir='ltr' id='par_1_71' title="bbox 645 3943 2242 4024">
     <span class='ocr_line' id='line_1_71' title="bbox 645 3943 2242 4024; baseline 0.007 -22"><span class='ocrx_word' id='word_1_488' title='bbox 645 3950 808 4020; x_wconf 88' lang='lat' dir='ltr'><strong>pretii</strong></span> <span class='ocrx_word' id='word_1_489' title='bbox 843 3953 1192 4004; x_wconf 82' lang='lat' dir='ltr'><strong>anathemata</strong></span> <span class='ocrx_word' id='word_1_490' title='bbox 1222 3965 1366 4015; x_wconf 84' lang='lat' dir='ltr'><strong>esse,</strong></span> <span class='ocrx_word' id='word_1_491' title='bbox 1396 3965 1424 4003; x_wconf 91' lang='lat' dir='ltr'><strong>a</strong></span> <span class='ocrx_word' id='word_1_492' title='bbox 1454 3943 1784 4006; x_wconf 81' lang='lat' dir='ltr'><strong>Christianis</strong></span> <span class='ocrx_word' id='word_1_493' title='bbox 1819 3970 1927 4008; x_wconf 89' lang='lat' dir='ltr'><strong>non</strong></span> <span class='ocrx_word' id='word_1_494' title='bbox 1959 3971 2121 4024; x_wconf 89' lang='lat' dir='ltr'><strong>parca</strong></span> <span class='ocrx_word' id='word_1_495' title='bbox 2145 3968 2242 4013; x_wconf 89' lang='lat' dir='ltr'><strong>aut</strong></span> 
     </span>
    </p>
   </div>
   <div class='ocr_carea' id='block_1_72' title="bbox 643 4041 2238 4113">
    <p class='ocr_par' dir='ltr' id='par_1_72' title="bbox 643 4041 2238 4113">
     <span class='ocr_line' id='line_1_72' title="bbox 643 4041 2238 4113; baseline 0.007 -22"><span class='ocrx_word' id='word_1_496' title='bbox 643 4055 808 4094; x_wconf 81' lang='lat' dir='ltr'><strong>avara</strong></span> <span class='ocrx_word' id='word_1_497' title='bbox 851 4057 1016 4095; x_wconf 88' lang='lat' dir='ltr'><strong>manu</strong></span> <span class='ocrx_word' id='word_1_498' title='bbox 1064 4041 1185 4094; x_wconf 77' lang='lat' dir='ltr'><strong>istic</strong></span> <span class='ocrx_word' id='word_1_499' title='bbox 1229 4056 1531 4108; x_wconf 84' lang='lat' dir='ltr'><strong>suspensa,</strong></span> <span class='ocrx_word' id='word_1_500' title='bbox 1579 4057 1690 4111; x_wconf 90' lang='lat' dir='ltr'><strong>quo</strong></span> <span class='ocrx_word' id='word_1_501' title='bbox 1733 4045 2010 4113; x_wconf 87' lang='lat' dir='ltr'><strong>quippiam</strong></span> <span class='ocrx_word' id='word_1_502' title='bbox 2047 4049 2238 4102; x_wconf 84' lang='lat' dir='ltr'><strong>eodem</strong></span> 
     </span>
    </p>
   </div>
   <div class='ocr_carea' id='block_1_73' title="bbox 648 4123 2236 4199">
    <p class='ocr_par' dir='ltr' id='par_1_73' title="bbox 648 4123 2236 4199">
     <span class='ocr_line' id='line_1_73' title="bbox 648 4123 2236 4199; baseline 0.013 -25"><span class='ocrx_word' id='word_1_503' title='bbox 648 4123 817 4176; x_wconf 88' lang='lat' dir='ltr'><strong>celeri</strong></span> <span class='ocrx_word' id='word_1_504' title='bbox 847 4139 1013 4179; x_wconf 90' lang='lat' dir='ltr'><strong>cursu</strong></span> <span class='ocrx_word' id='word_1_505' title='bbox 1037 4128 1384 4182; x_wconf 90' lang='lat' dir='ltr'><strong>contendunt</strong></span> <span class='ocrx_word' id='word_1_506' title='bbox 1404 4145 1417 4182; x_wconf 89' lang='lat'><strong>:</strong></span> <span class='ocrx_word' id='word_1_507' title='bbox 1437 4145 1578 4199; x_wconf 88' lang='lat' dir='ltr'><strong>quos</strong></span> <span class='ocrx_word' id='word_1_508' title='bbox 1607 4131 1702 4193; x_wconf 81' lang='lat' dir='ltr'><strong>ubi</strong></span> <span class='ocrx_word' id='word_1_509' title='bbox 1731 4135 1989 4190; x_wconf 85' lang='lat' dir='ltr'><strong>sacerdos</strong></span> <span class='ocrx_word' id='word_1_510' title='bbox 2018 4139 2236 4194; x_wconf 89' lang='lat' dir='ltr'><strong>eminus</strong></span> 
     </span>
    </p>
   </div>
   <div class='ocr_carea' id='block_1_74' title="bbox 648 4213 2233 4295">
    <p class='ocr_par' dir='ltr' id='par_1_74' title="bbox 648 4213 2233 4295">
     <span class='ocr_line' id='line_1_74' title="bbox 648 4213 2233 4295; baseline 0.011 -29"><span class='ocrx_word' id='word_1_511' title='bbox 648 4213 1012 4270; x_wconf 86' lang='lat' dir='ltr'><strong>adventantes</strong></span> <span class='ocrx_word' id='word_1_512' title='bbox 1040 4218 1212 4281; x_wconf 85' lang='lat' dir='ltr'><strong>videt,</strong></span> <span class='ocrx_word' id='word_1_513' title='bbox 1251 4219 1305 4272; x_wconf 92' lang='lat' dir='ltr'><strong>in</strong></span> <span class='ocrx_word' id='word_1_514' title='bbox 1337 4222 1572 4276; x_wconf 88' lang='lat' dir='ltr'><strong>vicinam</strong></span> <span class='ocrx_word' id='word_1_515' title='bbox 1615 4239 1736 4280; x_wconf 88' lang='lat' dir='ltr'><strong>sese</strong></span> <span class='ocrx_word' id='word_1_516' title='bbox 1779 4225 1991 4280; x_wconf 90' lang='lat' dir='ltr'><strong>abdidit</strong></span> <span class='ocrx_word' id='word_1_517' title='bbox 2020 4229 2233 4295; x_wconf 88' lang='lat' dir='ltr'><strong>silvam,</strong></span> 
     </span>
    </p>
   </div>
   <div class='ocr_carea' id='block_1_75' title="bbox 649 4305 2237 4379">
    <p class='ocr_par' dir='ltr' id='par_1_75' title="bbox 649 4305 2237 4379">
     <span class='ocr_line' id='line_1_75' title="bbox 649 4305 2237 4379; baseline 0.01 -19"><span class='ocrx_word' id='word_1_518' title='bbox 649 4308 828 4364; x_wconf 90' lang='lat' dir='ltr'><strong>donec</strong></span> <span class='ocrx_word' id='word_1_519' title='bbox 870 4309 972 4379; x_wconf 88' lang='lat' dir='ltr'><strong>ipsi</strong></span> <span class='ocrx_word' id='word_1_520' title='bbox 1014 4311 1082 4365; x_wconf 92' lang='lat' dir='ltr'><strong>ad</strong></span> <span class='ocrx_word' id='word_1_521' title='bbox 1114 4305 1416 4367; x_wconf 81' lang='lat' dir='ltr'><strong>exercitum</strong></span> <span class='ocrx_word' id='word_1_522' title='bbox 1449 4317 1829 4372; x_wconf 84' lang='lat' dir='ltr'><strong>revertissent.</strong></span> <span class='ocrx_word' id='word_1_523' title='bbox 1862 4319 1943 4372; x_wconf 89' lang='lat' dir='ltr'><strong>Illi</strong></span> <span class='ocrx_word' id='word_1_524' title='bbox 1982 4335 2113 4374; x_wconf 89' lang='lat' dir='ltr'><strong>vero</strong></span> <span class='ocrx_word' id='word_1_525' title='bbox 2150 4321 2237 4376; x_wconf 84' lang='lat' dir='ltr'><strong>in-</strong></span> 
     </span>
    </p>
   </div>
   <div class='ocr_carea' id='block_1_76' title="bbox 649 4399 2232 4477">
    <p class='ocr_par' dir='ltr' id='par_1_76' title="bbox 649 4399 2232 4477">
     <span class='ocr_line' id='line_1_76' title="bbox 649 4399 2232 4477; baseline 0.009 -26"><span class='ocrx_word' id='word_1_526' title='bbox 649 4399 820 4468; x_wconf 85' lang='lat' dir='ltr'><strong>gressi</strong></span> <span class='ocrx_word' id='word_1_527' title='bbox 872 4401 1157 4466; x_wconf 89' lang='lat' dir='ltr'><strong>sacellum,</strong></span> <span class='ocrx_word' id='word_1_528' title='bbox 1207 4412 1320 4458; x_wconf 86' lang='lat' dir='ltr'><strong>toto</strong></span> <span class='ocrx_word' id='word_1_529' title='bbox 1375 4405 1499 4460; x_wconf 91' lang='lat' dir='ltr'><strong>istic</strong></span> <span class='ocrx_word' id='word_1_530' title='bbox 1545 4406 1635 4462; x_wconf 90' lang='lat' dir='ltr'><strong>die</strong></span> <span class='ocrx_word' id='word_1_531' title='bbox 1688 4418 2077 4477; x_wconf 88' lang='lat' dir='ltr'><strong>permanentes</strong></span> <span class='ocrx_word' id='word_1_532' title='bbox 2121 4427 2232 4466; x_wconf 91' lang='lat' dir='ltr'><strong>non</strong></span> 
     </span>
    </p>
   </div>
   <div class='ocr_carea' id='block_1_77' title="bbox 2334 3267 3902 3344">
    <p class='ocr_par' dir='ltr' id='par_1_77' title="bbox 2334 3267 3902 3344">
     <span class='ocr_line' id='line_1_77' title="bbox 2334 3267 3902 3344; baseline -0.008 -17"><span class='ocrx_word' id='word_1_533' title='bbox 2334 3291 2492 3344; x_wconf 87' lang='grc' dir='ltr'>μενον</span> <span class='ocrx_word' id='word_1_534' title='bbox 2516 3276 2654 3344; x_wconf 64' lang='grc' dir='ltr'>ἔχων</span> <span class='ocrx_word' id='word_1_535' title='bbox 2673 3315 2689 3340; x_wconf 91' lang='grc'><strong>,</strong></span> <span class='ocrx_word' id='word_1_536' title='bbox 2716 3275 2877 3332; x_wconf 85' lang='grc' dir='ltr'>αὑτός</span> <span class='ocrx_word' id='word_1_537' title='bbox 2901 3289 2960 3325; x_wconf 90' lang='grc' dir='ltr'><strong>τε</strong></span> <span class='ocrx_word' id='word_1_538' title='bbox 2985 3273 3077 3325; x_wconf 77' lang='grc' dir='ltr'>τὸν</span> <span class='ocrx_word' id='word_1_539' title='bbox 3105 3271 3338 3340; x_wconf 69' lang='grc' dir='ltr'>χαλεπὸν</span> <span class='ocrx_word' id='word_1_540' title='bbox 3381 3269 3615 3323; x_wconf 67' lang='grc' dir='ltr'>ἀπέθετο</span> <span class='ocrx_word' id='word_1_541' title='bbox 3661 3267 3902 3333; x_wconf 71' lang='grc' dir='ltr'>δαίμονα,</span> 
     </span>
    </p>
   </div>
   <div class='ocr_carea' id='block_1_78' title="bbox 2330 3357 3905 3436">
    <p class='ocr_par' dir='ltr' id='par_1_78' title="bbox 2330 3357 3905 3436">
     <span class='ocr_line' id='line_1_78' title="bbox 2330 3357 3905 3436; baseline -0.01 -14"><span class='ocrx_word' id='word_1_542' title='bbox 2330 3370 2575 3430; x_wconf 79' lang='grc' dir='ltr'>κὰνείνος</span> <span class='ocrx_word' id='word_1_543' title='bbox 2650 3365 2786 3436; x_wconf 74' lang='grc' dir='ltr'>μετὰ</span> <span class='ocrx_word' id='word_1_544' title='bbox 2879 3363 2976 3416; x_wconf 88' lang='grc' dir='ltr'><strong>τοῦ</strong></span> <span class='ocrx_word' id='word_1_545' title='bbox 3053 3359 3360 3431; x_wconf 78' lang='grc' dir='ltr'>ἀξιώματος</span> <span class='ocrx_word' id='word_1_546' title='bbox 3421 3357 3574 3418; x_wconf 77' lang='grc' dir='ltr'>αὖθις</span> <span class='ocrx_word' id='word_1_547' title='bbox 3650 3361 3743 3411; x_wconf 78' lang='grc' dir='ltr'>καὶ</span> <span class='ocrx_word' id='word_1_548' title='bbox 3814 3357 3905 3423; x_wconf 78' lang='grc' dir='ltr'>τῆς</span> 
     </span>
    </p>
   </div>
   <div class='ocr_carea' id='block_1_79' title="bbox 2329 3446 3907 3526">
    <p class='ocr_par' dir='ltr' id='par_1_79' title="bbox 2329 3446 3907 3526">
     <span class='ocr_line' id='line_1_79' title="bbox 2329 3446 3907 3526; baseline -0.009 -14"><span class='ocrx_word' id='word_1_549' title='bbox 2329 3461 2516 3520; x_wconf 73' lang='grc' dir='ltr'>οὐσίας</span> <span class='ocrx_word' id='word_1_550' title='bbox 2552 3456 2772 3526; x_wconf 79' lang='grc' dir='ltr'>μείζονα</span> <span class='ocrx_word' id='word_1_551' title='bbox 2811 3457 2907 3526; x_wconf 82' lang='grc' dir='ltr'>τῆς</span> <span class='ocrx_word' id='word_1_552' title='bbox 2971 3453 3240 3526; x_wconf 80' lang='grc' dir='ltr'>προτέρας</span> <span class='ocrx_word' id='word_1_553' title='bbox 3303 3451 3594 3521; x_wconf 76' lang='grc' dir='ltr'>ἀπειλήφει</span> <span class='ocrx_word' id='word_1_554' title='bbox 3665 3451 3760 3502; x_wconf 72' lang='grc' dir='ltr'>καὶ</span> <span class='ocrx_word' id='word_1_555' title='bbox 3815 3446 3907 3514; x_wconf 77' lang='grc' dir='ltr'>τὴν</span> 
     </span>
    </p>
   </div>
   <div class='ocr_carea' id='block_1_80' title="bbox 2333 3544 2662 3615">
    <p class='ocr_par' dir='ltr' id='par_1_80' title="bbox 2333 3544 2662 3615">
     <span class='ocr_line' id='line_1_80' title="bbox 2333 3544 2662 3615; baseline -0.003 -16"><span class='ocrx_word' id='word_1_556' title='bbox 2333 3544 2662 3615; x_wconf 76' lang='grc' dir='ltr'>ἐλευθερίαν.</span> 
     </span>
    </p>
   </div>
   <div class='ocr_carea' id='block_1_81' title="bbox 2407 3674 3905 3751">
    <p class='ocr_par' dir='ltr' id='par_1_81' title="bbox 2407 3674 3905 3751">
     <span class='ocr_line' id='line_1_81' title="bbox 2407 3674 3905 3751; baseline -0.004 -20"><span class='ocrx_word' id='word_1_557' title='bbox 2407 3679 2540 3751; x_wconf 70' lang='grc' dir='ltr'>ρνβσ.</span> <span class='ocrx_word' id='word_1_558' title='bbox 2583 3677 2791 3748; x_wconf 70' lang='grc' dir='ltr'>Συνέϐη</span> <span class='ocrx_word' id='word_1_559' title='bbox 2846 3678 2900 3730; x_wconf 78' lang='grc' dir='ltr'>δὲ</span> <span class='ocrx_word' id='word_1_560' title='bbox 2945 3677 3065 3730; x_wconf 79' lang='grc' dir='ltr'>κατ’</span> <span class='ocrx_word' id='word_1_561' title='bbox 3098 3677 3274 3730; x_wconf 61' lang='grc' dir='ltr'>ἐκεῖνο</span> <span class='ocrx_word' id='word_1_562' title='bbox 3307 3675 3500 3741; x_wconf 80' lang='grc' dir='ltr'>καιροῦ</span> <span class='ocrx_word' id='word_1_563' title='bbox 3539 3674 3760 3743; x_wconf 77' lang='grc' dir='ltr'>Πέρσας</span> <span class='ocrx_word' id='word_1_564' title='bbox 3802 3676 3905 3736; x_wconf 73' lang='grc' dir='ltr'>τοῖς</span> 
     </span>
    </p>
   </div>
   <div class='ocr_carea' id='block_1_82' title="bbox 2338 3767 3906 3844">
    <p class='ocr_par' dir='ltr' id='par_1_82' title="bbox 2338 3767 3906 3844">
     <span class='ocr_line' id='line_1_82' title="bbox 2338 3767 3906 3844; baseline -0.004 -19"><span class='ocrx_word' id='word_1_565' title='bbox 2338 3775 2560 3844; x_wconf 85' lang='grc' dir='ltr'>μέρεσιν</span> <span class='ocrx_word' id='word_1_566' title='bbox 2593 3773 2821 3833; x_wconf 87' lang='grc' dir='ltr'>ἐκείνοις</span> <span class='ocrx_word' id='word_1_567' title='bbox 2852 3769 3304 3838; x_wconf 74' lang='grc' dir='ltr'>ἐπιστρατεῦσαι·</span> <span class='ocrx_word' id='word_1_568' title='bbox 3331 3769 3425 3822; x_wconf 77' lang='grc' dir='ltr'><strong>καὶ</strong></span> <span class='ocrx_word' id='word_1_569' title='bbox 3465 3767 3701 3837; x_wconf 84' lang='grc' dir='ltr'>μηνυθὲν</span> <span class='ocrx_word' id='word_1_570' title='bbox 3734 3768 3906 3828; x_wconf 72' lang='grc' dir='ltr'>αὐτοῖς</span> 
     </span>
    </p>
   </div>
   <div class='ocr_carea' id='block_1_83' title="bbox 2334 3860 3906 3934">
    <p class='ocr_par' dir='ltr' id='par_1_83' title="bbox 2334 3860 3906 3934">
     <span class='ocr_line' id='line_1_83' title="bbox 2334 3860 3906 3934; baseline -0.006 -16"><span class='ocrx_word' id='word_1_571' title='bbox 2334 3867 2407 3926; x_wconf 78' lang='grc' dir='ltr'>ὼς</span> <span class='ocrx_word' id='word_1_572' title='bbox 2435 3866 2517 3934; x_wconf 84' lang='grc' dir='ltr'><strong>είη</strong></span> <span class='ocrx_word' id='word_1_573' title='bbox 2556 3863 2721 3917; x_wconf 78' lang='grc' dir='ltr'>πολλὰ</span> <span class='ocrx_word' id='word_1_574' title='bbox 2757 3865 2850 3915; x_wconf 70' lang='grc' dir='ltr'>καὶ</span> <span class='ocrx_word' id='word_1_575' title='bbox 2887 3861 3080 3915; x_wconf 75' lang='grc' dir='ltr'>πολλοῦ</span> <span class='ocrx_word' id='word_1_576' title='bbox 3118 3861 3244 3925; x_wconf 77' lang='grc' dir='ltr'>ἀξια</span> <span class='ocrx_word' id='word_1_577' title='bbox 3273 3860 3675 3930; x_wconf 76' lang='grc' dir='ltr'>καθωσιωμένα</span> <span class='ocrx_word' id='word_1_578' title='bbox 3721 3860 3794 3928; x_wconf 77' lang='grc' dir='ltr'>τῷ</span> <span class='ocrx_word' id='word_1_579' title='bbox 3823 3861 3906 3910; x_wconf 78' lang='grc' dir='ltr'>εύ-</span> 
     </span>
    </p>
   </div>
   <div class='ocr_carea' id='block_1_84' title="bbox 2335 3951 3908 4026">
    <p class='ocr_par' dir='ltr' id='par_1_84' title="bbox 2335 3951 3908 4026">
     <span class='ocr_line' id='line_1_84' title="bbox 2335 3951 3908 4026; baseline -0.006 -15"><span class='ocrx_word' id='word_1_580' title='bbox 2335 3958 2579 4026; x_wconf 78' lang='grc' dir='ltr'>κτηρίῳ,</span> <span class='ocrx_word' id='word_1_581' title='bbox 2633 3951 2722 4008; x_wconf 77' lang='grc' dir='ltr'>οἷα</span> <span class='ocrx_word' id='word_1_582' title='bbox 2764 3953 3105 4026; x_wconf 82' lang='grc' dir='ltr'>Χριστιανῶν</span> <span class='ocrx_word' id='word_1_583' title='bbox 3154 3956 3216 4007; x_wconf 80' lang='grc' dir='ltr'><strong>ού</strong></span> <span class='ocrx_word' id='word_1_584' title='bbox 3253 3953 3585 4022; x_wconf 78' lang='grc' dir='ltr'>φειδομένως</span> <span class='ocrx_word' id='word_1_585' title='bbox 3629 3954 3748 4005; x_wconf 65' lang='grc' dir='ltr'>οὐδὲ</span> <span class='ocrx_word' id='word_1_586' title='bbox 3800 3953 3908 4020; x_wconf 56' lang='lat'><strong>7).!-</strong></span> 
     </span>
    </p>
   </div>
   <div class='ocr_carea' id='block_1_85' title="bbox 2339 4044 3908 4117">
    <p class='ocr_par' dir='ltr' id='par_1_85' title="bbox 2339 4044 3908 4117">
     <span class='ocr_line' id='line_1_85' title="bbox 2339 4044 3908 4117; baseline -0.003 -18"><span class='ocrx_word' id='word_1_587' title='bbox 2339 4065 2516 4117; x_wconf 82' lang='grc' dir='ltr'>σχρως</span> <span class='ocrx_word' id='word_1_588' title='bbox 2561 4049 2680 4099; x_wconf 78' lang='grc' dir='ltr'>ἐκεῖ</span> <span class='ocrx_word' id='word_1_589' title='bbox 2715 4045 3294 4115; x_wconf 78' lang='grc' dir='ltr'>προσαναλισκόντων,</span> <span class='ocrx_word' id='word_1_590' title='bbox 3337 4044 3430 4096; x_wconf 83' lang='grc' dir='ltr'><strong>δύο</strong></span> <span class='ocrx_word' id='word_1_591' title='bbox 3473 4044 3617 4106; x_wconf 80' lang='grc' dir='ltr'>τινὲς</span> <span class='ocrx_word' id='word_1_592' title='bbox 3665 4044 3752 4095; x_wconf 80' lang='grc' dir='ltr'><strong>ἐπ’</strong></span> <span class='ocrx_word' id='word_1_593' title='bbox 3786 4046 3908 4095; x_wconf 68' lang='grc' dir='ltr'>αὐτὸ</span> 
     </span>
    </p>
   </div>
   <div class='ocr_carea' id='block_1_86' title="bbox 2335 4135 3906 4210">
    <p class='ocr_par' dir='ltr' id='par_1_86' title="bbox 2335 4135 3906 4210">
     <span class='ocr_line' id='line_1_86' title="bbox 2335 4135 3906 4210; baseline -0.004 -18"><span class='ocrx_word' id='word_1_594' title='bbox 2335 4139 2611 4210; x_wconf 85' lang='grc' dir='ltr'>δρομαίως</span> <span class='ocrx_word' id='word_1_595' title='bbox 2651 4138 2946 4208; x_wconf 78' lang='grc' dir='ltr'>ἐφέροντο·</span> <span class='ocrx_word' id='word_1_596' title='bbox 2999 4135 3092 4200; x_wconf 85' lang='grc' dir='ltr'>οὒς</span> <span class='ocrx_word' id='word_1_597' title='bbox 3145 4135 3267 4189; x_wconf 83' lang='grc' dir='ltr'>ιδὼν</span> <span class='ocrx_word' id='word_1_598' title='bbox 3316 4135 3602 4207; x_wconf 74' lang='grc' dir='ltr'>πόρρωθεν</span> <span class='ocrx_word' id='word_1_599' title='bbox 3644 4138 3672 4187; x_wconf 89' lang='lat'><strong>6</strong></span> <span class='ocrx_word' id='word_1_600' title='bbox 3720 4136 3906 4202; x_wconf 66' lang='grc' dir='ltr'>ἱερεὺς,</span> 
     </span>
    </p>
   </div>
   <div class='ocr_carea' id='block_1_87' title="bbox 2335 4221 3909 4299">
    <p class='ocr_par' dir='ltr' id='par_1_87' title="bbox 2335 4221 3909 4299">
     <span class='ocr_line' id='line_1_87' title="bbox 2335 4221 3909 4299; baseline -0.003 -19"><span class='ocrx_word' id='word_1_601' title='bbox 2335 4230 2434 4299; x_wconf 77' lang='grc' dir='ltr'>τὴν</span> <span class='ocrx_word' id='word_1_602' title='bbox 2467 4231 2932 4299; x_wconf 84' lang='grc' dir='ltr'>παραπεφυκυῖαν</span> <span class='ocrx_word' id='word_1_603' title='bbox 2969 4226 3258 4279; x_wconf 84' lang='grc' dir='ltr'>ὑποδύεται</span> <span class='ocrx_word' id='word_1_604' title='bbox 3283 4221 3439 4293; x_wconf 77' lang='grc' dir='ltr'>ὕλην,</span> <span class='ocrx_word' id='word_1_605' title='bbox 3484 4224 3590 4285; x_wconf 73' lang='grc' dir='ltr'><strong>ἕως</strong></span> <span class='ocrx_word' id='word_1_606' title='bbox 3629 4225 3782 4276; x_wconf 77' lang='grc' dir='ltr'>αὐτοὶ</span> <span class='ocrx_word' id='word_1_607' title='bbox 3812 4241 3909 4276; x_wconf 69' lang='lat'><strong>1:1-</strong></span> 
     </span>
    </p>
   </div>
   <div class='ocr_carea' id='block_1_88' title="bbox 2337 4315 3906 4389">
    <p class='ocr_par' dir='ltr' id='par_1_88' title="bbox 2337 4315 3906 4389">
     <span class='ocr_line' id='line_1_88' title="bbox 2337 4315 3906 4389; baseline -0.005 -17"><span class='ocrx_word' id='word_1_608' title='bbox 2337 4320 2420 4373; x_wconf 80' lang='grc' dir='ltr'><strong>λιν</strong></span> <span class='ocrx_word' id='word_1_609' title='bbox 2455 4322 2534 4383; x_wconf 85' lang='grc' dir='ltr'><strong>είς</strong></span> <span class='ocrx_word' id='word_1_610' title='bbox 2561 4321 2624 4372; x_wconf 83' lang='grc' dir='ltr'>τὸ</span> <span class='ocrx_word' id='word_1_611' title='bbox 2661 4317 3022 4389; x_wconf 84' lang='grc' dir='ltr'>στρατόπεδον</span> <span class='ocrx_word' id='word_1_612' title='bbox 3052 4316 3468 4386; x_wconf 79' lang='grc' dir='ltr'>ἀναστρέψειαν.</span> <span class='ocrx_word' id='word_1_613' title='bbox 3513 4315 3579 4366; x_wconf 71' lang='lat' dir='ltr'><strong>Oi</strong></span> <span class='ocrx_word' id='word_1_614' title='bbox 3623 4316 3679 4366; x_wconf 84' lang='grc' dir='ltr'>δὲ</span> <span class='ocrx_word' id='word_1_615' title='bbox 3727 4315 3786 4366; x_wconf 83' lang='grc' dir='ltr'>τὸ</span> <span class='ocrx_word' id='word_1_616' title='bbox 3826 4315 3906 4365; x_wconf 67' lang='lat' dir='ltr'><strong>s5-</strong></span> 
     </span>
    </p>
   </div>
   <div class='ocr_carea' id='block_1_89' title="bbox 2345 4407 3910 4485">
    <p class='ocr_par' dir='ltr' id='par_1_89' title="bbox 2345 4407 3910 4485">
     <span class='ocr_line' id='line_1_89' title="bbox 2345 4407 3910 4485; baseline -0.006 -17"><span class='ocrx_word' id='word_1_617' title='bbox 2345 4415 2571 4485; x_wconf 78' lang='grc' dir='ltr'>κτήριον</span> <span class='ocrx_word' id='word_1_618' title='bbox 2605 4412 2959 4476; x_wconf 70' lang='grc' dir='ltr'>εἰσελθόντες,</span> <span class='ocrx_word' id='word_1_619' title='bbox 2993 4410 3239 4478; x_wconf 81' lang='grc' dir='ltr'>ἀπρόῖτοι</span> <span class='ocrx_word' id='word_1_620' title='bbox 3281 4410 3461 4461; x_wconf 72' lang='grc' dir='ltr'>πᾶσαν</span> <span class='ocrx_word' id='word_1_621' title='bbox 3493 4407 3706 4460; x_wconf 77' lang='grc' dir='ltr'>ἐκεῖθεν</span> <span class='ocrx_word' id='word_1_622' title='bbox 3733 4409 3910 4475; x_wconf 77' lang='grc' dir='ltr'>διαμεο</span> 
     </span>
    </p>
   </div>
   <div class='ocr_carea' id='block_1_90' title="bbox 649 4490 2228 4583">
    <p class='ocr_par' dir='ltr' id='par_1_90' title="bbox 649 4490 2228 4572">
     <span class='ocr_line' id='line_1_90' title="bbox 649 4490 2228 4572; baseline 0.011 -31"><span class='ocrx_word' id='word_1_623' title='bbox 649 4490 928 4558; x_wconf 83' lang='lat' dir='ltr'><strong>prodiere.</strong></span> <span class='ocrx_word' id='word_1_624' title='bbox 953 4491 1274 4561; x_wconf 89' lang='lat' dir='ltr'><strong>Suspicatus</strong></span> <span class='ocrx_word' id='word_1_625' title='bbox 1304 4495 1486 4566; x_wconf 91' lang='lat' dir='ltr'><strong>itaque</strong></span> <span class='ocrx_word' id='word_1_626' title='bbox 1512 4499 1822 4570; x_wconf 90' lang='lat' dir='ltr'><strong>presbyter,</strong></span> <span class='ocrx_word' id='word_1_627' title='bbox 1851 4516 1946 4555; x_wconf 90' lang='lat' dir='ltr'><strong>eos</strong></span> <span class='ocrx_word' id='word_1_628' title='bbox 1965 4503 2073 4572; x_wconf 93' lang='lat' dir='ltr'><strong>jam</strong></span> <span class='ocrx_word' id='word_1_629' title='bbox 2107 4504 2228 4558; x_wconf 88' lang='lat' dir='ltr'><strong>inde</strong></span> 
     </span>
    </p>
   </div>
   <div class='ocr_carea' id='block_1_91' title="bbox 2334 4490 3912 4583">
    <p class='ocr_par' dir='ltr' id='par_1_91' title="bbox 2346 4499 3912 4576">
     <span class='ocr_line' id='line_1_91' title="bbox 2346 4499 3912 4576; baseline -0.004 -17"><span class='ocrx_word' id='word_1_630' title='bbox 2346 4509 2613 4576; x_wconf 80' lang='grc' dir='ltr'>μενήκασι</span> <span class='ocrx_word' id='word_1_631' title='bbox 2661 4507 2760 4576; x_wconf 81' lang='grc' dir='ltr'>τὴν</span> <span class='ocrx_word' id='word_1_632' title='bbox 2812 4504 3049 4573; x_wconf 77' lang='grc' dir='ltr'>ἡμέραν.</span> <span class='ocrx_word' id='word_1_633' title='bbox 3116 4500 3434 4554; x_wconf 80' lang='grc' dir='ltr'>Ὑπολαὸὼν</span> <span class='ocrx_word' id='word_1_634' title='bbox 3482 4499 3662 4553; x_wconf 86' lang='grc' dir='ltr'>τοίνυν</span> <span class='ocrx_word' id='word_1_635' title='bbox 3709 4503 3912 4562; x_wconf 72' lang='grc' dir='ltr'>ἐκεῖνος</span> 
     </span>
    </p>
   </div>
   <div class='ocr_carea' id='block_1_92' title="bbox 649 4580 2236 4661">
    <p class='ocr_par' dir='ltr' id='par_1_92' title="bbox 649 4580 2236 4661">
     <span class='ocr_line' id='line_1_92' title="bbox 649 4580 2236 4661; baseline 0.012 -29"><span class='ocrx_word' id='word_1_636' title='bbox 649 4580 789 4634; x_wconf 80' lang='lat' dir='ltr'><strong>clam</strong></span> <span class='ocrx_word' id='word_1_637' title='bbox 823 4597 880 4636; x_wconf 90' lang='lat' dir='ltr'><strong>se</strong></span> <span class='ocrx_word' id='word_1_638' title='bbox 927 4598 1181 4654; x_wconf 83' lang='lat' dir='ltr'><strong>egressos</strong></span> <span class='ocrx_word' id='word_1_639' title='bbox 1207 4585 1368 4653; x_wconf 87' lang='lat' dir='ltr'><strong>(Quid</strong></span> <span class='ocrx_word' id='word_1_640' title='bbox 1401 4590 1572 4655; x_wconf 88' lang='lat' dir='ltr'><strong>enim,</strong></span> <span class='ocrx_word' id='word_1_641' title='bbox 1603 4591 1907 4661; x_wconf 88' lang='lat' dir='ltr'><strong>inquiebat,</strong></span> <span class='ocrx_word' id='word_1_642' title='bbox 1938 4594 2062 4649; x_wconf 86' lang='lat' dir='ltr'><strong>istic</strong></span> <span class='ocrx_word' id='word_1_643' title='bbox 2091 4597 2236 4651; x_wconf 92' lang='lat' dir='ltr'><strong>ultra</strong></span> 
     </span>
    </p>
   </div>
   <div class='ocr_carea' id='block_1_93' title="bbox 649 4675 2236 4756">
    <p class='ocr_par' dir='ltr' id='par_1_93' title="bbox 649 4675 2236 4756">
     <span class='ocr_line' id='line_1_93' title="bbox 649 4675 2236 4756; baseline 0.011 -30"><span class='ocrx_word' id='word_1_644' title='bbox 649 4675 953 4743; x_wconf 83' lang='lat' dir='ltr'><strong>agerent?),</strong></span> <span class='ocrx_word' id='word_1_645' title='bbox 987 4693 1156 4733; x_wconf 85' lang='lat' dir='ltr'><strong>ausus</strong></span> <span class='ocrx_word' id='word_1_646' title='bbox 1188 4688 1364 4734; x_wconf 90' lang='lat' dir='ltr'><strong>esteo</strong></span> <span class='ocrx_word' id='word_1_647' title='bbox 1417 4683 1634 4753; x_wconf 89' lang='lat' dir='ltr'><strong>regredi</strong></span> <span class='ocrx_word' id='word_1_648' title='bbox 1673 4701 1685 4737; x_wconf 93' lang='lat'>:</span> <span class='ocrx_word' id='word_1_649' title='bbox 1721 4685 2004 4756; x_wconf 87' lang='lat' dir='ltr'><strong>ingressus</strong></span> <span class='ocrx_word' id='word_1_650' title='bbox 2050 4698 2236 4744; x_wconf 91' lang='lat' dir='ltr'><strong>autem</strong></span> 
     </span>
    </p>
   </div>
   <div class='ocr_carea' id='block_1_94' title="bbox 650 4767 2237 4845">
    <p class='ocr_par' dir='ltr' id='par_1_94' title="bbox 650 4767 2237 4845">
     <span class='ocr_line' id='line_1_94' title="bbox 650 4767 2237 4845; baseline 0.01 -25"><span class='ocrx_word' id='word_1_651' title='bbox 650 4767 860 4837; x_wconf 88' lang='lat' dir='ltr'><strong>reperit</strong></span> <span class='ocrx_word' id='word_1_652' title='bbox 881 4770 1071 4824; x_wconf 89' lang='lat' dir='ltr'><strong>ambos</strong></span> <span class='ocrx_word' id='word_1_653' title='bbox 1100 4782 1229 4826; x_wconf 89' lang='lat' dir='ltr'><strong>ante</strong></span> <span class='ocrx_word' id='word_1_654' title='bbox 1266 4774 1635 4845; x_wconf 82' lang='lat' dir='ltr'><strong>prodigiosum</strong></span> <span class='ocrx_word' id='word_1_655' title='bbox 1659 4791 1882 4832; x_wconf 90' lang='lat' dir='ltr'><strong>crucem</strong></span> <span class='ocrx_word' id='word_1_656' title='bbox 1917 4781 2070 4842; x_wconf 89' lang='lat' dir='ltr'><strong>(vere</strong></span> <span class='ocrx_word' id='word_1_657' title='bbox 2100 4781 2237 4837; x_wconf 88' lang='lat' dir='ltr'><strong>illud</strong></span> 
     </span>
    </p>
   </div>
   <div class='ocr_carea' id='block_1_95' title="bbox 651 4863 2237 4944">
    <p class='ocr_par' dir='ltr' id='par_1_95' title="bbox 651 4863 2237 4944">
     <span class='ocr_line' id='line_1_95' title="bbox 651 4863 2237 4944; baseline 0.011 -32"><span class='ocrx_word' id='word_1_658' title='bbox 651 4869 804 4914; x_wconf 90' lang='lat' dir='ltr'><strong>tuum</strong></span> <span class='ocrx_word' id='word_1_659' title='bbox 823 4872 1018 4929; x_wconf 91' lang='lat' dir='ltr'><strong>potens</strong></span> <span class='ocrx_word' id='word_1_660' title='bbox 1042 4863 1326 4920; x_wconf 70' lang='lat' dir='ltr'><strong>brachium</strong></span> <span class='ocrx_word' id='word_1_661' title='bbox 1357 4867 1869 4936; x_wconf 89' lang='lat' dir='ltr'><strong>patravit,Christe,</strong></span> <span class='ocrx_word' id='word_1_662' title='bbox 1897 4872 2011 4926; x_wconf 84' lang='lat' dir='ltr'><strong>Rex</strong></span> <span class='ocrx_word' id='word_1_663' title='bbox 2037 4877 2237 4944; x_wconf 78' lang='lat' dir='ltr'><strong>meus.)</strong></span> 
     </span>
    </p>
   </div>
   <div class='ocr_carea' id='block_1_96' title="bbox 650 4952 2234 5030">
    <p class='ocr_par' dir='ltr' id='par_1_96' title="bbox 650 4952 2234 5030">
     <span class='ocr_line' id='line_1_96' title="bbox 650 4952 2234 5030; baseline 0.011 -26"><span class='ocrx_word' id='word_1_664' title='bbox 650 4952 954 5009; x_wconf 75' lang='lat' dir='ltr'><strong>exstinctos</strong></span> <span class='ocrx_word' id='word_1_665' title='bbox 971 4957 1186 5020; x_wconf 84' lang='lat' dir='ltr'><strong>jacere;</strong></span> <span class='ocrx_word' id='word_1_666' title='bbox 1209 4958 1536 5028; x_wconf 89' lang='lat' dir='ltr'><strong>adjacebant</strong></span> <span class='ocrx_word' id='word_1_667' title='bbox 1557 4974 1778 5030; x_wconf 90' lang='lat' dir='ltr'><strong>quoque</strong></span> <span class='ocrx_word' id='word_1_668' title='bbox 1799 4960 1946 5017; x_wconf 86' lang='lat' dir='ltr'><strong>faces</strong></span> <span class='ocrx_word' id='word_1_669' title='bbox 1970 4979 2234 5029; x_wconf 61' lang='lat' dir='ltr'><strong>accensae.</strong></span> 
     </span>
    </p>
   </div>
   <div class='ocr_carea' id='block_1_97' title="bbox 651 5046 2240 5124">
    <p class='ocr_par' dir='ltr' id='par_1_97' title="bbox 651 5046 2240 5124">
     <span class='ocr_line' id='line_1_97' title="bbox 651 5046 2240 5124; baseline 0.01 -28"><span class='ocrx_word' id='word_1_670' title='bbox 651 5052 866 5098; x_wconf 89' lang='lat' dir='ltr'><strong>certum</strong></span> <span class='ocrx_word' id='word_1_671' title='bbox 912 5046 1028 5100; x_wconf 86' lang='lat' dir='ltr'><strong>fere</strong></span> <span class='ocrx_word' id='word_1_672' title='bbox 1063 5047 1441 5104; x_wconf 88' lang='lat' dir='ltr'><strong>testimonium</strong></span> <span class='ocrx_word' id='word_1_673' title='bbox 1476 5052 1718 5109; x_wconf 88' lang='lat' dir='ltr'><strong>voluisse</strong></span> <span class='ocrx_word' id='word_1_674' title='bbox 1754 5054 1960 5124; x_wconf 90' lang='lat' dir='ltr'><strong>templo</strong></span> <span class='ocrx_word' id='word_1_675' title='bbox 1993 5054 2240 5112; x_wconf 84' lang='lat' dir='ltr'><strong>flammas</strong></span> 
     </span>
    </p>
   </div>
   <div class='ocr_carea' id='block_1_98' title="bbox 652 5136 2239 5216">
    <p class='ocr_par' dir='ltr' id='par_1_98' title="bbox 652 5136 2239 5216">
     <span class='ocr_line' id='line_1_98' title="bbox 652 5136 2239 5216; baseline 0.01 -26"><span class='ocrx_word' id='word_1_676' title='bbox 652 5136 949 5206; x_wconf 84' lang='lat' dir='ltr'><strong>subjicere,</strong></span> <span class='ocrx_word' id='word_1_677' title='bbox 983 5155 1127 5215; x_wconf 62' lang='lat' dir='ltr'><strong>quge,</strong></span> <span class='ocrx_word' id='word_1_678' title='bbox 1162 5145 1554 5199; x_wconf 84' lang='lat' dir='ltr'><strong>corruentibns</strong></span> <span class='ocrx_word' id='word_1_679' title='bbox 1594 5147 1745 5216; x_wconf 86' lang='lat' dir='ltr'><strong>ipsis,</strong></span> <span class='ocrx_word' id='word_1_680' title='bbox 1771 5162 1801 5200; x_wconf 91' lang='lat' dir='ltr'><strong>e</strong></span> <span class='ocrx_word' id='word_1_681' title='bbox 1837 5148 2093 5203; x_wconf 84' lang='lat' dir='ltr'><strong>manibus</strong></span> <span class='ocrx_word' id='word_1_682' title='bbox 2139 5149 2239 5205; x_wconf 87' lang='lat' dir='ltr'><strong>de-</strong></span> 
     </span>
    </p>
   </div>
   <div class='ocr_carea' id='block_1_99' title="bbox 652 5227 2237 5309">
    <p class='ocr_par' dir='ltr' id='par_1_99' title="bbox 652 5227 2237 5309">
     <span class='ocr_line' id='line_1_99' title="bbox 652 5227 2237 5309; baseline 0.009 -27"><span class='ocrx_word' id='word_1_683' title='bbox 652 5227 818 5298; x_wconf 78' lang='lat' dir='ltr'><strong>lapsze</strong></span> <span class='ocrx_word' id='word_1_684' title='bbox 858 5229 1095 5287; x_wconf 88' lang='lat' dir='ltr'><strong>fuerant.</strong></span> <span class='ocrx_word' id='word_1_685' title='bbox 1123 5236 1301 5304; x_wconf 83' lang='lat' dir='ltr'><strong>Atque</strong></span> <span class='ocrx_word' id='word_1_686' title='bbox 1331 5237 1448 5291; x_wconf 67' lang='lat' dir='ltr'><strong>haec</strong></span> <span class='ocrx_word' id='word_1_687' title='bbox 1481 5238 1666 5293; x_wconf 89' lang='lat' dir='ltr'><strong>omnia</strong></span> <span class='ocrx_word' id='word_1_688' title='bbox 1698 5239 1787 5293; x_wconf 87' lang='lat' dir='ltr'><strong>ille</strong></span> <span class='ocrx_word' id='word_1_689' title='bbox 1820 5240 1933 5309; x_wconf 89' lang='lat' dir='ltr'><strong>ipse</strong></span> <span class='ocrx_word' id='word_1_690' title='bbox 1958 5241 2237 5306; x_wconf 89' lang='lat' dir='ltr'><strong>sacerdos,</strong></span> 
     </span>
    </p>
   </div>
   <div class='ocr_carea' id='block_1_100' title="bbox 655 5320 2094 5396">
    <p class='ocr_par' dir='ltr' id='par_1_100' title="bbox 655 5320 2094 5396">
     <span class='ocr_line' id='line_1_100' title="bbox 655 5320 2094 5396; baseline 0.01 -24"><span class='ocrx_word' id='word_1_691' title='bbox 655 5334 782 5373; x_wconf 89' lang='lat' dir='ltr'><strong>cum</strong></span> <span class='ocrx_word' id='word_1_692' title='bbox 809 5320 1008 5377; x_wconf 90' lang='lat' dir='ltr'><strong>deinde</strong></span> <span class='ocrx_word' id='word_1_693' title='bbox 1038 5323 1365 5396; x_wconf 86' lang='lat' dir='ltr'><strong>Symeonem</strong></span> <span class='ocrx_word' id='word_1_694' title='bbox 1399 5329 1686 5393; x_wconf 85' lang='lat' dir='ltr'><strong>inviseret,</strong></span> <span class='ocrx_word' id='word_1_695' title='bbox 1721 5338 1952 5386; x_wconf 86' lang='lat' dir='ltr'><strong>testatus</strong></span> <span class='ocrx_word' id='word_1_696' title='bbox 1991 5343 2094 5387; x_wconf 91' lang='lat' dir='ltr'><strong>est.</strong></span> 
     </span>
    </p>
   </div>
   <div class='ocr_carea' id='block_1_101' title="bbox 727 5501 2238 5582">
    <p class='ocr_par' dir='ltr' id='par_1_101' title="bbox 727 5501 2238 5582">
     <span class='ocr_line' id='line_1_101' title="bbox 727 5501 2238 5582; baseline 0.008 -26"><span class='ocrx_word' id='word_1_697' title='bbox 727 5501 851 5558; x_wconf 74' lang='grc'><strong>155.</strong></span> <span class='ocrx_word' id='word_1_698' title='bbox 892 5503 1011 5559; x_wconf 85' lang='lat' dir='ltr'><strong>Jam</strong></span> <span class='ocrx_word' id='word_1_699' title='bbox 1051 5520 1183 5559; x_wconf 89' lang='lat' dir='ltr'><strong>vero</strong></span> <span class='ocrx_word' id='word_1_700' title='bbox 1223 5505 1291 5561; x_wconf 90' lang='lat' dir='ltr'><strong>ad</strong></span> <span class='ocrx_word' id='word_1_701' title='bbox 1329 5523 1392 5562; x_wconf 87' lang='lat' dir='ltr'><strong>ea</strong></span> <span class='ocrx_word' id='word_1_702' title='bbox 1440 5524 1525 5564; x_wconf 92' lang='lat' dir='ltr'><strong>me</strong></span> <span class='ocrx_word' id='word_1_703' title='bbox 1571 5524 1825 5565; x_wconf 90' lang='lat' dir='ltr'><strong>sermone</strong></span> <span class='ocrx_word' id='word_1_704' title='bbox 1869 5526 2238 5582; x_wconf 79' lang='lat' dir='ltr'><strong>prOgressum,</strong></span> 
     </span>
    </p>
   </div>
   <div class='ocr_carea' id='block_1_102' title="bbox 654 5596 2239 5673">
    <p class='ocr_par' dir='ltr' id='par_1_102' title="bbox 654 5596 2239 5673">
     <span class='ocr_line' id='line_1_102' title="bbox 654 5596 2239 5673; baseline 0.008 -25"><span class='ocrx_word' id='word_1_705' title='bbox 654 5613 776 5659; x_wconf 68' lang='lat' dir='ltr'><strong>qua:</strong></span> <span class='ocrx_word' id='word_1_706' title='bbox 806 5596 874 5653; x_wconf 82' lang='lat' dir='ltr'><strong>ad</strong></span> <span class='ocrx_word' id='word_1_707' title='bbox 932 5597 1182 5653; x_wconf 88' lang='lat' dir='ltr'><strong>divinum</strong></span> <span class='ocrx_word' id='word_1_708' title='bbox 1239 5602 1527 5672; x_wconf 81' lang='lat' dir='ltr'><strong>Symeonis</strong></span> <span class='ocrx_word' id='word_1_709' title='bbox 1575 5603 1946 5659; x_wconf 68' lang='lat' dir='ltr'><strong>sacerdotium</strong></span> <span class='ocrx_word' id='word_1_710' title='bbox 2010 5605 2239 5673; x_wconf 87' lang='lat' dir='ltr'><strong>faciunt,</strong></span> 
     </span>
    </p>
   </div>
   <div class='ocr_carea' id='block_1_103' title="bbox 657 5680 2239 5767">
    <p class='ocr_par' dir='ltr' id='par_1_103' title="bbox 657 5680 2239 5767">
     <span class='ocr_line' id='line_1_103' title="bbox 657 5680 2239 5767; baseline 0.007 -24"><span class='ocrx_word' id='word_1_711' title='bbox 657 5680 803 5746; x_wconf 82' lang='lat' dir='ltr'><strong>unde</strong></span> <span class='ocrx_word' id='word_1_712' title='bbox 849 5698 910 5746; x_wconf 86' lang='lat' dir='ltr'><strong>et</strong></span> <span class='ocrx_word' id='word_1_713' title='bbox 948 5693 1234 5764; x_wconf 90' lang='lat' dir='ltr'><strong>quomodo</strong></span> <span class='ocrx_word' id='word_1_714' title='bbox 1283 5695 1702 5767; x_wconf 88' lang='lat' dir='ltr'><strong>presbyteratus</strong></span> <span class='ocrx_word' id='word_1_715' title='bbox 1736 5712 1953 5752; x_wconf 86' lang='lat' dir='ltr'><strong>sacrum</strong></span> <span class='ocrx_word' id='word_1_716' title='bbox 1991 5698 2239 5754; x_wconf 85' lang='lat' dir='ltr'><strong>ordinem</strong></span> 
     </span>
    </p>
   </div>
   <div class='ocr_carea' id='block_1_104' title="bbox 655 5782 2242 5857">
    <p class='ocr_par' dir='ltr' id='par_1_104' title="bbox 655 5782 2242 5857">
     <span class='ocr_line' id='line_1_104' title="bbox 655 5782 2242 5857; baseline 0.002 -17"><span class='ocrx_word' id='word_1_717' title='bbox 655 5782 982 5850; x_wconf 67' lang='lat' dir='ltr'><strong>susceperit,</strong></span> <span class='ocrx_word' id='word_1_718' title='bbox 1028 5793 1463 5842; x_wconf 84' lang='lat' dir='ltr'><strong>consentaneum</strong></span> <span class='ocrx_word' id='word_1_719' title='bbox 1521 5786 1709 5851; x_wconf 81' lang='lat' dir='ltr'><strong>fuerit,</strong></span> <span class='ocrx_word' id='word_1_720' title='bbox 1766 5797 1891 5857; x_wconf 60' lang='lat' dir='ltr'><strong>apta</strong></span> <span class='ocrx_word' id='word_1_721' title='bbox 1927 5789 2242 5844; x_wconf 75' lang='lat' dir='ltr'><strong>narratione</strong></span> 
     </span>
    </p>
   </div>
   <div class='ocr_carea' id='block_1_105' title="bbox 2340 4587 3914 4659">
    <p class='ocr_par' dir='ltr' id='par_1_105' title="bbox 2340 4587 3914 4659">
     <span class='ocr_line' id='line_1_105' title="bbox 2340 4587 3914 4659; baseline -0.003 -15"><span class='ocrx_word' id='word_1_722' title='bbox 2340 4592 2521 4645; x_wconf 83' lang='grc' dir='ltr'>λαθεῖν</span> <span class='ocrx_word' id='word_1_723' title='bbox 2556 4592 2718 4644; x_wconf 78' lang='grc' dir='ltr'>αὑτὸν</span> <span class='ocrx_word' id='word_1_724' title='bbox 2765 4591 2863 4659; x_wconf 75' lang='grc' dir='ltr'>τὴν</span> <span class='ocrx_word' id='word_1_725' title='bbox 2903 4590 3011 4641; x_wconf 82' lang='grc' dir='ltr'>τῶν</span> <span class='ocrx_word' id='word_1_726' title='bbox 3055 4589 3278 4657; x_wconf 82' lang='grc' dir='ltr'>Περσῶν</span> <span class='ocrx_word' id='word_1_727' title='bbox 3313 4587 3521 4641; x_wconf 84' lang='grc' dir='ltr'>ἐκεῖθεν</span> <span class='ocrx_word' id='word_1_728' title='bbox 3553 4589 3811 4642; x_wconf 72' lang='grc' dir='ltr'>ἐπάνοδον</span> <span class='ocrx_word' id='word_1_729' title='bbox 3849 4590 3914 4657; x_wconf 86' lang='grc' dir='ltr'>(τί</span> 
     </span>
    </p>
   </div>
   <div class='ocr_carea' id='block_1_106' title="bbox 2341 4675 3913 4754">
    <p class='ocr_par' dir='ltr' id='par_1_106' title="bbox 2341 4675 3913 4754">
     <span class='ocr_line' id='line_1_106' title="bbox 2341 4675 3913 4754; baseline -0.003 -17"><span class='ocrx_word' id='word_1_730' title='bbox 2341 4688 2448 4754; x_wconf 72' lang='grc' dir='ltr'><strong>γὰρ</strong></span> <span class='ocrx_word' id='word_1_731' title='bbox 2467 4684 2555 4748; x_wconf 83' lang='grc' dir='ltr'>ἂν,</span> <span class='ocrx_word' id='word_1_732' title='bbox 2586 4685 2742 4752; x_wconf 80' lang='grc' dir='ltr'>φησὶ,</span> <span class='ocrx_word' id='word_1_733' title='bbox 2762 4675 2858 4736; x_wconf 70' lang='grc' dir='ltr'>καὶ</span> <span class='ocrx_word' id='word_1_734' title='bbox 2885 4682 3120 4751; x_wconf 83' lang='grc' dir='ltr'>δρῶντες</span> <span class='ocrx_word' id='word_1_735' title='bbox 3144 4683 3201 4733; x_wconf 87' lang='grc' dir='ltr'><strong>ἐν</strong></span> <span class='ocrx_word' id='word_1_736' title='bbox 3223 4679 3371 4748; x_wconf 62' lang='grc' dir='ltr'>αὐτῷ</span> <span class='ocrx_word' id='word_1_737' title='bbox 3400 4680 3585 4732; x_wconf 69' lang='grc' dir='ltr'>λοιπον</span> <span class='ocrx_word' id='word_1_738' title='bbox 3613 4676 3769 4753; x_wconf 76' lang='grc' dir='ltr'>εἷεν),</span> <span class='ocrx_word' id='word_1_739' title='bbox 3791 4682 3913 4752; x_wconf 74' lang='grc' dir='ltr'>θαρ-</span> 
     </span>
    </p>
   </div>
   <div class='ocr_carea' id='block_1_107' title="bbox 2344 4772 3913 4847">
    <p class='ocr_par' dir='ltr' id='par_1_107' title="bbox 2344 4772 3913 4847">
     <span class='ocr_line' id='line_1_107' title="bbox 2344 4772 3913 4847; baseline -0.003 -19"><span class='ocrx_word' id='word_1_740' title='bbox 2344 4779 2428 4847; x_wconf 80' lang='grc' dir='ltr'><strong>ρεῖ</strong></span> <span class='ocrx_word' id='word_1_741' title='bbox 2454 4776 2552 4846; x_wconf 75' lang='grc' dir='ltr'>τὴν</span> <span class='ocrx_word' id='word_1_742' title='bbox 2588 4775 2822 4827; x_wconf 72' lang='grc' dir='ltr'>εἴσοδονο</span> <span class='ocrx_word' id='word_1_743' title='bbox 2859 4775 2953 4826; x_wconf 73' lang='grc' dir='ltr'><strong>καὶ</strong></span> <span class='ocrx_word' id='word_1_744' title='bbox 2978 4774 3199 4836; x_wconf 83' lang='grc' dir='ltr'>τούτους</span> <span class='ocrx_word' id='word_1_745' title='bbox 3231 4772 3474 4842; x_wconf 80' lang='grc' dir='ltr'>εὑρίσκει</span> <span class='ocrx_word' id='word_1_746' title='bbox 3503 4772 3612 4841; x_wconf 86' lang='grc' dir='ltr'>πρὸ</span> <span class='ocrx_word' id='word_1_747' title='bbox 3644 4773 3746 4842; x_wconf 80' lang='grc' dir='ltr'>τῆς</span> <span class='ocrx_word' id='word_1_748' title='bbox 3779 4774 3913 4833; x_wconf 80' lang='grc' dir='ltr'>θείας</span> 
     </span>
    </p>
   </div>
   <div class='ocr_carea' id='block_1_108' title="bbox 2346 4864 3916 4939">
    <p class='ocr_par' dir='ltr' id='par_1_108' title="bbox 2346 4864 3916 4939">
     <span class='ocr_line' id='line_1_108' title="bbox 2346 4864 3916 4939; baseline -0.006 -16"><span class='ocrx_word' id='word_1_749' title='bbox 2346 4868 2561 4939; x_wconf 76' lang='grc' dir='ltr'>ἐκείνης</span> <span class='ocrx_word' id='word_1_750' title='bbox 2588 4867 2678 4920; x_wconf 87' lang='grc' dir='ltr'><strong>τοῦ</strong></span> <span class='ocrx_word' id='word_1_751' title='bbox 2710 4866 2943 4937; x_wconf 82' lang='grc' dir='ltr'>σταυροῦ</span> <span class='ocrx_word' id='word_1_752' title='bbox 2973 4865 3256 4936; x_wconf 79' lang='grc' dir='ltr'>δυνάμεως</span> <span class='ocrx_word' id='word_1_753' title='bbox 3294 4866 3409 4936; x_wconf 84' lang='grc' dir='ltr'>(σὸς</span> <span class='ocrx_word' id='word_1_754' title='bbox 3446 4868 3475 4917; x_wconf 91' lang='lat'><strong>6</strong></span> <span class='ocrx_word' id='word_1_755' title='bbox 3511 4865 3755 4936; x_wconf 83' lang='grc' dir='ltr'>βραχίων</span> <span class='ocrx_word' id='word_1_756' title='bbox 3793 4864 3916 4933; x_wconf 71' lang='grc' dir='ltr'>μετὰ</span> 
     </span>
    </p>
   </div>
   <div class='ocr_carea' id='block_1_109' title="bbox 2342 4960 3915 5032">
    <p class='ocr_par' dir='ltr' id='par_1_109' title="bbox 2342 4960 3915 5032">
     <span class='ocr_line' id='line_1_109' title="bbox 2342 4960 3915 5032; baseline 0.001 -18"><span class='ocrx_word' id='word_1_757' title='bbox 2342 4962 2662 5024; x_wconf 79' lang='grc' dir='ltr'>δυναστείας</span> <span class='ocrx_word' id='word_1_758' title='bbox 2705 4962 2895 5024; x_wconf 76' lang='grc' dir='ltr'>ὅντως,</span> <span class='ocrx_word' id='word_1_759' title='bbox 2929 4961 3131 5031; x_wconf 86' lang='grc' dir='ltr'>Χριστέ</span> <span class='ocrx_word' id='word_1_760' title='bbox 3165 4960 3433 5032; x_wconf 78' lang='grc' dir='ltr'>βασιλεῦ),</span> <span class='ocrx_word' id='word_1_761' title='bbox 3480 4962 3712 5032; x_wconf 76' lang='grc' dir='ltr'>νεκροὺς</span> <span class='ocrx_word' id='word_1_762' title='bbox 3751 4965 3915 5030; x_wconf 61' lang='grc' dir='ltr'>ἀμφο-</span> 
     </span>
    </p>
   </div>
   <div class='ocr_carea' id='block_1_110' title="bbox 2342 5053 3912 5126">
    <p class='ocr_par' dir='ltr' id='par_1_110' title="bbox 2342 5053 3912 5126">
     <span class='ocr_line' id='line_1_110' title="bbox 2342 5053 3912 5126; baseline -0.001 -17"><span class='ocrx_word' id='word_1_763' title='bbox 2342 5057 2538 5126; x_wconf 81' lang='grc' dir='ltr'>τέρους</span> <span class='ocrx_word' id='word_1_764' title='bbox 2564 5055 2876 5125; x_wconf 81' lang='grc' dir='ltr'>κειμένους,</span> <span class='ocrx_word' id='word_1_765' title='bbox 2899 5055 3180 5124; x_wconf 78' lang='grc' dir='ltr'>λαμπάδες</span> <span class='ocrx_word' id='word_1_766' title='bbox 3205 5071 3265 5106; x_wconf 83' lang='grc' dir='ltr'><strong>τε</strong></span> <span class='ocrx_word' id='word_1_767' title='bbox 3301 5053 3474 5123; x_wconf 78' lang='grc' dir='ltr'>πυρὸς</span> <span class='ocrx_word' id='word_1_768' title='bbox 3502 5056 3912 5123; x_wconf 78' lang='grc' dir='ltr'>παρακείμεναι.</span> 
     </span>
    </p>
   </div>
   <div class='ocr_carea' id='block_1_111' title="bbox 2345 5146 3915 5218">
    <p class='ocr_par' dir='ltr' id='par_1_111' title="bbox 2345 5146 3915 5218">
     <span class='ocr_line' id='line_1_111' title="bbox 2345 5146 3915 5218; baseline -0.004 -16"><span class='ocrx_word' id='word_1_769' title='bbox 2345 5149 2598 5218; x_wconf 80' lang='grc' dir='ltr'>καθάπερ</span> <span class='ocrx_word' id='word_1_770' title='bbox 2638 5149 2694 5199; x_wconf 85' lang='grc' dir='ltr'><strong>ἐν</strong></span> <span class='ocrx_word' id='word_1_771' title='bbox 2727 5147 3032 5217; x_wconf 73' lang='grc' dir='ltr'>ἐπαγγελίᾳ</span> <span class='ocrx_word' id='word_1_772' title='bbox 3075 5147 3171 5200; x_wconf 86' lang='grc' dir='ltr'><strong>τοῦ</strong></span> <span class='ocrx_word' id='word_1_773' title='bbox 3199 5148 3290 5215; x_wconf 85' lang='grc' dir='ltr'>τὸν</span> <span class='ocrx_word' id='word_1_774' title='bbox 3329 5146 3456 5199; x_wconf 83' lang='grc' dir='ltr'>ναὸν</span> <span class='ocrx_word' id='word_1_775' title='bbox 3499 5146 3805 5216; x_wconf 73' lang='grc' dir='ltr'>ἐμπρῆσαί,</span> <span class='ocrx_word' id='word_1_776' title='bbox 3835 5147 3915 5197; x_wconf 75' lang='grc' dir='ltr'>καὶ</span> 
     </span>
    </p>
   </div>
   <div class='ocr_carea' id='block_1_112' title="bbox 2344 5238 3916 5312">
    <p class='ocr_par' dir='ltr' id='par_1_112' title="bbox 2344 5238 3916 5312">
     <span class='ocr_line' id='line_1_112' title="bbox 2344 5238 3916 5312; baseline -0.002 -19"><span class='ocrx_word' id='word_1_777' title='bbox 2344 5240 2452 5293; x_wconf 85' lang='grc' dir='ltr'>τῶν</span> <span class='ocrx_word' id='word_1_778' title='bbox 2482 5238 2678 5310; x_wconf 78' lang='grc' dir='ltr'>χειρῶν</span> <span class='ocrx_word' id='word_1_779' title='bbox 2723 5240 2980 5293; x_wconf 82' lang='grc' dir='ltr'>πεσοῦσιν</span> <span class='ocrx_word' id='word_1_780' title='bbox 3021 5241 3206 5302; x_wconf 77' lang='grc' dir='ltr'>αὐτοῖς</span> <span class='ocrx_word' id='word_1_781' title='bbox 3233 5239 3702 5312; x_wconf 76' lang='grc' dir='ltr'>καταρῤεύσασαι,</span> <span class='ocrx_word' id='word_1_782' title='bbox 3732 5239 3804 5301; x_wconf 78' lang='grc' dir='ltr'>ὡς</span> <span class='ocrx_word' id='word_1_783' title='bbox 3835 5240 3916 5290; x_wconf 79' lang='grc' dir='ltr'>αύ-</span> 
     </span>
    </p>
   </div>
   <div class='ocr_carea' id='block_1_113' title="bbox 2343 5329 3915 5401">
    <p class='ocr_par' dir='ltr' id='par_1_113' title="bbox 2343 5329 3915 5401">
     <span class='ocr_line' id='line_1_113' title="bbox 2343 5329 3915 5401; baseline 0 -19"><span class='ocrx_word' id='word_1_784' title='bbox 2343 5330 2432 5392; x_wconf 77' lang='grc' dir='ltr'><strong>τδς</strong></span> <span class='ocrx_word' id='word_1_785' title='bbox 2453 5332 2657 5390; x_wconf 76' lang='grc' dir='ltr'>ἐκεῖνος</span> <span class='ocrx_word' id='word_1_786' title='bbox 2683 5330 2821 5399; x_wconf 77' lang='grc' dir='ltr'>μετά</span> <span class='ocrx_word' id='word_1_787' title='bbox 2842 5330 3014 5383; x_wconf 83' lang='grc' dir='ltr'>ταῦτα</span> <span class='ocrx_word' id='word_1_788' title='bbox 3034 5330 3184 5401; x_wconf 85' lang='grc' dir='ltr'>παρὰ</span> <span class='ocrx_word' id='word_1_789' title='bbox 3204 5330 3295 5382; x_wconf 64' lang='grc' dir='ltr'><strong>τὸν</strong></span> <span class='ocrx_word' id='word_1_790' title='bbox 3326 5330 3481 5398; x_wconf 75' lang='grc' dir='ltr'>ἅγιον</span> <span class='ocrx_word' id='word_1_791' title='bbox 3517 5329 3689 5382; x_wconf 76' lang='grc' dir='ltr'>ἐλθὼν</span> <span class='ocrx_word' id='word_1_792' title='bbox 3711 5333 3736 5382; x_wconf 81' lang='grc' dir='ltr'><strong>ό</strong></span> <span class='ocrx_word' id='word_1_793' title='bbox 3755 5332 3915 5398; x_wconf 62' lang='grc' dir='ltr'>ἱερεὺς</span> 
     </span>
    </p>
   </div>
   <div class='ocr_carea' id='block_1_114' title="bbox 2345 5420 2609 5490">
    <p class='ocr_par' dir='ltr' id='par_1_114' title="bbox 2345 5420 2609 5490">
     <span class='ocr_line' id='line_1_114' title="bbox 2345 5420 2609 5490; baseline 0 -16"><span class='ocrx_word' id='word_1_794' title='bbox 2345 5420 2609 5490; x_wconf 77' lang='grc' dir='ltr'>ἐξηγεῖτο.</span> 
     </span>
    </p>
   </div>
   <div class='ocr_carea' id='block_1_115' title="bbox 2420 5504 3915 5583">
    <p class='ocr_par' dir='ltr' id='par_1_115' title="bbox 2420 5504 3915 5583">
     <span class='ocr_line' id='line_1_115' title="bbox 2420 5504 3915 5583; baseline 0 -19"><span class='ocrx_word' id='word_1_795' title='bbox 2420 5519 2554 5582; x_wconf 79' lang='grc' dir='ltr'>ρνγ’.</span> <span class='ocrx_word' id='word_1_796' title='bbox 2598 5511 2740 5565; x_wconf 64' lang='grc' dir='ltr'><strong>Ἀλλ’</strong></span> <span class='ocrx_word' id='word_1_797' title='bbox 2766 5504 2867 5565; x_wconf 72' lang='grc' dir='ltr'>ὧδέ</span> <span class='ocrx_word' id='word_1_798' title='bbox 2909 5530 2975 5583; x_wconf 90' lang='grc' dir='ltr'><strong>με</strong></span> <span class='ocrx_word' id='word_1_799' title='bbox 3005 5512 3098 5566; x_wconf 89' lang='grc' dir='ltr'><strong>τοῦ</strong></span> <span class='ocrx_word' id='word_1_800' title='bbox 3132 5512 3294 5582; x_wconf 65' lang='grc' dir='ltr'>λόγου</span> <span class='ocrx_word' id='word_1_801' title='bbox 3338 5514 3652 5583; x_wconf 76' lang='grc' dir='ltr'>γενόμενον,</span> <span class='ocrx_word' id='word_1_802' title='bbox 3692 5513 3762 5566; x_wconf 74' lang='grc' dir='ltr'>τὰ</span> <span class='ocrx_word' id='word_1_803' title='bbox 3807 5512 3915 5580; x_wconf 73' lang='grc' dir='ltr'>περὶ</span> 
     </span>
    </p>
   </div>
   <div class='ocr_carea' id='block_1_116' title="bbox 2351 5603 3915 5678">
    <p class='ocr_par' dir='ltr' id='par_1_116' title="bbox 2351 5603 3915 5678">
     <span class='ocr_line' id='line_1_116' title="bbox 2351 5603 3915 5678; baseline -0.003 -20"><span class='ocrx_word' id='word_1_804' title='bbox 2351 5605 2442 5673; x_wconf 72' lang='grc' dir='ltr'>τῆς</span> <span class='ocrx_word' id='word_1_805' title='bbox 2469 5604 2618 5667; x_wconf 83' lang='grc' dir='ltr'>θείας</span> <span class='ocrx_word' id='word_1_806' title='bbox 2667 5603 2762 5657; x_wconf 88' lang='grc' dir='ltr'><strong>τοῦ</strong></span> <span class='ocrx_word' id='word_1_807' title='bbox 2796 5604 2940 5657; x_wconf 85' lang='grc' dir='ltr'>θείου</span> <span class='ocrx_word' id='word_1_808' title='bbox 2975 5606 3195 5671; x_wconf 82' lang='grc' dir='ltr'>Συμεὼν</span> <span class='ocrx_word' id='word_1_809' title='bbox 3236 5606 3556 5678; x_wconf 72' lang='grc' dir='ltr'>ἱερωσύνης,</span> <span class='ocrx_word' id='word_1_810' title='bbox 3583 5607 3709 5660; x_wconf 78' lang='grc' dir='ltr'>ὅθεν</span> <span class='ocrx_word' id='word_1_811' title='bbox 3741 5623 3800 5659; x_wconf 77' lang='grc' dir='ltr'><strong>τε</strong></span> <span class='ocrx_word' id='word_1_812' title='bbox 3834 5605 3915 5675; x_wconf 71' lang='grc' dir='ltr'>τὴν</span> 
     </span>
    </p>
   </div>
   <div class='ocr_carea' id='block_1_117' title="bbox 2346 5695 3912 5768">
    <p class='ocr_par' dir='ltr' id='par_1_117' title="bbox 2346 5695 3912 5768">
     <span class='ocr_line' id='line_1_117' title="bbox 2346 5695 3912 5768; baseline 0.001 -19"><span class='ocrx_word' id='word_1_813' title='bbox 2346 5695 2441 5750; x_wconf 90' lang='grc' dir='ltr'><strong>τοῦ</strong></span> <span class='ocrx_word' id='word_1_814' title='bbox 2502 5696 2877 5768; x_wconf 75' lang='grc' dir='ltr'>πρεσϐυτέρου</span> <span class='ocrx_word' id='word_1_815' title='bbox 2932 5696 3267 5766; x_wconf 81' lang='grc' dir='ltr'>χειροτονίαν</span> <span class='ocrx_word' id='word_1_816' title='bbox 3319 5696 3562 5760; x_wconf 77' lang='grc' dir='ltr'>ἐδέξατο,</span> <span class='ocrx_word' id='word_1_817' title='bbox 3613 5696 3709 5750; x_wconf 67' lang='grc' dir='ltr'>καὶ</span> <span class='ocrx_word' id='word_1_818' title='bbox 3762 5697 3912 5757; x_wconf 77' lang='grc' dir='ltr'>ὅπως.</span> 
     </span>
    </p>
   </div>
   <div class='ocr_carea' id='block_1_118' title="bbox 2348 5787 3914 5863">
    <p class='ocr_par' dir='ltr' id='par_1_118' title="bbox 2348 5787 3914 5863">
     <span class='ocr_line' id='line_1_118' title="bbox 2348 5787 3914 5863; baseline 0 -23"><span class='ocrx_word' id='word_1_819' title='bbox 2348 5788 2640 5842; x_wconf 77' lang='grc' dir='ltr'>ἀκόλουθον</span> <span class='ocrx_word' id='word_1_820' title='bbox 2680 5788 2742 5841; x_wconf 71' lang='grc' dir='ltr'>ἂν</span> <span class='ocrx_word' id='word_1_821' title='bbox 2777 5788 2860 5858; x_wconf 70' lang='grc' dir='ltr'>εἴη</span> <span class='ocrx_word' id='word_1_822' title='bbox 2905 5788 3194 5844; x_wconf 65' lang='grc' dir='ltr'>διαλαϐεῖν.</span> <span class='ocrx_word' id='word_1_823' title='bbox 3233 5791 3318 5852; x_wconf 83' lang='grc' dir='ltr'>Ὠς</span> <span class='ocrx_word' id='word_1_824' title='bbox 3370 5790 3477 5859; x_wconf 65' lang='grc' dir='ltr'>γὰρ</span> <span class='ocrx_word' id='word_1_825' title='bbox 3533 5789 3566 5860; x_wconf 71' lang='grc' dir='ltr'>ἦ</span> <span class='ocrx_word' id='word_1_826' title='bbox 3823 5787 3914 5841; x_wconf 75' lang='grc' dir='ltr'>τῶν</span> 
     </span>
    </p>
   </div>
  </div>
