4092 6480
555 372 690 434 3131

1780 375 1842 434 S.
1887 374 2264 434 SYMEONIS
2295 375 2651 436 JUNlOR‘iS

3709 375 3840 444 3m

559 476 838 534 revocavit
868 475 1112 531 animum
1139 486 1366 533 sanctus
1385 478 1451 532 ad
1475 480 1745 535 visionem
1780 481 1954 544 illam,
1976 498 2139 550 quam

2261 483 2507 554 Ξυμεὼν,
2540 486 2607 554 ἣν
2659 484 2784 551 χθὲς
2833 484 3162 558 καὶ,πρὼην
3211 490 3342 558 περὶ
3396 489 3564 545 αὑτοῦ
3609 493 3840 564 ἑωράκει

556 574 730 642 pridie
765 587 830 626 ac
862 571 1078 640 pridem
1117 571 1221 626 hac
1245 587 1414 642 super
1457 591 1517 628 re
1545 587 1937 646 conspexerat;
1975 593 2140 648 quam

556 665 766 720 scilicet
835 679 1098 734 expresse
1185 680 1316 720 cum
1385 667 1483 720 illa
1534 669 1962 732 concordarent,
2017 686 2141 739 quae

559 758 718 809 modo
749 755 992 822 ﬁebant;
1019 772 1295 826 quamque
1316 756 1579 812 distincte
1633 775 1781 814 nunc
1812 762 1965 814 exitu
1993 774 2144 815 com-

554 863 698 917 pieta
733 859 1009 908 cerneret.
1035 863 1156 916 quae
1182 849 1342 917 prius
1368 859 1585 904 secreto
1609 859 1775 920 atque
1813 853 2031 907 occulte
2053 868 2144 907 re-

558 947 888 1004 praesentata
943 938 1205 990 fuerant:
1272 938 1475 994 deinde
1522 941 1689 994 etiam
1736 942 1937 997 divinat
1992 943 2144 998 illius

552 1028 727 1089 vocis,
760 1041 880 1096 qua:
901 1026 1134 1081 auribus
1157 1027 1502 1091 insonuerat,
1530 1029 1894 1094 recordatus;
1928 1039 2145 1097 etquo-

557 1113 722 1166 modo
753 1129 936 1168 coram
964 1130 1022 1169 se
1056 1116 1286 1192 haberet
1320 1116 1667 1185 episcopum,
1698 1119 1864 1171 etiam
1901 1118 1967 1172 ad
2029 1120 2141 1172 vim

555 1197 863 1259 faciendam
887 1220 1159 1275 paratum,
1188 1207 1579 1276 dicentemque
1613 1209 1760 1277 quod
1789 1225 1938 1272 eum,
1975 1209 2142 1279 quid-

554 1298 690 1365 quid
726 1299 946 1353 dcmum
997 1299 1155 1353 ﬁeret
1186 1340 1199 1364 ,
1246 1315 1358 1354 non
1407 1311 1553 1354 esset
1597 1300 1958 1367 dimissurus;
2027 1317 2143 1356 rem

561 1391 1153 1459 beneplaciti(utvere
1175 1394 1317 1456 erat)
1354 1391 1529 1446 divini
1579 1408 1701 1447 esse
1756 1393 2140 1456 considerans,

556 1481 819 1534 incurvat
849 1483 942 1536 ille
963 1482 1188 1550 quidem
1222 1483 1428 1537 collum
1455 1486 1624 1538 etiam
1658 1487 1895 1553 invitus;
1926 1487 2144 1556 episco-

553 1588 659 1640 pus
716 1589 866 1640 vero,
911 1575 1171 1629 manibus
1193 1577 1363 1645 capiti
1428 1577 1684 1647 religiose
1737 1578 2036 1633 admodum
2087 1589 2147 1634 et

554 1663 958 1733 circumspecte
985 1666 1278 1734 impositis,
1315 1667 1429 1722 dici
1456 1669 1647 1721 solitas
1680 1669 1961 1722 orationes
2011 1685 2144 1738 per-

553 1752 742 1817 solvit;
778 1755 1142 1825 suaviumque
1169 1756 1535 1828 lacrymarum
1564 1757 1740 1812 imbre
1795 1759 1942 1812 inter
2004 1775 2138 1827 pre-

2249 582 2398 644 ὃπως
2431 598 2488 633 τε
2523 581 2815 650 σύμφωνον
2855 582 2993 651 αὐτῇ
3030 581 3089 634 τὸ
3120 585 3516 652 γεγενημένον.
3540 585 3639 638 καὶ
3692 587 3838 649 ὅπως

2250 671 2386 743 ὅπερ
2425 670 2607 740 ἐκείνη
2634 671 2950 742 παρέδειξεν
2980 672 3129 742 αύτῷ
3160 675 3410 744 κρυφίως
3441 676 3541 728 καὶ
3590 677 3839 748 ἀπορρή-

2252 779 2384 825 τως,
2412 761 2574 815 τοῦτο
2602 762 2783 815 τοίνυν
2816 764 2912 817 ἐπὶ
2940 764 3034 817 τοῦ
3065 764 3396 834 πράγματος
3427 768 3530 819 ἴδοι
3565 784 3579 797 ·
3638 769 3825 820 ἔπειτα

2254 853 2436 923 μέντοι
2467 854 2564 906 καὶ
2600 855 2697 923 τῆς
2725 855 2876 917 θείας
2898 856 3082 923 φωνῆς
3108 855 3323 925 ἐκείνης
3370 857 3472 925 τῆς
3519 861 3654 927 πρὸς
3683 860 3842 912 αὑτὸν

2250 945 2678 1021 ἀν[εν]εχθείσης
2729 947 3126 1016 ἐπιμνησθεὶς,
3185 947 3260 1010 ὡς
3334 949 3472 1019 πρὸς
3601 950 3838 1020 ἀνάγκης

2252 1039 2403 1109 αὐτῷ
2443 1039 2790 1092 καταστάντα
2818 1041 2915 1092 καὶ
2945 1039 3034 1092 τὸν
3069 1039 3367 1092 ἐπίσκοπον
3415 1038 3563 1109 εἶχε,
3601 1043 3696 1092 καὶ
3733 1041 3842 1094 οὐδ’

2252 1130 2320 1181 ἂν
2368 1128 2470 1181 εἴτι
2510 1129 2606 1181 καὶ
2656 1129 2865 1196 γένοιτο
2933 1128 3197 1200 μεθήσειν
3281 1132 3542 1198 λέγοντα,
3594 1131 3839 1194 εὐδοκίας

2257 1217 2309 1286 (ὃ
2338 1217 2435 1270 καὶ
2474 1217 2661 1286 σαφῶς
2683 1215 2776 1288 ἦν)
2814 1219 2916 1289 τῆς
2953 1220 3161 1274 ἄνωθεν
3191 1223 3455 1292 ἄντικρυς
3491 1224 3554 1273 τὸ
3611 1225 3838 1291 πρᾶγμα

2252 1310 2623 1378 κατανοήσας,
2640 1308 2810 1362 κλίνει
2834 1310 2933 1379 μὲν
2954 1311 3044 1364 τὸν
3070 1312 3272 1380 αὐχένα
3301 1313 3393 1365 καὶ
3420 1314 3588 1364 ἄκωνο
3611 1316 3638 1364 ὁ
3663 1313 3720 1365 δὲ
3749 1315 3838 1382 τὴν

2257 1401 2418 1468 χεῖρα
2445 1401 2510 1468 τῇ
2524 1399 2751 1468 ,κεφαλῇ
2785 1399 3014 1463 ἐπιθεὶς,
3046 1401 3292 1463 εὐλαϐῶς
3321 1403 3520 1470 κομιδῇ
3552 1399 3839 1468 καῖπεφυ-

2251 1490 2647 1559 λαγμένωςτάς
2659 1508 2716 1543 τε
2743 1491 2993 1561 συνήθεις
3015 1492 3182 1561 εὐχὰς
3201 1492 3467 1554 ἐπειπὼν,
3492 1494 3584 1545 καὶ
3611 1493 3840 1562 δάκρυον

2251 1580 2350 1650 ἡδὺ
2379 1579 2488 1632 τῶν
2519 1579 2697 1650 εὐχῶν
2724 1581 3015 1650 καταχέας,
3057 1581 3119 1633 τὸ
3145 1581 3327 1651 ψυχῆς
3351 1582 3496 1635 θεῖόν
3524 1599 3577 1633 τι
3606 1582 3840 1652 πασχού-

2254 1684 2354 1736 σης
2385 1668 2612 1738 ἐναργὲς
2643 1667 2934 1738 σύμϐολον,
2964 1668 3116 1738 {cpta
3141 1669 3358 1736 τελειοῖ,
3395 1672 3568 1742 τρίτῳ
3598 1672 3698 1740 τῆς
3729 1670 3842 1742 ἠλι-

2255 1758 2386 1822 κίας
2414 1759 2510 1812 επὶ
2539 1759 2834 1829 τριάκοντα
2869 1760 3001 1814 ἔτει.

553 1845 788 1900 candum
818 1846 1118 1916 perfusus,
1155 1850 1340 1906 anima
1399 1853 1589 1905 nescio
1640 1851 1786 1920 quod
1821 1850 2022 1906 divinas
2045 1853 2267 1907 virtutis
2341 1852 2609 1907 indicium
2692 1851 2966 1906 sentiente
2999 1892 3015 1917 ,
3070 1850 3414 1908 sacerdotem
3474 1855 3841 1916 consecravit,

554 1938 718 1993 tertio
753 1948 810 1994 et
839 1942 1124 1997 tricesimo
1153 1944 1334 1996 astatis
1364 1959 1534 1998 anno.

626 2077 748 2132 £56.
780 2078 910 2132 Post
944 2078 1058 2133 haec
1091 2079 1405 2149 episcopus,
1449 2079 1597 2135 dicta
1629 2089 1965 2151 acceptaque
1994 2081 2145 2135 salu-

2327 2080 2470 2154 ρνς⁹.
2513 2083 2572 2136 '0
2601 2083 2698 2153 μὲν
2725 2077 2819 2137 οὖν
2843 2083 3070 2154 είρῆνην
3091 2081 3216 2147 δοὺς
3246 2083 3280 2155 ἢ
3310 2083 3409 2138 καὶ
3432 2083 3620 2138 λαϐὼν
3647 2086 3849 2156 ἀνεχώ-

556 2178 634 2235 te,
666 2171 984 2235 revertitur,
1022 2171 1183 2226 laetus
1211 2172 1360 2241 quod
1399 2188 1596 2227 manus
1621 2189 1750 2227 suas
1798 2172 1854 2227 in
1898 2172 1988 2226 tali
2021 2186 2148 2229 vase

555 2262 941 2317 consecrando
1005 2262 1240 2330 Spiritui
1310 2273 1502 2317 sancto
1562 2263 1999 2318 commodasset:
2047 2263 2150 2334 Sy-

555 2352 739 2406 meoni
797 2365 932 2405 vero
979 2360 1342 2405 accesserunt
1399 2352 1680 2421 discipuli,
1737 2361 2029 2421 rogantes.
2090 2358 2151 2406 ut

555 2440 872 2494 divinorum
904 2441 1294 2511 mysteriorum
1335 2442 1608 2511 primitias
1643 2441 1896 2496 oﬂ'erret.
1935 2442 2140 2495 Verum

557 2528 648 2584 ille
677 2529 987 2599 profectum
1014 2540 1176 2585 suum
1212 2530 1269 2585 in
1315 2542 1509 2588 sancto
1540 2532 1750 2601 Spiritu
1784 2533 2152 2588 constitutum

556 2619 799 2685 habens,
842 2621 1007 2674 anxio
1052 2629 1172 2674 erat
1220 2623 1442 2687 animo,
1505 2623 1760 2692 exemplo
1815 2622 2152 2678 ferventium

557 2719 889 2772 amatorum,
922 2711 1206 2780 quomodo
1228 2710 1566 2772 sacriﬁcium
1607 2713 1722 2767 Deo
1773 2728 1876 2767 suo
1906 2714 2155 2782 gratissi-

558 2816 710 2856 mum
741 2801 988 2866 oii‘erret,
1026 2818 1090 2857 ac
1112 2805 1306 2874 majori
1337 2803 1491 2858 illum
1546 2803 1793 2859 alliceret
1845 2805 2159 2875 voluptate;

556 2892 812 2962 viditque
872 2909 975 2963 per
1031 2897 1436 2964 apparitionem
1490 2913 1548 2952 se
1599 2898 1779 2967 ipsum
1840 2898 2156 2954 istiusmodi

557 2984 841 3040 oblatione
889 3001 1102 3041 sacram
1164 2988 1447 3060 liturgiam
1505 2989 1931 3058 perﬁcientem;
1983 2999 2150 3059 atque

559 3080 884 3150 angelorum
911 3091 1238 3136 sanctorum
1269 3082 1554 3149 c'ohortes,
1578 3083 1834 3139 vestibus
1863 3083 1990 3139 nive
2023 3071 2155 3138 can-

2255 2190 2412 2244 ρησε,
2443 2172 2649 2243 χαίρων
2677 2177 2761 2231 ὅτι
2807 2171 2908 2236 τὰς
2936 2174 3124 2243 χεῖρας
3154 2172 3247 2225 ἐπὶ
3281 2173 3509 2245 τοιούτῳ
3553 2173 3737 2228 σκεύει
3773 2175 3848 2244 τῷ

2253 2263 2537 2334 Πνεύματι
2567 2263 2827 2333 χρήσειεν
2850 2281 2862 2295 ο
2888 2263 2967 2333 τῷ
2993 2263 3050 2317 δὲ
3080 2263 3303 2334 Συμεὼν
3327 2266 3376 2318 οἱ
3406 2265 3652 2336 μαθηταὶ
3684 2283 3848 2338 προσ.

2254 2355 2524 2421 ελθόντες,
2572 2356 2757 2425 ἠξίουν
2789 2356 2890 2427 τὴν
2935 2355 3086 2409 θείαν
3124 2356 3286 2410 αὑτὸν
3332 2356 3648 2410 ἐπιτελέσαι
3682 2375 3848 2427 μυστ-

2256 2446 2519 2514 αγωγίαν,
2562 2445 2620 2498 '0
2653 2445 2711 2497 δὲ
2738 2443 2840 2515 τὴν
2884 2444 3258 2514 προσκομιᾶὴν
3291 2440 3350 2498 ιν
3389 2444 3672 2516 Πνεύματι
3711 2446 3849 2516 ἁγίῳ

2257 2537 2549 2603 συντάξας,
2580 2535 2792 2605 ἠγωνία
2819 2534 2963 2588 κατά
2992 2535 3119 2597 τοὺς
3150 2535 3389 2606 θερμοὺς
3430 2537 3540 2591 τῶν
3573 2539 3846 2609 ἐραστῶν,

2256 2630 2406 2692 ὅπως
2443 2630 2508 2683 ἂν
2536 2628 2614 2698 τῷ
2653 2627 2973 2698 ποθουμένῳ
3009 2627 3129 2698 Θεῷ
3160 2628 3543 2699 προσενέγκαι,
3571 2630 3668 2684 καὶ
3705 2629 3852 2701 αὐτῷ

2262 2720 2462 2791 μᾶλλον
2485 2720 2736 2791 ἡδυνθείη
2762 2720 2828 2773 τὰ
2849 2719 2950 2788 τῆς
2980 2718 3194 2784 θυσίας.
3226 2721 3336 2773 Καὶ
3360 2723 3464 2792 ὁρᾷ
3491 2723 3548 2774 ὲν
3577 2719 3852 2774 ἀποκαλύ-

2257 2813 2350 2884 ψει
2382 2813 2576 2866 ἑαυτὸν
2612 2813 2711 2882 μὲν
2738 2813 2839 2881 τὴν
2861 2811 3013 2864 θείαν
3043 2811 3131 2864 διὰ
3159 2811 3259 2882 τῆς
3285 2813 3546 2881 τοιαύτης
3575 2812 3850 2881 ἀναφορᾶς

2259 2905 2606 2973 λειτουργίαν
2644 2903 3018 2967 ἐπιτελοῦντα,
3051 2901 3309 2972 τάγματα
3351 2903 3408 2956 δὲ
3451 2903 3626 2970 ἁγίων
3681 2903 3848 2969 am-

2260 2997 2369 3050 λων
2400 2997 2576 3064 χιόνος
2610 2995 2910 3066 λευκότερα
2954 2994 3056 3057 τὰς
3081 2993 3373 3058 ἀναϐολὰς,
3409 2994 3516 3065 πρὸ
3556 2993 3660 3062 τῆς
3686 2993 3848 3047 αὐτοῦ

2264 3089 2512 3150 στάσεως
2553 3086 2786 3152 ἑστῶτα,
2817 3086 2908 3139 καί
2959 3102 3066 3138 τινι
3125 3085 3341 3153 κινήσει
3397 3083 3598 3154 χειρῶν
3640 3083 3852 3155 ἐξαισία

558 3171 876 3226 didioribus
916 3175 1274 3238 amictorum,
1309 3175 1576 3228 stantium
1635 3184 1763 3229 ante
1814 3175 2151 3241 columnam,

2261 3173 2366 3232 οἷον
2402 3177 2854 3246 ἐπευφημοῦντα.
2884 3176 3104 3229 κάκεῖνο
3128 3176 3625 3248 προσεπιλέγοντα·
3673 3176 3742 3228 Et
3771 3192 3849 3238 τις

559 3272 617 3319 et
639 3265 885 3320 motione
927 3265 1165 3335 Quadam
1200 3281 1464 3320 manuum
1499 3268 1765 3321 inusitata
1788 3267 1959 3322 veluti
2012 3268 2155 3325 bene

559 3355 926 3425 precantium,
956 3370 1020 3408 ac
1061 3354 1154 3409 tali
1180 3355 1637 3411 concludentium
1689 3358 1834 3412 dicta
1887 3360 2106 3430 epilogo
2139 3375 2154 3413 :

561 3445 620 3500 Si
661 3446 786 3515 quis
837 3445 969 3500 huic
1016 3445 1144 3501 ﬁdei
1210 3447 1546 3503 confessioni
1598 3464 1711 3503 non
1752 3453 2152 3517 communicat,

561 3537 855 3592 anathema
904 3537 1000 3593 sit.
1035 3537 1176 3592 Tum
1241 3537 1383 3592 vidit
1436 3538 1611 3593 Deum
1666 3555 1908 3610 quoque,
1942 3542 2151 3596 caelesti

562 3628 720 3698 signo
751 3628 1070 3698 angelorum
1103 3643 1272 3682 voces
1316 3631 1800 3699 comprobantem,
1859 3647 1922 3686 ac
1976 3633 2154 3702 sigillo

563 3717 721 3786 quasi
757 3733 859 3772 suo
886 3718 1256 3771 munientem.
1283 3717 1474 3788 itaque
1514 3729 1806 3791 postquam
1848 3722 1976 3793 talia
2010 3724 2157 3776 circa

564 3810 815 3863 divinum
875 3809 1211 3864 sacriﬁcium
1265 3811 1518 3875 edoctus,
1571 3808 1993 3869 testiﬁcationes
2046 3823 2156 3868 tam

565 3908 768 3962 certas,
794 3907 903 3953 tam
936 3899 1168 3962 solidas.
1199 3909 1308 3955 tam
1352 3902 1702 3972 perspicuas,
1747 3913 1804 3958 et
1836 3905 2063 3975 quibus,
2114 3905 2161 3959 si

565 3991 641 4045 ita
671 3990 782 4054 vis,
815 3991 1122 4046 contradici
1155 3992 1237 4047 nil
1256 4001 1459 4063 potest,
1485 3995 1825 4064 accepisset,
1863 3997 2165 4066 promptis—

567 4083 706 4138 sima
741 4083 1009 4153 deinceps
1040 4091 1098 4139 et
1126 4084 1315 4156 lingua
1366 4093 1425 4141 et
1476 4087 1678 4157 spiritu
1739 4088 1874 4143 illud
1930 4090 2157 4145 obtulit.

565 4174 680 4233 Nos
706 4192 840 4233 vero
867 4187 1065 4234 caetera
1093 4177 1199 4234 viri
1231 4179 1498 4234 miracula
1533 4196 1960 4253 prosequamur.

2262 3271 2329 3340 τῇ
2359 3269 2622 3338 ὁμολογίᾳ
2644 3269 2818 3339 ταύτῃ
2840 3268 2937 3334 τῆς
2963 3265 3199 3330 πίστεως
3221 3265 3284 3318 οὐ
3316 3267 3584 3324 κοινωνεῖ,
3606 3265 3848 3334 ἀνάθεμα

2262 3361 2431 3414 ἔστω·
2471 3359 2601 3429 ἑξῆς
2638 3358 2694 3412 δὲ
2740 3359 2834 3410 καὶ
2879 3357 3012 3409 Θεὸν
3043 3355 3251 3409 ἄνωθεν
3297 3355 3714 3420 ὲπευδοκοῦντα,
3761 3357 3851 3408 καὶ

2261 3453 2361 3517 τὰς
2389 3452 2572 3521 φωνὰς
2600 3449 2792 3521 ὥσπερ
2825 3448 3311 3521 ὲπισφραγίζοντα.
3352 3447 3411 3501 Ὀ
3438 3447 3536 3516 μὲν
3567 3442 3662 3500 οὖν
3684 3445 3852 3500 ταῦτα

2265 3544 2500 3616 μυηθεὶς
2529 3545 2660 3612 περὶ
2684 3540 2787 3609 τῆς
2823 3539 2976 3602 θείας
3012 3539 3422 3610 μυσταγωγίας,
3461 3538 3558 3590 καὶ
3600 3536 3852 3598 τοιαύτας

2264 3636 2641 3707 πληροφορίας
2669 3633 2876 3700 λαϐὼν,
2911 3636 3004 3686 καὶ
3029 3631 3201 3694 οὕτως
3232 3631 3496 3699 ἀσφαλεῖς
3518 3630 3616 3682 καὶ
3636 3628 3852 3697 βεϐαίας

2259 3731 2293 3800 ἢ
2328 3728 2588 3797 λαμπρὰς
2620 3726 2713 3780 καὶ
2729 3721 3172 3790 ἀναπιρῤήτους,
3191 3724 3240 3776 εί
3259 3721 3462 3792 βούλει,
3497 3721 3765 3790 προθύμῳ
3795 3719 3856 3772 τδ

2261 3820 2450 3875 λοιπὸν
2475 3818 2644 3890 αὐτὴν
2664 3817 2910 3870 ἐπετέλει
2931 3817 3026 3869 καὶ
3047 3815 3265 3887 γλώττῃ
3286 3815 3385 3867 καὶ
3405 3813 3678 3882 πνεύματι
3695 3829 3708 3842 ·
3726 3813 3852 3881 ἡμῖν

2264 3913 2322 3967 δὲ
2352 3913 2444 3966 καὶ
2474 3912 2539 3964 τὰ
2567 3911 2705 3980 πρὸς
2736 3909 2805 3963 τὰ
2833 3908 2961 3978 ἑξῆς
2984 3908 3012 3960 ό
3033 3906 3190 3975 λόγος
3223 3905 3489 3977 βαδιεῖται
3511 3905 3621 3958 τῶν
3643 3901 3736 3957 τοῦ
3767 3903 3858 3956 ἁν-

2268 4006 2392 4076 δρὸς
2424 4003 2763 4073 θαυμασίων.

2067 4365 2292 4422 CAPUT
2322 4362 2441 4418 XX.

1243 4473 1477 4542 Bacillo,
1509 4476 1684 4532 verbo.
1725 4494 1869 4546 aqua
1899 4494 2179 4540 manuum,
2221 4478 2376 4532 varia
2409 4481 2612 4546 patrat.
2659 4471 2926 4526 [artuum
2963 4467 3204 4522 suscitat.

646 4588 769 4644 157.
810 4587 905 4642 Vir
934 4587 1181 4656 quidam,
1217 4589 1439 4644 natione
1462 4588 1608 4653 lber,
1633 4604 1733 4660 per
1752 4589 1969 4646 calores
1999 4599 2154 4647 testa-

2344 4589 2477 4662 va‘.
2523 4587 2688 4656 ’Δνήρ
2718 4601 2802 4648 τις
2827 4583 2987 4653 Ἴϐηρ
3007 4581 3067 4634 τὸ
3094 4580 3272 4649 γένος,
3290 4579 3350 4633 ιν
3375 4579 3530 4649 ἅκμῇ
3559 4579 3751 4652 θέρους
3770 4581 3860 4634 ἐπί

569 4680 645 4736 tis
674 4679 729 4733 in
761 4693 885 4733 area
939 4677 1178 4748 quadam
1225 4692 1478 4732 somnum
1513 4679 1767 4750 capiebat
1797 4678 1930 4734 vino
1976 4690 2163 4751 potus,

572 4768 1041 4842 quemadmodum
1071 4769 1311 4824 ebriosis
1377 4770 1518 4824 solet
1579 4770 1872 4836 accidere,
2002 4771 2169 4842 idque

573 4861 761 4916 hiante
790 4875 884 4914 ore
907 4877 920 4913 ι
946 4874 1072 4913 cum
1098 4858 1374 4930 adrepcns
1397 4860 1648 4923 coluber,
1681 4869 1951 4931 percepto
1974 4862 2167 4928 odore,

573 4970 673 5024 per
739 4953 927 5007 fauces
976 4953 1080 5006 viri
1117 4952 1185 5006 ad
1245 4954 1458 5007 viscera
1508 4969 1682 5024 usque
1719 4954 2171 5024 sitibunduspe-

571 5055 754 5101 netrat
790 5063 804 5098 ι
837 5061 946 5116 qua
983 5060 1042 5098 re
1075 5045 1168 5100 ille
1212 5044 1269 5098 in
1300 5054 1611 5099 extremum
1648 5046 1954 5114 periculum
1984 5046 2162 5101 addu—

574 5146 715 5201 ctus,
747 5137 886 5191 nihil
917 5138 1221 5207 quidquam
1253 5135 1403 5206 quod
1430 5136 1536 5190 sibi
1568 5139 1895 5206 applicaret,
1929 5138 2163 5193 remedii

573 5227 880 5287 inveniens,
925 5225 1217 5281 confestim
1247 5225 1316 5280 ad
1347 5235 1600 5280 sanctum
1631 5225 1957 5296 Symconetn
1993 5227 2165 5281 advo-

572 5316 672 5379 lat,
708 5318 930 5372 unicum
968 5319 1022 5372 in
1072 5318 1280 5372 morbis
1307 5316 1645 5388 perfugium.
1675 5314 1889 5372 unicam
1920 5314 1975 5372 in
2015 5326 2167 5374 tanto

577 5410 722 5464 malo
758 5411 1111 5468 medicinam.
1151 5413 1200 5467 ls
1243 5422 1426 5468 autem
1469 5412 1776 5467 calamitosi
1819 5413 1924 5466 viri
1981 5415 2176 5468 miscr-

577 5510 688 5563 tus,
736 5512 1011 5569 ventrem,
1046 5519 1212 5574 quem
1246 5505 1476 5561 coluber
1521 5503 1597 5557 uti
1644 5512 1864 5557 antrum
1896 5520 2057 5558 suum
2094 5503 2178 5557 in-

574 5593 813 5658 colebat,
836 5595 1037 5651 bacillo
1066 5612 1166 5652 suo
1187 5597 1388 5668 signat,
1408 5606 1575 5666 atque
1601 5596 1940 5650 monasterio
2023 5596 2175 5650 exire

573 5685 748 5757 jubet.
781 5687 1288 5745 Jussumiactum:
1331 5689 1388 5744 in
1436 5703 1662 5759 egressu
1697 5688 1880 5743 statim
1909 5698 2172 5743 exonerat

580 5780 664 5833 via
704 5783 939 5837 naturali
985 5785 1168 5838 vivum
1203 5791 1539 5854 serpentem,
1594 5793 1648 5838 ct
1698 5781 1990 5838 incolumis
2031 5780 2173 5836 redit

2266 4699 2411 4744 τινος
2452 4680 2657 4741 ἅλωνος
2699 4675 2994 4729 ἐκάθευδεν
3027 4672 3134 4726 ὑπὸ
3162 4672 3330 4734 οίνου,
3358 4665 3449 4724 οἷα
3497 4673 3561 4740 δὴ
3588 4673 3734 4742 φιλεί
3753 4676 3860 4738 τοῖς

2267 4770 2537 4826 οἱνωθεῖσι
2563 4766 2905 4834 συμϐαίνειν,
2938 4762 3035 4816 καὶ
3067 4760 3127 4815 τὸ
3158 4760 3330 4830 στόμα
3367 4761 3612 4832 κεχήνει.
3648 4763 3862 4832 Ὄφεως

2267 4860 2558 4932 τοιγαροῦν
2619 4857 2769 4926 αύτῷ
2822 4853 3312 4926 προσερπύσαντος
3377 4855 3470 4906 καὶ
3535 4854 3638 4922 τῆς
3685 4855 3861 4923 ὀσμῆς

2271 4953 2620 5023 αἰσθομένου.
2652 4952 2710 5003 ἓν
2735 4947 2876 5017 δίψει
2923 4963 2982 4999 τε
3020 4945 3157 5014 πρὸς
3193 4945 3263 4997 τὰ
3292 4944 3502 5013 ἔγκατα
3544 4945 3641 4998 τοῦ
3673 4945 3862 5014 ἀνδρὸς

2269 5042 2562 5103 είσδύντος,
2590 5039 2648 5091 ὲν
2676 5037 2836 5090 παντὶ
2861 5034 3107 5089 κινδύνου
3133 5033 3445 5105 γενόμενος,
3483 5035 3577 5087 καὶ
3598 5036 3627 5088 ὃ
3652 5037 3704 5087 τί
3735 5052 3863 5090 ποτε

2272 5135 2542 5222 χρῇσηται
2580 5128 2767 5183 λοιπον
2795 5125 2975 5222 ἑαυτῷ
3003 5125 3080 5222 μὴ
3111 5125 3271 5222 ἔχων,
3303 5125 3457 5222 παρὰ
3483 5125 3576 5178 τὸν
3603 5126 3747 5180 θεῖον
3776 5127 3864 5222 εὐ-

2274 5217 2374 5289 θὺς
2395 5223 2641 5294 Συμεὼν,
2674 5222 2772 5292 τὴν
2805 5220 2975 5291 μόνην
2998 5219 3124 5289 ἥκει
3149 5217 3244 5271 τοῦ
3276 5218 3484 5281 πάθους
3515 5221 3858 5289 καταφυγὴν,

2275 5318 2374 5389 τὴν
2420 5319 2588 5388 μόνην
2617 5313 2936 5386 τηλικούτου
2967 5311 3141 5366 κακοῦ
3173 5311 3352 5367 λύσιν.
3397 5313 3454 5365 '0
3493 5312 3550 5365 δὲ
3576 5312 3670 5365 τὸν
3696 5313 3862 5384 ἄνδρα

2276 5413 2374 5482 τῆς
2409 5410 2695 5480 συμφορᾶς
2727 5408 2977 5479 ἐλεήσας.
3002 5404 3103 5478 τὴν
3137 5405 3367 5469 κοιλίαν,
3397 5406 3466 5476 ἦν
3496 5406 3597 5459 ὅσα
3628 5405 3722 5459 καὶ
3753 5425 3864 5476 φω-

2275 5503 2396 5556 λεὸν
2439 5505 2466 5555 ὀ
2503 5502 2625 5569 όφις
2656 5499 2811 5570 ᾤκει,
2845 5499 2910 5567 τῇ
2955 5495 3138 5568 ῥάϐδῳ
3169 5496 3593 5566 διασφραγίσας,
3638 5497 3745 5563 ἔξω
3776 5514 3865 5566 γε.

2274 5593 2461 5649 νέσθαι
2491 5596 2589 5663 τῆς
2617 5592 2785 5662 μονῆς
2815 5589 3124 5659 ἐπιτρέπει.
3162 5587 3428 5652 Ἐξελθὼν
3449 5587 3634 5642 τοίνυν
3664 5590 3864 5651 εύθῖιιις

2275 5689 2505 5752 ἐκεῖνος,
2551 5685 2697 5738 κενοῖ
2741 5679 2829 5736 διὰ
2871 5682 2979 5734 τῶν
3021 5679 3266 5750 φυσικῶν
3316 5678 3517 5743 ἐξόδων
3557 5679 3740 5745 ζῶντα
3777 5680 3865 5732 τὸν

2275 5780 2418 5849 ὅφιν,
2479 5778 2570 5830 καὶ
2621 5776 2801 5832 οἴκαδε
2853 5773 3009 5844 ὑγιὴς
3047 5772 3335 5843 ἔπινήκει,
3377 5769 3566 5842 θαῦμα
3609 5773 3671 5826 οὐ
3707 5773 3866 5826 πᾶσιν
