4092 6478
241 397 385 464 3133

1265 400 1442 462 VITA
1481 401 1527 458 Α
1568 400 2008 462 NICEPHORO
2042 402 2531 466 CONSCRIPTA.

3390 405 3541 472 3136

245 518 315 578 by.
327 529 482 577 μασι,
507 509 643 563 ἀλλὰ
671 510 766 563 καὶ
796 510 951 575 ὠσὶν,
977 511 1037 563 τὸ
1070 510 1372 581 τηνικαῦτα
1406 512 1555 577 ἰδεῖν,
1582 514 1674 566 καὶ
1698 514 1843 574 ὅσοις

1946 515 2191 580 domum,
2255 519 2584 573 miraculum
2637 518 2813 574 factus
2865 533 2977 573 non
3018 518 3266 585 omnium
3324 528 3536 575 tantum

248 604 328 665 εἰς
354 601 515 675 δεῦρο
549 603 710 657 πάλιν
742 603 971 657 ἀκοῦσαι
1001 602 1231 670 γένοιτο.

240 700 383 760 quot
437 702 570 747 tunc
624 692 889 761 temporis
923 689 1058 745 illud
1110 688 1347 757 videre;
1403 692 1635 747 auribus
1718 708 1871 760 vero,

238 783 381 837 cuit.

323 872 456 945 ρνη’.
502 870 635 929 Εἶτα
680 877 1016 946 προσάγεταί
1062 894 1145 940 τις
1187 874 1336 946 αὐτῷ
1374 876 1577 938 νεᾶνις,
1630 874 1694 926 οὗ
1730 892 1843 943 xtu-

239 968 484 1037 φεύουσα
523 970 685 1037 μόνον
721 969 817 1020 καὶ
858 968 1125 1039 μηδαμῶς
1156 968 1526 1039 φθεγγομένη,
1566 968 1703 1021 ἀλλὰ
1746 968 1842 1021 καὶ

234 1062 432 1132 τρὸμῳ
472 1061 531 1112 τὸ
571 1062 680 1114 πᾶν
724 1060 885 1129 σῶμα
914 1061 1153 1128 τοσούτῳ
1195 1058 1527 1128 συνεχομένη
1560 1100 1573 1123 ,
1606 1058 1683 1123 ὡς
1716 1060 1841 1129 μηδ’

235 1153 363 1205 οἵαν
390 1170 447 1204 τε
481 1146 618 1204 εἶναι
650 1154 963 1221 διακρατεῖν
993 1146 1193 1220 ἑαυτὴν
1222 1191 1235 1212 ,
1257 1151 1392 1204 ἀλλὰ
1418 1150 1617 1202 σινδόνι
1638 1152 1839 1220 μᾶλλον

240 1241 647 1312 βαστάζεσθαι*
685 1243 912 1294 Εσὸεστο
938 1242 993 1294 δὲ
1026 1242 1118 1293 καὶ
1144 1245 1170 1294 6
1198 1240 1382 1310 πατὴρ
1413 1241 1511 1311 ἤδη
1543 1242 1640 1309 τῆς
1671 1242 1840 1312 κόρης

237 1334 370 1395 τοὺς
400 1333 735 1402 ὀφθαλμούς.
775 1334 881 1385 Καὶ
920 1335 947 1385 6
990 1333 1090 1401 μὲν
1118 1333 1210 1400 ὑφ’
1240 1334 1443 1401 ἑτέρων
1468 1332 1841 1401 χειραγωγού-

242 1442 430 1495 μενος,
456 1428 490 1494 ἡ
515 1424 571 1478 δὲ
600 1425 876 1494 φερομένη
898 1442 909 1453 ·
943 1427 970 1477 6
1003 1426 1101 1494 μὲν
1142 1426 1357 1477 ἵσταται
1393 1424 1499 1493 7:96
1525 1423 1619 1476 τοῦ
1679 1424 1835 1490 ἁγίου

238 1518 466 1586 τυφλὸς,
494 1520 526 1587 ἡ
560 1518 615 1571 δὲ
654 1516 990 1588 προτίθεται.
1042 1519 1099 1569 ’0
1131 1518 1230 1586 μὲν
1258 1512 1350 1568 οὖν
1395 1516 1579 1586 πατὴρ
1604 1518 1683 1577 εἰς
1714 1516 1841 1568 ὲαυ-
1886 1561 1892 1567 ,

237 1597 337 1663 τὸν
366 1610 762 1679 ἀναδεχόμενος
789 1610 887 1681 τὴν
920 1612 1021 1679 τῆς
1060 1610 1249 1672 παιδὸς
1293 1610 1527 1679 πάρεσιν
1575 1608 1719 1677 (ἐπεὶ
1745 1607 1839 1659 καὶ

240 1706 453 1775 πατὴρ,
508 1704 763 1758 κάκείνου
816 1704 1018 1773 μᾶλλον
1063 1702 1123 1754 τὸ
1173 1702 1345 1765 πάθος
1392 1699 1482 1773 ἦν,
1515 1703 1563 1754 εί
1598 1700 1694 1753 καὶ
1739 1701 1840 1769 τῆς

240 1799 437 1860 παιδὸς
469 1798 794 1866 ἐνομίζετο),
832 1797 1016 1867 ἱκέτης
1057 1796 1197 1865 ὑπὲρ
1247 1796 1348 1864 τῆς
1382 1793 1576 1863 διπλῆς
1624 1794 1837 1860 ἐγίνετο

244 1892 557 1961 συμφορᾶς,
593 1890 656 1943 οὐ
710 1891 943 1957 πάρεσιν
975 1888 1155 1941 αὐτῶν
1207 1886 1423 1956 ίαθῆναι
1469 1886 1651 1955 μόνον,
1700 1883 1836 1937 ἀλλὰ

240 1985 342 2037 καὶ
367 1983 662 2049 τύφλωσιν.
711 1982 769 2032 '0
789 1982 845 2036 δὲ
871 1980 1014 2044 θεῖος
1042 1978 1270 2049 Συμεὼν
1297 1979 1498 2047 ἀμφοῖν
1527 1976 1597 2029 τὰ
1627 1976 1839 2043 σπλάγ-

1946 608 2144 672 oculis,
2173 609 2268 664 sed
2314 611 2479 663 etiam
2536 612 2798 674 auribus;
2848 612 3022 665 oculis
3069 612 3317 679 quidem,
3368 626 3537 681 quo:-

1946 704 2219 765 quotquot
2278 698 2333 751 in
2391 709 2718 767 prtesentem
2782 715 2957 770 usque
3017 699 3166 755 diem
3224 702 3415 757 audire
3466 701 3537 758 li—

2014 880 2138 933 158.
2182 881 2419 934 Rursum
2469 880 2767 935 adducitur
2799 882 2872 935 illi
2914 882 3121 951 puella,
3175 898 3285 937 non
3321 893 3536 938 tantum

1943 972 2205 1028 audiendi
2242 974 2614 1043 loquendique
2652 974 2913 1028 facultate
2937 975 3223 1037 destituta,
3257 976 3351 1030 sed
3384 986 3537 1030 tanto

1944 1065 2108 1118 etiam
2155 1074 2398 1119 tremore
2431 1067 2695 1119 membris
2729 1066 2992 1120 omnibus
3022 1078 3301 1135 correpta.
3338 1079 3398 1121 ut
3430 1068 3537 1121 im-

1943 1162 2160 1223 potens,
2211 1171 2333 1222 qua!
2363 1170 2421 1208 se
2458 1155 2631 1223 ipsam
2685 1156 3008 1217 sustineret.
3062 1156 3235 1209 linteo
3288 1157 3534 1211 involuta

1942 1246 2144 1317 gestari
2186 1246 2415 1300 deberet
2447 1264 2459 1300 :
2490 1248 2631 1316 patri
2689 1263 2821 1301 vero
2852 1249 2989 1316 ejus,
3024 1250 3357 1301 exstinctum
3414 1257 3537 1302 erat

1941 1339 2229 1392 oculorum
2277 1339 2487 1395 lumen.
2536 1340 2604 1393 Et
2655 1340 2757 1394 iste
2807 1339 3032 1409 quidem
3079 1341 3149 1394 ab
3197 1341 3321 1393 aliis
3367 1356 3532 1393 manu

1944 1430 2166 1493 ductus,
2222 1431 2403 1484 stabat
2439 1446 2622 1485 coram
2660 1444 2850 1486 sancto
2895 1446 3101 1497 caecus;
3136 1433 3226 1486 illa
3279 1448 3412 1486 vero
3440 1447 3536 1502 ap-

1941 1530 2188 1590 portata,
2263 1522 2485 1576 ibidem
2528 1523 2793 1577 collocata
2833 1523 3075 1593 jacebat.
3132 1526 3296 1578 Pater
3350 1524 3534 1592 itaque

1941 1614 2217 1685 paralysin
2241 1614 2364 1667 lilia:
2390 1631 2542 1668 suam
2574 1615 2751 1683 ipsius
2778 1632 2897 1671 esse
2923 1626 3188 1687 reputans
3214 1618 3359 1685 (cum
3385 1607 3535 1672 enim

1942 1713 2099 1774 pater
2147 1715 2313 1769 esset,
2351 1707 2528 1771 dolor,
2562 1709 2656 1777 qui
2699 1707 2823 1763 ﬁlite
2866 1709 3181 1777 putabatur,
3223 1710 3401 1777 ipsum
3433 1724 3537 1778 po-

1946 1798 2053 1852 tius
2087 1813 2229 1868 mgre
2260 1782 2542 1867 habebat),
2578 1800 2808 1869 supplex
2838 1816 2939 1870 pro
2980 1801 3186 1870 duplici
3220 1800 3533 1855 calamitate

1942 1887 2286 1957 deprecanda
2315 1890 2373 1941 lit
2392 1931 2405 1951 ,
2432 1889 2716 1944 obtestans
2747 1906 2857 1944 non
2887 1892 3064 1945 solum
3093 1900 3155 1945 ut
3186 1892 3418 1963 paralysi
3451 1904 3540 1946 rc-

1941 1979 2207 2042 medium,
2237 1980 2331 2033 sed
2352 1979 2582 2033 ceecitati
2611 1995 2832 2050 quoque
2853 1980 3383 2036 aﬂ‘eratur.Sanctus
3403 1996 3538 2035 vero

241 2092 348 2145 χνα
380 2073 779 2143 περιαλγήσας,
815 2074 891 2135 εἰς
920 2072 1205 2141 σπλάγχνα
1232 2088 1293 2124 τε
1338 2070 1500 2123 πάλιν
1529 2068 1690 2131 αὐτὸς
1720 2068 1840 2136 φιλ-

1945 2072 2213 2144 Symeon,
2267 2073 2385 2143 ipse
2431 2072 2656 2142 quidem
2710 2073 2999 2127 amborum
3053 2074 3538 2129 commiseratione

241 2164 567 2236 ανθρωπίας
595 2162 732 2217 Θεοῦ
758 2162 980 2232 βλέψας,
1013 2162 1107 2215 καὶ
1142 2162 1271 2230 γόνυ
1306 2161 1491 2223 κλίνας
1510 2159 1678 2230 αὐτῷ,
1707 2161 1839 2229 παρ’

242 2252 308 2312 οὗ
357 2259 448 2312 τὸν
476 2258 623 2310 ἔλεον
654 2257 771 2327 ᾔδει
813 2255 1085 2318 πλουσίως
1133 2256 1411 2325 χεῷμενον,
1445 2254 1708 2315 ἀναστὰς,
1740 2254 1839 2322 τὴν

243 2351 588 2420 Δεσποτικὴν
644 2350 829 2418 φωνὴν
854 2348 1205 2425 (ἐπιτιμήσει
1258 2346 1315 2399 δέ
1371 2363 1461 2415 μοι
1503 2346 1601 2413 τῆς
1634 2345 1840 2425 τόλμης

242 2444 449 2508 οὐδεὶς,
490 2447 612 2497 ἐπεὶ
651 2442 909 2496 κάκείνου
943 2441 1131 2509 σαφῶς
1170 2442 1203 2508 ἡ
1233 2438 1405 2509 φωνὴ,
1450 2440 1502 2491 '0
1534 2439 1840 2491 πιστεύων

241 2543 334 2605 εις
379 2540 504 2608 ἐμὲ,
534 2539 606 2591 τὰ
641 2537 786 2606 ἔργα
812 2535 850 2590 ἅ
890 2535 1001 2604 ἐγὼ
1030 2532 1199 2599 ποιῶ,
1242 2532 1520 2597 κάκεῖνος
1547 2530 1834 2599 ποιήσει)-

244 2634 489 2696 ἀναστάς
518 2632 718 2694 τοίνυν,
748 2631 849 2702 τὴν
870 2629 1207 2699 Δεσποτικὴν
1238 2627 1339 2698 ἔφη
1365 2628 1569 2696 φωνήνο
1601 2625 1665 2677 Ἠ
1686 2627 1837 2687 παῖς,

244 2723 515 2793 ἀνάστηθι
552 2724 648 2776 καὶ
684 2722 843 2790 στῆθι
869 2722 963 2774 ἐπὶ
996 2722 1119 2785 τοὺς
1159 2722 1329 2782 πόδας
1360 2737 1476 2773 σου.
1507 2719 1709 2787 Τῆςδὲ
1744 2720 1840 2771 αὖ·

242 2819 376 2869 τίκα
402 2816 537 2885 μέλη
566 2816 743 2869 πάντα
770 2813 1094 2883 ῥαισθείσης,
1125 2815 1216 2865 καὶ
1246 2812 1381 2881 ὁμοῦ
1410 2812 1485 2881 τῷ
1508 2812 1838 2881 κελεύσματι

243 2911 413 2962 ποσὶν
444 2908 644 2971 οίκείος
670 2906 1057 2974 διαναστὰσης,
1095 2908 1206 2966 τοῖς
1235 2906 1398 2957 αὑτοῦ
1428 2904 1664 2973 χείλεσιν
1696 2908 1837 2956 ἐκεῖ-

244 3019 337 3064 νος
392 2999 483 3051 τὸν
529 3000 792 3052 δάκτυλον
838 2999 1119 3059 ἐκπιέσας,
1160 2996 1390 3065 στόματί
1423 3013 1482 3047 τε
1520 2994 1619 3063 τῆς
1670 2995 1841 3064 κόρης

244 3092 412 3155 αὑτὸν
435 3093 529 3144 καὶ
556 3090 689 3143 ὠσὶν
717 3088 992 3159 ἐμϐαλὼν,
1020 3088 1288 3142 λαλοῦσαν
1319 3087 1646 3156 ἐλευθερίως
1678 3086 1842 3149 εὐθὺς

244 3186 345 3240 καὶ
406 3183 711 3238 ἀκούουσαν
772 3182 1005 3252 ὁρᾶσθαι
1064 3184 1179 3245 τοῖς
1246 3179 1483 3251 παροῦσι
1550 3182 1837 3250 παρεῖχεν.

244 3275 384 3331 Εἶτα
419 3277 555 3347 πρὸς
586 3277 679 3328 τθιν
704 3275 915 3345 πατέρα
942 3272 1295 3342 ἐπιστρέψας,
1336 3275 1425 3324 καὶ
1456 3272 1704 3343 δακτύλῳ
1737 3273 1843 3326 πά-

242 3368 333 3423 λιν
392 3370 594 3437 ὁμοίως
647 3369 722 3437 τῇ
777 3366 943 3418 αὑτοῦ
1016 3364 1233 3436 γλώττῃ
1284 3350 1652 3435 ’διαϐραχέντι
1712 3364 1911 3459 τοὶ)ςο

244 3458 567 3527 ὀφθαλμοὺς
622 3456 934 3525 ἐπιχρίσας,
975 3457 1282 3525 Δεσποτικῇ
1336 3456 1573 3523 κάκείνῳ
1615 3453 1676 3506 τὸ
1725 3456 1841 3521 φῶς

958 3548 1194 3609 Ἐκεῖνος
1262 3546 1369 3614 γὰρ
1426 3542 1493 3616 ἧν
1560 3545 1841 3598 κάνταῦθα

247 3642 442 3711 σαφῶς
486 3641 747 3712 ἐνεργῶν,
792 3642 840 3691 εἰ
890 3640 981 3692 καὶ
1024 3638 1256 3705 διακόνῳ
1304 3638 1381 3707 τῷ
1410 3638 1705 3707 θεράποντι
1745 3638 1839 3690 κέ-

244 3751 443 3805 χρητο,
479 3734 574 3786 καὶ
602 3732 745 3785 οὕτω
776 3733 903 3801 μιᾶς
936 3730 1249 3801 προσευχῆς
1296 3728 1507 3799 καρπὸς
1543 3728 1705 3798 διπλῆ
1753 3728 1841 3780 θε-

250 3828 457 3897 ραπεία
485 3826 723 3893 γίνεται.

323 3919 457 3989 ρνθκ
490 3921 725 3973 Ἔπειτα
782 3920 965 3989 μέντοι
1016 3918 1111 3971 καὶ
1158 3915 1436 3983 γυναικῶν
1481 3914 1629 3984 αὐτῷ
1657 3916 1838 3986 πλήθη

243 4011 577 4082 προσῆλθον,
604 4012 658 4063 αἱ
693 4012 790 4077 μὲν
823 4010 985 4079 ξηραὶ
1010 4010 1135 4071 τοὺς
1169 4009 1427 4079 μαστοὺς.
1461 4002 1550 4061 οἷα
1569 4006 1839 4075 γάλακτος

243 4100 644 4168 ἀπορούμεναι,
677 4100 770 4152 καὶ
801 4102 869 4152 τὰ
898 4099 1077 4169 βρέφη
1123 4099 1373 4161 ἐλεεινῶς
1403 4098 1519 4150 ἀνθ’
1553 4098 1839 4169 ἱκετηρίας

243 4192 653 4263 προϐάλλουσαι
680 4210 694 4223 ο
732 4195 785 4245 αἰ
813 4191 857 4244 δ’
893 4194 951 4243 ἐν
976 4192 1172 4261 γαστρὶ
1210 4190 1308 4258 μὲν
1343 4190 1562 4258 ἔχουσαι
1594 4188 1688 4241 καὶ
1717 4189 1841 4241 ὠδί-

243 4300 457 4341 νουσαι,
505 4282 783 4352 πνεύματι
827 4280 882 4333 δὲ
932 4282 1189 4351 πονηροῖς
1236 4276 1585 4348 ἐταζόμεναι,
1627 4276 1703 4339 ὡς
1748 4277 1842 4330 καὶ

242 4374 390 4428 αὐτὰ
429 4373 529 4443 πρὸ
562 4374 657 4442 τῆς
684 4372 872 4434 ὠδῖνος
906 4372 974 4424 τὰ
1014 4372 1229 4442 ἔμϐρυα
1258 4369 1589 4422 κινδυνεύειν
1619 4367 1843 4438 suam.

244 3550 505 3620 ἐνεργείᾳ
569 3548 876 3619 χαρίζεται.

156 4517 166 4526 .
244 4482 381 4521 σαν
433 4471 531 4529 τὰς
581 4466 638 4518 δὲ
694 4463 1001 4518 ἁτεκνοῦσα
1062 4464 1246 4533 μήτρα
1295 4462 1527 4521 ἐλύπει.
1588 4462 1684 4516 καὶ
1740 4464 1840 4531 τὴν

242 4559 507 4613 ἀπαιδίαν
538 4558 789 4628 χαλεπῶς
826 4558 1195 4625 ἀπωδύροντο.
1241 4556 1387 4608 Ἀλλ’
1415 4556 1472 4609 αἱ
1517 4556 1615 4625 μὲν
1654 4557 1841 4624 εὐχαῖς

243 4653 461 4706 ἐκείνου
510 4653 611 4719 τὴν
645 4651 813 4719 υηλὴν
848 4650 1187 4718 ἀναθήλασαι
1220 4691 1232 4713 ,
1277 4649 1371 4701 καὶ
1431 4648 1705 4713 γάλακτος
1744 4648 1842 4700 αὺ-

1940 2166 2285 2219 visceraliter
2335 2172 2533 2228 tactus,
2581 2164 2775 2218 oculos
2822 2179 2955 2218 vero
2987 2164 3041 2217 in
3072 2164 3286 2218 viscera
3321 2164 3539 2218 miseri-

1941 2256 2145 2312 cordia:
2166 2256 2366 2310 divinae
2392 2256 2716 2327 conjiciens,
2744 2271 2923 2327 genua
2946 2256 2995 2310 ei
3031 2254 3203 2315 ﬂexit,
3230 2271 3259 2310 a
3292 2271 3403 2326 quo
3429 2256 3539 2311 lar-

1941 2350 2082 2421 giter
2122 2348 2333 2403 ell‘undi
2383 2349 2821 2403 misericordiam
2848 2362 3013 2418 sape
3044 2358 3307 2418 expertus
3325 2349 3537 2406 fuerat:

1944 2457 2293 2513 surgensque
2346 2441 2546 2495 deinde
2581 2441 2868 2496 Dominica
2917 2442 3009 2495 illa
3055 2458 3190 2496 voce
3226 2443 3351 2508 (nec
3402 2457 3539 2497 vero

1946 2535 2275 2589 temeritatis
2309 2550 2396 2588 me
2424 2534 2717 2603 quisquam
2754 2544 2968 2604 arguet,
2998 2534 3260 2603 quoniam
3294 2534 3539 2589 clarissi-

1946 2642 2032 2680 me
2055 2626 2191 2680 dicit
2222 2626 2335 2696 ipse
2368 2625 2630 2682 Dominus
2661 2645 2673 2680 :
2700 2625 2803 2691 Qui
2833 2627 2994 2680 credit
3016 2628 3069 2680 in
3100 2644 3202 2687 me,
3235 2644 3396 2698 Opera
3419 2643 3541 2699 qua:

1946 2736 2040 2790 ego
2067 2719 2201 2790 facio
2231 2722 2343 2789 ipse
2375 2720 2531 2789 faciet
2556 2720 2647 2789 ⁸¹),
2676 2720 2984 2786 Dominica,
3013 2721 3257 2789 inquam,
3289 2721 3375 2775 illa
3404 2736 3540 2775 voce

1947 2826 2079 2865 usus
2099 2821 2185 2866 est
2222 2830 2235 2865 :
2282 2812 2490 2877 Puella,
2531 2828 2715 2883 surge,
2756 2822 2813 2868 et
2842 2821 2926 2867 sta
2978 2828 3146 2883 super
3188 2813 3356 2882 pedes
3393 2821 3536 2867 tuos.

1942 2905 2192 2974 Cumque
2230 2906 2407 2974 puella
2457 2920 2579 2959 mox
2611 2906 2871 2961 omnibus
2895 2906 3219 2961 conﬁrmata
3252 2907 3535 2965 membris.

1942 2996 2106 3049 simul
2146 3006 2312 3064 atque
2338 2998 2488 3065 jussa
2517 2996 2640 3058 fuit,
2671 2997 2915 3066 pedibus
2960 2997 3076 3050 suis
3120 3005 3305 3051 erecta
3333 3009 3536 3063 staret;

1944 3100 2165 3139 rursum
2216 3086 2306 3139 illc
2332 3086 2614 3139 admotum
2643 3087 2798 3154 prius
2834 3086 3001 3139 labiis
3034 3087 3152 3140 suis
3186 3086 3420 3156 digitum
3452 3088 3537 3142 ori

1944 3178 2280 3247 auribusque
2334 3178 2532 3247 puella:
2567 3178 2828 3241 inseruit,
2886 3188 2942 3234 et
2994 3180 3314 3249 loquentem
3365 3181 3541 3236 libere

1944 3270 2374 3341 audientemque
2429 3272 2797 3341 praesentibus
2847 3272 3206 3341 spectandam
3263 3273 3539 3327 exhibuit.

1948 3361 2089 3415 Hinc
2132 3362 2200 3415 ad
2246 3371 2526 3431 parentem
2571 3378 2892 3425 conversus,
2926 3363 3232 3433 digitoque,
3286 3363 3544 3417 similiter

1948 3454 2134 3523 lingua
2185 3455 2511 3518 madefacto,
2558 3456 2752 3510 oculos
2800 3455 3039 3517 illinens,
3103 3456 3290 3510 divina
3334 3457 3542 3511 virtute

1951 3546 2029 3600 illi
2050 3562 2278 3617 quoque
2307 3563 2465 3602 usum
2500 3548 2728 3602 videndi
2756 3548 2989 3619 largitus
3018 3558 3124 3602 est.
3162 3549 3306 3602 Deus
3332 3550 3543 3619 quippe

1948 3646 2087 3701 erat,
2112 3639 2205 3707 qui
2238 3639 2426 3694 isthmc
2450 3651 2555 3693 tam
2572 3640 2861 3694 manifesta
2897 3640 3164 3694 miracula
3183 3639 3537 3709 operabatur,

1948 3729 2051 3783 etsi
2108 3728 2313 3783 famqu
2369 3746 2470 3785 suo
2496 3746 2597 3800 pro
2639 3732 2895 3787 ministro
2939 3742 3192 3786 uteretur
3220 3749 3232 3784 :
3265 3741 3430 3801 atque
3467 3732 3543 3786 ita

1950 3822 2114 3876 unius
2150 3824 2419 3878 orationis
2460 3824 2675 3879 fructus
2720 3825 2922 3894 duplex
2958 3826 3172 3880 curatio
3204 3824 3325 3879 fuit.

2025 3915 2145 3968 l59.
2173 3915 2368 3985 lugens
2403 3932 2625 3987 quoque
2652 3918 2946 3973 mulierum
2972 3919 3135 3972 turba
3170 3918 3377 3973 secutis
3404 3927 3543 3972 tem-

1948 4002 2178 4072 poribus
2228 4006 2293 4058 ad
2336 4018 2586 4061 sanctum
2634 4016 3013 4061 convenerunt
3066 4026 3080 4062 :
3131 4024 3363 4078 quarum
3422 4008 3544 4062 alia:

1950 4092 2120 4147 ubera
2158 4095 2396 4149 arefacta
2432 4097 2683 4164 lacteque
2730 4098 2996 4152 destituta
3045 4109 3423 4168 apportantes,
3454 4099 3541 4153 in-

1948 4183 2129 4238 fantes
2163 4202 2293 4240 suos
2340 4190 2719 4257 spectaculum
2766 4190 3079 4245 miserabile
3116 4206 3218 4261 pro
3260 4191 3541 4260 supplica-

1952 4275 2118 4331 tionis
2142 4288 2267 4332 actu
2302 4289 2431 4334 ante
2464 4281 2641 4349 ipsum
2670 4280 3018 4336 collocabant
3056 4299 3069 4335 :
3106 4282 3227 4337 aliae
3257 4289 3489 4350 portant-
3514 4296 3542 4335 s

1950 4376 2170 4421 uterum
2212 4379 2267 4423 et
2311 4386 2342 4424 e
2386 4372 2701 4441 propinquo
2734 4382 2893 4442 partu
2922 4373 3260 4433 laborantes,
3288 4373 3543 4441 malignis

1949 4460 2239 4529 apiritibus
2275 4462 2346 4516 ita
2399 4463 2840 4534 exagitabantur,
2874 4474 2933 4519 ut
2969 4465 3273 4519 infantibus
3296 4464 3540 4517 nondum

1949 4550 2116 4606 editis
2154 4554 2460 4622 periculum
2498 4569 2606 4609 non
2648 4556 2767 4610 leve
2823 4567 3111 4611 crearetur
3145 4574 3157 4608 :
3190 4557 3315 4611 aliis
3351 4566 3543 4609 uterus

1951 4643 2287 4700 infecundus
2338 4646 2515 4701 dolori
2572 4658 2692 4702 erat
2749 4649 3101 4702 sterilitatem
3169 4664 3327 4703 suam
3364 4649 3542 4701 inces-

241 4746 345 4817 τὴν
374 4743 890 4814 ὑποπεπλησμέναι,
922 4745 977 4796 αἱ
1005 4743 1058 4795 δὲ
1089 4742 1196 4794 τῶν
1227 4741 1557 4811 πνευμάτων
1597 4741 1843 4794 ἀπαλλα-

1950 4755 2137 4795 santer
2176 4739 2627 4794 lamentantibus.
2653 4740 2857 4795 Verum
2904 4742 3013 4796 illa:
3052 4741 3313 4811 precibus
3360 4740 3538 4794 sancti

243 4839 450 4904 γεῖσαι,
490 4836 547 4888 αἱ
576 4834 631 4886 δὲ
656 4834 902 4896 λυθεῖσαι
932 4833 1029 4903 τὴν
1060 4834 1347 4903 στείρωσιν
1375 4830 1702 4900 ἐπανῆλθον,
1732 4849 1844 4901 μη-

242 4929 403 4996 τέρες
428 4931 565 4997 μετὰ
595 4926 772 4979 ταῦτα
800 4927 1111 4995 γενόμεναι,
1134 4926 1228 4977 καὶ
1252 4924 1464 4994 καρπὸν
1494 4923 1625 4993 παρ’
1654 4922 1845 4977 ἐλπίδα

244 5020 460 5082 κοιλίας
490 5018 798 5072 ὲπιδοῦσαι.

318 5198 417 5269 ρξ’·
463 5196 627 5265 Ἑξῆς
691 5195 749 5248 δὲ
807 5193 1145 5263 προσάγεται
1187 5211 1271 5257 τις
1312 5195 1453 5264 ἀνὴρ
1512 5192 1842 5261 Ἀντιοχεὺς,

242 5290 394 5358 αὐτῷ
428 5288 649 5359 μεγέθει
677 5286 925 5353 σώματος
965 5287 1240 5355 μέγιστος,
1275 5287 1370 5339 καὶ
1397 5288 1456 5340 οὐ
1482 5286 1669 5356 πόρρω
1710 5286 1845 5337 πολὺ

244 5381 541 5448 γιγάντων,
564 5380 779 5449 πικροῖς
804 5378 867 5430 τά
882 5395 937 5430 τε
954 5378 1087 5431 ἄλλα
1107 5378 1305 5430 πάθεσι
1320 5379 1412 5430 καὶ
1426 5378 1603 5439 νόσοις
1627 5393 1847 5445 κατειρ-

244 5473 542 5539 γασμένος,
575 5471 667 5525 καὶ
712 5472 810 5542 τὴν
846 5472 1000 5541 χεῖρα
1035 5470 1201 5541 ξηρὰν
1234 5472 1372 5539 ἔχων
1421 5469 1521 5538 ἥδη
1555 5474 1646 5522 καὶ
1680 5468 1839 5521 οἱονεὶ

241 5563 594 5633 τεθνηκλῖαν.
629 5563 777 5616 Ἰδὼν
808 5564 1101 5634 τοιγαροῦν
1130 5566 1159 5617 6
1187 5564 1279 5617 τοῦ
1306 5566 1441 5618 Θεοῦ
1456 5563 1641 5625 δοῦλος
1659 5562 1843 5625 αὑτὸν,

242 5664 306 5715 ob
348 5659 560 5721 θεατοῖς
582 5656 904 5727 ὀφθαλμοῖς,
936 5656 1050 5709 ἀλλ’
1079 5656 1128 5710 οἳ
1161 5658 1253 5712 καὶ
1298 5658 1406 5710 τῶν
1437 5646 1659 5727 ἀδήλων
1705 5652 1845 5726 ἦσαν

316 5835 377 5876 ⁸⁸-
398 5834 560 5892 Joan.
597 5850 712 5902 xw,
760 5834 844 5888 l2.

1950 4846 2221 4885 mammas
2267 4830 2589 4885 tuberantes
2640 4831 2893 4900 lacteque
2941 4832 3133 4901 plenas
3174 4838 3535 4897 receperunt;

1952 4920 2075 4975 ista:
2110 4922 2403 4991 spiritibus
2434 4921 2648 4976 abactis
2673 4922 2922 4975 liberata?
2952 4931 3101 4986 sunt,
3128 4922 3210 4975 lia:
3247 4919 3538 4974 sterilitate

1949 5012 2162 5067 sublata
2207 5024 2575 5077 revertentes,
2610 5024 2816 5069 matres
2848 5012 3007 5068 facta:
3038 5023 3189 5078 sunt,
3214 5010 3429 5067 ventris
3451 5008 3538 5064 sui

1947 5102 2129 5157 fructu
2168 5112 2367 5172 pneter
2391 5120 2544 5171 spem
2579 5105 2751 5158 edito.

2022 5194 2144 5251 l60.
2180 5196 2330 5251 Alias
2362 5198 2581 5251 sistitur
2613 5200 2696 5251 vir
2722 5196 2946 5267 quidam
2981 5198 3384 5260 Antiochcnus,
3416 5211 3536 5249 cor-

1945 5292 2100 5362 poris
2142 5297 2480 5363 praeeritate
2512 5294 2787 5346 maximus
2824 5307 2926 5345 nec
2949 5291 3187 5344 multum
3246 5289 3537 5343 dissimilis

1943 5381 2174 5453 gigattti,
2194 5379 2309 5446 qui,
2330 5386 2527 5448 praeter
2549 5378 2688 5431 alios
2712 5377 2914 5446 quibus
2942 5376 3303 5446 torquebatur
3321 5376 3541 5431 dolores

1944 5492 2007 5531 ac
2058 5479 2303 5538 morbos,
2336 5487 2556 5527 manum
2612 5472 2823 5526 aridam
2881 5471 3113 5525 habebat
3149 5481 3201 5526 et
3230 5470 3339 5540 jam
3381 5470 3538 5540 quasi

1942 5581 2238 5625 mortuam.
2276 5568 2478 5623 Videris
2523 5565 2673 5619 illum
2730 5566 2818 5621 Dei
2869 5564 3127 5629 famulus,
3167 5581 3273 5618 non
3311 5564 3531 5635 quidem

1945 5660 2121 5714 oculis
2174 5658 2563 5723 exterioribus,
2604 5658 2697 5714 sed
2733 5656 3109 5720 interioribus,
3138 5671 3259 5727 qum
3297 5659 3529 5713 aliscon~
