4092 6464
589 414 734 481 3139

1804 420 1866 478 S.
1907 410 2293 476 SYMEONIS
2326 403 2692 469 JUNIORIS

3730 397 3857 463 ΒΗΘ

588 530 725 578 mtas
752 520 946 576 ﬂorida
972 530 1029 576 et
1054 522 1318 593 juvenilis
1363 524 1909 581 commiserationem
1960 521 2168 576 famulo

2286 510 2364 563 τοῦ
2393 509 2493 577 τῆς
2523 508 2775 577 νεότητος
2804 504 2997 567 ἀνθἰυς
3026 499 3209 557 οἶκτον
3243 504 3448 569 λαϐὼν,
3489 505 3565 570 ὡς
3596 506 3689 559 καὶ
3727 524 3859 575 συμ-

588 611 713 673 Dei,
744 628 856 683 prae
880 612 1091 666 doloris
1120 628 1283 671 sensu
1318 615 1373 670 in
1434 616 1670 686 gemitus
1724 616 1929 669 soluto.
1969 612 2172 668 Oculos

591 702 775 771 itaque
833 718 929 771 spe
969 705 1168 773 plenus
1200 709 1254 761 in
1315 708 1516 762 caelum
1557 707 1873 781 intendens,
1922 715 1983 759 ut
2036 705 2171 760 inde

590 792 855 847 auxilium
908 795 1239 861 advocaret;
1269 806 1323 849 et
1356 797 1591 865 digitum
1612 797 1861 851 .alterius
1890 796 1996 858 ori,
2034 796 2173 849 alte-

592 882 710 936 rius
738 885 967 939 auribus
1016 887 1363 953 immittens;
1409 888 1560 941 illius
1614 888 1881 942 continuo
1930 887 2173 957 linguam

592 975 777 1037 solvit,
812 976 977 1046 hujus
1001 992 1134 1031 vero
1160 993 1324 1032 aures
1355 980 1597 1047 aperuit,
1625 978 1699 1031 ita
1736 992 1796 1031 ut
1827 987 1885 1031 et
1915 977 2178 1047 loquere-

593 1073 686 1120 tur
721 1076 777 1121 et
806 1068 1023 1121 audiret
1055 1078 1289 1139 utraque
1321 1070 1442 1124 sine
1489 1068 1904 1139 impedimento.

669 1255 787 1309 166;
821 1254 961 1309 Illud
999 1270 1220 1324 quoque
1246 1254 1470 1309 silentio
1510 1255 1903 1310 involvendum
1933 1271 2044 1310 non
2070 1266 2176 1317 est,

594 1354 785 1414 utpote
814 1346 1199 1401 demonstrans
1229 1346 1486 1401 similiter
1511 1348 1613 1401 viri
1666 1348 1843 1403 sancti
1891 1348 2179 1417 et'poten-

596 1438 726 1490 tiam
759 1437 903 1506 apud
936 1438 1131 1501 Deum,
1166 1448 1221 1492 et
1257 1438 1657 1508 benignitatem
1722 1456 1848 1510 erga
1898 1440 2176 1503 homines.

594 1529 715 1597 epis
744 1528 1099 1598 indigos.Vir
1123 1529 1347 1597 quidam
1389 1531 1591 1587 allatus
1639 1530 1765 1595 fuit,
1827 1541 1989 1585 aetate
2046 1547 2179 1601 pro-

594 1630 787 1673 vectus
814 1620 1108 1675 admodum
1141 1628 1197 1674 et
1245 1621 1459 1689 capillis
1484 1637 1676 1687 canus,
1706 1622 1799 1690 qui
1846 1630 1960 1684 tua,
1996 1621 2180 1675 invide

597 1712 819 1765 humani
878 1714 1097 1781 generis
1143 1712 1367 1766 inimice
1411 1722 1466 1767 et
1502 1715 1700 1768 salutis
1750 1725 1952 1769 nostra:
2002 1715 2183 1769 hostis

595 1801 826 1865 infense,
864 1814 976 1865 tua,
1014 1805 1261 1873 inquam,
1288 1815 1553 1873 cperante
1583 1806 1635 1860 in
1663 1822 1730 1861 eo
1779 1806 1989 1862 malitia
2041 1807 2177 1860 nihil

595 1910 706 1947 non
736 1894 927 1963 agebat
956 1895 1224 1959 absonum
1254 1895 1647 1966 indecensque.
1704 1898 1840 1951 Nam
1867 1898 1909 1951 si
1958 1898 2181 1967 quando

596 2002 624 2037 a
652 1984 959 2048 dzenmniis,
990 1986 1168 2054 ipsum
1205 1984 1429 2055 semper
1460 1988 1890 2058 exagitanlibus,
1912 1989 2184 2058 impulsus

596 2078 1452 2145 totampererrareteivitatem,
1510 2096 1650 2149 quas
1710 2096 1818 2133 non
1891 2081 2183 2135 ell‘utiebat

568 2168 997 2237 ‘blaspheinias!
1028 2185 1192 2237 quam
1214 2170 1618 2239 turpitudinem
1640 2173 1897 2226 inausam
1914 2173 2185 2241 relinque-

595 2257 716 2310 bat!
752 2256 852 2321 Qui
886 2274 1019 2310 vero
1046 2259 1097 2309 in
1133 2258 1309 2327 ipsum
1339 2259 1545 2314 infelici
1571 2276 1804 2315 occursu
1840 2276 1935 2314 seu
1964 2262 2053 2315 die
2084 2248 2182 2316 seu

594 2357 756 2402 nocte
818 2347 1157 2411 incidebant,
1219 2350 1468 2417 proxime
1516 2367 1546 2405 a
1594 2352 1843 2421 periculo
1909 2354 2179 2407 aberant:

594 2438 843 2497 violento
866 2438 1012 2491 enim
1045 2454 1111 2491 ac
1144 2438 1339 2493 insano
1362 2438 1571 2510 impetu
1625 2457 1723 2496 eos
1769 2442 2058 2506 invadens,
2087 2459 2183 2497 ve-

596 2522 856 2583 siimeuta
923 2530 1202 2584 frustatim
1241 2531 1605 2595 dilacerabat,
1655 2535 1907 2604 colloque
1960 2536 2184 2604 injectis

595 2620 852 2673 manibus
908 2620 1251 2689 improvidos
1303 2624 1579 2679 suﬂoeare
1635 2626 1941 2680 nitebatur.
1987 2627 2182 2696 Neque

596 2706 688 2761 hic
746 2707 904 2761 furia:
954 2716 1262 2764 steterunt:
1317 2713 1601 2781 prepriam
1644 2730 1799 2768 suam
1854 2731 2081 2771 carnem
2128 2716 2184 2785 (0

593 2796 904 2867 miserum!)
935 2798 1195 2855 dentibus
1217 2802 1503 2872 abreptam
1537 2806 1797 2860 mandere
1848 2824 1910 2861 ac
1950 2809 2185 2862 commi-

592 2904 764 2944 nuere
796 2894 1113 2960 spectaculo
1147 2894 1450 2949 miserabili
1498 2898 1650 2952 visus
1702 2900 1830 2965 fuit,
1890 2912 2056 2970 atque
2097 2902 2184 2956 bis

592 2976 757 3034 etiam
809 2998 917 3036 non
969 2985 1132 3053 paulo
1209 2987 1534 3043 immaniora
1609 3000 1849 3059 patrare.
1905 2992 2185 3062 Agebatur

594 3069 714 3125 dies
740 3072 891 3127 Jovis
919 3084 1109 3129 sancta
1146 3091 1209 3130 ac
1238 3079 1580 3144 veneranda,
1636 3097 1744 3149 qua
1780 3083 2047 3138 Dominus
2079 3099 2185 3138 no-

2210 1852 2257 1910 B

2275 600 2446 663 παθὲς
2506 601 2699 662 αὑταῖς
2749 595 2860 652 οἷον
2927 596 3314 661 ὶπιστενάξαι,
3382 599 3463 660 εἰς
3523 599 3751 669 οὐρανόν
3798 612 3854 647 τι

2276 695 2484 764 πλῆρες
2534 693 2748 754 ἐλπίδος
2800 691 2945 755 ἰδὼν,
2993 691 3079 743 ἵνα
3121 692 3216 743 καὶ
3265 690 3365 759 τὴν
3407 691 3621 744 ἐκεῖθεν
3668 690 3860 759 ἑλκύσῃ

2226 822 2229 823 ν
2278 788 2553 858 βοήθειαν,
2604 786 2699 839 καὶ
2748 786 2839 837 τὸν
2884 784 3147 837 δάκτυλον
3196 784 3473 853 ἐμϐαλὼν,
3508 787 3604 853 τῆς
3650 784 3751 853 μὲν
3786 785 3864 853 τῷ

2279 881 2534 949 στόματι,
2588 878 2695 949 τῆς,
2746 876 2804 929 δὲ
2841 878 2955 938 τοῖς
2988 875 3112 940 ὠσὶ,
3145 878 3210 945 τῇ
3266 878 3365 944 μὲν
3402 877 3566 938 εὐθὺς
3610 875 3726 928 λύει
3768 876 3863 945 τὴν

2277 971 2543 1039 γλῶτταν,
2586 972 2655 1039 τῇ
2711 970 2767 1021 δὲ
2826 966 3035 1034 ἀνοίγει
3100 966 3199 1023 τὰς
3252 967 3443 1032 ἀκοὰς,
3496 967 3571 1029 ὡς
3629 968 3728 1036 τὴν
3771 969 3865 1033 μὲν

2278 1062 2659 1131 φθέγγεσθαι,
2699 1062 2799 1128 τὴν
2858 1060 2917 1113 δὲ
2983 1056 3238 1123 ἀκούειν,
3304 1057 3629 1129 ἐλευθερίως
3677 1058 3866 1128 ἀμφό-

2278 1173 2433 1228 τερα.

2356 1247 2499 1315 ρξς’.
2546 1246 2670 1299 Ἐπὶ
2707 1245 2918 1307 τούτοις
2965 1246 3142 1298 ἐκεῖνο
3199 1244 3445 1313 λεγέσθω
3471 1286 3485 1311 ,
3510 1244 3612 1313 τῆς
3645 1245 3766 1314 ῐσης
3809 1242 3865 1295 δν

2280 1338 2375 1391 τοῦ
2407 1339 2599 1409 ἀνδρὸς
2616 1338 2721 1390 καὶ
2748 1338 2902 1408 παρά
2932 1337 3051 1407 Θεῷ
3081 1337 3427 1399 δυναστειας,
3461 1340 3553 1388 καὶ
3589 1339 3717 1404 περὶ
3747 1338 3866 1395 τοὺς

2281 1430 2469 1481 οἴκτου
2526 1429 2821 1499 δεομένους
2885 1429 3319 1499 φιλανθρωπίας.
3354 1429 3707 1498 Προσηνέχῧη
3763 1428 3867 1495 γάρ

2281 1538 2366 1583 τις
2431 1521 2569 1593 ἀνὴρ
2628 1520 2932 1590 αὺτῷ,τὴν
2992 1520 3091 1589 μὲν
3149 1520 3366 1590 ἡλικίαν
3411 1518 3868 1590 πρεσὸύτη;,κσὶ

2282 1612 2379 1684 τὴν
2413 1613 2577 1683 τρίχα
2610 1612 2713 1684 ἤδη
2768 1612 2985 1673 λευκὸς,
3026 1613 3092 1681 σῇ
3147 1612 3203 1664 δὲ
3233 1612 3449 1673 πάντως
3480 1610 3747 1679 ἐνεργείᾳ,
3780 1610 3870 1679 βάο

2286 1723 2451 1759 σκανε
2505 1707 2599 1760 τοῦ
2648 1707 2758 1759 τῶν
2807 1705 3110 1773 ἀνθρώπων
3162 1706 3349 1773 γένους
3412 1705 3575 1774 ἐχθρὲ
3622 1705 3717 1757 καὶ
3777 1705 3869 1772 τῆς

2288 1799 2564 1868 ἡμετέρας
2621 1782 2828 1850 ἄνωθεν
2881 1796 3153 1866 σωτηρίας
3211 1795 3460 1863 πολέμιε,
3495 1794 3604 1847 τῶν
3654 1793 3868 1847 ἀτόπων

2287 1890 2625 1958 ἀπελόμενος
2654 1888 2890 1949 οὐδενός.
2963 1888 3035 1949 Ως
3060 1887 3167 1957 γὰρ
3216 1887 3459 1955 ﬁnirth
3499 1886 3743 1958 ἀγόντων
3786 1885 3872 1939 ἀεὶ

2286 1982 2557 2049 δαιμόνων
2595 1980 2759 2032 αὑτὸν
2839 1979 3219 2048 ἐλαυνόμενος,
3282 1979 3461 2031 πᾶσαν
3507 1955 3726 2048 περιῄῖι
3775 1977 3868 2047 τὴν

2297 2074 2458 2136 πόὶιν,
2491 2072 2541 2124 τί
2586 2072 2684 2141 μὲν
2740 2070 2849 2123 τῶν
2890 2070 3229 2139 βλασφήμων
3250 2069 3311 2121 οὐ
3344 2070 3519 2136 λέγων
3549 2087 3564 2133 ;
3598 2072 3649 2121 τι
3682 2071 3737 2121 δὲ
3765 2070 3868 2121 τῶν

2286 2166 2586 2235 αὶσχξστων
2614 2165 2676 2217 ού
2714 2164 2857 2234 δρῶν
2887 2181 2903 2228 ;
2939 2157 3034 2224 Οἷς
3069 2164 3134 2216 ἂν
3169 2164 3384 2233 ἡμέρας
3410 2163 3442 2223 ἦ
3476 2162 3671 2226 νυκτὸς
3708 2180 3868 2232 πονηο

2290 2261 2380 2329 ρδν
2412 2260 2731 2327 συνάντημα
2758 2259 2990 2323 γένοιτο,
3031 2257 3091 2309 οὗ
3124 2256 3480 2327 πολυπὸρρω
3509 2256 3733 2319 τούτους
3761 2274 3870 2308 κιν-

2284 2348 2442 2401 δύνου
2491 2350 2723 2418 καθίστη
2754 2364 2768 2378 ⁸
2804 2349 2986 2416 φόνιόν
3020 2365 3073 2398 τι
3100 2347 3208 2416 γᾶρ
3259 2347 3440 2399 αὐτῶν
3507 2348 3603 2398 καὶ
3648 2347 3869 2415 μανικὸν

2284 2441 2665 2511 δραττόμενος,
2700 2441 2769 2492 τά
2796 2457 2853 2492 τε
2909 2438 3101 2507 ἱμάτιά
3153 2454 3309 2506 σφισι
3359 2440 3759 2509 περιερρήγνυ,
3781 2439 3869 2490 καὶ

2285 2532 2374 2584 τὸν
2409 2532 2681 2603 τράχηλον
2710 2531 2991 2602 περιάγων
3024 2532 3215 2600 ἄγχειν
3253 2531 3452 2593 αὐτοὺς
3484 2531 3773 2599 ἐπειρᾶτο,
3810 2532 3867 2582 οὗ

2290 2626 2397 2694 μὴν
2434 2625 2565 2676 ἀλλὰ
2594 2626 2689 2677 καὶ
2718 2624 2825 2675 τῶν
2856 2624 3025 2687 ἰδίων,
3056 2624 3203 2692 οἴμοι
3228 2624 3240 2676 l
3282 2622 3507 2692 σαρκῶν
3536 2623 3743 2692 ἥπτετο
3779 2625 3870 2675 καὶ

2285 2716 2489 2769 τούτων
2519 2716 2766 2777 ἐλεεινῶς
2800 2716 3182 2787 παρατρὼγων
3213 2716 3419 2785 ὡρᾶτο,
3446 2715 3542 2767 καὶ
3590 2714 3723 2766 ἄλλα
3752 2715 3871 2767 τού⁹

2285 2824 2393 2859 των
2442 2808 2542 2859 ούκ
2603 2808 2768 2876 όλὶγῳ
2817 2806 3176 2876 χαλεπώτερα
3219 2805 3371 2875 ἔδρα.
3424 2806 3561 2857 Ποτὲ
3596 2805 3727 2873 γοῦν
3770 2805 3871 2875 δνῳ

2288 2898 2681 2969 περιτυχὼν,η
2720 2899 2994 2969 σεδασμία
3041 2898 3085 2950 δ’
3120 2894 3187 2968 ἦν
3220 2902 3315 2950 καὶ
3369 2898 3584 2968 μεγάλη
3618 2898 3867 2966 πέμπτη,

2288 2991 2412 3044 καθ’
2443 2992 2511 3062 ἢν
2544 2993 2572 3043 ὁ
2605 2991 2810 3060 Κύριος
2848 2991 3009 3061 ἡμῶν
3038 2991 3132 3042 καὶ
3159 2991 3291 3054 θεὸς
3315 2995 3426 3053 τοῖς
3457 2991 3731 3060 μαθηταῖς
3762 3009 3872 3044 συν·

2287 3079 2608 3150 δειπνήσας,
2644 3079 2735 3149 ὑφ’
2767 3080 2886 3142 ἑνὸς
2920 3080 3099 3132 αὐτῶν
3131 3079 3588 3151 παραδέδοτο,τὴν
3631 3081 3872 3147 γλῶτταν

593 3176 709 3218 ster
739 3180 863 3217 eum
902 3166 1193 3236 discipulis
1215 3179 1491 3235 uenatus,
1527 3172 1598 3225 ab
1625 3173 1844 3243 illorum
1875 3189 1985 3229 uno
2012 3176 2183 3231 tradi-

2288 3174 2493 3235 ἐκεῖνος
2538 3173 2835 3239 ἐξελκύσας
2873 3174 2974 3242 τῆς
3030 3172 3152 3225 ὄνου
3178 3170 3403 3238 ,ὁδεῦσί
3458 3189 3518 3224 τε
3557 3172 3710 3235 ἰδίοις
3738 3173 3870 3242 (φεῦ

597 3264 685 3309 lus
717 3255 854 3322 fuit;
890 3273 1014 3311 eum
1046 3261 1215 3313 asina:
1267 3261 1409 3316 forte
1461 3278 1784 3327 occursans,
1824 3266 2069 3336 linguam
2128 3270 2181 3323 ei

594 3350 851 3412 extraxit,
886 3350 1228 3422 lirmiterque
1261 3354 1524 3412 dentibus
1548 3358 1663 3412 suis
1695 3360 2025 3428 prebensam
2055 3363 2181 3432 (vab

596 3444 1019 3508 spectaculum!)
1058 3445 1331 3513 pnecidit.
1360 3462 1423 3500 ae
1466 3449 1732 3502 dentibus
1782 3453 2184 3507 comininutam

595 3531 879 3598 laceravit,
914 3537 1239 3607 sanguinem
1278 3540 1489 3594 circum
1528 3557 1590 3595 os
1630 3542 2186 3600 defluentemhibens

594 3624 940 3695 aclingens,
1009 3628 1176 3699 idque
1216 3631 1269 3684 in
1323 3632 1528 3687 canitie
1582 3643 1691 3688 tam
1737 3638 2067 3701 venerabili,
2127 3644 2185 3690 et

596 3718 788 3784 grandi
813 3729 1070 3786 senecta;
1125 3730 1290 3791 atque
1338 3724 1442 3776 sub
1498 3741 1756 3781 occasum
1819 3730 1978 3783 vitae:
2035 3730 2182 3799 quod

598 3807 737 3862 adeo
770 3810 1103 3865 intuentium
1128 3816 1322 3869 oculos
1347 3818 1487 3871 male
1512 3818 1771 3882 habebat,
1805 3831 1863 3874 ut
1916 3821 2184 3892 lacryinas

597 3901 963 3968 exprimeret:
1005 3913 1061 3957 et
1093 3905 1359 3960 miserum
1390 3922 1683 3975 superesse
1720 3911 1775 3963 in
1804 3911 1943 3965 vivis
1988 3911 2184 3965 dolen-

600 3996 706 4052 tes,
733 4002 969 4045 mortem
1004 3993 1079 4047 illi
1110 4010 1211 4063 pro
1241 3994 1514 4050 beneficio
1575 4007 1959 4066 precarentur.
2013 3999 2181 4053 Asina

599 4079 847 4143 interim,
895 4083 1035 4138 licet’
1060 4092 1167 4138 tam
1217 4087 1525 4141 crudeliter
1576 4088 1645 4142 ab
1684 4090 1802 4158 ipso
1840 4098 2069 4144 tractata
2127 4098 2182 4144 et

600 4176 851 4230 mutilata
884 4177 1148 4247 linguam,
1179 4180 1567 4247 nihilominus,
1612 4182 1860 4238 daemone
1923 4185 2039 4255 qui,
2068 4185 2249 4239 virum

598 4269 737 4323 nihil
762 4284 936 4338 paena:
972 4285 1127 4337 passa
1158 4269 1371 4326 fuisset.

676 4361 795 4413 l67.
851 4360 1162 4414 Adducitur
1194 4377 1327 4432 ergo
1372 4380 1539 4418 senex
1569 4364 1639 4419 ad
1706 4365 1886 4421 virum
1928 4376 2204 4434 sanctum,

601 4453 897 4521 statimque
922 4452 990 4505 ab
1018 4453 1389 4510 incolentibus
1408 4472 1537 4510 eum
1583 4457 1872 4512 dannoniis
1899 4475 1995 4527 per
2022 4469 2187 4529 caput

600 4545 977 4614 auSpendilur,
1013 4546 1182 4599 veluti
1218 4563 1324 4601 non
1351 4548 1668 4604 ferentibus
1716 4550 1892 4605 sancti
1942 4566 2180 4619 conspe-

600 4644 921 4705 ctuin:quo
949 4636 1070 4690 illus
1125 4648 1550 4706 percunctante,
1590 4656 1691 4694 cur
1756 4642 1979 4696 tandem
2015 4642 2095 4696 ita
2133 4641 2187 4695 in

600 4743 786 4783 senem
845 4727 1171 4783 debacchati
1233 4730 1502 4796 fuissent,
1577 4733 1653 4786 illi
1725 4749 1911 4788 amare
1990 4732 2187 4788 flentes

601 4820 860 4887 (dixisses
891 4821 993 4874 viri
1037 4824 1333 4891 praesentia
1385 4825 1543 4893 quasi
1577 4841 1721 4880 saevo
1762 4825 1978 4896 ﬂagello
2028 4841 2189 4881 exce-

600 4919 723 4982 ptos
754 4922 919 4977 esse),
952 4916 1029 4968 Ad
1052 4915 1175 4973 hoc.
1216 4915 1495 4985 inquiunt,
1546 4918 1697 4972 missi
1752 4934 1963 4983 sumus,
1995 4927 2053 4971 ut
2102 4919 2185 4972 vel

600 5006 657 5056 in
680 5019 877 5071 aquam
933 5006 1017 5059 vel
1074 5005 1130 5059 in
1182 5006 1362 5075 ignem
1418 5008 1598 5076 ipsum
1662 5009 2183 5077 prmeipitaremus:

600 5096 790 5149 talium
836 5097 984 5149 enim
1024 5113 1208 5152 rerum
1242 5099 1331 5153 isti
1359 5098 1509 5167 (hem
1565 5101 1889 5170 insaniam!)
1945 5100 2184 5155 ministri

602 5186 780 5240 seduli
807 5197 862 5240 et
911 5200 1269 5244 exsecutores
1304 5200 1454 5245 sunt.
1511 5191 1639 5245 Dies
1686 5191 1851 5260 igitur
1899 5202 1955 5245 ct
1993 5201 2187 5246 noctes

604 5278 809 5346 pariter
839 5281 1082 5349 quinque
1127 5282 1486 5337 multifariam
1528 5282 1597 5335 ab
1642 5282 1730 5335 his
1763 5283 1960 5336 incolis
2006 5292 2187 5337 tortus

600 5370 1113 5443 fueratacerbeque
1141 5386 1409 5434 vexatus;
1463 5391 1589 5429 eum
1637 5376 1761 5430 illos
1806 5376 2045 5445 graviter
2092 5392 2186 5429 ea-

602 5462 830 5533 stigatos
854 5464 1122 5520 facessere
1147 5466 1295 5528 inde,
1318 5477 1374 5522 et
1398 5484 1683 5538 nunquam
1710 5469 1971 5538 deinceps
1998 5468 2186 5523 sedem

601 5555 764 5610 istam
794 5566 1042 5625 repetere
1068 5559 1263 5628 jubet:
1295 5577 1397 5614 nec
1434 5570 1776 5630 praeceptum
1830 5572 2035 5616 eventu
2089 5579 2185 5616 ca-

598 5648 736 5703 ruit,
758 5649 902 5703 Jnssi
940 5666 1201 5720 namque,
1229 5653 1459 5705 multum
1485 5654 1860 5707 vociferantes
1877 5654 2191 5707 hominem-

601 5740 707 5808 que
736 5742 1007 5809 jactantcs
1033 5757 1063 5795 e
1096 5742 1324 5812 vestigio
1355 5752 1722 5805 evanuerunt,
1752 5758 1861 5796 non
1918 5744 2036 5798 ausi
2101 5744 2185 5797 in-

602 5842 884 5902 posterum
919 5834 1050 5888 illuc
1077 5835 1279 5889 reverti
1309 5852 1321 5886 :
1356 5850 1523 5889 senex
1555 5843 1744 5889 autem
1794 5835 2039 5890 violento
2086 5835 2182 5889 illo

2288 3265 2383 3318 τοῦ
2437 3265 2792 3335 θεάματοςῑ)
2827 3265 3140 3334 ἁπτόμενος
3205 3264 3417 3334 ταύτης
3474 3266 3570 3320 καὶ
3635 3269 3871 3337 παρατέ-

2291 3373 2462 3425 μνων,
2524 3354 2839 3424 διεμασᾶτο,
2893 3354 3065 3406 πίνων
3125 3353 3328 3418 ἀθλίως
3388 3358 3482 3408 καὶ
3556 3358 3873 3425 περιλείχων

2288 3448 2381 3499 τοῦ
2411 3447 2671 3517 αἵματος,
2698 3448 2793 3499 καὶ
2830 3446 3002 3499 ταῦτα
3037 3448 3092 3498 ὲν
3144 3447 3289 3500 οὕτω
3330 3450 3503 3518 σεμνῇ
3570 3449 3752 3519 πολιᾷ,
3784 3449 3872 3500 καὶ

2292 3537 2450 3607 βαθεῖ
2482 3538 2651 3607 γήρᾳ,
2690 3539 2783 3589 καὶ
2812 3536 2929 3606 βίου
2965 3538 3198 3606 δυσμαῖς
3231 3555 3245 3570 ·
3280 3538 3309 3590 ὃ
3339 3540 3434 3591 καὶ
3460 3538 3873 3608 φιλανθρώπους

2292 3630 2606 3699 ὀφθαλμοὺς
2668 3630 2835 3681 ἐκίνει
2895 3630 3033 3700 πρὸς
3077 3629 3311 3699 δάκρυα,
3350 3633 3443 3682 καὶ
3478 3631 3571 3682 τὸν
3619 3630 3873 3699 δύστηνον

2292 3723 2559 3792 ὠδύροντο
2605 3723 2701 3791 τῆς
2733 3722 2902 3789 ζωῆς,
2940 3722 3032 3775 καὶ
3085 3723 3316 3776 θάνατον
3371 3724 3524 3794 αὐτῷ
3551 3723 3753 3793 μᾶλλον
3803 3725 3873 3785 ὡς

2290 3814 2584 3884 εὐεργέτην
2610 3813 2935 3883 ἐπηύχοντο.
2953 3812 3014 3867 Ἠ
3034 3816 3216 3883 μέντοι
3232 3816 3377 3880 δνος,
3406 3819 3669 3883 καίτοι’γε
3691 3815 3873 3869 τοιαῦ-

2288 3921 2355 3957 τα
2386 3905 2516 3973 παρ’
2549 3904 2711 3957 αὐτοῦ
2748 3906 3034 3974 πάσχουσα
3052 3944 3067 3967 ,
3100 3906 3195 3959 καὶ
3221 3908 3320 3977 τὴν
3348 3908 3605 3975 γλῶσσαν
3634 3908 3874 3961 δαπανω-

2293 3996 2450 4066 μένη,
2481 3997 2623 4065 ὅμως
2660 3998 2963 4065 ἐνεργείαις
2994 3996 3102 4049 τῶν
3136 3999 3193 4049 ὲν
3220 3998 3371 4069 αὐτῷ
3401 3998 3675 4069 δαιμόνων
3699 4000 3875 4069 εἱστή-

2290 4103 2395 4147 κει,
2433 4084 2659 4153 μηδενὸς
2693 4084 2881 4156 ὥσπερ
2914 4085 3164 4153 ἀλγεινοῦ
3191 4090 3533 4159 πειρωμένη.

2290 4180 2569 4236 insidebat
2616 4192 2841 4251 agente,
2904 4196 3013 4236 non
3077 4182 3242 4237 aliter
3315 4185 3569 4239 substitit
3616 4202 3778 4256 quam
3829 4186 3870 4238 si

2368 4362 2501 4436 piC’.
2541 4366 2767 4432 ’Δγεται
2818 4361 3109 4433 τοιγαροῦν
3142 4362 3295 4434 παρά
3346 4364 3440 4416 τὸν
3474 4363 3619 4417 θεῖον
3664 4367 3872 4437 ἇνδραό

2294 4457 2544 4527 γηραιὸς,
2570 4456 2627 4518 δς
2658 4457 2793 4525 ὁμου
2823 4472 2880 4506 τε
2912 4449 3051 4507 εἶδεν
3082 4455 3265 4515 αὑτὸν,
3304 4457 3398 4509 καὶ
3440 4456 3579 4525 ὁμοῦ
3613 4457 3731 4509 ύπδ¹
3768 4459 3872 4509 τῶν

2290 4549 2643 4602 ἐνοικούντων
2702 4548 2849 4619 αὐτῷ
2881 4548 3155 4616 δαιμόνων
3191 4548 3334 4601 κατά
3364 4550 3611 4617 κεφαλῆς
3652 4550 3867 4621 ἧρττλτο,

2290 4641 2542 4709 καθάπερ
2601 4640 2697 4692 οὐκ
2746 4639 3083 4707 ἐνεγκόντων
3154 4640 3254 4709 τὴν
3312 4639 3461 4693 θέαν.
3518 4640 3579 4693 ’0
3645 4642 3742 4710 μὲν
3782 4640 3871 4693 οὖν

2291 4733 2445 4801 ἅγιος
2500 4732 2831 4786 ἐπυνθάνετο
2890 4732 3091 4795 αὐτῶν,
3153 4732 3207 4783 τι
3244 4732 3308 4802 δή
3345 4748 3476 4784 ποτε
3537 4732 3765 4786 τοιαῦτα
3798 4734 3868 4799 τῷ

2289 4826 2505 4895 γέροντι
2557 4824 2972 4894 παροινήσειαν.
3026 4823 3089 4875 Ol
3119 4822 3177 4875 δὲ
3222 4824 3419 4894 πικρὸν
3456 4823 3769 4887 κλαίοντες,
3793 4818 3875 4877 οἷα

2292 4917 2384 4968 καὶ
2414 4918 2479 4984 τῇ
2510 4916 2737 4983 μάστιγι
2773 4914 2872 4983 τῆς
2911 4913 3122 4965 ἐκείνου
3152 4913 3464 4983 παρουσίας
3523 4914 3715 4975 δεινῶς
3748 4916 3864 4965 ἑτα-

2290 5008 2527 5077 ζόμενοι,
2588 5008 2781 5077 Ίιμεῖς
2836 5008 2930 5059 ὲπὶ
2989 5005 3169 5068 τοῦτο,
3228 5006 3381 5075 φησι,
3441 5006 3866 5075 ἐπεστάλμεθα,

2290 5097 2429 5151 ὥστε
2490 5099 2581 5151 καὶ
2644 5097 2765 5151 καθ’
2802 5096 2994 5161 ὓδατος
3039 5096 3222 5166 βαλεῖν
3270 5096 3491 5168 αὑτὸνῆ
3525 5100 3697 5168 πυρός
3726 5115 3740 5129 ·

2290 5189 2399 5259 γὰρ
2452 5189 2713 5243 τοιούτων
2770 5192 2970 5241 ἐκεῖνοι
3006 5187 3130 5258 (φεῦ
3181 5188 3281 5258 τῆς
3335 5188 3536 5257 μανίας
3569 5190 3608 5255 !)
3641 5190 3865 5242 διάκονοι

2292 5283 2570 5334 σπουδαῖοι
2602 5283 2695 5335 καὶ
2724 5281 3015 5352 ὑπηρέται.
3057 5281 3298 5350 Ἡμέρας
3333 5282 3433 5350 μὲν
3461 5277 3555 5334 οὖν
3588 5282 3747 5333 πέντε
3777 5282 3862 5332 καὶ

2292 5372 2492 5436 νύκτας
2550 5374 2695 5437 τσας,
2735 5373 2994 5435 ποικίλως
3068 5372 3500 5442 βασανιζόμενος
3552 5372 3646 5425 ὑπ’
3699 5371 3864 5425 αὐτῶν

2289 5460 2378 5535 ἦν,
2410 5466 2504 5517 καὶ
2556 5466 2781 5534 πάσχων
2836 5464 3023 5527 κακῶς
3048 5480 3063 5495 ο
3098 5460 3218 5518 εἶτα
3255 5465 3619 5536 σφοδρότερον
3650 5466 3817 5523 αὐτοῖς
3840 5463 3865 5513 ό

2289 5560 2383 5609 τοῦ
2415 5556 2548 5609 Θεοῦ
2567 5556 2817 5627 θεράπων
2842 5558 3170 5627 ἐπιτιμήσας
3203 5556 3435 5620 ἐξελθεῖν
3462 5574 3522 5610 τε
3547 5559 3641 5609 τοῦ
3664 5557 3861 5625 ἀίδρὲς.

2291 5652 2387 5702 καὶ
2439 5650 2638 5719 μηκέτι
2691 5647 2849 5700 πάλιν
2905 5649 2984 5709 εἰς
3032 5648 3192 5700 αύτὸν
3226 5648 3547 5700 ἐπανελθεῖν
3578 5650 3859 5702 inter":

3770 5098 3867 5148 τῶν

2291 5744 2385 5796 καὶ
2434 5742 2493 5793 τὸ
2538 5741 2862 5810 πρόσταγμα
2896 5741 3057 5809 ἔργον
3085 5736 3173 5810 ἦν.
3206 5740 3313 5793 Καὶ
3344 5742 3392 5792 οἱ
3422 5741 3523 5810 μὲν
3550 5742 3717 5793 πολλὰ
3742 5755 3862 5806 κραο

2293 5833 2481 5900 ξαντες
2530 5835 2625 5888 καὶ
2670 5832 3067 5904 σπαράξαντες,
3123 5833 3326 5897 εὐθέως
3388 5832 3655 5904 ἀπῆλθον,
3690 5824 3855 5885 dixit.
