4092 6492
242 430 390 498 3M!

1273 430 1447 490 I'ITA
1489 432 1534 488 A
1576 426 2016 488 NICEPHORO
2056 426 2541 487 CONSCRIPTA.

3406 416 3553 495 alia

244 541 630 612 τολμήσαντες
661 546 820 604 αὐθις
852 540 931 605 εἰς
959 540 1123 605 αὑτὸν
1158 538 1500 609 ἀναστρέψαι
1534 555 1547 569 ν
1585 538 1612 590 ό
1642 537 1697 590 6‘s
1738 537 1833 590 τοῦ

1961 538 2166 592 ηυτιήηο
2206 554 2270 607 ac
2311 548 2641 608 tempestate
2673 538 2968 601 liberatus,
3018 537 3203 609 stabat
3230 540 3398 611 plane
3460 562 3549 598 re-

244 632 494 708 χαλεποῦ
522 632 794 696 κλύδωνος
821 633 1033 686 ἒκείνου
1057 634 1149 686 καὶ
1172 632 1271 699 τῆς
1302 631 1470 701 ξάλης
1489 630 1846 697 ἀπαλλαγεὶς,

250 724 619 794 καθεστηκὼς
674 725 922 795 εἱστήκει
976 727 1070 777 καὶ
1120 725 1308 792 νήφων
1338 763 1353 787 ,
1413 723 1699 789 ἀναλόγως
1750 722 1850 789 τῆς

250 817 393 890 πρὶν
423 815 817 886 ἀσχημοσύνης
857 816 950 869 καὶ
992 816 1261 883 ἀκοσμίας
1286 817 1352 884 τῇ
1387 813 1721 867 καταστάσει
1756 813 1848 865 καὶ

250 910 552 978 σεμνότητι
585 909 883 976 χρώμενος.
922 908 964 958 Τ
970 910 1001 976 ᾖ
1039 908 1221 975 μέντοι
1254 906 1385 974 ὄνῳ,
1419 906 1536 958 οὐδὲ
1563 904 1694 976 γὰρ.
1729 904 1851 957 οὐδὲ

246 1000 413 1051 τοῦτο
438 1000 769 1068 παραλιπεῖν
786 999 932 1062 ἀξιον
950 1040 963 1061 ,
989 1000 1116 1067 χοῦς
1150 1001 1212 1049 ὲκ
1254 997 1348 1050 τοῦ
1380 998 1604 1068 Συμεὼν
1650 997 1849 1064 ὀλίγος,

252 1089 524 1158 θεραπεία
555 1088 655 1157 τῆς
686 1087 933 1159 γλώττης
964 1090 1166 1143 αὐτίκα
1193 1090 1426 1156 γίνεται.

329 1177 469 1248 ρξη’.
498 1177 654 1231 Μετά
686 1177 859 1230 ταῦτα
891 1178 1267 1247 προσάγονταί
1295 1195 1439 1240 τινες
1476 1178 1669 1248 ἄνδρες
1699 1175 1852 1248 αὑτῷ

246 1268 368 1330 δύο,
404 1269 497 1321 τὸν
540 1267 727 1337 ἕτερον
770 1271 880 1322 τοῖν
909 1269 1089 1322 ποδοῖν
1119 1269 1382 1341 ἑκάτερος
1416 1271 1595 1324 αὐτῶν
1634 1271 1852 1342 ἰαθῆναι

247 1362 507 1432 δεόμενος
531 1378 543 1391 ·
572 1357 645 1431 ἦν
686 1361 798 1432 γὰρ
832 1362 1019 1429 ἕτερος
1051 1364 1255 1431 ἀμφοῖν
1306 1363 1582 1432 σεσηπὼς,
1623 1366 1720 1416 καὶ
1763 1363 1855 1423 τέ-

250 1469 389 1520 χνης
428 1452 629 1521 ἰατρῶν
657 1452 1025 1521 ἰσχυρότερος,
1060 1454 1275 1522 θατέρῳ
1299 1453 1356 1506 δὲ
1395 1456 1512 1507 τοῖν
1538 1455 1753 1523 ἀνδροῖν
1794 1452 1856 1505 τὸ

254 1540 434 1603 πάθος
462 1541 649 1609 σχεδὸν
698 1541 795 1593 καὶ
827 1539 1127 1611 σύντροφον
1157 1538 1244 1612 ἧν,
1275 1545 1713 1613 τεσσαρακοστὸν
1751 1546 1853 1597 αύ-

250 1634 348 1687 τὸν
390 1633 647 1696 εκπιεζον
696 1632 840 1694 ἔτος.
896 1632 1058 1685 Ἀλλὰ
1087 1632 1166 1703 τῷ
1203 1633 1303 1702 μὲν
1336 1634 1468 1704 χοῦς
1499 1636 1599 1703 τῆς
1644 1635 1854 1687 ἐκείνου

252 1724 362 1794 γῆς
386 1726 609 1795 κραθεὶς
639 1724 814 1786 ὕδατι,
848 1724 924 1791 τῷ
949 1724 1006 1777 δὲ
1038 1726 1150 1795 ἁφὴ
1188 1724 1497 1795 σύμμικτος
1528 1728 1657 1796 εὐχῇ
1690 1727 1855 1797 θερα-

255 1816 391 1869 πεία
420 1817 693 1885 κατέστηδ
726 1816 820 1868 καὶ
854 1815 946 1867 τὸν
982 1818 1183 1869 οἰκεῖον
1218 1819 1477 1888 ἑκάτερος
1501 1818 1639 1871 πόδα
1661 1818 1857 1889 νεαρδν

1952 628 2182 684 stitutus
2206 630 2311 684 sibi
2342 631 2657 699 mentisque
2682 646 2932 701 compos,
2967 640 3022 686 et
3060 642 3216 687 tanto
3267 634 3552 691 ferebatur

1951 730 2277 776 mansuetus
2319 723 2784 791 verecundusque
2815 764 2830 788 ,
2867 739 3033 792 quam
3094 733 3221 779 ante
3269 726 3550 782 violentus

1951 813 2456 883 οιᾳυοίιηρυάθιιε.
2481 814 2626 879 Quid
2681 824 2866 869 autem
2919 815 3119 868 asina?
3161 833 3341 887 neque
3391 820 3543 873 enim

1955 905 2071 974 ipsa
2096 906 2260 975 digna
2314 917 2400 960 est
2459 906 2759 975 praeteriri.
2826 907 3131 960 Pauxillum
3182 910 3461 977 pulveris;
3515 926 3543 964 a

1953 1006 2149 1050 sancto
2178 1005 2491 1066 acceptum,
2519 996 2817 1051 sanitatem
2864 997 3067 1068 linguae
3090 1000 3212 1068 ejus
3246 1000 3548 1054 confestim

1952 1089 2157 1144 attulit.

2027 1180 2152 1235 168.
2178 1181 2307 1236 Post
2336 1181 2454 1235 htec
2492 1180 2809 1235 aﬂ‘eruntur
2847 1181 2951 1236 viri
2982 1183 3232 1253 quipiam
3265 1183 3556 1247 duo,uter-

1953 1288 2064 1342 que
2095 1274 2221 1342 pedi
2260 1288 2361 1327 suo
2386 1274 2562 1327 altero
2586 1274 2787 1328 allecto
2843 1275 3157 1329 remedium
3213 1286 3551 1345 poscentes:

1954 1365 2123 1419 unius
2151 1381 2387 1435 namque
2415 1368 2526 1435 jam
2568 1367 2936 1435 putrefactus,
3000 1377 3179 1421 artem
3248 1370 3555 1436 respuebat

1956 1457 2340 1523 medicorum;
2406 1461 2576 1513 alium
2628 1460 2867 1514 acerbus
2892 1460 3073 1523 dolor,
3136 1461 3253 1515 fere
3315 1461 3384 1515 ab
3437 1462 3557 1532 ipso

1956 1559 2081 1605 ortu
2154 1551 2532 1615 continuatus,
2603 1551 2969 1621 quadraginta
3033 1554 3145 1620 jam
3216 1569 3390 1607 annos
3452 1569 3555 1609 ex-

1956 1640 2267 1709 cruciabat.
2312 1639 2531 1693 Illorum
2559 1641 2720 1694 alteri
2759 1642 3125 1696 nihilominus
3153 1644 3339 1712 pulvis
3391 1654 3556 1700 terra:

1959 1730 2128 1793 illius,
2177 1745 2320 1799 aqua
2374 1731 2671 1795 subactus;
2707 1732 2865 1785 alteri
2937 1742 3250 1796 contactus,
3300 1735 3556 1790 oratione

1960 1821 2206 1884 adjutus,
2254 1821 2539 1874 salutifera
2584 1820 2861 1875 medicina
2919 1823 3171 1878 exstitit:
3229 1833 3286 1877 et
3329 1825 3555 1879 domum

254 1907 451 1975 ὥσπερ
482 1908 791 1973 ἁπολαὸὼν,
824 1910 922 1979 οὐχ
948 1910 1023 1973 ὼς
1052 1910 1242 1982 πρώην
1272 1909 1602 1979 οἰμώζοντες
1637 1911 1730 1962 καὶ
1755 1926 1851 1978 φε-

1961 1928 2108 1965 suam
2136 1921 2369 1981 uterque
2398 1912 2713 1980 rediit,jam
2737 1929 2847 1967 non
2879 1914 3103 1983 portati,
3131 1927 3417 1985 gementes
3439 1917 3558 1984 plo-

255 2000 501 2070 ρόμενοι,
544 1998 676 2051 ἀλλά
721 1999 1053 2071 σκιρτῶντες
1103 2000 1196 2051 καὶ
1228 2000 1511 2071 χαίροντες
1556 2000 1851 2068 ἐπανῆκον.

256 2092 493 2143 Ἔπειτα
527 2089 715 2160 τυφλῷ
746 2108 851 2144 τινι
884 2091 1322 2161 προσενεχθέντι,
1367 2089 1595 2159 γλυκεῖὰ
1622 2108 1704 2153 τις
1731 2090 1857 2159 δψις

252 2185 283 2236 ὁ
301 2184 457 2249 ἆγιος
482 2184 711 2249 γίνεται.
732 2184 886 2236 Κατά
906 2186 1015 2253 γὰρ
1045 2184 1142 2255 τὴν
1168 2182 1392 2254 πρώτην
1419 2182 1609 2245 νύκτα,
1642 2182 1765 2236 καθ’
1788 2185 1855 2253 ἢν

254 2292 400 2346 προσ
418 2274 521 2348 [εν]
537 2278 752 2345 ήνεκτο,
775 2276 950 2329 ἐδόκει
977 2277 1195 2329 νεανίαν
1222 2278 1249 2328 ὁ
1273 2276 1470 2345 τυφλὸς
1495 2278 1648 2347 ὁρᾷν,
1675 2276 1855 2346 τρίχι-

254 2383 349 2420 νον
406 2367 607 2436 ἔνδυμα
657 2366 1064 2436 περικείμενον,
1108 2368 1206 2436 τὴν
1241 2366 1373 2435 bal/va
1422 2367 1693 2437 λαμπρὸν,
1727 2369 1855 2428 τοὺς

256 2459 429 2522 πόδας
476 2460 705 2533 γυμνὸν,
751 2459 986 2529 φέροντα
1021 2459 1227 2529 ῥάϐδον
1264 2462 1326 2529 τῇ
1371 2458 1555 2529 δεξιᾷ,
1598 2459 1752 2527 βαῖνη
1799 2457 1855 2510 δὲ

254 2546 423 2618 αὕτη,
448 2547 541 2609 Δὸς
566 2548 744 2613 δόξαν,
775 2548 1027 2614 λέγοντα,
1050 2546 1126 2616 τῷ
1150 2547 1288 2616 Θεῷ.
1321 2548 1388 2600 Ἠ
1410 2547 1510 2617 μὲν
1534 2543 1627 2599 οὖν
1646 2564 1855 2613 φαντα-

257 2641 351 2692 σία
381 2639 523 2692 οὓτω
546 2641 642 2710 τὴν
671 2640 933 2709 ἀλήθειαν
960 2642 1233 2710 ἐμιμεῖτο,
1266 2641 1343 2704 ὡς
1372 2641 1464 2693 καὶ
1487 2640 1854 2693 διυπνισθέντι

256 2736 339 2805 τῷ
362 2735 547 2805 τυφλῷ
584 2737 761 2788 δοκεῖν
783 2735 1006 2805 ἔχεσθαι
1028 2736 1127 2804 τῆς
1146 2737 1241 2786 τοῦ
1271 2733 1528 2801 φανέντος
1552 2730 1626 2806 ἔτι
1652 2728 1855 2800 χειρὸς,

258 2826 439 2889 φιλεῖν
473 2844 532 2879 τε
576 2830 745 2897 αὐτὴν
792 2827 1063 2898 ἐμφύντα,
1112 2828 1203 2879 καὶ
1256 2825 1392 2894 μηδὲ
1433 2821 1856 2887 ἀποσπασθῆναι

258 2917 466 2986 ταύτης
510 2919 572 2971 τὰ
618 2919 772 2988 χείλη
823 2918 1139 2988 βούλεσθ;ι’
1181 2916 1479 2985 ὑπεδήλουν
1509 2916 1618 2983 γάρ
1662 2929 1715 2964 τι
1761 2912 1858 2965 καὶ

258 3007 502 3061 τοιοῦτον
540 3011 587 3061 οἱ
614 3008 795 3063 ὕπνοι.
834 3009 921 3072 ’ος
950 3009 1007 3061 δὲ
1038 3008 1171 3077 πρὸς
1209 3008 1300 3060 τὸν
1357 3006 1512 3071 ἀγιον
1539 3004 1637 3071 τῆς
1667 3000 1853 3054 ἐπιού-

261 3115 365 3166 σης
394 3101 518 3166 περὶ
550 3100 773 3168 πρώτην
814 3099 890 3151 ἔω
916 3099 1169 3167 εἰσήχθη,
1199 3095 1603 3166 σφραγίσαντος
1645 3092 1855 3144 ἐκείνου

259 3192 390 3252 τοὺς
418 3189 729 3258 ὀφθαλμοὺς
773 3190 964 3256 αὑτοῦ,
1000 3190 1198 3260 βλέψας
1238 3189 1355 3259 (τῆς
1400 3186 1715 3257 ἀπορρήτου
1758 3199 1855 3235 σου

261 3252 474 3353 Χριστὲ-
505 3252 847 3351 καὶ-βασιλεῦ
883 3252 1324 3354 χρϋηστότητοςί)
1367 3252 1526 3342 εύθὺς
1551 3252 1855 3344 cautelae,
1884 3252 1929 3315 Ο

260 3374 357 3426 τόν
385 3390 447 3426 τε
476 3374 621 3426 θεῖον
660 3375 781 3427 ἰδὼν
812 3374 1059 3445 Συμεὼν,
1092 3377 1185 3429 καὶ
1215 3374 1351 3444 πρὸς
1376 3374 1473 3443 τὴν
1502 3371 1713 3423 ὲκείνου
1740 3367 1863 3437 ὄψιν

263 3465 560 3527 ἑκκαυθεὶς
597 3468 709 3536 ,τὴν
747 3468 995 3537 καρδίαν,
1029 3467 1194 3520 αὐτὸν
1247 3466 1435 3533 ἔλεγεν
1475 3458 1615 3517 εἶναι
1664 3462 1754 3514 τὸν
1804 3462 1863 3514 ὲν

263 3559 462 3629 ὀνείρῳ
490 3560 749 3627 φανέντα,
784 3563 879 3612 καὶ
908 3560 1009 3629 τῆς
1044 3558 1227 3631 χειρὸς
1257 3558 1442 3627 ἐζήτει
1472 3554 1759 3619 λαϐέσθαι,
1795 3549 1865 3625 ἧς

263 3648 418 3718 αὐτῷ
466 3650 658 3712 νυκτὸς
708 3648 828 3718 δ’,ἶνις
866 3649 1250 3721 ἐμφορηθῆναι
1283 3647 1530 3717 παρέσχε
1559 3662 1573 3678 ο
1626 3644 1722 3697 καὶ
1766 3643 1862 3696 τὸν

264 3740 476 3812 ὄνειρον
524 3741 719 3810 ἡδονῆς
766 3740 910 3803 ὅλοις
961 3739 1190 3811 χείλεσι,
1230 3740 1352 3802 ταῖς
1401 3736 1511 3791 τῶν
1568 3732 1859 3805 παρόντων

265 3834 461 3896 ἀκοαῖς
497 3832 739 3905 ἐπεξῄει.

1958 2010 2282 2071 rautesqde,
2306 2012 2377 2056 -υι
2414 2006 2602 2071 prius;
2634 2004 2728 2057 sed
2767 2004 3076 2073 gaudentes
3110 2015 3165 2060 et
3188 2007 3555 2070 exsultantes,

1957 2105 2182 2162 recepto
2212 2109 2313 2147 usu
2351 2094 2511 2163 pedis
2542 2095 2762 2162 qualem
2792 2096 3032 2165 juvenes
3071 2097 3407 2151 habuerant.
3428 2099 3560 2152 Pcr-

1958 2187 2169 2239 sanatis
2200 2185 2290 2250 iis,
2341 2186 2581 2255 Symeon
2612 2186 2779 2242 allato
2808 2188 3031 2242 cuidam
3060 2204 3208 2243 caeco
3235 2190 3550 2260 jucundum

1959 2291 2059 2346 per
2084 2293 2142 2330 se
2172 2278 2556 2345 spectaculum
2584 2278 2709 2332 fuit.
2746 2278 2964 2333 Etenim
2995 2281 3174 2349 prima
3196 2281 3266 2335 ab
3312 2282 3556 2337 adventu

1958 2378 2120 2423 nocte
2152 2370 2305 2423 visus
2337 2368 2439 2422 sibi
2473 2380 2559 2423 est
2580 2370 3070 2440 viderejuvenem,
3105 2372 3329 2425 cilicino
3351 2374 3557 2427 amictu

1958 2458 2385 2523 circumdatum,
2432 2461 2587 2513 vultu
2620 2460 2970 2528 splendidum
2995 2505 3009 2525 ,
3058 2462 3267 2517 nudum
3296 2465 3555 2533 pcdibtts,

1958 2550 2229 2605 ferentem
2304 2550 2530 2604 dextera
2596 2552 2807 2622 virgam
2858 2553 3150 2623 (palmeam
3205 2555 3354 2609 illam
3406 2559 3560 2626 puta)

1958 2644 2390 2715 dicentemque:
2429 2648 2507 2701 Da
2553 2647 2784 2717 gloriam
2836 2647 2973 2703 Deo.
3022 2649 3149 2703 Ha-c
3196 2661 3532 2719 reprzesenta

1962 2736 2038 2789 tio
2095 2744 2202 2789 tam
2252 2735 2499 2805 perfecte
2546 2738 2873 2791 imitabatur
2909 2739 3225 2805 veritatem,
3278 2749 3339 2794 ut
3386 2742 3563 2811 evigi-

1958 2827 2079 2881 lans
2103 2842 2281 2881 caseus
2307 2827 2695 2894 arbitranetur,
2719 2829 3025 2883 etiamnum
3056 2845 3114 2884 se
3140 2846 3364 2887 manum
3391 2831 3560 2896 illius,

1962 2918 2057 2987 qui
2108 2927 2465 2987 apparuerat,
2502 2928 2717 2975 tentare
2776 2920 3041 2985 osculari,
3086 2937 3188 2975 nec
3234 2920 3380 2976 labia
3434 2922 3564 2977 inde

1960 3009 2123 3062 avelli
2158 3010 2482 3077 permittere
2505 3028 2517 3063 :
2540 3011 2748 3079 aliquid
2775 3013 2925 3066 enim
2950 3012 3262 3067 istiusmodi
3291 3022 3565 3067 monstra.-

1963 3109 2079 3154 tum
2124 3102 2308 3154 fuerat
2352 3102 2405 3154 in
2449 3091 2681 3155 somnis.
2720 3101 2859 3156 Cum
2896 3118 3029 3156 vero
3060 3112 3279 3171 postera
3312 3103 3400 3157 die
3456 3104 3563 3159 sub

1961 3188 2267 3244 diluculum
2322 3189 2598 3243 adductus
2643 3196 2728 3245 est
2764 3190 2831 3243 ad
2875 3198 3151 3254 sanctum,
3192 3190 3461 3259 impresso
3495 3192 3566 3245 ab

1965 3281 2164 3337 eodem
2211 3281 2391 3335 oculis
2441 3282 2627 3336 erucis
2673 3280 2873 3352 signo,,
2903 3281 3043 3335 vidit
3074 3282 3342 3335 continuo
3385 3297 3567 3337 caecus

1964 3376 2019 3441 (ο
2082 3370 2420 3425 ineﬂ'abilem
2488 3370 2694 3425 Christi
2771 3372 3156 3438 bonitatem!)
3215 3373 3564 3441 intuitusque

1964 3474 2214 3518 sanctum
2249 3472 2415 3533 atque
2448 3463 2567 3531 ipso
2599 3463 2802 3517 intuitu
2834 3479 3140 3517 succensus
3174 3472 3231 3519 et
3260 3463 3567 3519 inﬂamma-

1966 3564 2099 3620 tus,
2149 3556 2303 3609 illum
2349 3557 2604 3610 eumdem
2658 3571 2780 3610 esse
2844 3556 3193 3614 exclamavit.
3246 3572 3409 3626 quem
3470 3573 3567 3625 per

1964 3648 2209 3719 quietem
2273 3657 2669 3717 conspexerat,
2706 3649 2865 3719 cujus
2912 3664 3136 3702 manum
3170 3648 3412 3702 retinere
3441 3656 3563 3701 ten-

1967 3745 2202 3803 taverat,
2228 3746 2288 3791 et
2326 3738 2565 3792 osculari
2598 3747 2857 3807 potuerat
2897 3738 2962 3792 ad
2993 3740 3304 3793 satietatem
3342 3759 3354 3793 :
3386 3754 3566 3808 neque

1966 3829 2221 3884 cessabat
2252 3830 2532 3883 somnium
2564 3837 2671 3883 tam
2698 3830 3009 3901 jucundum
3039 3830 3220 3902 plenis
3267 3830 3459 3884 buccis
3506 3830 3561 3883 iu

1964 3935 2133 3975 aures
2182 3921 2540 3991 praesentium
2583 3920 2908 3976 immittere.

1699 4050 1929 4107 CAPUT
1967 4050 2137 4107 XXII.

264 4177 524 4249 Iniuriosi
570 4178 621 4230 in
662 4181 909 4229 sanctum
939 4173 1156 4244 ejusque
1193 4174 1480 4244 imaginem
1528 4169 1873 4318 ιηίνροιξίοιὲι
1904 4171 2127 4253 judicio.
2150 4172 2399 4239 prwdicto
2444 4173 2617 4241 puniti
2650 4189 2667 4226 :
2705 4173 3062 4244 indulgentia,
3100 4174 3428 4226 misericordi
3478 4189 3566 4226 reo

1657 4257 1788 4296 acte:
1846 4259 1900 4307 a;
1944 4251 2207 4309 praesuta.

1657 4251 1900 4307 acienda;
1944 4251 2207 4309 praesuta.

340 4385 472 4458 ρξθ’.
517 4385 605 4439 Ἐν
649 4382 827 4454 τούτῳ
870 4382 928 4437 δέ
978 4399 1123 4446 τινες
1172 4379 1364 4451 ἄνδρες
1410 4378 1511 4448 τῆς
1544 4378 1858 4447 (Αντιοχου.

2043 4376 2162 4431 l69.
2190 4371 2407 4430 Interea‘
2432 4376 2537 4429 viri
2567 4376 2792 4446 quidam
2816 4377 3149 4434 Antiocheui
3177 4394 3245 4432 eo
3265 4379 3565 4449 impietatis

266 4480 511 4550 χαλεπὴν
570 4476 855 4538 νοσοῦντες
911 4474 1190 4538 ἀσέϐειαν,
1232 4473 1307 4536 ὡς
1365 4473 1501 4542 μήτε
1553 4488 1607 4523 τι
1657 4470 1857 4538 σαρκὸς

1969 4467 2337 4533 devenerunt,
2373 4476 2432 4522 ut
2462 4478 2819 4536 peccatorum
2861 4469 3049 4522 carnis
3096 4470 3365 4525 rationem
3402 4472 3566 4542 inju-

265 4570 576 4638 ἁμάρτημα
632 4568 689 4619 ὲν
740 4565 973 4635 εὐθύνης
1026 4563 1273 4617 τίθεσθαι
1330 4562 1495 4632 λόγῳ,
1554 4563 1691 4631 μήτε
1748 4559 1859 4613 τῶν

266 4657 629 4731 ἀνθρωπίνων
663 4656 933 4725 σωμάτων
960 4655 1257 4708 ἀνάστασιν
1284 4653 1590 4723 προσδοκᾷν
1609 4652 1641 4717 ἢ
1669 4651 1859 4715 ἐξέτα-

268 4767 376 4815 σιν,
414 4750 507 4802 καὶ
535 4749 643 4801 τῶν
685 4748 810 4817 τῇδε
847 4746 1196 4815 βεϐιωμένων
1222 4745 1489 4799 ἀντίδοσιν
1514 4761 1527 4775 °
1572 4743 1707 4797 ἀλλά
1731 4743 1860 4805 τοὺς

270 4847 372 4912 μὲν
398 4844 463 4912 τῇ
499 4842 610 4893 τῶν
648 4839 897 4908 ἀστέρων
932 4840 1076 4908 φορᾷ
1111 4838 1296 4907 νέμειν
1334 4837 1397 4890 τὸ
1439 4839 1581 4900 πᾶν,
1614 4838 1707 4890 καὶ
1745 4838 1859 4899 τοῖς

266 4934 496 4987 ἐκείνων
544 4932 789 5002 σχήμασι
832 4931 928 4983 καὶ
968 4931 1233 4999 κινήμασι
1270 4929 1410 4981 κατά
1453 4928 1555 4997 τῆς
1602 4928 1859 4995 προνοίας

265 5026 515 5094 ἀνοήτως
539 5023 913 5093 παραχωρεῖν,
950 5020 1075 5083 τοὺς
1103 5021 1160 5071 δὲ
1185 5020 1357 5091 τύχην
1389 5018 1739 5089 δογματίζειν
1764 5019 1858 5070 καὶ

266 5115 329 5168 τὸ
406 5114 745 5183 αὐτόματον·
800 5112 929 5177 τοὺς
972 5112 1029 5165 δὲ
1085 5110 1508 5180 μετεμψύχωσίν
1550 5126 1673 5161 τινα
1726 5124 1860 5175 πρε-

268 5206 487 5260 σϐεύειν
516 5207 611 5257 καὶ
640 5206 1003 5276 εἱμαρμένην.
1037 5196 1195 5257 Οὗτοι
1232 5201 1363 5270 γοῦν
1404 5203 1556 5271 παρά
1589 5201 1682 5253 τὸν
1716 5201 1858 5253 θεῖον

268 5296 499 5367 Συμεὼν
534 5297 798 5363 ἀνιόντες,
831 5296 1066 5363 διαλέξει
1096 5295 1236 5363 πρὸς
1266 5294 1430 5347 αὑτὸν
1472 5293 1736 5363 ἐχρῶντο,
1764 5295 1859 5345 καὶ

268 5388 623 5465 ἀποδεικτικῇ
650 5390 834 5459 σοφία,
924 5390 1018 5441 καὶ
1045 5388 1247 5457 μᾶλλον
1276 5386 1556 5455 ἐφρόνουν,
1583 5384 1677 5437 καὶ
1701 5385 1860 5437 πιθα-

268 5483 388 5544 ναῖς
432 5481 789 5537 ἀντιθέοεσιν.
829 5481 970 5536 Ἀλλ’
1001 5476 1070 5553 ἧν
1114 5481 1323 5535 ἐκείνου
1368 5478 1469 5549 μὲν
1502 5478 1596 5531 καὶ
1628 5477 1747 5532 θεία
1777 5494 1859 5541 τις

266 5572 647 5644 ἐπικαθημένη
678 5573 849 5629 πειθὼ
878 5576 991 5638 τοῖς
1018 5574 1276 5644 χείλεσιν,
1382 5569 1493 5624 τῶν
1526 5568 1861 5639 λογολεσχῶν

264 5665 494 5728 τούτων,
536 5665 630 5717 καὶ
663 5664 930 5735 περιττῶν
955 5665 1053 5737 τὴν
1100 5663 1300 5735 μανίαν
1341 5660 1601 5733 μᾶλλονῆ
1640 5660 1735 5730 τὴν
1771 5677 1858 5713 σου

268 5754 423 5822 «ρίαν,
476 5753 648 5817 οὐδεὶς
696 5754 929 5822 ἠδύνατο
986 5752 1314 5823 ἀντιλέγειν.
1352 5753 1425 5805 T'o
1464 5752 1521 5805 δὲ
1568 5752 1730 5804 πλέον
1763 5751 1861 5819 τῆς

267 5850 392 5906 κατ’
422 5847 602 5902 αὐτῶν
636 5848 836 5919 ἰσχύος,
877 5850 969 5903 καὶ
1004 5851 1036 5919 ἡ
1070 5849 1180 5903 τῶν
1230 5848 1473 5920 σημείων
1519 5847 1791 5916 ἐνέργεια,
1825 5848 1851 5901 δ

1968 4560 2118 4615 dicio
2141 4575 2251 4615 non
2301 4560 2718 4629 reposcendam,
2744 4563 3116 4625 sustinerent;
3143 4576 3245 4616 nec
3267 4577 3561 4632 corporum

1968 4661 2286 4706 nostrorum
2334 4652 2822 4712 TCSUI‘I‘CCIIODCID,
2857 4663 2951 4708 aut
2982 4663 3264 4721 gestorum
3306 4670 3560 4721 examen,

1966 4760 2272 4813 eorumque
2309 4744 2733 4799 retributionem
2758 4745 2922 4798 ullam
2951 4755 3373 4815 exspectarent;
3396 4749 3563 4801 dicti-

1968 4844 2152 4890 tantes
2182 4835 2279 4889 alii
2306 4835 2555 4905 quidem,
2591 4845 2866 4889 astrorum
2903 4852 3067 4891 cursu
3115 4838 3412 4906 gubernari
3442 4854 3563 4894 om-

1968 4930 2081 4993 nia,
2117 4944 2425 4998 eorumque
2481 4928 2672 4997 ﬁguris
2718 4944 2782 4983 ac
2836 4929 3081 4983 motibus
3132 4940 3326 4983 contra
3380 4933 3566 4998 provi-
3646 4940 3653 4943 ‘

1969 5020 2209 5074 dentiam
2248 5021 2444 5075 insano
2481 5020 2647 5075 modo
2690 5035 2916 5090 parere;
2969 5021 3059 5073 alii
3093 5036 3247 5085 vero,
3286 5020 3563 5075 fortunam

1966 5122 2133 5180 atque
2169 5126 2359 5166 casum
2388 5112 2733 5174 decernere;
2769 5111 2859 5163 alii
2912 5111 3175 5179 denique,
3208 5108 3568 5180 transmigra-

1969 5203 2176 5256 tionem
2230 5203 2542 5255 animarum
2577 5200 2865 5270 fatumque
2910 5202 3117 5270 primas
3163 5201 3439 5255 obtinere.
3473 5202 3563 5255 Isti

1969 5295 2299 5367 Symeonem
2328 5294 2569 5363 aggressi
2591 5293 2951 5363 disputando,
2975 5293 3427 5358 demonstrativa,
3458 5312 3566 5365 qua

1968 5386 2326 5455 praestabant.
2358 5394 2482 5439 arte
2520 5393 2577 5438 et
2613 5385 3082 5455 persuasibilibus
3108 5388 3570 5442 contentionibus

1968 5475 2293 5531 utebantur.
2331 5475 2534 5530 Verum
2587 5474 2864 5530 insidebat
2890 5476 3068 5530 sancti
3105 5476 3270 5531 labiis
3307 5477 3390 5529 vis
3419 5492 3543 5545 quae

1970 5567 2094 5622 dam
2146 5566 2520 5637 persuadendi
2582 5565 2791 5630 divina,
2838 5569 2929 5622 cui
2982 5568 3298 5637 loquacium
3337 5570 3567 5624 istorum

1974 5668 2028 5713 et
2089 5657 2312 5713 infamia
2367 5662 2572 5729 potius.
2606 5674 2770 5728 quam
2829 5660 3105 5728 sapientia
3161 5662 3568 5717 abundantiam

1970 5750 2159 5804 nullus
2206 5760 2419 5820 poterat
2455 5752 2861 5808 contradicere.
2902 5754 3119 5819 Quanto
3167 5767 3350 5810 autem
3397 5772 3574 5827 major

1970 5845 2233 5911 potentiae
2282 5860 2342 5898 ac
2411 5846 2693 5916 signorum
2769 5856 2961 5900 contra
3014 5847 3136 5901 illos
3188 5850 3365 5905 virtus
3416 5860 3570 5918 erat,
