4092 6512
187 486 330 550 3145

1199 479 1370 539 VITA
1416 485 1456 535 Α
1499 472 1937 536 NICEPHORO
1971 467 2456 529 CONSCRIPTA.

3310 453 3446 513 31-26

187 599 289 666 τὴν
320 599 395 650 ἕω
416 597 503 650 διὰ
524 593 615 648 τοῦ
647 594 950 662 πνεύματος
983 590 1239 654 δίδοσθαι,
1265 593 1357 642 ναὶ
1387 591 1548 642 αὑτὸν
1576 591 1632 640 ἐν
1655 590 1773 647 ταῖς

1888 583 2183 639 Orientales
2229 597 2258 634 a
2315 579 2510 648 spiritu
2570 574 2936 633 tribuebatur,
2988 570 3197 638 plateas
3254 567 3448 620 Antio--

192 688 476 750 πλατείαις
509 687 772 756 περιιέναι
809 683 908 749 τῆς
947 681 1240 750 ’Λιιτιόχου,
1271 680 1362 732 τόν
1390 697 1446 730 τε
1493 678 1763 747 Ἰορδάνην

189 782 440 849 ποταμὸν
493 779 640 846 αὐτῷ
680 776 927 838 ἕπεσθαι,
965 776 1059 826 καὶ
1093 775 1180 826 τὸν
1208 776 1262 824 ὲν
1313 771 1476 839 Ἐδὲμ
1505 769 1763 838 παράδει-

190 887 288 922 σον
319 871 507 940 ὥσπερ
554 865 1035 922 ἀποκαλύπτεσθαι
1066 881 1078 894 ο
1111 866 1202 916 καὶ
1247 864 1319 924 ὡς
1375 862 1611 930 πονηρὸν
1672 860 1767 927 θη-

192 963 311 1033 ρίον
373 963 428 1014 ἐν
467 979 572 1014 τινι
629 959 878 1029 σπηλαίῳ
909 955 1282 1027 κρυπτόμενον
1313 954 1521 1005 ἐκεῖθεν
1551 952 1762 1017 ἐξενεχ-

192 1055 287 1107 θὲν
312 1053 397 1105 διὰ
435 1053 603 1121 μέσης
632 1051 816 1116 ἄγοιτο
849 1050 943 1116 τῆς
986 1047 1190 1106 πόλεως
1226 1043 1580 1112 ὑϐριζόμενον
1621 1059 1632 1070 α
1670 1041 1762 1092 καὶ

186 1145 268 1205 ὡς
334 1142 543 1203 πολλοῖς
601 1142 707 1192 τῶν
759 1138 1059 1207 ἀνθρώπων
1113 1134 1444 1187 διαταθεῖσιν
1502 1135 1529 1184 ὁ
1589 1131 1769 1199 ἄρχων

192 1236 402 1295 ἐκεῖνος
449 1233 662 1300 ἐπιθείη
724 1232 934 1298 πληγὰς
990 1231 1048 1281 οὐ
1105 1227 1290 1298 πόρρω
1332 1225 1599 1286 θανάτου,
1630 1223 1768 1274 ὥστε

194 1324 378 1394 σάρκα
405 1325 583 1376 πᾶσαν
605 1322 860 1383 ἐπιεικῶς
887 1316 1251 1386 καταπτῆξαι·
1280 1318 1371 1368 καὶ
1393 1313 1466 1376 ὼς
1492 1315 1596 1366 τῶν
1626 1311 1772 1378 αύτῷ

193 1415 490 1484 γνωρίμων
529 1431 609 1476 τις
666 1414 744 1481 τῷ
789 1414 1008 1481 ἄρχοντι
1056 1407 1343 1480 παρεστὼς
1388 1409 1466 1468 είς
1506 1406 1770 1471 ἐξέτασιν,

195 1506 419 1574 ἀπαθὴς
448 1506 632 1558 κακῶν
663 1506 752 1557 ὑπ’
793 1503 958 1556 αὐτοῦ
990 1500 1240 1571 ἀφεθείη.

230 1831 234 1841 Ι
283 1769 415 1832 ρογ’.
450 1762 633 1815 Ταῦτα
667 1763 695 1814 ὁ
719 1761 819 1829 μὲν
855 1759 998 1821 ίδὼν,
1021 1761 1131 1821 τοῖς
1158 1753 1425 1826 μαθηταῖς
1449 1750 1775 1824 ὲξηγήσατο’

197 1853 330 1922 ἑξῆς
358 1855 415 1905 δὲ
451 1855 545 1906 καὶ
570 1855 597 1905 ὅ
638 1853 688 1903 τί
748 1869 877 1903 ποτε
908 1851 973 1910 τὰ
1032 1849 1262 1917 ὀφθέντα
1305 1847 1553 1916 βούλεται
1595 1845 1780 1910 σαφῶς

1867 676 2070 730 chenas
2090 673 2266 733 obire,
2304 669 2529 723 fluvium
2557 680 2691 719 vero
2714 663 3004 717 Iordanem
3027 657 3259 726 vestigia
3279 657 3450 726 ipsius

1867 761 2042 828 sequi,
2077 769 2131 810 et
2161 757 2499 828 paradisum,
2527 754 2620 822 qui
2665 753 2718 806 in
2776 751 2948 805 Edem
3010 755 3116 811 est,
3153 747 3303 801 velut
3348 748 3447 799 de-

1870 852 1976 921 tegi
2007 868 2070 906 ac
2102 851 2330 903 revelari
2360 867 2372 902 :
2400 858 2515 901 tum
2540 862 2674 899 vero
2708 845 2876 898 feram
2912 842 3229 911 pessimam.
3282 854 3448 907 specu

1869 943 2107 1012 quadam
2143 941 2429 1002 latentem,
2474 938 2601 990 inde
2627 935 2827 996 emitti,
2863 943 3156 1000 actamque
3207 946 3306 999 per
3336 945 3442 981 me‘

1872 1034 2018 1086 diam
2070 1031 2369 1093 civitatem,
2407 1028 2618 1082 cladem
2691 1040 2803 1077 non
2871 1023 3145 1076 modicam
3205 1018 3448 1079 inferre;

1872 1123 2128 1176 homines
2170 1136 2336 1191 porro
2367 1118 2570 1172 multos
2627 1116 2796 1169 feram
2838 1114 3194 1180 insequentes
3239 1108 3306 1160 ab
3357 1107 3450 1159 illo

1873 1213 2125 1282 principe
2159 1212 2334 1280 plagis
2367 1210 2508 1262 male
2557 1206 2807 1260 mulctari
2844 1204 2958 1257 fere
2992 1210 3166 1269 usque
3210 1199 3277 1251 ad
3309 1213 3454 1249 mor-

1876 1317 2006 1370 tem,
2032 1307 2170 1360 adeo
2217 1313 2278 1357 ut
2305 1303 2485 1357 omnis
2513 1316 2640 1356 caro
2662 1297 2958 1351 admodum
2982 1300 3453 1352 consternarctnr;

1878 1395 2119 1464 denique
2150 1411 2178 1447 e
2227 1395 2372 1446 notis
2429 1407 2495 1445 ac
2545 1387 2910 1444 familiaribus
2977 1384 3091 1438 suis
3141 1381 3454 1449 quempiam

1886 1485 2039 1540 dicto
2067 1485 2301 1554 principi
2333 1493 2516 1536 astare
2539 1479 2990 1535 examinandum,
3021 1474 3090 1527 ab
3123 1487 3301 1541 eoque
3337 1486 3454 1523 om-

1879 1576 1967 1629 nis
2001 1571 2333 1627 calamitatis
2386 1588 2453 1626 ac
2490 1569 2725 1641 periculi
2775 1569 3098 1628 immunem,
3160 1560 3455 1615 dimissum

1877 1682 2020 1720 esse.

1957 1758 2078 1810 1'75.
2112 1751 2240 1810 ’Πιοο
2273 1757 2346 1810 ita
2377 1763 2440 1808 ut
2469 1753 2687 1808 viderat
2737 1751 3026 1820 discipulis
3075 1749 3322 1805 narravit
3354 1747 3461 1817 Sy-

1881 1863 2082 1912 meon;
2136 1848 2336 1900 deinde
2387 1846 2579 1907 etiam,
2623 1843 2758 1914 quid
2812 1842 2916 1897 sibi
2956 1850 3171 1896 ostenta
3229 1840 3458 1897 vellent.

199 1945 448 2015 ἐπεξῄει,
482 1945 556 2006 ὡς
589 1944 695 2011 ἄρα
735 1942 962 2009 φοϐερὸς
1005 1939 1283 1992 ἐλεύσεται
1319 1939 1521 2006 ἄρχων,
1559 1937 1652 1986 καὶ
1685 1936 1780 1997 τὰς

1888 1941 2199 2008 explicavit.
2278 1938 2565 2003 Quomodo
2615 1950 2815 2004 nempe
2883 1933 3150 1988 terribilis
3199 1933 3461 2002 princeps

204 2031 468 2092 ἀσεϐείας
489 2029 669 2081 αὐτῶν
701 2029 931 2095 ἐλέγξει,
963 2027 1071 2080 τῶν
1101 2027 1156 2078 δὲ
1190 2027 1283 2079 καὶ
1315 2025 1543 2078 θανάτου
1579 2023 1777 2092 τρόπον

209 2123 566 2176 καταδικάσει
607 2121 929 2191 βαρύτατον.
968 2120 1139 2173 Τοῦτο
1184 2120 1293 2188 γὰρ
1331 2118 1595 2186 ἑπόμενος
1638 2117 1777 2167 ὐπο-

205 2215 388 2283 φαίνει
415 2223 443 2266 ο
480 2214 772 2283 Ἰορδάνης,
802 2214 882 2265 ὅτι
907 2215 1086 2265 πᾶσαν
1114 2212 1292 2264 αὐτῶν
1333 2227 1402 2262 κα
1415 2209 1627 2260 ταδύσει
1657 2208 1777 2259 θεο-

209 2306 432 2374 μαχίαν,
465 2303 654 2374 ὥσπερ
684 2305 712 2355 ὁ
743 2305 1254 2371 ἁνακαλυπτόμενος
1301 2301 1632 2369 παράδεισος
1679 2300 1778 2350 πά-

204 2393 311 2457 λιν,
351 2395 447 2455 τὰς
477 2395 689 2462 ἀγαθὰς
740 2394 847 2444 τῶν
885 2392 1112 2445 δικαίων
1161 2389 1512 2442 ὑποδείκνυσι
1558 2390 1778 2458 παρρη-

210 2486 602 2555 σιασθήσεσθαι
659 2484 904 2554 πράξεις.
963 2485 1036 2535 Τὸ
1129 2483 1310 2552 μέντοι
1386 2480 1781 2549 περιαγόμενον

204 2578 418 2646 θηρίον,
445 2579 477 2642 ἠ
512 2575 602 2628 τοῦ
649 2575 892 2627 διαϐόλου
925 2562 1109 2642 ἂνεῖη
1133 2573 1330 2640 πλάνη,
1356 2572 1423 2642 ἣν
1455 2572 1503 2623 oi
1565 2571 1782 2635 μάταιοι

207 2670 300 2721 ἐπὶ
333 2671 445 2730 τοῖς
479 2668 713 2729 εἰδώλοις
737 2667 1132 2734 πεπλάνηνται,
1165 2666 1198 2736 ἢ
1239 2671 1332 2718 καὶ
1360 2663 1785 2732 δημοσιεοθείσα

205 2762 510 2829 οἰχήσεται,
544 2759 882 2812 λανθάνουσα
916 2757 984 2809 τὰ
1028 2757 1198 2808 πολλὰ
1229 2757 1364 2818 τέως
1408 2756 1504 2808 καὶ
1539 2772 1782 2824 κρυπτοο

208 2853 368 2920 μένη.
410 2850 761 2919 Παρπίήλωτε
803 2849 858 2900 δὲ
893 2854 987 2901 καὶ
1016 2849 1093 2916 τῷ
1124 2848 1201 2906 είς
1241 2848 1487 2908 ἐξέτασιν
1538 2846 1643 2916 πρὸ
1688 2843 1783 2896 τοῦ

212 2944 474 3009 ἄρχοντες
515 2940 849 3008 παρεστάναι
897 2939 1134 3006 φανέντι,
1169 2936 1504 3003 φυλάξασθαι
1551 2938 1648 2996 τὰς
1677 2934 1788 2987 τῶν

211 3033 431 3084 σαύλων
460 3032 693 3099 ὁμιλίας,
732 3031 909 3098 ἑαυτῷ
942 3030 1035 3081 τοῦ
1068 3029 1257 3081 λοιποῦ
1283 3032 1372 3080 ἐπὶ
1403 3029 1564 3080 πλέον
1620 3044 1789 3095 προσ-

211 3127 429 3188 σχόντα.
468 3123 623 3191 ’Ἄρτι
653 3124 750 3192 μὲν
780 3119 872 3175 οὖν
909 3121 1081 3174 ταῦτα
1112 3125 1138 3173 ὁ
1172 3119 1396 3187 Συμεὼν
1426 3121 1744 3189 προειρήκει
1773 3134 1786 3146 ’

205 3215 365 3264 οὔπω
389 3212 445 3264 δὲ
471 3212 727 3280 τέταρτος
769 3209 1012 3279 παρῆλθε
1049 3207 1250 3275 μεταξὺ
1288 3206 1415 3274 μὴν,
1452 3205 1545 3256 καί
1573 3220 1656 3263 τις
1685 3219 1784 3271 με·

1878 2040 2173 2091 venturus,
2213 2037 2623 2098 arguturusque
2669 2026 2794 2080 illos
2857 2024 3180 2095 impietatis,
3242 2023 3461 2090 aliquos

1879 2123 2041 2175 etiam
2071 2120 2233 2173 morti
2277 2120 2589 2173 saevissimae
2619 2117 2948 2171 addicturus
2976 2124 3142 2169 esset.
3184 2114 3318 2168 Nam
3343 2113 3462 2167 Jor-

1880 2213 2047 2265 danes
2073 2213 2167 2280 qui
2208 2211 2562 2279 sequebatur,
2605 2201 2990 2278 praemonstrat
3024 2205 3140 2258 fore
3171 2212 3231 2257 ut
3269 2202 3461 2256 omnis

1883 2301 2098 2353 illorum
2133 2310 2320 2354 contra
2353 2301 2524 2354 Deum
2551 2300 2806 2366 impietas
2846 2312 2908 2351 ac
2956 2295 3184 2349 rebellio
3237 2294 3461 2362 penitus

1884 2392 2244 2454 obrueretur;
2279 2391 2369 2459 qui
2401 2404 2534 2444 vero
2562 2388 2923 2457 detegebatur
2948 2385 3260 2454 paradisus,
3313 2382 3460 2451 quod

1884 2479 2180 2546 proborum
2211 2487 2355 2531 recte
2382 2471 2520 2530 facta
2558 2475 2735 2544 palam
2770 2489 2833 2527 ac
2885 2473 3060 2525 libere
3113 2468 3458 2539 praedicanda

1885 2578 2090 2621 essent.
2143 2568 2276 2632 Qtne
2318 2575 2501 2621 autem
2554 2563 3048 2618 circumferebatur
3098 2561 3305 2624 bellua,
3343 2559 3458 2612 dia-

1886 2666 1999 2720 boli
2033 2667 2302 2720 fallaciam
2336 2676 2500 2735 atque
2531 2666 2890 2734 imposturam
2931 2679 3053 2718 esse
3104 2661 3308 2722 aiebat,
3365 2671 3463 2727 per

1887 2770 2053 2824 quam
2077 2755 2199 2806 vani
2226 2756 2498 2817 homines,
2529 2756 2582 2808 in
2615 2755 2776 2808 idolis
2820 2767 2973 2823 Spem
3007 2761 3302 2822 ponentes,
3358 2749 3464 2803 cir-

1888 2845 2380 2898 cumveniebantur
2409 2860 2678 2914 ;qua3que
2694 2860 2760 2899 eo
2784 2859 2957 2913 usque
2985 2854 3044 2897 ut
3066 2843 3368 2913 plurimum
3389 2841 3463 2893 la-

1890 2936 2076 2996 titans,
2135 2935 2356 2989 tandem
2407 2936 2462 2989 in
2513 2935 2696 2990 lucem
2751 2935 3021 3004 producta
3079 2939 3462 2987 evanesceret.

1889 3025 2158 3078 lndicavit
2197 3027 2362 3079 etiam
2397 3041 2496 3095 per
2521 3042 2673 3091 eum,
2709 3025 2803 3095 qui
2827 3026 2895 3080 ad
2922 3023 3284 3093 quaestionem
3316 3019 3466 3074 acci-

1891 3126 1980 3170 tus
2009 3127 2187 3169 astare
2214 3117 2450 3187 principi
2485 3118 2775 3171 videbatur
2803 3118 3018 3171 moneri
3059 3119 3138 3178 se,
3175 3123 3236 3167 ut
3281 3113 3335 3167 in
3365 3127 3465 3182 po-

1893 3219 2100 3262 sterum
2139 3224 2167 3261 a
2201 3224 2494 3276 pravorum
2525 3209 2788 3278 alloquiis
2808 3225 2865 3263 se
2898 3207 3226 3269 custodiret,
3246 3205 3467 3274 sibique

208 3301 384 3369 γάλην
407 3303 485 3361 είς
536 3278 613 3351 τὰγ
653 3299 784 3367 πρὶς
829 3278 903 3348 ’ἐίω
948 3295 1126 3348 λαϐὼν
1176 3295 1369 3362 ἀρχὴν,
1394 3292 1655 3362 ἐπεδήμει
1714 3294 1781 3359 τῇ

1888 3300 2189 3354 studiosius
2211 3301 2608 3355 attendendum
2633 3317 2755 3356 esse
2784 3303 2969 3356 sciret.
2989 3301 3057 3355 Et
3083 3310 3212 3355 tunc
3236 3299 3464 3370 quidem

221 3391 521 3459 Ἀντιόχου,
590 3389 874 3458 Ἀμὰντιος
924 3379 1131 3456 ὄνομα,
1190 3386 1325 3454 ἀνὴρ
1391 3385 1781 3447 παιδευτικδς,

209 3482 458 3551 ἀρχικὸς,
502 3479 746 3548 λογισμῷ
783 3480 1079 3547 χρώμενος,
1110 3478 1356 3546 ἁρρεπὴς
1401 3477 1499 3545 τὴν
1534 3475 1784 3543 γνώμην,

209 3573 496 3642 ἐλεύθερος
524 3559 622 3640 τήν
651 3570 848 3640 ψυχὴν,
877 3569 1040 3636 ζυγοῦ
1071 3570 1196 3636 περὶ
1226 3567 1285 3618 τὸ
1318 3568 1526 3620 δίκαιον
1561 3565 1756 3636 ἀκριϐἑ

211 3681 427 3734 nepos,
465 3663 702 3716 τοσαῦτα
742 3662 918 3730 ζηλῶν
961 3661 1099 3729 ὑπὲρ
1124 3660 1345 3728 ἀρετῆς,
1381 3660 1479 3711 ὅσα
1522 3659 1616 3710 καὶ
1649 3658 1790 3708 κατὰ

207 3757 312 3825 τῆς
353 3757 569 3818 κακίας,
607 3757 698 3807 καὶ
728 3751 806 3815 είς
835 3755 999 3821 ἄκρον
1033 3754 1265 3820 ἑκάτερα
1285 3768 1297 3781 ⁸
1333 3750 1388 3811 ὃς
1431 3750 1522 3802 καὶ
1554 3751 1659 3818 πρὸ
1691 3748 1785 3800 τοῦ

208 3853 312 3918 τὴν
358 3848 624 3916 Ἀντιόχου
656 3845 1005 3909 καταλαϐεῖν,
1033 3845 1212 3898 πᾶσαν
1233 3843 1306 3906 ὼς
1333 3841 1442 3895 οἷόν
1467 3859 1526 3894 τε
1550 3856 1786 3909 κακουρ-

208 3938 342 4011 γίαν
388 3940 658 4011 περιεῖλεν
693 3939 795 3991 ἀνὰ
833 3937 930 4007 τὴν
971 3935 1087 3987 Ἕω
1113 3953 1124 3965 ·
1162 3934 1475 4007 τομωτέραν
1506 3932 1643 3985 κατὰ
1685 3932 1790 3982 τῶν

207 4030 470 4084 τοιούτων
527 4030 625 4101 τὴν
689 4030 959 4098 μάχαιραν
1020 4028 1242 4094 ἐπάγων
1305 4023 1398 4078 τοῦ
1459 4023 1788 4093 ἀξιώματος,

211 4122 356 4172 ὥστε
398 4120 622 4172 δεδιέναι
665 4119 871 4178 πάντας
921 4117 1014 4168 καὶ
1053 4117 1272 4185 τρέμειν
1315 4116 1451 4184 πρὸς
1489 4115 1587 4184 τὴν
1622 4112 1789 4167 αὐτοῦ

212 4210 542 4280 παρουσίαν,
591 4211 650 4262 ού
729 4209 963 4275 φαύλους
1019 4209 1200 4276 μόνον,
1260 4205 1380 4258 οὐδὲ
1433 4205 1792 4276 κακούργους,

212 4302 352 4353 αλλὰ
382 4303 476 4354 καὶ
502 4295 581 4363 οἷς
608 4302 669 4353 τὸ
698 4302 938 4362 ἐπιεικὲς
965 4301 992 4351 ὁ
1021 4298 1134 4369 βίος
1168 4299 1303 4351 πολὺ
1350 4302 1444 4353 καὶ
1485 4300 1544 4352 τὸ
1578 4301 1796 4368 μέτριον

212 4388 352 4461 εἷχε.
392 4393 642 4461 Τοσαύτη
692 4409 773 4453 τις
815 4389 882 4460 ἦν
925 4393 1022 4459 τῆς
1061 4390 1363 4461 παρουσίας
1389 4388 1502 4448 τοῦ
1543 4389 1734 4461 ἀνδρὸς
1762 4392 1795 4460 ή

213 4482 576 4549 κατάπληξις.

1885 3392 2073 3445 ἱειιικο
2108 3392 2548 3458 ιπίυόίοοὺειηιιιι·
2573 3391 2929 3462 ast-meone:
2978 3407 3082 3447 nec
3134 3392 3468 3446 intercesse-

1886 3494 2018 3535 runt
2048 3498 2265 3536 menses
2290 3492 2548 3551 quatuor,
2597 3499 2720 3537 cum
2750 3484 2975 3554 quidam
3035 3483 3326 3538 Amantius
3366 3498 3469 3536 no-

1886 3571 2032 3624 mine
2069 3571 2197 3636 (ir‘i),
2236 3587 2332 3639 per
2357 3571 2640 3627 Orientem
2677 3588 2874 3641 magno
2917 3581 3188 3642 occupato
3213 3572 3467 3641 imperio.

1887 3661 2234 3716 Antiochiam
2291 3666 2544 3720 accessit.
2598 3667 2688 3720 Vir
2743 3675 2860 3721 erat
2923 3667 3248 3730 litteratus,
3309 3673 3472 3734 aptus

1895 3751 2150 3821 imperio,
2185 3754 2475 3808 ratiocinio
2499 3755 2731 3823 pollens,
2757 3765 3016 3810 constans
3056 3757 3264 3820 animo,
3286 3763 3474 3809 mente

1894 3846 2056 3912 liber,
2095 3849 2321 3918 justitia:
2346 3851 2403 3904 in
2439 3851 2632 3919 primis
2667 3850 2984 3916 studiosus;
3027 3852 3121 3920 qui
3179 3860 3332 3903 tanto
3373 3865 3476 3919 pro

1895 3942 2122 4002 virtute,
2164 3952 2369 4010 quanto
2400 3951 2594 3996 contra
2617 3943 2968 4011 iniquitatem
3003 3945 3143 4005 zelo,
3179 3942 3474 4010 utrobique

1897 4043 2134 4089 summo,
2183 4030 2484 4097 agebatur:
2517 4030 2613 4098 qui
2660 4031 2813 4100 prius
2843 4030 3006 4085 etiam
3053 4045 3216 4097 quam
3261 4029 3478 4083 veniret

1896 4119 2269 4177 Antiochiam.
2326 4132 2544 4173 omnem
2602 4131 2869 4190 quantum
2937 4122 3119 4190 potuit
3170 4121 3476 4190 nequitiam

1895 4226 1994 4280 per
2028 4210 2308 4265 Orientem
2372 4211 2694 4274 sustulerat,
2751 4211 2989 4266 acutiori
3034 4212 3200 4265 etiam
3251 4211 3308 4264 in
3355 4211 3479 4265 illos

1894 4301 2090 4355 stricto
2115 4301 2317 4367 gladio,
2359 4300 2451 4370 qui
2504 4312 2661 4355 erant
2709 4301 2764 4354 in
2822 4300 3093 4371 dignitate
3149 4301 3476 4363 constituti;

1896 4393 1977 4446 sic
2005 4395 2380 4447 utuniversos
2420 4393 2586 4448 timor
2630 4409 2692 4448 ac
2746 4401 2955 4447 tremor
3000 4394 3312 4458 invaderet,
3358 4395 3480 4463 ipso

1908 4484 2268 4538 adventante:
2328 4499 2429 4537 nec
2463 4484 2642 4538 solum
2699 4483 2859 4538 nihili
2907 4483 3164 4538 homines
3197 4499 3262 4538 ac
3308 4484 3480 4537 male-

213 4576 348 4632 voli.
382 4575 475 4629 sed
504 4577 539 4630 ii
567 4589 809 4646 quoque,
838 4591 1074 4645 quorum
1111 4576 1221 4630 vita
1262 4590 1386 4630 cum
1421 4575 1696 4645 probitate
1762 4591 1828 4631 ac
1866 4577 2029 4632 bonis
2061 4575 2308 4630 moribus
2342 4577 2636 4646 conjuncta
2699 4585 2842 4642 erat,
2872 4575 3318 4640 reiormidareat,
3343 4575 3481 4628 adeo

215 4668 493 4724 terribilis
520 4676 642 4721 erat
671 4668 794 4736 ejus
823 4668 1136 4736 praesentia.

292 4759 418 4829 poo'.
447 4749 615 4817 Οὗτος
641 4756 867 4817 πολλοὺς
889 4757 990 4808 ἀνὰ
1016 4757 1114 4826 τὴν
1152 4755 1423 4825 Ἀντιόχου
1458 4754 1567 4812 τῶν
1606 4754 1784 4827 Ἐλλη-

1972 4754 2089 4811 174.
2123 4755 2222 4812 llic
2251 4757 2454 4810 multos
2484 4757 2773 4837 gentilium
2805 4768 2862 4813 et
2885 4757 3178 4813 atheorum
3211 4761 3486 4815 siderum-

220 4849 420 4904 νιστῶν
449 4849 543 4902 καὶ
569 4848 766 4908 ἀθέων,
786 4845 893 4898 τῶν
918 4864 976 4899 τε
1002 4849 1129 4918 περὶ
1151 4847 1216 4899 τὰ
1242 4849 1496 4917 σχήματα
1517 4848 1627 4901 τῶν
1647 4849 1798 4901 ἀστέ-

219 4961 331 5012 ρων
363 4941 455 4994 καὶ
477 4942 573 5003 τὰς
596 4939 800 5000 πλοκὰς
824 4939 1150 5008 κεχηνότων,
1175 4939 1319 5008 ἆπερ
1341 4941 1522 5004 αὐτοῖς
1544 4943 1685 4994 κατὰ
1706 4942 1803 5010 τῆς

216 5035 479 5104 προνοίας
523 5033 858 5099 επινενόητο.
915 5035 1009 5083 καὶ
1034 5031 1239 5083 τούτων
1271 5033 1382 5084 ὅσοι
1434 5032 1804 5103 διαφερόντως

215 5128 328 5180 τῶν
387 5125 562 5180 ἄλλων
615 5125 1025 5194 ἐπισημότεροι,
1079 5122 1320 5192 ἀνευρὼν
1366 5123 1671 5191 φιλοπόνως
1707 5123 1802 5176 καὶ

219 5214 640 5283 συλλαϐόμενος,
662 5215 755 5265 καὶ
788 5213 983 5273 αὐτοὺς
1019 5211 1116 5278 μὶν
1147 5211 1224 5272 είς
1254 5213 1605 5285 δεσμωτήρια
1636 5232 1804 5266 κατα·

219 5303 464 5366 κλείσας,
497 5302 674 5364 πάσας
707 5299 764 5352 δὲ
811 5302 908 5364 τὰς
939 5301 1119 5354 αὐτῶν
1154 5299 1389 5370 βίϐλους,
1431 5301 1492 5367 ἐξ
1529 5298 1605 5356 ὧν
1654 5304 1800 5356 ὲκεί-

295 5458 406 5526 (ιὲἰ)
431 5457 481 5510 Is
508 5474 611 5510 non
641 5455 800 5519 alius,
835 5457 1010 5528 credo,
1037 5456 1214 5528 fuerit,
1242 5473 1402 5527 quam
1423 5458 1486 5510 de
1511 5475 1612 5528 quo
1637 5458 1804 5512 Theo-

257 5532 420 5580 hanes
481 5528 550 5579 ad
591 5543 791 5578 annum
841 5527 910 5581 ‘29
950 5526 1404 5595 Justinianiimp.
1461 5526 1555 5581 hoc
1602 5531 1753 5582 modo
1781 5545 1800 5582 :

257 5546 420 5580 mmet
481 5546 547 5579 aa
591 5546 791 5578 annum
841 5546 910 5581 Συ
950 5546 1244 5579 Jusumam
1276 5546 1404 5595 tmp.
1461 5546 1555 5581 I106
1602 5546 1753 5582 moao
1781 5546 1799 5582 ἔ

220 5546 492 5666 r’necepit
515 5598 790 5659 Amantio,
824 5598 1032 5650 militiae
1066 5597 1348 5665 magistro,
1371 5599 1422 5650 in
1458 5597 1799 5653 Palaestinam

222 5669 390 5720 missi:
409 5669 478 5719 de
506 5667 771 5733 Stephani
799 5669 944 5720 caede
970 5669 1249 5733 inquirere
1288 5667 1484 5734 (fuerat
1510 5669 1591 5720 hic
1619 5667 1797 5721 Cresa-

222 5736 630 5806 i'ctzfprctfecms
666 5747 822 5803 atque
859 5754 888 5788 a
922 5735 1586 5806 tumultuantibusiluda’is
1619 5748 1664 5790 et
1693 5736 1796 5792 Sa-

222 5807 453 5867 maritis,
482 5822 588 5857 una
620 5822 737 5858 cum
777 5821 994 5857 numero
1027 5821 1130 5857 non
1153 5821 1317 5872 parvo
1348 5805 1791 5872 Christianorum,

220 5875 573 5944 interfectum,
613 5877 705 5944 qui
729 5892 868 5944 quos
903 5875 1337 5943 reperitsontes,
1373 5876 1510 5932 alios
1560 5893 1792 5945 suspen-

507 5968 758 6029 ΡΑτιιοι,
829 5968 944 6027 Gn.
994 5967 1090 6026 LX
1110 5966 1158 6025 X
1174 5965 1338 6028 XVI.

1903 4865 2012 4918 que
2044 4849 2360 4918 aspectibus
2387 4857 2445 4902 et
2475 4851 2962 4920 conjunctionibus
2995 4853 3350 4921 speculandis
3386 4855 3485 4909 de—

1903 4939 2169 5003 ditorum,
2207 4955 2271 4993 ae
2309 4940 2478 4992 multa
2510 4939 2639 4993 inde
2673 4949 2864 4994 contra
2896 4940 3310 4996 Providentiam
3339 4943 3486 4998 divi.

1901 5047 2027 5085 nam
2057 5033 2449 5096 astruenlium,
2487 5033 2792 5101 praesertim
2841 5034 3194 5100 illustriores,
3237 5035 3484 5090 studiose

1901 5123 2241 5192 conquisitos
2293 5124 2801 5192 comprehendebat
2857 5127 3357 5196 compingebatque
3428 5128 3486 5181 in

1901 5230 2177 5270 carcerem
2209 5231 2226 5268 :
2259 5215 2428 5270 libros
2478 5226 2660 5270 autem
2711 5217 2929 5272 illorum
2974 5235 3189 5281 omnes,
3246 5234 3316 5274 ex
3365 5220 3488 5290 qui-

1902 5306 2007 5360 bus
2027 5306 2160 5361 t‘alsa
2187 5307 2458 5376 sapientia
2482 5316 2539 5362 et
2561 5323 2716 5361 novre
2742 5319 2934 5364 contra
2958 5309 3250 5365 veritatem
3271 5310 3488 5380 opinio-

1913 5457 2027 5521 dio,
2054 5460 2191 5514 alios
2209 5461 2406 5532 capitis
2436 5463 2799 5522 abscissione.
2823 5467 3170 5523 truncatione
3211 5465 3500 5530 membri»,

1907 5545 2029 5604 rum
2063 5532 2380 5604 nonnullos.
2443 5535 2740 5604 plerosque
2793 5535 3115 5592 facultatum
3187 5539 3487 5592 amissione

1902 5601 2176 5675 multavit.
2233 5603 2308 5675 Ex
2362 5601 2676 5675 quometus
2733 5606 2927 5675 ingens
2966 5609 3020 5660 in
3049 5617 3235 5675 partes
3292 5624 3487 5662 omnes

1899 5667 2211 5747 Orientales
2235 5667 2716 5747 _incubuit._nl-linc
2750 5667 2908 5744 porro
2961 5667 3236 5747 colligitur
3283 5679 3483 5735 omnia.

1897 5754 2016 5808 qua
2039 5738 2103 5792 ab
2125 5743 2276 5817 initio
2300 5746 2488 5812 capitis
2522 5745 2590 5817 13
2622 5747 2722 5798 huc
2750 5738 2938 5815 'mqne
3005 5738 3111 5817 perv
3129 5747 3196 5800 70
3240 5764 3488 5801 numeros

1897 5819 2213 5884 narrantur,
2247 5814 2390 5866 intra
2442 5815 2598 5868 unius
2631 5824 2722 5868 aut
2771 5824 2825 5868 ut
2871 5814 3139 5870 sumntum
3180 5818 3488 5884 sesqiiinnni

1892 5881 2065 5948 spatio
2091 5883 2355 5936 arrirtiase.
