4092 6478
158 473 298 539 3149

1162 435 1337 530 vn'u
1376 465 1423 524 Α
1461 460 1896 525 NICEPIIORO
1937 458 2428 520 CONSCRIPTA.

3301 452 3440 516 ἳίῗιο

161 587 499 660 μισθαρνίας
563 582 990 640 ἕπικαταϐαλεῖν
1040 583 1151 636 καὶ
1213 582 1375 636 τοῦτο
1440 579 1743 652 βεϐαιωσάο

1856 579 1959 631 mul
2005 576 2324 646 dependens
2359 591 2583 641 aureos,
2633 585 2937 646 sancteque
2998 574 3278 645 spondens
3319 589 3436 644 per-

159 698 343 751 μενος.

230 857 363 930 ρος.
387 856 535 928 “pb;
551 853 744 920 ταῦτα,
768 853 968 907 πλείων
984 846 1165 914 οἶκτος
1189 849 1356 905 αὑτοῦ
1378 848 1646 920 λαμϐάνει
1661 846 1754 899 τὸν
1824 916 1827 917 ν

158 949 408 1020 Συμεὼν,
429 948 641 1016 καὶτῆς
660 946 868 1001 άνωθεν
887 946 1026 1014 ὑπὲρ
1043 943 1210 996 αὑτοῦ
1233 942 1394 996 πάλιν
1414 943 1620 1000 ἐκεῖνος
1637 937 1756 1006 φιλ-

157 1039 481 1110 ανθρωπίας
512 1038 700 1091 ἐδεῖτο.
732 1035 822 1107 Τῷ
860 1035 958 1106 μὲν
981 1033 1074 1087 οὖν
1106 1034 1335 1104 δικαστῇ
1363 1031 1580 1084 δέδοκτο
1607 1029 1708 1100 ἤδη
1734 1069 1750 1095 ,

1855 669 2166 723 soluturum
2215 668 2441 739 insuper
2467 666 2740 738 quidquid
2787 683 2891 737 pro
2919 664 3252 720 educatione
3285 667 3439 734 pumi

1853 759 2284 828 expenderetur.

1927 850 2048 904 177.
2094 850 2308 903 Auditis
2336 850 2507 909 hisce,
2536 849 2744 919 majore
2771 847 3012 917 Symeon
3044 846 3264 917 capitur
3289 861 3444 901 com-

1857 941 2211 996 miseratione
2243 939 2370 1001 viri,
2419 938 2775 1008 divinamque
2805 953 2904 1008 pro
2947 953 3013 992 eo
3046 937 3443 1007 benignitatem

1857 1033 2089 1103 supplex
2110 1033 2461 1102 deprecatur.
2487 1030 2716 1100 Jamque
2739 1029 2906 1083 ﬁxum
2931 1045 2995 1083 ac
3028 1038 3298 1084 statutum
3325 1038 3445 1082 erat

157 1131 247 1199 νηῒ
297 1132 392 1185 τὸν
435 1129 607 1201 ἄνδρα
654 1129 852 1199 φόρτον
907 1125 1190 1195 ἐμϐαλεῖν,
1228 1124 1322 1178 καὶ
1371 1124 1576 1194 ταύτην
1616 1121 1750 1176 ἀνά-

1856 1125 2026 1197 iudici
2080 1125 2366 1184 hominem
2400 1123 2524 1177 navi
2578 1122 2888 1190 imponere,
2937 1136 3172 1189 eamque
3225 1119 3444 1189 injectis

157 1225 338 1291 ψαντα
377 1223 527 1277 κατὰ
578 1222 846 1289 πελάγους
880 1221 1119 1288 ἀφεῖναι,
1179 1215 1320 1269 ὥστε
1374 1215 1468 1268 τδν
1515 1213 1754 1267 δείλαιον

162 1319 398 1380 ἐκεῖνον,
433 1317 505 1369 τὰ
538 1313 632 1368 δύο
660 1313 858 1376 ταῦτα,
899 1310 1012 1382 πῦρ
1044 1311 1162 1382 ἅμα
1194 1311 1290 1362 καὶ
1335 1307 1480 1378 ὕδωρ
1519 1305 1749 1377 μερίσα-

163 1407 309 1460 σθαι.
347 1407 580 1460 Δέδοκτο
612 1403 806 1466 ταῦτα,
842 1403 938 1457 καὶ
970 1405 1005 1474 ἠ
1039 1401 1218 1472 ψῆφος
1243 1399 1488 1470 ἐκράτει,
1533 1396 1629 1450 καὶ
1659 1396 1751 1448 τὸν

163 1498 263 1566 μὲν
319 1496 614 1566 δεσμώτην
665 1496 926 1563 ἀνάλογον
959 1497 1017 1548 ὲν
1056 1495 1123 1565 τῇ
1176 1491 1390 1562 φυλακῇ
1427 1489 1750 1560 τηλικούτου

161 1588 496 1659 προσδοκίας
549 1586 722 1640 κακοῦ
779 1587 897 1647 δέος
931 1581 1044 1655 εἶχε
1073 1601 1090 1670 ς
1124 1585 1216 1636 τὸν
1249 1579 1476 1652 Συμεὼν
1521 1580 1577 1633 δὲ
1617 1596 1755 1650 χρη-

162 1680 392 1748 στότερα
425 1677 554 1746 περὶ
575 1676 740 1730 αὑτοῦ
775 1676 978 1746 μᾶλλον
1000 1680 1028 1730 ὁ
1059 1677 1190 1746 περὶ
1210 1675 1338 1737 τοὺς
1367 1674 1569 1735 ἐνδεεῖς
1602 1670 1716 1724 ἐκεί
1728 1699 1750 1710 -

160 1785 251 1821 νου
303 1768 457 1830 ἔλεος
487 1768 729 1831 ὲλπίςειν
770 1766 965 1830 ἐποίει,
999 1765 1135 1835 πρὸς
1175 1764 1326 1817 ἔλεον
1350 1763 1512 1817 πάλιν
1540 1763 1752 1831 ὁρῶντα

163 1859 321 1923 Θεοῦ,
351 1859 449 1912 τοῦ
524 1859 620 1912 καὶ
679 1857 941 1927 ποτήριον
1005 1855 1204 1926 ιυχροῦ
1266 1856 1599 1924 δεχομένου,
1658 1855 1752 1907 καὶ

1855 1215 2090 1270 ﬂammis
2114 1227 2398 1270 accensam
2427 1212 2772 1268 committere
2803 1211 3030 1281 pelago;
3071 1218 3132 1264 ut
3179 1211 3442 1264 miserum

1855 1306 1968 1360 duo
2003 1307 2294 1370 elementa,
2328 1305 2469 1375 ignis
2496 1313 2552 1358 et
2579 1319 2740 1373 aqua,
2787 1303 3132 1373 partirentur
3173 1300 3444 1372 quodam-

1855 1397 2022 1452 modo
2053 1399 2200 1452 inter
2239 1413 2318 1451 se.
2348 1398 2446 1460 lta,
2481 1396 2729 1464 inquam,
2783 1394 2950 1447 ﬁxum
2992 1394 3166 1464 judici
3210 1403 3332 1448 erat
3380 1407 3443 1447 ac

1856 1487 2037 1542 stabat
2067 1489 2342 1542 sententia
2363 1506 2378 1550 ;
2401 1490 2760 1557 vinctumque
2795 1487 2849 1540 in
2880 1484 3131 1541 custodia
3164 1484 3285 1554 pari
3315 1500 3446 1554 pro-

1856 1577 2112 1648 portione
2175 1589 2355 1633 metus
2418 1581 2551 1633 tanti
2600 1580 2826 1650 jamjam
2885 1576 3144 1631 instantis
3192 1574 3320 1628 mali
3350 1590 3440 1628 oc-

1855 1679 2172 1741 cupavcrat.
2205 1671 2411 1726 Verum
2449 1671 2668 1725 mitiora
2707 1672 2893 1725 omnia
2947 1684 3168 1739 sperare
3215 1669 3441 1739 Symeo—

1856 1775 1984 1814 nem
2025 1760 2254 1831 iubebat
2284 1760 2688 1825 misericordia,
2720 1775 2886 1830 quam
2929 1774 3056 1828 erga
3091 1759 3308 1828 indigns
3349 1758 3442 1812 ille

1859 1862 2207 1914 exercuerat.
2236 1855 2427 1909 oculos
2470 1853 2713 1908 vicissim
2747 1853 2804 1907 in
2842 1851 3282 1907 misericordiam
3343 1851 3439 1905 Dei

163 1945 437 2009 πλουσίως
505 1948 852 2016 ἀντιμετρείν
909 1945 1114 2008 εἰδότος
1184 1944 1417 2012 ἀγαθαῖς
1478 1943 1742 2014 προαιρέ-

1856 1952 2289 2010 convertentem,
2344 1943 2439 2014 qui
2495 1959 2654 2013 aqua:
2708 1944 2875 1998 etiam
2929 1941 3143 2010 frigidae
3207 1940 3438 1994 calicem

165 2051 260 2089 σεσ
265 2054 335 2092 ιν.

235 2212 372 2284 ροη’.
390 2214 647 2283 Γεωργοῦ
663 2215 719 2268 δέ
749 2232 893 2278 τινος
912 2217 968 2268 ὲν
991 2209 1166 2286 τούτῳ
1198 2214 1306 2268 τῶν
1329 2214 1541 2268 ἐκείνου
1567 2215 1755 2284 ἀγρῶν

167 2306 316 2374 παρὰ
349 2306 445 2358 τὸν
483 2307 672 2375 Ἀγιον
708 2304 1048 2371 ἀνελθόντος,
1073 2308 1327 2361 κάκείνου
1359 2308 1490 2378 περ)⁸
1521 2307 1618 2360 τοῦ
1651 2308 1750 2361 ἀν-

164 2395 290 2464 δρὸς
343 2398 630 2468 ἐρομένου,
667 2398 788 2467 ἥτις
826 2397 955 2451 ποτὲ
989 2399 1023 2468 ὴ
1068 2400 1190 2451 κατ’
1216 2398 1382 2452 αὑτοῦ
1431 2399 1612 2469 ψῆφος
1643 2400 1753 2470 εἴη,

165 2485 240 2550 ὡς
272 2488 481 2551 ἐκεῖνος
511 2489 579 2541 τὰ
603 2493 734 2558 περὶ
764 2488 929 2542 αὐτοῦ
976 2489 1276 2559 δεδογμένα
1306 2481 1504 2560 φράσοι
1549 2507 1562 2521 ·
1596 2492 1624 2543 ὁ
1653 2491 1755 2544 Συ-

171 2579 316 2650 μεὼν
351 2581 690 2644 πεποιθότως
721 2581 1027 2646 ὑπολαϐὼν,
1080 2582 1216 2634 Οὐδὲ
1261 2581 1382 2654 θρὶξ
1417 2584 1481 2636 ὲκ
1529 2583 1631 2652 τῆς
1662 2601 1757 2637 κε-

171 2672 343 2741 φαλῆς
368 2672 535 2725 αὑτοῦ
577 2674 846 2734 πεσεῖται,
881 2668 1056 2737 εἷπεν,
1083 2674 1192 2740 ούδ’
1226 2674 1274 2726 εί
1320 2674 1523 2736 πάντες
1561 2679 1610 2728 oi
1646 2677 1752 2746 γῆς

167 2764 427 2834 ἄρχοντες
452 2766 570 2819 κατ’
599 2765 764 2819 αὑτοῦ
794 2767 1154 2837 άθροισθεῖεν.
1173 2767 1247 2819 Οὐ
1276 2767 1384 2836 γάρ
1404 2766 1439 2820 ἃ
1459 2766 1537 2837 τῷ
1566 2768 1758 2838 ἄρχον-

168 2870 220 2907 τι
253 2858 386 2926 περὶ
433 2856 528 2909 τοῦ
577 2857 789 2929 ἀνδρὸς,
822 2859 958 2912 άλλά
992 2861 1058 2930 τῇ
1096 2857 1305 2912 ἄνωθεν
1335 2860 1504 2929 ψήφῳ
1535 2867 1758 2930 κέκριτο

174 2945 375 3014 μᾶλλον
391 2947 584 3018 ἐκείνῳ
607 2950 733 3017 περὶ
755 2949 918 3002 αὐτοῦ
944 2939 1307 3021 προφητεύειν
1332 2952 1756 3024 ὲπῄει.Ἐπειτα

173 3038 357 3103 μέντοι
386 3041 480 3092 καὶ
508 3041 584 3103 ὼς
613 3042 646 3110 ἡ
679 3041 800 3111 χεὶρ
829 3041 942 3110 ἔχει
962 3041 1232 3094 διακονεῖν
1269 3042 1364 3096 ἐπὶ
1386 3045 1485 3114 τῆς
1509 3043 1756 3114 φυλακῆς

171 3127 318 3199 αύτῷ
349 3131 582 3201 παρῄνει
612 3131 705 3184 τὸν
741 3131 1142 3201 γεωργόνοἽν⁹
1173 3126 1234 3186 εὗ
1272 3149 1353 3186 σοι
1387 3134 1526 3203 μετὰ
1558 3134 1754 3195 ταῦτα,

165 3222 329 3290 φησὶ,
361 3221 588 3291 γένηται
612 3223 744 3290 παρ’
775 3221 961 3277 αὐτοῦ.
1005 3222 1062 3275 '0
1093 3222 1149 3275 δὲ
1190 3223 1344 3293 παρὰ
1378 3223 1440 3276 τὸ
1466 3223 1756 3294 δεσμωτήο

1857 2046 2130 2107 aceeptat,
2156 2036 2427 2106 bonisque
2471 2037 2775 2107 propositis
2813 2036 3021 2091 aﬂatim
3073 2035 3214 2090 solet
3261 2050 3442 2088 remu-

1857 2130 2061 2183 nerari.

1946 2220 2068 2276 178.
2095 2221 2306 2276 [nterea
2326 2219 2550 2290 quidam
2580 2217 2820 2289 agricola
2863 2233 2937 2276 cr,
2960 2218 3109 2272 illius
3145 2219 3289 2288 agris
3349 2218 3440 2272 ad-

1857 2310 2090 2366 veniens
2130 2310 2198 2365 ad
2257 2319 2532 2372 sanctum,
2593 2309 2907 2364 sciscitatur
2965 2324 3156 2378 ecqua:
3219 2310 3440 2362 tandem

1859 2415 2050 2461 contra
2073 2408 2350 2477 captivum
2377 2386 3152 2474 sententia-pronuntiaremr,
3176 2411 3440 2472 rogatque

1860 2505 1921 2552 ut
1943 2498 2260 2567 eloquetur,
2299 2495 2432 2566 quid
2458 2495 2606 2550 circa
2659 2495 2838 2564 ipsum
2862 2494 3227 2548 constitutum
3260 2509 3325 2547 ac
3347 2493 3440 2547 de-

1859 2591 2073 2644 cretum
2105 2588 2512 2657 sit.Excipiens
2538 2594 2784 2645 sanctus,
2811 2583 3158 2640 confidenter
3184 2585 3400 2653 reponit
3427 2603 3438 2636 :

1859 2682 1938 2736 Ne
1972 2680 2204 2749 capillus
2253 2678 2478 2749 quidem
2508 2677 2577 2732 de
2630 2677 2808 2747 capite
2857 2677 2980 2746 ejus
3025 2675 3205 2738 cadet,
3254 2691 3362 2728 non
3393 2678 3438 2730 si

1859 2786 2052 2825 omnes
2080 2769 2250 2824 totius
2273 2779 2434 2827 terrae
2470 2767 2755 2837 principes
2813 2757 3083 2819 adversus
3122 2767 3302 2834 ipsum
3344 2781 3441 2819 co-

1859 2862 1967 2915 acti
1996 2859 2206 2915 fuerint
2232 2875 2245 2911 :
2279 2873 2390 2911 non
2414 2857 2563 2911 enim
2588 2871 2710 2924 quae
2733 2854 3007 2925 principis
3047 2855 3283 2918 calculo,
3347 2856 3441 2910 sed

1859 2951 2045 3021 potius
2076 2964 2201 3019 qua:
2240 2947 2426 3002 divino
2464 2947 2710 3017 iudicata
2746 2955 2972 3015 rataque
3015 2958 3197 3004 erant.
3250 2948 3445 3001 vaticio.

1858 3039 2116 3094 nabatur.
2160 3037 2370 3092 Deinde
2421 3037 2592 3090 etiam
2646 3035 2974 3088 hortabatur
3017 3037 3335 3105 agricolam,
3383 3051 3443 3090 ut

1860 3131 1961 3199 ipsi
1991 3142 2256 3199 quantum
2279 3137 2463 3196 posset
2493 3129 2551 3180 in
2577 3127 2827 3181 custodia
2876 3128 3273 3196 famularetur:
3301 3130 3440 3196 Quo.

1862 3220 2169 3289 inquiebat,
2196 3219 2432 3289 benigne
2465 3219 2565 3271 tibi
2601 3217 2694 3272 ﬁat
2709 3218 2972 3289 deinceps
3005 3220 3076 3274 ab
3098 3221 3236 3289 ipso.
3256 3221 3446 3275 Currit

173 3329 286 3379 ριον
313 3314 576 3385 δρομαῖος
606 3312 799 3377 ἐλθὼν,
831 3313 1051 3382 κομίζει
1081 3314 1160 3385 τῷ
1192 3315 1471 3387 καταδίκῳ
1513 3317 1614 3386 τῆς
1648 3335 1754 3371 σω-

1865 3313 1955 3367 ille
1985 3309 2267 3365 curriculo
2290 3310 2357 3363 ad
2379 3325 2684 3372 carcerem,
2725 3310 3132 3366 faustissimnm
3183 3313 3444 3367 damnato

170 3403 359 3473 τηρίας
389 3405 457 3457 τά
510 3403 823 3472 εὐαγγέλια.⁹
858 3405 976 3476 ᾔδει
1015 3406 1149 3476 γάρ,
1200 3405 1316 3476 ᾔδει
1347 3411 1494 3477 σαφῆ
1541 3425 1758 3478 προφη-

173 3496 322 3547 τείαν
375 3491 520 3550 εἶναι
575 3495 643 3548 τὰ
695 3497 802 3550 ὑπὸ
853 3496 946 3550 τοῦ
1003 3498 1182 3550 Ὀσίου
1218 3499 1510 3568 λεγόμενα,
1540 3500 1756 3563 πολλοῖς

174 3585 560 3654 προλαϐοῦσιν,
588 3587 724 3640 ἀλλὰ
786 3590 880 3641 καὶ
939 3587 1120 3658 πολλῴ
1179 3589 1445 3658 μείζοσιν,
1482 3590 1622 3660 ἔχων
1662 3592 1757 3644 xui.

173 3676 303 3748 περὶ
336 3678 446 3730 τῶν
481 3679 770 3749 παρόντων
814 3678 1060 3750 θαρρεῖν.
1117 3680 1228 3749 Τῆς
1265 3679 1310 3730 δ’
1367 3680 1628 3748 ἐπιούσης
1659 3683 1755 3734 ἐπὶ

173 3767 426 3836 βήματος
469 3766 624 3832 αὖθις
680 3769 774 3822 τοῦ
809 3769 1068 3840 ἄρχοντος
1131 3771 1598 3840 προκαθίσαντος,
1661 3772 1757 3824 καὶ

169 3858 278 3910 ἀπὸ
309 3859 413 3928 τῆς
441 3859 686 3927 φυλακῆς
732 3858 1246 3930 μεταστειλαμένου,
1274 3860 1322 3910 οἱ
1361 3861 1458 3929 μὲν
1491 3864 1757 3928 παρόντες

170 3948 472 4019 ἀνήρτηντο
499 3952 618 4011 ταῖς
648 3951 775 4018 περὶ
807 3949 975 4002 αὑτοῦ
1003 3949 1219 4002 ἐλπίσιν
1252 3965 1267 3981 ο
1305 3949 1334 4000 ὁ
1375 3951 1432 4003 δὲ
1469 3950 1753 4020 συμπαθές

170 4056 222 4092 τι
255 4041 349 4094 καὶ
377 4042 591 4112 ἥμερον
624 4046 705 4104 είς
756 4042 918 4095 αὑτὸν
971 4040 1112 4107 ίδὼν,
1145 4042 1325 4112 ἀφῆκε
1375 4043 1556 4111 πάσης
1594 4042 1757 4096 αὐτὸν

171 4131 322 4202 παρὰ
379 4135 564 4185 πᾶσαν
628 4131 957 4202 προσδοκίαν
991 4131 1227 4202 εὐθύνης
1257 4147 1272 4161 ⁸
1315 4133 1412 4186 καὶ
1465 4132 1619 4202 παρὰ
1660 4134 1754 4184 τὸν

173 4220 360 4289 Ἀγιον
387 4221 649 4284 ἀνελθὼν,
680 4224 749 4276 τὰ
780 4224 874 4292 τῆς
917 4225 1060 4295 ζωῆς
1095 4224 1244 4295 αύτῷ
1278 4227 1614 4296 χαριστήρια
1649 4242 1750 4279 πε-

175 4315 414 4382 ριφανῶς
439 4315 730 4384 ὡμολόγει,
760 4312 848 4368 οἷα
871 4315 1124 4384 θανάτου,
1160 4315 1261 4386 φεύ
1291 4318 1304 4370 l
1341 4318 1624 4388 αἰσχίστου
1653 4318 1748 4370 καὶ

173 4404 516 4477 πικροτάτου⁸
535 4408 721 4476 εὐχαῖς
745 4406 956 4460 ἐκείνου
987 4407 1081 4461 καὶ
1119 4410 1442 4479 πρεσϐείαις
1471 4409 1754 4479 ἀπηλλαγ-

173 4496 354 4563 μένος.
393 4496 549 4550 Οὕτω
612 4498 714 4566 μὲν
770 4493 866 4551 οὖν
922 4499 1075 4553 οὐδὲν
1125 4499 1237 4552 τῶν
1290 4499 1395 4552 ύπὺ
1445 4499 1537 4552 τοῦ
1573 4499 1754 4551 Ὀσίου

172 4587 588 4657 προειρημένων
628 4588 1188 4657 διαπεπτώκει,ἀλλά
1241 4592 1532 4660 σύμφωνον
1585 4595 1751 4645 πᾶσιν

169 4678 349 4741 αὐτοῖς
393 4681 456 4730 ἐκ
512 4677 607 4730 τοῦ
654 4679 841 4740 τέλους
870 4681 969 4733 καὶ
1015 4681 1077 4733 τὸ
1131 4681 1292 4752 έργὸν
1324 4683 1539 4751 ἀπήντα
1567 4699 1584 4714 ’
1620 4685 1754 4752 ἡμῖν

168 4765 224 4818 δὲ
257 4771 351 4822 καί
379 4769 450 4824 τά
477 4771 603 4842 ἑξῆς
622 4770 731 4825 τῶν
768 4771 934 4826 αὑτοῦ
967 4772 1266 4840 θαυμάτων
1292 4773 1603 4837 ἀκολούθως
1630 4775 1750 4828 δια-

170 4859 418 4929 ληπτέον.

1861 3403 2054 3457 salutis
2089 3403 2344 3456 nuntium
2378 3411 2644 3470 portans:
2679 3413 2908 3457 noverat
2964 3405 3136 3469 enim,
3168 3416 3226 3459 et
3271 3405 3446 3473 probe

1831 3501 2090 3562 [noverat
2145 3501 2351 3547 certam
2384 3509 2506 3548 esse
2542 3494 2922 3564 prophetiam;
2961 3511 3029 3548 ex
3089 3496 3280 3550 multis
3328 3499 3444 3568 jam

1859 3591 1986 3638 ante
2021 3583 2362 3645 memoratis,
2398 3585 2509 3638 imo
2528 3593 2584 3639 et
2617 3586 2778 3653 longe
2836 3585 3092 3654 pluribus
3144 3603 3444 3655 persuasus

1859 3675 1926 3728 de
1973 3675 2336 3745 praesentibus
2388 3676 2530 3730 bene
2563 3691 2809 3744 sperare.
2863 3677 3091 3730 Postero
3129 3678 3217 3731 die
3251 3719 3264 3742 ,
3291 3679 3445 3748 prin-

1859 3767 1982 3836 cipe
2000 3781 2100 3835 pro
2127 3765 2388 3820 tribunali
2409 3766 2593 3821 denuo
2610 3767 2861 3832 sedente,
2894 3770 3254 3839 vinctumque
3281 3787 3311 3824 e
3343 3788 3445 3825 cu—

1857 3859 2033 3913 stodia
2089 3857 2299 3912 accersi
2352 3858 2605 3927 iubente,
2680 3860 2993 3928 pendebant
3041 3861 3261 3925 animis,
3290 3878 3444 3931 spem

1857 3951 2005 4005 inter
2037 3959 2093 4004 et
2122 3960 2333 4003 metum
2359 3949 2533 4012 dubii,
2559 3961 2829 4020 quotquot
2861 3953 3092 4006 aderant
3115 3953 3316 4023 :judex
3351 3971 3446 4008 an-

1858 4051 1965 4096 tem
2026 4042 2265 4112 benigno
2316 4041 2645 4111 placidoque
2701 4045 2856 4097 vultu
2930 4045 3108 4111 ipsum
3189 4045 3439 4110 intuitus,

1855 4141 2058 4204 praeter
2086 4134 2360 4188 omnium'
2389 4137 2858 4203 exspectationem
2891 4138 3040 4189 omni
3090 4137 3326 4191 liberum
3348 4139 3440 4210 ju-

1856 4225 2003 4281 dicio
2028 4225 2273 4280 dimisit:
2308 4225 2404 4295 qui
2431 4225 2498 4280 ad
2549 4235 2802 4280 sanctum
2845 4243 3172 4296 properans,
3219 4244 3446 4284 conser-

1855 4330 2038 4374 vatam
2068 4318 2262 4384 vitam,
2298 4333 2498 4373 munus
2554 4317 2728 4387 ipsius
2779 4333 2900 4373 esse
2959 4322 3136 4388 palam
3184 4324 3443 4376 omnibus

1857 4407 2146 4462 confessus
2164 4418 2267 4471 est,
2295 4416 2450 4462 ratus
2484 4409 2818 4477 turpissima:
2847 4423 3010 4477 atque
3070 4413 3439 4469 acerbissima:

1857 4499 2020 4554 morti
2057 4500 2319 4569 precibus
2342 4500 2492 4556 illius
2521 4517 2584 4556 ac
2608 4502 3006 4557 interceSshzse
3041 4519 3099 4556 se
3124 4517 3442 4575 exemptum

1859 4605 2000 4645 esse.
2030 4590 2122 4645 Sic
2153 4591 2319 4662 igitur
2345 4591 2483 4645 nihil
2515 4608 2729 4657 eorum,
2753 4611 2874 4664 qua:
2909 4606 3138 4651 sanrtus
3182 4599 3447 4666 praedice-

1863 4682 1977 4746 bat,
2015 4681 2169 4735 exitu
2199 4681 2594 4748 lrustrabatur,
2627 4685 2722 4739 sed
2758 4687 2913 4754 paria
2935 4689 3217 4744 vaticiniis
3258 4693 3441 4745 omni-

1806 4776 1809 4780 ’
1858 4773 1962 4828 bus
1986 4772 2104 4842 ipso
2122 4782 2324 4828 eventu
2360 4775 2772 4844 respondebant
2796 4793 2980 4848 Opera.
3016 4780 3219 4836 Verum
3245 4793 3444 4838 caetera

1857 4865 2032 4936 ipsius
2067 4865 2343 4920 mirabilia
2372 4867 2688 4922 successive
2720 4871 3106 4940 prosequenda
3149 4883 3299 4928 sunt.

1586 5005 1813 5063 CAPUT
1854 5005 2045 5082 xxm.

734 5119 988 5177 Tarmina
1031 5133 1310 5188 curantur,
1343 5125 1644 5178 inobediens
1684 5125 1944 5194 punitur:
1977 5125 2214 5176 absentia
2268 5122 2515 5194 Symconi
2557 5127 2912 5185 innotescunt.

243 5234 374 5304 ροθ’,
401 5232 586 5304 Γέρων
607 5251 692 5296 τις
722 5234 1133 5306 ἀμπελουργὸς,
1158 5236 1266 5288 ἀπὸ
1290 5237 1490 5306 χωρίου
1530 5237 1749 5305 Σάμϐου

172 5323 504 5390 καλουμένου
541 5325 707 5388 τινὸς,
737 5327 856 5389 ταῖς
887 5327 1154 5395 ἀμπέλοις
1195 5327 1538 5395 ἐγκεκυφὼς,
1572 5328 1751 5394 ἔδοξεν

169 5410 240 5474 ὡς
272 5413 378 5485 ἄρα
412 5418 718 5483 φωνήσειεν
773 5417 996 5485 αὖτδνὴ
1047 5417 1205 5487 γυνὴ,
1245 5419 1339 5470 καὶ
1388 5417 1584 5487 ἀθρόον
1634 5420 1753 5469 ἐπι-

174 5504 433 5573 στραφεὶς
461 5503 678 5573 ἐκείνην
708 5505 806 5573 μὲν
840 5504 938 5574 ούχ
967 5507 1069 5576 ὁρᾷ
1099 5507 1318 5576 (φάσμα
1345 5508 1452 5576 γάρ
1475 5524 1527 5558 τι
1557 5506 1749 5577 δοιιμό⁹

169 5606 278 5645 νιον
307 5590 377 5665 ἦν
408 5595 509 5662 τῆς
539 5595 797 5663 γυναικὸς
824 5597 962 5650 οίκοι
998 5598 1323 5670 μενούσης),
1362 5600 1521 5661 αὐτὸς
1551 5601 1607 5652 δὲ
1649 5599 1752 5652 ὑπ-

172 5685 414 5760 εσπάσθη
452 5686 520 5737 τά
558 5685 704 5738 ἔνδον
726 5726 740 5748 ,
783 5692 874 5739 καὶ
916 5690 1113 5759 φόρτος
1147 5689 1298 5760 αὐτῷ
1328 5691 1544 5756 γεγόνει
1576 5689 1752 5744 ταῦτα

175 5769 417 5838 ἐλεεινὸς,
474 5776 630 5846 ἄχρις
674 5777 854 5830 αὐτῶν
900 5779 1226 5849 καθειμένος
1255 5781 1522 5848 γονάτων.
1557 5763 1616 5833 Ὀ
1655 5781 1752 5850 μὲν

171 5860 233 5934 δὴ
272 5869 503 5940 καμάτῳ
549 5870 731 5942 πολλῷ
762 5875 855 5926 καὶ
906 5873 1089 5944 μόχθῳ
1141 5876 1278 5944 πρὸς
1316 5874 1407 5927 τὸν
1446 5875 1590 5928 θεῖον
1652 5877 1749 5929 ἁν-

1933 5235 2049 5289 179.
2087 5235 2268 5290 Senex
2307 5239 2556 5307 quidam,
2605 5241 2786 5294 cultor
2832 5246 3031 5300 vineaa.
3090 5264 3157 5302 ex
3195 5249 3316 5304 loco
3346 5257 3441 5322 qui

1855 5325 2092 5381 Sambus
2128 5325 2370 5393 dicitur,
2418 5331 2668 5385 colendis
2707 5333 2912 5388 vitibus
2957 5353 3169 5394 navans
3198 5356 3444 5410 operam,

1857 5418 2090 5488 putabat
2138 5421 2206 5473 ab
2265 5438 2435 5476 uxore
2499 5440 2600 5478 sua
2636 5440 2694 5478 se
2747 5431 2958 5492 vocari,
3008 5447 3070 5484 a8
3106 5443 3333 5502 repente
3381 5452 3447 5488 co

1856 5525 2180 5575 Conversus,
2208 5529 2433 5569 uxorein
2461 5520 2671 5572 nullam
2695 5519 2865 5585 videt,
2889 5522 3216 5590 phantasma
3243 5529 3447 5598 quipp.-

1859 5601 2125 5658 daemonis
2148 5606 2424 5674 quoddam
2461 5618 2603 5672 erat,
2638 5613 2927 5668 mulierem
2960 5619 3109 5670 domi
3134 5627 3450 5674 manentem

1861 5694 2035 5764 probe
2064 5697 2407 5755 simulantis:
2431 5708 2484 5772 at
2507 5701 2624 5772 ipse
2645 5704 2955 5761 visceribus
2973 5709 3309 5780 distorqucri
3337 5729 3449 5768 cu:-

1860 5785 1964 5857 pit,
1993 5802 2118 5857 quae
2141 5788 2494 5859 importabile
2514 5794 2654 5850 adeo
2672 5811 2737 5850 ac
2757 5798 3077 5855 miserabile
3102 5817 3246 5856 onus
3305 5802 3449 5858 facta

1860 5889 2042 5948 erant,
2081 5894 2141 5938 ut
2167 5881 2285 5952 ipsa
2313 5901 2492 5955 genua
2524 5887 2900 5945 subsiderent.
2951 5892 3126 5961 Igitur
3160 5889 3452 5954 laboribus
