4092 6458
652 406 784 470 φρει

670 452 755 470 σιυ

670 452 755 470 ΙΙΙ-Ι

1857 405 1916 463 S.
1957 402 2332 462 SYMEONIS
2372 402 2731 461 JUN’IORIS
2784 438 2795 444 ι

3784 399 3925 465 315!

651 535 811 591 atque
831 516 1092 572 :erunmis
1118 516 1315 585 impar,
1336 515 1404 569 ad
1428 523 1679 568 sanctum
1707 514 2032 585 Symeonem
2061 513 2228 566 aldu-

2366 512 2575 578 νεχθεὶς
2607 510 2853 580 Συμεὼν,
2882 508 2987 580 πρὸ
3012 509 3108 577 τῆς
3143 509 3309 563 αὐτοῦ
3342 509 3595 572 στάσεως
3616 502 3929 564 Ῑὲκυλινδεῖ-

651 624 790 673 ιτιιιε,
812 617 939 663 aute
976 608 1289 662 columnam
1322 607 1521 661 misere
1548 606 1938 659 volutabatur:
1975 604 2123 674 quod
2152 604 2231 658 fa-

653 713 801 754 ctum
818 700 1132 763 fuerat,non
1148 699 1332 753 verbis
1349 699 1520 767 magis
1533 712 1695 765 quam
1714 697 1975 769 lacrymis
1991 697 2229 751 ubertim

654 799 749 852 per
766 792 966 838 terram
982 784 1348 846 ﬂuitantibus,
1378 781 1698 843 euuntians,
1721 792 1886 851 atque
1904 781 2235 835 calamitatis

655 890 765 928 suae
788 876 1119 929 levationem
1146 874 1498 942 precabatur.
1558 873 1661 929 Cui
1701 890 1938 943 surgens
1977 884 2232 927 sanctus:

658 965 824 1027 Vade,
861 966 1063 1032 inquit,
1088 964 1541 1033 donecsuperato
1564 965 1759 1028 fluvio,
1796 948 2086 1017 adversum
2102 977 2236 1015 con-

657 1056 943 1111 scenderis
971 1065 1253 1121 montem;
1280 1064 1335 1109 et
1366 1056 1435 1109 da
1478 1056 1708 1125 gloriam
1745 1056 1856 1109 Deo
1904 1071 2001 1123 per
2037 1070 2143 1109 me.
2188 1053 2239 1109 Is

656 1156 838 1199 autem
862 1145 1030 1199 verba
1064 1146 1247 1199 haecin
1284 1152 1429 1197 terra
1456 1144 1622 1207 bona,
1647 1143 1815 1198 veluti
1849 1159 2036 1198 semen
2060 1145 2239 1213 quod-

657 1236 1003 1300 dam,cordis
1030 1236 1156 1289 sinu
1192 1236 1493 1303 excipiens,
1524 1236 1778 1304 cumjam
1811 1236 1865 1288 in
1894 1242 2137 1301 montem
2166 1250 2234 1288 ex

656 1329 908 1399 opposito
930 1328 1097 1382 situm
1126 1327 1323 1381 enixus
1350 1336 1515 1383 esset.
1548 1326 1614 1379 ad
1652 1327 1754 1379 viri
1789 1326 1885 1381 Dei
1924 1327 2233 1379 columnam

657 1434 981 1483 conversus,
1017 1418 1291 1480 manibus,
1322 1418 1487 1471 simul
1518 1433 1641 1470 cum
1669 1431 1765 1485 spe
1786 1426 1842 1469 et
1872 1416 2109 1471 cordein
2125 1431 2239 1470 cm-

656 1516 739 1568 las
756 1512 973 1577 levatis,
1007 1512 1238 1582 genibus
1259 1526 1320 1563 ac
1333 1512 1487 1564 vultu
1510 1512 1563 1563 in
1584 1519 1784 1563 terram
1804 1510 2052 1580 deiectis.
2068 1510 2237 1563 Deum

660 1621 757 1673 per
800 1604 1160 1659 mediatorem
1194 1601 1523 1673 Symeonem
1556 1618 1655 1671 pro
1687 1602 2016 1657 liberatione
2058 1601 2242 1670 depri-

660 1697 861 1751 mentis
889 1712 947 1750 se
979 1696 1105 1749 mali
1148 1694 1464 1759 invocabat,
1512 1706 1567 1747 et
1598 1695 1863 1747 continuo
1892 1692 2038 1762 (quis
2086 1690 2241 1745 audi-

2340 619 2419 659 το,
2454 602 2513 654 τὸ
2548 602 2772 669 γεγονὸς
2803 600 3166 668 ἀπαγγέλλων
3204 601 3265 653 οὑ
3293 600 3503 670 ῥήμασι
3539 600 3742 670 μᾶλλον
3772 603 3806 670 ἢ
3838 600 3935 655 δάε·

2340 692 2610 766 κρυσιν,ἀ
2639 692 2704 760 δὴ
2736 692 2907 745 πολλά
2953 684 3213 761 κατέχεεν
3256 692 3351 744 τοῦ
3400 691 3659 758 ἐδάφους,
3691 693 3790 745 καὶ
3830 691 3934 759 τῆς

2342 784 2633 852 συμφορᾶς
2665 782 3049 850 ἀπαλλαγῆναι
3088 782 3362 852 δεόμενος.
3408 782 3469 834 Ὀ
3497 782 3556 835 δὲ
3602 782 3928 843 διαναστάς,

2342 876 2604 944 Πορεύου,
2651 874 2754 945 ἔφη
2785 890 2797 899 ³
2831 875 2917 926 ἐπ’
2956 874 3021 926 ἂν
3061 879 3241 942 μέντοι
3284 875 3373 926 τὸν
3406 875 3658 941 ποταμὸν
3691 889 3935 943 περαιο-

2340 965 2450 1027 θεὶς
2482 964 2575 1017 τοῦ
2608 965 2905 1035 ἀντιπέρας
2941 964 3137 1032 ἐπιϐῇς
3160 964 3352 1033 ὅρους,
3377 964 3465 1027 δὺς
3496 965 3663 1030 δ’ἒξαν
3697 964 3766 1015 δι’
3800 962 3933 1032 ἐμοῦ

2339 1057 2416 1126 τῷ
2446 1058 2585 1127 Θεῷ.
2625 1057 2683 1110 Ὀ
2716 1057 2771 1110 δὲ
2796 1058 2887 1109 τὸν
2918 1055 3074 1123 λόγον
3095 1055 3237 1109 κατά
3270 1055 3370 1121 τὴν
3412 1055 3633 1124 ἀγαθὴν
3672 1056 3803 1125 γῆν,
3829 1056 3936 1105 oio.

2340 1150 2419 1200 νεί
2452 1167 2573 1201 τινα
2623 1149 2843 1217 σπόρον,
2874 1151 2931 1201 ἐν
2961 1150 3071 1211 τοῖς
3109 1150 3208 1217 τῆς
3236 1148 3465 1217 καρδίας
3512 1149 3742 1210 κόλποις
3775 1148 3934 1212 6561'-

2346 1258 2526 1309 μενος,
2558 1241 2632 1302 ὡς
2672 1240 2771 1309 ἢδη
2801 1239 2895 1291 τοῦ
2947 1239 3072 1293 κατ’
3108 1240 3338 1310 ἀντικρῦ
3369 1240 3534 1311 ὅρους
3560 1240 3766 1309 ἐπέϐη,
3800 1244 3937 1309 πρὶς

2338 1334 2431 1384 τὸν
2474 1332 2665 1385 στύλον
2705 1332 2799 1385 τοῦ
2846 1332 3038 1398 ἀνδρὸς
3081 1334 3442 1403 ἐπιστρέψας,
3477 1332 3578 1386 καὶ
3608 1332 3712 1396 τάς
3738 1336 3936 1403 χεῖρας

2344 1422 2483 1491 μετά
2509 1422 2615 1473 τῶν
2644 1422 2876 1475 ἐλπίδων
2905 1423 2999 1475 καὶ
3028 1426 3127 1492 τῆς
3151 1423 3378 1493 καρδίας
3408 1426 3487 1487 είς
3509 1424 3786 1496 οὐρανοὺς
3809 1424 3939 1476 ἀνα-

2342 1515 2541 1577 τείνας,
2580 1514 2785 1581 γόνατά
2827 1531 2885 1566 τε
2932 1514 3028 1567 καὶ
3055 1513 3207 1583 ὄψεις
3247 1518 3316 1583 γῇ
3342 1514 3613 1578 δεδωκὼς,
3657 1517 3755 1570 τὸν
3807 1514 3939 1569 Θεὸν

2343 1606 2447 1658 ὑπὸ
2478 1605 2671 1677 μεσίτῃ
2704 1605 2782 1676 τῷ
2812 1606 3042 1676 Συμεὼν
3070 1606 3150 1669 είς
3180 1606 3501 1678 ἀπαλλαγὴν
3532 1608 3638 1677 τῆς
3670 1609 3935 1679 κατεχοὺο

2346 1715 2445 1768 σης
2474 1698 2639 1751 αὐτὸν
2668 1698 2914 1766 ἀνάγκης
2948 1698 3286 1753 ἐπεκαλεῖτο.
3318 1699 3426 1753 Καὶ
3454 1700 3812 1771 παραχρῆμα
3834 1702 3939 1768 (τίς

663 1788 813 1842 tione
869 1786 999 1840 tanti
1047 1786 1295 1841 miraculi
1329 1801 1436 1839 non
1471 1785 1883 1855 obsmpescet?)
1932 1792 2117 1839 tumor
2150 1783 2239 1837 ille

2360 1789 2446 1842 ιὺκ
2478 1788 2543 1842 ἂν
2574 1790 2711 1859 ἀκοῇ
2737 1788 2798 1842 rb
2827 1788 3012 1859 θαῦμα
3054 1790 3505 1859 καταπλαγείη;)
3553 1792 3583 1842 ὁ
3618 1791 3941 1861 τηλικοῦτος

662 1884 965 1933 immensus
996 1878 1242 1941 evanuit,
1289 1876 1548 1930 omnibus
1578 1876 1751 1945 ipsius
1804 1875 2069 1928 membris
2096 1883 2245 1928 recte

2360 1881 2625 1934 Ξιαλέλυτο
2648 1882 2831 1948 ὄγκος,
2857 1882 3027 1949 ὑγιῶς
3048 1882 3197 1951 αὐτῷ
3223 1881 3441 1935 πάντων
3469 1882 3568 1935 καὶ
3598 1884 3745 1937 κατὰ
3782 1883 3939 1952 φύσιν

660 1988 723 2025 ac
745 1980 1115 2041 congruenter
1143 1979 1352 2024 naturae
1384 1984 1443 2023 se
1474 1966 2121 2035 habentibus.Quotquot
2144 1966 2245 2019 ita-

662 2080 767 2131 que
794 2062 999 2117 conscii
1035 2060 1364 2116 calamitatis
1391 2060 1540 2114 illius
1562 2060 1809 2123 fuerunt,
1840 2059 1877 2111 ii
1903 2073 2102 2127 nempe
2125 2071 2245 2110 om-

663 2170 763 2209 nes
796 2155 891 2223 qui
941 2168 1165 2207 manum
1200 2151 1529 2222 adjutricem
1576 2151 1935 2204 admoventes
1959 2148 2139 2217 ipsum
2170 2146 2244 2199 .in

664 2254 906 2299 montem
970 2243 1403 2306 transtulerant,
1458 2242 1683 2295 eosdem
1740 2239 1972 2310 prodigii
2029 2253 2247 2307 quoque

664 2337 915 2393 conscios
944 2335 1107 2402 fecit;
1136 2350 1373 2403 cumque
1400 2337 1765 2387 monstrasset
1787 2346 1895 2401 quo
1912 2338 2073 2401 pacto
2092 2328 2249 2383 malis

664 2436 953 2496 exemptus
981 2432 1148 2488 esset,
1172 2424 1334 2478 simul
1356 2424 1419 2477 ad
1442 2431 1692 2477 sanctum
1732 2422 2038 2485 redierunt,
2083 2417 2247 2473 simul

644 2505 997 2572 beneficium
1049 2513 1286 2569 confessi
1323 2520 1689 2583 agnoverunt.

740 2720 865 2775 180.
904 2717 1093 2787 Magna
1119 2715 1340 2786 quidem
1365 2724 1423 2769 et
1444 2714 1732 2777 mirabilis,
1758 2714 1897 2773 scio.
1926 2709 2127 2767 accidit
2145 2710 2251 2781 piis

668 2811 897 2865 auribus
922 2810 1038 2863 haec
1065 2806 1331 2870 narratio,
1364 2806 1529 2861 habet
1557 2814 1739 2860 tamen
1766 2805 1931 2859 etiam
1956 2817 2250 2873 supparem

673 2904 843 2963 illam,
880 2916 1001 2970 qua:
1033 2898 1307 2968 sequitur.
1356 2896 1513 2951 Alius
1552 2896 1801 2966 quidam,
1827 2894 2072 2951 Caesarea
2115 2893 2253 2965 Cap-

2346 1972 2605 2041 ὲχάντωνέ
2628 1971 2768 2035 Τοὺς
2804 1973 3092 2035 κοινωνοὺς
3134 1974 3310 2025 τοίνυν
3339 1973 3439 2043 τῆς
3470 1977 3786 2044 συμφορᾶς.
3829 1976 3940 2029 ὅσοι

2346 2060 2546 2132 δηλαδὴ
2586 2063 2680 2115 καὶ
2722 2063 3239 2132 ωνεπιῦοηθοξντες
3285 2063 3435 2133 αὑτῷ
3482 2064 3940 2130 διαδαστάζοντες

2346 2147 2486 2220 ἦσαν
2515 2151 2653 2222 πρὸς
2680 2151 2779 2222 τὴν
2806 2154 3054 2222 πορείαν,
3081 2156 3371 2218 κοινωνοὺς
3404 2157 3499 2209 καὶ
3528 2157 3627 2209 τοῦ
3658 2157 3940 2227 θαύματος

2349 2246 2616 2296 ἐποιεῖτο·
2654 2244 2747 2296 καὶ
2783 2244 2933 2306 ὅπως
2979 2244 3074 2297 τοῦ
3124 2246 3326 2309 πάθους
3370 2248 3699 2319 ἀπήλλακτο
3738 2250 3939 2315 δείξας,

2350 2335 2502 2403 κοινῇ
2531 2334 2664 2404 πρὸς
2693 2334 2785 2387 τὸν
2806 2336 2997 2401 Ἀγιον
3042 2336 3349 2408 ἐπανῄεσαν
3379 2338 3559 2408 αὖθις,
3578 2343 3736 2412 κοινῇ
3756 2343 3827 2397 τά
3844 2341 3940 2409 τῆς

2350 2426 2671 2497 εὐεργεσίας
2698 2427 3101 2499 ἀνωμολόγουν.

2424 2720 2534 2787 ρπθ.
2567 2714 2727 2783 Μέγα
2782 2714 2880 2784 μὲν
2927 2709 3020 2766 οὖν
3052 2707 3170 2767 οῖδα
3215 2712 3483 2781 φιλοθέοις
3524 2713 3719 2777 ἀκοαῖς
3753 2712 3819 2767 rb
3862 2710 3940 2766 δι-

2354 2808 2567 2879 ήγημα,
2620 2806 2847 2876 ἀδελφὸν
2883 2806 2941 2859 δὲ
2984 2807 3135 2876 ὅμως
3180 2805 3276 2858 καὶ
3314 2806 3377 2858 τὸ
3423 2808 3771 2875 ἐπαγόμενον
3810 2805 3940 2876 ἔχει.

2352 2898 2585 2972 ΔἝτερος
2614 2902 2725 2970 γάρ
2740 2918 2844 2963 τις,
2886 2900 2951 2953 ἐκ
2973 2898 3309 2968 Καισαρείας
3337 2898 3395 2950 δι
3418 2898 3814 2953 Καππαδοκῶν
3839 2898 3943 2969 rip.

672 2994 916 3064 padoeia:
942 2990 1237 3055 oriundus,
1269 3004 1301 3044 a
1326 3005 1385 3044 re
1408 2988 1667 3044 familiari
1704 2988 1911 3043 aﬂatim
1939 3004 2045 3043 nec
2071 2988 2256 3044 minus

2360 2990 2621 3059 μημὲνος,
2663 2988 2777 3057 βίου
2825 2987 2925 3057 μὲν
2970 2985 3172 3049 ἱκανῶς
3208 2988 3314 3039 οὐκ
3357 2988 3592 3057 ἀσήμως
3634 2988 3693 3041 δὲ
3729 2988 3827 3042 καὶ
3857 2988 3943 3055 τι

670 3106 699 3139 a
729 3087 951 3158 generis
982 3084 1271 3139 nobilitate
1304 3083 1632 3144 instructus,
1654 3080 1847 3135 iisdem
1871 3080 2074 3144 quibus
2097 3095 2256 3150 supe-

2360 3098 2479 3142 νους
2508 3080 2666 3150 ἔχων,
2696 3079 2859 3132 πάθει
2884 3080 2977 3132 καὶ
3002 3078 3162 3150 βάρει
3184 3078 3259 3148 τῷ
3290 3079 3439 3149 αὐτῷ
3469 3080 3823 3151 πιεζόμενος,
3853 3084 3943 3135 καὶ

676 3154 789 3230 rior
845 3175 1179 3229 torminibus
1226 3174 1550 3245 ventrisque
1595 3180 1810 3226 tumore
1839 3170 2250 3235 afﬂictabatur;

2360 3173 2456 3241 τὴν
2488 3172 2587 3243 μὲν
2613 3172 2803 3224 οὐσίαν
2840 3171 3059 3240 τέχναις
3091 3170 3293 3241 ἰατρῶν
3338 3164 3762 3240 ἑκδαπανηθεὶς,
3796 3171 3945 3225 οἰδὲν
4050 3154 4051 3157 η

668 3272 890 3338 jamque
914 3265 1222 3321 substantia
1247 3264 1398 3319 omni
1422 3266 1479 3318 in
1502 3262 1843 3319 medicorum
1869 3271 2042 3317 artem
2060 3274 2258 3330 expen-

675 3376 755 3425 sa,
786 3357 936 3413 aliud
970 3358 1108 3411 nihil
1136 3355 1498 3411 emolumenti
1525 3364 1768 3425 ceperat,
1794 3369 1956 3422 quam
1986 3354 2133 3423 quod
2172 3352 2259 3406 di-

675 3451 874 3507 dicerit
923 3448 1263 3505 curationem
1296 3448 1595 3502 humanam
1627 3462 1745 3501 esse
1770 3459 2257 3515 supervacaneam,

678 3542 914 3612 ideoque
944 3540 1011 3595 ad
1039 3538 1282 3593 divinam
1319 3537 1490 3590 divini
1529 3536 1759 3607 hujusce
1796 3535 1901 3589 viri
1933 3548 2093 3604 opem
2130 3547 2262 3587 con-

676 3633 899 3706 fugerit.
929 3633 1009 3687 Eo
1039 3632 1226 3701 itaque
1249 3645 1373 3685 cum
1407 3628 1739 3691 advenisset,
1762 3640 1977 3697 preces,
1999 3626 2257 3696 gemitus,

679 3726 966 3796 lacrymas,
1002 3734 1059 3777 et
1098 3724 1143 3777 si
1174 3720 1308 3791 quid
1343 3729 1605 3789 praeterea
1652 3727 1739 3772 est
1770 3717 1918 3787 quod
1968 3715 2262 3771 commise-

616 3828 619 3829 '
684 3805 952 3869 rationem
1004 3814 1151 3867 ciere
1204 3811 1311 3880 piis
1356 3808 1644 3862 animabus
1687 3809 1879 3877 possit,
1914 3822 2017 3877 pro
2048 3805 2261 3859 incolu-

684 3908 871 3960 mitate
902 3915 958 3959 et
998 3904 1250 3957 dolorum
1288 3899 1616 3969 depulsione
1646 3899 1965 3953 exhibebat.
1992 3896 2090 3951 His
2131 3910 2263 3949 vero

683 3999 921 4069 Symeon
953 3994 1021 4049 ad
1073 3993 1453 4048 miserandum
1508 4000 1721 4052 motus,
1749 4004 1943 4044 versus
1986 3989 2135 4042 illam
2164 3988 2266 4041 mi-

685 4085 1042 4141 δεήσοι-ἀίδια)
1076 4082 1268 4136 oculos
1294 4082 1544 4142 sustulit,
1580 4094 1702 4150 qua:
1729 4078 1995 4148 quidquid
2028 4078 2267 4147 petimus

686 4192 905 4246 semper
927 4174 1125 4230 tribuit
1157 4189 1171 4226 :
1213 4174 1571 4242 seutiensque
1604 4171 1933 4225 diviniorem
1968 4168 2265 4239 quamdam

688 4272 741 4323 in
764 4284 823 4323 se
844 4266 1072 4338 gratiam
1092 4283 1103 4319 :
1123 4265 1459 4329 Ascendens,
1482 4264 1682 4333 inquit,
1708 4262 2086 4332 appropinqua
2109 4260 2264 4314 mihi.

682 4358 791 4425 Qui
819 4372 946 4411 cum
966 4356 1117 4425 iussa
1143 4370 1268 4408 mox
1290 4369 1607 4423 capescens,
1632 4354 1856 4422 jamque
1880 4351 2125 4421 proxime
2151 4366 2270 4404 san-

690 4460 839 4503 ctum
872 4447 1103 4501 veniens
1124 4445 1269 4517 (quis
1290 4444 1507 4499 Domini
1532 4443 1945 4497 misericordias
1968 4440 2265 4512 cantabit?)

2356 3266 2413 3319 δι
2452 3265 2579 3319 ἀλλο
2615 3264 2820 3318 τούτων
2869 3259 3131 3332 ὀνάμενος
3171 3263 3254 3317 ὅτι
3296 3264 3373 3334 μὴ
3408 3262 3508 3334 τὴν
3549 3263 3610 3329 ἐξ
3640 3263 3942 3334 ἀνθρώπων

2359 3356 2455 3425 τῆς
2504 3354 2803 3425 θεραπείας
2836 3354 3173 3421 ἀπόγνωσιν,
3221 3353 3313 3407 καὶ
3356 3353 3444 3407 διά
3473 3350 3635 3406 τοῦτο
3682 3355 3821 3424 πρὸς
3854 3354 3943 3407 τὸν

2360 3445 2501 3499 θεῖον
2548 3446 2715 3515 ἀνδρα
2746 3444 2935 3498 τοῦτον
3000 3445 3097 3497 καὶ
3144 3445 3243 3514 τήν
3292 3444 3351 3510 ἐξ
3398 3444 3565 3497 αὐτοῦ
3613 3442 3943 3513 καταφυγὼν

2360 3538 2511 3591 θείαν
2546 3536 2827 3607 ἐνέργειαν
2878 3550 2897 3567 ’
2932 3530 3089 3599 οὗτος
3125 3534 3277 3603 παρά
3313 3536 3404 3587 τὸν
3446 3534 3675 3604 Συμεὼν
3711 3536 3943 3591 ἀνελθὼν

2359 3630 2593 3699 δεήσιις,
2624 3628 2889 3698 οἰμωγάς,
2916 3627 3147 3696 δάκρυα,
3176 3628 3285 3680 πᾶν
3328 3626 3383 3679 εί
3406 3644 3460 3681 τι
3487 3627 3621 3681 ἀλλο
3649 3628 3945 3699 δυνάμενον

2362 3724 2441 3785 είς
2465 3716 2646 3775 οἴκτου
2679 3719 2906 3773 ἑλκῦσαι
2940 3720 3139 3790 ψυχὴν,
3175 3720 3310 3791 ὑπὲρ
3343 3720 3441 3788 τῆς
3478 3720 3574 3772 τοῦ
3604 3721 3813 3784 πάθους
3841 3723 3942 3775 ἀπο

2363 3812 2604 3883 unum;
2638 3811 2919 3864 ἐπεδείκνυ
2940 3825 2955 3841 ⁸
2989 3810 3126 3881 πρὸς
3155 3811 3299 3880 ἀπερ
3329 3812 3540 3874 helvo;
3560 3812 3633 3864 τὰ
3668 3812 3944 3882 σπλάγχνα

2364 3903 2574 3965 παθὼν,
2629 3904 2709 3966 εις
2757 3903 3074 3973 οίκτιρμοὺς
3143 3900 3338 3970 ἔϐλεψα
3388 3900 3574 3963 πάλιν.
3644 3904 3773 3966 τοὺς
3827 3903 3945 3956 ὅσον

2364 3994 2624 4062 αἰτοῦμεν
2649 3994 2735 4046 ἀεὶ
2763 3992 3029 4057 διδόντας,
3053 3991 3149 4045 καί
3177 4008 3319 4053 τινος
3343 3989 3673 4060 αἰσθόμενος
3696 3993 3754 4045 ιν
3774 3991 3943 4059 ἑαυτῷ

2364 4088 2585 4155 χάριτος
2615 4082 2915 4153 θειοτέρας,
2949 4081 3200 4146 Ἀναϐὰς,
3220 4083 3407 4153 φησὶν,
3443 4082 3667 4150 ἐγγισόν
3701 4100 3812 4151 μοι.
3843 4081 3942 4136 τοῦ

2364 4176 2421 4228 δὲ
2462 4176 2537 4237 ὡς
2572 4173 2893 4229 κεκέλευστο
2919 4171 3521 4245 δράσαντος,μὲπείπερ
3573 4174 3804 4243 ἔγγιστα
3849 4175 3941 4247 ἤδη

2366 4266 2459 4321 τοῦ
2492 4267 2674 4336 Ἀγίου
2707 4266 2849 4320 ἔλθοι
2879 4266 2985 4334 (τίς
3017 4264 3228 4337 ᾅσεται,
3253 4266 3483 4337 Χριστὲ,
3507 4267 3577 4319 τὰ
3616 4267 3747 4335 ιλιη
3778 4265 3944 4337 σονς)

2368 4358 2460 4412 τοῦ
2486 4357 2693 4429 πάθους
2725 4357 2927 4420 εὐθέως
2952 4355 3408 4427 θεραπευθέντος,
3452 4359 3482 4410 ὁ
3530 4357 3761 4427 Συμεὼν
3796 4357 3947 4427 ίλαρᾷ

2369 4451 2464 4505 καὶ
2489 4450 2609 4521 ὕψει
2626 4450 2719 4503 καὶ
2743 4448 2980 4520 γλώττῃ,
3015 4448 3324 4519 Ἄνθρωπε,
3354 4448 3525 4513 ἴασαι,
3556 4450 3686 4519 ἔφη.
3702 4451 3789 4512 Ὡς
3814 4450 3869 4504 δι
3892 4447 3948 4502 τι

694 4543 841 4595 illico
867 4545 1164 4609 persanata
1194 4537 1386 4591 morbo
1425 4536 1717 4591 incolumis
1744 4542 1977 4600 astaret;
2006 4533 2256 4605 Symeon.

2371 4542 2565 4612 ἀθρόον
2602 4542 2779 4594 ἐκεῖνο
2811 4543 2908 4610 τῆς
2938 4540 3257 4608 θεραπείας,
3284 4539 3380 4592 καὶ
3409 4539 3585 4611 αὐτὴν
3634 4538 3835 4606 ἔϐλαψα
3857 4540 3946 4609 τὴν

692 4631 1090 4687 animadversis
1125 4630 1237 4701 jam
1269 4640 1326 4684 et
1355 4629 1643 4698 repentina
1679 4626 1922 4681 hominis
1961 4625 2269 4689 sanatione,

692 4735 750 4779 et
775 4723 924 4795 gravi
953 4722 1110 4793 quasi
1137 4721 1320 4777 adhuc
1352 4720 1616 4791 patientis
1643 4734 1830 4780 sensu,
1863 4719 1941 4773 ait
1982 4718 2084 4779 illi,
2118 4718 2272 4771 vultu

693 4823 858 4884 atque
887 4828 983 4869 ore
1023 4813 1300 4868 renidenti
1330 4830 1343 4865 :
1375 4812 1445 4865 Mi
1481 4812 1667 4873 homo,
1700 4818 1925 4865 sanatus
1946 4824 2027 4864 es.
2059 4808 2275 4876 Nequa-

692 4921 877 4974 quam,
908 4914 1096 4960 sancte
1121 4905 1237 4969 Dei,
1263 4906 1339 4957 ait
1364 4903 1505 4957 alter
1530 4902 1670 4955 flens
1698 4909 1862 4970 atque
1884 4900 2274 4971 ingemiscens.

693 4997 788 5051 sed
808 5005 1051 5052 extrema
1077 4994 1327 5064 quaedam
1351 4994 1656 5047 necessitas
1679 5005 1765 5043 me
1793 4989 2014 5059 premit,
2036 4988 2276 5059 facitque

698 5101 758 5145 ut
786 5104 937 5144 mors
969 5089 1103 5142 mihi
1139 5089 1308 5156 longe
1335 5084 1543 5156 gratior
1571 5083 1663 5136 tali
1699 5082 1811 5136 vita
1839 5083 1930 5136 sit.
1965 5081 2120 5137 Tunc
2148 5098 2276 5136 san-

680 5187 819 5237 'ctus
856 5180 1021 5236 tacite
1053 5178 1393 5248 subiiciens:
1426 5175 1708 5234 Scrutare.
1747 5174 1946 5243 inquit,
1967 5172 2275 5245 temetipse,

693 5273 1145 5342 etcomperiesex
1162 5279 1275 5331 toto
1289 5267 1657 5323 convaluisse.
1677 5266 1812 5321 Cum
1846 5275 2029 5320 autem
2047 5266 2093 5320 is
2115 5281 2278 5320 manu

697 5365 1003 5435 periculum
1037 5364 1157 5433 ejus
1188 5362 1268 5416 rei
1302 5362 1553 5424 fecisset,
1578 5375 1637 5414 se
1678 5358 2010 5412 incolumem
2049 5358 2276 5427 reperit.

697 5454 890 5508 tubere
905 5455 1056 5507 omni
1083 5451 1309 5505 omnino
1326 5450 1573 5505 emollita
1604 5459 1659 5503 et
1679 5448 1931 5517 depulso.
1960 5446 2096 5503 Cum
2117 5449 2282 5519 igitur

697 5547 831 5601 nihil
848 5545 1171 5616 quidquam,
1195 5546 1341 5613 quod
1360 5561 1390 5598 a
1418 5552 1613 5597 natura
1637 5541 1877 5596 alienum
1899 5552 2063 5603 esset,
2084 5542 2282 5611 depre-

698 5638 985 5703 henderet,
1008 5645 1145 5691 :estu
1169 5635 1337 5688 animi
1359 5634 1601 5704 repletus
1620 5649 1683 5687 ac
1702 5631 1971 5703 vertigine
1986 5632 2152 5701 (quod
2173 5649 2282 5686 non

2372 4631 2468 4684 τοῦ
2517 4632 2816 4699 πάσχοντος
2847 4628 3124 4699 αἴσθησιν,
3180 4627 3469 4697 Οὐδαμῶς,
3517 4628 3643 4696 ἀγιε
3680 4628 3773 4681 τοῦ
3799 4627 3945 4690 Θεοῦ,

2374 4722 2623 4793 δακρύων
2655 4722 2751 4775 καὶ
2784 4720 2987 4773 στένων
3013 4714 3186 4781 εἶπεν,
3218 4718 3354 4771 ἀλλά
3390 4718 3604 4788 χαλεπή
3630 4735 3718 4782 τις
3744 4718 3945 4786 ἀνάγκη

2378 4813 2554 4874 πιέζει
2602 4828 2691 4880 με,
2724 4810 2873 4881 ἣδιον
2903 4808 3085 4878 πολλῷ
3130 4807 3223 4861 τοῦ
3257 4808 3356 4877 ζῇν
3398 4806 3575 4870 οὕτως
3617 4806 3947 4878 ἂργαζομινη

2382 4920 2471 4971 μοι
2522 4904 2583 4956 τὸ
2614 4902 2815 4956 θανεῖν.
2860 4901 2918 4956 Ὀ
2956 4901 3013 4955 δὲ
3066 4900 3248 4972 ἠρέμα
3300 4899 3585 4969 προσθεὶς,
3636 4899 3947 4970 Ἑρεύνησον

2380 4996 2593 5059 ἑαυτὸν,
2626 4995 2752 5065 ἔφη,
2774 4994 2878 5047 ’καὶ
2895 4994 3017 5065 εἴσῃ
3040 4992 3226 5060 σαφῶς
3256 4992 3337 5045 ὅτι
3369 4990 3463 5043 τοῦ
3488 4991 3695 5054 πάθους

2381 5086 2489 5152 ξαι.
2542 5086 2633 5148 Ὦς
2681 5086 2737 5138 δὲ
2773 5089 2839 5156 τῇ
2878 5086 3023 5155 χειρὶ
3060 5086 3158 5153 τὴν
3204 5084 3429 5153 ἔρευναν
3463 5081 3788 5153 ἑπιτρὲψας,
3825 5081 3950 5147 ἔγνω

2383 5181 2576 5232 ἑαυτὸν
2623 5178 2833 5246 ἀπαθῆ,
2866 5177 2961 5230 τοῦ
2997 5177 3163 5245 δγκου
3206 5177 3559 5231 παντάπασιν
3608 5173 3951 5227 ὑπολεανθέν-

2381 5288 2492 5333 τος,
2536 5271 2611 5333 ὡς
2655 5270 2820 5340 μηδὲν
2850 5287 2903 5322 τι
2940 5264 3034 5323 οὖν
3070 5267 3577 5337 ὲπισημαίνειν,τοῦ
3607 5268 3751 5320 κατά
3781 5266 3931 5336 φύσιν

2387 5361 2593 5429 ἰλίγγου
2622 5359 2924 5430 πληροῦται
2967 5360 3062 5412 καὶ
3087 5358 3235 5427 δίνης
3262 5372 3275 5386 ⁸
3308 5359 3446 5427 ὅπερ
3473 5357 3535 5409 οὐ
3572 5357 3751 5428 λύπης
3794 5357 3952 5425 uigin-

2392 5454 2494 5506 δίου
2536 5453 2717 5521 μόνον,
2752 5452 2889 5507 ἀλλά
2919 5452 3013 5521 καὶ
3045 5452 3221 5520 χαρᾶς
3251 5449 3528 5521 ὑπερϐολὴ
3577 5450 3835 5521 πολλάκις
3865 5449 3950 5501 πί-

2386 5562 2522 5609 φυκε
2548 5544 2705 5614 δρᾷν,
2732 5544 2811 5613 τῷ
2837 5543 3084 5613 ἀδοκήτῳ
3118 5541 3212 5593 τοῦ
3251 5542 3581 5611 πράγματος
3612 5542 3673 5593 τὺ
3702 5542 3801 5611 τῆς
3830 5554 3951 5607 κάρα

2389 5637 2500 5699 δίας
2556 5635 2760 5706 θερμὸν
2816 5635 3173 5697 συστείλασα,
3228 5634 3324 5687 καὶ
3384 5633 3585 5701 νεκρὰς
3638 5633 3827 5703 ὥσπερ
3870 5628 3950 5681 re?

699 5733 864 5785 modo
880 5729 1155 5801 repentini
1179 5729 1383 5792 luctus,
1407 5742 1601 5781 verum
1628 5726 1793 5781 etiam
1818 5725 2003 5797 gaudii
2026 5741 2251 5781 excessu

2392 5727 2637 5797 σώματος
2684 5725 2783 5790 τὰς
2823 5724 3103 5794 ἐνεργείας
3137 5722 3506 5775 ἀπολιποῦσα.
3550 5721 3610 5775 '0
3639 5722 3739 5793 μὲν
3777 5715 3862 5774 οὖν
3886 5719 3952 5787 τᾷ

699 5839 806 5879 non
836 5837 961 5879 raro
994 5821 1285 5877 consuevit
1314 5820 1551 5884 allicere,
1586 5835 1711 5873 cum
1744 5836 1801 5873 re
1830 5818 2085 5888 quapiam
2127 5819 2280 5874 inex-

2392 5818 2484 5873 ιοῦ
2535 5818 2862 5888 πράγματος
2894 5812 3186 5882 παραδόξῳ
3216 5812 3619 5882 καταπλαγεὶς,
3660 5815 3838 5882 ὀλίγον
3861 5813 3947 5865 δῶ
