4092 6494
175 423 322 487 3le
1194 423 1372 481 VITA
1412 423 1458 478 Α
1490 418 1928 479 NICEPHORO
1966 416 2450 476 CONSCRlP'l‘A.
3310 404 3449 467 31:33

168 531 369 600 εμελλε
417 532 795 603 περιτρέπειν,
839 531 887 584 εί
936 531 1010 601 μή
1048 532 1236 600 χεῖρας
1275 527 1423 593 αὐτῷ
1470 545 1613 589 τινες
1662 527 1763 578 τῶν

1898 533 2112 593 pcctala
2145 524 2295 578 calor
2316 521 2501 576 cordis
2524 518 2895 580 contrahitur,
2919 526 2975 570 et
2991 517 3241 586 corporis
3258 530 3451 585 opera-

170 638 256 674 πα
266 621 468 692 ρόντων
500 624 757 691 ὑπέσχον.

1896 618 2048 670 iones
2077 616 2230 668 velut
2259 622 2523 668 emortua:
2557 610 2866 675 desinunt),
2913 608 3179 686 repletus,
3206 607 3451 675 inquam.

169 726 408 786 stupore
432 719 505 772 ob
536 718 613 771 rei
645 732 753 770 non
784 717 1019 786 Opinata:
1052 715 1558 777 admirabilitatem,
1627 726 1795 781 prope
1837 711 1937 764 luit
1984 720 2042 763 ut
2073 717 2377 771 corruerat,
2414 706 2520 760 nisi
2557 704 2784 775 quidam
2850 702 3203 772 prazsentium
3242 700 3453 766 injectis

174 814 441 867 manibus
476 813 912 882 prohibuissent.

254 910 406 973 prta'.
430 905 986 975 Καταπεπληγμένων
1006 904 1061 958 δὲ
1082 904 1277 974 κομιδῇ
1303 902 1396 955 καὶ
1416 901 1631 955 πάντων
1654 901 1769 952 ὅσοι

166 993 272 1047 τοῦ
303 993 519 1048 τοσοῦδε
557 992 834 1061 θαύματος
866 991 1161 1060 ἐτύγχανον
1204 993 1413 1055 θεαταὶ,
1440 992 1501 1043 τὸ
1536 988 1762 1043 παλαιὸν

168 1084 277 1139 τοῦ
309 1085 547 1153 πονηροῦ
576 1085 711 1153 προς
744 1084 942 1135 κακίαν
994 1085 1225 1152 ὄργανον
1253 1084 1281 1133 δ
1327 1081 1645 1149 ’Λγγουλᾶς,
1698 1083 1764 1135 ὲκ

1943 894 2065 947 181.
2110 894 2220 947 Nec
2237 893 2421 947 minor
2452 906 2667 953 omnes,
2690 889 2784 959 qui
2813 888 2949 943 tanti
2977 886 3214 957 prodigii
3242 894 3457 956 specta-

1872 994 2020 1039 tores
2045 984 2318 1048 astabant,
2350 992 2543 1052 stupor
2581 980 2827 1035 incessit.
2854 980 3011 1035 Unus
3045 978 3308 1048 Angulas,
3342 978 3454 1046 jam

1871 1077 2083 1147 pridem
2122 1077 2389 1130 damonis
2436 1075 2517 1129 ad
2538 1074 2680 1127 mala
2718 1071 3085 1142 perpetranda
3109 1069 3455 1125 instrumen-

180 1178 355 1230 μέσου
380 1176 581 1230 τούτων
617 1175 925 1237 ὑπολαϐὼν,
968 1176 1026 1229 Ὀ
1058 1176 1153 1244 μὲν
1179 1172 1274 1229 οὖν
1308 1177 1492 1243 δγκος,
1524 1175 1597 1234 ὡς
1626 1172 1768 1242 δρῶ-

182 1285 314 1339 μεν,
343 1268 535 1339 ᾤχετο,
573 1268 678 1338 ἔφη
703 1283 717 1297 ·
745 1268 800 1321 τί
836 1267 891 1320 δὲ
924 1269 1017 1321 καὶ
1041 1269 1069 1319 ὁ
1089 1267 1342 1329 τοσοὸτος
1382 1267 1473 1319 τοῦ
1504 1268 1771 1335 δέρματος

182 1356 410 1421 κόλπος,
436 1355 535 1409 εἴτ’
560 1357 652 1411 οὖν
678 1358 736 1410 τὸ
763 1358 1254 1428 ὑποπεπλησμένον
1284 1354 1377 1407 τοῦ
1404 1354 1568 1422 ὄγκου
1598 1351 1773 1420 δέρμα

183 1450 440 1516 γεγόνεις
501 1451 599 1518 ἐμὲ
654 1452 762 1520 γὰρ
817 1451 876 1503 ού
913 1449 1148 1520 μετρίως
1200 1445 1519 1500 τὰτοιαῦτα
1563 1444 1775 1510 πέφυκε

186 1541 589 1605 σκανδαλίζειν.
647 1542 815 1605 Εἰδὼς
878 1542 1054 1593 τοίνυν
1090 1543 1116 1593 ὁ
1170 1540 1359 1605 Μέγας
1403 1540 1596 1603 πεῖραν
1636 1528 1772 1585 εἶναι

184 1631 351 1685 τοῦτο
379 1634 472 1686 τοῦ
503 1634 771 1704 βασκάνου
800 1635 893 1686 καὶ
923 1634 1107 1692 πάλιν,
1129 1634 1303 1685 ὁπόσα
1331 1629 1425 1683 καὶ
1452 1627 1668 1698 γλώττῃ
1699 1623 1773 1693 τῷ

184 1722 365 1792 ἀθλίῳ
396 1725 566 1794 τούτῳ
598 1725 903 1795 χρωμένου,
936 1726 1259 1793 ἐμφυσήσας
1297 1722 1376 1791 τῷ
1408 1717 1769 1787 ἀναισχύντῳ,

188 1815 282 1865 ἵνα
308 1815 402 1866 καὶ
424 1813 521 1884 τὴν
550 1817 797 1869 ἐναντίαν
832 1816 1078 1885 ἀπελάσῃ
1105 1815 1354 1882 δύναμιν.
1392 1814 1449 1864 Ὁ
1482 1811 1572 1862 τὸν
1595 1807 1782 1861 τοσού-

188 1923 308 1971 τον,
333 1906 463 1975 ἔφη,
487 1907 679 1969 λεάνας
699 1909 862 1975 δγκον
888 1909 982 1960 καὶ
1000 1907 1277 1969 διαλύσας,
1302 1906 1402 1957 οὐκ
1429 1904 1535 1973 ἄρα
1557 1901 1781 1963 δυνατὸς

186 1991 350 2058 οὗτος
379 2000 474 2051 καὶ
503 1999 563 2050 τὸ
596 1999 773 2068 δέρμα
809 2000 1034 2064 συνάξαι
1062 1997 1223 2050 πάλιν
1266 1997 1359 2049 καὶ
1388 1995 1776 2054 καταστεῖλαι;

203 2087 349 2139 Ἀλλ’
400 2092 428 2141 ὁ
480 2089 579 2158 μὲν
632 2090 729 2159 τὴν
778 2090 873 2142 τοῦ
916 2089 1147 2143 παλαιοῦ
1176 2088 1436 2157 πολεμίου
1473 2086 1780 2157 προσϐολὴν

186 2178 369 2251 ταύτῃ
392 2180 483 2232 καὶ
512 2181 603 2233 νύν
626 2181 999 2252 διεκρούσατο.
1022 2184 1180 2245 ἡμεῖς
1205 2180 1262 2232 δὲ
1286 2180 1419 2247 πρὸς
1446 2180 1512 2232 τὰ
1535 2178 1660 2247 ἑξῆς
1684 2175 1779 2229 τοῦ

188 2268 355 2336 λόγου
384 2269 714 2342 τρεψόμεθα.

271 2358 413 2429 ρπβ’.
455 2360 705 2431 Μοναχός
760 2378 842 2421 τις
896 2361 1039 2415 κατὰ
1080 2360 1400 2415 Λαοδίκειαν
1441 2359 1541 2428 τῆς
1578 2356 1781 2428 Συρίας

188 2451 675 2519 ἑγκεκλεισμένος,
714 2452 851 2522 πρός
880 2469 939 2504 τε
972 2452 1069 2521 τὴν
1115 2452 1335 2522 χρονίαν
1379 2449 1657 2517 κάθειρξιν
1687 2451 1782 2502 καὶ

190 2542 296 2612 τὴν
360 2542 561 2612 συχνὴν
616 2544 853 2615 ἐρημίαν
908 2542 1233 2612 ἀκηδιάσας,
1273 2541 1531 2612 ἀφορμὴν
1591 2540 1780 2611 ὥσπερ

189 2635 297 2686 οὐκ
327 2634 533 2687 ἐλάττω
556 2637 655 2704 τῆς
673 2635 903 2703 ἡσυχίας
921 2636 1017 2705 τὴν
1040 2636 1120 2697 είς
1157 2635 1249 2687 τὸν
1271 2633 1411 2686 θεῖον
1437 2632 1663 2702 Συμεὼν
1684 2634 1780 2687 ἄν·

192 2726 316 2778 οδον
345 2725 590 2795 θέμενος,
626 2726 901 2794 ἐμήνυσεν
930 2725 1076 2795 αὑτῷ
1108 2726 1309 2795 θερμὸν
1339 2725 1519 2793 ἔρωτα
1553 2724 1652 2794 τῆς
1683 2725 1780 2777 αύ-

193 2814 293 2867 τοῦ
318 2815 744 2885 προσκυνήσεως
781 2814 947 2885 ἔχειν,
984 2817 1077 2868 καὶ
1109 2815 1207 2884 ἤδη
1238 2814 1523 2884 βούλεσθαι
1546 2814 1777 2867 ἀνιέναι.

202 2908 271 2959 Ὀ
300 2908 359 2961 δὲ
395 2907 456 2960 τὸ
490 2907 846 2979 μικροψύχως
880 2908 971 2961 ὑπ’
996 2907 1163 2962 αύςοῦ
1208 2907 1492 2976 γινόμενον
1524 2904 1626 2957 οὐκ
1676 2908 1779 2972 ἁγ-

1874 1177 2010 1232 tum,
2043 1184 2072 1222 e
2104 1168 2285 1221 media
2320 1166 2479 1220 turba
2521 1165 2869 1235 proclamans
2917 1181 2929 1216 :
2972 1162 3181 1215 Tumor
3210 1159 3459 1229 quidem,

1880 1261 2079 1330 inquit,
2115 1260 2277 1324 abiit,
2318 1266 2378 1313 ut
2420 1258 2677 1312 videmus
2706 1275 2721 1310 :
2749 1272 2942 1310 verum
2978 1254 3108 1324 quid
3146 1261 3331 1306 tantus
3360 1252 3461 1306 istc

1876 1349 2035 1417 pellis
2066 1349 2261 1403 sinus?
2295 1348 2428 1417 quid
2456 1348 2500 1401 si
2527 1355 2742 1399 tumore
2769 1346 2952 1399 denuo
2977 1342 3355 1412 compleatur?
3382 1341 3462 1395 Me

1878 1443 2162 1495 enimvero
2186 1456 2296 1495 non
2320 1439 2679 1494 mediocriter
2704 1438 2882 1491 solent
2911 1437 3039 1489 talia
3063 1434 3460 1489 scandalizare.

1874 1532 1979 1586 Pro
2010 1540 2295 1600 comperto
2318 1540 2500 1584 autem
2527 1530 2739 1583 habens
2779 1542 3009 1597 magnus
3037 1527 3277 1597 Symeon
3338 1534 3427 1577 ten

1882 1623 2147 1677 tationem
2181 1638 2301 1678 esse
2349 1622 2520 1676 invidi
2579 1622 2753 1675 hostis
2784 1620 2983 1685 nostri,
3029 1635 3128 1688 per
3167 1634 3231 1673 os
3273 1616 3463 1671 miseri

1804 1698 1846 1753 Β
1884 1715 2043 1769 istius
2077 1715 2377 1784 loquentis,
2418 1712 2718 1767 msulllavit
2757 1713 2810 1765 in
2852 1711 3251 1780 impudentem,
3297 1718 3467 1779 utque.

1884 1806 2089 1860 inimici
2138 1814 2466 1876 potestatem
2499 1807 2567 1859 ab
2607 1822 2675 1860 eo
2724 1806 3055 1873 repelleret:
3093 1803 3220 1869 Qui,
3262 1802 3464 1871 inquit.

1887 1898 2211 1952 mollescere
2236 1907 2399 1967 atque
2418 1912 2748 1951 evanescere
2773 1896 2903 1949 fecit
2933 1904 3201 1949 tumorem
3232 1902 3470 1959 tantum,

1881 2005 2063 2044 nonne
2090 1990 2237 2044 idem
2272 1990 2449 2059 possit
2483 2004 2703 2059 quoque
2736 1989 2936 2057 pellem
2964 1987 3225 2056 colligere
3256 2001 3319 2039 ac
3338 2000 3469 2040 con-

1882 2080 2103 2133 trahere
2127 2079 2543 2148 denuo?Atquc
2572 2080 2663 2133 ille
2685 2080 2909 2148 quidem
2931 2079 3013 2132 sic
3037 2078 3301 2146 impetum
3329 2076 3472 2130 anti-

1881 2170 1976 2240 qui
1999 2170 2175 2224 hostis
2196 2171 2363 2223 etiam
2388 2180 2520 2223 tunc
2549 2170 2850 2239 repressit:
2881 2184 2981 2223 nos
3010 2184 3143 2223 vero
3164 2168 3232 2222 ad
3260 2167 3469 2236 reliqua

1881 2261 2219 2332 pertexenda
2250 2262 2649 2316 convertimur.

1956 2376 2075 2431 182.
2102 2375 2333 2443 Quidam
2366 2378 2670 2433 monachus
2696 2377 2981 2433 Laodiceae
3002 2377 3172 2447 Syria:
3202 2377 3470 2435 inclusus.

1883 2466 2248 2523 diuturnioris
2299 2469 2569 2523 clausura:
2604 2483 2669 2523 ac
2702 2467 3019 2523 solitudinis
3070 2475 3351 2537 perpetuae
3383 2477 3472 2520 ter—

1884 2559 1998 2625 dio,
2049 2560 2420 2614 meditabatur
2470 2561 2684 2615 aditum
2728 2561 2797 2615 ad
2837 2571 3091 2616 sanctum
3124 2560 3472 2632 Symeonem,

1882 2651 2052 2706 veluti
2101 2652 2448 2707 occasionem
2488 2668 2598 2706 non
2635 2653 2820 2709 minus
2845 2652 3018 2723 quieti
3059 2660 3426 2721 opportunam
3457 2668 3471 2703 :

1881 2742 2105 2812 jamque
2132 2741 2541 2810 significaverat
2571 2734 2735 2811 quam
2770 2740 2987 2796 ardenti
3019 2736 3297 2794 desiderio
3324 2746 3477 2791 tene—

1885 2835 2256 2903 retur,ipsum
2275 2832 2565 2894 adorandi,
2593 2831 2854 2901 quodque
2884 2832 2939 2886 in
2969 2831 3258 2901 procinctu
3287 2827 3356 2883 ad
3376 2828 3477 2882 iter

1884 2932 2074 2979 staret.
2108 2924 2214 2979 Sed
2239 2924 2330 2978 ille
2393 2924 2447 2978 in
2495 2922 3010 2991 pusillanimitatem
3059 2918 3322 2973 incidisse
3350 2933 3472 2972 eun:

197 3001 403 3069 νοήσας
426 3041 440 3063 ,
474 3003 585 3071 Οὐχ
633 3001 780 3053 ὅσιον
818 3002 941 3054 οὐδὲ
974 3003 1204 3071 πρέπον,
1249 3000 1374 3070 ἔφη.
1409 2998 1780 3052 καταλιπόντα

1892 3014 2211 3083 neutiquam
2248 3015 2527 3083 ignorans,
2560 3011 2887 3081 respondit:
2926 3010 3039 3064 Nec
3070 3011 3224 3080 pium
3264 3018 3349 3063 est
3380 3024 3475 3062 nec

200 3093 262 3145 τὺ
300 3096 627 3163 προσκυνεῖν
653 3094 773 3165 Θεῷ
814 3094 873 3146 ἐν
901 3094 1037 3164 αὐλῇ
1075 3093 1211 3163 ἁγίᾳ
1259 3092 1445 3156 αὑτοῦ,
1475 3090 1602 3160 ³Ιλτις
1640 3091 1787 3141 ἐστὶν

199 3183 231 3234 ὸ
260 3184 356 3236 τοῦ
396 3184 632 3255 μοναχοῦ
664 3185 903 3246 οίκίσκος
934 3186 1156 3254 ἀρεταῖς
1210 3182 1451 3244 ἁπάσαις
1502 3179 1786 3249 καταλαμ-

204 3276 443 3343 πόμενος
474 3292 533 3327 τε
569 3277 663 3329 καὶ
700 3277 1127 3345 πλατυνόμενος,
1157 3278 1237 3337 είς
1286 3273 1577 3344 ἀνθρώπου
1621 3287 1793 3341 προσ.

204 3369 434 3434 κύνησιν
453 3368 630 3437 ἣκειν*
680 3369 1035 3437 ’Υπόμεινον
1064 3367 1194 3437 γὰρ,
1225 3368 1378 3436 φησὶ,
1408 3366 1517 3419 τὸν
1548 3366 1789 3432 Κύριον.

202 3466 235 3515 ὁ
268 3461 412 3523 θεῖος
465 3459 667 3523 Anuli,
721 3460 818 3513 καί
876 3460 1153 3529 φύλαξον
1212 3458 1327 3524 τὴν
1388 3456 1535 3510 ὁδὸν
1582 3454 1790 3508 αὐτοῦ.

205 3549 396 3604 Ταῦτα
421 3550 724 3620 τηνικαῦτα
757 3549 853 3616 μὲν
888 3552 1087 3618 ἐπέσχε
1129 3548 1221 3600 τὸν
1252 3548 1485 3615 μοναχόν
1513 3562 1526 3576 ·
1562 3544 1656 3598 τοῦ
1688 3546 1795 3598 πά-

208 3642 338 3705 θους
370 3642 428 3694 δὲ
460 3643 601 3711 μετὰ
631 3641 825 3712 μικρὸν
852 3640 1340 3704 δυναστεύσαντος,
1368 3640 1587 3704 ἔξεισιν,
1608 3639 1669 3689 ού
1694 3639 1796 3705 τὴν

206 3734 445 3805 ἡσυχίαν
486 3733 615 3800 παρ’
643 3732 796 3784 οὐδὲν
828 3731 987 3801 μόνον
1017 3730 1137 3782 οὐδὲ
1186 3730 1285 3799 τὴν
1319 3727 1598 3799 κάθειρξιν
1635 3726 1797 3794 θέμε-

209 3842 324 3888 νος,
367 3824 505 3877 ἀλλὰ
558 3824 653 3877 καὶ
702 3826 781 3886 εἰς
850 3828 1128 3891 πορνείαν,
1181 3822 1371 3891 οἴμοιί
1429 3820 1797 3888 κατενεχθεὶς,

212 3915 420 3985 πτῶμα
481 3914 642 3968 τίνων
707 3916 769 3966 οὐ
826 3913 1117 3985 δακρύων,
1166 3916 1337 3966 ποίων
1396 3914 1497 3965 οὐκ
1549 3912 1801 3981 ὀδυρμῶν

208 4009 365 4073 ἀξιον
387 4010 399 4061 ί

288 4105 437 4168 ρπγ¹.
474 4101 704 4153 Ἔπειτα
759 4101 944 4168 μέντοι
1004 4099 1281 4168 παρέϐαλε
1339 4099 1419 4170 τῷ
1484 4099 1672 4169 Ἀγίῳ,
1706 4099 1805 4167 τῆς

214 4189 320 4258 μὲν
351 4190 624 4259 ἁμαρτίας
662 4191 782 4244 οὐδὲ
850 4190 1010 4261 ψιλὴν
1052 4191 1189 4254 ὅλως
1236 4191 1557 4261 ποιούμενος
1587 4191 1806 4261 μνήμην

212 4276 330 4351 (οἷα
363 4282 432 4334 τὰ
477 4281 572 4334 τοῦ
624 4283 869 4353 πονηροῦ
922 4283 1297 4353 τεχνάσματα,
1344 4284 1491 4352 καὶὴ
1524 4282 1660 4350 πρὸς
1714 4280 1806 4347 τήν

212 4372 609 4445 ἐξομολόγησιν
642 4374 736 4428 τοῦ
768 4376 941 4429 κακοῦ
978 4378 1099 4439 ταῖς
1129 4376 1237 4429 τῶν
1270 4373 1580 4449 ἀνθρώπων
1606 4373 1804 4442 ψυχαῖς

213 4467 552 4535 ἆγγινομὲνη
602 4465 764 4529 αἰδώς
790 4468 857 4535 l),
888 4466 984 4536 τήν
1017 4466 1073 4519 δὲ
1102 4466 1201 4535 τῆς
1257 4464 1523 4534 συνήθους
1572 4464 1801 4535 ἡσυχίας

212 4559 497 4612 ἔκπτωσιν
574 4558 788 4626 πικρῶς
844 4558 1188 4629 ὀδυρόμενος.
1258 4558 1315 4611 '0
1383 4558 1438 4610 δὲ
1504 4556 1805 4626 ὀφθαλμοῖς

212 4648 470 4709 ἀθεάτοις
533 4650 596 4699 τὰ
658 4650 1016 4717 κεκρυμμένα
1051 4648 1214 4720 ὁρῶν,
1268 4650 1361 4701 καὶ
1409 4647 1504 4701 τοῦ
1565 4648 1804 4718 χαλεποῦ

217 4736 427 4803 μύσους
464 4736 674 4787 ἐκείνου
722 4737 813 4788 τὸν
852 4737 1084 4806 μοναχὸν
1135 4738 1489 4805 ἁποκαθᾶραι
1543 4737 1804 4808 βουλόμε-

216 4838 330 4883 νος,
358 4822 431 4873 Οὐ
474 4823 801 4892 συναλγήτω
840 4840 942 4888 σοι,
980 4825 1163 4893 φησὶν,
1195 4828 1278 4878 ὃτι
1319 4826 1409 4878 τὸν
1437 4825 1529 4878 τοῦ
1558 4828 1804 4880 οίκίσκου

218 4914 519 4984 διέρρηξας
572 4919 770 4985 τοῖχον,
801 4917 920 4969 ἐπεί
984 4934 1065 4969 σοι
1102 4918 1198 4969 καὶ
1230 4917 1493 4971 εἰσελθεῖν
1546 4917 1704 4981 αὖθις
1737 4919 1807 4973 δι’

220 5005 391 5059 αὐτοῦ
425 5009 577 5079 ῥᾷον,
611 5011 705 5061 καὶ
756 5012 886 5062 είσω
933 5010 1189 5078 γενέσθαι
1222 5011 1385 5065 πάλιν
1428 5011 1803 5067 ἐπανελθόντι·

218 5099 339 5154 ἀλλ’
367 5101 448 5154 ὅτι
475 5104 567 5155 τὸν
597 5104 699 5171 τῆς
739 5103 920 5173 ψυχῆς
946 5104 1273 5165 κατέσεισανς
1317 5104 1547 5175 πύργον,
1583 5106 1679 5157 καὶ
1732 5106 1809 5176 τῷ

217 5194 426 5263 ἐχθρῷ,
483 5195 615 5263 φεῦί
646 5196 993 5265 αἰχμάλωτος
1022 5196 1367 5267 ἀπηνέχθης.
1413 5201 1494 5261 είς
1549 5200 1807 5269 πορνείαν

219 5287 644 5357 κατολισθήσας.
676 5289 719 5339 Τ
724 5288 864 5341 αὕτα
926 5289 1018 5342 τὸν
1074 5291 1309 5360 μοναχὸν
1372 5290 1716 5360 καταπλῆξαι
1748 5308 1807 5343 τε

219 5379 340 5447 ἅμα
374 5378 468 5431 καὶ
497 5378 841 5445 ’καταιδέσαι,
870 5382 932 5434 τὸ
972 5381 1070 5450 μὲν
1116 5386 1181 5452 τῇ
1229 5384 1337 5434 τῶν
1370 5382 1608 5451 ἐλέγχων
1655 5382 1809 5433 ἐλευ-

222 5470 382 5543 θερίᾳ
414 5474 509 5525 ἐπὶ
544 5476 651 5535 τοῖς
683 5475 918 5543 ἀδήλως,
952 5475 1027 5537 ὼς
1085 5475 1247 5538 αὐτὸς
1300 5472 1456 5544 ᾤετο,
1498 5475 1808 5545 διαπεπρας

219 5567 466 5637 γμίνοις,
516 5566 579 5621 τὸ
630 5567 685 5620 δὲ
718 5568 796 5637 τῷ
838 5565 1059 5638 μεγέθει
1110 5570 1228 5640 τῆς·
1257 5569 1490 5639 ὕϐρεως,
1539 5570 1606 5640 ἥν
1647 5570 1809 5635 αὐτὸς

220 5659 305 5724 εἰς
366 5658 561 5711 ἑαυτὸν
623 5658 824 5722 ἀθλίως
885 5660 1180 5731 ἐνύδρισε’
1246 5661 1344 5715 καὶ
1383 5661 1565 5735 πρηνῆ
1614 5663 1808 5716 ἐαυτὸν

292 5840 338 5872 εδ
371 5838 519 5914 Psal.
561 5854 739 5904 XXM'l,
773 5838 859 5891 5i.

1891 3105 2071 3168 decet,
2107 3105 2151 3157 si
2173 3104 2388 3158 desinat
2418 3106 2545 3172 quis
2576 3105 2749 3157 Deum
2768 3102 3003 3155 adorare
3043 3103 3097 3153 in
3142 3100 3266 3153 aula
3292 3109 3477 3153 sancta

1896 3211 2013 3260 sua,
2068 3196 2247 3263 qualis
2298 3202 2383 3248 est
2430 3193 2566 3248 cella
2609 3191 2889 3254 monachi,
2931 3190 3200 3243 virtutum
3232 3189 3479 3243 omniun;

1895 3284 2187 3355 splendore
2215 3267 2497 3353 refulgens
2532 3296 2597 3336 ac
2619 3280 2844 3344 referta,
2878 3280 3181 3347 veniatque
3206 3278 3276 3332 ad
3301 3277 3450 3331 homi
3467 3306 3482 3315 -

1894 3389 2021 3428 nem
2045 3372 2408 3427 adorandum.
2434 3371 2702 3440 Exspecta
2726 3369 3033 3433 Dominum,
3059 3367 3283 3422 divinus
3304 3368 3484 3435 inquit

1895 3464 2087 3525 David,
2116 3472 2163 3516 et
2182 3463 2382 3517 custodi
2412 3464 2552 3516 viam
2576 3462 2692 3533 ejus
2716 3460 2783 3514 “.
2806 3457 2932 3513 “me
2950 3469 3064 3512 tum
3088 3459 3313 3528 quidem
3344 3456 3488 3510 inhi-

1897 3555 2150 3610 buerunt
2178 3554 2552 3619 monachum;
2599 3568 2783 3607 rerum
2819 3552 2984 3620 paulo
3020 3560 3163 3619 post,
3188 3548 3483 3619 praedomi-

1898 3657 2064 3702 nante
2092 3647 2287 3701 eadem
2304 3647 2475 3705 animi
2506 3642 3129 3715 perturbatione,exiit,
3168 3642 3490 3710 relinquens

1901 3754 2013 3792 non
2046 3739 2222 3791 solum
2258 3737 2502 3807 quietem
2526 3752 2683 3790 suam
2712 3745 2884 3805 atque
2919 3736 3251 3794 claustrum,
3302 3733 3397 3786 sed
3430 3733 3482 3784 in

1902 3828 2326 3887 fornicationem
2360 3841 2606 3896 quoque,
2671 3826 2781 3881 heu
2837 3828 2957 3880 mel
3024 3824 3302 3884 incidens.
3354 3839 3484 3876 casu

1904 3919 2109 3989 quibus
2135 3934 2246 3973 non
2281 3917 2563 3988 lacrymis,
2614 3917 2817 3987 quibus
2872 3932 2985 3977 non
3038 3916 3358 3985 planctibus
3406 3916 3492 3967 di-

1904 4026 2011 4081 gno
2036 4011 2048 4063 l

1981 4101 2102 4154 183.
2133 4100 2339 4155 Deinde
2378 4110 2558 4154 tamen
2600 4101 2774 4155 sancti
2806 4110 3093 4170 aspectum
3129 4101 3325 4165 subiit,
3357 4100 3486 4155 nul-

1907 4193 2015 4249 lam
2042 4193 2127 4247 vel
2172 4193 2555 4249 tenuissimam
2605 4191 2808 4260 (qualia
2840 4193 3063 4263 maligni
3090 4193 3325 4262 spiritus
3369 4192 3497 4245 arti-

1910 4284 2067 4338 ﬁcial
2100 4285 2280 4353 qualis
2309 4286 2646 4341 verecundia
2679 4285 2745 4338 ad
2802 4283 3180 4339 confitendum
3225 4284 3492 4337 malitiam

1846 4376 2093 4439 Dsuam,
2140 4376 2399 4431 humanis
2441 4377 2722 4431 mentibus
2782 4375 3089 4446 ingenita!)
3143 4375 3357 4446 peccati
3411 4376 3495 4429 sui

1908 4465 2115 4519 faciens
2170 4468 2545 4529 mentionem,
2612 4467 2709 4522 sed
2781 4467 3164 4521 indesinenter
3237 4467 3497 4536 plorans,

1907 4558 2055 4627 quod
2097 4559 2326 4627 pristina
2387 4560 2573 4629 quiete
2623 4560 2938 4614 excidisset.
2997 4559 3202 4614 Verum
3252 4572 3499 4621 sanctus,

1909 4650 2272 4705 interioribus
2291 4652 2469 4707 oculis
2499 4653 2827 4707 abscondita
2856 4651 3223 4722 perspiciens.
3247 4666 3311 4705 ac
3337 4651 3498 4705 tertia

1910 4742 2121 4811 peccati
2172 4743 2385 4797 macula
2440 4744 2775 4798 monachum
2830 4742 3174 4798 emundandi
3223 4741 3497 4811 cupidus;

1913 4832 2034 4887 Non
2062 4848 2167 4903 ego
2194 4833 2296 4886 tibi
2328 4834 2663 4903 compatior,
2707 4834 2910 4903 inquit,
2933 4833 3083 4903 quod
3131 4832 3359 4887 claustri
3420 4832 3501 4885 tui

1910 4938 2102 4977 muros
2146 4924 2461 4995 perfregisti
2524 4926 2812 4995 (quoniam
2866 4926 3029 4981 facile
3064 4926 3164 4984 tibi
3225 4935 3311 4980 est
3347 4934 3502 4995 post-

1912 5015 2126 5069 liminio
2199 5020 2425 5081 reverti,
2476 5034 2540 5073 ac
2608 5034 2836 5074 reverso
2900 5020 3159 5087 intrare),
3201 5017 3296 5072 sed
3353 5015 3498 5087 quod

1910 5108 2242 5162 animzetuae
2288 5110 2709 5180 prOpugnaculo
2757 5110 3066 5175 destructo,
3125 5111 3379 5179 captivus
3425 5108 3495 5162 ab

1914 5198 2069 5253 hoste
2095 5200 2368 5255 abductus
2394 5202 2654 5275 (pudor!)
2680 5203 2736 5257 ἰη
2754 5203 3177 5260 fornicationem
3213 5203 3498 5272 prolapsus

1912 5291 2009 5345 sis.
2042 5292 2409 5347 Perculerunt
2430 5294 2548 5349 haec
2576 5296 2912 5351 monachum
2943 5295 3154 5364 pariter
3202 5310 3266 5347 ac
3300 5292 3500 5347 confu-

1916 5382 2160 5449 derunt;
2217 5394 2334 5439 tum
2395 5396 2625 5456 propter
2673 5387 2991 5441 libertatem
3048 5386 3499 5457 reprehendendi

1915 5474 2005 5529 illa
2060 5491 2185 5545 quae
2238 5478 2353 5546 ipse
2383 5480 2613 5548 putabat
2670 5480 2811 5535 clam
2871 5479 3044 5544 facta;
3094 5491 3210 5533 tum
3278 5488 3505 5547 propter

1916 5576 2116 5622 tetram
2148 5569 2466 5640 ignominia:
2494 5577 2675 5626 notam
2698 5588 2864 5642 quam
2908 5570 3013 5625 sibi
3067 5570 3185 5640 ipse
3231 5570 3506 5625 inusserat

1916 5657 2139 5714 infelix:
2178 5662 2587 5735 prostravitque
2610 5680 2667 5718 se
2701 5678 2931 5735 pronus,
2970 5670 3243 5733 quantum
3302 5661 3509 5727 petuit.
