4092 6454
664 342 803 408 9155

1875 350 1936 409 S.
1980 349 2353 411 SYMEONA
2392 342 2759 415 JUNIORIS’

3785 359 3917 425 3156

670 473 735 512 ac
767 457 968 510 calenti
998 458 1287 513 oculorum
1312 458 1489 515 imbre
1522 468 1724 514 terram
1773 457 2059 528 irrigavit;
2096 464 2235 517 tem-

2341 461 2416 523 ὡς
2448 457 2557 531 εἶχε
2589 460 2932 528 καταϐαλὼν,
2967 465 3058 518 καὶ
3090 464 3267 536 θερμά
3300 464 3521 533 δάκρυα
3562 464 3658 518 τοῦ
3692 468 3922 537 ἐδάφους

675 562 773 614 pus
802 562 1023 617 quoque
1053 563 1164 619 quo
1187 548 1373 619 lapSus
1396 548 1573 603 fuerat
1623 547 1894 611 indicans,
1920 546 2229 612 dictitabat,

669 638 917 706 quintam
944 638 1093 693 illam
1123 648 1248 709 post
1275 654 1459 695 casum
1486 638 1569 707 agi
1595 637 1772 701 diem;
1796 635 2235 705 obsecrabatquc

672 729 896 783 liberari
931 746 960 784 a
981 737 1194 795 saneto,
1225 731 1336 801 jam
1360 727 1541 798 prada
1581 727 1726 781 hosti
1756 728 1956 781 factus.
1986 724 2089 791 Qui
2112 740 2236 779 ora-

673 820 817 876 'ione
841 828 898 876 et
926 823 1111 877 crucis
1137 824 1292 892 signo
1329 822 1510 891 ipsum
1568 817 2233 885 muniens,'insuperabi-

674 922 779 971 tem
806 915 1067 986 deinceps
1099 917 1253 971 hosti
1298 915 1475 986 fecit;
1507 914 1642 970 fecit
1692 912 1855 968 etiam
1895 912 2235 978 circumspe-

671 1006 874 1061 etiores
902 1006 1202 1075 discipulos
1239 1019 1391 1073 suos,
1435 1006 1543 1061 hoc
1593 1003 1843 1073 exemplo
1894 1001 2231 1065 admonitos,

669 1098 831 1161 nihil,
857 1097 989 1153 licet
1016 1099 1073 1153 in
1093 1100 1311 1154 occulto
1344 1098 1574 1163 factum,
1602 1113 1713 1151 non
1736 1095 2082 1165 exploratum
2108 1107 2226 1148 esse

666 1185 947 1256 Symeoni.
1284 1180 1289 1185 ’

736 1278 859 1331 184.
893 1279 961 1332 Ει
990 1277 1097 1332 hoc
1139 1278 1362 1347 quidem
1414 1278 1775 1339 demonstrat,
1831 1267 1997 1345 quod
2043 1271 2233 1343 procul

667 1376 874 1423 remota
907 1368 1163 1439 Symeoni
1190 1369 1342 1423 velut
1369 1378 1496 1423 ante
1514 1368 1703 1423 oculos
1725 1378 1873 1437 gesta
1900 1376 2063 1434 atque
2096 1378 2232 1433 prae-

665 1460 842 1515 sentia
880 1460 1318 1522 exhiberentur;
1353 1459 1449 1514 sed
1492 1459 1670 1513 oratio
1720 1466 1909 1511 nostra
1961 1454 2079 1509 vult
2127 1453 2232 1507 alia

662 1567 904 1622 quoque,
935 1552 1182 1619 eiusdem
1222 1567 1348 1605 cum
1378 1552 1489 1621 jam
1522 1550 1671 1604 dicto
1704 1549 1925 1601 virtutis
1947 1555 2002 1600 et
2051 1544 2233 1602 efﬁca-

663 1641 763 1696 ciae
786 1642 1030 1712 adiungi.
1070 1641 1305 1705 Accidit,
1338 1650 1584 1709 tempore
1616 1656 1725 1709 quo
1777 1639 1961 1709 fruges
2008 1645 2235 1690 maturae

661 1743 811 1793 sunt,
837 1732 1130 1801 quemdam
1153 1732 1433 1786 hominem
1470 1748 1527 1785 se
1554 1730 1621 1784 ad
1653 1739 1896 1784 montem
1923 1728 2232 1781 mirabilem

2347 552 2768 623 καταχεόμενος,
2802 554 2881 607 ἔτι
2910 555 3118 609 καὶτὸν
3148 556 3338 625 χρόνον
3367 556 3463 607 τοῦ
3508 556 3809 623 πτώματος
3841 559 3925 621 ἑξ-

2342 637 2675 704 ομολςγείτο,
2704 640 2957 709 πέμπτην
2983 640 3131 709 αὐτῷ
3157 642 3364 712 ταύτην
3394 638 3538 695 εἶναι
3570 643 3752 710 λέγων
3788 648 3923 714 μετά

2342 728 2404 779 τὸ
2446 728 2616 789 πάθος
2646 730 2881 799 ἡμέραν,
2910 732 3004 783 καὶ
3034 732 3299 801 ρυσθῆναι
3331 732 3425 785 ὑπ’
3453 734 3624 785 αὑτοῦ
3651 734 3797 804 ᾔτει,
3832 738 3927 807 ἀρ-

2343 828 2538 881 παγμα
2592 813 2691 883 ἢδη
2745 816 2823 883 τῷ
2878 815 3145 888 ἀλλοτρίῳ
3194 823 3585 891 γεγενημένος.
3624 822 3794 876 Ἀλλά
3838 825 3926 877 τὸν

2345 905 2444 973 μὲν
2474 905 2607 975 εύχῇ
2630 907 2726 959 καὶ
2761 910 3017 978 σφραγῖδι
3061 909 3312 975 ὁπλίσας,
3345 912 3809 981 ἁκαταγώνιστον
3834 916 3924 968 eo?)

2340 997 2532 1051 λοιποῦ
2572 998 2650 1068 τῷ
2681 998 2861 1070 ἐχθρῷ
2894 1002 3190 1070 πεποιήκει
3222 1017 3236 1031 ·
3264 1002 3717 1075 ἀσφαλεστέρους
3746 1004 3809 1057 δι
3833 1006 3926 1057 καὶ

2339 1088 2468 1151 τοὺς
2497 1087 2767 1157 μαθητὰς,
2806 1089 3018 1153 είδότας
3047 1091 3193 1154 ὅπως
3237 1092 3391 1145 οὐδὲν
3429 1094 3598 1149 αὐτὸν
3650 1094 3781 1148 οὐδὲ
3821 1094 3925 1147 τῶν

2342 1179 2401 1231 ὲν
2436 1182 2620 1249 κρυφῇ
2652 1182 2955 1252 γινομένων
2983 1182 3344 1238 διαλανθάνει.

2413 1269 2557 1337 ρπδ⁹.
2590 1271 2700 1323 Καὶ
2752 1270 2909 1324 τοῦτο
2973 1272 3071 1341 μὲν
3120 1272 3185 1341 δὴ
3233 1272 3465 1337 τοιοῦτο,
3499 1273 3600 1325 καὶ
3660 1273 3811 1325 οὕτω
3858 1272 3924 1325 τά

2346 1360 2563 1429 μακρὰν
2616 1360 2711 1413 καὶ
2757 1362 2946 1433 πόρῤω
2978 1362 3056 1433 τῷ
3111 1361 3334 1432 Συμεὼν
3384 1364 3445 1415 έν
3492 1363 3922 1432 ὀφθαλμοῖς,ὡς

2341 1451 2588 1519 παρόντα
2631 1450 2877 1506 δεικνύον
2905 1468 2918 1480 ·
2953 1451 2980 1505 ὁ
3012 1453 3068 1506 δὲ
3095 1454 3256 1521 λόγος
3299 1456 3395 1507 καὶ
3436 1454 3575 1508 ἀλλα
3608 1458 3713 1525 τῆς
3754 1456 3921 1524 αὐτῆς

2339 1542 2416 1611 τῷ
2444 1541 2721 1613 εἰρημένῳ
2736 1543 3019 1614 δυνάμεως
3043 1546 3359 1616 προσθεῐναι
3383 1545 3919 1617 βούλεται”Δνθρὼ-

2339 1649 2426 1702 πῳ
2484 1632 2683 1702 συνέϐη
2736 1634 2843 1686 τινὶ
2898 1636 3028 1705 περὶ
3080 1635 3225 1688 σίτου
3270 1636 3457 1705 ἀκμὴν
3496 1636 3557 1687 τὸ
3606 1636 3919 1706 θαυμαστὸν

2340 1724 2542 1778 ἀνιόντι
2573 1724 2699 1797 ὅρος
2758 1726 2960 1796 καὶτῷ
3006 1743 3065 1780 τε
3116 1727 3355 1781 καύσωνι
3406 1730 3506 1799 τῆς
3546 1730 3722 1802 ὥρας,
3752 1730 3832 1799 τῷ
3861 1747 3919 1781 τε

661 1823 939 1885 conferre,
975 1823 1425 1893 tempestatisque
1455 1824 1653 1877 ardore
1674 1831 1730 1875 et
1772 1820 2083 1874 acclivitate
2131 1818 2234 1871 via:

2339 1818 2434 1886 τῆς
2465 1817 2585 1870 ὀδοῦ
2618 1817 2854 1881 ἀνάντει,
2896 1819 3030 1889 πρὸς
3074 1819 3175 1889 τὴν
3220 1819 3312 1873 τοῦ
3366 1820 3556 1890 δίψους
3600 1822 3919 1891 increpui-

658 1915 895 1968 excitata
926 1914 1049 1969 sitis
1070 1913 1420 1968 vehementia
1477 1913 1848 1976 deficientem,
1901 1911 2056 1963 humi
2100 1923 2236 1962 eon-

661 2006 847 2061 cidere
876 2017 934 2060 et
957 2014 1170 2061 tantum
1208 2021 1320 2059 non
1352 2004 1538 2059 animo
1586 2004 1783 2073 linqui.
1819 2003 2049 2072 Jamque
2096 2010 2234 2055 tem-

660 2112 763 2165 pus
787 2102 906 2150 erat
932 2111 1043 2165 quo
1104 2096 1436 2164 vespertinae
1484 2102 1762 2149 canuntur
1813 2107 2029 2163 preces,
2100 2105 2235 2171 quas

660 2198 886 2243 sanctus
906 2203 1008 2257 pro
1038 2202 1194 2240 more
1234 2202 1334 2241 suo
1371 2201 1495 2240 cum
1536 2186 1826 2254 discipulis
1886 2184 2000 2237 Deo
2024 2182 2235 2252 persol-

662 2279 857 2342 vebat;
905 2292 1031 2332 cum
1091 2277 1232 2331 duos
1277 2277 1497 2329 illorum
1538 2276 1607 2329 ad
1657 2290 1715 2328 se
1772 2283 1998 2327 vocatos
2053 2272 2231 2342 jubet,

660 2376 885 2437 accepto
910 2380 1051 2436 pane
1073 2374 1129 2420 ct
1161 2380 1325 2434 aqua,
1348 2364 1436 2418 via
1468 2364 1674 2417 montis
1706 2370 1975 2417 consueta
2005 2360 2236 2414 descen-

662 2459 819 2521 dere,
854 2459 1183 2511 inventuros
1212 2454 1507 2525 quemdam
1550 2454 1605 2507 in
1628 2462 1833 2506 terram
1865 2458 2231 2520 prostratum,

660 2553 750 2604 vix
787 2549 1093 2619 spirantem
1124 2549 1310 2602 animo
1335 2546 1629 2601 deﬁciente
1655 2563 1668 2599 :
1698 2545 1852 2599 hisce
1871 2544 2074 2598 fractas
2127 2543 2231 2611 ipsi

660 2642 808 2696 vires
843 2638 1238 2695 restituendas.
1268 2638 1475 2694 Verum
1510 2636 1771 2691 festinato
1825 2650 1965 2705 Opus
1997 2645 2101 2697 est,
2157 2633 2234 2686 in-

661 2730 800 2800 quit,
830 2744 902 2783 ne
924 2743 1076 2783 mors
1106 2737 1444 2798 praeverteris
1472 2727 1686 2781 auferat
1730 2724 2054 2794 pauxillum,
2085 2722 2233 2792 quod

659 2828 931 2893 superest,
979 2818 1226 2888 spiritus,
1286 2817 1370 2871 llli
1422 2825 1607 2871 autem
1669 2822 1960 2869 currentes
2016 2821 2080 2867 ut
2126 2812 2233 2866 sibi

664 2906 979 2964 mandatum
1006 2918 1147 2973 erat,
1207 2907 1494 2977 reperiunt
1537 2908 1808 2976 iacentem
1843 2905 1897 2959 in
1930 2904 2019 2958 via
2055 2902 2235 2958 homi-

663 3016 810 3064 nem,
836 3000 947 3069 jam
970 3007 1182 3053 tantum
1210 3012 1321 3051 non
1354 3006 1657 3051 mortuum.
1682 2996 1907 3051 Tollunt
1931 3010 2061 3065 ergo
2081 3009 2229 3061 eum,

663 3103 830 3160 atque
872 3090 926 3143 in
956 3096 1171 3158 partem
1197 3086 1522 3142 monasterii
1580 3085 1903 3140 inferiorem
1974 3092 2231 3153 portant:

665 3182 757 3237 ubi
787 3182 877 3234 vix
926 3179 1145 3234 tandem
1203 3178 1597 3233 abiturientem
1659 3177 1917 3255 spiritum
1971 3176 2233 3241 retinere,

666 3274 919 3342 viresque
950 3285 1212 3326 revocare
1236 3278 1563 3340 potuerunt.

739 3362 856 3417 l85.
883 3360 1232 3418 Carbonihus
1253 3360 1550 3430 aliquando
1578 3359 1967 3415 deﬁcientibus
2004 3361 2059 3414 in
2121 3374 2239 3414 mo-

671 3455 936 3520 nasterio,
966 3453 1326 3508 contulerunt
1349 3452 1571 3521 vesperi
1593 3450 1740 3506 inter
1760 3467 1818 3506 se
1843 3452 2021 3521 capita
2040 3460 2095 3505 et
2123 3465 2237 3505 ser-

670 3560 863 3600 mones
886 3544 1183 3600 admodum
1235 3543 1381 3596 anxii
1421 3542 1660 3596 fratres:
1707 3541 1911 3610 quibus
1957 3541 2232 3611 Symeon:

666 3638 867 3701 Nolite,
896 3636 1097 3705 inquit,
1140 3634 1361 3689 solliciti
1383 3648 1541 3699 esse;
1586 3631 1844 3687 adveniet
1872 3630 2079 3701 quippe
2113 3631 2237 3687 luce

665 3728 909 3784 crastina
938 3734 1125 3780 tantus
1154 3726 1453 3789 carbonum
1473 3739 1760 3785 numerus,
1783 3734 2022 3793 quantus
2047 3722 2260 3777 usibus

667 3814 990 3869 monasterii
1021 3812 1254 3868 suﬂiciat
1278 3830 1290 3866 :
1314 3827 1439 3866 nam
1472 3814 1652 3866 virum
1680 3812 1969 3882 quemdam
2015 3811 2234 3881 prospi-

666 3906 755 3959 cio
780 3906 1143 3967 rusticanum,
1171 3902 1309 3957 duos
1338 3902 1517 3955 mulos
1536 3903 1644 3955 huc
1667 3910 1936 3970 agentem,
1964 3900 2233 3971 ejusmodi

669 4010 809 4065 quos
852 3993 1019 4047 vultis
1075 3994 1347 4047 carbones
1396 3994 1727 4062 baiulantes.
1785 3992 1936 4046 Talia
1988 3994 2077 4046 ille
2134 3992 2235 4046 sub

669 4082 851 4139 noctis
872 4081 1163 4137 exordium
1197 4080 1526 4150 discipulis:
1559 4089 1778 4149 postera
1827 4096 1957 4134 vero
2006 4082 2127 4135 luce
2152 4080 2237 4133 vir

666 4176 756 4230 ille
786 4172 1007 4227 advexit
1025 4186 1145 4240 qum
1158 4171 1486 4240 praedixerat
1506 4179 1750 4225 sanctus.
1778 4171 2117 4239 Praeceperat
2138 4170 2239 4224 ali-

667 4264 891 4336 quando
906 4264 1042 4326 suis,
1068 4277 1319 4332 nequem
1350 4263 1580 4316 omnino
1619 4262 1934 4318 saecularem
1961 4261 2237 4315 hominem

666 4358 1046 4415 convenirent,
1094 4367 1273 4422 neque
1323 4353 1595 4421 colloquia
1660 4352 1767 4406 ulla
1815 4360 1910 4405 aut
1956 4366 2239 4405 sermones

2344 1922 2497 1959 σαντι
2535 1905 2654 1974 βίαν
2680 1907 2775 1959 ἐπὶ
2809 1907 2911 1978 τὴν
2939 1908 3044 1976 γῆν
3085 1906 3481 1979 καταῤῥεῦσαι,
3517 1909 3614 1963 καὶ
3653 1912 3780 1963 κατ’
3809 1910 3916 1960 ὀλί-

2334 2014 2431 2065 γον
2489 1997 2907 2069 ύπολιμπάνειν.
2930 1993 3040 2051 Ἦν
3076 1999 3175 2069 μὲν
3208 1994 3299 2052 οὖν
3330 2000 3431 2069 ἠδη
3488 1999 3621 2070 περὶ
3652 2000 3757 2062 τάς
3798 2002 3913 2060 ἑπι-

2335 2086 2586 2157 λυχνίους
2638 2088 2803 2159 ᾠδὰς,
2831 2090 2928 2143 καὶ
2973 2088 3197 2154 ταύτας,
3225 2089 3301 2152 ὡς
3333 2089 3587 2160 σύνηθες,
3622 2092 3651 2143 ὀ
3690 2091 3914 2159 Συμεὼν

2336 2178 2454 2248 Θεῷ
2506 2180 2644 2248 μετά
2686 2180 2793 2232 τῶν
2826 2180 3084 2250 μαθητῶν
3107 2180 3361 2233 ἀπεδίδου
3388 2197 3403 2211 ⁸
3439 2182 3499 2235 ὲν
3530 2183 3706 2252 τούτῳ
3732 2182 3790 2234 δὲ
3825 2180 3914 2234 δύο

2336 2268 2488 2327 τινὰς
2544 2266 2777 2331 καλέσας
2829 2268 3009 2321 αὐτῶν
3048 2268 3394 2339 ἐπισκήπτει,
3436 2270 3707 2334 λαϐόντας
3747 2272 3910 2341 ἄρτου

2336 2356 2430 2409 καὶ
2461 2355 2672 2419 ὓδατος,
2709 2356 2808 2427 τήν
2838 2373 2901 2410 τε
2927 2355 3020 2410 τοῦ
3051 2358 3213 2428 ὅρους
3236 2358 3351 2412 ὁδὸν
3379 2361 3680 2431 παριόντας
3734 2363 3910 2433 εὗραν

2333 2463 2455 2499 τινα
2482 2447 2625 2501 κατά
2654 2447 2757 2517 γῆς
2786 2448 3140 2521 ἐρριμμένον,
3178 2451 3416 2507 πνέοντα
3453 2452 3632 2521 μικρά
3685 2453 3783 2509 καὶ
3824 2455 3912 2505 ικ-

2334 2538 2642 2604 λελοιπότα,
2681 2539 2894 2603 τούτοις
2939 2541 3092 2612 αὐτῷ
3123 2541 3220 2610 τὴν
3270 2541 3503 2607 δύναμιν
3542 2545 3911 2613 ἀπιρηκυῖαν

2336 2626 2654 2683 ἀναλαϐεῖν.
2699 2626 2859 2695 Ἀλλᾲ
2908 2629 3108 2700 τάχους
3134 2629 3211 2700 τῷ
3263 2630 3549 2701 πράγματι
3596 2632 3762 2702 χρεία
3789 2674 3805 2696 ,
3840 2635 3911 2704 μὴ

2335 2718 2587 2782 θάνατος,
2615 2718 2772 2788 φησὶ,
2803 2719 3095 2790 προλαδὼν
3148 2722 3242 2775 καὶ
3303 2721 3402 2791 τὴν
3448 2722 3642 2793 ὀλίγην
3695 2724 3909 2795 ὲκείνην

2336 2810 2508 2879 πνοὴν
2537 2810 2827 2880 ἀφέληται.
2860 2811 2925 2863 οι
2950 2811 3009 2867 δὶ
3040 2812 3335 2882 δράσαντες
3366 2813 3509 2867 κατά
3561 2816 3633 2866 τὰ
3676 2831 3910 2885 προστε-

2333 2899 2601 2967 ταγμένα,
2634 2900 2952 2969 εὑρίσκουσι
3004 2902 3258 2972 κείμενον
3299 2902 3462 2956 αὐτὸν
3491 2905 3596 2957 ἀνά
3647 2904 3747 2975 τὴν
3774 2906 3907 2969 ὁδὸν,

2337 2988 2479 3059 πλὴν
2506 2980 2601 3042 τοῦ
2633 2992 2893 3043 ἀναπνεῖν
2915 2993 3109 3062 νεκρόν
3134 3009 3148 3023 ’
3180 2994 3493 3065 ἀνελόμενοι
3520 2995 3705 3048 τοίνυν
3729 2998 3909 3063 αὑτὸν,

2337 3081 2434 3134 ita).
2492 3082 2572 3143 είς
2623 3081 2723 3150 τὴν
2773 3083 3071 3153 κατωτέρω
3120 3086 3288 3154 μονὴν
3337 3086 3661 3153 ἀγαγόντες,
3693 3087 3794 3157 ὀψὲ
3822 3090 3911 3142 καὶ

2342 3171 2494 3242 μόλις
2538 3173 2906 3242 ἐπαναγαγεῖν
2952 3173 3111 3238 αὖθις
3150 3174 3298 3247 αύτῷ
3348 3177 3449 3248 τὴν
3495 3177 3731 3250 δύναμιν
3767 3181 3911 3252 ἰσχυ-

2340 3282 2460 3320 σαν.
2721 3305 2727 3310 ι

2411 3366 2552 3429 ρπέ.
2595 3358 2907 3429 Ἀνθράκων
2950 3358 3178 3431 ἀπύρων
3226 3361 3358 3414 ποτὶ
3394 3361 3494 3432 τήν
3524 3368 3693 3433 μονὴν
3736 3365 3910 3417 ἐπιλε-

2338 3447 2647 3515 λοιπότωνη
2658 3450 2771 3510 τοῖς
2804 3449 2900 3518 μὲν
2926 3448 3174 3519 ἀδελφοῖς
3205 3451 3362 3519 λόγος
3388 3454 3631 3524 ἑσπέρας
3654 3455 3792 3525 πρὸς
3821 3456 3909 3508 ἀλ·-

2338 3540 2531 3608 λήλους
2578 3541 2677 3592 οὐκ
2723 3541 2899 3608 ὀλίγος
2946 3536 3049 3611 ἦν’
3096 3544 3125 3595 ὁ
3162 3543 3237 3606 δὲ.
3272 3543 3362 3613 Μὴ
3394 3545 3742 3616 φροντίσητε.
3787 3526 3905 3616 59"?"

2339 3631 2589 3698 ἀφίξεται
2633 3630 2742 3701 γάρ
2772 3630 2960 3702 αὔριον
3004 3633 3206 3702 πλῆθος
3252 3635 3453 3700 αὐτῶν,
3502 3636 3628 3690 ὅσον
3670 3641 3736 3708 τῇ
3779 3643 3904 3709 μονῇ

2344 3722 2477 3776 κατὰ
2496 3722 2705 3793 χρείαν
2740 3722 2851 3792 ὀρῶ
2880 3723 2990 3793 γὰρ
3013 3722 3181 3792 ἄνδρα
3205 3725 3324 3778 τινὰ
3352 3725 3458 3777 τῶν
3486 3727 3904 3798 ἀγροικοτέρων,

2337 3814 2489 3867 δυσὶν
2517 3814 2702 3883 ὥσπερ
2722 3814 2967 3884 ἡμιόνοις
2994 3815 3355 3885 προσάγοντα,
3382 3817 3613 3871 τοιοῦτοι
3640 3818 3697 3872 δὲ
3722 3821 3906 3888 ἄνθρα-

2339 3922 2432 3967 κες
2479 3906 2587 3974 ἄρα
2639 3904 2845 3958 τούτοιν
2890 3906 3171 3975 ἑκατέροιν
3210 3908 3239 3959 ὀ
3270 3908 3486 3975 φόρτος.
3522 3910 3709 3962 Ταῦτα
3752 3915 3780 3963 ὀ
3812 3912 3904 3980 μὲν

2338 3998 2449 4058 τοῖς
2481 3994 2749 4065 μαθηταῖς
2784 3997 2913 4064 περὶ⁵
2955 3996 3148 4058 νυκτὸς
3173 3998 3348 4067 ἀρχὰς
3380 3994 3554 4063 εἶπεν,
3580 4000 3709 4069 ἥκει
3750 4002 3805 4054 δὲ
3830 4004 3903 4062 εἰς

2338 4086 2434 4156 τὴν
2459 4086 2585 4155 ἑξῆς
2624 4088 2652 4138 ὀ
2681 4084 2940 4151 τοιοῦτος,
2968 4086 3209 4156 κομίζων
3242 4090 3307 4158 τῇ
3341 4092 3475 4159 μονῇ
3510 4092 3755 4154 τούτους,
3785 4091 3855 4151 ὡς
3877 4094 3903 4143 ὁ

2339 4176 2565 4247 Συμεὼν
2596 4179 2942 4249 προειρήκει.
2986 4179 3302 4233 Ἐντέταλτο
3327 4182 3461 4250 παρ’
3482 4181 3649 4234 αὐτοῦ
3673 4186 3785 4244 τοῖς
3812 4200 3903 4252 μα-

2340 4268 2528 4339 θηταῖς
2564 4268 2749 4340 μηδενὶ
2789 4269 3040 4338 μηδαμοῦ
3071 4270 3320 4340 κοσμικῷ
3350 4273 3669 4343 παῤῥησίαν
3695 4273 3899 4338 διδόναι,

2343 4362 2465 4431 μηδ’
2510 4361 2588 4423 είς
2618 4360 2832 4430 ὁμιλίαν
2864 4362 3059 4422 αὐτοῖς’
3091 4361 3159 4413 τά
3183 4362 3353 4414 πολλά
3380 4364 3474 4416 καὶ
3506 4364 3702 4431 λόγους
3736 4365 3898 4435 ﬁxam,

666 4464 793 4503 cum
829 4447 897 4500 iis
926 4445 1244 4509 miscerent,
1295 4444 1401 4497 nisi
1444 4444 1498 4497 in
1531 4443 1850 4512 gravissima
1875 4444 2235 4509 necessitate;

2344 4453 2391 4505 εί
2427 4452 2502 4521 μὴ
2544 4452 2684 4504 κατὰ
2714 4451 2850 4504 πολύ
2878 4468 2930 4504 τι
2965 4451 3027 4503 τὸ
3055 4454 3375 4519 ἀναγκαῖον·
3425 4454 3518 4506 καὶ
3564 4455 3726 4508 τοῦτο
3753 4456 3806 4508 δὲ
3836 4457 3898 4525 μὴ

668 4548 800 4592 tunc
820 4550 951 4591 vero
974 4535 1142 4590 etiam
1174 4548 1283 4588 non
1310 4533 1715 4588 immorandum
1739 4533 1856 4598 diu,
1887 4533 1983 4587 sed
2012 4533 2240 4603 przeciso

667 4642 924 4683 sermone
952 4624 1347 4691 discedendum
1377 4640 1538 4693 quam
1572 4640 1727 4687 mox;
1762 4633 1820 4678 ut
1858 4631 2048 4679 noctes
2080 4634 2244 4693 atque

667 4716 788 4771 dies
826 4714 1029 4769 divinis
1055 4713 1284 4784 psalmis
1324 4729 1386 4768 ac
1416 4715 1630 4783 legibus
1668 4714 1999 4769 meditandis
2039 4715 2243 4769 transi-

666 4818 880 4881 gentes,
909 4808 1088 4862 seduli
1112 4807 1554 4877 praascriptarum
1588 4807 1897 4877 regularum
1920 4806 2242 4861 observato-

666 4916 756 4954 res
776 4900 979 4953 forent.
1003 4898 1311 4968 Aliquando
1333 4899 1518 4968 igitur,
1540 4914 1663 4951 eum
1686 4907 1907 4952 sanctus
1927 4898 1995 4951 ad
2015 4897 2243 4955 inferius

667 4990 1066 5044 monasterium
1122 4973 1443 5044 accessisset
1499 4990 1746 5057 propius,
1802 4990 1953 5044 visus
2000 4990 2105 5045 sibi
2160 5000 2244 5046 est

666 5080 861 5134 audire
882 5080 1094 5149 aliquos
1122 5078 1247 5134 talia
1263 5094 1385 5132 cum
1411 5094 1498 5133 εινι
1521 5077 1766 5132 ularibus
1782 5079 2089 5147 loquentes,
2112 5096 2245 5149 qua-

670 5172 739 5225 lia
772 5187 882 5225 non
914 5169 1115 5225 licebat
1140 5186 1239 5239 per
1264 5170 1388 5225 data
1420 5178 1713 5238 praecepta.
1748 5170 2049 5224 Aceerscns
2077 5171 2244 5240 igitur

670 5259 1258 5328 iilos,examinansque
1288 5268 1342 5313 et
1373 5274 1487 5313 rem
1514 5266 1568 5311 et
1592 5266 1827 5327 tempus,
1862 5261 2066 5314 factum
2089 5278 2242 5317 com-

673 5351 834 5418 perit,
867 5351 1009 5404 sicut
1038 5351 1419 5418 spiritualibus
1451 5350 1627 5404 oculis
1657 5366 1689 5406 ει
1726 5366 1783 5403 se
1812 5351 1986 5404 visum
2020 5352 2239 5412 fuerat:

671 5440 722 5493 id
746 5440 891 5508 quod
916 5456 1023 5493 non
1054 5442 1226 5494 levem
1250 5442 1481 5495 incussit
1519 5441 1803 5511 discipulis
1830 5444 2099 5507 timorem,
2139 5442 2245 5500 ﬁde

669 5533 895 5597 «Signum
922 5533 1144 5601 majoris
1175 5534 1225 5586 in
1260 5532 1504 5587 futurum
1542 5535 1769 5588 cautela:
1801 5536 2013 5588 vadem.

746 5622 865 5677 lSG.
910 5624 1099 5678 Frater
1128 5624 1377 5693 quidam,
1418 5625 1675 5680 virtutem
1702 5626 2001 5695 professus,
2041 5626 2240 5681 missus

678 5716 810 5773 :"rtc
846 5716 909 5768 :ul
941 5717 1349 5775 diven-‘cmlum
1377 5718 1567 5776 salem.
1605 5718 1816 5771 insidiis
1848 5718 2074 5780 diaboli,
2112 5718 2237 5771 talia

2344 4541 2777 4612 ἐνδιατρίϐοντας
2824 4545 2949 4603 ταῖς
3004 4541 3139 4614 πρὸς
3181 4545 3377 4607 αὐτοὺς
3422 4543 3745 4612 διαλέξεσιν,
3782 4546 3900 4599 ἀλλὰ

2342 4631 2478 4701 ταχῦ
2528 4630 3057 4701 ἀπαλλαττομένους,
3112 4634 3279 4686 νύκτα
3335 4634 3521 4703 μέντοι
3570 4638 3662 4688 καὶ
3706 4636 3899 4705 ἡμέραν

2342 4722 2453 4780 τοῖς
2492 4719 2657 4781 θείοις
2683 4719 2919 4789 ψαλμοῖς
2954 4721 3047 4774 καὶ
3074 4721 3259 4789 νόμοις
3301 4722 3611 4794 ἐμμελετᾷν
3650 4723 3743 4777 τοῦ
3772 4726 3900 4777 δεδοο

2346 4811 2506 4881 μένου
2529 4812 2751 4874 κανόνος
2780 4812 3055 4880 ὲπιμελῶς
3082 4813 3391 4883 ἐχομένους.
3425 4815 3563 4867 ﬂock
3586 4815 3718 4883 γοῦν
3746 4818 3899 4870 ἐδόκει

2342 4904 2418 4974 τῷ
2447 4902 2688 4973 Συμεὼν,
2726 4903 2953 4973 πλησίον
2994 4902 3182 4974 ὥσπερ
3231 4904 3393 4957 αὑτὸν
3430 4905 3490 4959 ὲν
3532 4909 3599 4976 τῇ
3636 4909 3896 4978 κατωτέρᾳ

2346 4997 2479 5065 μονῇ
2535 4996 2848 5063 γενόμενον,
2896 4995 3082 5049 ἐκεῖνα
3117 4995 3255 5065 πρός
3302 5012 3455 5061 τινας
3488 4996 3602 5050 τῶν
3644 4999 3899 5068 κοσμικών

2340 5084 2561 5136 ἀκούειν
2595 5084 2921 5146 λαλούντων,
2954 5084 3098 5151 ἆπερ
3127 5084 3275 5154 αὑτῷ
3303 5089 3360 5138 αἱ
3384 5087 3597 5141 ἐντολαὶ
3625 5090 3726 5141 οὐκ
3763 5088 3896 5142 ἐδού-

2341 5174 2516 5228 λοντο.
2587 5174 2840 5237 Καλέσας
2893 5174 3074 5228 τοίνυν
3140 5177 3366 5242 αὐτοὺς,
3428 5178 3685 5246 ὲρεύναις
3746 5196 3797 5230 τε
3849 5181 3896 5228 τό

2341 5266 2574 5333 πρᾶγμα
2598 5264 2691 5316 καὶ
2717 5264 2807 5316 τὸν
2831 5266 3021 5334 καιρὸν
3042 5265 3307 5330 δεδωκὼς,
3339 5262 3499 5335 εὗρεν
3536 5268 3611 5331 ὡς
3645 5270 3788 5338 αύτῴ
3806 5272 3894 5327 τοῖς

2340 5354 2432 5406 τοῦ
2466 5355 2783 5424 Πνεύματος
2805 5356 3104 5425 ὀφθαλμοῖς
3129 5356 3323 5427 ἐθεάθη
3346 5373 3359 5387 °
3382 5358 3411 5408 ὂ
3438 5358 3532 5410 καὶ
3558 5357 3722 5427 φόϐον
3742 5360 3894 5419 αὐτοῖς

2342 5445 2441 5498 οὐκ
2496 5446 2674 5515 ὀλίγον
2728 5447 2911 5515 ἐνῆκε,
2955 5447 3255 5518 μελλούσης
3299 5448 3603 5519 ἀξιόχρεων
3650 5451 3892 5521 ἐγγυητὴν

2324 5586 2327 5589 .
2342 5537 2659 5603 ἀσφαλείας.

2419 5636 2569 5695 ρπς’.
2620 5630 2870 5697 ’Λδελφός
2928 5648 3011 5694 τις
3060 5631 3258 5702 ἀρετὴν
3322 5634 3787 5703 μαρτυρούμενος,
3827 5634 3891 5685 εἰς

2344 5720 2536 5783 eam;
2569 5721 2823 5791 ἐπέμφθη
2849 5722 3145 5790 διακονίαν,
3168 5726 3283 5786 ταῖς
3311 5723 3366 5775 δὲ
3395 5725 3489 5777 τοῦ
3521 5727 3755 5796 πονηροῦ
3777 5723 3887 5777 mi
