4092 6482
196 416 332 484 3161

1252 413 1422 472 νιτΑ
1466 412 1509 469 Α
1549 406 1983 469 NICEPHORO
2022 408 2512 469 CONSCRIPTA.

3335 403 3479 469 3162

194 532 395 587 ἑαυτὸν
421 530 520 599 τὴν
549 528 802 600 βασιλίδα
837 528 991 581 πόλιν
1030 526 1408 581 καταλαϐόντα
1458 528 1551 579 καὶ
1592 525 1783 590 ὥσπερ

1894 521 2001 591 ejus
2024 537 2163 577 uxor
2185 521 2389 592 Sophia
2406 522 2541 590 (47),
2570 535 2681 575 non
2710 526 2817 573 tam
2845 519 2946 573 viri
2977 533 3166 574 amore
3185 534 3349 590 quam
3372 536 3481 590 ρον

191 625 255 676 ἐν
277 622 353 692 τῷ
376 622 625 690 παλατίῳ
659 619 944 687 γεγονότα,
974 617 1068 670 καὶ
1115 617 1185 669 τὰ
1215 619 1367 686 παρὰ
1396 616 1490 669 τοῦ
1531 614 1783 669 Ἰουδαίου

190 714 545 785 γεγενημένα
592 712 890 780 θεώμενον,
947 710 1249 779 ἀχθόμενόν
1293 726 1352 761 τε
1408 710 1543 778 πρὸς
1586 708 1782 772 ταῦτα,

190 807 292 860 καὶ
318 801 430 859 οἷον
471 807 570 858 οὐκ
598 805 800 857 ἀνεκτὰ
838 802 1096 856 ποιοῦντα
1134 818 1148 831 ο
1193 799 1230 855 ἃ
1257 801 1351 854 καὶ
1383 802 1517 871 δῆλα
1556 801 1636 871 τῷ
1675 817 1782 855 πα-

189 892 437 969 τριάρχη
489 898 745 966 καθίστη,
776 897 871 948 καὶ
909 894 986 965 τῷ
1028 894 1259 965 βασιλεῖ,
1288 893 1363 957 ὡς
1400 898 1532 964 παρ’
1574 895 1784 948 ἐκείνου

187 987 717 1060 διαμαρτύρεσθαι,
770 986 866 1040 καὶ
921 987 1246 1057 παρεγγυᾷν
1284 984 1623 1057 ἀποσχέσθαι
1675 985 1786 1038 τῶν

190 1080 457 1132 τοιούτων
483 1076 661 1148 ἠξίου.

272 1342 416 1410 ριιαη
446 1337 558 1391 Καὶ
587 1338 615 1389 ὁ
658 1338 755 1406 μὲν
787 1336 1151 1406 ἀπήγγελλεν,
1175 1338 1237 1389 οὐ
1270 1336 1348 1407 τῷ
1379 1337 1591 1407 βασιλεῖ
1612 1337 1787 1392 ταῦτα

193 1431 384 1499 μόνον,
417 1428 552 1482 ἀλλὰ
592 1430 686 1482 καὶ
711 1431 776 1498 τῇ
812 1428 1052 1497 συξύγῳ,
1155 1430 1254 1481 καὶ
1286 1430 1489 1498 μᾶλλον
1522 1428 1789 1483 ἐσπουδά-

190 1522 324 1586 ζετο
341 1522 410 1574 τά
428 1519 653 1574 τοιαῦτα
675 1537 687 1550 ·
722 1520 772 1571 οί
795 1519 852 1572 δὲ
880 1519 1136 1572 τοσοῦτον
1162 1518 1391 1591 ἐδέησαν
1420 1520 1784 1590 ἀποσχέσθαι,

190 1617 310 1687 ὅσῳ
350 1616 442 1668 καὶ
485 1613 719 1682 γυναῖκα
752 1631 873 1666 τινα
911 1612 1020 1666 τῶν
1054 1613 1534 1684 ἐγγαστριμύθων.
1583 1613 1639 1667 αἳ
1680 1614 1789 1667 ἀπὸ

192 1706 410 1768 κοιλίας
476 1706 718 1774 φωνοῦσι
786 1704 1201 1773 κενολογοῠσαι,
1281 1706 1649 1774 ὲπεισήγαγον
1710 1705 1788 1776 τῷ

202 1797 470 1869 Ἐσραίῳ,
500 1790 652 1865 ὲφ“ᾧ
692 1797 1027 1867 σαφέστερον
1082 1797 1209 1866 παρ’
1248 1798 1462 1866 ἐκείνης
1506 1798 1676 1866 αὐτῆς
1722 1798 1788 1851 τὰ

189 1886 299 1955 τῆς
344 1888 502 1941 νόσου
544 1888 743 1956 δηλαδὴ
793 1886 1181 1957 γνωρισθῆναι.
1235 1877 1330 1949 Ai;
1362 1888 1552 1940 σκοτία
1590 1887 1788 1957 μᾶλλον

190 1978 265 2027 ὲκ
298 1978 557 2045 μαντείας
590 1976 764 2037 ἔσται,
797 1975 894 2027 καί
926 1975 1174 2028 abaetat
1200 1977 1233 2028 ό
1266 1974 1439 2041 ἥλιος
1465 1974 1785 2039 ὲπάὺτὰς.

191 2066 300 2120 καί
331 2066 709 2120 συσκοτὰσει
733 2065 826 2117 ἐπ’
855 2064 1045 2130 αὑτὰς
1074 2066 1111 2132 ἡ
1141 2064 1331 2133 ἡμέρα
1386 2064 1625 2133 Μιχαίας
1661 2064 1790 2129 περὶ

190 2159 383 2212 αὐτῶν
429 2160 458 2211 ὁ
496 2156 637 2220 θεῖος
669 2156 850 2217 καλῶς
884 2157 1314 2227 προηγόρευσεν.
1370 2156 1441 2209 Εν
1469 2155 1706 2226 τοσούτῳ
1731 2155 1789 2207 δὲ

191 2251 323 2321 ὄψις
367 2251 620 2319 φαίνεται
660 2249 835 2301 ’πάλιν
884 2248 1045 2318 ἑτέρα
1090 2247 1169 2317 τῷ
1204 2236 1460 2318 Συμεών·
1512 2248 1545 2317 ἡ
1594 2247 1651 2299 δὲ
1697 2244 1786 2317 ἦν·

189 2342 371 2403 Αὐτὸς
420 2341 519 2410 μὲν
558 2343 670 2402 τοῖς
714 2338 1009 2408 βασιλείοις
1046 2339 1206 2402 αὖθις
1234 2338 1543 2407 ἐπιδημῶν,
1577 2339 1672 2390 καὶ
1698 2338 1791 2392 τὸν

191 2430 427 2500 βασιλέα
456 2431 621 2501 ὀρῶν,
654 2433 709 2482 ὲν
735 2423 888 2500 ᾧπερ
919 2429 1100 2482 εἰώθει
1127 2431 1280 2498 τόπῳ
1313 2432 1439 2492 τοὺς
1465 2430 1789 2499 προσιόντας

190 2522 511 2591 δεχόμενον.
564 2520 945 2588 Διανοιγέντας
992 2519 1047 2571 δὲ
1095 2519 1291 2572 αὐτίκα
1340 2522 1467 2583 τοὺς
1504 2520 1788 2589 οὐρανοὺς,

191 2612 293 2664 καί
316 2629 444 2665 τινα
467 2612 619 2665 θείαν
648 2612 861 2665 ἐκεῖθεν
888 2610 1119 2679 δύναμιν
1144 2610 1532 2677 κατελθοῦσαν,
1570 2613 1792 2681 περιδύ-

190 2703 370 2756 σασάν
389 2720 445 2755 τε
478 2700 643 2756 αὑτὸν
682 2702 781 2771 τὴν
809 2701 1099 2773 βασιλικὴν
1128 2701 1354 2771 ἐσθῆτα,
1384 2702 1444 2755 τό
1467 2720 1526 2755 τε
1553 2701 1790 2773 διάδημα

186 2795 291 2864 τῆς
325 2793 570 2863 κεφαλῆς
595 2792 920 2859 ἀφελοῦσαν,
958 2792 1253 2861 Ἐσο,πρδς
1279 2792 1443 2846 αὑτὸν
1465 2794 1791 2862 φάναι,τέως

189 2884 434 2937 ἐνταῦθα
467 2884 613 2952 πάσῃ
658 2882 877 2953 γλώσσῃ
916 2884 1184 2953 διήγημα,
1214 2883 1409 2952 ψεῦδος
1456 2884 1555 2954 τὴν
1599 2885 1791 2939 ἐλπίδα

187 2976 444 3045 θέμενος.
488 2975 581 3027 καὶ
637 2974 712 3044 μὴ
759 2973 880 3044 Θεῷ
926 2975 996 3028 τά
1054 2973 1178 3027 καθ’
1226 2974 1418 3027 ἑαυτὸν
1468 2977 1788 3046 ἐπιτρέψας,

188 3065 338 3118 ἀλλὰ
357 3064 574 3135 δαίμοσι
604 3065 807 3133 μᾶλλον
848 3065 944 3119 καὶ
973 3065 1245 3135 δαιμόνων
1282 3066 1586 3135 ινεργείαις
1620 3083 1790 3136 προσ-

1889 611 2288 674 sillanimitate,‘
2327 619 2516 679 utpote
2544 610 2599 664 in
2627 609 2770 670 hanc
2807 625 2875 664 ex
2907 608 3290 678 illa-deducta)
3339 625 3478 664 con-

1888 702 2133 771 spicitse
2154 701 2271 771 ipse
2300 701 2755 773 Symeon'media
2779 701 2867 755 die
2907 702 2963 755 in
3017 704 3232 772 regiam
3282 704 3481 757 urbem

1889 792 2159 854 delatum,
2198 793 2253 845 in
2313 792 2433 860 ipso
2477 792 2652 845 veluti
2704 791 2909 861 palatio
2960 802 3164 856 astare,
3201 801 3366 862 atque
3396 793 3481 846 in-

1890 884 2103 953 spicere
2136 899 2259 954 quae
2309 900 2337 938 a
2387 884 2578 939 Iudaeo
2614 884 2857 949 ﬁebant;
2909 885 3162 940 indolere
3209 888 3373 941 etiam
3410 888 3480 941 ad

1888 976 2026 1039 visa,
2065 984 2121 1029 et.
2181 990 2293 1029 non
2341 974 2568 1031 ferenda
2618 976 2871 1045 judicare
2920 994 2933 1029 :
2989 993 3111 1046 quae
3154 977 3482 1047 patriarchae

1888 1068 2055 1122 etiam
2080 1066 2367 1121 mauifest'a
2392 1083 2514 1121 esse
2534 1068 2737 1128 voluit,
2763 1068 3083 1138 rogavitque
3103 1079 3164 1123 ut
3185 1070 3485 1139 imperato-

1890 1173 2006 1213 rem
2032 1174 2062 1212 a
2098 1174 2156 1211 se
2191 1157 2564 1211 obtestaretur
2596 1167 2761 1226 atque
2788 1158 3132 1220 hortaretur,
3170 1157 3481 1212 istiusmodi

1890 1246 2224 1317 impietatem
2248 1245 2470 1300 missam
2492 1246 2716 1301 faceret.

1960 1334 2084 1389 191.
2139 1333 2291 1387 Tulit
2368 1334 2685 1403 patriarcha
2748 1350 2858 1389 non
2922 1335 3099 1389 solum
3158 1334 3481 1403 imperatori

1887 1426 2159 1497 ejusmodi
2206 1426 2486 1489 nuntium,
2519 1440 2712 1479 verum
2738 1426 2903 1481 etiam
2952 1428 3173 1496 coniugi
3204 1428 3344 1496 ejus,
3383 1426 3486 1481 im-

1889 1516 2114 1586 pensius
2172 1514 2483 1572 istiusmodi
2538 1514 2700 1583 nugis
2756 1515 2975 1569 deditm.
3043 1516 3149 1570 Sed
3225 1516 3300 1569 illi
3364 1524 3484 1569 tan-

1891 1614 2004 1659 tum
2069 1608 2227 1661 abest
2287 1615 2345 1659 ut
2401 1606 2797 1666 abstinuerint,
2848 1616 2908 1658 ut
2968 1607 3481 1660 etiarnmulicrem

1890 1698 2185 1769 quamdam
2230 1713 2296 1752 ex
2346 1713 2535 1750 earum
2587 1712 2819 1750 numero
2867 1713 2991 1765 qua:
3021 1698 3089 1750 de
3119 1706 3313 1751 ventre
3362 1698 3479 1750 ina-

1892 1807 2017 1846 nem
2047 1806 2359 1845 sermonem
2389 1789 2627 1844 reddunt
2656 1790 2795 1859 (48),
2840 1789 2905 1844 ad
2956 1789 3245 1843 Hebraeum
3277 1789 3479 1859 allega-

1896 1883 2027 1945 rint,
2058 1892 2117 1935 ut
2149 1898 2248 1952 per
2289 1898 2408 1935 eam
2461 1882 2703 1935 certiora
2750 1880 2818 1935 de
2864 1881 3056 1934 morbo
3086 1895 3486 1950 cognosceren—

1899 1982 2008 2027 tur.
2060 1974 2265 2026 Verum
2312 1970 2381 2024 de
2449 1970 2651 2023 talibus
2720 1977 2868 2022 recte
2910 1967 3163 2037 praedixit
3210 1966 3485 2023 Miebazas.

1891 2062 2037 2132 quod
2103 2062 2344 2116 tenebrae
2399 2062 2480 2116 eis
2535 2076 2602 2114 ex
2653 2059 2993 2114 divinatione
3036 2067 3238 2119 erunt,
3298 2065 3349 2110 et
3400 2074 3488 2110 ac-

1891 2156 2094 2209 cumbet
2141 2153 2223 2209 sol
2276 2170 2437 2223 super
2467 2170 2578 2216 eas,
2631 2160 2682 2204 et
2738 2150 3153 2204 contenebrescet
3195 2165 3353 2219 super
3394 2164 3485 2201 ea;

1890 2249 1999 2302 dies
2021 2250 2088 2302 ⁸⁵.
2118 2248 2332 2303 Interea
2358 2245 2618 2317 Symeoni
2642 2245 2748 2299 alia
2779 2258 3005 2298 rursum
3029 2242 3172 2296 visio
3194 2241 3485 2312 obiicitur,

1890 2349 2124 2409 eratque
2154 2339 2299 2393 talis.
2332 2339 2453 2408 [pse
2484 2339 2687 2392 iterum
2720 2336 2788 2393 ad
2820 2335 3088 2407 palatium
3130 2334 3487 2404 imperatoris

1892 2432 2131 2495 delatus,
2158 2431 2421 2486 cernebat
2441 2429 2643 2498 ipsum,
2672 2444 2782 2498 quo
2802 2434 3169 2482 consueverat
3190 2426 3332 2487 loco,
3356 2425 3489 2479 alla-

1893 2533 2009 2578 tum
2030 2530 2281 2592 petentes
2309 2536 2565 2591 excipere
2592 2538 2604 2573 :
2640 2519 3101 2574 cernebat-etiam
3127 2532 3251 2571 mox
3284 2516 3488 2585 apertis

1893 2614 2050 2668 ccelis
2094 2612 2375 2682 delapsam
2420 2611 2549 2665 inde
2595 2608 2888 2679 quamdam
2928 2609 3189 2662 virtutem
3220 2607 3487 2666 divinam,

1892 2718 2016 2772 qua:
2055 2718 2264 2757 exuens
2304 2701 2696 2770 imperatorem
2738 2710 2893 2755 veste
2924 2699 3117 2769 regali.
3146 2707 3203 2752 et
3232 2698 3490 2752 auferens

1893 2792 2091 2863 capitis
2121 2792 2397 2855 diadema,
2448 2792 2669 2846 dicebat
2712 2790 2837 2845 illi:
2887 2792 3020 2846 Esto
3073 2792 3258 2845 fabula
3303 2793 3356 2845 in
3391 2806 3490 2845 ore

1892 2885 2077 2940 omnis
2100 2884 2312 2955 p0puli,
2344 2884 2475 2955 quia
2500 2884 2733 2952 posuisti
2764 2884 3111 2939 mendacium
3138 2899 3291 2941 soem
3318 2891 3488 2949 tuam,

1891 2983 1948 3030 et
1980 2986 2041 3029 te
2062 2983 2267 3045 tuaque
2306 2992 2415 3029 non
2448 2976 2774 3029 commisisti
2809 2976 2945 3039 Deo,
2984 2976 3080 3029 sed
3120 2974 3358 3029 darmoui
3395 2991 3492 3043 po-

1899 3066 2011 3121 tius
2040 3068 2274 3136 ejusque
2316 3066 2531 3120 artibus
2556 3067 2841 3135 praebuisti
2882 3082 3064 3120 aures.
3101 3065 3235 3132 Qua:
3268 3076 3494 3122 sanctus

186 3155 444 3227 εσχηκώς
464 3173 480 3188 ο
510 3157 539 3209 δ
574 3156 711 3227 πρός
742 3174 803 3209 τε
838 3156 962 3219 τοὺς
984 3157 1269 3224 παρόντας
1305 3157 1335 3208 δ
1362 3156 1589 3223 Συμεὼν
1618 3159 1674 3209 ὲν
1697 3156 1782 3210 δά-

1894 3176 2017 3216 cum
2056 3158 2315 3231 lacrymis
2338 3167 2395 3213 et
2420 3158 2611 3212 dolore
2644 3173 2768 3212 cum
2796 3158 3165 3228 praesentibus
3184 3160 3495 3214 communi-

192 3264 393 3317 κρυσιν
422 3249 635 3319 εἰρήκει
665 3250 762 3302 καὶ
786 3249 1015 3320 καρδίας
1045 3248 1208 3320 ὀδύνῃ
1233 3263 1248 3279 ο
1288 3248 1366 3319 τῷ
1388 3266 1445 3302 τε
1478 3252 1791 3322 πατριάρχῃ

187 3340 285 3393 τὸν
318 3338 481 3392 αὑτὸν
511 3340 777 3411 ἐγνώρισε
798 3341 1023 3411 τρόπον,
1053 3343 1147 3394 καὶ
1178 3342 1274 3395 τοῦ
1305 3344 1503 3413 μηκέτι
1538 3342 1673 3413 πρὸς
1694 3343 1795 3395 αὑ-

185 3431 284 3486 τὸν
327 3431 456 3501 περὶ
493 3430 588 3484 τοῦ
625 3429 889 3500 βασιλέως
926 3434 1265 3501 προσθεῖναι.
1310 3435 1386 3488 Οὐ
1441 3433 1578 3488 πολὺ
1635 3435 1695 3488 τὺ
1733 3436 1792 3489 ὲν

190 3522 372 3592 μέσῳ,
404 3522 498 3575 καὶ
535 3524 691 3593 φήμη
715 3523 866 3577 κατὰ
906 3525 1088 3594 πάσης
1123 3525 1351 3593 ἠπείρου
1387 3526 1483 3578 καὶ
1515 3526 1793 3596 θαλάσσης

187 3612 411 3683 ἐχώρει,
439 3614 766 3685 διεφθάρθαι
793 3614 885 3668 τὸν
918 3615 1147 3686 βασιλέα
1176 3617 1281 3680 τὰς’
1308 3617 1531 3688 φρένας,
1562 3617 1792 3671 κατόπιν

188 3700 249 3755 δὲ
276 3701 377 3755 καὶ
408 3703 640 3766 θάνατος
664 3704 870 3760 εἵπετο.

264 3790 410 3861 ριιβ’.
464 3791 771 3861 Εὑξώμεθα
819 3792 948 3862 περὶ
999 3793 1099 3863 τῆς
1138 3793 1283 3847 κατά
1328 3795 1425 3865 τὴν
1460 3794 1793 3865 ’Ἀντιόχειαν

204 3883 564 3952 Ἐκκλησίας,
598 3884 839 3953 ἀδελφοὶ,
873 3884 1009 3955 φησί
1041 3902 1171 3939 ποτε
1205 3885 1344 3958 πρὸς
1382 3888 1508 3950 τοὺς
1541 3887 1793 3959 μαθητὰς

187 3975 218 4027 δ
265 3972 415 4045 ίερδς
453 3974 700 4044 Συμεών.
744 3975 994 4029 Ἐδόκουν
1040 3976 1150 4047 γὰρ
1187 3977 1281 4030 τὸν
1315 3978 1793 4049 npds6povia61ﬁ;

188 4066 457 4134 Δομντνον
501 4068 633 4137 όρᾷν
684 4068 778 4119 ἐπὶ
824 4070 886 4119 τὸ
920 4066 1308 4140 θυσιαστήριον
1352 4069 1653 4136 ἀναϐάντα,
1695 4072 1792 4125 καὶ

190 4157 325 4227 τῇδε
371 4156 656 4211 τεθεικότα
711 4159 923 4224 ἑαυτὸν,
972 4160 1067 4212 καὶ
1110 4162 1274 4213 οἱονεὶ
1334 4161 1622 4231 ρέγχοντα,
1671 4159 1792 4216 εἶτα

192 4241 413 4301 ἐκεῖθεν
458 4248 899 4321 καταϐεϐηκότα,
935 4251 1032 4305 καὶ
1076 4251 1227 4321 δεξιᾷ
1267 4252 1362 4305 τοῦ
1400 4252 1792 4323 θυσιαστηρίου

192 4340 509 4409 ἱστάμενον.
535 4341 609 4393 Τὸ
637 4341 739 4411 μὲν
773 4336 867 4395 οὖν
898 4342 1122 4413 πλῆθος,
1152 4344 1248 4396 καὶ
1273 4345 1387 4397 ὅσοι
1419 4343 1514 4397 τοῦ
1551 4344 1793 4415 βήματος

186 4432 560 4501 ἀναμένοντες
594 4428 758 4502 ἦσαν,
793 4433 960 4504 εὐχὴν
983 4436 1255 4488 ἐπιτελεῖν
1284 4436 1376 4490 τὸν
1406 4437 1575 4507 ἄνδρα
1601 4439 1790 4508 οἰόμε-

184 4537 297 4575 νοι.
337 4524 448 4575 Καὶ
475 4522 567 4575 τὸν
601 4524 722 4592 μὲν,
753 4526 817 4593 τῇ
848 4524 1027 4595 τοιᾷδε
1060 4527 1249 4579 στάσει
1289 4527 1451 4597 μέχρι
1490 4528 1636 4591 τινὸς
1669 4530 1788 4581 ἑπι-

1898 4532 2215 4587 Concedam
2264 4532 2331 4587 ad
2384 4523 2649 4588 lectulum
2689 4548 2871 4587 meum

190 4614 480 4681 μείναντα,
506 4616 844 4684 υίχήσομαι,
870 4616 1063 4683 φάναι,
1100 4618 1237 4687 πρὸς
1278 4619 1372 4671 τὸν
1401 4618 1640 4689 ἐμαυτοῦ
1672 4638 1790 4674 κοι-

187 4705 461 4758 τωνίσκον
487 4720 501 4736 ·
531 4706 929 4770 Παλαιστινοὺς
958 4709 1014 4761 δέ
1049 4728 1203 4773 τινας
1226 4713 1493 4781 μοναχοὺς
1518 4714 1616 4781 τὴν
1640 4712 1790 4766 θείαν

188 4790 507 4849 ἑπιτελέσαι
533 4798 946 4867 μυσταγωγίαν.
984 4800 1145 4869 Ἑξῆς
1171 4802 1228 4855 δὲ
1260 4804 1357 4855 καὶ
1386 4802 1483 4873 τὴν
1504 4804 1660 4857 λύσιν
1690 4806 1789 4857 ἐπ-

189 4884 349 4953 ῆγεν,
411 4886 488 4951 ὡς
540 4888 650 4960 ἄρα
703 4890 1020 4963 τελευτήσει
1077 4894 1177 4963 μὲν
1226 4898 1482 4965 Δομνῖνος
1524 4898 1614 4949 τὸν
1653 4897 1786 4967 βίον,

192 4979 430 5050 μοναχδς
477 4981 535 5034 δέ
587 4998 673 5045 τις
729 4982 791 5036 τδ
842 4985 998 5052 γένος
1058 4988 1123 5039 ὲκ
1173 4988 1539 5058 Παλαιστίνης
1590 4989 1786 5053 ἕλκων,

265 5162 310 5197 ³³
352 5163 517 5219 Mich.
566 5180 647 5230 ιιι,
689 5164 743 5220 6.

266 5322 381 5394 (Π)
439 5321 524 5375 Ex
582 5323 787 5390 Sophia
821 5325 1043 5394 conjuge
1089 5324 1291 5378 Justini
1332 5325 1505 5394 ﬁliam
1564 5328 1777 5381 unicam

195 5388 791 5466 {\rrﬂviamhagnoscuut
823 5388 1060 5466 (Iodin'us
1089 5396 1309 5465 aliique,
1332 5388 1492 5466 'apud
1517 5395 1780 5465 Cangiunt

194 5458 249 5537 in
279 5458 893 5537 Familiis'Byzantinis,
943 5458 1326 5537 conjectantvm
1368 5458 1503 5520 lianc
1531 5458 1783 5537 esseuqua:

197 5524 469 5603 {induario
497 5524 691 5603 juncta
726 5524 992 5587 eratcum
1035 5524 1109 5588 2m
1154 5538 1435 5603 imperium
1478 5524 1786 5590 verberetur

197 5594 685 5675 [ustinusfquare
731 5603 1011 5675 Meri/lum,
1040 5606 1140 5658 sibi
1186 5594 1307 5659 mox
1352 5608 1407 5659 in
1443 5604 1787 5675 Curopalata:

199 5665 371 5747 locum
402 5665 712 5747 substituit:
746 5674 839 5747 sed
864 5677 958 5727 hoc
995 5674 1105 5727 loco
1133 5677 1337 5728 videtur
1382 5678 1468 5747 agi
1511 5665 1596 5747 de.
1609 5678 1789 5746 puella

200 5736 369 5793 adhuc
418 5742 670 5812 innupta,
709 5745 860 5813 cujus
910 5747 1163 5798 meritoria
1217 5747 1270 5798 in
1312 5736 1629 5799 Imr'vsolmn
1680 5748 1790 5801 Vita

202 5813 448 5878 supersit,
505 5830 692 5867 nomen
745 5824 916 5867 autem
958 5814 1144 5870 oblivio
1192 5817 1459 5881 sepelivit;
1509 5819 1609 5870 nisi
1638 5820 1792 5871 ntali:

1897 3251 2077 3316 cavit;
2109 3258 2165 3305 et
2190 3249 2557 3320 patriarcham
2582 3247 2653 3303 de
2682 3248 2851 3303 totius
2874 3249 2955 3304 rei
2986 3249 3185 3305 ordine
3210 3251 3491 3316 instruxit,

1898 3349 1957 3396 ut
2010 3355 2079 3395 ne
2124 3339 2258 3410 quid
2316 3339 2679 3409 imposterum
2741 3338 2797 3392 in
2853 3339 3100 3393 favorem
3140 3340 3496 3410 imperatoris

1895 3439 2231 3503 proponeret
2257 3431 2385 3486 sibi.
2422 3431 2698 3502 Exiguum
2743 3446 2911 3501 porro
2952 3432 3221 3502 temporis
3255 3433 3494 3503 spatium

1894 3525 2247 3595 intcrjectum
2279 3524 2405 3590 fuit,
2454 3539 2579 3579 cum
2629 3524 2773 3579 fama
2806 3540 2903 3594 per
2935 3532 3107 3578 totam
3143 3526 3372 3595 Epirum
3438 3533 3495 3580 et

1895 3633 2048 3671 mare
2102 3617 2401 3681 emanavit,
2437 3616 2829 3685 imperatorem
2855 3625 3042 3671 mente
3074 3626 3297 3686 captum
3329 3633 3492 3672 esse:

1894 3709 2041 3777 quod
2076 3708 2277 3762 deinde
2315 3716 2613 3762 consecuta
2662 3722 2815 3759 mors
2863 3715 2950 3761 est
2983 3706 3119 3775 (49).

1972 3798 2089 3853 192.
2130 3797 2364 3852 Oremus
2398 3812 2501 3867 pro
2552 3797 2807 3851 Ecclesia
2859 3797 3234 3861 Antiochena,
3284 3797 3497 3867 inquie-

1894 3889 1987 3943 bat
2020 3887 2318 3958 aliquando
2350 3886 2642 3957 discipulis
2672 3886 2790 3942 suis
2822 3895 3047 3942 sanctus
3075 3887 3311 3958 Symeon
3346 3905 3358 3941 :
3414 3887 3498 3943 vi—

1893 3980 2066 4034 debar
2092 3979 2240 4033 enim
2265 3978 2401 4032 mihi
2426 3978 2639 4035 videre.
2668 3979 2971 4033 antistitem
2992 3979 3143 4033 illius
3162 3980 3494 4033 Domninum

1894 4072 2067 4125 altare
2105 4070 2501 4133 conscendere,
2554 4070 2757 4125 ibidem
2811 4087 2869 4125 se
2907 4071 3205 4131 collocare,
3241 4081 3299 4125 et
3324 4072 3496 4126 veluti

1896 4163 2137 4218 ronchos
2178 4162 2425 4228 ducere;
2459 4171 2650 4233 postea
2700 4178 2832 4217 vero
2858 4162 2987 4215 inde
3036 4161 3399 4225 descendere,
3438 4173 3497 4217 et

1895 4253 2121 4309 dextera
2156 4253 2347 4309 altaris
2389 4263 2546 4324 parte
2574 4252 2905 4315 consistere,
2940 4252 3297 4307 existimante
3353 4252 3499 4308 inte-

1897 4345 2004 4400 rim
2036 4347 2337 4400 astantium
2373 4346 2534 4399 turba
2564 4346 2717 4399 illum
2750 4346 3003 4414 precari;
3049 4344 3246 4398 eodem
3283 4345 3336 4399 in
3376 4345 3500 4398 loco

1898 4453 2065 4508 porro
2122 4438 2299 4508 ipsum
2352 4438 2673 4508 aliquandiu
2730 4445 3202 4507 perseverantem,
3258 4437 3494 4490 dicere:

2921 4550 2933 4585 :
2978 4534 3283 4588 monachos
3314 4543 3497 4587 autem

1900 4621 2170 4691 quosdam
2218 4638 2284 4677 ex
2337 4623 2627 4677 Palaestina
2688 4630 3105 4677 sacrosanctum
3167 4624 3500 4677 sacrificium

1900 4714 2252 4783 persolvisse.
2273 4714 2481 4769 Deinde
2500 4722 2555 4767 et
2575 4714 3001 4783 explicationem
3024 4714 3257 4768 visionis
3278 4715 3501 4784 adjecit,

1899 4806 2177 4877 quomodo
2200 4822 2399 4876 nempe
2429 4806 2691 4859 ﬁniturus
2718 4806 2887 4859 vitam
2939 4805 3267 4869 Domniuus,
3297 4815 3353 4859 ct
3390 4823 3505 4857 ιιιω-

1901 4902 2113 4955 nachus
2142 4900 2393 4969 quidam,
2419 4918 2448 4954 e
2476 4900 2766 4954 Palmstina
2796 4914 2970 4969 genus
3003 4898 3243 4962 ducens,
3270 4899 3322 4951 in
3351 4898 3504 4951 thro-

1900 5007 2032 5045 num
2079 4991 2231 5046 illius
2280 4991 2630 5047 inducendus
2674 5002 2840 5046 esset.
2874 4989 3030 5057 Quod
3082 5005 3193 5044 ιιοιι
3244 4990 3339 5044 diu
3384 4999 3506 5059 post

1887 5327 2149 5383 Baduarii
2188 5346 2408 5383 uxorem
2452 5347 2778 5399 anouymam
2840 5331 3160 5398 relinquere,
3195 5339 3243 5381 rt
3294 5330 3503 5384 Ambit:

1890 5400 2061 5453 adhuc
2085 5402 2322 5469 innuptae
2353 5409 2589 5455 statuam
2614 5402 2795 5469 fuisse,
2825 5418 2941 5470 qua:
2966 5404 3013 5454 ei
3040 5400 3501 5470 Constantinopoli

1893 5486 2001 5523 una
2043 5487 2161 5523 cum
2194 5481 2479 5539 parentant
2518 5472 2709 5525 statuis
2754 5474 2923 5538 posita
2964 5488 3078 5524 esse
3113 5472 3383 5524 scribitur.

1966 5540 2078 5607 (48)
2110 5540 2576 5611 Ἐγγσστρίμυθοι
2620 5544 2676 5595 in
2721 5542 2942 5595 decretis
2994 5542 3245 5595 Gratiani
3287 5542 3501 5595 ventri-

1899 5609 2073 5680 loqui,
2133 5612 2188 5664 in
2230 5609 2521 5681 Scripturis
2560 5612 2841 5683 Pythones
2888 5629 2949 5666 ac
2990 5611 3350 5681 Pythouissm,
3414 5627 3505 5681 per

1900 5698 2125 5750 quantm
2176 5692 2409 5735 uentrem
2445 5684 2652 5736 daemon
2704 5700 2953 5751 responsa
2986 5684 3114 5737 edit.

1976 5754 2084 5821 (ἆυ)
2119 5752 2257 5809 Obiit
2297 5752 2542 5806 Justinus
2590 5771 2732 5808 anno
2769 5754 2894 5817 578,
2947 5769 3122 5807 mense
3166 5752 3399 5810 Octobri.
