4092 6464
215 375 387 445 3165

1247 384 1419 443 VlTA
1458 386 1508 442 Α
1544 384 1984 457 NICEPHORO
2023 388 2514 449 CONSCRIPTA.

3370 392 3511 456 3166

208 490 411 543 ιῒιῖτο
434 491 599 544 αὑτοῦ
629 490 937 562 θερμότατα
977 492 1113 561 πρὸς
1156 491 1254 561 τὴν
1306 491 1467 545 ἴασιν.
1500 491 1609 545 Τοῦ
1662 494 1720 547 δὲ
1748 494 1805 561 οίη

1932 499 2278 569 accessisset,
2313 498 2509 551 orabat
2542 511 2707 566 quam
2736 494 3149 552 ferventissime
3202 515 3302 568 pro
3352 516 3512 556 sana-

206 579 370 631 καδε
388 581 613 648 πορείαν
634 579 782 649 αὐτῷ
802 578 1291 650 παραγγείλαντος,
1312 578 1459 633 Ἐκεῖ
1478 581 1610 649 γάρ,
1629 583 1817 651 φησὶν,

208 672 389 741 ἡμᾶς
418 674 508 725 ἐπὶ
536 673 637 741 τῆς
689 671 883 724 ἑαυτοῦ
932 671 1122 741 κλίνης
1179 672 1637 741 ἀναπαυσάμενος
1670 674 1814 743 ὄψει,

200 761 388 813 οὐδὲν
422 762 585 814 πλέον
618 762 827 827 ἐκεῖνος
857 760 1116 831 προσθεὶς
1140 801 1155 827 ,
1210 761 1285 824 ὡς
1336 757 1482 832 εἶχεν
1524 762 1688 826 εὐθὺς
1731 767 1820 816 έπ-

201 850 408 921 ανῄει.
453 852 579 904 Ὅτε
610 850 790 903 τοίνυν
821 850 963 903 κατὰ
988 851 1076 903 τὸν
1100 852 1353 920 ποταμὸν
1376 853 1639 920 ἐγεγόνει,
1671 852 1818 905 ὑετοὶ⁸

207 944 336 1012 μὲν
367 946 610 1014 ῥαγδαῖοι
631 944 1080 1016 καταρῥαγέντες
1115 944 1191 1016 τῷ
1219 946 1457 999 Μέλαντι
1492 946 1674 1016 (τοῦτο
1706 948 1815 1019 γὰρ

200 1036 237 1087 ὁ
260 1035 524 1103 ποταμὸς
548 1036 839 1103 ἐκαλεῖτο),
865 1037 926 1088 τὸ
947 1038 1159 1106 ῥεῖθρον
1182 1036 1449 1106 ηὔξησαν.
1470 1036 1528 1091 Ὀ
1550 1038 1815 1093 δὲτοσαῦο

204 1144 291 1181 τα.
338 1127 421 1197 τῷ
456 1128 663 1198 ῥήματι
706 1128 801 1181 τοῦ
854 1130 1079 1198 Συμεὼν
1118 1129 1343 1201 θαρῥεῖν
1392 1131 1551 1201 ἔχων,
1586 1132 1620 1203 ἢ
1672 1133 1815 1187 οὖτώ

205 1218 438 1288 μᾶλλον
469 1219 600 1271 αὐτὸ
647 1218 892 1287 πληροῦν
939 1220 1313 1289 ἐπειγόμενος,
1346 1220 1407 1274 τὸ
1474 1222 1574 1291 μέν
1622 1241 1675 1276 τι
1725 1224 1813 1277 διά

200 1308 325 1375 τὴν
388 1306 608 1377 ἐντολὴν
666 1309 898 1373 ἐκείνου,
928 1309 989 1361 τὸ
1042 1309 1098 1362 δὲ
1146 1310 1397 1364 πλεῖστον
1421 1312 1814 1384 ἐπιθυμίᾳετῆς

205 1397 553 1466 θεραπείας,
589 1398 665 1460 ὠς
702 1398 837 1467 μηδὲ
872 1399 964 1451 τοῦ
996 1400 1247 1469 ποταμοῦ
1283 1402 1522 1470 μεγάλου
1549 1402 1769 1471 ῥυέντος
1796 1443 1811 1464 .

206 1486 372 1558 μηδὲ
400 1489 511 1553 ὀξεῖ
536 1490 838 1558 φερομένου
884 1490 961 1561 τῷ
1013 1490 1215 1562 ῥείθρῳ
1255 1492 1566 1560 φείσασθαι,
1600 1494 1814 1556 διαὸαίρ

202 1595 271 1633 νε
280 1597 339 1633 ιν
362 1580 527 1632 αὑτὸν
560 1582 838 1650 ἐπειρᾶτο.

289 1675 457 1740 ριιςη
489 1670 598 1722 Καὶ
623 1672 652 1721 ὀ
681 1670 780 1738 μὲν
813 1670 916 1724 ὑπὸ
948 1669 1041 1722 τοῦ
1078 1670 1328 1738 ποταμοῦ
1356 1674 1719 1743 παρασυρεὶς,
1744 1677 1804 1727 ὲν

200 1760 445 1831 ὶσχάτῳ
500 1762 855 1830 καθειστήκει
920 1762 1197 1832 κινδύνῳ·
1257 1764 1316 1816 ὲν
1376 1764 1551 1833 τούτῳ
1605 1764 1662 1823 δὲ
1712 1769 1811 1832 τὴν

204 1852 370 1922 πρὸς
426 1854 556 1915 τοὺς
623 1852 874 1923 μαθητὰς
928 1853 1146 1923 ὁμιλίαν
1178 1858 1206 1906 ὀ
1257 1854 1484 1923 Συμεὼν
1540 1856 1811 1925 ἐπικύψας
1842 1835 1884 1889 Β

204 1943 524 2012 (ἐτύγχανε
547 1943 656 2015 γὰρ
685 1944 753 1997 τά
788 1944 926 2014 πρὸς
955 1944 1230 2016 σωτηρίαν
1274 1945 1459 2009 αὐτοῖς
1506 1940 1812 2015 τηνικαῦτα

198 2033 655 2102 διαλεγόμενος),
689 2033 854 2103 εὐχῆς
882 2034 1063 2103 είχετο
1084 2034 1306 2104 μᾶλλον,
1333 2031 1451 2089 εἶτα
1480 2036 1813 2110 φαιδροτέρᾳ

196 2122 361 2193 πρὸς
394 2123 589 2185 αὐτοὺς
618 2122 739 2191 ὄψει
761 2123 829 2176 τὰ
863 2123 990 2193 περὶ
1022 2123 1115 2176 τοῦ
1152 2124 1346 2195 ἀνδρὸς
1391 2125 1631 2197 διεξῄει,
1663 2128 1812 2191 ὅπως

201 2230 271 2266 τε
334 2211 437 2271 τοῦ
485 2213 733 2282 ποταμοῦ
780 2213 979 2266 πολλοῦ
1006 2214 1222 2284 ῥέοντος
1246 2214 1540 2285 τολμήσειε
1567 2218 1667 2286 τὴν
1699 2218 1813 2272 διά-

199 2304 408 2367 δασιν,
443 2305 537 2369 καὶ
594 2306 744 2367 ὅπως
791 2305 953 2375 ἔργον
993 2304 1092 2375 ήδη
1132 2304 1232 2374 τῆς
1264 2305 1480 2358 ἐκείνου·
1506 2290 1680 2377 φορᾶς
1728 2324 1811 2375 γι-

198 2396 486 2464 νόμενον,
528 2394 703 2459 ἔδοξεν
762 2395 923 2458 αὐτὸς
978 2394 1277 2465 λαϐόμενος
1328 2397 1431 2465 τῆς
1486 2397 1670 2467 χειρὸς
1726 2398 1813 2465 ἐξ·

198 2486 472 2541 ελκῦσαι.
514 2484 572 2538 '0
629 2484 731 2555 μὲν
788 2485 882 2538 οὖν
913 2485 951 2539 ά
999 2489 1120 2539 κατ’
1169 2488 1347 2539 έκεῖνο
1404 2488 1506 2557 τῆς
1535 2487 1687 2557 ὥρας
1733 2486 1810 2557 τῷ

196 2578 372 2645 ἀνδρὶ
424 2577 667 2648 συμόαίη
714 2580 825 2641 τοῖς
871 2578 1168 2649 μαθηταῖς,
1196 2580 1301 2631 ὅσα
1352 2580 1446 2631 καὶ
1487 2578 1680 2649 παρὼν
1714 2582 1810 2634 καὶ

198 2670 412 2738 σαφῶς
476 2671 686 2741 ἕκαστα
713 2659 877 2740 ὀρῶν,
934 2671 1183 2739 ἐξηγεῖτο
1210 2686 1225 2701 ·
1258 2672 1288 2723 ο
1313 2670 1370 2723 δὲ
1418 2672 1549 2739 περὶ
1600 2672 1810 2741 λύχνων

198 2762 360 2829 ἁφάς
396 2760 700 2823 ἀνασωθεὶς
732 2765 813 2824 είς
844 2761 938 2814 τὸν
960 2756 1131 2825 οἷκον,
1158 2764 1223 2831 τῇ
1252 2760 1410 2834 κλίνῃ
1438 2778 1495 2813 τε
1526 2778 1809 2831 προσανα-

199 2851 451 2915 κλιθεὶς,
482 2852 586 2922 δρᾷ
637 2852 980 2922 παραχρῆμα
1028 2852 1121 2905 τὸν
1168 2851 1414 2921 Συμεὼν,
1442 2853 1671 2924 φοϐερὸν
1697 2848 1809 2908 οἷον

198 2942 285 3012 τῷ
316 2942 541 3011 δαίμονι
575 2942 892 3013 προσιόντα,
917 2943 1010 2994 καὶ
1043 2943 1285 3011 χαλεπὰς
1315 2941 1467 3013 αὐτῷ
1531 2942 1803 3010 βασάνους

200 3033 520 3101 ιπάγοντα.
568 3034 632 3085 Ἠ
693 3034 791 3102 μὲν
839 3032 931 3085 οὖν
962 3032 1060 3097 νὺξ
1090 3034 1277 3101 ἐκείνη
1316 3034 1467 3085 πᾶσα
1523 3035 1726 3103 πικρόν
1753 3052 1807 3088 τι

202 3121 307 3176 xit
361 3124 562 3192 γοερὸν
611 3122 935 3187 ὁλολύζοντα
990 3121 1082 3173 τὸν
1113 3122 1297 3176 ἄθλιον
1326 3119 1463 3191 εἶχε,
1493 3124 1624 3187 καὶ,
1666 3112 1805 3193 Ἤδη

200 3212 419 3282 ἰξειμι,
436 3212 683 3281 λέγοντα,
718 3214 794 3277 ὡς
810 3214 867 3267 δὲ
890 3215 985 3267 καὶ
1000 3215 1183 3269 τέλεον
1196 3214 1523 3284 ἀπελήλατο,
1558 3215 1808 3273 επάνεισι

200 3301 348 3372 πρὸς
406 3302 502 3354 τὸν
528 3302 718 3369 Ἀγιον
744 3304 772 3355 ὀ
827 3304 987 3375 ἀνὴρ,
1022 3304 1089 3360 τὰ
1117 3304 1242 3357 καθ’
1285 3305 1478 3362 ἑαυτὸν
1519 3304 1805 3373 ἀπαγγέλ-

201 3392 343 3457 λων,
368 3396 526 3457 ὄπως
550 3396 652 3450 οὐκ
685 3396 777 3448 ἐπὶ
807 3396 907 3465 τῆς
938 3396 1130 3465 κλίνης
1167 3397 1329 3467 μόνον
1365 3396 1515 3465 αὑτῷ
1556 3398 1803 3466 παράδο-

202 3484 298 3551 ξος
343 3486 567 3557 ὀφθείη,
623 3484 763 3539 άλλά
819 3488 921 3540 κάν
956 3488 1034 3557 τῷ
1076 3488 1305 3557 ποταμῴ
1348 3488 1653 3557 πρότερονο
1716 3491 1802 3541 ιν-

199 3574 388 3628 ταῦθα
452 3576 551 3645 μὲν
597 3577 838 3647 χαλεποῦ
894 3578 1149 3646 δαίμονος
1200 3578 1547 3644 ἀπαλλάξας,
1574 3582 1693 3637 ἐκεῖ
1748 3580 1805 3633 δὲ

200 3666 601 3738 χαλεπωτέρου
631 3670 882 3723 κινδύνου
922 3670 1252 3740 ῥυσάμενος,
1280 3673 1375 3725 καὶ
1430 3672 1552 3735 δοὺς
1591 3671 1687 3725 τοῦ
1722 3673 1807 3725 at—

201 3757 476 3825 τηθέντος
504 3758 657 3812 οὐδὲν
686 3756 873 3832 ἦττον,
910 3761 993 3814 ὅτι
1016 3762 1090 3831 μὴ
1122 3762 1216 3815 καὶ
1254 3762 1458 3831 μᾶλλον
1501 3762 1562 3815 τὸ
1591 3762 1804 3831 άπροσυ

199 3847 465 3921 δόκητον.

1926 592 2099 646 tione.
2166 592 2436 661 Praecepit
2491 592 2543 647 ei
2597 599 2821 647 sanctus
2880 592 3119 649 reditum
3175 593 3231 649 in
3284 594 3509 651 domum

1922 696 2108 746 suam;
2142 681 2219 735 ibi
2244 680 2412 745 enim,
2447 681 2633 751 inquit
2676 681 2891 736 videbis
2926 698 3048 747 nos,
3084 682 3139 737 in
3185 692 3358 738 strato
3413 693 3509 749 tuo

1921 771 2232 841 quiescens.
2261 771 2375 825 Nec
2394 772 2565 825 verbo
2586 781 2785 840 przeter
2804 788 2868 825 ea
2891 772 3104 835 addito,
3137 774 3512 829 daemoniaens

1919 864 2092 933 gradu
2133 878 2298 932 quam
2353 870 2568 932 poterat
2616 863 2884 918 citissime
2947 864 3347 924 revertebatur.
3399 863 3507 920 Sed

1922 954 2143 1023 quando
2175 954 2243 1009 ad
2270 954 2496 1008 ﬂuvium
2531 964 2757 1008 ventum
2781 964 2920 1019 erat,
2957 952 3163 1013 imbres
3189 955 3415 1010 violenti
3451 956 3509 1010 in

1917 1045 2205 1100 Melantem
2265 1045 2445 1113 illapsi
2471 1044 2549 1114 (id
2612 1041 2758 1100 enim
2804 1044 2971 1100 ﬂuvio
3014 1048 3239 1115 nomen)
3291 1047 3507 1101 alveum

1915 1145 2181 1191 auxerant
2204 1136 2339 1205 (53).
2365 1134 2505 1201 Quid
2526 1134 2617 1189 hic
2642 1135 2767 1189 ille?
2801 1144 3005 1189 tantam
3037 1137 3091 1189 in
3118 1136 3303 1191 verbis
3330 1136 3507 1191 sancti

1917 1226 2116 1280 habuit
2151 1225 2431 1290 ﬂduoiam,
2467 1234 2563 1278 aut
2597 1225 2785 1294 potius
2823 1233 3115 1294 tantopere
3171 1225 3508 1281 acceleravit

1915 1317 2140 1385 exsequi
2172 1316 2321 1370 illius
2364 1314 2642 1379 mandata,
2692 1326 2807 1370 tum
2835 1316 2964 1385 quia
2992 1316 3107 1384 ipse
3146 1324 3503 1385 praeceperat,

1918 1416 2031 1459 tum
2060 1406 2227 1460 etiam
2253 1406 2424 1475 magis
2446 1404 2600 1475 quod
2631 1406 2878 1476 impense
2914 1415 3144 1474 cuperet
3174 1406 3392 1470 sanari;
3423 1415 3507 1472 ut,

1916 1495 2065 1548 nulla
2092 1495 2306 1561 ﬂuenti,
2336 1497 2465 1567 licet
2516 1504 2650 1551 tunc
2704 1496 2886 1565 magni
2947 1494 3259 1565 rapidique,
3320 1494 3508 1550 habita

1916 1588 2130 1644 ratione
2155 1628 2170 1650 ,
2208 1588 2344 1641 illud
2368 1602 2629 1657 superare
2653 1588 2969 1642 tentaverit.

1987 1678 2115 1732 {96.
2150 1678 2217 1739 Et
2250 1678 2341 1732 ille
2385 1678 2611 1747 quidem
2655 1678 2897 1733 ﬂuminis
2930 1678 3141 1748 impetu
3172 1678 3414 1742 ablatus,
3446 1678 3503 1732 in

1917 1780 2230 1825 extremum
2260 1771 2389 1825 vitae
2420 1770 2721 1824 devenerat
2747 1771 3082 1839 periculum;
3108 1770 3344 1841 Symeon
3375 1785 3508 1825 vero

1915 1860 2109 1914 eodem
2148 1870 2397 1929 tempore
2429 1858 2625 1912 incidit
2657 1858 2897 1913 instituti
2935 1858 3081 1929 apud
3126 1859 3327 1915 fratres
3375 1873 3510 1913 ser-

1916 1951 2098 2007 monis
2123 1950 2276 2005 ﬂium
2306 1949 2651 2017 (conferebat
2680 1949 2829 2005 enim
2865 1958 2997 2005 tunc
3020 1966 3146 2004 eum
3185 1951 3301 2013 suis
3341 1965 3511 2019 super

1915 2044 2119 2098 salutis
2169 2042 2425 2112 negotiis)
2469 2050 2526 2096 et
2578 2040 2815 2109 orationi
2842 2040 3128 2103 ,se‘dedit.
3179 2041 3311 2095 Post
3344 2056 3507 2109 quam

1912 2135 2074 2189 vultu
2100 2133 2296 2188 lmtiori
2331 2133 2398 2187 ad
2423 2133 2547 2187 illos
2581 2146 2903 2195 conversus,
2928 2130 3063 2200 quid
3111 2130 3231 2208 viro
3277 2130 3373 2187 illo
3397 2131 3509 2186 dse-

1913 2225 2175 2281 moniaco
2202 2224 2405 2281 factum
2437 2232 2607 2287 esset,
2644 2223 2700 2277 in
2732 2222 2977 2277 medium
3020 2223 3313 2291 produxit;
3358 2237 3509 2291 quo-

1913 2315 2079 2369 modo
2104 2314 2316 2369 scilicet
2340 2312 2493 2367 ﬂuvii
2514 2313 2728 2382 rapacis
2745 2312 3040 2370 transitum
3063 2321 3275 2366 tentare
3288 2327 3506 2376 ausum,

1907 2404 2132 2475 jamque
2160 2404 2421 2459 violentia
2450 2418 2719 2473 aquarum
2743 2403 3061 2471 abreptum,
3095 2404 3211 2472 ipse
3236 2401 3508 2472 prehensa

1912 2509 2077 2547 manu
2102 2502 2243 2563 pene
2264 2494 2540 2563 perditum
2563 2493 2851 2549 extrahere
2868 2492 2975 2548 sibi
3011 2493 3165 2547 visus
3196 2492 3413 2549 fuisset.
3438 2491 3507 2545 Et

1913 2583 1993 2637 sic
2017 2582 2109 2637 ille
2128 2582 2350 2652 quidem
2384 2582 2578 2637 eadem
2601 2583 2764 2648 hora,
2789 2598 2913 2653 qua:
2940 2581 3156 2639 homini
3186 2592 3485 2638 evenerant

1894 2672 2069 2743 quasi
2102 2688 2288 2727 coram
2310 2682 2367 2727 et
2388 2673 2681 2742 perspicue
2706 2672 2962 2737 vidisset,
2993 2672 3299 2727 enarrabat
3335 2670 3510 2725 disci—

1910 2763 2094 2833 pulis:
2143 2763 2310 2817 homo
2352 2776 2484 2818 vero
2518 2763 2635 2832 ipse
2679 2762 2785 2817 sub
2839 2769 3059 2832 tempus
3116 2778 3229 2832 quo
3277 2760 3507 2816 accendi

1911 2854 2156 2911 lucernae
2182 2854 2382 2917 solent,
2420 2854 2650 2909 domum
2680 2868 2837 2909 suam
2869 2852 3059 2931 salvus
3081 2862 3249 2925 atque
3294 2853 3509 2909 incolu-

1910 2946 2017 3005 mis
2039 2945 2329 3015 pertingit,
2376 2945 2791 3014 reclinatusque
2852 2944 2909 2999 in
2969 2945 3179 3001 lectum
3233 2946 3510 3015 conspicit

1912 3052 2036 3091 mox
2057 3045 2309 3091 sanctum
2330 3034 2685 3106 Symeonem,
2704 3035 2936 3090 ἀκωοηί
2958 3036 3259 3089 admodum
3286 3036 3510 3090 terribi-

1911 3128 2043 3191 lem,
2075 3124 2338 3179 advenire
2362 3135 2419 3179 et
2439 3124 2829 3180 acerbissimos
2861 3124 2940 3179 illi
2967 3125 3505 3191 cruciatusinferre;

1916 3217 2103 3287 itaque
2144 3227 2315 3271 totam
2352 3214 2525 3280 illam,
2559 3223 2766 3285 quanta
2792 3224 2898 3280 est,
2938 3223 3160 3271 noctem
3190 3215 3396 3271 acerbo
3441 3232 3509 3273 ac

1913 3308 2083 3364 ﬂebili
2108 3322 2233 3361 cum
2268 3306 2475 3378 eiulatu
2504 3307 2819 3377 transigens
2848 3306 3061 3367 infelix,
3087 3305 3210 3369 1am
3226 3308 3504 3377 egredior,

1913 3395 2211 3451 clamabat.
2265 3396 2525 3453 Damone
2578 3402 2765 3449 autem
2813 3393 3060 3464 perfecte
3119 3396 3299 3465 ejecto
3362 3396 3509 3451 redit

1914 3487 2080 3542 homo
2130 3488 2245 3556 jam
2275 3485 2517 3539 libenter
2558 3483 2627 3537 ad
2688 3492 2965 3546 sanctum,
3012 3486 3340 3539 renuntians
3384 3500 3508 3555 qua

1913 3580 2020 3636 sibi
2044 3578 2390 3644 acciderant;
2428 3577 2713 3647 quomodo
2738 3577 2953 3633 scilicet
2986 3577 3093 3632 sibi
3134 3591 3361 3632 sanetus
3404 3592 3507 3645 ap-

1911 3678 2192 3741 paruerat.
2258 3685 2368 3724 non
2400 3668 2568 3724 modo
2619 3667 2974 3724 decumbenti
3008 3666 3065 3721 in
3115 3666 3283 3731 lecto,
3312 3680 3508 3721 verum

1919 3772 2069 3816 mtea
2097 3761 2265 3815 etiam
2311 3760 2647 3829 periclitanti
2687 3760 2743 3813 in
2791 3758 2990 3824 ﬂuvio;
3037 3757 3318 3829 quomodo
3376 3757 3503 3812 istic

1911 3860 2134 3923 gravem
2200 3852 2599 3906 exterminarat
2674 3851 3023 3914 daemonem,
3089 3848 3181 3903 hic
3235 3846 3502 3917 .graviori

205 3938 379 3993 etiam
424 3939 784 3998 subduxisset
811 3942 1117 3998 discrimini
1148 3944 1583 4013 contulissetque
1618 3943 1951 3999 beneﬁcium
1985 3958 2096 3999 non
2140 3942 2411 4007 inferius,‘
2442 3957 2608 4011 quam
2660 3940 2805 4010 quod
2842 3940 3097 4011 petierat,
3140 3949 3506 4008 praeterquam

202 4032 352 4097 quod
395 4031 572 4101 magis
597 4040 746 4086 esset
783 4034 1242 4102 inexspectatum.

276 4122 424 4191 ριπζο.
468 4125 846 4195 Κοιμωμένων
900 4127 1146 4195 ἀδελφῶν
1200 4129 1260 4179 ὲν
1316 4126 1474 4195 ἀγρῷ
1530 4144 1661 4179 ποτε
1695 4128 1796 4197 τῆς

206 4216 522 4284 κατωτέρω
559 4217 748 4285 μονῆς,
781 4216 986 4287 ἑτέρων
1012 4218 1067 4270 δὲ
1097 4219 1273 4285 item;
1304 4216 1509 4280 νύκτας
1533 4216 1793 4287 ἐξομολο-

203 4304 491 4373 γήσασθαι
542 4306 661 4375 Θεῷ
719 4308 848 4377 περὶ
900 4309 991 4360 τὸν
1059 4308 1285 4379 Συμεὼν
1342 4309 1792 4378 ἀθροισθέντων,

213 4396 405 4466 Ὀρᾷν,
440 4400 624 4467 φησὶν,
660 4398 901 4462 ἐδόκουν,
923 4397 1148 4461 ἐκεῖνος,
1174 4400 1535 4469 λεοπάρδαλιν
1558 4400 1796 4471 ἐξορμη-

202 4484 393 4540 θεῖσαν
422 4488 519 4540 τοῦ
555 4488 801 4555 φωλεοῦ.
833 4492 929 4542 καὶ
974 4490 1109 4558 πρὸς
1157 4489 1402 4560 κεφαλῆς
1447 4491 1566 4553 ἐνὸς
1601 4492 1712 4542 τῶν
1738 4494 1796 4542 ὲν

200 4578 361 4647 ἀγρῷ
392 4578 642 4644 ἀδελφῶν
665 4580 1005 4647 ἐφεστῶσαν,
1034 4579 1176 4633 ὥστε
1206 4581 1660 4651 διασπασαμένην
1696 4582 1796 4634 αὑ-

201 4664 318 4727 τὸν,
344 4666 443 4719 τοῦ
474 4668 709 4737 αἵματος
756 4668 1138 4739 ἐμφορηθῆναι
1171 4670 1392 4723 καὶτῶν
1418 4670 1662 4740 σαρκῶν,
1705 4673 1799 4723 καὶ

200 4754 275 4816 ὡς
304 4757 418 4825 ἐγὼ
447 4760 522 4817 δι’
548 4760 717 4829 εὐχῆς
759 4761 901 4829 εἴην,
929 4762 1216 4813 ἀποσοὸῶν
1256 4761 1317 4813 τὸ
1369 4762 1579 4832 θηρίον.
1612 4762 1798 4815 Ταῦτα

199 4846 278 4916 τῷ
329 4851 431 4916 μὲν
479 4850 709 4920 Συμεὼν
759 4852 1020 4922 διήγημα’
1042 4854 1178 4923 πρὸς
1227 4854 1353 4916 τοὺς
1392 4853 1642 4923 μαθητὰς
1672 4849 1741 4923 ἦν
1779 4870 1793 4886 ⁸

200 4937 441 4994 ἐτελεῖτο
514 4942 571 4993 δὲ
618 4945 698 5003 εἰς
734 4943 893 5011 ἔργον
938 4943 1016 5014 τῷ
1051 4944 1405 5015 κοιμωμένῳ,
1439 4946 1533 4997 καὶ
1586 4944 1797 4999 διυπνι-

202 5026 373 5095 σθεὶς,
402 5033 508 5102 ὁρᾷ
533 5034 668 5101 πρὸς
696 5034 942 5103 κεφαλῆς
978 5036 1040 5087 τὸ
1069 5016 1277 5103 θηρίον.
1304 5037 1417 5089 Οὐκ
1444 5035 1582 5105 ἔχων
1610 5035 1791 5088 τοίνυν

202 5113 227 5165 ὃ
262 5134 311 5171 τι
357 5124 452 5172 καὶ
483 5123 671 5192 δράσει
702 5125 779 5194 τῷ
810 5125 991 5195 ἀθρόῳ
1022 5126 1114 5178 τοῦ
1153 5128 1404 5180 κινδύνου
1431 5128 1525 5181 καὶ
1555 5130 1686 5200 παρ’
1705 5129 1795 5181 ἑλ-

201 5206 350 5272 πίδα,
380 5212 484 5282 τὴν
534 5215 751 5283 ἕτοιμον
806 5219 1007 5269 αὐτίκα
1052 5221 1143 5270 καί
1202 5220 1411 5288 ἄμαχον
1453 5220 1707 5289 δύναμιν,
1732 5222 1795 5275 τὸ

204 5294 293 5348 τοῦ
341 5298 489 5355 θείου
542 5305 769 5373 Συμεὼν
818 5308 1009 5375 ὄνομα,
1044 5312 1138 5360 καὶ
1182 5308 1278 5377 τὴν
1308 5310 1519 5362 ἐκεῖθεν
1570 5328 1793 5379 συμμαο

204 5385 323 5453 κίαν
365 5396 688 5451 ἐπεκαλεῖτο
720 5416 733 5427 ’
770 5398 828 5462 ὃς
885 5400 1035 5468 αύτῷ
1080 5404 1173 5453 καὶ
1204 5404 1547 5471 παραχρῆμα
1579 5405 1787 5469 ὀφθεὶς,

209 5478 502 5541 ἀπελαύνει
542 5491 633 5543 τὸν
686 5490 852 5561 θῆρα.
897 5491 954 5544 '0
990 5494 1088 5560 μὲν
1112 5489 1206 5545 οἷν
1253 5493 1475 5561 ἀδελφὸς
1514 5495 1618 5563 ἤδη
1660 5498 1787 5565 περὶ

272 5612 382 5697 ς55)
422 5617 898 5697 Νοτιυίάειυνηὶειο
938 5624 1101 5677 Melas
1128 5626 1351 5693 intelligi
1390 5644 1537 5695 posse
1581 5628 1644 5679 de
1689 5646 1790 5697 quo

211 5682 276 5763 od
309 5698 425 5752 cap.
462 5692 513 5751 υ,
542 5692 593 5743 in
630 5703 816 5745 mmet.
849 5703 1027 5763 utpote
1063 5698 1217 5748 nimis
1258 5682 1503 5749 renuitus.
1544 5682 1787 5755 Fuerim:

213 5762 271 5799 ut:
317 5769 653 5814 recensentur
688 5763 866 5831 plures
913 5766 1060 5819 islitts
1109 5769 1331 5820 "trutinis
1376 5769 1561 5836 ﬁttt'it;
1624 5780 1788 5837 potest

1981 4124 2105 4180 197.
2141 4123 2557 4179 Dormientibus
2596 4104 2897 4191 aliquando
2940 4120 3211 4177 fratribus
3271 4121 3508 4177 inferio-

1905 4217 1979 4271 ris
2010 4215 2329 4271 monasterii
2346 4215 2401 4269 in
2416 4230 2547 4285 agro
2560 4212 2688 4267 dum
2710 4212 2896 4266 cazteri
2911 4212 3015 4266 sub
3030 4223 3247 4266 noctem
3266 4212 3503 4266 mediam

1904 4323 2031 4363 cum
2050 4314 2244 4361 sancto
2267 4307 2540 4377 Symeone
2573 4305 2641 4358 ad
2678 4303 3056 4358 confitendum
3106 4303 3338 4357 Domino
3366 4320 3501 4357 con-

1903 4398 2212 4452 venissent:
2231 4397 2489 4462 Videbar,
2514 4395 2693 4464 inquit
2711 4407 2955 4459 sanctus,
2977 4394 3498 4463 videreleopardum

1905 4504 1935 4542 e
1970 4486 2171 4556 spelaso
2214 4501 2315 4539 suo
2346 4499 2727 4554 prorumpere,
2773 4495 2829 4537 et
2854 4482 3020 4552 capiti
3061 4482 3225 4536 unius
3254 4499 3285 4536 e
3313 4483 3500 4536 Γαδιτὶ-

1903 4578 2008 4632 bus
2049 4577 2104 4629 in
2132 4592 2263 4646 agro
2290 4574 2486 4629 infeste
2517 4574 2840 4639 imminere;
2880 4582 2995 4627 tum
3040 4573 3209 4627 veluti
3233 4573 3502 4627 dilaniarc

1884 4686 1969 4723 eae
1989 4670 2227 4722 saturari
2244 4667 2849 4737 sanguineetcarnibus
2865 4667 3013 4720 illius
3034 4666 3305 4735 :denique
3330 4665 3502 4734 preci.

1896 4762 1999 4815 bus
2018 4761 2157 4814 meis
2173 4761 2347 4813 arceri
2378 4758 2639 4812 belluam.
2675 4757 2823 4811 Talis
2846 4766 2967 4811 erat
2993 4757 3237 4810 narratio
3272 4757 3500 4826 Symeo-

1894 4852 2001 4916 nis,
2030 4851 2174 4921 apud
2204 4851 2507 4920 discipulos
2528 4850 2779 4903 instituta
2803 4868 2816 4902 :
2851 4865 2937 4903 res
2965 4850 3079 4918 ipsa
3108 4864 3239 4902 vero
3267 4850 3345 4903 sic
3366 4864 3497 4918 age-

1894 4944 2058 4998 batur
2085 4959 2209 4997 cum
2229 4942 2560 5005 dormiente,
2590 4942 2685 5011 qui
2715 4941 3157 5011 expergefactus,
3184 4942 3496 5011 deprehen-

1897 5036 1979 5091 dit
2007 5036 2074 5089 ad
2108 5045 2451 5105 caputsuum
2471 5035 2667 5090 feram.
2690 5036 2918 5105 Ignarus
2941 5045 3125 5089 autem
3157 5036 3291 5103 quid
3309 5050 3494 5087 rerum

1898 5130 2155 5199 ageretin
2176 5139 2285 5183 tam
2303 5128 2594 5199 repentino
2611 5128 2923 5199 desperata:
2956 5129 3158 5181 salutis
3198 5128 3490 5196 periculo;

1906 5221 2167 5291 inclamat
2201 5231 2444 5290 paratam
2478 5220 2631 5276 illico
2674 5229 2731 5274 et
2774 5220 3258 5290 inexpugnabilem
3302 5230 3490 5289 poten-

1904 5312 2033 5366 tiam
2056 5313 2230 5366 sancti
2254 5311 2545 5383 Symeonis
2569 5322 2861 5376 nomen,et
2887 5312 3031 5380 quod
3076 5312 3339 5379 consequi
3365 5310 3494 5363 inde

1900 5406 2041 5459 solet
2088 5405 2395 5459 subsidium
2416 5422 2428 5457 :
2448 5406 2543 5475 qui
2570 5405 2837 5459 continuo
2866 5404 3121 5478 apparuit
3144 5404 3487 5463 inclamanti,

1896 5508 1953 5552 et
1982 5498 2220 5552 belluam
2253 5498 2455 5568 abegit.
2481 5480 2670 5551 Frater
2696 5498 2859 5569 igitur
2885 5500 2987 5553 iste
3027 5497 3272 5550 diluculo
3299 5510 3493 5549 versus

1902 5634 2061 5686 etiam
2094 5634 2370 5703 igtwbilicr
2412 5635 2627 5702 quidam
2663 5652 2761 5686 non
2796 5634 2977 5703 pinna!
3005 5654 3031 5677 η
3070 5644 3207 5686 monl
3234 5652 3239 5663 ’
3264 5630 3493 5687 Μὶωίηίὲ

1903 5704 2145 5774 (ὡράων.
