4092 6498
253 413 389 478 32m

1253 423 1428 484 VITA
1473 421 1516 480 Ᾰ
1556 422 1993 484 NICEPIIORO
2033 425 2516 488 CONSCRIP'I‘A.

3386 429 3535 491 3170

251 536 340 580 λον
368 523 435 598 ἦν
462 528 783 601 (γειτόνημα
809 532 918 597 γὰρ
941 534 1004 600 τῇ
1037 533 1256 598 γυναικὶ
1300 533 1392 583 καὶ
1415 524 1568 593 οὗτος
1608 533 1667 580 οὑ
1700 547 1833 599 χρη-

1950 534 2105 589 vinus
2130 547 2248 591 erat
2276 538 2492 590 mulieri
2527 552 2634 590 non
2667 537 2864 598 bonus)
2896 538 2983 590 illa
3013 537 3296 606 promissis
3332 539 3531 602 sancti,

250 621 378 672 στὸν
406 621 701 689 ἐτύγχανεν
733 621 852 689 ὢν),
889 623 1066 692 ἐκείνη
1100 627 1216 684 ταῖς
1239 623 1332 674 τοῦ
1355 622 1578 688 Συμεὼν
1601 624 1834 688 ἐπαγγεο

246 711 396 774 λίαις
459 713 532 773 ὡς
577 714 675 781 ήδη
725 716 1118 782 γεγενημέναις
1151 714 1540 785 ὲπιθαρροῦςα,
1588 711 1834 781 Εύρηκα,

251 803 427 869 ἔλεγε,
463 805 556 855 καὶ
588 805 654 855 τά
686 806 814 870 ἐμὰ.
845 807 945 856 κάν
967 806 1044 874 τῷ
1072 805 1188 873 ὲμῴ
1220 807 1394 858 πάντα
1422 806 1514 857 νῦν
1543 807 1836 856 ἀπόκειται

246 896 506 964 ταμιείῳ.
547 895 606 946 Ὀ
651 896 831 963 μέντοι
874 897 941 948 τά
981 898 1272 966 κλέμματα
1303 899 1463 966 ἔχων.
1502 895 1631 964 παρ’
1661 893 1837 960 ἐαυτῷ

248 985 467 1034 κεῖσθαι
519 985 694 1036 ταῦτα
756 985 959 1053 μᾶλλον
1010 987 1194 1048 εἰδὼς,
1253 987 1362 1054 ὅσῳ
1413 985 1836 1056 περιεργότερον

246 1076 601 1137 ἐπυνθάνετο,
634 1077 873 1147 τοσούτῳ
899 1077 1060 1130 πλέον
1081 1073 1146 1147 ἦν
1176 1076 1540 1145 διαχλευάξων
1566 1075 1686 1127 καθ’
1713 1075 1838 1125 ἑαυ-

246 1167 340 1216 τὸν
374 1167 430 1218 τὸ
462 1170 691 1235 πρᾶγμα
733 1171 826 1220 καὶ
858 1171 1229 1239 μυκτηρίςων,
1265 1170 1356 1222 καὶ
1385 1170 1530 1239 σαφῆ
1558 1171 1838 1238 τιθέμενος

245 1257 495 1323 γέλωτα’
521 1259 632 1309 ἀλλ’
660 1261 738 1321 εἰς
765 1261 964 1328 μανίαν
994 1262 1153 1322 εὐθὺς
1184 1263 1211 1311 6
1255 1263 1471 1331 μυκτὴρ
1507 1253 1834 1329 μετεϐάλλε-

245 1367 328 1407 το,
362 1351 454 1401 καὶ
476 1351 748 1403 διαπετῶν
771 1349 837 1422 ἦν
866 1355 892 1404 6
919 1352 1101 1414 ἄθλιος
1126 1355 1219 1415 τὰς
1246 1357 1455 1423 χεῖρας,
1490 1357 1581 1408 καὶ
1603 1356 1833 1420 δάκνων,

248 1443 339 1493 καὶ
382 1440 668 1506 όλολύζων,
706 1445 806 1513 τήν
835 1460 894 1495 τε
928 1444 1132 1511 κλοπὴν
1162 1445 1674 1514 ἐξομολογούμενος,
1701 1447 1836 1500 ὅπου

244 1549 303 1583 τε
333 1533 398 1582 τά
430 1532 608 1602 φώρια
654 1534 738 1602 εἴη
777 1534 1016 1603 μηνύων,
1049 1537 1142 1587 καί
1175 1537 1275 1588 ὅσα
1315 1537 1422 1589 τῶν
1456 1536 1838 1606 δαιμονώντων

243 1625 457 1686 οὐδενὸς
498 1627 862 1695 ἀπεχόμενος.
905 1627 986 1678 Τά
1037 1627 1134 1696 μὲν
1176 1625 1270 1680 οὖν
1311 1628 1600 1697 κλέμματα
1635 1629 1837 1700 ἠνέχθη

246 1719 427 1770 πάντα
455 1721 517 1787 τῇ
553 1719 789 1784 γυναικὶ,
834 1719 930 1786 ούχ
963 1717 998 1771 ἃ
1032 1720 1333 1788 τηνικαῦτα
1371 1723 1551 1790 μόνον,
1589 1721 1704 1774 ἀλλ’
1737 1724 1838 1775 ὅσα

243 1811 338 1860 καὶ
363 1810 556 1878 πρώην
581 1808 934 1861 ἀπολωλέκει.
976 1811 1033 1861 Ὀ
1058 1810 1112 1862 δὲ
1135 1810 1308 1862 ταῦτα
1331 1812 1570 1880 συλήσας
1597 1812 1837 1879 ὑπέμενε

1944 639 2200 698 tanquam
2234 629 2491 682 effectum
2509 629 2618 697 jam
2642 630 3011 691 tum-sortitis,
3045 629 3249 682 confisa
3272 647 3282 680 :
3303 628 3531 696 Reperi,

1943 721 2138 788 inquit,
2166 735 2306 781 mea,
2338 728 2393 772 et
2423 719 2474 771 in
2502 720 2740 792 armario
2760 721 2868 787 jam
2893 735 3039 771 nunc
3071 719 3305 785 reposita
3333 717 3531 770 habeo.

1942 812 2058 880 ipse
2077 827 2206 864 vero
2229 812 2319 878 qui
2346 810 2526 862 ablata
2551 810 2812 871 habebat,
2832 818 2885 862 et
2910 825 3077 876 penes
3093 824 3149 860 se
3174 809 3343 860 latere
3363 806 3534 874 probe

1941 901 2186 962 sciebat,
2231 911 2436 968 quanto
2474 901 2668 970 majori
2724 908 2836 951 tum
2884 899 3232 950 affectatione
3284 895 3534 949 sciscita-

1943 995 2124 1054 batur,
2173 1001 2324 1045 tanto
2350 993 2491 1045 intra
2515 1008 2573 1045 se
2603 990 2944 1059 petulantius
2976 989 3295 1041 ludificabat
3331 986 3531 1039 mulie-

1944 1102 2056 1140 rem
2082 1102 2146 1139 ac
2175 1083 2460 1143 irridebat.
2488 1084 2597 1137 imo
2627 1084 2796 1135 risum
2827 1095 3048 1148 quoque
3075 1079 3249 1147 palam
3284 1075 3530 1130 tollebat.

1943 1179 2144 1232 Verum
2173 1178 2329 1232 ocius
2361 1177 2414 1230 in
2448 1175 2716 1228 insaniam
2751 1174 2946 1226 irrisor
2977 1188 3170 1225 versus
3201 1180 3313 1233 est;
3350 1177 3404 1222 et
3435 1185 3534 1223 cx-

1944 1269 2204 1323 tendebat
2234 1284 2427 1321 manus
2461 1267 2646 1320 infelix
2681 1265 3109 1332 arrodebatque.
3141 1271 3194 1316 et
3217 1262 3535 1317 clamitabat

1943 1361 2206 1416 miserum
2232 1361 2283 1413 in
2311 1360 2567 1423 modum;
2589 1359 2655 1411 ad
2682 1359 2796 1411 hrec
2822 1356 3098 1410 fatebatur
3119 1354 3346 1414 furtum,
3369 1364 3426 1407 et
3450 1353 3534 1406 in-

1950 1453 2160 1507 licabat
2188 1453 2280 1506 ubi
2313 1452 2650 1512 abdidisset;
2685 1449 2924 1517 denique
2955 1449 3093 1500 nihil
3134 1462 3240 1500 non
3271 1445 3534 1501 actitabat

1960 1560 2132 1598 :orum
2191 1559 2314 1613 qua:
2385 1541 2703 1596 dtetitoniaci
2771 1541 2970 1594 solent.
3040 1537 3303 1593 Universa
3363 1537 3533 1604 igitur

1944 1635 2164 1689 mulieri
2209 1636 2378 1688 relata
2413 1644 2562 1694 sunt,
2591 1643 2698 1686 tam
2744 1647 2866 1699 quae
2899 1631 3110 1684 recenti
3153 1630 3301 1682 furto
3350 1629 3530 1684 ablata

1941 1738 2104 1790 quam
2123 1738 2242 1789 qua:
2259 1722 2392 1774 alias
2421 1720 2728 1773 desiderata
2757 1726 2934 1771 erant.
2957 1718 3158 1771 Verum
3188 1716 3281 1786 qui
3317 1715 3528 1769 furtum

1942 1812 2317 1871 commiserat,
2349 1811 2614 1880 pergebat
2644 1809 2878 1862 insideri
2916 1823 2945 1860 a
2971 1808 3244 1876 damone.
3277 1807 3532 1861 meritam

241 1897 537 1965 δαιμονῶν,
582 1899 674 1948 καὶ
706 1899 860 1964 δίκας
893 1897 1083 1968 ὥσπερ
1115 1900 1383 1968 τοσαύτης
1423 1901 1637 1962 ἀδικίας
1687 1901 1832 1953 ὲκτίο

1944 1903 2225 1971 injustitiw
2252 1916 2364 1955 sua:
2386 1915 2602 1969 pmnatn
2639 1899 2961 1968 persolvens
2989 1915 3003 1963 ;
3032 1897 3213 1952 donec
3235 1896 3533 1951 commise-

242 2007 384 2041 νων·
440 1989 542 2050 ἓως
594 1988 740 2039 ἔλεον
770 1988 932 2040 αὑτοῦ
977 1989 1254 2063 λαϐόντες,
1289 1992 1385 2059 οὐχ
1429 1991 1540 2042 ὅσοι
1568 1991 1836 2060 παρόντες

243 2075 409 2148 ἦσαν,
442 2077 578 2132 ἀλλά
616 2079 710 2131 καὶ
736 2081 872 2148 αὑτὴ
906 2082 1002 2132 σῦν
1029 2079 1257 2144 ἐκείνοις
1288 2082 1320 2149 ή
1351 2083 1448 2150 τὴν
1473 2081 1680 2152 κλοπὴν
1708 2082 1838 2134 ὐπο-

249 2173 448 2228 στᾶσα,
474 2172 680 2231 κοιναῖς
709 2172 843 2238 πρὸς
874 2172 1005 2222 Θεὸν
1039 2171 1133 2222 καὶ
1165 2171 1256 2222 τὸν
1287 2171 1506 2240 ἔλεγχον
1537 2171 1630 2224 τοῦ
1663 2171 1834 2226 κακοῦ

246 2263 478 2330 Συμεὼν
509 2263 748 2332 ἐχρῶντο
766 2263 956 2326 λιταῖς,
983 2264 1179 2325 κοινοῖς
1201 2263 1460 2331 δάκρυσιν
1484 2281 1496 2293 ·
1528 2257 1608 2326 οἷς
1639 2265 1836 2316 αὐτίκα

211 2397 214 2399 .
245 2351 344 2430 καὶ
371 2351 430 2402 τὸ
457 2351 678 2422 αἰτηθὲν
703 2353 1006 2420 ἠκολούθει,
1041 2354 1136 2406 καὶ
1164 2354 1257 2406 τοῦ
1279 2355 1529 2422 δαίμονος
1555 2357 1582 2407 ό
1611 2354 1835 2422 πάσχων

238 2431 579 2520 ἀπήλλακτο,
619 2453 795 2504 κοινὸν
857 2453 1130 2521 παίδευμα
1181 2455 1316 2506 πᾶσι
1369 2455 1505 2524 πρὸς
1547 2451 1835 2522 ἀποφυγὴν

241 2543 449 2604 κακίας
480 2544 869 2612 γεγενημένος.

319 2631 384 2686 a'.
431 2634 778 2703 Ἐλυμαίνετό
824 2652 906 2697 τις
955 2635 1050 2696 σῦς
1085 2637 1148 2688 ὲκ
1193 2635 1401 2706 δρυμοῦ
1437 2638 1564 2698 τοὺς
1605 2637 1816 2708 ἀγροὺς

239 2726 346 2794 ’τῆς
409 2726 560 2778 κάτω
601 2727 792 2794 μονῆς,
825 2728 1042 2791 καὶ-εἰς
1070 2729 1404 2798 ,ἀμηχανίαν
1452 2729 1648 2800 κομιδῇ
1697 2732 1828 2793 τοῦς

247 2818 518 2884 μοναχοῦς
560 2819 857 2888 περιίστη⁶
901 2819 1294 2888 προσελθόντες
1353 2821 1530 2879 τοίνυν
1571 2821 1650 2890 τῷ
1703 2820 1834 2891 ἱερῷ

241 2907 494 2976 Συμεὼν.
538 2909 746 2962 ἐδέοντο
797 2909 987 2963 τοῦτον
1031 2913 1093 2963 ἐκ
1124 2911 1218 2964 τοῦ
1258 2911 1422 2981 μέσου
1456 2913 1734 2979 γενέσθαι.
1774 2913 1833 2965 '0

240 3001 325 3058 δὲ.
358 3000 484 3062 Τοῖς
535 3001 594 3068 ἐξ
656 3001 780 3070 ὅλης
820 3001 1023 3072 ἰσχύος,
1067 3002 1192 3071 ἔφη,
1224 3005 1315 3056 τὸν
1371 3003 1503 3056 Θεὸν
1544 3005 1832 3070 ἀγαπῶσιν

243 3088 622 3141 ὑποτέτακται
674 3089 872 3151 πάντα,
901 3090 974 3153 ὡς
1011 3091 1242 3161 xui-1:96
1272 3094 1368 3160 τῆς
1411 3096 1700 3163 παρακοῆς
1735 3096 1831 3147 τοῦ

1942 1992 2154 2045 ratione
2193 1993 2323 2044 tacti
2383 1998 2655 2060 quotque.
2703 1988 2958 2048 aderant,
2997 1995 3162 2055 atque
3229 1986 3367 2040 adeo
3429 1987 3529 2040 illa

1941 2081 2056 2149 ipsa
2085 2079 2287 2133 mulier
2314 2094 2435 2148 qua:
2485 2079 2692 2132 furtum
2751 2093 2909 2147 passa
2969 2076 3168 2140 fuerat,
3216 2076 3530 2131 communi-

1939 2175 2042 2228 bus
2071 2173 2217 2243 apud
2246 2174 2418 2227 Deum
2482 2181 2540 2228 et
2581 2173 2816 2244 malefici
2861 2172 3247 2241 castigatorem
3303 2171 3531 2242 Symeo—

1938 2281 2062 2320 nem
2087 2268 2228 2320 votis
2249 2275 2304 2320 et
2329 2265 2608 2336 lacrymis.
2636 2266 3073 2320 intercesserunt
3098 2283 3109 2317 :
3138 2279 3276 2333 quas
3307 2279 3337 2318 e
3369 2263 3532 2318 vesti-

1937 2359 2026 2429 gio
2053 2359 2105 2413 id
2135 2360 2280 2429 quod
2317 2359 2607 2428 petebatur
2636 2366 2995 2435 consecutum
3026 2367 3146 2419 est;
3185 2370 3242 2411 et
3290 2372 3529 2426 cnergu-

1937 2465 2132 2504 menus
2162 2450 2400 2520 maligno
2426 2449 2622 2518 spiritu
2673 2450 2962 2509 liberatus,
3011 2445 3330 2502 universale
3355 2445 3527 2502 docu-

1937 2553 2183 2597 mentum
2210 2542 2312 2596 fuit
2346 2541 2604 2596 omnibus
2626 2541 2690 2594 ad
2729 2541 2938 2594 scelera
2969 2540 3324 2595 declinanda.

2020 2630 2145 2686 200.
2179 2631 2439 2687 Vastabat
2469 2631 2692 2700 quidam
2726 2647 2856 2700 aper
2911 2631 3192 2686 inferioris
3244 2639 3527 2685 monaste-

1940 2724 2006 2778 rii
2041 2739 2221 2793 agros,
2263 2724 2537 2792 tantisque
2574 2723 2851 2792 afﬂigebat
2881 2723 3184 2776 monachos
3214 2723 3522 2777 incommo-

1936 2811 2042 2875 dis,
2075 2813 2291 2882 utquid
2319 2813 2535 2867 consilii
2566 2822 2848 2881 caperent,
2880 2811 3216 2880 ignorarent.
3246 2810 3530 2865 Adeuntes

1937 2905 2107 2975 igitur
2131 2904 2456 2974 Symeonem
2506 2914 2720 2974 rogant.
2779 2905 2893 2974 ipse
2940 2913 3001 2957 ut
3066 2902 3339 2957 facessere
3397 2902 3525 2957 inde

1936 2996 2107 3051 feram
2135 2996 2345 3065 jubeat.
2381 2997 2473 3049 Ille
2499 3011 2630 3049 vero
2683 3013 2696 3048 :
2733 2997 2811 3050 Ex
2869 2997 3022 3060 totis,
3078 2996 3278 3064 inquit,
3310 2994 3527 3049 viribus

1937 3089 2300 3158 diligentibus
2336 3089 2508 3140 Deum
2535 3088 2720 3140 omnia
2759 3089 3004 3156 subjecta
3057 3099 3208 3151 sunt,
3257 3087 3528 3156 quemad-

257 3181 454 3248 Ἃδάμ.
497 3181 684 3242 Οῦτως
729 3177 822 3234 οὖν
870 3182 1054 3252 ἔχουσι
1095 3183 1190 3235 καὶ
1231 3183 1358 3252 ὑμῖν
1415 3184 1701 3252 δοθήσεται
1751 3188 1831 3247 είς

1939 3181 2162 3235 modum
2193 3188 2320 3234 ante
2346 3179 2562 3249 lapsum
2593 3179 2788 3234 Adami
2821 3180 3088 3234 fuerunt:
3143 3179 3292 3249 quod
3346 3179 3391 3234 si
3430 3195 3530 3235 vos

244 3268 424 3338 Θήραν
478 3269 660 3322 ὀδοῦσι
710 3271 877 3341 θηρὸς
917 3274 1109 3341 ἐτέρου
1170 3275 1331 3327 πάλιν
1372 3277 1401 3326 6
1444 3275 1643 3346 κείρων
1703 3277 1830 3339 τοὺς

245 3359 550 3426 ὑμετέρους
577 3360 807 3429 ἀγροὺς,
837 3361 931 3414 καὶ
972 3362 1165 3415 θᾶττον
1194 3364 1290 3432 τῆς
1328 3364 1386 3428 ἐξ
1418 3364 1584 3417 αὑτοῦ
1625 3365 1832 3435 βλάϐης

241 3449 726 3516 ἀπαλλαγήσεσθε.
757 3451 944 3505 Ταῦτα
984 3454 1082 3507 τοῦ
1121 3456 1346 3522 Συμεὼν
1391 3455 1698 3524 εἰρηκότος.
1731 3458 1833 3525 όρᾷ

241 3540 358 3591 τῶν
423 3540 669 3608 ἀδελφῶν
740 3559 824 3605 τις
873 3544 1092 3613 ἐκείνην
1156 3545 1254 3614 τὴν
1303 3546 1474 3598 νύκτα
1532 3545 1674 3598 κατὰ
1709 3550 1831 3609 τοὺς

242 3632 472 3694 ὕπνους,
499 3632 734 3700 ἀχθέντα
787 3637 910 3688 τινὰ
958 3635 1147 3688 λέοντα
1194 3640 1298 3690 ὑπὸ
1339 3637 1432 3690 τοῦ
1491 3639 1698 3706 Ἀγίου.
1739 3640 1834 3701 καὶ

243 3722 344 3774 τὸν
382 3722 558 3790 μέγαν
585 3723 793 3775 ἐκεῖνον
824 3724 923 3776 σῦν
955 3727 1032 3787 είς
1059 3727 1232 3794 θήραν
1261 3729 1410 3798 αὐτῷ
1447 3730 1552 3782 ὑπὸ
1583 3733 1694 3792 τοῖς
1725 3730 1832 3782 τῶν

243 3812 494 3881 ἀδελφῶν
527 3815 687 3866 ποσὶν
715 3815 1028 3871 ἐκδοθέντα.
1059 3819 1164 3870 Τοῦ
1200 3819 1370 3873 ὕπνου
1419 3821 1598 3873 τοίνυν
1650 3823 1832 3875 διαναο
1861 3829 1870 3837 ’

244 3906 403 3967 στὰς,
436 3905 596 3975 ῐργον
637 3905 737 3977 τήν
782 3906 882 3974 τῆς
943 3910 1132 3970 νυκτὸς
1186 3910 1307 3977 δψιν
1357 3911 1621 3980 εὑρίσκει,
1678 3912 1771 3964 καὶ
1805 3914 1833 3965 6

244 3995 388 4047 λέων
422 3996 515 4047 τὸν
552 3996 650 4048 σῦν
678 3998 1070 4076 κατεδηδοκὼς,
1104 4002 1358 4070 ἐχόμενος
1403 4006 1500 4072 τῆς
1531 4003 1653 4056 όδοῦ
1704 4005 1830 4056 ἀνα·

245 4085 554 4138 πεπτώκει.
585 4089 648 4140 Οί
683 4088 782 4155 μὲν
809 4084 904 4140 οὖν
930 4089 1099 4158 ὄχλοι,
1131 4091 1198 4144 τά
1229 4108 1286 4142 τε
1315 4091 1410 4144 τοῦ
1443 4093 1654 4155 λέοντος
1685 4093 1827 4162 ἴχνη,

237 4174 310 4229 τό
360 4191 418 4228 τε
464 4175 558 4228 τοῦ
588 4177 711 4239 συὸς
746 4178 850 4231 ἀνά
873 4179 968 4249 τήν
1004 4182 1122 4233 ὁδὸν
1152 4175 1297 4252 αἷμα
1336 4183 1558 4246 ἰδόντες,
1589 4186 1829 4254 προσέρ-

242 4281 434 4334 χονται
464 4267 767 4336 κατάφοὸοι
790 4269 866 4338 τῷ
914 4271 1081 4339 Ἀγίῳ
1116 4273 1359 4340 δεόμενοι
1385 4273 1576 4326 τοῦτον
1618 4276 1830 4328 ἐκεῖθεν

240 4353 610 4422 ἀπελαθῆναι.
655 4356 714 4409 '0
738 4358 793 4410 δὲ
823 4357 932 4410 τῶν
969 4361 1225 4431 μαθητῶν
1263 4363 1357 4415 ἕνα
1390 4364 1648 4430 καλέσας,
1685 4365 1826 4434 Πορ-

1935 3287 2156 3341 quoque
2185 3273 2263 3326 sic
2295 3271 2560 3342 diligatis.
2603 3271 2829 3325 dabitur
2853 3271 2942 3324 illa
2980 3271 3033 3324 in
3085 3271 3324 3340 praedam
3375 3271 3514 3326 den-

1938 3362 2088 3416 tibus
2142 3361 2371 3416 alterius
2417 3362 2547 3417 ferae
2597 3378 2722 3431 quae
2777 3377 2942 3432 agros
2993 3372 3210 3416 vestros
3276 3361 3531 3415 innoxios

1938 3453 2256 3522 relinquet,
2313 3462 2370 3507 et
2429 3453 2542 3508 cito
2597 3453 2784 3507 damni
2837 3453 3114 3507 immunes
3195 3453 3378 3508 eritis.
3433 3453 3530 3508 His

1937 3546 2121 3610 dictis,
2145 3545 2297 3599 videt
2325 3545 2526 3614 aliquis
2584 3543 2818 3598 fratrum
2856 3553 3014 3599 nocte
3070 3558 3168 3613 per
3225 3544 3526 3606 somnium,

1935 3642 2019 3711 agi
2076 3657 2105 3695 a
2167 3640 2435 3711 Symeone
2468 3641 2682 3694 leonem
2732 3639 3051 3708 quemdam,
3100 3639 3189 3693 cui
3236 3655 3371 3708 aper
3436 3638 3528 3694 ille

1935 3731 2158 3802 grandis
2181 3731 2286 3784 sub
2315 3730 2548 3784 fratrum
2585 3729 2822 3798 pedibus
2871 3730 2927 3783 in
2973 3729 3214 3800 praedam
3264 3729 3518 3784 cedebat.

1935 3821 2304 3890 Experrectus
2367 3818 2590 3880 deinde,
2644 3817 2792 3886 quod
2836 3827 3005 3871 noctu
3038 3817 3275 3882 viderat,
3320 3817 3528 3872 factum

1934 3911 2244 3978 comperit:
2278 3910 2364 3963 leo
2392 3923 2630 3978 namque
2656 3918 2853 3963 vorato
2878 3923 3015 3977 apro
3047 3909 3102 3962 in
3137 3908 3256 3978 ipsa
3302 3907 3390 3962 via
3424 3907 3526 3963 de-

1933 4002 2222 4055 cubuerat.
2255 4000 2455 4055 Turba:
2481 4001 2665 4069 itaque
2691 4009 2747 4055 et
2769 4001 2948 4054 leonis
2975 3999 3231 4070 vestigia,
3284 4007 3342 4054 et
3394 4014 3527 4054 san-

1933 4093 2157 4164 guinem
2210 4092 2331 4163 apri
2384 4109 2484 4162 per
2536 4097 2679 4146 viam
2723 4090 3244 4161 deprchendentes,
3295 4091 3528 4147 veniunt

1934 4185 2141 4240 turbati
2199 4185 2266 4239 ad
2327 4193 2605 4249 sanctum,
2654 4193 2958 4255 rogantque
3021 4191 3082 4235 ut
3132 4181 3259 4236 inde
3308 4182 3524 4236 leonem

1933 4277 2134 4348 abigat.
2188 4275 2292 4342 Qui
2351 4276 2752 4346 discipulorum
2803 4274 3133 4344 quempiam
3199 4287 3520 4327 accersens:

1939 4369 2108 4431 Vade,
2133 4368 2336 4436 inquit,
2358 4367 2424 4421 ad
2451 4367 2669 4421 leonem
2691 4376 2746 4421 et
2769 4367 2858 4442 dic
2881 4365 3017 4436 ipsi:
3051 4365 3177 4420 H:ec
3209 4365 3521 4430 renuntiari

241 4443 424 4507 ευθεὶς
461 4447 613 4516 παρά
662 4449 752 4501 τὸν
800 4449 1011 4513 λέοντα,
1049 4451 1151 4522 ἔφη
1180 4492 1194 4515 ,
1229 4456 1368 4508 Τάδε
1401 4455 1547 4524 λέγει
1580 4457 1826 4526 Συμεὼν,

1939 4461 2090 4530 iubet
2117 4459 2382 4531 Symeon:
2419 4459 2588 4514 Recte
2613 4457 2855 4514 oﬂicium
2909 4467 3063 4511 tuum
3118 4456 3335 4522 fecisti;
3372 4471 3523 4510 nunc

241 4535 370 4588 εῖπδ
406 4538 540 4607 πρὸς
570 4540 754 4592 αὑτόν·
785 4542 982 4603 Καλῶς
1011 4543 1494 4615 διακονησάμενος,
1519 4547 1674 4600 ἀπιθι
1702 4550 1826 4618 τόγε

241 4628 344 4682 νῦν
395 4628 536 4698 ἔχον,
561 4632 665 4695 ἕως
714 4633 781 4684 άν
812 4633 968 4696 αὖθις
1015 4635 1176 4706 χρεία
1209 4655 1302 4690 σου
1349 4639 1597 4709 γένηται.
1629 4641 1735 4693 Τοῦ
1771 4636 1828 4694 δὲ

240 4720 325 4790 τῷ
381 4720 556 4774 λέοντι
607 4722 779 4776 ταῦτα
825 4722 1093 4789 είπόντος,
1137 4729 1376 4792 ἀναστὰς
1427 4733 1485 4782 ὲν
1532 4731 1830 4802 ὀφθαλμοῖς

244 4813 508 4867 ἁπάντων
546 4815 750 4880 εὐθέως
781 4819 985 4881 ἐκεῖνος
1016 4820 1111 4872 ἐπὶ
1139 4821 1208 4874 τά
1237 4822 1335 4890 τῆς
1368 4825 1693 4887 Λαοδικείας
1717 4825 1817 4895 ὅρη

243 4901 445 4971 ὲχώρει
468 4919 482 4933 ·
510 4904 719 4958 ἐκεῖθεν
744 4907 853 4978 γάρ
882 4908 1148 4978 ἐτύγχανε
1179 4912 1274 4964 καὶ
1305 4912 1547 4982 κληθεὶς,
1586 4915 1828 4984 παραδο-

246 4991 476 5060 ξοτέραν
533 4997 632 5064 τῆς
692 4997 940 5068 κλήσεως
986 5003 1086 5070 τὴν
1129 5001 1480 5075 ἀναχώρησιν
1515 5004 1824 5080 θέμενος,ἢ

245 5081 346 5133 καὶ
373 5082 438 5134 δι’
461 5084 667 5154 ἀμφοῖν
697 5086 922 5156 μᾶλλον.

1939 4553 2108 4625 igitur
2131 4553 2281 4606 abito
2299 4552 2450 4615 licet,
2476 4552 2654 4606 donec
2685 4552 2886 4606 iterum
2918 4566 3053 4605 usus
3078 4551 3155 4620 tui
3192 4550 3381 4604 fuerit.
3441 4551 3522 4605 Eo

1937 4646 2018 4700 sic
2045 4645 2260 4699 leonem
2291 4645 2553 4705 allocuto,
2582 4634 2901 4712 surgen'lem
2937 4642 3086 4696 illico
3102 4641 3288 4695 videre
3309 4642 3520 4704 cuncti,

1936 4742 2099 4804 atque
2123 4735 2417 4789 abeuntem
2446 4733 2500 4787 in
2529 4743 2748 4788 montes
2779 4732 3070 4788 Laodicea
3101 4731 3252 4801 (inde
3283 4747 3520 4800 namque

1935 4834 2196 4880 evocatus
2224 4826 2422 4902 fuerat)
2483 4824 2727 4893 fecitque
2783 4839 3064 4879 recessum
3131 4823 3519 4877 admirabilio-

1936 4931 2074 4978 rem,
2135 4933 2298 4986 quam
2342 4916 2524 4970 fuerat
2577 4931 2857 4979 accessus,
2925 4929 3242 4984 quanquam
3286 4922 3522 4984 uterque

1937 5010 2300 5067 admirandus
2327 5025 2493 5080 quam
2526 5009 2782 5064 maxime.

1667 5213 1896 5271 CAPUT
1934 5216 2101 5271 XXV.

1026 5317 1294 5372 lncreduh'
1326 5323 1626 5390 puniuntur
1655 5339 1672 5377 :
1704 5328 1939 5381 conversi
1978 5338 2236 5382 curantur
2279 5346 2296 5383 :
2337 5331 2446 5384 alia
2474 5330 2748 5399 beneﬁcia.

324 5435 429 5484 aa'.
465 5429 756 5499 Θαύματος
801 5428 1042 5494 ἐξαισίου
1099 5435 1224 5496 τοὺς
1264 5436 1504 5505 δρῶντας
1544 5437 1832 5509 πληρῶσαι

248 5525 481 5594 πλησίον
538 5524 637 5594 τῆς
696 5525 993 5594 Ἀντιόχου,
1054 5529 1114 5578 ὲν
1168 5533 1234 5599 τῇ
1278 5530 1547 5602 λεγομένῃ
1599 5533 1831 5607 Ἀπάτῃ,

267 5617 524 5687 Ίσαύρων
556 5618 922 5685 ἐργαστήριον
955 5611 1044 5688 ἦν,
1077 5621 1564 5689 χειροτεχνούντων
1607 5625 1664 5677 ἑν
1714 5628 1836 5688 ταῖς

251 5708 584 5779 οίκοδομίαις
627 5708 722 5760 καὶ
751 5709 1037 5778 λατομίαις
1071 5712 1176 5764 τῶν
1203 5715 1300 5790 τῆς
1344 5715 1552 5778 πόλεως
1588 5717 1831 5786 τειχέων.

261 5800 470 5856 ιὀἰτων
512 5795 614 5866 εἷς,
655 5798 777 5867 ἄρτι
813 5801 911 5869 τὴν
948 5801 1163 5870 ἡλικίαν
1211 5805 1432 5873 ἀνθῶν,
1461 5805 1526 5858 τά
1565 5806 1834 5879 Ἑλλήνων

2007 5444 2134 5498 201.
2169 5446 2264 5499 Est
2294 5461 2402 5500 non
2437 5447 2628 5516 procul
2660 5447 2973 5508 Antiochia,
3002 5444 3056 5498 in
3089 5444 3211 5500 loco
3237 5447 3410 5517 Apate
3433 5449 3525 5503 di-

1939 5545 2049 5601 cto,
2112 5538 2426 5593 Isaurorum
2486 5537 2739 5600 oﬂicina,
2799 5537 3066 5591 mirabilis
3123 5538 3188 5591 ad
3242 5547 3524 5608 stuporem

1939 5630 2330 5696 spectantium,
2397 5644 2452 5682 in
2486 5644 2593 5697 qua
2660 5628 2936 5683 caedendis
2989 5627 3265 5696 lapidibus
3311 5629 3376 5684 ad
3417 5629 3521 5685 do-

1939 5735 2128 5773 muum
2162 5735 2559 5790 murorumque
2590 5721 2833 5775 civitatis
2853 5736 3008 5775 usum
3036 5720 3296 5776 insudant
3329 5735 3526 5790 Opera.

1939 5809 2028 5863 rii.
2062 5809 2268 5863 Horum
2304 5825 2468 5874 unus,
2505 5820 2664 5864 :etate
2699 5811 2922 5873 florens,
2958 5810 3177 5880 gentilis
3235 5813 3526 5885 religione,
