4092 6462
610 410 744 476 3171
1815 412 1875 471 S.
1917 408 2297 471 SYMEONIS
2332 406 2690 469 JUNIORIS
3730 402 3867 467 3172

609 531 663 583 in
697 528 915 592 silvam,
939 544 1061 598 qua:
1078 536 1135 583 et
1153 527 1269 598 ipsa
1300 525 1511 581 domini
1534 524 1754 594 gentilis
1768 532 1906 589 erat,
1932 524 2198 593 lignatum

2307 521 2505 590 θρησκε
2516 518 2642 581 ύων,
2667 517 2820 589 παρά
2842 534 2894 569 τι
2919 516 3100 583 ἄλσος,
3125 516 3389 582 Ἕλληνος
3422 516 3517 573 καὶ
3545 516 3677 568 αὐτὸ
3708 516 3887 570 δεσπο-

607 616 839 681 abierat,
886 616 1261 686 impositoque
1292 629 1462 669 onere
1495 629 1663 683 supra
1714 614 1860 666 vires
1896 612 2071 681 gravi,
2120 611 2196 664 ita

2307 611 2474 674 τείας,
2509 609 2648 661 κατά
2678 610 2740 677 δή
2766 625 2885 661 τινα
2915 608 3131 673 ξυλείαν
3165 606 3357 672 ἐλθὼν,
3386 605 3563 658 πλείω
3593 624 3649 658 τε
3676 607 3764 659 τοῦ
3798 626 3888 675 με·

608 704 793 757 subito
820 714 996 758 tactus
1024 703 1265 775 paralysi
1290 710 1395 765 est,
1424 703 1655 765 utnullo
1678 700 1925 769 corporis
1948 698 2197 752 membro

2307 701 2456 765 τρὶου
2497 699 2881 767 διαναθέμενος
2931 700 3148 767 φόρτον,
3185 695 3359 757 οὕτως
3400 693 3602 763 ἀθρόον
3637 695 3883 764 παρεοῃ

609 794 687 845 ιιιί
712 803 918 861 posset.
944 794 1179 849 Tollitur
1200 810 1231 847 a
1256 792 1560 854 sodalibus,
1600 784 2057 857 adsanctumque
2078 804 2205 857 por-

611 892 778 947 tatus,
820 885 1125 937 collocatur
1164 891 1291 937 ante
1343 883 1533 937 oculos
1582 882 1755 951 ipsius
1790 879 2060 949 benignos
2094 879 2200 941 ille,

616 981 672 1025 ut
702 988 829 1040 vere
862 972 1062 1035 dicam,
1098 971 1447 1025 miserabilis.
1488 970 1690 1040 Tetigit
1736 970 2021 1024 hominem
2052 984 2205 1023 more

612 1076 713 1114 suo
739 1038 965 1135 sanctus
990 1069 1045 1114 et
1078 1062 1315 1130 signavit
1343 1079 1356 1113 :
1384 1059 1477 1113 sed
1510 1075 1634 1114 cum
1658 1060 1993 1130 paralyticus
2020 1073 2207 1112 mane—

614 1161 719 1213 ret,
770 1151 909 1204 nihil
942 1152 1063 1218 opis
1116 1150 1384 1213 sentiens,
1426 1150 1685 1219 cognovit
1725 1149 1912 1203 statim
1960 1164 2203 1213 causam,

612 1242 857 1309 dixitque
889 1260 901 1294 :
936 1241 1080 1305 Quid
1121 1250 1203 1294 est
1239 1241 1385 1309 quod
1414 1242 1601 1311 gratiae
1628 1242 1826 1295 divinae
1861 1241 2117 1316 cﬂ'ectum
2149 1242 2204 1295 in

613 1341 664 1384 te
699 1331 1025 1399 impediens,
1053 1331 1396 1383 sanationem
1419 1330 1647 1407 differt?
1674 1330 1933 1400 Nunquid
1966 1332 2019 1384 in
2045 1331 2206 1384 idolis

610 1437 761 1491 spem
788 1424 968 1491 ponis,
996 1437 1103 1475 non
1131 1421 1185 1474 in
1209 1422 1361 1475 Deo?
1378 1422 1551 1491 Negat
1574 1422 1666 1475 ille
1690 1437 1750 1476 se
1773 1422 2055 1475 conscium
2081 1422 2207 1475 talis

610 1515 689 1568 rei
711 1515 834 1568 :sed
862 1530 990 1567 eum
1021 1514 1313 1567 mentitum
1336 1521 1391 1567 et
1414 1514 1469 1566 in
1494 1515 1751 1583 presenti
1786 1513 1928 1566 malo
1958 1513 2204 1581 pertina-

607 1604 749 1658 citer
766 1605 1003 1657 animam
1027 1603 1352 1658 obﬁrmasse
1378 1604 1562 1658 sciens
1589 1605 1781 1658 :Nunc
1801 1604 1960 1668 vade,
1989 1606 2200 1672 inquit;

608 1694 812 1750 inviset
847 1705 898 1750 te
928 1695 1078 1749 domi
1115 1704 1223 1749 tua;
1252 1694 1479 1747 humani
1532 1692 1751 1763 generis
1786 1702 2001 1747 amator
2038 1692 2201 1749 Chri-

608 1794 749 1851 stus,
783 1800 925 1842 cum.
944 1785 1014 1839 ad
1046 1785 1218 1855 ipsius
1248 1784 1459 1838 cultum
1485 1793 1538 1837 te
1562 1783 1934 1838 transtuleris.

2307 789 2381 851 ὡς
2431 788 2553 858 μηδ’
2588 788 2695 858 ὅτῳ
2728 784 2820 840 οὖν
2849 788 2957 840 τῶν
2990 788 3084 839 τοῦ
3120 786 3371 855 σώματος
3416 785 3599 855 μελῶν
3632 784 3886 838 δύνασθαι

2308 878 2567 949 χρῆσθαι.
2614 879 2951 947 ’Λνελόμενοι
2976 879 3156 930 τοίνυν
3220 878 3383 930 αὑτὸν
3437 879 3487 929 oi
3526 878 3754 943 ἑταῖροι,
3800 877 3887 930 καὶ

2308 974 2443 1042 πρὸς
2494 973 2585 1022 τὸν
2634 973 2821 1039 ’Λγιον
2868 970 3254 1037 ἀναγαγόντες,
3306 969 3521 1022 τιθέασι
3561 969 3666 1039 πρὸ
3700 967 3883 1029 αὑτοῦ,

2308 1061 2710 1131 φιλανθρώποις
2760 1062 3059 1130 ὀφθαλμοῖς
3105 1060 3428 1126 αὐτόχρημα
3458 1055 3660 1111 οἶκτον.
3690 1057 3796 1109 Τοῦ
3835 1056 3886 1108 δὲ

2306 1150 2449 1201 κατά
2484 1150 2543 1200 τὸ
2572 1148 2801 1218 σύνηθες
2830 1149 3109 1217 ἁψαμένου
3139 1165 3197 1199 τε
3233 1149 3326 1199 καὶ
3359 1148 3787 1216 σφραγίσαντος,
3813 1146 3881 1207 ὡς

2305 1234 2373 1308 ἦν
2415 1237 2494 1289 ἔτι
2542 1229 2923 1306 παρειμένως’
2949 1242 3153 1300 ἐκεῖνος
3192 1237 3365 1307 ἔχων,
3414 1238 3681 1305 οὐδεμιᾶς
3714 1236 3887 1290 αίσθὲ-

2310 1348 2467 1399 μενος
2491 1329 2810 1399 θεραπείας,
2851 1330 3030 1391 συνεὶς
3054 1328 3251 1381 αὐτίκα
3275 1330 3374 1399 τὴν
3399 1329 3579 1381 αἰτίαν
3597 1331 3625 1380 ό
3649 1329 3883 1396 Συμεών·

2307 1420 2371 1472 Τί
2430 1422 2511 1473 ὅτι
2562 1421 2639 1473 τὰ
2721 1423 2817 1489 τῆς
2876 1420 3027 1482 θείας
3077 1420 3168 1471 ἐπὶ
3202 1420 3285 1472 σοὶ
3316 1419 3467 1486 παρά
3492 1418 3628 1470 Θεοῦ
3674 1419 3887 1487 χάριτες

2304 1512 2510 1565 ἀνωθεν
2540 1516 2638 1578 τὴν
2662 1514 2803 1565 ἴασιν
2830 1511 3125 1563 ἀνεϐάλετο
3152 1528 3166 1575 ;
3215 1506 3380 1581 ἦπου,
3420 1514 3611 1579 φησιν,
3638 1503 3685 1561 ὧ
3718 1500 3883 1574 οὗτος,

2306 1601 2544 1664 εἰδώλοις
2568 1599 2619 1654 εἷ
2640 1602 2909 1655 πιστεύων
2929 1604 3022 1654 καὶ
3052 1603 3111 1654 οὐ
3143 1600 3289 1669 Θεῷ;
3323 1601 3428 1654 Τοῦ
3448 1600 3503 1653 δὲ
3532 1599 3745 1652 τοιοῦτο
3769 1617 3885 1652 συνο

2306 1694 2502 1747 ειδέναι
2526 1694 2693 1763 μηδὲν
2710 1693 3135 1763 διατεινομένου,
3159 1691 3457 1762 ψεύδεσθαι
3477 1686 3670 1744 τοῦτον
3689 1694 3905 1751 ἐκεῖνος,

2304 1786 2439 1849 ἀλλά
2460 1788 2556 1839 καὶ
2581 1786 2933 1853 ἀμεταθέτως
2955 1784 3016 1837 τό
3036 1786 3088 1851 γ’
3107 1784 3200 1836 οὖν
3221 1782 3395 1854 παρὸν
3412 1783 3561 1851 ἔχειν
3584 1782 3763 1846 εἰδὼς,
3781 1780 3885 1833 Νῦν

609 1877 713 1949 μιν
740 1878 995 1948 πορεύου,
1041 1878 1169 1947 ἔφη,
1206 1877 1564 1948 ἐπισκέψεται
1590 1876 1648 1931 δέ
1682 1894 1741 1930 σε
1761 1878 1854 1929 καὶ
1882 1877 2021 1931 οῐκοι
2045 1880 2278 1950 Χριστὸς
2308 1880 2690 1951 φιλάνθρωπος
2720 1877 2815 1941 ὢν,
2848 1879 2910 1930 τὸ
2945 1877 3107 1939 σέϐας
3140 1880 3220 1939 εἰς
3259 1874 3423 1927 αὑτὸν
3462 1873 3850 1943 μεταθέςιενον.

680 1993 807 2048 202.
844 1982 1359 2060 Sublatum’itaque
1403 1992 1543 2047 socii
1578 1992 1893 2047 retulerunt
1941 1993 2202 2056 domum,

2382 1995 2483 2065 σβ⁹.
2529 1994 2819 2060 ’Δράμενοι
2853 1989 3143 2061 τοιγαροῦν
3173 1984 3330 2051 αὖθις
3378 1989 3542 2039 αὑτὸν
3574 1990 3625 2040 οι
3667 1988 3885 2053 ἑταῖροι,

610 2086 707 2141 ubi
739 2073 1029 2141 sanitatem
1098 2084 1402 2154 desperans
1452 2084 1705 2156 iacebat,
1760 2098 1972 2150 sorore,
2030 2101 2197 2155 quam

610 2176 849 2232 habebat
862 2176 1290 2241 mendicantem,
1306 2177 1431 2229 vitae
1446 2190 1671 2231 necessa
1682 2176 1758 2228 ria
1776 2175 2201 2229 subministran—

611 2276 685 2323 te.
708 2268 900 2322 Annus
917 2268 1029 2337 jam
1054 2267 1250 2320 tertius
1272 2266 1513 2321 instabat
1534 2265 1907 2327 decumbenti,
1933 2251 2060 2320 cum
2082 2266 2199 2335 ipse

608 2368 831 2424 quoque
875 2352 1158 2406 diutinum
1214 2352 1469 2405 morbum
1518 2369 1741 2417 exosus,
1790 2369 2199 2424 agnoscensque

611 2444 751 2500 nihil
783 2444 837 2497 in
873 2443 1224 2497 idololatrico
1252 2458 1441 2497 errore
1470 2444 1593 2512 opis
1622 2458 1766 2515 esse,
1796 2443 2067 2497 intellexit
2090 2444 2199 2498 alio

610 2535 819 2590 cultum
860 2534 1193 2588 vertendum
1236 2551 1249 2586 :
1289 2535 1363 2588 ita
1404 2534 1734 2603 disponente
1774 2535 2053 2604 sapienter
2087 2535 2199 2589 Deo

610 2626 818 2696 (qualia
855 2626 1002 2680 illius
1051 2626 1318 2696 judicia!)
1354 2634 1412 2679 ut
1466 2626 1832 2680 diuturnitate
1889 2626 2198 2680 ail‘ectionis

613 2719 793 2787 ipsum
824 2718 1069 2771 traheret
1098 2719 1165 2771 ad
1206 2732 1285 2772 se.
1319 2718 1470 2771 Totis
1495 2717 1661 2787 igitur
1688 2717 1899 2771 viribus
1934 2717 1989 2770 in
2026 2717 2196 2771 Deum

611 2809 867 2873 credens,
902 2809 1191 2863 nocturnis
1212 2809 1538 2878 diurnisque
1558 2809 1817 2883 precibus
1840 2808 2061 2873 institit,
2086 2824 2200 2863 me-

613 2897 825 2971 diatore
862 2912 992 2973 usus
1020 2897 1313 2968 Symeone.
1346 2907 1405 2951 ut
1440 2898 1663 2952 tandem
1696 2884 1944 2969 paralysi
1992 2899 2197 2953 libera—

615 2996 787 3044 retur.
817 2977 1059 3060 Contigit
1088 2991 1300 3044 interea
1318 2989 1613 3059 quemdam
1644 2989 1792 3044 illius
1815 2990 2053 3059 regionis
2092 3006 2197 3045 c2-

616 3094 739 3135 cum
789 3078 943 3134 adire
976 3089 1249 3142 sanctum,
1280 3088 1541 3147 tactuque
1578 3082 1700 3149 ejus
1729 3088 1783 3133 et
1819 3080 1974 3149 signo
2017 3079 2198 3134 crucis

613 3172 869 3227 obtinere
912 3171 1094 3225 visum
1135 3190 1147 3223 :
1182 3172 1275 3241 qui
1315 3171 1384 3225 de
1419 3172 1720 3240 gratiarum
1761 3172 1925 3241 digna
1956 3172 2197 3224 retribu-

608 3264 765 3319 tione
802 3262 1092 3333 ambiguus
1128 3261 1280 3332 (quid
1336 3263 1484 3315 enim
1534 3260 1709 3315 oculis
1767 3260 2197 3330 aequiparctur?)

2311 2085 2623 2155 κομίζουσιν
2673 2082 2857 2136 οἴκαδε
2886 2098 2897 2110 ”
2924 2084 2952 2133 ό
2980 2082 3038 2136 δὲ
3070 2082 3251 2152 πάσης
3275 2081 3549 2147 ἀπογνοὺς
3575 2078 3886 2149 θεραπείας.

2308 2172 2508 2235 ἔκειτο,
2549 2172 2948 2243 προσαιτοῦσαν
2977 2171 3116 2240 ἔχων
3154 2172 3253 2240 τὴν
3295 2168 3556 2239 ἀδελφὴν,
3598 2167 3885 2220 κάντεῦθεν

2308 2262 2454 2331 αὐτῷ
2483 2261 2550 2314 τὰ
2577 2262 2711 2331 πρὸς
2741 2263 2800 2313 τὸ
2830 2264 2927 2331 ζῇν
2954 2260 3321 2331 ὲπαρκοῦσαν.
3353 2263 3513 2323 Ἔτος
3545 2262 3645 2328 μὲν
3676 2260 3765 2312 οῦν
3794 2259 3885 2328 ῆδη

2307 2352 2491 2421 τρίτον
2533 2353 2721 2420 ὶνέστη
2770 2352 3043 2421 κειμένῳ·
3086 2352 3474 2419 ἀπαγορεύσας
3520 2352 3577 2403 δὲ
3618 2352 3721 2421 ῆδη
3758 2350 3887 2421 πρὸς

2305 2444 2408 2512 τὴν
2440 2442 2659 2513 χρονίαν
2688 2442 2830 2495 οὕτω
2862 2445 3095 2512 πάρεσιν
3132 2444 3227 2494 καὶ
3256 2434 3443 2507 αὐτὸς,
3480 2445 3577 2495 καὶ
3606 2444 3768 2509 γνοὺς
3795 2441 3888 2509 τῆς

2308 2534 2400 2586 ἐπὶ
2438 2534 2507 2585 τά
2553 2533 2747 2585 είδωλα
2780 2532 2989 2601 πλάνης
3038 2533 3206 2602 μηδὲν
3238 2533 3577 2603 ὠφελῆσθαι,
3611 2535 3724 2586 δεῖν
3754 2536 3887 2600 ἔγνω

2307 2625 2367 2679 τὸ
2413 2624 2576 2687 σέϐας
2628 2626 2973 2694 μεταϐαλεῖν,
3028 2628 3347 2695 κινήσαντος
3405 2607 3532 2689 ίσως
3593 2628 3755 2679 αὐτὸν
3800 2629 3888 2678 καὶ

2306 2716 2440 2767 Θεοῦ
2470 2712 2579 2785 (οἷα
2610 2718 2677 2769 τὰ
2706 2717 2916 2768 ἐκείνου
2952 2716 3225 2785 κρίματαί
3248 2720 3288 2785 ),
3324 2716 3410 2769 ἵνα
3449 2717 3527 2785 τῷ
3570 2718 3770 2786 χρονίῳ
3794 2717 3888 2784 τῆς

2310 2808 2575 2876 μάστιγος
2617 2807 2821 2878 ἑλκύσῃ
2856 2807 2995 2876 πρὸς
3028 2809 3240 2859 ἑαυτόν.
3276 2808 3438 2869 Ὄλος
3482 2808 3774 2876 τοιγαροῦν
3796 2808 3887 2873 ὅλῃ

2307 2898 2533 2968 δυνάμει
2580 2898 2877 2957 πιστεύσας
2929 2898 3071 2967 Θεῴ,
3128 2899 3295 2950 ἐδεῖτο
3353 2898 3571 2968 νύκτωρ
3626 2898 3723 2949 καὶ
3774 2895 3891 2965 μείο⁹

2306 2990 2522 3060 ἡμέραν
2570 2988 2757 3049 αὑτοῦ,
2799 3006 2995 3057 μετιτῃ
3044 2986 3121 3055 τῷ
3173 2985 3400 3055 Συμεὼν
3450 2986 3753 3057 χρώμενος,
3796 2986 3888 3053 τῆς

2307 3082 2594 3149 παρέσεως
2640 3081 2919 3150 ἀνεθῆναι.
2970 3079 3173 3148 Συνέϐη
3215 3079 3259 3129 δ’
3294 3082 3351 3131 ἐν
3390 3078 3586 3149 τούτῳ,
3631 3079 3751 3131 τινὰ
3778 3079 3886 3130 τῶν

2308 3172 2410 3224 ἀνά
2432 3170 2530 3240 τὴν
2553 3171 2733 3241 χώραν
2756 3169 2969 3238 ἐκείνην
2995 3168 3212 3236 τυφλῶν
3228 3168 3596 3236 προσελθόντα
3625 3168 3704 3238 τῷ
3727 3170 3885 3236 Ἀγίῳ

2309 3266 2538 3328 πιστῶς,
2593 3265 2700 3333 ἀφῇ
2753 3262 2944 3315 τούτου
3008 3261 3100 3313 καὶ
3152 3261 3407 3330 σφραγῖδι
3468 3259 3683 3329 βλέψαι.
3721 3255 3881 3321 0hr,-

616 3355 761 3408 hanc
791 3353 895 3407 sibi
925 3353 1101 3422 legem
1136 3351 1351 3409 statuit,
1396 3359 1457 3403 ut
1497 3351 1593 3404 illo
1620 3351 1708 3405 die
1740 3351 2056 3420 quotannis,
2094 3367 2202 3421 quo

2308 3356 2465 3419 ἀξίας
2530 3332 2763 3423 ἀμοιϐῆς
2823 3350 3044 3422 ἀπορῶν
3122 3352 3194 3421 (τί
3268 3352 3376 3421 γὰρ
3427 3350 3723 3419 ὀφθαλμῶν
3777 3352 3883 3402 lao-

618 3455 728 3500 tam
755 3443 990 3498 mirandi
1025 3440 1275 3497 beneﬁcii
1302 3457 1529 3510 compos
1560 3441 1739 3494 factus
1762 3451 1900 3502 erat,
1931 3441 2202 3512 quidquid

617 3538 863 3591 lucratus
887 3534 1083 3588 [uisset
1115 3547 1282 3603 opera
1314 3548 1577 3585 manuum
1617 3546 1863 3596 suarum,
1899 3532 2202 3587 distribue-

618 3638 704 3682 ret
742 3628 798 3681 in
838 3640 1065 3695 egenos.

682 3827 814 3885 205.
852 3828 990 3884 Cum
1021 3825 1190 3897 igitur
1216 3834 1405 3879 votum
1450 3825 1801 3895 impleturus,
1841 3844 2031 3896 panes,
2059 3844 2199 3897 quo-

620 3934 744 3973 rum
770 3928 898 3972 tunc
924 3917 1137 3985 c0piam
1161 3914 1267 3969 sibi
1293 3926 1732 3985 comparaverat,
1764 3927 2033 3988 erogaret,
2065 3920 2202 3989 iam-

618 4025 727 4080 que
771 4016 1131 4078 porrecturus
1178 4004 1479 4075 paralytico
1526 4021 1744 4075 quoque
1785 4017 1968 4071 esset;
2011 4017 2204 4063 exten-

618 4101 783 4156 dente
800 4099 866 4153 ad
890 4096 1274 4167 accipiendum
1294 4110 1519 4149 manum
1540 4113 1695 4151 suam
1722 4113 1936 4162 sorore,
1959 4100 2204 4155 inhibuit

580 4260 581 4263 η
620 4208 700 4252 se.
735 4190 1004 4245 mandans
1032 4196 1091 4241 ut
1120 4202 1265 4258 aeger
1305 4186 1421 4256 ipse
1455 4188 1915 4256 apprehenderct.
1952 4188 2204 4242 Claman-

622 4282 770 4337 tibus
800 4289 981 4335 autem
1019 4278 1111 4357 qui
1161 4278 1389 4332 aderant
1429 4294 1441 4329 :
1479 4278 1883 4341 Nonne-vides,
1922 4279 2205 4333 dissolutis

620 4378 798 4447 iamre
838 4372 1044 4435 nervis,
1077 4371 1433 4440 impotentem
1471 4369 1564 4437 qui
1603 4370 1684 4424 vel
1721 4370 2030 4423 membrum
2077 4385 2202 4423 cor-

623 4465 776 4535 poris
815 4462 985 4516 ullum
1023 4462 1107 4515 vel
1137 4461 1463 4530 particulam
1494 4461 1748 4513 moveat?
1776 4460 2059 4514 conﬁdens
2089 4460 2205 4529 ipse

623 4558 829 4611 virtute
878 4554 1115 4623 Spiritus
1192 4554 1363 4607 sancti
1430 4552 1756 4622 Symeonem
1810 4552 2204 4615 inhabitantis,

624 4656 737 4710 aut,
779 4644 925 4715 quod
969 4643 1294 4698 credibilius
1332 4652 1437 4702 est,
1473 4643 1647 4711 ipsius
1685 4642 1915 4711 spiritus
1943 4642 2203 4711 impulsu,

619 4754 785 4810 quam
825 4737 1003 4808 potuit
1041 4736 1345 4791 clarissima
1388 4750 1524 4788 voce
1562 4752 1575 4786 :
1614 4735 1671 4787 In
1712 4735 1955 4795 nomine,
2002 4734 2201 4802 inquit,

623 4829 769 4884 servi
796 4828 891 4882 Dei
918 4827 1225 4897 Symeonis.
1251 4826 1345 4893 qui
1372 4826 1426 4877 in
1455 4824 1693 4877 mirabili
1720 4832 1965 4877 moratur
1985 4832 2201 4888 monte;

620 4929 677 4975 et
713 4919 807 4989 qui
836 4933 920 4972 me
946 4934 1150 4973 aecum
1182 4916 1369 4971 videre
1402 4916 1551 4976 fecit,
1585 4914 1819 4975 extende
1851 4930 2045 4967 manus
2083 4922 2205 4968 tuas

622 5019 681 5067 et
729 5009 915 5079 accipe
970 5008 1437 5063 benedictionem.
1486 5005 1622 5060 Cum
1682 5005 1832 5059 illico
1883 5005 2203 5074 (quomodo,

624 5100 950 5159 immortalis
990 5099 1221 5153 Domine
1243 5139 1255 5161 ,
1290 5096 1522 5151 cantabo
1546 5095 1977 5149 misericordiam
1996 5105 2142 5147 tuam
2164 5096 2202 5163 Ι)

625 5209 735 5249 non
792 5202 1006 5247 tantum
1054 5189 1426 5257 corroborata:
1458 5203 1653 5241 manus
1704 5194 2003 5257 potuerunt
2038 5200 2206 5255 panes

626 5281 1066 5354 apprehendere,
1099 5294 1291 5334 verum
1321 5279 1689 5347 quodcunque
1715 5288 1880 5331 etiam
1903 5278 2051 5331 aliud
2079 5292 2206 5332 cor-

627 5374 779 5444 poris
810 5371 1118 5425 membrum
1154 5370 1365 5439 integre
1391 5379 1641 5423 sanatum
1674 5384 1773 5439 pro
1804 5369 2078 5439 exigentia
2114 5384 2209 5422 na-

629 5476 762 5519 turae
794 5462 1143 5517 movebatur.
1171 5460 1453 5530 Quotquot
1484 5462 1651 5530 igitur
1681 5472 1981 5530 praesentes
2027 5469 2206 5524 erant,

625 5556 1034 5625 obstupuerunt
1054 5554 1268 5608 insolita
1291 5554 1524 5624 prodigii
1550 5553 1925 5624 magnitudine
1949 5572 1961 5607 :
1983 5554 2056 5607 illi
2080 5569 2209 5607 vero

624 5645 718 5716 qui
749 5653 972 5698 sanatus
1004 5641 1180 5696 fuerat
1207 5642 1468 5697 invisibili
1497 5645 1732 5713 quodam
1760 5645 1920 5697 modo
1950 5643 2205 5713 apparuit

624 5747 866 5797 sanctus,
910 5732 1138 5788 hortans
1181 5750 1306 5788 eum
1357 5742 1418 5787 ut
1469 5736 1693 5789 domum
1746 5734 2094 5798 concederet,
2149 5743 2204 5787 et

639 5842 743 5894 tua:
778 5824 852 5898 ibi
885 5822 1125 5878 habebat
1151 5824 1297 5877 idola
1322 5824 1741 5879 comminueret.
1778 5825 1874 5878 llic
1907 5840 2058 5891 vero,
2093 5840 2201 5877 non

2305 3448 2554 3510 στάσιονς
2576 3447 2616 3512 ),
2640 3444 2879 3497 τοιοῦτον
2910 3442 3083 3512 ἐαυτῷ
3122 3443 3303 3510 τίθησι
3334 3443 3523 3509 νόμον,
3550 3442 3647 3509 τὴν
3679 3442 3883 3509 ἡμέραν

2305 3538 2455 3599 ἔτους
2487 3537 2741 3594 ἑκάστου,
2769 3534 2889 3587 καθ’
2926 3537 2992 3603 ἢν
3031 3534 3129 3600 τῆς
3160 3532 3466 3601 παραδόξου
3498 3533 3705 3600 ταύτης
3730 3531 3884 3599 θερα-

2312 3628 2462 3689 πείας
2499 3626 2676 3695 τύχοι,
2715 3626 2857 3696 ἆπερ
2909 3644 2976 3677 αν
3016 3626 3049 3693 ἡ
3094 3626 3216 3693 χεὶρ
3248 3623 3450 3693 ἔχουσα
3488 3622 3576 3691 είη
3610 3622 3881 3688 διανέμειν

2302 3722 2417 3781 τοῖς
2449 3718 2674 3770 ὲνδεέσι.

2376 3810 2478 3877 στ’.
2512 3811 2649 3862 Ποτὲ
2668 3807 2795 3876 γοῦν
2814 3810 2840 3861 ό
2858 3809 2959 3875 μὲν
2985 3807 3075 3859 τὸν
3090 3808 3331 3859 τοιοῦτον
3349 3805 3665 3876 ὲπεπλήρου
3693 3806 3870 3873 νόμον,

2304 3903 2391 3953 καί
2430 3901 2629 3971 ἄρτους
2666 3901 2836 3953 ἐδίδου
2866 3894 2941 3951 ὧν
2969 3897 3278 3970 τηνικαῦτα
3300 3898 3558 3969 ηὐπόρει,
3587 3898 3799 3968 ὀρέγειν
3827 3896 3881 3950 δὲ

2303 3994 2404 4065 ἢδη
2445 3994 2540 4045 καὶ
2580 3992 2657 4062 τῷ
2689 3992 2987 4062 παραλύτῳ
3037 3991 3266 4059 μέλλων,
3314 3990 3412 4059 τὴν
3447 3991 3607 4059 χεῖρα
3646 3990 3782 4057 πρὸς
3827 3992 3881 4040 τὸ

2303 4085 2488 4137 λαϐεῖν
2514 4086 2613 4154 τῆς
2638 4084 2871 4154 ἀδελφῆς
2894 4084 3235 4153 ἑκτεινάσης,
3262 4080 3525 4151 ἐπισχὼν,
3555 4082 3718 4133 αὐτὸν
3749 4082 3879 4133 ἐκεί-

2304 4195 2392 4229 νον
2424 4179 2640 4231 ἐκέλευε
2676 4177 2923 4247 δέχεσθαι
2965 4178 3154 4247 χεῖρας
3179 4162 3489 4244 ὑποσχόντα
3510 4174 3603 4226 τὸν
3625 4173 3880 4243 παρειμέο

2303 4286 2410 4320 νον.
2444 4268 2565 4321 Τῶν
2598 4266 2655 4319 δὲ
2698 4267 3005 4339 παρόντων,
3061 4267 3172 4333 Οὐχ
3226 4265 3361 4334 ὁρᾷς
3408 4264 3555 4324 ὅπως
3605 4264 3880 4332 παρέσεως

2306 4362 2439 4429 ἔχει,
2468 4359 2755 4427 λεγόντων,
2784 4358 2857 4418 ὡς
2890 4357 3026 4425 μηδὲ
3056 4356 3206 4424 μέλει
3237 4354 3333 4406 τοῦ
3358 4353 3609 4420 σώματός
3643 4369 3750 4403 τινι
3788 4369 3881 4420 μη-

2307 4452 2363 4503 δὲ
2407 4452 2563 4523 μέρει
2608 4448 2843 4519 χρῆσθαι
2877 4447 3101 4508 δυνατὸς
3135 4442 3312 4510 εἷναι;
3359 4444 3644 4513 θαρρήσας
3688 4443 3880 4501 ἓκεῖντς

2305 4546 2371 4612 τῇ
2408 4541 2693 4612 ἐνοικούσῃ
2724 4540 2818 4593 τοῦ
2852 4530 3165 4608 Πνεύματος
3196 4537 3421 4604 δυνάμει
3474 4534 3551 4601 τῷ
3581 4532 3820 4602 Συμεὼν,
3849 4535 3878 4600 ἢ

2310 4634 2404 4685 καὶ
2437 4632 2678 4701 κινηθεὶς
2715 4632 2806 4682 ὑπ’
2838 4632 3031 4699 αὐτῆς,
3060 4629 3088 4681 ὃ
3134 4629 3227 4699 καὶ
3280 4630 3504 4695 μᾶλλον,
3543 4627 3769 4695 λαμπρᾷ
3811 4626 3878 4683 ὡς

2303 4704 2452 4792 ἐἶχεν
2485 4722 2770 4775 ὑπολαϐὼν
2793 4725 2859 4791 τῇ
2892 4726 3066 4791 φωνῇ,
3102 4720 3442 4786 Ἐνδνόματι
3469 4717 3564 4770 τοῦ
3585 4718 3769 4769 δούλου
3794 4715 3877 4767 τοῦ

2310 4812 2443 4865 Θεοῦ
2471 4811 2695 4881 Συμεὼν
2726 4811 2820 4864 τοῦ
2844 4810 2986 4864 κατά
3016 4811 3076 4862 τὸ
3109 4809 3423 4877 θαυμαστὸν
3452 4806 3599 4881 ὅρος,
3637 4807 3760 4873 ἔφη,
3791 4803 3876 4856 τοῦ

2311 4904 2453 4970 κάμὲ
2479 4902 2677 4970 τυφλὸν
2702 4902 2829 4955 ὄντα
2860 4903 3184 4971 ποιήσαντος
3209 4898 3534 4966 ἀναϐλέψαι,
3563 4899 3663 4959 τὰς
3694 4894 3878 4947 ἑαυτοῦ

2311 4996 2497 5063 χεῖρας
2555 4992 2821 5053 ἐκτείνας,
2860 4991 3010 5053 δέξαι
3076 4988 3176 5057 τὴν
3233 4988 3526 5054 εὐλογίανσ
3578 4986 3673 5037 καὶ
3705 5000 3879 5052 παρα-

2313 5090 2503 5159 χρῆμα
2532 5088 2597 5147 (ὃ)
2636 5086 2771 5145 πῶς,
2796 5083 3032 5135 ἁθάνατε
3071 5080 3272 5149 Χριστὲ
3307 5076 3553 5147 βασιλεῦ,
3577 5076 3778 5147 ᾄσομαι
3821 5074 3879 5124 τὰ

2304 5180 2427 5249 ὲλέη
2466 5178 2629 5244 soul)
2666 5175 2726 5226 οὐ
2762 5174 2942 5241 χεῖρες
2976 5170 3215 5240 ἔρρωντο
3248 5167 3408 5236 μόνον
3437 5167 3566 5227 τοὺς
3591 5161 3875 5232 ἄρτους-δίο

2305 5273 2553 5343 χόμεναι,
2600 5266 2735 5320 ἀλλὰ
2787 5264 2881 5315 καὶ
2929 5261 2979 5313 εί
3033 5278 3083 5311 τι
3122 5258 3251 5312 ἄλλο
3280 5256 3375 5309 τοῦ
3414 5254 3667 5343 σώματος
3702 5253 3873 5321 μέλος,

2308 5341 2473 5431 ύγιῶς
2504 5360 2735 5413 ἐκινεῖτο
2770 5356 2862 5407 καὶ
2895 5353 3033 5404 κατά
3072 5349 3253 5419 φύσιν.
3282 5347 3345 5398 Οί
3376 5346 3477 5415 μὲν
3503 5341 3600 5397 οῦν
3629 5345 3881 5413 παρόντες

2307 5454 2384 5523 τῷ
2421 5452 2513 5505 τοῦ
2549 5449 2820 5518 θαύματος
2876 5442 3095 5513 μεγέθει
3146 5437 3671 5506 χαταπεπλὴγεσαν,
3714 5432 3790 5501 τῷ
3830 5432 3880 5483 δὲ

2307 5545 2522 5613 τυχόντι
2562 5539 2659 5608 τῆς
2702 5530 3000 5607 θεραπείας
3031 5534 3058 5584 ὁ
3089 5532 3279 5596 ’Ἄγιος
3309 5528 3559 5589 ἀθεάτως
3584 5523 3878 5613 ἐπιφανεὶς,

2307 5612 2488 5690 οἴκαδε
2521 5633 2765 5694 ἀπιέναι,
2804 5630 2873 5680 τά
2917 5644 2975 5679 τε
3024 5623 3153 5691 παρ’
3185 5621 3333 5689 αύτῷ
3363 5618 3561 5671 εἴδωλα
3586 5612 3880 5684 συντρίϐειι

2312 5728 2515 5797 σπουδῇ
2542 5721 2856 5795 παρηγγύα.
2894 5718 2953 5771 '0
2984 5718 3040 5770 δὲ
3071 5716 3130 5767 ού
3158 5716 3255 5782 τὴν
3280 5712 3502 5780 ἐντολὴν
3540 5710 3700 5779 μόνον
3730 5704 3880 5769 ὀξέως

2312 5821 2571 5889 ἐπλήρου,
2596 5815 2730 5870 ἀλλά
2756 5831 2806 5865 τι
2834 5812 2923 5865 καὶ
2943 5808 3073 5879 παρ’
3104 5803 3293 5861 ἑαυτοῦ
3322 5800 3653 5869 προσετίθει
3677 5797 3882 5868 1:69:3—
