4092 6478
206 424 348 491 τηε

1232 431 1409 490 Vl'I'A
1445 431 1493 488 Α
1527 426 1966 489 NICEPIIORO
2004 432 2495 494 CONSCRIPTA.

3360 433 3503 501 3174

207 568 328 626 τοῖς
360 565 499 633 μετὰ
528 568 626 636 τῆς
655 565 946 635 συντριὸἦς
986 562 1259 631 ἐμϐαλὼν,
1284 566 1379 619 καὶ
1409 564 1508 636 τὴν
1538 565 1808 635 προτέραν

1915 548 2078 601 modo
2130 538 2289 618 quod.
2316 551 2506 619 jussus
2544 550 3020 621 eratudimplcvlt
3068 566 3365 622 accurate;
3404 559 3501 615 sed

207 658 437 726 ἀπάτην
501 656 889 726 δημοσιεῦσας,
936 656 1187 726 καθάπερ
1249 657 1396 727 αὐτῷ
1450 658 1655 725 ταύτης
1702 656 1805 709 οῦκ

206 747 375 815 ὀλίγα
408 747 822 817 μεταμελῆσαν.

292 924 386 976 δ’δ’.
419 917 584 985 υῦτος
624 923 682 975 ἐν
732 921 884 991 ἀκμῇ
924 920 1025 990 τῆς
1067 920 1401 992 ήλικία;,ώς,
1443 920 1673 991 ἔφημεν,
1706 920 1803 985 ὢν,

214 1012 591 1083 μνηστεύεταί
622 1027 767 1072 τινος
797 1011 1059 1079 Ἕλληνος
1101 1009 1397 1079 θυγατέρα,
1437 1009 1691 1070 τοιαύτας
1721 1008 1805 1061 θέ-

213 1120 382 1172 μενος
410 1103 626 1172 πρῶτον
655 1099 775 1170 Θεῷ
811 1102 903 1152 καὶ
932 1100 1009 1171 τῷ
1042 1099 1269 1169 Συμεὼν
1291 1101 1638 1169 ὑποσχέσεις,
1661 1099 1802 1152 ὥστε

213 1200 297 1267 μὴ
360 1201 627 1266 πρότερον
692 1195 958 1269 ὁμιλῆσαι
1010 1194 1208 1263 γάμοις
1266 1194 1398 1263 πρὶν
1438 1193 1503 1247 ἂν
1534 1193 1684 1262 παρὰ
1718 1194 1807 1246 τὸν

209 1290 412 1342 στύλον
441 1291 757 1357 γενόμενος,
791 1286 985 1359 ὑψώσῃ
1025 1304 1082 1338 σε
1114 1288 1141 1337 6
1184 1286 1316 1347 Θεὸς
1354 1304 1453 1355 μου
1483 1288 1509 1339 6
1547 1285 1807 1348 Βασιλεύς

210 1397 345 1448 μου,
384 1380 478 1431 καὶ
508 1380 582 1448 τῷ
632 1378 708 1447 σῷ
740 1379 1031 1448 θεράποντι
1062 1379 1293 1448 Συμεών
1344 1378 1527 1448 ἀποδῷ
1578 1378 1676 1440 τὰς
1714 1380 1807 1431 εὐ-

208 1470 530 1540 χαριστίας.
568 1470 675 1522 Τοῦ
711 1470 767 1522 δὲ
796 1470 897 1539 τῆς
929 1472 1095 1541 κόρης
1131 1470 1360 1540 πατρὸς,
1396 1472 1447 1523 εί
1484 1469 1559 1540 μὴ
1606 1470 1700 1522 νῦν
1754 1470 1803 1523 oi

207 1562 391 1630 τάμοι
424 1561 848 1625 συντελεσθεῖεν,
893 1562 994 1613 οὐκ
1024 1562 1226 1614 ἀνεκτὰ
1255 1561 1603 1628 ποιουμένου,
1637 1560 1809 1614 ἐκδώ-

214 1652 413 1705 σεσθαι
464 1652 519 1705 δὲ
548 1653 640 1704 καὶ
672 1653 833 1705 αὐτὸν
856 1652 1028 1722 ἑτέρῳ
1070 1652 1275 1720 μᾶλλον
1306 1653 1462 1722 ἀνδρὶ⁹
1520 1650 1811 1705 ἀπειλῶν-ο

207 1761 338 1807 τος,
391 1743 648 1814 δευτέρας
691 1747 897 1806 ἐκεῖνος
928 1745 1035 1796 τῶν
1066 1746 1129 1797 ὲκ
1161 1744 1255 1799 τοῦ
1288 1744 1551 1814 πενθεροῦ
1584 1745 1809 1813 θέμενος

215 1834 486 1903 ἀναγκῶν
517 1836 615 1897 τὰς
669 1835 806 1905 πρὸς
856 1834 945 1888 τὸν
982 1819 1172 1902 ’Ᾱγιον
1222 1834 1522 1904 συνθήκας,
1570 1834 1810 1888 ἐπινεύει

213 1925 322 1977 καὶ⁸
349 1926 521 1989 ἄκων,
557 1926 652 1978 καὶ
686 1925 822 1996 δῆτα
847 1927 1072 1979 πάντων
1102 1926 1209 1979 τῶν
1250 1927 1315 1978 ἐκ
1338 1926 1439 1994 τῆς
1497 1924 1810 1996 περιχώρου

215 2016 415 2088 σχεδὸν
430 2016 1116 2088 άθροισθέντων,Ἔλληνες
1127 2016 1183 2067 δὲ
1198 2011 1338 2086 ἦσαν
1355 2014 1461 2086 ἄρα
1477 2015 1571 2069 καὶ
1590 2018 1688 2086 τῆς
1704 2012 1819 2069 Ἐλ-

202 2096 397 2163 λήνων
426 2093 748 2165 θρησκείας,
778 2092 854 2155 ώς
886 2095 983 2165 ἤδη
1016 2094 1112 2147 καὶ
1134 2095 1183 2147 oi
1208 2096 1377 2165 γάμοι
1402 2096 1801 2164 συνετελοῦντο,

198 2184 315 2241 καὶ
346 2183 415 2237 τὰ
442 2183 689 2255 γαμήλια
722 2186 1020 2250 εἱστιῶντο,
1075 2186 1331 2254 δαίμονες
1376 2188 1559 2251 αὐτοῖς
1607 2189 1804 2259 ἁθρόον

210 2278 582 2349 ἐπιπηδῶσιν,
612 2280 673 2332 οὐ
725 2281 801 2349 τῷ
843 2280 1079 2351 γαμϐρῷ
1105 2282 1200 2336 καὶ
1232 2282 1309 2352 τῷ
1339 2282 1587 2355 πενθερῷ
1621 2285 1805 2353 μόνον,

213 2369 358 2423 ἄλλα
379 2370 473 2422 καὶ
503 2372 565 2441 τῇ
599 2370 783 2441 νύμφῃ
818 2370 1039 2441 δηλαδὴ,
1072 2374 1164 2425 καὶ
1191 2375 1257 2442 τῇ
1314 2375 1505 2445 μητρὶ,
1549 2375 1645 2428 καὶ
1694 2378 1805 2439 τοῖς

212 2462 493 2531 ᾆδελφοῖς.
523 2464 619 2515 καὶ
652 2465 767 2516 ὅσοι
798 2463 948 2517 ἄλλοι
989 2464 1100 2516 τῶν
1130 2466 1325 2533 γάμων
1359 2460 1499 2535 ἦσαν
1534 2466 1806 2536 ὑπηρέται

214 2556 319 2609 καὶ
351 2554 682 2608 σπουδασταί
704 2569 718 2583 ⁸
750 2556 848 2625 οὐχ
876 2555 1017 2609 οὕτω
1040 2556 1140 2626 τὴν
1158 2555 1268 2609 τῶν
1300 2556 1585 2627 συνθηκῶν
1614 2558 1809 2629 ἀθέτη-

216 2662 333 2706 σιν,
358 2640 533 2715 οἴμαι,
556 2645 657 2714 τῆς
690 2645 840 2709 θείας
866 2646 1023 2719 δίκης
1051 2646 1533 2718 δυσχεραινούσης,
1552 2649 1675 2702 ὅσον
1698 2649 1806 2702 ἀπὸ

214 2736 326 2805 τῆς
360 2736 450 2788 επὶ
468 2736 537 2788 τὰ
561 2736 755 2788 εἴδωλα
787 2735 994 2805 πλάνης
1024 2737 1349 2808 ἐπιστρέψαι
1380 2739 1555 2808 ψυχᾶς
1574 2742 1652 2803 είς
1686 2738 1807 2793 ἐπί-

219 2844 431 2893 γνωσιν
487 2827 623 2885 Θεοῦ
670 2826 1023 2896 βουλομένης.
1086 2829 1152 2879 '0
1197 2828 1260 2899 δὴ
1310 2830 1402 2881 καὶ
1451 2826 1593 2882 κατὰ
1641 2829 1809 2893 πόδας

214 2919 463 2985 ἀπήντα.
498 2916 782 2985 Ῥίψαντες
802 2919 910 2987 γὰρ
933 2918 1000 2970 τά
1031 2920 1088 2970 ἐν
1114 2921 1269 2988 χερσὶ
1298 2920 1516 2981 πάντες,
1534 2920 1809 2990 δρομαίως

215 3007 382 3076 παρὰ
424 3008 515 3059 τὸν
557 3008 747 3075 Ἀγιον
785 3008 1161 3077 ἀφικνοῦνται,
1211 3013 1271 3063 οὐ
1318 3011 1609 3081 θεραπείας
1646 3012 1809 3080 μόνον

215 3099 413 3166 τυχεῖν
432 3096 729 3162 ἀξιοῦντες,
762 3100 897 3152 ἀλλὰ
928 3100 1024 3153 καὶ
1052 3100 1150 3170 τὴν
1176 3103 1303 3171 περὶ
1334 3102 1401 3155 τὰ
1430 3102 1623 3155 εἴδωλα
1657 3102 1807 3168 σφῶν

1909 628 2117 707 aliquid
2156 642 2322 695 etiam
2374 643 2775 712 superaddcns,
2809 646 2921 714 jam
2954 649 3194 701 contrita
3225 649 3415 718 injecit
3444 652 3499 706 in

1911 728 2120 798 ignem;
2188 747 2250 785 ac
2302 733 2596 801 pristinum
2656 741 2905 789 errorem
2966 753 3127 791 suum
3194 726 3500 808 publicatis.

1909 821 2154 874 ostendit
2193 838 2251 876 se
2282 840 2396 877 non
2448 841 2585 877 vana
2626 826 2955 895 pmnitentia
2996 829 3145 882 duci.

1978 910 2105 966 204.
2133 911 2468 969 Versabatur
2493 916 2602 979 ille.
2639 927 2698 971 ut
2720 918 2930 977 dictum
2957 928 3063 977 est.
3095 908 3153 975 in
3186 908 3322 976 flore
3367 931 3502 979 ἐριο-

1909 1003 1997 1069 tis,
2064 994 2437 1076 poscebatque
2487 1024 2717 1063 uxorem
2761 1010 2866 1065 sibi
2925 1012 3154 1081 gentilis
3209 1015 3501 1083 cujusdam

1910 1084 2101 1158 tiliam,
2162 1094 2264 1150 bac
2295 1098 2451 1165 prius
2501 1098 2901 1167 pollicitatione
2949 1102 3062 1156 Deo
3122 1117 3187 1156 ac
3242 1103 3505 1175 Symeoni

1910 1184 2072 1250 facta,
2106 1201 2213 1240 non
2243 1187 2500 1241 daturum
2532 1204 2590 1244 se
2612 1191 2768 1259 prius
2792 1206 3020 1260 operam
3041 1195 3503 1266 conjugio,quam

1910 1275 2178 1329 accedens
2203 1276 2269 1329 ad
2305 1277 2641 1343 columnam,
2667 1290 2718 1333 te
2738 1280 2910 1335 Deum
2940 1298 3006 1338 ac
3038 1297 3223 1353 regem
3250 1296 3503 1341 nostrum

1910 1367 2202 1421 extulisset
2261 1369 2477 1423 meritis
2534 1370 2813 1437 laudibus,
2875 1388 3090 1445 suoque
3140 1377 3355 1432 medico
3400 1376 3504 1445 Sy-

1912 1459 2092 1511 meoni
2116 1458 2322 1528 gratias
2344 1460 2727 1528 persolvisset.
2763 1461 2868 1515 Sed
2910 1478 3037 1517 cmn
3087 1464 3286 1534 puella:
3320 1473 3501 1533 pater,

1913 1548 2019 1601 nisi
2044 1549 2231 1603 statim
2286 1550 2483 1604 tierent
2538 1552 2767 1620 nuptim,
2821 1569 2929 1607 non
2985 1556 3389 1623 permissurum
3442 1573 3502 1612 se

1913 1637 2133 1700 deinde,
2161 1638 2273 1691 imo
2295 1638 2453 1693 alteri
2507 1641 2627 1692 viro
2668 1641 3067 1697 collocuturum
3130 1644 3294 1698 tiliam
3344 1658 3500 1699 suam

1914 1726 2290 1794 minitaretur;
2309 1737 2468 1798 pacta
2485 1729 2575 1782 ille
2600 1744 2726 1784 cum
2748 1742 2945 1786 sancto
2969 1733 3104 1787 inita
3130 1741 3498 1803 pnstponens,

1914 1818 2229 1873 necessitati
2254 1830 2283 1873 a
2314 1832 2511 1872 socero
2542 1819 2647 1873 sibi
2696 1814 2851 1875 facta:
2882 1822 3077 1874 annuit
3110 1822 3240 1877 licet
3270 1824 3499 1889 invitus;

1845 1890 1884 1944 Β
1915 1910 2082 1980 idque
2108 1913 2451 1981 congregatis
2474 1911 2590 1965 fere
2616 1912 2815 1965 vicinis
2844 1913 3130 1976 omnibus,
3148 1913 3245 1981 qui
3267 1915 3504 1984 gentiles

1915 2010 2073 2056 erant
2106 2011 2161 2055 et
2187 2002 2476 2072 gentilitiis
2530 2001 3027 2072 superstitionibus
3084 2002 3281 2059 dediti.
3331 1999 3505 2060 Porro

1914 2092 2213 2147 celebratis
2262 2093 2373 2162 jam
2423 2094 2635 2162 nuptiis
2695 2089 2992 2163 soluteque
3026 2096 3301 2158 convivio.
3361 2098 3501 2153 insi-

1914 2183 2055 2237 liunt
2109 2190 2335 2253 repente
2384 2183 2686 2249 daemones,
2751 2200 2865 2239 non
2913 2185 3091 2240 solum
3136 2177 3194 2242 iu
3233 2201 3499 2259 generum

1913 2282 2079 2342 atque
2112 2288 2387 2337 socerum,
2414 2273 2512 2328 sed
2540 2282 2597 2328 et
2626 2274 2681 2328 in
2712 2286 2997 2343 sponsam,
3046 2276 3102 2330 in
3155 2286 3408 2341 matrem,
3442 2278 3499 2331 in

1914 2363 2132 2424 fratres.
2166 2374 2222 2420 et
2255 2367 2787 2435 quotquotministri
2828 2366 3143 2423 l‘autoresve
3181 2372 3501 2441 nuptiarum

1916 2453 2175 2521 fuerant;
2208 2450 2395 2511 divina
2431 2458 2649 2527 iustitia
2692 2474 2802 2512 non
2837 2469 2949 2513 tam
2998 2470 3167 2529 aegre.
3231 2470 3293 2515 ut
3345 2470 3506 2531 puto,

1914 2541 2125 2598 ferente
2183 2544 2493 2615 neglectum
2556 2556 2865 2615 pactorum,
2917 2560 3084 2619 quam
3145 2544 3367 2605 voiente
3432 2552 3505 2605 ab

1915 2634 2187 2689 idolorum
2222 2651 2415 2690 errore
2450 2637 2718 2692 abductas
2744 2640 2961 2695 animas
3008 2640 3076 2695 ad
3122 2642 3244 2696 veri
3276 2644 3371 2697 Dei
3404 2657 3505 2698 co-

1914 2727 2215 2797 gnitionem
2248 2730 2498 2783 converti
2528 2745 2542 2781 :
2582 2730 2730 2799 quod
2763 2732 2933 2786 etiam
2980 2734 3250 2788 continuo
3295 2734 3504 2790 factum

1913 2824 2020 2870 est.
2051 2815 2297 2886 Abjectis
2316 2816 2463 2872 enim
2489 2818 2557 2872 iis
2600 2834 2721 2888 qua:
2747 2808 2860 2890 prae
2911 2823 3170 2877 manibus
3198 2834 3377 2891 erant,
3408 2840 3503 2879 ce-

1914 2908 2017 2964 leri
2049 2924 2217 2963 cursu
2245 2909 2313 2964 ad
2342 2919 2595 2965 sanctum
2628 2911 2941 2981 pervadunt
2984 2928 3199 2978 omnes,
3239 2930 3350 2970 non
3377 2924 3505 2970 tan-

1914 3007 2028 3053 tum
2058 3009 2317 3070 rogantes
2348 3000 2641 3065 medelam,
2678 3001 2773 3055 sed
2798 3011 2856 3057 et
2886 3004 3110 3081 publice
3151 3006 3500 3074 proclaman-

1914 3098 1998 3143 tes
2032 3091 2240 3143 cultum
2273 3090 2547 3144 idolorum
2610 3107 2838 3146 suorum
2900 3109 3023 3148 esse
3069 3108 3391 3161 erroneum,
3446 3107 3505 3151 et

216 3188 446 3259 ἀπάτην
469 3191 906 3260 δημοσιεῦοντες,
957 3193 1050 3246 καὶ
1104 3194 1295 3262 μισθὸν
1321 3193 1509 3265 ὥσπερ
1536 3190 1602 3267 ἦς
1646 3194 1808 3265 ᾔτουν

1916 3180 2072 3248 quasi
2106 3179 2419 3234 mercedem
2464 3182 2728 3251 postulati
2775 3182 3030 3237 beneﬁcii
3078 3185 3501 3240 conversionem

216 3282 571 3350 εὐεργεσίας,
602 3282 699 3353 τὴν
729 3284 810 3347 είς
837 3282 970 3338 Θεὸν
991 3284 1329 3357 ἐπιστροφὴν
1359 3286 1810 3351 καταϐάλλοντες.

222 3366 339 3429 Οὓς
373 3368 403 3419 6
447 3370 617 3438 ταχὺς
649 3369 727 3430 είς
752 3364 938 3447 οἶκτον
967 3368 1151 3433 εὐθὺς,
1180 3370 1278 3439 τῆς
1313 3370 1377 3421 ὲκ
1415 3368 1511 3422 τοῦ
1560 3368 1815 3437 δαίμονος

221 3456 497 3527 ἐπηρείας
528 3457 931 3527 ἐλευθερώσας,
964 3460 1059 3512 καὶ
1099 3460 1201 3512 ὅσα
1228 3460 1365 3530 πρὸς
1404 3461 1680 3529 σωτηρίαν
1733 3458 1815 3511 δι-

221 3548 398 3613 δάξας
430 3550 528 3601 καὶ
564 3549 927 3618 παραινέσας,
957 3551 1132 3617 ὑγιεῖς
1163 3550 1345 3605 οἴκαδε
1394 3549 1644 3609 ἀπολύει,
1678 3550 1817 3621 λαμ-

225 3638 509 3708 προτέραν
541 3639 650 3691 τῶν
681 3640 886 3710 γάμων
927 3641 1102 3710 πολλῷ
1142 3642 1240 3711 τὴν
1279 3641 1491 3695 ἑαυτῶν
1537 3643 1815 3711 σωτηρίαν

225 3730 724 3799 πανηγυρίζοντας.

302 3825 401 3875 σε’.
436 3822 754 3892 Παρέσαλόν
808 3839 953 3887 τινες
1010 3824 1161 3892 αὐτῷ
1205 3823 1304 3892 τῆς
1371 3821 1803 3887 Καππαδοκῶν,

224 3911 499 3974 ποικίλοις
525 3914 721 3967 πάθεσι
746 3914 1059 3984 πιεζόμενοι
1086 3930 1101 3944 ’
1142 3913 1349 3967 τούτων
1388 3909 1467 3976 εἷς
1500 3914 1692 3977 ἄλαλος
1718 3911 1809 3984 ἦν.

222 4002 353 4056 Τῶν
384 4002 513 4071 γοῦν
559 4004 734 4057 ἄλλων
764 4005 1061 4081 θεραπείας
1104 4004 1210 4058 ὑπὸ
1242 4004 1338 4057 τοῦ
1384 4005 1567 4073 ’Λγίου
1618 4007 1813 4075 τυχόν-

219 4115 357 4163 των,
393 4099 551 4167 μόνος
579 4099 740 4169 ἔμενε
772 4100 1037 4169 κωφεύων
1069 4102 1297 4163 ἐκεῖνος,
1336 4100 1459 4171 μηδ’
1487 4100 1667 4154 ὁτιοῦν
1713 4102 1812 4171 τῆς

217 4191 307 4251 είς
335 4190 499 4242 αὑτὸν
532 4192 757 4262 πορείας
797 4192 1082 4260 ὀνάμενος.
1115 4192 1319 4260 Τρίτην
1362 4191 1654 4261 τοιγαροῦν
1688 4209 1800 4244 πα-

220 4281 600 4349 ραμείναντες
638 4282 846 4351 ἡμέραν
879 4280 1015 4346 ἐκεῖ,
1045 4282 1121 4344 ώς
1164 4283 1263 4353 ἤδη
1306 4283 1403 4352 τὴν
1435 4284 1561 4352 ἑξῆς
1588 4283 1813 4353 ἔμελλον

218 4371 473 4435 ἀπιέναι,
508 4373 888 4443 διαναθέμενοι
936 4374 1004 4427 τὰ
1035 4376 1250 4444 φορτία,
1288 4375 1488 4428 εἰσίασι
1532 4375 1667 4446 πρὸς
1710 4376 1813 4429 αὑ-

1914 3270 1982 3324 ad
2007 3272 2177 3325 Deum
2206 3272 2593 3341 rependentes.
2618 3274 2727 3329 Eos
2747 3290 2880 3345 ergo
2919 3276 3068 3331 celer
3116 3276 3187 3330 ad
3228 3278 3502 3333 miseran-

1916 3359 2048 3415 dum
2107 3360 2364 3432 Symeon,
2404 3371 2460 3417 et
2492 3364 2760 3419 damonis
2820 3367 3114 3421 vexatione
3174 3367 3401 3432 liberos,
3446 3380 3504 3424 et

1915 3453 2225 3507 necessaria
2260 3454 2328 3507 ad
2355 3455 2590 3511 salutem
2618 3456 2867 3521 edoctos,
2910 3459 3247 3528 monitisque
3279 3460 3502 3515 institu-

1918 3552 2023 3606 tos,
2064 3559 2226 3598 sanos
2267 3554 2427 3614 atque
2485 3548 2794 3601 incolumes
2844 3546 3039 3602 domos
3094 3564 3224 3604 suas
3257 3550 3488 3616 remisit,

1915 3632 2264 3701 splendidius
2286 3636 2667 3689 conversionis
2687 3652 2798 3690 suae
2822 3628 2986 3706 quam
3010 3638 3327 3705 nuptiarum
3352 3638 3497 3693 diem

1915 3723 2314 3777 celebratums.

1983 3813 2106 3866 205.
2146 3814 2517 3867 Perseum-ant
2552 3815 2777 3883 quidam
2835 3814 3193 3886 Cappadoces
3251 3817 3318 3872 ad
3376 3834 3506 3893 san-

1915 3903 2280 3964 ctum,variis
2332 3902 2753 3979 inﬁmtita‘tibus
2791 3905 2999 3970 aﬁ‘ecti,
3066 3916 3303 3977 querum
3354 3918 3503 3964 unus

1912 4004 2031 4048 erat
2056 4002 2264 4049 mutus.
2308 3994 2444 4049 Cum
2502 4005 2688 4049 autem
2720 4006 2789 4050 ex
2837 3996 2927 4051 bis
2969 3998 3059 4051 alii
3120 3998 3503 4057 incolumitate

1914 4083 2276 4147 donarentur,
2313 4084 2464 4139 solus
2494 4084 2586 4138 hic
2645 4084 2887 4155 elinguis
2919 4090 3241 4155 permansit,
3288 4090 3501 4145 nullum

1914 4175 2077 4229 abeo
2137 4175 2333 4228 itinere
2390 4175 2643 4230 levamen
2701 4185 2919 4231 nactus.
2968 4177 3239 4233 Triduum
3296 4179 3501 4235 ibidem

1914 4264 2269 4335 perstiterant
2298 4274 2354 4320 et
2386 4275 2606 4334 postera
2639 4268 2766 4323 luce
2810 4267 3018 4322 abituri
3065 4279 3244 4331 erant,
3279 4272 3503 4339 quando

1913 4356 2160 4411 collectis
2190 4355 2425 4410 sarcinis
2470 4357 2538 4411 ad
2590 4368 2843 4413 sanctum
2897 4359 3177 4425 adierunt,
3231 4361 3505 4418 interces-

219 4462 338 4524 τὸν,
369 4462 464 4514 τοῦ
504 4464 601 4525 τὰς
658 4462 824 4517 αὑτοῦ
856 4465 1023 4535 εὐχὰς
1068 4466 1478 4534 ὲφοδιασθῆναι.
1530 4466 1588 4520 Ὃ
1623 4467 1808 4537 μέντοι

1916 4448 2122 4502 sionem
2150 4463 2214 4502 ac
2238 4460 2431 4517 preces
2461 4450 2634 4519 ipsius
2662 4464 2765 4520 pro
2798 4451 3005 4505 viatico
3024 4453 3329 4522 accepturi.
3354 4454 3504 4509 l‘nter

221 4553 433 4620 κωφὸς,
462 4556 729 4609 οἴκτιστόν
754 4558 976 4626 τι.πρὸς
1002 4559 1165 4611 αὐτὸν
1204 4558 1425 4627 βλέψας,
1453 4560 1714 4613 διανεύων
1740 4555 1808 4631 ἦν

1915 4540 2052 4594 alios
2105 4548 2293 4594 mutus
2342 4540 2431 4595 hic
2475 4552 2735 4595 sanctum
2784 4541 3030 4603 intuens.
3080 4543 3239 4598 triste
3275 4544 3409 4612 quid
3441 4560 3504 4599 ac

218 4645 363 4710 ἄγαν
393 4643 658 4706 ἐλεεινῶς.
706 4646 763 4699 Ὀ
795 4646 851 4699 δὲ
883 4648 1072 4699 παθὼν
1096 4647 1182 4701 ἐπ’
1211 4649 1359 4717 αὐτῷ
1383 4650 1480 4719 τὴν
1508 4649 1706 4720 ψυχὴν,
1731 4651 1808 4714 είς

1917 4630 2232 4685 miserabile
2293 4631 2595 4695 innuebat;
2655 4632 2796 4687 adeo
2851 4643 2913 4686 ut
2978 4633 3091 4691 ille.
3145 4635 3505 4691 miseratione

220 4736 547 4803 οίκτιρμοὺς
598 4736 792 4805 ἔϐλεψε
851 4738 1016 4791 πάλιν
1094 4739 1221 4801 τοὺς
1284 4740 1664 4810 άδαπανήτους
1716 4742 1808 4796 καὶ

1917 4730 2114 4783 tactus,
2142 4723 2335 4776 oculos
2385 4720 2585 4776 levarit
2629 4721 2697 4775 ad
2755 4721 3219 4779 inexhauribilem
3280 4723 3504 4787 miseri-

215 4824 531 4888 ὰιιενώτους
555 4868 569 4889 ,
601 4828 698 4880 καὶ
730 4829 791 4881 τὸ
823 4830 1118 4899 πρόσωπον
1172 4832 1544 4900 ἀποστρέψας,
1574 4834 1664 4886 καὶ
1718 4833 1808 4887 τὸν

1911 4815 2173 4875 cordiam,
2198 4828 2503 4882 aversoque
2536 4815 2715 4877 vultu,
2750 4813 2987 4917 digitum
3026 4812 3110 4867 ori
3145 4812 3501 4883 imposuerit.

217 4916 485 4969 Ξάκτυλον
517 4917 594 4986 τῷ
629 4919 859 4986 στόματι
885 4918 1157 4987 ἐμϐαλὼν,
1198 4922 1291 4974 καὶ
1321 4923 1499 4992 ἡσυχῆ
1546 4926 1657 4986 τοῖς
1689 4926 1806 4994 χεί-

1911 4906 2065 4960 labiis
2096 4906 2295 4959 leniter
2323 4905 2549 4984 pressis,
2587 4914 2703 4959 tum
2733 4904 2935 4961 deinde
2982 4905 3039 4960 in
3064 4920 3127 4959 os
3166 4904 3272 4959 viri
3322 4905 3502 4958 immi-

214 5009 370 5061 λεσιν
423 5010 705 5072 ἐκπιέσας,
743 5012 904 5081 ἐνῆκε
936 5011 1013 5082 τῷ
1049 5013 1278 5080 στόματι
1323 5013 1415 5066 τοῦ
1447 5013 1659 5084 ἀνδρὸς,
1688 5017 1715 5067 6
1745 5015 1803 5068 δὲ

1911 4998 2078 5053 serit:
2111 4998 2205 5067 qui
2232 4997 2405 5051 veluti
2436 4997 2575 5051 uber
2602 5013 2825 5068 sugens.
2857 4998 3008 5052 illico
3049 4998 3205 5053 visus
3240 5007 3325 5053 est
3362 4997 3499 5052 arti-‘

214 5098 318 5151 ὅσα
355 5099 451 5152 καὶ
511 5101 682 5173 θηλὴν
730 5103 1067 5173 ἐκμυζήσας,
1125 5104 1339 5173 τρανῶς
1394 5106 1593 5159 αὐτίκα
1646 5105 1800 5177 ὤφθη

1911 5090 2088 5144 culate
2113 5090 2263 5159 loqui
2292 5097 2347 5143 et
2378 5088 2707 5143 naturaliter
2738 5088 2925 5158 lingua
2967 5089 3069 5141 uti.

214 5187 417 5254 λαλῶν,
456 5190 552 5242 καὶ
590 5191 730 5243 κατὰ
762 5192 925 5260 φύσιν
957 5195 1020 5263 τῇ
1038 5193 1254 5266 γλώττῃ
1283 5195 1586 5267 χρώμενος.

290 5287 405 5347 σςν.
444 5282 660 5351 ’Ἑτεροι
690 5282 855 5336 πάλιν
884 5284 989 5337 ἀπὸ
1024 5284 1349 5361 Σελευκείας
1380 5288 1479 5358 τῆς
1512 5290 1569 5341 ὲν
1591 5290 1799 5343 Καισα-

1978 5280 2103 5336 206.
2133 5281 2374 5335 Rursum
2402 5279 2519 5341 alii,
2540 5278 2795 5333 Seleucia
2854 5277 3219 5348 Cappadociae
3263 5276 3502 5334 advene-

220 5376 349 5447 ριίᾳ,
408 5371 719 5442 προσῆλθον
770 5371 848 5441 τῷ
906 5373 1132 5443 Συμεὼν
1182 5373 1381 5430 πάθεσι
1440 5379 1802 5443 παντοδαποῖς

1911 5383 2039 5428 runt
2071 5374 2183 5444 (56)
2229 5372 2574 5427 multimodis
2630 5371 2875 5441 correpti
2923 5370 3168 5425 morbis:
3222 5369 3316 5440 qui
3370 5385 3499 5425 cum

214 5468 552 5537 ὲνεχρμενοι.
583 5465 813 5529 Πάντων
835 5466 1013 5518 τοίνυν
1042 5467 1269 5522 ἐκείνων
1301 5470 1400 5540 τὴν
1421 5470 1478 5535 ἐξ
1508 5470 1673 5523 αὐτοῦ
1703 5472 1803 5542 χά-

1911 5481 2101 5519 omnes
2127 5466 2355 5535 gratiam
2384 5463 2667 5518 consecuti
2693 5473 2883 5518 essent
2916 5477 2945 5516 a
2976 5462 3272 5533 Symeone,
3298 5477 3496 5533 quem-

220 5574 309 5629 ριν
333 5556 740 5629 κομισαμένων,
771 5558 999 5611 ἑκάστου
1030 5575 1087 5610 τε
1114 5559 1173 5611 τὸ
1207 5558 1395 5623 πάθος,
1421 5564 1527 5631 ὅτῳ
1552 5562 1614 5632 δή
1676 5580 1804 5615 ποτε

1911 5558 2044 5612 libet
2072 5560 2217 5613 malo
2246 5574 2347 5611 suo
2395 5573 2505 5626 quo
2556 5556 2896 5610 tenebantur
2949 5555 3251 5619 eximente,
3295 5564 3352 5610 et
3382 5570 3495 5608 tua»

218 5648 535 5717 κατείχετο,
571 5646 777 5711 εὐθέως
824 5648 1163 5719 ἀποθεμένου
1225 5650 1317 5702 καί
1374 5645 1526 5712 τινας
1590 5652 1803 5723 ἡμέρας

1911 5667 2079 5705 nuum
2116 5666 2338 5706 suarum
2371 5665 2597 5719 operam
2650 5647 2972 5703 monasterii
3020 5648 3216 5704 usibus
3247 5647 3497 5713 aliquast.

291 5825 408 5895 (54)
451 5822 586 5887 Quin
642 5823 889 5880 Czesareto
932 5825 1239 5896 metrapolis
1298 5825 1650 5897 Cappadocia
1698 5839 1798 5895 est,
1841 5828 2089 5885 Seleucia
2116 5831 2454 5886 Czcsaremin
2490 5830 2671 5885 σιτεςο
2709 5828 2921 5882 dicitur.
