4092 6460
629 397 768 491 σοι

1849 393 1908 452 S.
1950 390 2328 451 SYMEONIS
2361 390 2722 450 JUNIORIS

3758 379 3884 445 3l76

628 510 723 564 diu
767 507 1184 578 impenderent;
1267 506 1448 576 puella
1508 504 1756 574 quaedam
1812 505 1930 558 viro
1994 510 2210 557 matura

2333 505 2444 590 τερ).
2469 503 2536 555 τὰ
2562 503 2658 571 τῆς
2688 501 2854 572 μονῆς
2890 500 3024 568 ἔργα
3063 496 3536 569 χειρουργούντων
3571 494 3671 547 καὶ
3713 511 3892 550 ποντα

628 601 840 666 aderat,
873 600 942 654 ab
970 599 1087 668 ipsa
1125 598 1414 653 nativitate
1446 597 1690 666 linguam
1721 593 2007 664 impedita,
2042 593 2208 646 vitia-

2316 585 2513 661 μένων,
2539 596 2676 662 κόρη
2703 610 2788 654 τις
2811 592 2944 661 παρ’
2971 590 3154 652 αὐτοῖς
3178 588 3358 657 ὡραία
3389 589 3617 654 γάμοις,
3647 585 3706 650 ἐξ
3737 586 3896 654 αὐτῆς

629 691 810 758 tisque
861 688 1094 743 auribus
1125 696 1276 741 muta
1309 697 1365 740 et
1395 685 1583 746 surda,
1642 699 1764 753 quae
1825 684 1964 738 nihil
2018 683 2209 737 auxilii

2333 686 2476 754 τονῆς
2510 686 2610 754 τὴν
2648 684 2896 752 γλῶτταν
2929 680 3303 749 πεπεδημένη,
3329 679 3400 730 τά
3431 695 3492 728 τε
3530 671 3648 730 ὦτα
3683 675 3900 742 κωφεύ·

629 790 858 850 experta
886 780 1089 834 fuerat.
1116 780 1290 848 Hujus
1323 785 1481 846 pater
1513 775 1884 840 incommodo,
1905 776 2033 844 quia
2057 783 2212 844 pater

2333 794 2494 839 iUO’G,
2557 775 2732 846 ταύτῃ
2797 776 3032 844 μένουσα
3093 769 3161 842 ἦν
3195 813 3210 837 ,
3283 769 3592 840 θεραπείας
3652 768 3903 835 οὐδεμιᾶς

631 882 768 931 erat.
797 874 1126 942 tangebatur
1147 870 1408 939 gravius;
1458 869 1732 937 metisque
1766 883 1877 938 pra:
1917 867 2212 920 commise-

633 965 845 1017 ratione
874 962 1197 1018 visceribus.
1220 961 1490 1030 processit
1516 961 1778 1030 plangens
1802 968 1967 1028 atque
1989 958 2215 1026 plorans

634 1053 700 1105 ad
723 1052 1070 1122 Symeunem,
1085 1051 1383 1104 ostendens
1403 1061 1670 1119 quantum
1696 1049 1864 1103 maris
1882 1056 2220 1102 essetemem

635 1160 747 1206 sus,
785 1155 839 1196 et
883 1157 1096 1195 summa
1147 1143 1503 1196 contentione
1544 1140 1864 1199 obsecrans.
1898 1154 1966 1192 ne
2004 1146 2219 1190 tantum

638 1237 854 1290 itineris
885 1243 1175 1305 cogeretur
1211 1235 1458 1303 relegere
1487 1249 1686 1302 expers
1730 1231 1934 1286 solatii.
1961 1229 2062 1285 Cui
2090 1246 2218 1284 san-

635 1337 798 1380 ctus:
829 1325 1150 1385 Revertere,
1187 1324 1388 1391 inquit,
1422 1332 1703 1392 assumpta
1741 1321 1848 1374 lilia
1882 1338 1895 1373 :
1927 1335 2037 1374 non
2070 1321 2219 1374 enim

637 1416 856 1469 dillicile
880 1415 1119 1470 eritDeo
1137 1415 1305 1468 etiam
1347 1413 1472 1466 navi
1523 1413 1791 1466 vehentes
1825 1426 1921 1464 vos
1971 1410 2217 1463 visitare.

639 1506 901 1574 llepletus
929 1513 1034 1568 est,
1068 1505 1256 1557 audita
1289 1504 1392 1558 hac
1425 1505 1699 1566 oratione,
1737 1511 1892 1571 pater
1917 1500 2065 1554 dulci
2095 1515 2214 1569 spe,

638 1607 972 1665 acceptaque
1006 1595 1115 1649 filia
1150 1595 1285 1648 mari
1318 1610 1376 1648 se
1401 1594 1704 1649 commisit.
1744 1591 2000 1646 Nondum
2034 1605 2221 1645 emen-

2317 868 2636 937 αἰσθομένη.
2703 868 2762 920 Ὀ
2815 865 2943 933 γοῦν
2994 866 3178 934 πατὴρ
3229 863 3399 931 αὐτῆς
3446 861 3511 913 τὸ
3571 860 3672 927 τῆς
3725 859 3907 918 arar};

2318 957 2688 1024 οἰκειούμενος
2746 957 2942 1018 πάθος,
2978 954 3104 1006 ἐπεὶ
3138 954 3233 1006 καὶ
3280 951 3487 1022 πατὴρ,
3534 951 3606 1002 τά
3643 967 3704 1002 τε
3741 950 3910 1001 σπλαο

2319 1066 2458 1118 γχνα
2512 1048 2704 1111 δεινῶς
2760 1047 2848 1100 ἐπ’
2892 1048 3032 1115 αὐτῇ
3094 1044 3493 1116 στρεφόμενος,
3543 1039 3783 1111 προσῄει
3826 1056 3913 1091 κο-

2321 1137 2594 1206 πτόμενος
2654 1138 2747 1190 καὶ
2797 1135 3000 1188 κλαίων
3043 1133 3120 1202 τῷ
3165 1131 3411 1201 Συμεὼν,
3446 1149 3553 1202 την
3580 1150 3585 1154 ·
3611 1148 3672 1183 τε
3717 1131 3912 1183 θάλασ-

2324 1245 2423 1280 σαν
2454 1226 2744 1296 προφέρων
2778 1228 2910 1294 ὅσην
2961 1224 3222 1292 πελάγιος
3278 1220 3464 1293 ἦλθεν,
3500 1222 3597 1275 καὶ
3655 1221 3802 1274 ὥστε
3843 1220 3912 1291 μὴ

2325 1322 2483 1384 κενὸς
2508 1320 2662 1384 αὖθις
2696 1320 2955 1374 τοσοῦτον
2995 1319 3167 1372 πλοῦν
3203 1317 3565 1386 ἀναστρέψαι,
3599 1316 3751 1370 πάνυ
3789 1315 3914 1382 ovi.

2321 1414 2423 1483 δρα
2471 1413 2745 1481 δεόμενος.
2780 1412 2838 1465 '0
2895 1411 2976 1476 δι,
3005 1411 3120 1464 Νῦν
3159 1410 3260 1479 μὲν
3304 1409 3550 1477 ἐπάνηκε
3595 1408 3696 1474 τὴν
3753 1407 3915 1459 παῖδα

2327 1502 2534 1568 λαϐὼν,
2567 1503 2695 1572 ἔφη,
2723 1503 2823 1556 οὐκ
2855 1501 3182 1569 αδυνατήσει
3205 1500 3262 1552 δὲ
3289 1499 3366 1567 τῷ
3385 1498 3504 1567 Θεῷ
3527 1497 3625 1552 καὶ
3654 1496 3916 1558 πλέοντας

2325 1595 2471 1664 ὑμᾶς
2525 1593 2947 1663 ἐπισκέψασθαι.
2995 1594 3055 1644 '0
3107 1592 3207 1662 μὲν
3255 1587 3350 1643 οῦν
3393 1591 3661 1657 γλυκείας
3706 1590 3807 1642 ἐπὶ
3844 1587 3915 1656 τῷ

640 1703 736 1740 sus
767 1697 886 1741 erat
913 1687 1209 1740 dimidium
1267 1686 1393 1750 iter,
1449 1701 1598 1748 cum,
1634 1683 1908 1737 allabente
1941 1694 1997 1736 et
2032 1681 2135 1750 ipsi
2168 1688 2225 1735 et

2333 1686 2469 1756 λόγῳ
2515 1690 2615 1757 τὴν
2652 1686 2832 1757 ψυχὴν
2891 1685 3106 1746 ἐλπίδος
3165 1683 3557 1752 ὑποπλησθεὶς,
3595 1682 3698 1752 τὴν
3755 1681 3916 1733 παῖδα

639 1780 802 1832 simul
865 1777 1196 1832 vehentibus
1259 1787 1417 1847 grato
1485 1774 1994 1847 quodamrodore,
2043 1773 2224 1843 qualis

2333 1777 2540 1841 λαδὼν,
2575 1777 2831 1832 ἀπέπλει.
2868 1777 3000 1830 Ὅτε
3035 1777 3217 1846 μέντοι
3250 1775 3394 1828 κατά
3431 1774 3599 1844 μέσον
3626 1773 3722 1826 τὸν
3753 1769 3916 1824 πλοῦν

639 1870 905 1924 indicium
935 1884 1058 1922 esse
1082 1867 1223 1930 solet
1257 1868 1608 1922 adventantis
1641 1846 1836 1936 gratia:
1864 1865 2087 1923 divinae.
2131 1878 2218 1918 so-

2333 1835 2593 1936 ὶγεγόνει,
2639 1868 2870 1931 εὐωδίας
2923 1835 3075 1940 αὑτῶ
3136 1883 3196 1919 τε
3255 1866 3350 1918 καὶ
3394 1835 3509 1926 τοῖς
3569 1864 3915 1936 συμπλέουσι

638 1962 754 2014 luta
774 1971 858 2014 est
880 1961 1075 2029 puellae
1100 1960 1310 2029 lingua,
1371 1957 1730 2031 perfecteque
1779 1956 2112 2026 loquebatur
2167 1963 2224 2008 et

639 2052 920 2105 audiebat.
955 2051 1200 2105 Perculit
1227 2065 1294 2106 ea
1321 2082 1323 2085 -
1347 2064 1437 2103 res
1466 2057 1741 2118 quotquot
1798 2049 1854 2102 in
1900 2046 2027 2100 navi
2064 2053 2225 2099 erant

639 2157 868 2214 stupore
901 2156 1064 2213 atque
1093 2153 1366 2207 tremore;
1396 2157 1492 2196 seu
1526 2155 1704 2211 pater,
1756 2139 2006 2208 iniquum
2053 2147 2222 2208 ratus,

639 2239 686 2293 si
714 2252 813 2306 pro
852 2246 1005 2290 tanto
1034 2235 1328 2298 beneflcio,
1365 2234 1514 2287 nulla
1542 2233 1683 2303 grati
1734 2231 1904 2285 animi
1960 2229 2224 2290 memoria

641 2329 857 2389 relicta,
883 2334 1260 2380 reverteretur
1300 2325 1569 2390 domum;
1617 2324 1848 2378 alteram
1903 2321 2227 2377 conscendit

641 2419 823 2472 navim
884 2418 1184 2472 comitante
1233 2417 1364 2482 ﬁlia,
1421 2426 1788 2485 revectusque
1828 2415 1897 2469 ad
1951 2423 2224 2478 sanctum,

640 2509 832 2578 quales
863 2518 990 2563 ante
1021 2523 1122 2578 pro
1145 2508 1254 2562 lilia
1277 2507 1516 2583 fuderat,
1567 2522 1717 2562 nunc
1765 2522 1866 2577 pro
1921 2507 2225 2577 gratiarum

641 2601 859 2654 actione
888 2599 1055 2654 ollert
1088 2599 1385 2669 lacrymas.

713 2773 838 2829 207.
875 2774 1031 2829 Alius
1078 2774 1280 2828 iterum
1342 2789 1410 2827 ex
1466 2773 1715 2843 Daphne,
1771 2773 1937 2826 filiam
1994 2773 2232 2828 habebat

644 2867 839 2922 iisdem
878 2865 1245 2920 mcommodis
1274 2865 1616 2918 laborantem
1657 2865 1799 2934 (55);
1836 2866 1926 2918 cui
1963 2880 2100 2918 uxor
2132 2880 2230 2919 sua

645 2969 811 3028 atque
857 2959 1019 3012 amici
1073 2958 1248 3028 magis
1294 2957 1613 3021 familiares,
1645 2973 1754 3010 non
1784 2958 2072 3011 cessabant
2101 2972 2230 3010 sua-

646 3050 800 3110 dere,
841 3056 900 3102 ut
926 3047 1091 3100 filiam
1124 3047 1191 3100 ad
1221 3062 1572 3100 communem
1609 3047 1912 3101 adduceret
1958 3047 2232 3101 medicum

2326 1959 2763 2031 προσδαλούσης,
2791 1959 2820 2011 δ
2850 1959 3061 2025 πέφυκε
3090 1958 3316 2027 χάριτος
3349 1956 3438 2009 ἀεὶ
3472 1955 3629 2018 θείας
3688 1954 3912 2025 μηνύειν

2328 2052 2644 2120 ἐπιδημίαν,
2669 2049 2856 2118 ἀνείθη
2915 2052 2983 2118 τῇ
3020 2047 3255 2118 θυγατρὶ
3280 2047 3350 2100 τὰ
3377 2050 3476 2119 τῆς
3520 2046 3795 2117 γλώττης,
3827 2049 3912 2098 καὶ

2328 2143 2497 2212 ὑγιῶς
2521 2142 2722 2195 αὐτίκα
2741 2141 2977 2208 λέγουσά
2999 2157 3059 2192 τε
3081 2141 3176 2192 καὶ
3198 2140 3479 2192 ἀκούουσα
3507 2135 3595 2208 ἦν.
3619 2140 3681 2192 Ol
3708 2140 3808 2208 μὲν
3827 2138 3910 2191 οὖν

2332 2231 2704 2302 συμπλέοντες
2737 2233 2794 2282 ὲν
2825 2228 3091 2299 εκπλήξει
3119 2229 3215 2283 καὶ
3246 2229 3397 2300 φόϐῳ
3431 2226 3577 2300 ἦσαν
3605 2246 3619 2260 ο
3654 2231 3683 2281 ὁ
3717 2230 3776 2282 δὲ
3816 2245 3911 2282 πα-

2328 2327 2433 2394 τὴρ
2487 2324 2694 2377 ἀδικεῖν
2745 2321 2996 2392 νομίσας,
3034 2323 3084 2375 εί
3136 2322 3212 2392 μὴ
3262 2321 3538 2388 τοσαύτης
3597 2319 3914 2392 εὐεργεσίας

2329 2417 2472 2470 ἔλθοι
2537 2415 2698 2468 πάλιν
2752 2415 3082 2484 χαριστήρια
3110 2413 3314 2482 νέμων,
3345 2400 3426 2475 είς
3476 2413 3672 2482 ἕτερον
3697 2414 3815 2481 ἃμα
3847 2414 3908 2480 τῇ

2331 2507 2564 2576 θυγατρῖ⁵
2593 2506 2777 2558 πλοῖον
2828 2507 3024 2574 ὲμδάς,
3067 2506 3219 2574 παρά
3273 2504 3365 2557 τὸν
3393 2505 3587 2571 ’Δγιον
3623 2503 3908 2572 ἐπανήκει,

2331 2599 2624 2664 ἀναλόγους
2654 2597 2763 2649 τῶν
2815 2596 3008 2666 πρώην
3047 2596 3186 2666 ὑπὲρ
3231 2595 3404 2663 αὐτῆς
3451 2593 3710 2664 δακρύων
3733 2592 3912 2646 ἀποδι-

2332 2689 2455 2751 δοὺς
2482 2687 2578 2750 τὰς
2612 2687 2988 2757 εὐχαριστίας.

2406 2778 2504 2843 σε’.
2564 2779 2766 2850 Ἐτέρῳ
2811 2778 2972 2832 πάλιν
3015 2776 3121 2830 ἀπὸ
3153 2777 3252 2846 τῆς
3291 2778 3509 2847 Δάφνης
3538 2776 3786 2845 θυγάτηρ
3823 2769 3906 2844 ἦν,

2334 2870 2434 2938 ῖσῳ
2467 2868 2626 2922 πάθει
2672 2867 2965 2936 πιεζομένη
2985 2882 3000 2896 ⁸
3033 2861 3189 2928 οὗτος
3231 2861 3342 2938 εἶχε
3386 2866 3485 2934 μὲν
3518 2863 3911 2933 συμϐουλεύουο

2335 2937 2432 3012 σαν
2462 2963 2548 3012 αεὶ
2574 2960 2674 3031 τὴν
2714 2962 2969 3026 γυναῖκα,
2999 2959 3060 3011 ού
3102 2959 3208 3027 μὴν
3239 2937 3375 3011 ἀλλά
3408 2959 3503 3010 καὶ
3529 2959 3655 3020 τοὺς
3682 2973 3911 3024 γνησιω-

2334 3053 2526 3124 τέρους
2555 3050 2664 3102 τῶν
2699 3037 2886 3118 φίλων,
2915 3051 3212 3117 ἀναγαγεῖν
3245 3050 3337 3102 επὶ
3362 3050 3423 3100 τὸ
3453 3047 3768 3116 θαυμαστὸν
3794 3046 3912 3116 δρος

647 3140 702 3193 in
763 3136 1065 3192 Mirabilem
1112 3146 1374 3200 montem,
1397 3142 1520 3206 ‘quo
1553 3147 1611 3192 et
1654 3138 1770 3206 ipsa
1804 3153 1930 3191 cum
1985 3137 2231 3206 pluribus

2339 3141 2491 3213 παρά
2533 3142 2624 3195 τὸν
2669 3143 2849 3195 κοινὸν
2886 3141 3056 3212 αὐτὴν
3095 3141 3298 3212 ἰατρὸν,
3327 3141 3468 3194 ὥστε
3501 3140 3798 3210 θεραπείας
3826 3140 3913 3190 καὶ

646 3229 771 3284 aliis
805 3229 1082 3297 particeps
1125 3227 1284 3282 fieret
1330 3228 1654 3282 curationis.
1689 3229 1888 3282 Verum
1940 3229 2030 3283 ille
2062 3229 2236 3284 obsti-

649 3319 872 3373 natione
921 3318 1159 3386 quadam
1207 3317 1522 3381 induratus,
1554 3334 1746 3386 parum
1784 3318 2072 3372 credibilia
2115 3334 2237 3374 esse

647 3426 770 3479 qua:
814 3409 881 3463 de
923 3420 1118 3463 sancto
1162 3408 1488 3462 ferebantur
1519 3410 1849 3475 sustinebat,
1885 3421 1940 3464 et
1970 3420 2030 3464 ut
2063 3390 2237 3480 pluri-

648 3515 798 3554 mum
833 3515 934 3554 nec
980 3499 1313 3570 dignabatur
1345 3499 1570 3570 quidem
1603 3518 1666 3555 ea
1715 3502 2083 3556 narrantibus
2098 3518 2236 3572 pra-

649 3592 782 3648 bere
832 3607 1044 3646 aurem.
1083 3591 1327 3645 Tandem
1367 3601 1549 3645 tamen
1602 3592 1902 3646 multorum
1941 3593 2241 3662 exprobra-

649 3685 896 3739 tionibus
945 3683 1000 3736 id
1061 3683 1241 3752 ipsum
1295 3683 1626 3752 suscipiens,
1677 3700 1800 3738 cum
1837 3695 2012 3739 matre
2066 3686 2236 3739 ﬁliam

650 3776 879 3831 adduxit
903 3791 972 3828 au
994 3775 1341 3843 columnam;
1379 3784 1638 3845 stansque
1661 3785 1791 3830 ante
1815 3786 2086 3841 sanctum,
2111 3793 2235 3832 cum

651 3876 808 3939 gestu
852 3878 909 3921 et
951 3875 1135 3921 mente
1177 3867 1454 3936 arroganti
1516 3869 1763 3922 narravit
1791 3868 1860 3923 de
1893 3869 2003 3922 illa.
2033 3869 2237 3924 Contra

651 3969 877 4014 sanctus
894 3974 1030 4012 voce
1051 3957 1326 4012 submissa
1352 3959 1727 4028 respondens:
1749 3959 1906 4024 Redi,
1930 3961 2235 4030 inquiebat,

651 4065 779 4106 cum
817 4050 928 4103 lilia
975 4058 1066 4103 tua
1101 4047 1352 4111 domum,
1405 4049 1531 4101 istic
1570 4049 1741 4118 ipsam
1783 4049 2098 4106 visitatione
2139 4066 2239 4104 sua

651 4140 969 4212 dignabitur
992 4138 1268 4194 Christus.
1301 4137 1517 4191 Exhinc
1545 4138 1758 4191 homini
1799 4138 1874 4192 illi
1898 4140 2047 4208 gravi
2072 4126 2239 4194 corde

653 4231 1018 4302 cogitationes
1048 4229 1392 4298 obrepebant
1423 4229 1610 4291 variae,
1655 4229 1930 4299 coepitque
1972 4231 2239 4298 paenitere

655 4321 806 4393 quod
850 4321 1164 4374 columnam
1196 4318 1482 4382 adivisset.
1522 4335 1626 4374 nec
1657 4335 1767 4374 non
1795 4321 2048 4374 convicia
2077 4330 2239 4390 atque

657 4410 944 4468 irrisiones
976 4409 1198 4463 elutire
1230 4409 1493 4462 adversus
1526 4407 1759 4471 amicos,
1783 4407 1929 4477 quod
1959 4407 2082 4461 talis
2110 4423 2241 4460 con-

2338 3231 2542 3299 ταύτην
2595 3233 2732 3300 μετά
2777 3229 2885 3284 τῶν
2933 3229 3109 3284 ἀλλων
3138 3232 3340 3300 τυχεῖν.
3388 3229 3445 3280 ’0
3474 3229 3531 3282 δὲ
3559 3230 3658 3296 τὴν
3697 3227 3913 3295 καρδίαν

2339 3322 2477 3392 ἔχων
2516 3321 2743 3392 ἀπιστίᾳ.
2773 3321 3236 3391 σκληρυνομενην,
3279 3321 3406 3390 ἀχρι
3438 3320 3537 3389 μὲν
3570 3317 3764 3372 πολλοῦ
3794 3315 3915 3368 ἀπί-

2340 3413 2477 3467 θανά
2506 3431 2562 3465 τε
2596 3414 2664 3466 τὰ
2694 3414 2820 3484 περὶ
2853 3411 3021 3464 αὑτοῦ
3072 3413 3278 3480 ἡγεῖτο,
3322 3412 3417 3463 καὶ
3463 3410 3583 3462 οὐδὲ
3629 3409 3688 3462 τὸ
3729 3403 3820 3468 οὖς
3854 3408 3916 3458 τὰ

2340 3505 2511 3558 πολλά
2540 3505 2794 3573 προσέχει
2854 3505 3029 3575 ηξίου.
3067 3502 3195 3570 Ὀψε
3239 3502 3296 3554 δὲ
3337 3503 3430 3555 καὶ
3466 3501 3711 3571 βραδέως
3744 3500 3831 3552 διὰ
3853 3500 3913 3550 τὰ

2339 3595 2449 3650 τῶν
2494 3595 2706 3648 πολλῶν
2746 3596 2922 3665 ὀνείδη
2957 3597 3053 3648 καὶ
3079 3593 3239 3648 τοῦτο
3270 3595 3470 3654 λαὸὼν,
3511 3593 3649 3662 μετά
3688 3591 3786 3660 τῆς
3816 3607 3915 3660 μηδ

2340 3687 2470 3759 τρὸς
2502 3688 2670 3756 αὐτὴν
2716 3687 2899 3756 ἀνίησι
2953 3686 3106 3752 παρὰ
3157 3686 3250 3738 τὸν
3295 3683 3509 3748 στύλον,
3560 3685 3658 3736 καὶ
3698 3682 3802 3750 πρὸ
3829 3680 3914 3734 τοῦ

2351 3779 2536 3847 Ἀγίου
2578 3778 2731 3842 στὰς,
2768 3777 2984 3847 σοϐαρῷ
3036 3778 3132 3830 καὶ
3179 3777 3420 3847 σχήματι
3475 3775 3571 3826 καὶ
3619 3773 3914 3845 φρονήματι

2337 3873 2408 3925 τὰ
2457 3871 2584 3941 περὶ
2629 3871 2798 3941 αὐτῆς
2841 3870 3137 3941 διεξῆλθεν.
3179 3869 3238 3924 '0
3282 3869 3338 3922 δι
3385 3869 3570 3938 ἡρέμα
3620 3865 3912 3924 ὑπολαὸὼν,

2353 3962 2626 4030 Ἐπάνηκε
2694 3963 2831 4032 μετὰ
2891 3962 2990 4031 τῆς
3044 3961 3234 4024 παιδὸς
3295 3961 3502 4022 οῖκαδε,
3563 3955 3709 4022 εἷπε,
3770 3958 3917 4009 κάκεῖ

2341 4054 2630 4122 ποιήσεται
2673 4052 2877 4119 ταύτης
2901 4051 3210 4121 ἐπισκοπὴν
3239 4053 3267 4103 ὁ
3293 4052 3548 4121 Χριστός.
3573 4049 3666 4114 Τῷ
3705 4049 3798 4116 μὲν
3831 4046 3918 4100 οὖν

2291 4151 2296 4157 ’
2343 4143 2690 4214 βαρυκαρδίῳ
2714 4142 2906 4212 ἐκείνῳ
2937 4142 3189 4212 λογισμοὶ
3216 4143 3277 4194 τὸ
3300 4141 3427 4212 ἑξῆς
3451 4137 3616 4212 ἦσαν,
3648 4140 3742 4194 καὶ
3764 4155 3916 4208 μετα-

2345 4235 2535 4304 μέλεια
2559 4234 2660 4303 τῆς
2695 4235 2788 4286 ὲπὶ
2808 4234 2899 4286 τὸν
2931 4234 3123 4288 στύλον
3156 4234 3366 4296 ἀνόδου,
3397 4231 3715 4301 σκώμματά
3746 4247 3798 4282 τε
3832 4235 3914 4282 καὶ

2341 4328 2607 4397 λοιδορίαν
2641 4328 2780 4381 κατά
2811 4327 2917 4380 τῶν
2939 4329 3128 4396 φίλων,
3165 4331 3277 4382 ὅσοι
3313 4328 3521 4395 ταύτην
3551 4327 3702 4394 αὐτῷ
3731 4325 3914 4396 δηλαδή

2346 4419 2796 4473 συνεϐούλευσαν.
2855 4419 2920 4470 Ἢ
2969 4420 3025 4472 δὲ
3073 4421 3170 4489 τῆς
3231 4419 3419 4480 παιδὸς
3481 4421 3669 4487 μήτηρ
3736 4418 3916 4482 συνετὴ

657 4505 765 4561 silii
806 4503 1042 4558 fuissent
1072 4511 1348 4556 auctores.
1385 4501 1494 4556 Sed
1519 4511 1694 4556 mater
1727 4503 1941 4573 puellae,
1974 4518 2100 4556 cum
2129 4503 2231 4556 cir-

2345 4505 2500 4569 ούσα,
2548 4511 2644 4561 καὶ
2688 4509 2750 4561 ού
2794 4507 3001 4577 ταύτης
3041 4510 3200 4579 μόνον
3241 4506 3424 4582 [ἀλλὰ]
3464 4509 3562 4561 καὶ
3616 4508 3710 4560 τοῦ
3741 4507 3916 4577 ἀνδρὸς

655 4604 972 4665 cumspecta
1000 4601 1169 4658 esset,
1201 4608 1303 4647 nec
1333 4593 1498 4663 hujus
1546 4594 1767 4648 miseria
1806 4594 2048 4664 gravius,
2078 4609 2242 4664 quam

655 4686 964 4758 pervicacia
985 4684 1169 4739 mariti
1192 4684 1525 4746 abiceretur,
1555 4693 1809 4740 metuens
1830 4701 1899 4739 ne
1929 4685 2063 4754 quid
2091 4702 2245 4740 nova:

653 4775 981 4830 calamitatis
1007 4775 1286 4829 obstinata
1311 4773 1492 4849 mariti
1529 4775 1676 4828 circa
1707 4785 1956 4828 sanctum
1990 4775 2245 4829 incredu-

652 4867 782 4923 litas
812 4875 1154 4936 apportaret,
1190 4864 1359 4919 rediit
1391 4863 1539 4919 unde
1560 4873 1824 4918 venerat:
1855 4880 2024 4933 seque
2051 4880 2246 4920 rursus

656 4957 712 5008 in
762 4963 1062 5022 conspectu
1099 4953 1270 5006 sancti
1309 4963 1473 5006 terrae
1502 4952 1772 5023 afﬂigens,
1804 4953 2148 5024 fundensque
2171 4956 2248 5008 la-

656 5058 892 5114 crymas,
922 5044 1180 5114 mmroris
1205 5041 1368 5095 simul
1397 5050 1455 5096 et
1491 5043 1705 5097 lidueiae
1732 5043 1960 5107 indices,
1987 5044 2247 5112 poscebat

655 5135 873 5189 veniam
895 5130 1094 5186 marito
1116 5131 1427 5197 incredula,
1465 5142 1630 5202 atque
1655 5149 1724 5188 ne
1742 5135 1877 5203 quid
1899 5135 2052 5190 illius
2071 5136 2247 5190 obsti-

656 5228 810 5282 natio
839 5226 967 5282 ﬁliae
1010 5226 1378 5281 incolumitati
1420 5227 1684 5281 alliceret.
1723 5227 1951 5297 Excepit
1999 5237 2245 5294 sanctus,

658 5331 770 5375 tam
809 5321 965 5374 vultu
1021 5335 1185 5390 quam
1237 5335 1373 5376 voce
1429 5322 1673 5377 blanda:
1723 5321 1891 5387 Vade,
1947 5323 2242 5396 inquiens;

658 5427 810 5477 nam,
861 5427 984 5482 quae
1016 5411 1151 5476 dixi,
1185 5413 1446 5469 evenient
1472 5416 1632 5474 vobis
1665 5433 1694 5471 a
1736 5417 1868 5472 Deo.

726 5502 856 5560 208.
875 5503 1222 5558 Adventante
1249 5505 1358 5574 jam
1385 5507 1760 5563 miserationis
1785 5517 2055 5579 tempore,
2089 5510 2241 5565 solu-

693 5795 705 5809 .
731 5726 846 5798 (55)
874 5726 1100 5796 Daphne
1130 5724 1451 5809 δήια-οἰκῆι
1481 5731 1885 5809 Antiochenam.
1919 5739 2028 5809 tam
2046 5731 2231 5809 _histo-

659 5801 886 5852 vicorum
941 5813 1101 5869 quam
1135 5805 1415 5867 poetarum
1466 5803 1676 5871 scriptis
1735 5801 2228 5866 celebratissimum,

2342 4599 2762 4670 περικαιομένη.
2783 4599 3008 4653 δείσασα
3034 4603 3107 4670 μή
3130 4617 3182 4652 τι
3200 4601 3367 4652 κακὸν
3397 4600 3498 4667 τῆς
3517 4601 3599 4661 εἰς
3621 4591 3711 4650 τὸν
3743 4599 3916 4665 ’Δγιον

2342 4691 2600 4753 ἀπιστίας
2643 4693 3064 4763 παραπολαύσῃ.
3115 4692 3504 4760 ἀναστρέψασα
3561 4691 3701 4760 πρὸς
3747 4690 3916 4747 αὑτὸν.

2342 4780 2498 4847 αὖθις
2525 4784 2730 4854 ῥίψασά
2775 4803 2835 4837 τε
2890 4785 3032 4838 κατά
3087 4785 3187 4852 γῆς
3231 4784 3454 4852 εαυτὴν,
3492 4783 3589 4834 καὶ
3625 4781 3834 4853 δάκρυα
3863 4780 3918 4830 τὰ

2342 4875 2518 4945 λύπης
2581 4875 2696 4944 ἀμα
2757 4878 2850 4928 καὶ
2912 4876 3151 4938 πίστεως
3204 4874 3450 4943 σύμϐολα
3490 4873 3718 4941 χέουσα,
3769 4871 3918 4923 ἐδεῖτο

2346 4963 2767 5034 συγχωρηθῆναι
2797 4964 2874 5034 τῷ
2899 4965 3117 5034 συζύγῳ
3138 4964 3236 5033 τὴν
3257 4963 3540 5028 ἀπιστίαν,
3575 4964 3670 5015 καὶ
3699 4963 3772 5032 μὴ
3803 4960 3916 5014 ταὺ-

2345 5073 2444 5126 την
2477 5060 2541 5126 τῇ
2578 5056 2810 5126 θυγατρὶ
2867 5057 2982 5126 τρὸς
3008 5056 3105 5124 τὴν
3133 5056 3433 5126 θεραπείαν
3479 5055 3738 5124 ἐμποδὼν
3768 5069 3918 5106 κατα·

2347 5147 2560 5216 στῆναι.
2618 5146 2676 5199 ’0
2704 5145 2760 5198 δὲ
2797 5145 2959 5215 ἱλαρᾷ
2989 5147 3083 5198 καὶ
3108 5145 3228 5213 ὄψει
3267 5147 3362 5198 καὶ
3397 5144 3640 5212 γλώττῃ.
3673 5140 3914 5212 Πορεύου,

2348 5240 2475 5308 εφη,
2508 5240 2624 5302 καὶ,
2655 5239 2730 5300 ὡς
2757 5238 2954 5308 εῖρηκα
2986 5237 3135 5306 ὑμῖν,
3161 5235 3314 5290 ἔσται
3345 5236 3500 5306 παρά
3528 5234 3687 5286 Θεοῦ.

2423 5517 2530 5580 πη.
2576 5511 2714 5580 Ἤδη
2743 5510 2800 5564 δὲ
2837 5510 2928 5563 τὸν
2966 5505 3116 5563 οἶκον
3146 5509 3584 5574 καταλαϐόντων,
3617 5507 3803 5560 λελυτο
3829 5503 3912 5574 μὶν

2346 5728 2454 5782 Νοε
2497 5729 2570 5784 24
2595 5730 2847 5782 Januarii
2893 5730 2947 5783 in
3000 5729 3230 5785 historia
3285 5729 3667 5784 translationis
3721 5729 3779 5794 S,
3822 5722 3908 5777 Βι-

2339 5799 2477 5870 bylaa
2504 5801 2601 5870 Ep.
2627 5801 2833 5868 copiose
2859 5801 2924 5854 de
2953 5801 3047 5855 illo
3077 5816 3146 5853 ex
3170 5801 3460 5858 Sesama
3492 5802 3716 5871 egimus.
