4092 6482
192 447 326 509 3ΓΠ

1228 453 1390 512 VITA
1435 452 1479 509 Α
1521 449 1958 512 NICEPHORO
1997 448 2489 511 CONSCRIPTA.

3326 451 3465 516 3178

185 569 288 638 τὴν
321 570 570 634 γλῶτταν
609 567 810 630 εὐθέως
853 568 887 636 ἡ
921 569 1069 631 παῖς,
1103 564 1362 634 ἐλευθέρᾳ
1404 563 1460 616 δὲ
1502 563 1595 616 καὶ
1637 564 1774 633 ἀκοῇ

1882 573 1934 617 ta
1964 564 2148 617 subito
2181 574 2265 618 est
2292 563 2477 633 lingua
2505 563 2722 632 puellae,
2753 572 2806 618 ct
2837 563 3095 619 audiendi
3121 566 3466 634 appellandi-

186 659 285 712 καὶ
304 662 452 728 φωνῇ
476 659 614 728 πρὸς
632 660 759 722 τοὺς
781 659 1037 721 τεκόντας
1061 659 1276 729 ἐχρῆτο·
1302 656 1378 726 τῷ
1397 657 1578 724 μέντοι
1603 657 1772 723 πατρὶ

190 749 329 816 πρὸς
358 747 640 820 τδ’ἀθρόον
669 751 844 802 ἐκεῖνο
891 749 984 802 τοῦ
1013 749 1291 819 θαύματος
1325 750 1644 819 τηλικοῦτον
1686 751 1772 800 ὲν-

187 838 397 907 έσκηψε
431 839 568 902 δέος,
617 836 704 891 οἷα
738 841 925 910 πόρρω
962 841 1094 893 πολὺ
1126 842 1223 909 τῆς
1274 840 1403 910 περὶ
1449 841 1514 892 τὰ
1546 839 1774 892 τοιαῦτα

186 931 428 995 πίστεως
474 932 622 996 δντι,
672 932 704 1002 ἢ
752 934 845 984 καὶ
881 932 980 999 τῆς
1017 934 1144 1000 περί
1186 932 1279 983 τὸν
1324 932 1478 998 ἅγιον
1511 930 1771 993 ἀπιστίας

184 1021 456 1076 ὲκτίνοντι
485 1023 658 1086 δίκας,
697 1023 836 1076 ὥστε
877 1023 1018 1093 ῥίγει
1049 1025 1142 1076 καὶ
1180 1017 1400 1093 πυρετῷ
1441 1021 1777 1091 συγχεθὲντα

185 1115 379 1184 μέλεσι
426 1117 560 1168 πᾶσι
609 1116 932 1169 κλονεῖσθαι.
973 1114 1029 1167 Ὁ
1055 1115 1109 1166 δὲ
1149 1115 1468 1168 διδάσκαλον
1503 1115 1641 1183 ἔχων
1674 1113 1773 1184 τὴν

181 1208 386 1275 πεῖραν
427 1202 775 1267 (πεπαίδευτο
817 1209 925 1278 γάρ
964 1207 1162 1269 ἱκανῶς
1209 1203 1291 1268 οἷς
1340 1206 1629 1271 πέπονθεν)
1675 1206 1776 1257 ούκ

180 1296 391 1364 ὀψίζων
440 1292 507 1366 ἦν
550 1297 624 1359 ὡς
660 1295 851 1367 πρώην
899 1297 992 1349 καὶ
1040 1296 1342 1365 διαμέλλων
1367 1311 1382 1326 ο
1418 1295 1531 1348 ἀλλ’
1555 1295 1630 1357 ὡς
1661 1289 1772 1364 εἶχε

181 1388 348 1457 παρά
381 1387 472 1441 τὸν
510 1389 667 1455 ἅγιον
709 1389 867 1452 εὐθὺς
902 1388 1092 1453 ἐλθὼν,
1145 1386 1381 1458 τοσαύτῃ
1423 1387 1562 1454 πρὸς
1613 1386 1775 1438 αὑτὸν

177 1479 367 1548 δεήσει
414 1482 506 1530 καὶ
550 1479 876 1531 ταπεινώσει
911 1480 1141 1550 καρδίας
1189 1478 1408 1548 ἐχρῆτο,
1446 1479 1554 1546 ὅσῳ
1585 1476 1774 1548 πρώην

177 1569 337 1638 ὄγκῳ
369 1586 430 1621 τε
474 1571 567 1622 καὶ
596 1572 927 1640 φρονήματι,
959 1572 1055 1640 οὐχ
1084 1569 1227 1622 οὕτω
1267 1571 1332 1639 τῇ
1385 1568 1523 1636 νόσῳ
1565 1569 1634 1620 τά
1680 1569 1772 1620 τοῦ

179 1659 440 1728 σώματος
475 1660 609 1729 μέλη
639 1661 936 1730 σειόμενος,
962 1662 1036 1724 ὼς
1066 1662 1164 1729 τὴν
1186 1659 1362 1730 ψυχὴν
1386 1660 1462 1727 τῷ
1490 1659 1777 1729 παραδόξῳ

179 1752 280 1804 τοῦ
313 1752 590 1822 θαύματος
615 1770 628 1783 ·
665 1753 757 1806 καὶ
790 1754 849 1806 τὸ
886 1756 984 1822 μὲν
1006 1755 1126 1806 οὐδὲ
1149 1754 1378 1823 χάριτας
1404 1747 1512 1815 οἷός
1542 1769 1597 1804 τε
1636 1748 1775 1806 εἶναι

179 1843 360 1910 λέγων
392 1845 486 1896 ἐπὶ
508 1847 574 1915 τῇ
605 1844 832 1916 θυγατρὶ
855 1846 1006 1911 ἀξίας
1031 1845 1332 1915 ὁμολογεῖν,
1359 1845 1419 1896 τὸ
1441 1844 1497 1895 δὲ
1529 1844 1658 1913 περὶ
1682 1844 1775 1896 τοῦ

1880 670 1985 724 que
2016 663 2272 724 parentes
2315 654 2573 709 facultate
2620 657 2872 724 expedite
2899 672 2993 710 usa
3022 665 3126 710 est.
3160 657 3229 710 At
3255 666 3466 727 patrem

1879 745 1946 798 ad
1981 745 2255 814 repentini
2288 745 2538 799 miraculi
2566 748 2940 814 spectaculum
2975 756 3160 802 tantus
3187 748 3351 802 timor
3386 749 3468 804 in-

1883 837 2069 901 cessit,
2105 837 2384 907 utfrigore
2419 838 2644 891 horrido
2675 849 2839 907 atque
2865 839 3002 893 febri
3026 848 3317 908 correptus
3339 842 3470 897 totis

1878 927 2109 980 artubus
2151 928 2636 991 contremisceret;
2702 929 2906 998 quippe
2950 930 3044 1000 qui
3083 931 3152 985 ab
3198 934 3469 1002 ejusmodi

1881 1018 2050 1074 rebus
2101 1018 2393 1072 eredendis
2423 1019 2739 1089 longissime
2769 1020 2982 1083 aberat,
3010 1031 3106 1076 aut
3144 1038 3336 1092 pinnas
3362 1025 3472 1080 sol-

1878 1109 2045 1163 vebat
2070 1124 2182 1163 suae
2208 1108 2609 1164 incredulitatis
2640 1124 2770 1178 erga
2813 1123 3086 1167 sanetum.
3125 1113 3332 1170 Doctus
3362 1116 3468 1170 ita-

1880 1213 1988 1266 que
2025 1198 2364 1266 experientia
2394 1199 2606 1267 (utpote
2634 1214 2732 1267 per
2757 1216 2820 1253 ea
2847 1217 2968 1270 qua:
3008 1202 3322 1270 patiebatur
3351 1206 3469 1261 suf-

1870 1286 2132 1340 ﬁcienter
2164 1288 2485 1355 castigatus)
2535 1304 2644 1342 non
2688 1289 3198 1362 ditl‘erebat,neque
3244 1311 3471 1364 procra-

1880 1377 2140 1440 stinabat,
2169 1379 2246 1431 uti
2273 1380 2457 1446 prius;
2492 1379 2586 1433 sed
2621 1390 2824 1449 quanta
2847 1388 3063 1450 poterat
3093 1384 3375 1441 celeritate
3402 1389 3472 1442 ad

1881 1479 2131 1524 sanctum
2165 1470 2448 1536 advolans,
2485 1480 2592 1525 tam
2627 1473 2864 1542 supplici
2900 1490 3024 1528 cum
3053 1479 3367 1545 precatione
3392 1491 3475 1534 at-

1881 1577 1988 1630 que
2005 1563 2337 1618 demissione
2372 1565 2542 1618 animi
2578 1565 2720 1634 apud
2747 1565 2925 1634 ipsum
2942 1569 3076 1638 egit,
3100 1584 3263 1638 quam
3294 1586 3474 1642 nuper

1884 1655 2098 1710 tumido
2120 1672 2244 1710 cum
2271 1656 2409 1711 fastu
2442 1666 2606 1726 atque
2637 1659 2897 1727 superbia
2928 1677 2940 1712 :
2975 1677 3155 1731 neque
3178 1664 3475 1720 vehemen-

1886 1745 1995 1800 tius
2051 1748 2472 1802 eoneuticbatur
2526 1750 2720 1803 morbo
2771 1761 2922 1805 artus
2985 1755 3253 1822 corporis,
3308 1772 3472 1826 quam

1885 1839 2134 1892 miraculi
2162 1841 2429 1909 stupenda
2462 1842 2703 1896 novitate
2739 1843 2856 1912 ipsa
2893 1845 3095 1898 anima.
3133 1847 3336 1901 Partim
3370 1849 3471 1902 ita-

180 1936 555 2004 κατασχόντος
591 1937 753 1988 αὑτὸν
785 1936 974 1989 κλόνου
1008 1936 1282 2004 δεόμενος.
1326 1936 1386 1987 '0
1409 1936 1464 1987 δὲ
1500 1937 1639 2003 μετά
1678 1935 1774 2004 τῆς

1884 1944 1991 1997 que
2010 1929 2289 1984 fatebatur
2335 1930 2453 1986 fieri
2483 1947 2590 1986 non
2618 1949 2777 2001 posse
2811 1941 2871 1987 ut
2895 1934 3098 2003 gratias
3123 1937 3349 1991 meritas
3374 1955 3474 2008 pro

181 2026 451 2097 συνήθους
501 2027 864 2094 συμπαθείας,
914 2029 1002 2080 Ἐν
1029 2028 1254 2098 ὀνόματι
1297 2025 1390 2079 τοῦ
1432 2026 1637 2096 Κυρίου
1673 2025 1775 2096 Ίη-

184 2117 307 2182 σοῧν
369 2119 530 2186 γενοῦ
573 2119 664 2172 καὶ
719 2121 781 2173 σὺ
837 2120 1016 2189 ὑγιὴς,
1064 2120 1206 2189 ἔφη’
1259 2119 1354 2172 καὶ
1406 2117 1484 2187 τῷ
1535 2117 1773 2187 θαύματι

183 2207 373 2278 θαῦμα
426 2209 697 2281 συνήφθη,
756 2208 835 2278 τῷ
883 2210 1008 2278 περὶ
1051 2210 1149 2278 τὴν
1182 2208 1350 2261 παῖδά
1396 2224 1538 2276 φημι
1574 2207 1634 2259 τὸ
1679 2206 1772 2258 τοῦ

183 2299 430 2368 πατρός’
500 2300 593 2352 καὶ
656 2299 825 2368 ὑγιῶς
882 2299 1082 2352 αὐτίκα
1132 2299 1273 2368 ἔχων
1325 2300 1590 2367 εἱστήκει,
1655 2297 1775 2360 ὅλος

181 2389 441 2454 ἔκστασις
495 2391 592 2456 ῶν,
649 2393 768 2454 ὅλος
827 2391 1056 2461 θάμϐος,
1117 2388 1656 2454 δλορκατάπληξις,
1713 2389 1773 2440 ού

180 2481 454 2551 χείλεσιν,
498 2484 623 2536 οὐδὲ
672 2485 951 2554 ῥήμασιν,
1011 2483 1132 2535 οὐδὲ
1196 2483 1426 2551 μακροῖς
1495 2481 1775 2549 διηγήμα-

181 2589 292 2638 σιν,
327 2575 462 2628 άλλά
500 2579 681 2646 σιωπῇ
717 2575 918 2649 μᾶλλον
948 2575 1041 2628 καὶ
1075 2574 1316 2643 σχήματι
1356 2572 1447 2624 καί
1481 2570 1773 2640 προσώπου

181 2666 468 2732 συστάσει,
498 2667 558 2720 τὸ
586 2665 695 2720 τῶν
735 2666 1031 2737 θαυμάτων
1065 2665 1294 2736 μέγεθος
1323 2665 1435 2725 τοῖς
1471 2662 1638 2733 ὁρῶσι
1675 2680 1776 2732 κη-

180 2771 415 2824 ρυττων.

1885 2018 1996 2072 filia
2033 2021 2408 2089 persolveret;
2442 2023 2642 2091 partim
2676 2023 3102 2092 deprecabatur,
3140 2035 3198 2079 ut
3235 2040 3476 2083 cessaret

1884 2117 2093 2162 tremor
2151 2127 2261 2180 quo
2310 2112 2755 2167 concutiebatur.
2803 2114 2884 2168 Ad
2936 2114 3054 2168 lucc
3097 2114 3332 2188 Symeon
3375 2133 3476 2188 pro

1878 2211 2142 2254 consueta
2161 2217 2258 2256 sua
2290 2202 2706 2258 misericordia:
2741 2206 2799 2259 In
2826 2206 3054 2261 nomine
3074 2207 3292 2262 Domini
3319 2210 3470 2274 Jesu,

1877 2289 2076 2359 inquit,
2107 2299 2164 2345 tu
2191 2308 2410 2364 quoque
2435 2306 2556 2350 esto
2581 2311 2767 2350 sanus.
2797 2296 2997 2367 Sicque
3022 2299 3172 2353 aliud
3195 2300 3288 2354 alii
3310 2301 3473 2357 mira-

1877 2383 2064 2436 culum
2109 2400 2420 2440 connexum
2465 2397 2582 2453 est;
2618 2389 2716 2452 illi,
2755 2389 3000 2460 inquam,
3036 2391 3183 2459 quod
3230 2393 3284 2446 in
3341 2393 3472 2460 filia,

1880 2475 2025 2530 istud
2059 2478 2205 2547 quod
2241 2479 2292 2533 in
2331 2491 2483 2548 patre
2517 2490 2790 2550 patratum
2817 2481 2922 2536 fuit
2951 2497 2964 2534 :
2991 2491 3048 2536 et
3072 2483 3255 2537 statim
3288 2484 3469 2540 bellis

1879 2568 2016 2623 sime
2042 2569 2252 2626 habens
2279 2572 2452 2638 stetit,
2496 2583 2644 2628 totus
2680 2574 2976 2638 extaticus,
3024 2583 3172 2630 totus
3224 2585 3475 2647 stupens,

1880 2666 2029 2715 totus
2071 2662 2392 2730 perculsus;
2450 2662 2621 2716 nullis
2670 2663 2852 2727 labiis,
2895 2663 3069 2730 nullis
3110 2665 3318 2732 verbis,
3372 2681 3475 2722 nec

1879 2749 2060 2821 longis
2107 2752 2553 2818 narrationibus;
2581 2752 2676 2808 sed
2709 2754 2819 2808 alto
2847 2754 3092 2818 silentio,
3126 2755 3318 2810 habitu
3347 2771 3473 2812 cor-

1880 2843 2051 2911 poris,
2085 2851 2138 2897 et
2178 2844 2574 2899 constitutione
2615 2845 2801 2901 vultus
2833 2845 3268 2917 magnitudinem
3303 2849 3471 2904 mira-

1881 2936 1988 2989 culi
2024 2936 2333 3006 przedicans
2375 2936 2741 2992 intuentibus.

1611 3074 1837 3133 CAPUT
1878 3075 2067 3131 XXVI.

719 3187 820 3243 Alii
863 3187 1139 3243 insolentis
1180 3188 1234 3240 in
1270 3195 1514 3242 sanctum
1556 3188 1752 3258 lingua:
1789 3192 2123 3261 castigantur
2161 3207 2222 3243 ac
2271 3191 2577 3259 pmuiteulea
2623 3191 2936 3245 liberantur.

261 3303 366 3358 σθ’.
401 3303 557 3358 Μετά
585 3303 642 3358 δὲ
669 3304 863 3375 χρόνον
894 3306 1109 3375 συχνὸν,
1145 3307 1341 3378 συνέϐη
1374 3308 1621 3363 διάκονόν
1655 3327 1771 3362 τινα

1947 3311 2072 3365 209.
2105 3310 2276 3365 Multo
2307 3321 2431 3380 post
2460 3320 2707 3381 tempore
2739 3311 2940 3366 accidit
2990 3310 3310 3378 diaconum,
3367 3331 3471 3372 no-

181 3398 294 3464 τῆς
330 3396 525 3466 κώμης
557 3395 820 3448 Εύθαλίου
855 3397 1175 3468 λεγομένης,
1209 3399 1526 3467 Ἐπιφάνιον
1582 3400 1777 3471 ὄνομα,

180 3485 282 3540 τοῦ
317 3485 462 3538 θείου
501 3485 726 3555 Συμεὼν
759 3487 815 3538 ἐν
859 3487 1049 3557 ἀγνοίᾳ
1094 3489 1439 3556 καταλαλεῐν,
1472 3490 1778 3561 ἐνυϐρίζειν

184 3592 252 3630 τε
308 3576 402 3628 καὶ
462 3579 741 3648 παροινεῖν
770 3579 850 3640 εἰς
909 3578 1092 3642 αὑτὸν,
1127 3578 1220 3631 καὶ
1275 3577 1422 3646 σαφῆ
1471 3579 1580 3631 τῶν
1629 3580 1779 3650 αὐτῷ

185 3669 529 3737 προσιόντων
549 3667 766 3737 ἀπάτην
799 3669 1252 3736 καταγινώσκειν.
1292 3670 1430 3722 Ποτὲ
1474 3669 1606 3737 γοῦν
1641 3671 1781 3723 θειο-

180 3763 354 3826 τέρας
381 3761 409 3812 ὸ
443 3760 760 3826 Ἐπιφάνιος
790 3761 994 3815 ἀνωθεν
1020 3762 1332 3831 ἐπισκοπῆς
1361 3762 1613 3828 ἀξιωθεὶς
1639 3763 1780 3816 κατά

182 3851 426 3915 Παῦλον,
456 3852 652 3904 ἔπεσεν
683 3851 817 3904 ὡσεὶ
846 3852 1037 3924 νεκρὸς
1066 3854 1208 3906 κατὰ
1239 3857 1362 3924 γῆς,
1396 3856 1491 3907 καὶ
1524 3856 1590 3908 τά
1628 3857 1778 3920 ἐντὸς

184 3943 542 4014 συνεστράφη
580 3958 594 3974 ο
626 3945 1001 4015 προστέτακτο
1028 3944 1084 3997 δὲ
1115 3945 1206 3997 διὰ
1253 3947 1575 4018 νυκτερινῆς
1605 3947 1779 4016 ὅψεως

183 4035 289 4088 καὶ
328 4028 505 4098 οὗτος,
533 4035 632 4088 οὐκ
664 4036 742 4097 είς
773 4037 1064 4105 Δαμασκὸν
1100 4037 1174 4099 ὡς
1204 4038 1427 4102 ἐκεῖνος,
1461 4039 1595 4092 ἀλλά
1627 4041 1778 4108 παρὰ

182 4126 281 4177 τὸν
330 4124 420 4177 τοῦ
472 4125 608 4178 Θεοῦ
651 4126 960 4196 θεράποντα
1011 4126 1236 4197 Συμεὼν
1282 4129 1545 4196 ἀνελθεῖν,
1579 4132 1651 4194 ὡς
1683 4132 1778 4185 καὶ

185 4215 325 4285 παρ’
363 4216 530 4268 αὐτοῦ
573 4217 775 4287 δηλαδὴ
807 4216 1108 4287 θεραπείαν
1137 4221 1198 4272 οὐ
1246 4219 1499 4290 σώματος
1552 4225 1778 4293 κομιού-

187 4324 354 4378 μενος
422 4308 602 4376 μόνον,
637 4309 773 4361 ἀλλὰ
835 4310 929 4362 καὶ
969 4310 1168 4379 ψυχῆς.
1228 4312 1337 4364 Καὶ
1390 4312 1522 4382 δῆτα
1579 4316 1776 4385 φόρτος

183 4398 343 4450 οὐδὲν
369 4398 594 4468 ἀψύχων
649 4399 924 4462 ἀπεοικὼς
966 4401 1247 4472 ὑποζυγίῳ
1296 4403 1591 4466 ἐπιτεθεὶς,
1619 4405 1776 4456 ἀθλία

181 4505 245 4542 τε
281 4489 387 4559 πρὸ
419 4490 512 4542 τοῦ
555 4489 750 4543 στύλοι»
781 4490 957 4554 τεθεὶς
980 4491 1120 4560 ὄψις,
1149 4495 1330 4562 φωνῆς
1361 4494 1567 4548 ἀνωθεν
1589 4496 1776 4548 ἀκούει

184 4579 344 4651 παρά
380 4580 472 4631 τοῦ
526 4579 685 4647 ἁγίου
730 4580 1017 4650 λεγούσης,
1059 4583 1188 4635 Ἰδοὺ
1243 4583 1444 4656 ἀφείθη
1485 4603 1567 4638 σοι
1629 4587 1779 4656 παρὰ

1880 3403 2031 3458 mine
2065 3403 2463 3474 Epiphanium,
2488 3419 2553 3459 ex
2587 3418 2725 3474 pago
2754 3404 2994 3473 quodam
3026 3406 3120 3475 qui
3175 3422 3467 3478 nuncupa-

1881 3505 1972 3550 tur
1998 3495 2265 3560 Eutbalii,
2286 3495 2354 3551 de
2381 3495 2554 3572 sancti
2574 3495 2864 3567 Symeonis
2887 3496 3030 3550 fama
3072 3511 3173 3565 per
3215 3497 3472 3568 ignoran-

1882 3589 2011 3642 tiam
2036 3588 2352 3654 detrahere,
2370 3589 2676 3658 ineumquc
2697 3588 3096 3643 contumeliose
3116 3588 3472 3657 debaccltari,

1877 3689 1934 3734 et
1957 3696 2208 3735 errorem
2243 3681 2422 3750 ipsum
2454 3680 2779 3736 adeuntium
2819 3682 2997 3751 palam
3033 3681 3476 3751 reprehendere.

1879 3777 2192 3846 Aliquando
2229 3777 2395 3846 igitur
2437 3777 2625 3830 divina
2670 3776 2891 3831 cwlitus
2937 3777 3151 3832 visione
3211 3777 3470 3850 dignatus

1878 3867 2226 3937 Epiphanius
2263 3868 2375 3930 ille,
2413 3867 2553 3922 sicut
2598 3866 2876 3936 quondam
2936 3867 3158 3932 Paulus,
3224 3868 3471 3924 concidit

1878 3961 2034 4030 quasi
2087 3971 2338 4016 mortuus
2387 3961 2441 4014 in
2492 3969 2719 4025 terram,
2767 3969 2823 4014 et
2877 3960 3198 4032 visceribus
3256 3960 3470 4016 intimis

1878 4065 2193 4109 commotus
2213 4065 2296 4109 est
2320 4071 2330 4106 :
2354 4054 2546 4124 jussus
2575 4068 2794 4122 quoque
2828 4062 2913 4108 est
2958 4068 3068 4108 non
3101 4063 3161 4108 ut
3211 4053 3314 4109 istc
3362 4053 3468 4110 Da-

1878 4157 2123 4197 mascum
2147 4143 2472 4208 concedere,
2492 4141 2586 4196 sed
2607 4138 2671 4190 ad
2704 4140 2966 4196 fanmlum
2997 4144 3088 4198 Dei
3113 4143 3464 4214 Symconem.

1878 4244 1938 4289 ut
1970 4251 2066 4305 per
2094 4235 2245 4289 illum
2279 4236 2573 4289 sanitatem
2613 4249 2722 4288 non
2749 4235 2927 4289 solum
2955 4238 3229 4306 corporis,
3261 4237 3356 4292 sed
3411 4247 3470 4294 et

1878 4328 2076 4382 anima:
2103 4327 2270 4382 etiam
2297 4334 2629 4396 reportaret.
2663 4325 2808 4398 Ergo
2828 4343 2936 4382 non
2972 4330 3205 4382 multum
3249 4328 3318 4383 ab
3352 4330 3496 4384 ina-"

1878 4419 2014 4474 nimi
2047 4421 2392 4489 discrepans,
2426 4421 2677 4490 jumento
2707 4421 3001 4489 impositus
3031 4430 3116 4476 est
3173 4438 3314 4477 onus
3359 4423 3466 4477 mi-

1880 4513 2153 4570 serabile:
2189 4511 2586 4582 depositusque
2618 4523 2744 4566 ante
2773 4512 3087 4568 columnam
3147 4514 3466 4570 luctuosum

1879 4604 2274 4673 spectaculum,
2325 4619 2520 4658 vocem
2594 4604 2812 4659 cmlitus
2860 4621 2888 4659 a
2928 4615 3120 4660 sancto
3191 4606 3464 4678 Symeono

187 4668 398 4738 Κυρίου
432 4670 498 4722 τά
526 4671 586 4722 ἐν
619 4670 815 4740 ἀγνοίᾳ
840 4688 852 4701 ·
890 4672 1102 4742 ἔγειραι
1161 4675 1452 4744 τοιγαροῦν
1485 4677 1770 4731 ἀναλαϐὼν

1878 4667 2172 4750 demissam
2207 4695 2403 4759 sensit,
2457 4711 2580 4763 qua:
2619 4696 2873 4750 dicebat:
2931 4699 3073 4752 Ecce
3108 4699 3469 4756 dimittuntur

182 4761 404 4824 ἑαυτὸν,
447 4765 645 4832 μηκέτι
697 4766 916 4817 διώκειν
976 4765 1141 4818 αὐτὸν
1201 4767 1525 4838 ἀνεχόμενος
1589 4774 1647 4823 ὲν
1695 4773 1772 4843 τῷ

181 4854 395 4908 τιθέναι
424 4854 485 4907 τὺ
509 4856 682 4928 στόμα
709 4874 800 4910 σου
826 4860 904 4920 εἰς
927 4859 1094 4927 ἡμᾶς,
1130 4859 1225 4911 καὶ
1247 4859 1427 4914 λαλεῖν
1459 4863 1582 4915 καθ’
1615 4865 1772 4934 ἡμῶν

193 4950 432 5004 ἀδικίαν.
457 4947 678 5014 Τούτοις
713 4955 824 5015 τοῖς
859 4955 1097 5024 ῥήμασιν
1144 4955 1269 5030 [εἰς]
1320 4960 1510 5013 ἑαυτὸν
1539 4962 1776 5032 παραδό-

191 5040 302 5105 ξως
333 5040 676 5107 ἐπανελθὼν,
707 5045 967 5099 τάναντία
994 5047 1195 5119 διεξῄει
1227 5050 1334 5104 τῶν
1369 5053 1770 5122 προλαϐόντων,

191 5133 290 5186 καὶ
317 5132 601 5202 κηρύττων
647 5129 714 5204 ἦν
755 5136 859 5202 ὅλῳ
891 5139 1121 5208 στόματι
1160 5142 1360 5209 μᾶλλον
1385 5144 1484 5206 τὰς
1514 5145 1607 5197 τοῦ
1638 5146 1770 5199 Θεοῦ

190 5224 282 5277 διὰ
308 5223 401 5276 τοῦ
437 5224 767 5290 θεράποντος
794 5229 958 5281 αὑτοῦ
985 5231 1324 5296 δυναστείας.

261 5405 347 5454 σι’.
376 5396 506 5456 Εἶτα
539 5405 633 5457 καὶ
661 5405 786 5468 τοῦς
807 5407 957 5470 υἱοὺς
984 5411 1357 5480 προσαγαγὼν
1379 5413 1771 5487 δαιμονῶντας,

183 5492 358 5559 ὑγιεῖς
388 5492 683 5565 ἑκατέρους
705 5499 1106 5568 ἀπολαμϐάνει.
1142 5496 1312 5568 Οὗτος
1349 5507 1488 5576 μετά
1542 5509 1772 5583 θατέρου

181 5581 296 5632 τῶν
350 5584 555 5637 παίδων
619 5584 845 5659 ὕστερον
895 5589 972 5659 τῷ
1029 5591 1172 5660 ἁγίῳ
1221 5597 1557 5664 παραϐαλὼν
1614 5581 1772 5672 (ἐπεὶ

183 5673 280 5723 καὶ
314 5673 555 5744 συνεχῶς
585 5677 734 5746 αὐτῷ
777 5679 919 5748 μετὰ
953 5684 1150 5752 πεῖραν
1190 5688 1403 5752 ἐφοίτα,
1437 5691 1533 5744 καὶ⁵
1578 5696 1769 5750 τοσοῦ-

180 5779 276 5818 τον
302 5763 412 5836 ὅσῳ
460 5769 587 5832 τοὺς
644 5771 818 5843 ταύτῃ
871 5772 1112 5844 δρῶντας
1168 5779 1360 5849 πρώην
1393 5785 1692 5860 ἐμέμφετο)
1712 5791 1767 5842 εν

181 5870 290 5911 τινι
320 5856 430 5910 τῶν
467 5857 756 5927 ἀνωγαίων
787 5862 886 5932 τῆς
911 5863 1080 5933 μονῆς
1115 5867 1390 5924 καταλύει.
1429 5874 1530 5929 Τὸν
1557 5881 1655 5946 μὲν
1674 5856 1766 5934 οὖν

545 5962 815 6025 Ρλτιιοι..
862 5968 979 6034 Gn,
1029 5965 1361 6029 LXXXVI.

1878 4788 2048 4842 tibia
2113 4788 2349 4841 Domino
2428 4804 2550 4857 qua:
2606 4803 2672 4843 ex
2735 4787 3044 4859 ignorantia
3098 4793 3466 4860 commisisti;

1874 4880 1994 4934 leva
2047 4889 2097 4934 te
2147 4881 2315 4952 igitur
2372 4891 2428 4934 et
2490 4878 2600 4936 noli
2645 4883 2899 4952 persequi
2942 4884 3121 4952 ipsum
3178 4884 3465 4957 deinceps.

1875 4970 2175 5042 aperiendo
2203 4985 2266 5025 os
2295 4980 2450 5025 tuum
2474 4979 2530 5026 et
2562 4972 2842 5042 loquendo
2875 4975 3222 5044 iniquitatem
3265 4988 3466 5034 contra

1875 5060 2226 5116 nos.llorum
2249 5067 2546 5118 verborum
2581 5065 2790 5119 virtute
2828 5066 3159 5122 mirabiliter
3200 5067 3306 5122 sibi
3333 5069 3466 5124 red-

1876 5151 2044 5213 ditus,
2078 5153 2360 5209 contraria
2404 5155 2653 5218 omnino,
2703 5172 2867 5226 quam
2911 5167 3038 5212 ante
3085 5169 3205 5213 erat
3243 5160 3462 5226 solitus,

1874 5241 2224 5313 loquebatur,
2250 5246 2525 5316 plenoque
2577 5263 2673 5302 ore
2736 5248 3073 5318 praedicabat
3122 5251 3217 5306 Dei
3265 5262 3464 5324 poten-

1877 5335 2006 5389 tiam
2032 5352 2131 5407 per
2153 5336 2419 5393 famulum
2458 5354 2644 5393 suum.

1963 5429 2088 5484 2l0.
2129 5427 2644 5487 Adducensdeinde
2703 5432 2844 5488 filios
2877 5433 3018 5488 duos
3070 5434 3465 5504 dmmoniacos,

1875 5521 2184 5579 incolumes
2208 5524 2405 5580 ambos
2435 5527 2683 5596 recepit:
2721 5542 2958 5596 quorum
3003 5543 3116 5583 uno
3160 5531 3464 5588 comitante

1873 5622 2064 5683 postea
2091 5615 2391 5685 aliquando
2441 5617 2508 5671 ad
2551 5626 2806 5672 sanctum
2865 5635 2923 5673 se
2975 5618 3272 5675 conferens
3310 5621 3465 5691 (quia

1867 5701 1980 5770 jam
2015 5712 2278 5782 expertus
2308 5705 2594 5771 virtutem,
2629 5706 2832 5772 creber
2861 5721 2930 5762 eo
2964 5709 3157 5771 itabat,
3202 5720 3465 5783 tantoque

1872 5792 2218 5864 frequentius
2262 5808 2519 5867 ,quanto
2581 5799 2781 5870 sa‘pius
2838 5810 2964 5855 ante
3029 5801 3080 5856 id
3147 5802 3466 5863 factitantcs

1872 5887 2329 5963 reprehenderat)
2384 5891 2440 5945 in
2498 5893 2789 5948 cmnaculo
2861 5893 3105 5964 quodam
3170 5897 3462 5969 superiore

2989 5993 3100 6054 100
