4092 6478
251 385 394 453 3131

1262 393 1433 454 VITA
1470 394 1517 451 A
1556 390 1994 454 NICEPHORO
2034 393 2520 454 CONSCRIPTA.

3402 402 3539 463 318?.

246 501 453 571 μᾶλλον
483 500 515 573 ἢ
553 499 732 554 πίστει
759 500 849 554 καὶ
878 500 1025 563 ζέσει
1057 500 1305 571 καρδίας,
1331 503 1537 573 τυφλήν
1578 520 1642 571 με
1683 505 1817 574 Saxo.

1942 505 2157 559 fervore
2205 504 2389 559 cordis
2426 523 2439 557 :
2469 502 2667 559 Sanete
2704 502 2961 576 Symeon,
3014 521 3045 560 o
3076 506 3171 577 qui
3207 522 3292 562 me
3323 508 3532 578 excipis

245 608 433 663 μενος.
465 591 734 646 ἀπόλυσον
764 591 1085 663 βλέπουσαν.
1116 592 1224 645 Τοῦ
1254 592 1310 645 δὲ
1339 594 1835 665 σπλαγχνισθέντος

241 684 335 735 ἐπ’
369 683 528 754 αὐτῇ,
562 683 752 754 χεῖράς
790 700 848 736 τε
873 685 984 747 τοῖς
1018 682 1321 753 ὀφθαλμοῖς
1346 684 1645 750 ἐπιθέντος,
1678 688 1832 740 ἔϐλε-

243 773 345 841 ψεν
371 773 531 839 εὐθὺς
554 774 742 840 ὑγιῶς.
770 769 902 828 Εἶτα
931 776 1199 846 προσάγει
1225 776 1325 846 τὴν
1354 775 1629 848 θυγατέρα
1665 781 1836 843 πάθος

240 865 475 935 ἔχουσαν
505 867 633 936 περὶ
661 866 759 937 τὴν
786 868 957 938 γυνήν
983 884 994 897 ’
1019 867 1226 933 ἐπιθεὶς
1253 869 1435 922 τοίνυν
1461 870 1554 925 καὶ
1580 874 1644 943 τῇ
1680 874 1833 926 παιδὶ

238 959 347 1028 τὴν
371 962 545 1029 χεῖρα,
572 958 687 1012 Νῦν
718 959 816 1029 μὲν
848 962 1088 1031 ἐπάνηκε
1114 963 1209 1016 σὺν
1246 964 1403 1033 αὐτῇ,
1428 963 1564 1034 πρὸς
1596 966 1693 1035 τὴν
1729 984 1832 1035 μη-

235 1048 379 1118 τέρα
436 1048 561 1116 ἔφη,
616 1049 739 1118 ὄψει
792 1050 849 1104 δὲ
905 1050 1042 1106 οἴκοι
1074 1051 1171 1123 τὴν
1210 1052 1367 1119 δόξαν
1406 1054 1499 1108 τοῦ
1539 1055 1695 1138 βεοῦ.
1743 1056 1831 1119 Ὠς

234 1138 373 1208 γοῦν
408 1140 708 1210 ἐπανῆλθον
746 1142 1027 1215 ἑκάτεραι,
1062 1147 1159 1198 καὶ
1186 1145 1433 1200 ὕπνωσεν
1464 1143 1552 1201 οἷα
1586 1147 1730 1215 φιλεῖ
1754 1149 1829 1218 τῷ

230 1231 474 1302 καμάτῳ
522 1234 623 1303 τῆς
675 1234 986 1306 ὁδοιπορίας
1027 1237 1060 1307 ἡ
1112 1239 1318 1309 μήτηρ,
1380 1239 1480 1310 ὁρᾷ
1535 1240 1626 1293 τὸν
1672 1241 1827 1308 ἅγιον

228 1322 299 1375 ὲν
352 1322 516 1394 ἑτέρα
556 1328 763 1395 μορφῇ,
818 1326 913 1379 καὶ
950 1327 1103 1403 οὐχτῇ
1144 1328 1365 1399 συνήθει
1415 1330 1823 1400 παραϐαλόντα,

226 1413 335 1483 τήν
393 1431 451 1467 τε
506 1417 687 1469 νεᾶνιν
742 1418 991 1485 ἀγαγεῖν,
1029 1421 1122 1471 καὶ
1171 1420 1231 1472 τὸ
1274 1419 1444 1481 πάθος
1476 1422 1824 1491 ἀνακαλύψαι

226 1503 607 1558 κελεύσαντα*
663 1500 725 1559 οὗ
768 1509 901 1577 παρ’
947 1508 1120 1577 αὐτῆς
1178 1509 1383 1573 εὐθέως
1428 1513 1821 1582 γεγενημένου,

225 1592 579 1661 ἀνατεμόντα
622 1592 803 1659 τοῦτο,
853 1599 948 1649 καὶ
1006 1596 1067 1649 τὸ
1113 1591 1319 1651 λυποῦν
1371 1598 1581 1653 ἐκεῖθεν
1610 1600 1824 1670 ἐξενεγ-

224 1682 417 1749 κόντα,
448 1683 543 1737 καὶ
577 1684 741 1738 πάλιν
771 1685 869 1748 τάς
903 1685 1117 1755 πληγάς
1151 1688 1565 1744 συνουλώσαντα
1588 1708 1602 1722 ο
1630 1692 1822 1746 ἔπειτα

225 1770 419 1840 μέντοι
448 1774 547 1843 τῆς
585 1774 765 1838 οίκίας
804 1775 1033 1841 ἐξιόντα,
1065 1778 1157 1829 καὶ
1197 1777 1400 1847 ἑαυτὴν
1432 1779 1530 1849 μὲν
1570 1781 1820 1851 ὁρκίζον-

224 1880 335 1916 σαν
379 1863 542 1918 αὑτὸν
595 1865 744 1929 ὅστις
798 1867 885 1935 εῐη
933 1866 1177 1935 φράσαι·
1217 1868 1307 1920 τὸν
1346 1868 1402 1921 δὲ
1433 1847 1685 1937 καθάπερ
1718 1871 1816 1941 βαι·
1853 1847 1894 1902 Β

226 1954 371 2024 ρέως
434 1954 668 2026 φέροντα
722 1958 817 2009 καὶ
866 1957 1187 2028 ἀχθόμενον,
1217 1954 1288 2011 *Ω
1344 1960 1529 2029 γύναι,
1561 1963 1613 2015 τί
1660 1965 1820 2018 τοῦτο

222 2047 508 2117 ἐπιζητεῖς
541 2049 980 2119 ἀποκρίνασθαι;
1030 2052 1375 2105 Διαναστᾶσα
1415 2055 1619 2121 τοίνυν,
1658 2055 1819 2111 ὃ)τοῦ

223 2136 541 2208 θαύματοςί
576 2138 822 2210 εὑρίσκει
863 2141 961 2210 τὴν
995 2141 1163 2195 παῖδα
1203 2142 1297 2195 τοῦ
1340 2144 1545 2210 πάθους
1573 2148 1819 2202 ἀπαλλαο

219 2235 439 2299 γεῖσαν,
482 2234 575 2287 καὶ
617 2234 865 2304 βραχέως
906 2234 1076 2288 ὕπνου
1110 2234 1281 2308 δῶρον
1322 2239 1457 2311 αὐτῇ
1502 2242 1821 2312 παραδόξως

220 2340 424 2395 γεγενη
435 2326 628 2396 μένην.

300 2422 428 2485 σιγ’.
482 2418 645 2489 Ἀνὴρ
672 2418 729 2471 δέ
762 2436 842 2482 τις
874 2421 938 2473 ἐκ
973 2421 1230 2489 γειτόνων
1267 2424 1334 2493 τῇ
1367 2426 1590 2488 γυναικὶ
1622 2425 1817 2497 ταύτῃ,

221 2507 443 2579 γλώττῃ
474 2510 615 2563 κατὰ
646 2509 739 2563 τοῦ
773 2511 929 2579 ἁγίου
966 2510 1188 2584 λοιδόρῳ
1217 2513 1311 2566 καὶ
1343 2513 1572 2585 διαϐόλῳ
1598 2515 1818 2588 χρώμε-

223 2616 341 2663 νος,
380 2600 438 2663 ὃς
482 2602 596 2664 τοῖς
621 2602 786 2655 αὑτοῦ
828 2602 1155 2673 θαυμασίοις
1191 2604 1291 2657 οὐκ
1315 2605 1632 2661 ἀπιστοῦντι
1662 2608 1821 2678 μόνον

224 2690 415 2761 ἐῴκει,
447 2680 582 2747 ἀλλὰ
612 2694 707 2748 καὶ
740 2694 1163 2766 παρασκώπτων
1203 2698 1285 2759 είς
1311 2697 1475 2750 αὑτὸν
1511 2694 1599 2769 ἦν,
1631 2700 1724 2752 καὶ
1753 2700 1821 2754 τὰ

226 2782 437 2835 ἐκείνου
470 2784 744 2854 διασύρων
767 2786 988 2857 ἀναίδην
1020 2786 1115 2839 καὶ
1144 2788 1516 2853 καταπαίζων.
1551 2782 1720 2854 Οὗτος
1742 2791 1819 2844 δί-

223 2888 334 2944 κην
366 2874 539 2945 εὑρὼν
588 2876 891 2937 ἀκολάστου
938 2877 1211 2950 γλώσσης,
1262 2878 1492 2949 δαίμονα
1546 2883 1815 2950 σύνοικον,

222 2966 562 3034 προσάγεται
593 2967 670 3037 τῷ
705 2968 867 3039 ἁγίῳ,
896 2971 987 3023 καὶ
1017 2970 1315 3039 θεραπείας
1363 2973 1494 3042 παρ’
1520 2974 1687 3028 αὐτοῦ
1724 2993 1817 3028 τυ-

223 3054 361 3127 χὼν,
394 3058 515 3111 οὐδὲ
547 3058 716 3131 ταύτῃ
766 3061 865 3131 τῆς
917 3064 997 3125 είς
1024 3063 1186 3116 αὐτὸν
1224 3064 1497 3134 ἀπέσχετο
1524 3066 1812 3135 φλυαρίας.

1939 594 2114 649 oculis
2135 603 2439 661 carentem,
2464 594 2532 649 iis
2564 594 2842 651 videntem
2875 596 3116 652 dimitte.
3148 596 3397 667 Cumque
3430 599 3533 653 mi-

1939 695 2153 741 seratus
2184 686 2293 750 ille,
2348 702 2544 741 manus
2586 687 2763 743 oculis
2794 688 3169 757 imposuisset,
3203 690 3344 746 vidit
3380 692 3529 747 illico

1936 785 2111 830 recte.
2155 776 2363 832 Deinde
2414 776 2578 829 tiliam
2606 792 2828 846 quoque
2862 777 3017 831 ducit
3046 779 3243 833 morbo
3268 777 3527 834 laboran-

1938 879 2044 923 tem
2078 870 2215 937 (56),
2258 869 2352 939 qui
2380 869 2668 939 imponens
2698 870 2951 925 similiter
2989 870 3066 924 illi
3098 887 3314 935 manus,
3351 872 3528 943 inquit

1934 961 2099 1014 matri
2141 979 2153 1013 :
2190 962 2485 1015 Revertere
2518 976 2667 1017 nunc
2694 977 2819 1016 cum
2860 960 2966 1015 lilia
2999 963 3246 1027 domum,
3289 963 3416 1020 istic
3443 964 3527 1018 vi-

1934 1052 2085 1107 debit
2123 1053 2351 1122 gloriam
2408 1054 2525 1109 Dei.
2562 1053 2700 1109 Cum
2738 1054 2904 1125 igitur
2933 1056 3293 1112 revertissent
3329 1056 3523 1122 ambae,

1934 1142 2092 1196 matri
2119 1153 2179 1195 ut
2200 1144 2419 1206 assolet,
2443 1144 2833 1215 defatigatione
2856 1145 3071 1202 itineris
3090 1161 3316 1202 somnus
3334 1148 3527 1218 obrep-

1931 1231 2022 1296 sit,
2052 1230 2381 1303 oblatusque
2415 1232 2468 1287 in
2522 1234 2617 1287 illo
2660 1242 2743 1288 est
2794 1245 3037 1299 sanctus,
3087 1236 3249 1289 aliam
3300 1236 3527 1291 indutus

1928 1322 2163 1377 formam
2187 1340 2215 1378 a
2246 1333 2508 1379 consueta
2532 1342 2544 1389 ;
2570 1325 2872 1379 accedebat
2895 1336 3101 1391 autem,
3132 1326 3340 1382 ducens
3362 1344 3524 1382 manu

1928 1416 2189 1484 puellam,
2215 1416 2305 1470 cui
2338 1416 2666 1485 imperabat,
2700 1417 2907 1471 doloris
2934 1418 3017 1472 sui
3056 1420 3238 1473 locum
3273 1429 3330 1473 ut
3366 1437 3524 1475 reve-

1926 1505 2086 1560 laret.
2128 1508 2335 1578 lllaque
2380 1524 2502 1562 mox
2538 1509 2691 1578 jussa
2726 1520 3069 1579 capessentc,
3117 1511 3355 1566 dissecto
3401 1512 3524 1567 loco

1926 1597 2197 1654 educebat
2232 1599 2359 1653 inde
2390 1600 2535 1669 quod
2569 1599 2753 1653 fuerat
2779 1602 2987 1656 doloris
3012 1618 3201 1670 causa,
3242 1612 3297 1657 et
3323 1604 3523 1658 vulnus

1926 1687 2183 1743 cicatrice
2206 1688 2518 1743 abducebat
2551 1707 2562 1743 :
2603 1698 2793 1759 postea
2830 1693 3205 1761 egredientem
3241 1695 3406 1749 domo
3434 1694 3517 1748 vi-

1926 1776 2161 1832 debatur
2209 1779 2315 1834 sibi
2369 1780 2568 1835 mulier
2614 1780 2958 1853 obstringere
3003 1785 3403 1855 jurejurando,
3460 1797 3520 1840 ut

1923 1868 2135 1933 ederet,
2168 1870 2293 1940 quis
2321 1882 2468 1926 esset
2504 1891 2514 1925 :
2559 1871 2714 1926 illum
2760 1881 2967 1938 autem,
3014 1876 3186 1929 veluti
3232 1878 3520 1932 molestius

1922 1956 2192 2013 ferentem
2245 1960 2734 2030 indolentemque,
2785 1964 3124 2033 respondere
3164 1983 3177 2019 :
3212 1966 3256 2021 Ο
3292 1968 3515 2031 mulier,

1923 2066 2023 2104 cur
2066 2048 2203 2104 illud
2256 2054 2673 2122 percunctaris?
2721 2053 2817 2109 His
2848 2054 3003 2118 visis,
3038 2057 3276 2111 excitata
3318 2057 3518 2112 mulier

1926 2139 1979 2207 (ο
2015 2140 2338 2197 miraculum
2363 2128 2399 2211 ἱ)
2427 2142 2634 2213 reperit
2654 2145 2890 2213 puellam
2922 2146 3115 2201 dolore
3141 2148 3392 2215 liberam,
3419 2165 3517 2220 per

1924 2231 2111 2287 brevis
2154 2232 2332 2287 somni
2368 2250 2567 2289 munus
2606 2235 2952 2292 admirabile.

1993 2422 2117 2476 2l'5.
2161 2422 2240 2478 Ex
2262 2424 2463 2480 vicinia
2488 2426 2721 2495 hujusce
2754 2430 3001 2486 mulieris
3027 2433 3113 2486 vir
3133 2433 3357 2503 quidam
3382 2452 3516 2491 con-

1924 2514 2216 2569 tumeliosa
2273 2524 2437 2587 atque
2490 2518 2764 2575 diabolica
2795 2521 2980 2591 lingua
3033 2526 3218 2579 virum
3261 2537 3513 2583 sanctum

1924 2602 2264 2669 incessebat;
2316 2614 2373 2658 ct
2421 2594 2714 2662 videbatur
2769 2624 2879 2663 non
2930 2612 3094 2667 modo
3146 2629 3254 2669 non
3285 2616 3515 2672 credere

1922 2693 2188 2749 miracula
2218 2696 2358 2765 ejus,
2383 2696 2480 2751 sed
2508 2706 2564 2752 et
2604 2699 2872 2766 cavillari,
2897 2711 3063 2773 atque
3090 2704 3385 2763 detrahere
3416 2723 3517 2778 per

1922 2803 2195 2843 summam
2246 2791 2647 2860 impudentiam
2681 2794 2850 2850 rebus
2893 2798 2961 2852 ab
3003 2798 3099 2853 illo
3140 2802 3307 2871 gestis
3336 2803 3514 2874 iisque

1923 2881 2175 2937 illuderc.
2211 2882 2315 2953 Sed
2342 2885 2551 2954 reperit
2578 2886 3001 2959 intemperantis
3031 2891 3232 2964 lingua:
3261 2896 3515 2952 meritam

1922 2972 2211 3037 ultionem,
2276 2974 2523 3031 daemone
2576 2978 2757 3047 ipsum
2816 2982 3133 3038 invadente.
3186 2986 3518 3043 Producitur

1918 3077 2050 3133 ergo
2080 3064 2149 3117 ad
2185 3074 2467 3133 sanctum;
2500 3068 2597 3123 sed
2632 3069 2701 3124 ab
2730 3085 2797 3125 eo
2825 3072 3213 3131 liberationem
3242 3087 3481 3154 consecu
3501 3109 3515 3124 -

237 3146 305 3201 Ἡ
346 3146 467 3217 δίκη
499 3148 555 3201 δὲ
590 3148 752 3203 πάλιν
783 3150 891 3202 τῶν
932 3151 1131 3220 ἑαυτῆς
1161 3153 1260 3204 οὐκ
1288 3153 1481 3223 ἡμέλει
1503 3170 1518 3185 θ
1560 3155 1698 3207 ἀλλά
1732 3173 1815 3208 νο-

1923 3162 2031 3217 tus,
2064 3155 2239 3211 nihilo
2273 3159 2444 3228 magis
2478 3174 2643 3229 quam
2673 3163 2829 3232 prius
2862 3165 3150 3224 desinebat
3176 3170 3231 3225 in
3261 3149 3516 3229 sanctum

224 3239 394 3309 μέσας
431 3241 459 3292 ό
493 3240 717 3309 μάταιος
754 3242 959 3305 ἐκεῖνος
1006 3242 1134 3294 ἰδεῖν
1166 3243 1256 3295 τὸν
1294 3242 1441 3312 ἆγιον
1484 3247 1541 3298 ἐν
1576 3248 1818 3318 ὁράματι

222 3326 418 3386 νυκτὸς
459 3326 607 3395 αὑτῷ
655 3330 976 3389 ἐπιστάντα,
1018 3331 1110 3383 καὶ
1144 3332 1243 3401 τὴν
1275 3332 1433 3386 αὑτοῦ
1472 3334 1651 3399 δεξιὰν
1684 3339 1817 3408 πρὸς

222 3410 397 3482 ὀργὴν
425 3413 763 3483 ἀφελόμενον
860 3417 1214 3483 διυπνισθελς,
1271 3422 1519 3491 ἀψευδεῖς
1572 3427 1817 3482 ἐπὶτῶν

222 3500 406 3571 ἔργων
452 3504 693 3575 εὑρίσκει
740 3508 838 3573 τάς
874 3510 970 3580 τῆς
1001 3515 1302 3579 φαντασίας
1341 3515 1575 3580 εἰκόνας.
1610 3520 1673 3573 Εἰ
1708 3520 1815 3591 γὰρ

222 3596 324 3684 καὶ
350 3594 423 3663 μὴ
455 3596 627 3667 πάντη
660 3598 760 3669 τὴν
781 3599 957 3664 δεξιάν
987 3602 1257 3674 ἀφῄρητο,
1286 3607 1420 3661 ἀλλά
1447 3610 1618 3680 ξηράν
1646 3612 1816 3684 αὐτὴν

222 3679 362 3753 εἶχε,
387 3687 480 3739 καὶ
508 3689 659 3741 οὐδὲν
688 3691 909 3763 ἀψύχων
935 3694 1257 3748 ἀπεοικυῖαν
1278 3715 1291 3729 ο
1322 3699 1513 3755 ἔπειτα
1540 3704 1722 3773 μέντοι
1757 3707 1812 3758 αἱ

223 3773 430 3842 σάρκες
477 3776 836 3849 διαρρυεῖςαι,
878 3791 1061 3856 γυμνὰ
1110 3790 1272 3861 μέχρι
1308 3793 1521 3862 καρποῦ
1564 3794 1631 3847 τά
1680 3797 1812 3850 ἐστᾶ

221 3866 321 3917 καὶ
354 3867 519 3938 νεῦρα
561 3873 659 3939 τῆς
700 3876 883 3945 χειρὸς
932 3880 1148 3954 ἐκείνης
1187 3884 1649 3939 ἀπολελοίπεσανο
1686 3889 1812 3957 ἑξῆς

217 3958 279 4011 δέ
323 3960 415 4011 καὶ
452 3961 687 4032 σκώληξι
720 3964 946 4032 ζέσασα,
976 3970 1096 4024 οὐδὲ
1130 3974 1372 4045 φορητὴν
1405 3977 1481 4046 τῷ
1514 3976 1681 4047 ἀθλίῳ
1718 3981 1813 4050 τὴν

218 4050 321 4116 τῆς
352 4050 540 4123 ὀδύνης
567 4054 689 4121 βίαν
718 4061 966 4129 παρεῖχε.

1921 3247 2233 3315 petulanter
2259 3264 2438 3319 agere.
2464 3250 2570 3307 Sed
2602 3262 2659 3309 et
2685 3255 2927 3313 vindicta
2954 3274 3174 3317 rursum
3201 3264 3377 3321 nihilo
3407 3276 3517 3321 tar-

1921 3338 2047 3393 dius
2077 3340 2434 3411 subsequitur
2460 3364 2472 3397 :
2498 3345 2803 3403 arbitratus
2830 3366 3069 3420 namque
3102 3364 3186 3409 est
3216 3372 3389 3413 vanus
3421 3358 3515 3415 ille

1921 3427 2106 3495 homo,
2140 3441 2305 3485 noctu
2339 3447 2395 3486 se
2427 3433 2479 3487 in
2504 3434 2717 3491 visione
2744 3440 3066 3509 conspicere
3095 3448 3514 3512 sanctum,sibi-

1922 3536 2026 3590 que
2055 3522 2110 3575 in
2148 3523 2447 3579 vindictam
2480 3528 2687 3581 auferri
2722 3528 2791 3583 ab
2826 3530 2967 3585 irato
2996 3532 3279 3590 dexteram
3311 3554 3465 3593 suam
3495 3558 3511 3593 :

1923 3623 2281 3682 experrectus
2305 3626 2489 3672 autem
2542 3620 2817 3689 comperit
2849 3622 3078 3679 minime
3119 3642 3290 3683 vanas
3338 3629 3513 3686 fuisse

1922 3705 2152 3759 visionis
2211 3707 2511 3781 imagines,
2567 3710 2662 3764 sed
2729 3728 2844 3767 rem
2898 3714 3074 3784 ipsam
3140 3718 3362 3775 fuisse:
3405 3725 3509 3779 etsi

1912 3798 2058 3851 enim
2140 3799 2364 3854 dextera
2424 3802 2544 3871 ejus
2617 3804 2845 3859 omnino
2925 3808 3105 3864 ablata
3168 3828 3277 3866 non
3335 3827 3505 3877 esset.

1914 3899 2135 3943 aruerat
2171 3899 2303 3955 tota,
2338 3892 2473 3946 nihil
2504 3893 2771 3951 differens
2819 3897 2889 3952 ab
2919 3898 3185 3958 inanima.
3214 3905 3325 3960 Nec
3359 3910 3510 3963 steti:

1914 3981 2004 4035 llic
2055 3984 2259 4037 malum
2296 4002 2309 4036 :
2346 3997 2670 4057 consumpta
2709 4004 2861 4055 caro,
2914 3994 3060 4048 nuda
3110 3996 3261 4052 illius
3315 4009 3508 4056 manus

1913 4074 2057 4142 polla
2098 4090 2409 4145 nervosque
2449 4077 2726 4145 destituit,
2760 4097 3053 4153 usquequo
3106 4102 3169 4140 ea
3203 4091 3506 4146 committi-

219 4151 317 4197 tur
345 4141 571 4200 brachio
609 4163 623 4201 :
667 4147 735 4204 ad
760 4149 876 4207 haec
903 4160 958 4207 et
986 4155 1266 4211 vermibus
1292 4158 1436 4230 quod
1468 4162 1707 4218 restabat
1745 4141 2129 4233 exedentibus,
2178 4141 2543 4224 intolerabilis
2574 4141 2915 4229 inferebatur
2958 4141 3188 4233 .misero
3240 4182 3502 4238 violentia

216 4234 496 4289 dolorum.

295 4328 409 4381 0:8‘.
438 4330 626 4394 Συνεὶς
660 4336 950 4407 τοιγαροῦν
980 4341 1115 4408 μετά
1148 4341 1247 4411 τὴν
1282 4343 1518 4414 πληγὴν,
1550 4349 1805 4419 πρόσεισι

217 4420 301 4490 τῷ
345 4423 486 4493 ἀγίῳ
523 4426 855 4495 πικροτέραν
907 4430 999 4483 τοῦ
1035 4434 1242 4499 πάθους
1274 4439 1371 4507 τὴν
1403 4440 1497 4492 ἐπί
1527 4444 1642 4504 τοῖς
1671 4461 1807 4514 προ-

214 4511 442 4565 λαὸοῦσι
496 4518 862 4585 μεταμέλειαν
902 4520 1062 4591 ἔχων.
1106 4525 1166 4577 'O
1191 4525 1247 4578 δὲ
1302 4529 1396 4580 τοῦ
1444 4530 1638 4600 ἀνδρὸς
1671 4511 1806 4603 (ktl/dt-
1839 4574 1881 4626 υ

215 4621 403 4677 μενος,
432 4606 641 4661 κελεύει
708 4611 812 4681 τῆς
867 4615 1032 4669 αὐτοῦ
1086 4618 1291 4682 κόνεως
1330 4621 1564 4677 λαϐόντα
1616 4626 1801 4685 οἴκαδε

210 4696 459 4756 ἀπιέναι,
484 4698 611 4751 ἄλλο
642 4702 704 4770 τῇ
734 4703 881 4773 χειρὶ
912 4706 1079 4775 μηδὲν
1129 4709 1211 4761 ὅτι
1254 4712 1327 4781 μὴ
1374 4714 1580 4785 ταύτης
1622 4719 1801 4771 ἐπιτιο

212 4785 399 4839 θέντα.
426 4790 537 4841 Καὶ
560 4791 587 4841 ὁ
624 4792 720 4861 μὲν
754 4795 926 4848 ταῦτα
959 4796 1088 4867 ἕδρα
1130 4816 1142 4829 ·
1183 4804 1310 4871 περὶ
1341 4803 1397 4856 δὲ
1450 4808 1668 4876 πρῶτον
1712 4828 1803 4862 νυ-

210 4875 344 4939 κτὸς
376 4876 545 4932 ὕπνον
567 4880 742 4948 ἔδοξεν
772 4885 919 4955 αὐτῷ
934 4887 1027 4940 τὸν
1045 4889 1268 4959 Συμεὼν
1292 4895 1611 4961 ἐπιστάντα,
1632 4902 1798 4952 πτύε-

211 4966 306 5019 λόν
334 4984 394 5020 τε
428 4969 522 5023 τοῦ
562 4972 767 5025 οἰκείου
802 4976 1093 5045 στόματος,
1118 4982 1213 5033 τοῦ
1274 4982 1422 5037 θείου
1451 4985 1528 5049 ὡς
1576 4988 1795 5060 ἀληθῶς

126 5092 129 5101 ι
209 5060 424 5115 ἐκείνου
459 5064 553 5116 καὶ
582 5064 701 5135 Θεῷ
724 5066 812 5119 διά
841 5069 1041 5134 παντὸς
1071 5074 1525 5141 προσλαλοῦντος,
1554 5083 1620 5151 τῇ
1644 5081 1798 5152 δεξιᾷ

209 5149 579 5222 λαμϐάνοντα,
603 5158 704 5226 τὴν
750 5157 960 5212 ἐκείνου
1012 5161 1192 5227 δεξιὰν
1226 5166 1515 5238 ἐπιχρίειν,
1556 5149 1694 5242 ὁμοῦ
1744 5149 1800 5226 δέ

210 5242 293 5313 τῷ
324 5246 585 5315 χρῖσματι
630 5250 725 5301 καὶ
760 5251 971 5321 σάρκας
1019 5254 1341 5323 ἀνάγεσθαι,
1372 5262 1464 5313 καὶ
1500 5260 1677 5333 δέρμα
1712 5266 1798 5318 ἐπ’

212 5335 387 5407 αὐτὴν
420 5339 781 5406 ἑκτείνεσθαι,
826 5343 931 5406 ἕως
969 5338 1061 5397 ἐπὶ
1092 5345 1183 5399 τὸν
1214 5351 1514 5421 πριέχοντα
1544 5355 1799 5412 κόνδυλον

212 5428 313 5483 τοῦ
356 5432 525 5501 μέσου
560 5432 850 5488 δακτύλου,
875 5436 1076 5490 Τοῦτον
1108 5438 1165 5492 δὲ
1192 5441 1340 5511 αὐτῷ
1378 5443 1475 5497 σὺν
1524 5446 1675 5519 ὄνυχι
1700 5466 1797 5503 πε-

297 5586 429 5677 (ξὸδὶ
466 5587 665 5677 Cruces
700 5596 831 5677 περὶ
866 5599 963 5677 τὴν
1007 5602 1183 5677 -γυνήν
1200 5616 1225 5677 _'
1284 5610 1330 5677 et
1376 5604 1586 5671 quidem
1618 5609 1755 5677 γυνῆ
1780 5650 1793 5671 ,

210 5658 717 5746 γυναικὸςκριιὶηιιε
763 5658 1159 5746 ἀςῖσίίιξαιξῷηἰέΔ
1196 5658 1457 5746 feminam
1505 5658 1795 5746 signiﬁco},

206 5730 366 5813 γυνὴ,
393 5732 596 5813 γυγῆςη
614 5737 859 5813 secunndre
884 5740 1279 5813 declinationis
1305 5730 1579 5813 nus/Inani,
1596 5730 1799 5803 ἱηίιίνιιὶ-ζ

212 5807 324 5864 tur,
350 5799 490 5867 quod
523 5804 708 5860 sciam.
754 5808 893 5871 Quid
916 5812 961 5863 si
997 5813 1072 5865 ita
1119 5812 1387 5867 declinata
1418 5799 1534 5868 ’νοτ
1554 5799 1799 5874 sumatur

1982 4352 2109 4406 ΞΗ.
2136 4353 2489 4424 Resipiscens
2521 4356 2691 4426 igitur
2712 4367 2837 4427 post
2852 4360 3027 4437 talem
3058 4366 3500 4437 castigationem,

1916 4444 2169 4515 procedit
2190 4446 2257 4499 ad
2288 4457 2562 4512 sanctum,
2593 4432 2941 4507 acerbiorem
2991 4432 3332 4524 paenitentiae
3375 4432 3504 4532 pro;

1914 4547 2037 4607 pter
2083 4537 2345 4601 admissa,
2403 4555 2569 4608 quam
2635 4541 2845 4598 doloris
2905 4560 2971 4599 ex
3026 4562 3248 4604 corrosa
3308 4569 3498 4621 manu,

1910 4644 2132 4682 sensum
2185 4628 2443 4683 afferens.
2491 4630 2665 4686 Tactu
2719 4650 2821 4690 suo
2875 4636 3162 4709 dignatum
3205 4645 3366 4713 jubet
3411 4650 3501 4706 ille

1912 4719 2163 4779 pulveris
2190 4719 2472 4788 quidpiam
2502 4736 2690 4777 secum
2718 4736 3002 4795 asportare
3048 4746 3115 4785 ac
3168 4735 3351 4791 redire
3398 4740 3501 4795 do-

1903 4822 2087 4861 mum:
2116 4824 2216 4862 nec
2242 4809 2569 4878 quidquam,
2593 4824 2824 4883 excepto
2852 4817 2977 4883 isto,
3006 4823 3193 4877 mandi
3218 4825 3503 4896 imponen-

1901 4898 2054 4951 dum.
2087 4897 2245 4964 Quod
2274 4908 2329 4953 et
2354 4901 2549 4954 sedulo
2570 4901 2718 4960 fecit.
2748 4904 2861 4961 Sub
2893 4910 3129 4978 primam
3163 4930 3295 4972 vero
3322 4926 3505 4978 noctis

1910 4990 2153 5059 quietem
2177 4990 2327 5045 visus
2356 4992 2406 5046 ei
2447 5002 2531 5047 est
2582 5001 2764 5052 astare
2794 4998 3052 5071 Symeon,
3116 5010 3213 5079 qui
3270 5012 3499 5069 salivam

1912 5083 2026 5137 oris
2057 5082 2167 5145 sui,
2199 5083 2313 5139 oris
2341 5100 2505 5154 quam
2546 5088 2833 5147 verissime
2864 5094 3039 5153 divini
3064 5112 3121 5155 et
3145 5102 3256 5159 Deo
3279 5121 3500 5179 semper

1909 5176 2299 5245 colloquentis,
2330 5177 2557 5234 dextera
2596 5196 2695 5237 sua
2735 5198 3048 5258 exceptam,
3080 5192 3229 5250 illius
3254 5176 3500 5256 dexterae

1908 5267 2211 5321 allinebat:
2249 5284 2361 5338 quo
2404 5270 2569 5338 facto,
2618 5275 2781 5330 simul
2836 5293 3004 5336 carne
3056 5285 3284 5353 obduci,
3332 5291 3496 5346 simul

1908 5359 2053 5429 pelle
2086 5360 2275 5417 vestiri
2304 5362 2371 5415 ad
2405 5379 2683 5419 summum
2714 5384 2888 5439 usque
2950 5376 3117 5430 medii
3160 5379 3315 5450 digiti
3369 5400 3501 5438 con~

1905 5453 2093 5525 dylum
2124 5456 2330 5524 ccepit:
2366 5456 2520 5512 visus
2551 5468 2736 5515 autem
2761 5474 2845 5517 εει
2876 5469 3146 5541 condylus
3210 5474 3312 5529 iste
3370 5492 3497 5530 cum

1896 5632 1990 5705 pro
2050 5624 2204 5686 parte
2264 5617 2532 5703 muliebri,
2579 5641 2747 5705 quam
2796 5630 2920 5698 quia
2954 5631 3163 5699 tangia
3206 5648 3498 5705 monacho,

1898 5693 2058 5741 etiam
2113 5704 2211 5778 per.
2245 5693 2509 5778 somnium
2563 5704 2610 5748 et
2650 5693 2922 5778 visionem,
2985 5693 3228 5761 indecens
3282 5693 3499 5778 luisset;

1898 5761 2211 5829 apparuerit
2244 5770 2478 5835 sanctus,
2530 5783 2635 5821 non
2686 5761 2737 5821 iit
2792 5761 3011 5843 propria
3070 5761 3500 5847 ερρεέείδεᾱςέ

1899 5830 2079 5884 habitu
2116 5830 2395 5884 chirurle

1938 5842 2079 5885 ιιιιιιιι
2116 5842 2380 5899 Chirurgi:
