4082 6476
678 420 816 483 3183

1881 419 1939 480 S.
1983 414 2351 477 SYMEONIS
2389 412 2747 475 JUNIORIS

3781 410 3911 473 313's

673 546 856 603 ungue
914 528 1132 593 cadere,
1201 536 1260 582 ut
1318 540 1516 598 nempe
1568 524 1839 581 secuturis
1899 526 2234 596 temporibus

2344 526 2490 589 σεῖν,
2559 523 2635 585 ὡς
2684 516 2823 576 εἶναι
2875 521 2971 574 καὶ
3030 520 3165 592 πρὸς
3218 522 3279 576 τὸ
3341 522 3538 594 μέλλον
3611 524 3912 595 ὑπόμνησιν

678 636 885 677 memor
911 620 1054 675 l'oret
1083 619 1518 689 intemperantia:
1573 633 1685 673 sua:
1737 617 1791 671 in
1832 617 2108 686 loquendo
2157 617 2239 671 ni-

672 712 832 776 miae;
858 718 912 763 et
938 708 1218 763 succrevit
1258 707 1454 777 unguis
1488 706 1633 760 alius
1666 706 1718 760 in
1754 712 2001 759 extremo
2087 705 2239 776 digiti

674 802 751 857 sic
790 801 1026 855 mutilati
1052 800 1305 855 articulo.
1339 796 1462 851 Hzee
1497 796 1660 860 visio,
1692 811 1815 850 cum
1843 796 2238 866 expergiscitur

672 893 861 955 homo,
889 908 977 946 res
1011 892 1136 954 fuit,
1168 907 1332 944 manu
1385 889 1534 943 omni
1574 904 1642 943 ex
1673 895 1827 957 parte
1887 889 2119 958 integra,
2156 888 2237 941 uti

674 980 935 1043 diximus.
958 981 1275 1033 essistente.
1308 977 1377 1033 Ut
1409 985 1594 1031 autem
1628 977 1891 1031 miraculo
1919 977 2239 1045 adjiciamus

676 1072 1020 1132 miraculum,
1046 1068 1236 1122 eadem
1269 1077 1453 1133 nocte,
1484 1084 1590 1137 qua
1626 1068 1740 1122 hare
1778 1068 1857 1121 illi
1906 1068 2239 1122 videbantur

671 1161 886 1215 actitari
917 1175 943 1213 a
980 1159 1269 1230 Symeone,
1314 1160 1429 1227 ipse
1491 1172 1711 1227 quoque
1756 1156 1993 1228 Symeon
2048 1164 2237 1226 raptus

673 1252 725 1304 in
760 1250 977 1319 spiritu,
1010 1265 1066 1304 se
1105 1250 1279 1318 ipsum
1299 1247 1489 1301 eadem
1531 1247 1872 1302 factitantem
1926 1245 2234 1315 conspicari

666 1339 819 1394 visus
841 1347 952 1401 est;
982 1336 1443 1407 quemadmodum
1475 1338 1613 1405 ipse,
1670 1336 1763 1406 qui
1796 1335 2056 1389 inecstasi
2108 1346 2236 1389 tunc

668 1433 969 1496 exstiterat,
1000 1430 1284 1500 discipulis
1312 1429 1542 1483 multum
1575 1428 1895 1498 rogantibus
1914 1428 2233 1493 declaravit;

667 1532 722 1578 et
768 1524 871 1578 iste
930 1537 1172 1593 quoque,
1244 1522 1337 1591 qui
1393 1520 1769 1577 incolumitate
1823 1520 2063 1575 donatus
2117 1528 2231 1575 erat

665 1615 964 1668 enarravit.

735 1708 859 1762 2l5.
903 1708 1101 1761 Verum
1137 1705 1268 1775 quid
1302 1705 1356 1759 in
1389 1720 1587 1760 vanum
1619 1704 1955 1769 laboramus,
1980 1702 2232 1760 conando

665 1798 848 1853 omnia
883 1798 1002 1867 ejus
1033 1806 1183 1866 gesta
1217 1796 1491 1865 explicare
1514 1796 1739 1851 verbis?
1782 1797 1914 1851 Erat
1943 1796 2096 1852 Surte
2121 1798 2229 1868 (57)

669 1885 835 1955 (quod
875 1894 960 1939 est
1004 1885 1264 1954 Oppidum
1316 1900 1382 1938 ex
1415 1886 1481 1938 iis
1531 1900 1699 1938 unum
1737 1902 1859 1954 qum
1896 1895 2028 1940 sunt
2069 1901 2233 1955 supra

665 1977 1022 2046 Euphratem)
1052 1976 1208 2030 miles
1235 1976 1479 2045 quidam,
1519 1976 1657 2029 bene
1686 1977 1863 2030 valida
1894 1986 1950 2031 et
2001 1976 2233 2047 juvenili

664 2077 823 2121 aetate
852 2067 1075 2131 ﬂorens,
1108 2082 1209 2121 nec
1238 2082 1348 2120 non
1382 2067 1577 2121 bellica
1603 2068 1805 2121 virtute
1853 2084 1917 2122 ac
1974 2069 2143 2122 rebus
2178 2068 2233 2121 in

652 2156 908 2208 omnibus
943 2155 1264 2209 dexteritate
1296 2155 1553 2209 eximius.
1585 2153 1890 2223 Aliquando
1918 2165 2097 2208 autem
2138 2168 2233 2208 ac-

651 2247 784 2301 ridil
819 2247 893 2299 illi
929 2246 1166 2299 lavatum
1198 2246 1370 2309 eunti,
1394 2248 1607 2301 obviam
1640 2246 1752 2299 ﬁeri
1789 2245 2010 2299 militem
2044 2246 2229 2310 alium,

651 2339 741 2405 qui
794 2338 983 2390 morbo
1037 2337 1294 2391 comitiali
1346 2338 1665 2399 laborabat,
1698 2353 1727 2391 e
1770 2337 1975 2391 balneis
2021 2352 2231 2391 exeun-

669 2438 799 2481 tem.
836 2426 1196 2481 Abominatus
1228 2426 1319 2479 ille
1347 2425 1628 2479 hominem
1658 2426 1998 2495 gravissime,
2060 2428 2235 2483 inter-

666 2519 817 2577 dicit.
847 2534 916 2573 ne
945 2520 1137 2573 eodem
1170 2517 1431 2586 deinceps
1460 2532 1645 2571 secum
1672 2517 1867 2573 balneo
1907 2530 2112 2582 utatur,
2142 2528 2237 2574 aut

667 2611 892 2665 omnino
923 2626 1108 2665 set-um
1155 2611 1541 2679 congrediatur
1578 2611 1812 2680 uspiam.
1859 2611 2129 2680 ingemuit
2167 2610 2234 2665 ad

663 2702 784 2755 hac
807 2701 973 2755 miser
1007 2702 1061 2755 in
1085 2700 1452 2755 amaritudine
1491 2701 1675 2755 cordis
1699 2702 1783 2755 sui
1810 2720 1822 2754 :
1858 2703 2087 2756 morbus
2104 2717 2234 2756 vero

665 2794 784 2863 ejus
822 2793 1006 2861 (quam
1028 2792 1613 2859 incomprehensibilia
1640 2793 1922 2861 sapientiae
1950 2802 2056 2846 tua:
2088 2793 2235 2861 judi-

664 2883 769 2944 cia.
802 2883 1086 2951 Domine!)
1128 2883 1279 2936 dicto
1310 2882 1472 2937 citius
1504 2882 1559 2935 in
1604 2883 1835 2936 alterum
1868 2884 2106 2938 transiit.
2144 2884 2233 2938 ln-

668 2984 979 3029 tumcscunt
1009 2976 1177 3043 igitur
1200 2975 1342 3027 intra
1373 2974 1619 3029 triduum
1650 2974 1726 3029 illi
1765 2989 1959 3029 carnes
2013 2982 2070 3030 ct
2126 2974 2234 3028 dif-

664 3064 863 3122 ﬂuunt.
892 3064 1209 3117 immutatur
1237 3063 1431 3122 forma.
1464 3074 1705 3119 arctatur
1738 3066 1997 3134 spiritus;
2062 3064 2235 3133 ﬂtque

666 3154 931 3209 habitudo
981 3156 1252 3210 contraria
1319 3157 1486 3211 totius
1525 3158 1794 3227 corporis,
1856 3159 2053 3229 exiguo
2095 3165 2236 3211 tem-

666 3264 799 3317 pore
835 3249 989 3317 quasi
1024 3249 1077 3302 in
1109 3248 1453 3317 putredinem
1491 3249 1658 3303 versi.
1686 3248 2019 3304 Medicorum
2046 3264 2241 3303 manus

660 3332 891 3395 etartcs
922 3344 1032 3409 jam
1060 3340 1356 3409 stupebant
1399 3340 1663 3398 defessm;
1725 3356 1851 3397 cum
1913 3341 2124 3395 homini
2159 3341 2239 3396 sic

661 3430 931 3487 destituto
983 3429 1296 3500 desperatio
1339 3431 1451 3500 ipsa
1495 3432 1747 3485 sanitatis
1804 3432 1873 3485 ab
1917 3431 2239 3487 hominibus

662 3521 1084 3592 consequentiae.
1120 3522 1445 3576 mirabiliter
1483 3521 1591 3575 dux
1627 3523 1682 3576 lit
1714 3522 1781 3577 ad
1836 3523 2103 3578 salutem:
2143 3538 2238 3578 co-

664 3629 932 3683 gnoscens
960 3614 1109 3668 enim
1137 3614 1390 3684 castigari
1426 3627 1485 3668 se
1516 3628 1546 3667 a
1598 3614 1711 3667 Deo
1746 3626 1971 3684 propter
2032 3617 2237 3671 illatam

668 3705 912 3774 proximo
938 3720 1038 3759 suo
1066 3705 1457 3759 contumeliam
1482 3747 1492 3768 ,
1523 3705 1589 3758 ad
1618 3705 1773 3759 illum
1794 3705 2087 3777 confugere
2137 3708 2233 3762 de-

670 3796 868 3860 cernit,
895 3811 923 3848 a
957 3811 1067 3865 quo
1094 3796 1430 3865 vapulabat:
1481 3796 1765 3865 soliusque
1787 3811 1906 3851 esse
1941 3798 2059 3863 Dei,
2088 3796 2235 3867 quod

668 3886 971 3941 immiserat
996 3885 1289 3957 ﬂagellum,
1318 3900 1624 3941 removere.
1655 3886 1746 3941 Sic
1776 3888 2016 3942 animato
2061 3889 2234 3943 astitit

664 3979 884 4047 aliquis,
928 3976 1113 4031 divina
1143 3976 1297 4046 quasi
1340 3976 1615 4047 legatione
1648 3977 1866 4042 missus,
1901 3977 1994 4047 qui
2027 3978 2237 4032 :Tran-

666 4070 733 4133 si,
773 4069 971 4137 inquit,
1006 4070 1061 4122 in
1084 4077 1323 4121 montem
1352 4066 1657 4122 Mirabilem
1715 4068 1782 4121 ad
1827 4068 2090 4123 famulum
2139 4068 2232 4124 Dei

666 4162 989 4232 Symeonem
1018 4177 1031 4213 :
1063 4160 1153 4213 ille
1180 4146 1469 4214 doloribus
1502 4162 1609 4214 tuis
1639 4160 1969 4215 medebitur.
2011 4162 2235 4218 Talibus

667 4257 758 4310 ille
786 4254 947 4310 dictis
994 4253 1360 4311 inﬂammatus
1418 4257 1607 4319 corde,
1676 4256 2054 4325 promissaque
2115 4268 2231 4310 rata

669 4347 945 4411 habens,a
978 4346 1299 4401 domesticis
1330 4347 1397 4401 ad
1426 4355 1678 4401 sanctum
1729 4356 2012 4416 portatur:
2050 4356 2103 4400 et
2139 4348 2232 4416 qui

664 4454 843 4507 nuper
869 4449 976 4492 tam
1000 4452 1300 4508 generosus
1326 4446 1445 4492 erat
1471 4452 1532 4491 ac
1562 4437 1827 4501 fervidus,
1866 4438 2234 4508 prosternitur

2340 615 2532 685 ἐκείνῳ
2564 614 2664 684 τῆς
2694 614 2897 685 πολλῆς
2926 615 3055 686 περὶ
3085 614 3333 682 γλῶτταν
3382 617 3706 680 ἀκολασίας,
3750 617 3911 685 ὄνυχα

2337 706 2393 760 δὲ
2437 708 2701 776 ἀναϐῆναι
2740 707 2897 762 ἄλλον
2942 709 3033 760 ἐπὶ
3081 708 3461 779 τδθέχόμενον
3514 708 3610 761 τοῦ
3664 709 3910 762 κονδύλου

2338 797 2556 869 ἄρθρον.
2604 799 2714 868 Τὴν
2757 799 2855 867 μὲν
2899 796 2991 853 οὖν
3034 800 3155 869 δψιν
3200 800 3574 854 διυπνισθέντι
3624 800 3705 869 τῷ
3763 800 3911 869 ἀνδρὶ

2338 886 2497 955 ἔργον
2524 884 2683 951 εἶναι,
2722 887 2813 939 καὶ
2855 888 2954 956 τὴν
3004 890 3157 957 χεῖρα
3192 887 3359 954 ὑγιῶς
3390 888 3466 951 ὡς
3501 889 3717 957 ἔφημεν
3751 888 3911 957 ἔχειν·

2340 979 2424 1030 ἵνα
2502 976 2560 1029 δὲ
2637 976 2716 1047 τῷ
2779 977 3020 1047 θαύματι
3080 977 3265 1047 Θαῦμα
3314 979 3673 1048 προσθῶμεν,
3740 980 3906 1053 ταῦτα

2336 1070 2547 1142 δρῶντα
2581 1070 2671 1122 τὸν
2700 1068 2951 1139 Συμεὼν,
2986 1065 3056 1141 ἦν
3076 1070 3175 1139 τῆς
3199 1070 3389 1132 νυκτὸς
3414 1072 3636 1141 ἐκείνης
3674 1072 3808 1141 ὁρᾷν
3833 1069 3909 1139 τῷ

2338 1161 2604 1230 πνεύματι
2626 1160 2839 1223 ἑαυτὸν,
2864 1157 2953 1213 οἵα
2986 1162 3222 1232 κάκείνῳ
3251 1163 3575 1216 συνεϐαινεν
3599 1181 3618 1195 ο
3642 1163 3719 1225 ὡς
3749 1164 3907 1226 αὐτός

2336 1270 2395 1306 τε
2438 1256 2549 1316 τοῖς
2588 1252 2859 1322 μαθηταῖς
2887 1254 3071 1320 ὀφθεὶς
3102 1255 3160 1305 ὲν
3205 1257 3459 1309 ἐκστάσει
3513 1256 3637 1308 τότε
3686 1270 3909 1323 γεγενηο

2341 1344 2520 1414 μένος,
2548 1344 2717 1397 πολλὰ
2750 1344 3020 1413 δεηθεῖσιν
3068 1346 3392 1416 ἀπήγγειλε,
3431 1346 3528 1400 καὶ
3551 1348 3579 1400 ὀ
3605 1346 3707 1416 τῆς
3746 1345 3902 1417 Bap:-

2338 1437 2497 1501 πείας
2521 1431 2699 1505 τυχὼν
2725 1436 3051 1507 ἐξηγήσατο.

2408 1711 2522 1757 σιε’.
2554 1703 2713 1759 Ἀλλὰ
2740 1704 3054 1775 μέχριτίνος
3067 1703 3369 1775 ἀμηχάνοις
3388 1703 3799 1776 ἐπιχειροῦμεν,
3826 1703 3909 1759 λό-

2335 1812 2416 1864 γῳ
2455 1795 2522 1848 τὰ
2558 1796 2765 1849 ἐκείνου
2787 1797 3058 1849 διαλαδεῖν
3083 1796 3317 1865 καθεξῆς
3339 1798 3518 1850 πάντα
3540 1796 3870 1867 πειρώμενοι
3891 1814 3905 1861 ;

2263 1864 2308 1923 Β
2336 1880 2444 1940 Ἠν
2462 1902 2545 1948 τις
2574 1888 2629 1938 ὲν
2661 1887 2879 1957 Σουροῖς
2906 1889 3242 1957 στρατιώτης
3267 1864 3565 1954 (πολίχνιον
3586 1864 3651 1940 δέ
3667 1864 3737 1941 τι-
3760 1888 3909 1941 τοῦτο

2334 1974 2443 2027 τῶν
2494 1973 2979 2044 Ἐπευφρατιδίων)
3008 1970 3066 2027 εὖ
3110 1975 3208 2043 μὲν
3247 1975 3501 2043 νεότητός
3552 1993 3612 2028 τε
3660 1977 3752 2029 καὶ
3794 1976 3905 2045 ἠλι-

2334 2064 2478 2125 κίας,
2510 2062 2571 2115 εὖ
2604 2065 2659 2116 δὲ
2693 2064 2791 2132 τῆς
2820 2066 2957 2117 κατὰ
2986 2064 3217 2133 πόλεμον
3246 2065 3468 2134 ἀρετῆς,
3500 2067 3598 2119 καὶ
3627 2068 3757 2135 περὶ
3781 2067 3908 2119 πὰν-

2333 2169 2399 2205 τα
2414 2152 2718 2223 δεξιότητος
2746 2154 2900 2223 ἔχων.
2933 2154 3067 2207 Ποτὲ
3090 2154 3221 2222 γοῦν
3253 2155 3418 2207 αὑτοῦ
3444 2156 3583 2225 πρός
3609 2174 3662 2209 τι
3682 2156 3899 2225 λουτρὸν

2335 2243 2610 2306 ἀπιόντος,
2650 2244 2846 2315 συνέϐη
2874 2244 2983 2297 τῶν
3018 2246 3361 2315 στρατιωτῶν
3392 2262 3535 2303 τινα.
3572 2247 3671 2309 τὰς
3703 2249 3904 2315 σάρκας

2335 2336 2441 2389 ὑπὸ
2486 2338 2582 2405 τῆς
2625 2339 2777 2405 ἱερᾶς
2805 2338 2963 2390 νόσου
2998 2338 3396 2407 λελωϐημένον,
3430 2339 3647 2391 ἐκεῖθεν
3674 2340 3902 2403 ἐξιόντα,

2336 2426 2415 2488 είς
2472 2428 2798 2496 συνάντησιν
2857 2427 3006 2497 αὐτῷ
3056 2428 3413 2496 καταστῆναι.
3475 2430 3583 2482 Τοῦ
3625 2430 3685 2482 δὲ
3724 2431 3905 2493 δεινῶς

2340 2516 2724 2589 μυσαχθέντος,
2753 2518 2847 2570 καὶ
2880 2519 3017 2586 μήτε
3067 2518 3363 2585 βαλανείων
3387 2520 3539 2589 αὐτῷ
3567 2521 3663 2573 τοῦ
3703 2522 3904 2583 λοιποῦ,

2339 2604 2475 2671 μήτε
2506 2603 2797 2672 διατριόῶν
2830 2608 3105 2657 κοινωνεῖν
3139 2607 3632 2675 παραγγείλαντος,
3664 2611 3902 2673 στενάζει

2338 2694 2435 2762 μὲν
2466 2695 2523 2746 ἐν
2554 2695 2747 2765 πικρίᾳ
2766 2695 2942 2764 ψυχῆς
2975 2699 3201 2757 ἐκεῖνος,
3235 2699 3293 2750 τὸ
3318 2698 3374 2749 δὲ
3413 2698 3583 2761 πάθος
3607 2699 3673 2768 (ὦ
3688 2702 3796 2751 τῶν
3823 2705 3908 2753 αν-

2334 2783 2569 2851 εφίκτων
2594 2802 2711 2848 σου,
2738 2786 2999 2846 Δέσποτα,
3030 2787 3127 2853 τῆς
3146 2788 3334 2855 σοφίας
3358 2791 3695 2858 χριμάτωνί)
3714 2792 3906 2853 εὐθέως

2335 2875 2424 2927 ἐπ’
2451 2875 2612 2927 αὐτὸν
2659 2876 3023 2944 μεταπίπτει·
3066 2880 3159 2930 καὶ
3180 2878 3436 2931 διοιδοῦσι
3470 2880 3570 2948 μὲν
3598 2881 3706 2931 ἔσω
3748 2880 3906 2951 τριῶν

2335 2965 2560 3036 ἡμερῶν
2594 2966 2650 3019 αἱ
2678 2969 2877 3036 σάρκες
2914 2966 2991 3037 τῷ
3024 2970 3329 3040 στρατιώτῃ
3372 2970 3465 3023 καί⁵
3493 2972 3903 3041 καταρρέουσαν,

2337 3056 2649 3109 ἀλλοιοῦται
2678 3056 2734 3109 δὲ
2765 3059 2797 3128 ἠ
2834 3058 2991 3125 πνοὴ.
3021 3060 3113 3110 καὶ
3137 3061 3217 3123 είς
3245 3061 3344 3131 τὴν
3371 3063 3623 3114 ἐναντίαν
3651 3063 3711 3114 τὸ
3754 3063 3905 3131 σῶμα

2266 3192 2307 3250 C
2344 3146 2667 3216 μεταϐάλλει
2696 3147 2828 3213 ἕξιν,
2866 3149 3075 3215 σαπρία
3101 3151 3162 3201 τδ
3188 3152 3297 3204 πᾶν
3331 3154 3387 3203 ὲν
3418 3153 3584 3223 ὀλίγῳ
3616 3153 3905 3224 γεγενημέ·

2344 3240 2525 3307 μένον.
2569 3238 2795 3309 ’ἰατροῖς
2826 3238 2925 3307 μὲν
2957 3235 3051 3294 οῦν
3099 3241 3198 3311 ἤδη
3230 3244 3323 3294 καὶ
3360 3246 3544 3313 χεῖρες
3583 3248 3679 3297 καὶ
3726 3248 3906 3314 τέχναι

2343 3327 2529 3395 σαφῶς
2574 3329 2949 3399 ἀπειρήκεσαν
2973 3345 2989 3360 σ
3024 3329 3101 3399 τῷ
3138 3330 3213 3395 δὲ,
3245 3334 3277 3400 ὴ
3311 3333 3367 3397 ἐξ
3414 3332 3723 3403 ἀνθρώπων
3750 3335 3906 3403 θερα-

2343 3419 2502 3479 πείας
2560 3420 2890 3486 ἀπόγνωσις,
2920 3420 3108 3490 ὀδηγὸς
3154 3423 3475 3493 παραδόξως
3508 3426 3591 3487 είς
3640 3426 3907 3495 σωτηρίαν

2339 3509 2545 3577 γίνεται
2579 3513 2672 3563 καὶ
2701 3512 2968 3565 παιδείαν.
3002 3509 3155 3566 Εἶναι
3187 3514 3322 3566 Θεοῦ
3352 3515 3413 3567 τὸ
3446 3519 3677 3585 πρᾶγμα
3708 3519 3903 3581 συνεὶς.

2338 3591 2427 3651 δὲὰ
2469 3598 2561 3651 τὸν
2613 3600 2693 3663 είς
2735 3600 2827 3653 τὸν
2878 3601 3108 3672 πλησίον
3159 3603 3482 3671 ὀνειδισμὸν,
3514 3605 3652 3674 πρὸς
3708 3608 3905 3659 ἐκεῖνον

2339 3681 2479 3754 ἔγνω
2524 3690 2883 3755 καταφυγεῖν,
2908 3688 3039 3760 παρ’
3077 3684 3138 3743 οὗ
3204 3690 3297 3742 καὶ
3342 3694 3375 3762 ἠ
3432 3694 3653 3748 παιδεία
3680 3712 3696 3726 ο
3754 3698 3904 3763 μόνον

2336 3780 2447 3850 γὰρ
2478 3776 2617 3834 εἶναι
2644 3779 2743 3851 τὴν
2774 3781 2981 3851 ταύτης
3015 3780 3167 3834 λύσιν
3201 3781 3360 3845 Θεοῦ,
3384 3782 3479 3837 τοῦ
3522 3788 3618 3837 καὶ
3658 3787 3758 3857 τὴν
3787 3805 3903 3842 1m-

2340 3872 2492 3925 δείαν
2534 3872 2927 3940 ἱπαγαγόντος.
2959 3872 3146 3935 Οὖτως
3211 3874 3389 3943 ἔχοντι
3445 3878 3785 3945 παρίσταταί
3830 3896 3905 3943 τις

2338 3962 2507 4033 αὐτῷ,
2536 3962 2785 4033 καθάπερ
2846 3962 2912 4015 ἐκ
2951 3980 3094 4027 τινος
3141 3963 3290 4027 Θείας
3338 3966 3672 4035 ἀποστολῆς,
3700 3969 3779 4034 δς,
3813 3969 3906 4022 Πο-

2341 4056 2497 4124 ρεύου
2540 4056 2693 4124 παρὰ
2743 4054 2802 4107 τὸ
2848 4054 3162 4125 Θαυμαστὸν
3189 4054 3314 4124 δρος
3340 4058 3435 4108 ἐπὶ
3465 4058 3558 4110 τὸν
3588 4058 3774 4112 δοῦλον
3819 4059 3901 4113 τοῦ

2335 4145 2470 4199 Θεοῦ
2500 4146 2745 4216 Συμεὼν,
2780 4146 2906 4215 ἔψη,
2938 4148 3143 4209 ἐκεῖνος
3169 4145 3311 4209 ἴασις
3332 4146 3432 4215 τῆς
3464 4151 3731 4217 μάστιγος
3764 4153 3901 4205 ἔσται

2338 4255 2442 4292 σοι.
2479 4237 2537 4290 '0
2562 4238 2617 4291 δὲ
2651 4238 2785 4307 πρὸς
2827 4237 2889 4290 τὸ
2930 4238 3081 4308 ῥῆμα
3123 4240 3225 4307 τὴν
3281 4240 3511 4309 καρδίαν
3566 4242 3899 4312 ἀναφλεγεὶς,

2313 4335 2516 4385 ἠπίστει
2548 4348 2604 4384 τε
2640 4331 2852 4402 μεγάλῃ
2918 4330 3077 4382 τοῦτο
3126 4329 3457 4400 δεξάμενος,
3504 4334 3899 4403 ἀνακομίζεται

2340 4422 2478 4494 πρὸς
2524 4423 2683 4475 αὑτὸν
2735 4422 2839 4475 ὑπ’)
2886 4422 2994 4474 τῶν
3033 4421 3285 4474 οἰκείων·
3323 4422 3418 4475 καὶ
3451 4424 3481 4476 ὁ
3521 4425 3717 4494 πρώην
3751 4427 3898 4488 καλὸς

663 4529 731 4583 ad
764 4528 933 4598 pedes
966 4529 1133 4595 illius,
1164 4527 1381 4582 nemine
1424 4543 1532 4581 non
1584 4528 2014 4581 miserior.Tum
2040 4544 2231 4599 magna

2337 4513 2544 4575 ἐκεῖνος
2584 4512 2675 4564 καί
2717 4509 2955 4580 ζηλωτὸς
2989 4510 3240 4579 ῥίπτεται
3280 4510 3388 4579 πρὸ
3421 4510 3611 4575 αὑτοῦ,
3645 4512 3789 4575 τίνος
3814 4514 3900 4565 οὐ).

663 4625 963 4689 derepente
998 4620 1051 4671 vi
1081 4617 1386 4687 sanguinis,
1419 4617 1570 4670 velut
1599 4632 1799 4670 arcana
1844 4617 2077 4687 quadam
2110 4619 2229 4673 chi-

663 4710 846 4778 rurgia
871 4724 935 4762 ex
957 4708 1216 4762 omnibus
1243 4722 1381 4776 pene
1409 4707 1672 4760 membris
1696 4707 2050 4771 scaturiente,
2080 4708 2229 4760 laxa-

664 4808 751 4849 tus
786 4795 863 4847 illi
898 4796 1097 4849 iterum
1150 4795 1399 4864 Spiritus,
1460 4805 1720 4849 renovata
1778 4812 1928 4857 caro,
1979 4798 2231 4849 restituta

660 4890 869 4951 l‘orma,
915 4896 1174 4955 totusque
1224 4884 1404 4939 tribus
1460 4886 1685 4938 omnino
1754 4884 1953 4939 diebus
1997 4885 2232 4954 pristino

662 4979 825 5035 statui
862 4978 1174 5032 vindicatus
1196 4987 1299 5032 est.
1333 4976 1587 5046 Denique
1612 4977 1854 5045 acceptis
1907 4975 2179 5029 mandatis
2203 4990 2234 5028 a

658 5081 872 5136 sancto,
894 5086 963 5124 ne
992 5070 1179 5124 divina
1211 5069 1477 5137 deinceps
1502 5077 1895 5137 aspernaretur
1937 5074 2235 5137 praecepta,

660 5162 1089 5231 autproximum
1122 5160 1393 5214 conviciis
1418 5168 1703 5223 oneraret,
1748 5158 1959 5228 integre
2011 5167 2236 5213 sanatus

661 5252 884 5307 domum
917 5253 1155 5321 repetiit.

2337 4604 2717 4673 ἀθλιώτερος;
2773 4602 3012 4670 Αἵματος
3066 4602 3245 4654 τοίνυν
3308 4603 3368 4668 ἐξ
3436 4603 3604 4657 αὐτοῦ
3664 4605 3899 4672 καθάπερ

2338 4697 2553 4764 ἀθεάτῳ
2599 4696 2705 4746 τινὶ
2756 4693 3076 4763 χειρουργίᾳ
3112 4732 3127 4754 ,
3163 4692 3252 4745 διὰ
3287 4695 3508 4745 πάντων
3558 4694 3754 4764 μικροῦ
3805 4695 3898 4747 τῶν

2347 4788 2523 4860 μελῶν
2578 4786 2772 4855 ἀθρόον
2823 4785 3239 4849 ἐκκενωθέντος,
3273 4787 3371 4856 τήν
3400 4802 3459 4838 τε
3499 4785 3667 4856 πνοὴν
3712 4788 3897 4843 ἀνεῖτο.

2339 4883 2433 4934 καὶ
2464 4880 2559 4951 τὴν
2607 4881 2784 4948 σάρκα
2831 4877 3141 4930 κεκαίνιστο
3169 4879 3302 4929 ’καὶ
3348 4878 3381 4946 ἡ
3432 4878 3617 4947 μορφὴ
3668 4878 3727 4927 ὲν
3770 4877 3898 4944 τρισὶ

2340 4977 2457 5035 ταῖς
2484 4974 2684 5035 πάσαις
2734 4968 2971 5040 ἡμέραις
3014 4970 3093 5030 είς
3142 4968 3241 5037 τὴν
3284 4969 3557 5038 προτέραν
3613 4968 3893 5021 ἀποκαοειο

2338 5060 2522 5129 στήκει
2563 5058 2704 5126 ὄψιν.
2757 5058 2817 5109 'U
2846 5056 2942 5125 μὲν
2971 5050 3064 5108 οὖν
3086 5056 3307 5118 ἐντολὰς
3344 5058 3497 5125 παρᾶ
3546 5054 3640 5108 τοῦ
3686 5055 3897 5125 Συμεὼν

2334 5147 2533 5212 λαϐὼν,
2560 5147 2784 5199 ἐντολῶν
2819 5148 3017 5216 μηκέτι
3045 5144 3204 5197 θείων
3236 5145 3523 5215 ὀλιγωρεῖν
3559 5184 3575 5208 ,
3610 5146 3747 5214 μηδὲ
3773 5147 3894 5197 ὀνει-

2333 5236 2523 5306 δισμὸν
2580 5235 2877 5304 λαμϐάνειν
2936 5236 3027 5286 ἐπὶ
3068 5236 3179 5297 τοῖς
3241 5233 3482 5303 ἔγγιστα
3529 5234 3723 5302 αὐτοῦ,
3756 5235 3894 5305 ὑγιὴς

2332 5326 2474 5384 τέλος
2497 5328 2676 5381 οἴκαδε
2712 5327 2957 5397 ἐπανῄει.

2073 5450 2294 5506 CAPUT
2333 5447 2548 5503 XXVII.

1329 5546 1542 5601 Occulta
1591 5554 1803 5619 peccata
1855 5548 2082 5616 cognita.
2128 5544 2370 5599 Aliorum
2415 5541 2908 5595 contumeliosarum
2950 5540 3249 5609 castigatio.

730 5658 853 5711 ριν.
897 5653 1221 5709 Theodorus
1247 5654 1467 5722 quidam
1503 5656 1846 5719 scriniarins,
1877 5654 2099 5708 natione
2125 5654 2235 5707 An-

2414 5657 2544 5715 σις’.
2568 5651 2836 5719 Θεόδωρος
2861 5649 2918 5700 δέ
2950 5666 3030 5711 τις
3056 5648 3410 5718 σκρινιὰριος,
3434 5648 3493 5701 τδ
3520 5649 3679 5717 γένος
3719 5648 3895 5702 Ἀντιο-

735 5794 843 5864 ίῦἴι
874 5794 1031 5858 Sura,
1057 5791 1225 5861 Syria'
1247 5792 1623 5862 Euphratesiw
1666 5794 1850 5846 civitas
1884 5791 2211 5863 ερὶεεοριίὶε,
2243 5791 2304 5845 ab
2337 5791 2613 5845 Antiochia
2647 5796 2846 5842 remota
2870 5786 2975 5843 250
3003 5802 3054 5857 p.
3091 5801 3163 5840 tn.
3205 5794 3299 5841 aut
3328 5785 3586 5859 ampiius.
