4082 6454
190 349 346 439 (ἔδεε

1202 375 1372 436 νιΤΑ
1413 377 1457 435 Α
1496 374 1931 437 NICEPHORO
1967 376 2443 438 CONSCRIPTA.

3325 368 3463 430 3136

193 475 332 548 χώς
362 475 541 547 λέπρᾳ
573 475 632 528 τὸ
671 474 777 528 πᾶν
803 475 1091 545 ἑξηνθήκει
1138 477 1319 548 σῶμα.
1357 470 1526 541 Οὗτος
1569 479 1787 546 ἀπάσης

1892 477 2180 533 tiocbenus
2220 477 2355 546 (58),
2391 477 2540 546 lepra
2574 474 2821 530 scatebat
2851 481 2977 530 toto
3001 487 3229 543 corpore
3261 491 3274 526 :
3308 489 3464 527 cum-

194 567 478 635 ἀπογνοὺς
521 566 837 637 θεραπείας,
869 563 956 619 οἷα
993 566 1088 619 καὶ
1122 568 1304 637 πάσης
1350 567 1519 636 αὐτῆς
1556 569 1691 636 πρὸς
1724 567 1784 620 τὸ

196 659 378 724 πάθος
407 657 801 728 ἀπειρηκυίας,
831 657 925 710 καὶ
968 656 1212 727 μείζονος
1247 657 1446 726 ίατρῶν
1475 658 1570 710 καὶ
1602 657 1783 729 χειρὸς

195 749 300 804 καὶ
324 751 520 819 τέχνης
545 748 735 802 τούτου
771 749 1159 816 γεγενημένου,
1191 749 1342 818 παρὰ
1369 748 1460 802 τὸν
1501 747 1645 801 θετον
1684 749 1785 800 Συ-

197 841 356 912 μεὼν
408 839 763 909 καταφεύγει.
807 839 895 902 Ὠς
943 840 1008 893 ἂν
1051 840 1108 892 δὲ
1158 840 1293 910 πρὸς
1335 839 1554 892 πλείονα
1598 840 1785 893 τοῦτον

194 929 551 998 ἐπαγάγηται
602 923 803 991 οἶκτον,
849 928 989 995 ἔγνω
1021 927 1261 981 τοιοῦτον
1308 927 1515 997 ῑνδυμα
1563 927 1785 996 περιθέ-

196 1021 356 1085 σθαι,
386 1021 460 1082 ὠς
497 1019 735 1090 εὐχερῶς
781 1018 924 1088 ἔχειν
965 1018 1239 1083 ὑποδεῖξαι
1279 1020 1640 1088 γυμνώσαντα
1685 1017 1784 1086 τὴν

195 1111 416 1182 λέπραν
440 1111 653 1179 ἐκείνῳ.
688 1097 1084 1180 Αἰσχυνόμενος
1110 1111 1290 1163 τοίνυν
1323 1110 1414 1163 ἐπὶ
1447 1109 1556 1162 τῶν
1585 1110 1787 1181 παρόν-

192 1219 311 1256 των
353 1200 657 1269 ἐκκαλύψαι
717 1202 816 1270 τὴν
865 1201 1064 1271 σάρκα,
1098 1200 1290 1271 καιρὸν
1328 1195 1395 1271 ἦν
1424 1202 1624 1252 οἰκεῖον
1662 1204 1785 1252 ἐπιο

196 1295 510 1366 φυλάττων.
547 1296 725 1364 Ὅπερ
754 1293 910 1363 δῆλον
941 1297 1053 1358 τοῖς
1091 1295 1186 1348 τοῦ
1230 1295 1538 1364 πνεύματος
1579 1295 1783 1364 ὀφθαλ-

178 1390 328 1458 μοῖς
377 1387 456 1457 τῷ
507 1386 731 1456 Συμεὼν
785 1386 1006 1454 γεγονός
1033 1403 1046 1416 ·
1102 1388 1261 1452 Εἰπὲ,
1301 1387 1510 1454 τέκνον,
1556 1389 1786 1442 ἐπὶτῶν

195 1480 509 1550 παρόντων,
546 1480 678 1551 φησὶ
707 1480 842 1550 πρὸς
868 1481 1050 1546 αὑτὸν,
1080 1481 1203 1534 ὅτου
1225 1482 1385 1551 χάριν
1412 1482 1677 1553 ἐλήλυθας
1707 1485 1788 1546 είς

195 1572 373 1645 ἡμᾶς.
407 1570 467 1624 '0
512 1570 568 1623 δὲ
615 1570 987 1638 καταπλαγεὶς
1017 1571 1110 1644 τῷ
1156 1572 1444 1643 παραδόξῳ
1472 1573 1573 1643 τῆς
1601 1573 1785 1638 διορά-

199 1678 344 1724 σεως
365 1678 380 1693 ·
413 1662 560 1724 ὅπως
591 1660 620 1712 δ
662 1660 922 1729 κρύπτων
948 1657 1016 1732 ἦν
1044 1664 1124 1726 είς
1150 1664 1379 1733 καρδίαν
1421 1659 1595 1727 οὗτος,
1632 1664 1787 1717 τοῦτο

197 1751 336 1821 παρ’
381 1751 546 1804 αὐτοῦ
589 1752 838 1819 ἀκηκόει,
871 1750 1050 1806 πᾶσαν
1091 1753 1254 1817 εὐθὺς
1283 1753 1417 1808 «tam
1453 1756 1781 1826 ἀπορρίψας,

197 1843 498 1913 γυμνώσας
532 1843 722 1896 ἑαυτὸν
747 1845 1035 1898 ὑπεδείκνυ
1063 1863 1074 1876 ·
1104 1847 1200 1898 καὶ
1239 1847 1298 1909 ὃς
1336 1847 1435 1918 τὴν
1466 1848 1656 1918 βαῖνην
1687 1851 1786 1919 ῥά-

197 1931 326 1985 ϐδον
353 1931 554 1997 λαϐὼν,
590 1933 685 1984 καὶ
723 1932 895 2004 ταύτῃ
921 1933 1013 1985 τὸν
1051 1933 1222 2005 ἄνδρα
1247 1936 1783 2005 σφραγίσαςδᾼπελ-

199 2023 312 2076 θὼν
346 2023 494 2093 παρά
522 2023 581 2075 τὸ
605 2023 885 2093 Τιϐερίνου
918 2013 1469 2094 βαλανεῖον,’λοῦσαι,
1502 2027 1626 2095 ἔφη,
1664 2043 1787 2080 συν-

202 2112 501 2166 απολούσει
537 2113 646 2183 γὰρ
677 2115 794 2166 ἐκεῖ
825 2113 919 2167 καὶ
950 2115 1048 2183 τὴν
1077 2115 1305 2185 λέπραν,
1342 2109 1529 2186 Οὗπερ
1559 2117 1632 2180 ώς
1663 2119 1789 2172 ἐκέ-

205 2203 370 2257 λευσε
399 2205 702 2274 γεγονότος,
734 2203 891 2275 ὑγιὴς
913 2205 1142 2270 ἐκεῖθεν,
1173 2204 1219 2258 ὣ
1247 2205 1554 2275 παραδόξου
1579 2206 1780 2278 θαύμα-

197 2299 327 2362 τοςι
357 2299 385 2350 ό
413 2297 611 2368 λεπρὸς
639 2298 932 2369 ἐπανήκει.

275 2387 400 2452 σις’.
425 2389 650 2460 ’Έτερός
675 2406 758 2451 τις
789 2389 849 2453 ὲξ
888 2390 1219 2459 Ἀντιοχείας
1254 2391 1346 2446 καὶ
1374 2391 1478 2444 τῶν
1508 2392 1788 2461 ἐπιφανῶν

202 2477 544 2549 παραϐάλλει
575 2479 652 2549 τῷ
687 2480 886 2550 στόλῳ,
930 2480 1055 2551 άρτι
1118 2482 1227 2536 τῶν
1281 2483 1638 2552 μνημοσύνων
1689 2487 1788 2556 τῆς

201 2573 355 2643 ίερᾶς
383 2571 476 2624 τοῦ
524 2572 668 2624 όσίου
714 2573 920 2643 μητρὸς
957 2573 1115 2643 ίερῶς
1137 2575 1440 2644 ἀγομένων.
1483 2577 1539 2630 '0
1571 2577 1670 2647 μὲν
1695 2573 1788 2632 οὖν

197 2666 394 2734 καιρὸς
421 2665 452 2734 ὴ
485 2664 606 2718 θεία
645 2665 1004 2732 μυσταγωγία
1030 2662 1117 2736 ἦν,
1147 2661 1215 2736 ἦς
1255 2669 1556 2739 αὐτουργὸς
1584 2671 1788 2734 ἐκεῖνος

200 2749 502 2820 ἐτύγχανεν
534 2749 628 2804 ῶν.
678 2750 736 2804 Ὀ
774 2751 831 2804 δὲ
866 2753 1113 2808 σπεύδων
1161 2755 1372 2810 ἐκεῖθεν
1407 2758 1783 2828 ἀναχωρῆσαι,

197 2839 345 2905 ἀξιοί
371 2840 478 2893 τῶν
517 2839 775 2910 μαθητῶν
805 2840 922 2907 ἕνα,
953 2835 1062 2911 ᾦγε
1092 2843 1323 2914 σύνηθες
1347 2847 1682 2916 είσκομίζειν
1712 2848 1788 2919 τῷ

197 2932 345 2999 ἁγίῳ
373 2932 471 2994 τὰς
507 2931 786 3000 ἀγγελίας,
818 2935 1045 3003 ταχινὴν
1074 2934 1223 3003 αὐτῷ
1261 2937 1512 3003 γενέσθαι
1544 2938 1640 3008 τὴν
1660 2938 1787 2994 τῶν

201 3021 522 3093 μυστηρίων
579 3022 907 3094 μετάληψινο
969 3025 1028 3087 ὃς
1066 3026 1232 3078 αὐτοῦ
1286 3029 1382 3090 τὰς
1427 3030 1681 3095 ἀξιώσεις
1725 3031 1784 3084 οὐ

189 3112 469 3181 παριδὼν,
503 3113 692 3182 ἀνάγει
740 3117 878 3185 μετά
923 3115 1023 3186 τὴν
1062 3118 1347 3170 κοινωνίαν
1383 3120 1492 3172 τῶν
1532 3120 1788 3190 μαθητῶν

202 3204 311 3272 πρὸ
336 3201 430 3257 τοῦ
463 3201 622 3274 ὄχλου
651 3205 841 3259 τοῦτον
881 3209 974 3260 ἐπὶ
999 3209 1089 3261 τὸν
1118 3210 1329 3265 στύλον.
1367 3211 1552 3278 Ἀφεὶς
1577 3213 1634 3265 δὲ
1667 3213 1789 3267 τοῦ·

200 3305 296 3344 τον
329 3293 356 3344 ό
390 3292 532 3360 ἱερὸς
563 3293 810 3362 Συμεὼν,
845 3296 1118 3365 μετεδίδου
1155 3299 1355 3368 μᾶλλον
1389 3301 1504 3362 τοῖς
1536 3300 1656 3369 μετ’
1689 3303 1787 3354 αὐ-

197 3384 294 3438 τὸν
333 3386 565 3442 ἀνιοῦσι.
605 3389 713 3441 Καὶ
742 3389 770 3440 ό
817 3391 938 3458 μὲν,
975 3391 1139 3446 αὑτὸν
1168 3393 1258 3445 καὶ
1296 3393 1452 3456 αὖθις
1489 3396 1786 3466 προσῆγεν,

199 3477 232 3530 ό
264 3477 319 3529 δὲ
359 3477 428 3531 τὰ
460 3479 817 3549 παραπλήσια
849 3480 978 3549 ἔδρα
999 3499 1013 3514 ο
1048 3483 1124 3545 ὡς
1149 3484 1203 3536 δὲ
1232 3484 1366 3537 πολὺ
1399 3484 1559 3540 τοῦτο
1595 3483 1663 3558 ἦν
1697 3489 1790 3541 καὶ

203 3568 370 3636 μέχρι
418 3567 635 3635 πολλοῦ,
694 3568 1013 3640 Ἥσύχασον,
1071 3570 1288 3641 ἀδελφὲ,
1354 3575 1520 3642 φησίν
1567 3578 1594 3628 ό
1648 3575 1790 3643 θεῖος

200 3661 366 3726 ἀνήρ·
413 3657 521 3727 ἔχω
563 3659 671 3730 γὰρ
708 3661 856 3731 αὐτῷ
886 3679 938 3715 τι
971 3662 1337 3734 διαλεχθῆναι.
1369 3666 1524 3720 Μετά
1557 3666 1688 3735 γοῦν
1730 3669 1790 3723 τὸ

201 3748 301 3820 τὴν
334 3749 484 3802 θείαν
517 3749 860 3822 λειτουργίαν
889 3752 1327 3825 συντελεσθῆναι,
1360 3759 1791 3828 παραστησάμε-

203 3856 292 3902 νος
333 3841 422 3891 τὸν
447 3840 615 3908 ἄνδρα
663 3844 692 3895 ό
736 3843 959 3912 Συμεών
982 3862 997 3876 ο
1035 3846 1359 3916 Ὑποκριτά,
1400 3847 1525 3919 ἔφη,
1559 3851 1652 3902 καὶ
1691 3851 1789 3921 τῆς

203 3931 300 3984 τοῦ
344 3930 481 3984 Θεοῦ
516 3934 731 4004 μερίδος
766 3936 1213 4006 μεμακρυσμένε,
1247 3937 1364 4002 πῶς
1395 3938 1630 3994 ἐνταῦθα
1666 3943 1791 4013 ὲλη-

203 4023 388 4086 λύθεις
409 4024 592 4092 λήσειν
622 4025 866 4095 οἰόμενος
895 4027 984 4079 τὸν
1012 4028 1294 4082 πλάσαντα
1325 4031 1466 4084 κατά
1500 4033 1666 4101 μόνας
1692 4034 1791 4096 τὰς

203 4116 434 4186 καρδίας
455 4116 633 4186 ἡμῶν,
662 4117 752 4170 τὸν
783 4119 1029 4171 συνιέντα
1056 4123 1135 4182 είς
1164 4121 1340 4174 πάντα
1361 4121 1429 4174 τὰ
1448 4121 1583 4194 ἔργα
1612 4123 1788 4193 ἡμῶν,

203 4208 298 4262 τὸν
330 4211 603 4276 στήσαντα
630 4209 696 4261 τὰ
724 4209 823 4280 ὅρη
863 4210 1110 4281 σταθμῷ,
1144 4211 1240 4264 καὶ
1275 4212 1372 4274 τὰς
1397 4214 1574 4277 νάπας
1605 4211 1790 4284 ζυγῷ;

204 4300 351 4361 τίνος
397 4299 454 4352 δὲ
508 4300 604 4354 καὶ
648 4300 974 4370 κοινωνῆσαι
1022 4302 1129 4354 τῶν
1157 4303 1443 4372 ἀχράντων
1475 4306 1792 4375 μυστηρίων

205 4391 442 4462 iusim;
482 4391 582 4444 οὐκ
628 4392 838 4444 ἐκείνου
887 4394 1127 4456 πάντως,
1156 4389 1217 4448 οὗ
1261 4395 1450 4466 πόρῤω
1482 4413 1562 4450 σοι
1597 4398 1791 4469 ἀπέχει

1886 585 1992 639 que
2014 570 2331 638 desperaret
2361 567 2702 623 curationem
2735 580 2977 631 omnem,
3003 562 3166 634 quasi
3196 561 3468 618 defessam

1883 662 2220 730 fractamque
2258 659 2558 730 pertinacia
2581 659 2736 720 mali,
2763 657 3102 712 medicorum
3139 653 3468 710 industriam

1884 760 1941 806 et
1984 765 2242 804 manuum
2293 749 2702 804 auxiliatricum
2752 749 2996 818 artisque
3043 747 3301 817 peritiam
3345 745 3472 801 illu-

1884 841 2087 906 dentis,
2120 842 2186 896 ad
2242 850 2490 896 sanctum
2522 841 2852 912 Symeonem
2899 855 2957 895 se
2990 837 3189 908 recipit
3226 857 3238 892 :
3271 837 3360 892 cui
3411 843 3472 890 ut

1886 934 2148 1003 majorem
2185 933 2724 988 commiserationem
2750 941 3016 995 moveret,
3053 929 3344 985 constituit
3377 929 3468 983 tali

1886 1023 2213 1078 vestimento
2238 1039 2296 1078 se
2326 1023 2568 1091 operire,
2598 1022 2746 1092 quod
2771 1021 2931 1076 facile
2970 1021 3212 1075 solutum
3240 1059 3254 1083 ,
3280 1030 3472 1073 sancto

1886 1113 2094 1183 lepram
2147 1113 2591 1182 conspiciendam
2633 1113 2810 1167 daret.
2853 1113 3058 1165 Verum
3113 1109 3474 1180 pudibundus

1886 1221 2070 1260 coram
2090 1204 2212 1258 aliis
2236 1204 2517 1259 denudare
2539 1219 2786 1266 carnem,
2814 1211 3030 1271 tempus
3051 1200 3471 1270 prmstolabatur

1888 1295 2059 1364 magis
2107 1304 2502 1364 opportunum.
2558 1293 2674 1348 Hoc
2719 1293 2813 1347 ubi
2869 1293 3251 1362 spiritualibus
3297 1292 3473 1346 oculis

1887 1386 2176 1455 perspicue
2209 1385 2518 1454 penetravit
2548 1383 2809 1456 Symeon,
2839 1385 2916 1437 ait
2946 1385 3023 1438 illi
3060 1403 3072 1438 :
3106 1384 3225 1447 Dic,
3262 1384 3334 1438 lili
3375 1387 3468 1446 mi.

1888 1491 2072 1531 coram
2118 1476 2268 1530 bisce
2296 1475 2683 1546 praesentibus.
2721 1475 3080 1544 quamobrem
3116 1477 3225 1531 huc
3251 1477 3470 1531 veneris

1888 1569 1956 1625 ad
1982 1585 2100 1624 nos.
2140 1569 2434 1624 Perculsus
2468 1569 2560 1623 ille
2611 1577 2721 1622 tam
2770 1568 2988 1624 insolita
3020 1571 3466 1640 perspicacitatc,

1888 1658 2166 1728 quomodo
2208 1658 2356 1727 quod
2409 1659 2524 1727 ipse
2556 1657 2927 1712 absconderat
2979 1658 3033 1712 in
3091 1659 3280 1723 corde,
3336 1661 3468 1715 illud

1891 1747 2150 1818 ipsumex
2175 1763 2268 1802 ore
2294 1747 2580 1818 Symeonis
2603 1747 2860 1815 audiret;
2887 1749 3035 1802 omni
3054 1749 3240 1804 statim
3263 1749 3472 1819 abjecta

1821 1821 1859 1879 Β
1889 1833 2242 1897 verecundia,
2289 1832 2623 1889 denudatam
2666 1836 2890 1891 exhibet
2944 1837 3152 1906 lcpram
3191 1855 3201 1890 :
3248 1847 3303 1891 et
3345 1855 3474 1892 san-

1891 1933 2011 1979 ctus
2038 1924 2248 1992 palmea
2274 1939 2371 1978 sua
2401 1925 2570 1996 virga.
2607 1926 2883 1996 signatum
2931 1927 3213 1982 hominem
3259 1929 3323 1982 ad
3358 1929 3474 1983 bal-

1889 2030 2054 2069 neum
2089 2013 2331 2070 Tiberini
2365 2017 2607 2072 lavatum
2630 2019 2844 2089 ablegat
2877 2036 2890 2073 :
2925 2018 3155 2084 Lavare,
3195 2021 3472 2090 inquiens.

1889 2109 2052 2164 simul
2080 2119 2137 2166 et
2165 2110 2420 2165 abluetur
2457 2113 2630 2182 lepra.
2675 2113 2744 2167 Et
2776 2126 3070 2170 exsecutus
3097 2115 3348 2169 mandata
3392 2117 3474 2170 le-

1888 2216 2106 2271 prosus,
2146 2211 2471 2272 persanatus
2519 2202 2646 2259 inde
2693 2205 2877 2271 rediit,
2920 2221 2952 2260 ο
2988 2205 3300 2276 prodigium
3348 2208 3474 2262 inu-

1889 2290 2112 2345 sitatum
2137 2293 2150 2345 l

1958 2382 2082 2436 217.
2124 2382 2278 2438 Alius
2311 2385 2534 2454 quidam
2585 2386 2966 2441 Antiocbmus
3016 2389 3183 2441 etiam
3231 2403 3296 2442 ex
3347 2389 3474 2441 illu-

1890 2473 2184 2528 strioribus
2213 2463 2446 2530 tetendit
2467 2475 2534 2530 ad
2559 2476 2895 2541 columnam,
2919 2477 3049 2531 dum
3088 2477 3268 2531 adhuc
3287 2493 3474 2547 agere-

1891 2575 1979 2620 tur
2001 2581 2154 2620 saera
2186 2567 2450 2621 memoria
2471 2576 2675 2623 sanctae
2706 2569 2880 2638 ipsius
2913 2569 3086 2623 sancti
3121 2569 3309 2622 matris
3335 2570 3468 2638 (59).

1889 2655 2020 2710 Erat
2053 2655 2218 2726 igitur
2243 2665 2458 2726 tempus
2489 2673 2658 2713 sacrze
2687 2659 2943 2730 liturgite,
2974 2659 3063 2713 cui
3097 2660 3214 2728 ipse
3239 2659 3474 2730 Symeon

1889 2747 2240 2816 operabatur.
2282 2746 2420 2802 Cum
2455 2756 2640 2802 autem
2673 2749 2838 2804 homo
2874 2749 2963 2805 ille
3012 2749 3300 2804 festinaret
3351 2751 3477 2804 inde

1890 2838 2104 2910 regredi
2133 2839 2200 2892 ad
2246 2854 2324 2904 se,
2364 2851 2518 2910 rogat
2546 2843 2863 2910 quempiam
2895 2841 3318 2912 discipulorum.
3355 2857 3478 2911 qua:

1888 2929 2263 2983 aﬂcrebantur
2283 2938 2474 2984 sancto
2503 2931 2822 2986 renuntiare
2847 2931 3092 2995 solitum,
3118 2939 3179 2984 ut
3201 2932 3348 2984 celer
3370 2931 3475 2984 sibi

1888 3017 1957 3071 ad
1987 3031 2140 3070 sacra
2169 3018 2427 3086 mysteria
2459 3018 2643 3071 aditus
2679 3018 2790 3074 ﬂat.
2829 3019 2933 3086 Qui
2962 3021 3151 3074 habita
3194 3020 3480 3091 dignitatis

1890 3108 2010 3179 ejus
2039 3109 2313 3178 pmcipue
2343 3109 2577 3173 ratione,
2599 3109 2825 3166 adducit
2851 3111 3154 3176 hominem,
3189 3122 3476 3182 postquam

1896 3199 2368 3255 communicarant
2401 3199 2676 3270 discipuli,
2707 3210 2831 3257 ante
2860 3203 3127 3273 reliquam
3161 3203 3376 3257 turbam
3411 3207 3476 3257 ad

1896 3291 2254 3345 columnam:
2315 3293 2411 3347 sed
2453 3294 2704 3363 rejicitur
2755 3309 2786 3348 a
2841 3303 3053 3358 sancto,
3113 3293 3478 3349 distribuente

1897 3381 2017 3436 aliis
2044 3391 2168 3451 post
2200 3383 2348 3438 hunc
2374 3384 2746 3439 venientibus.
2776 3385 3090 3456 Discipulus
3115 3402 3246 3441 vero
3278 3388 3478 3442 iterum

1896 3471 2151 3539 adducit;
2190 3474 2282 3528 sed
2325 3476 2514 3546 rejecit
2540 3492 2688 3541 eum,
2721 3485 2782 3530 ut
2817 3493 3005 3547 supra,
3042 3487 3284 3532 sanctus.
3310 3477 3479 3534 Cum-

1897 3580 2002 3635 que
2033 3565 2087 3619 id
2117 3567 2348 3620 multum
2397 3578 2452 3622 et
2498 3568 2592 3622 diu
2633 3568 2712 3623 ita
2750 3568 2925 3633 ﬁeret,
2975 3571 3192 3625 tandem
3218 3572 3303 3624 vir
3338 3571 3432 3624 Dei
3466 3590 3476 3622 :

1897 3656 2222 3727 Acquiesce,
2259 3657 2332 3712 mi
2376 3658 2568 3723 frater,
2618 3661 2832 3728 inquit;
2879 3670 2961 3715 est
3011 3661 3159 3716 enim
3210 3661 3356 3732 quod
3405 3661 3478 3714 illi

1897 3749 2080 3804 velim.
2137 3749 2365 3804 Peracta
2412 3750 2652 3821 denique
2697 3767 2853 3806 sacra
2899 3752 3141 3824 liturgia.
3189 3769 3482 3808 accersens

1898 3844 2097 3909 virum,
2139 3845 2216 3898 ait
2241 3845 2317 3898 illi
2349 3854 2573 3900 sanctus
2608 3865 2620 3900 :
2650 3844 2969 3916 llypocrita,
3007 3847 3244 3901 alienate
3275 3862 3306 3901 a
3348 3847 3478 3901 Deo.

1898 3934 2176 4004 quomodo
2213 3935 2321 3989 huc
2364 3937 2587 4000 venisti,
2634 3938 2960 3992 existimans
2997 3938 3169 3992 latere
3221 3947 3272 3991 te
3321 3950 3481 4007 posse

1899 4026 2075 4091 illum,
2107 4027 2202 4096 qui
2233 4026 2443 4081 elllnxit
2480 4028 2650 4082 corda
2689 4039 2900 4093 nostra,
2933 4030 3026 4100 qui
3054 4033 3334 4100 cognoscit
3366 4045 3482 4084 om-

1899 4116 1990 4171 nia
2024 4132 2203 4187 opera-
2225 4129 2434 4184 nostra,
2464 4117 2558 4189 qui
2595 4121 2789 4175 statuit
2824 4132 3040 4176 montes
3066 4121 3120 4175 in
3153 4121 3396 4193 pondere
3428 4132 3483 4174 et

1900 4228 2074 4283 rupes
2099 4214 2152 4267 in
2197 4215 2433 4268 statera?
2466 4214 2639 4285 Cujus
2663 4225 2848 4270 autem
2885 4217 3256 4272 immaculatis
3279 4228 3450 4288 mystc
3470 4249 3483 4259 -

1902 4307 2000 4362 riis
2021 4307 2532 4362 communicaturus
2555 4309 2665 4362 huc
2690 4324 2953 4378 properas
2971 4312 2986 4358 ἶ·
3012 4325 3119 4362 non
3144 4309 3292 4363 illius
3313 4319 3480 4367 certe.

1900 4415 1931 4454 a
1965 4414 2075 4468 quo
2112 4399 2302 4467 procul
2347 4399 2501 4454 abest
2549 4414 2645 4453 cor
2687 4409 2862 4463 tuum,
2896 4401 3112 4454 tametsi
3155 4416 3251 4455 ore
3282 4417 3485 4470 appro-

205 4482 304 4536 ἀπ’
342 4484 505 4537 αὐτοῦ
539 4486 577 4559 ήη
608 4485 823 4554 καρδία,
851 4488 897 4537 εί
927 4486 1020 4538 καὶ
1050 4485 1128 4554 τῷ
1157 4487 1383 4556 στόματί
1423 4506 1514 4542 σου
1554 4490 1787 4558 ὲγγίζεις

1901 4491 2154 4560 pinques,
2215 4499 2272 4544 et
2328 4489 2488 4543 labiis
2534 4489 2777 4545 honores
2831 4491 3032 4560 ipsum.
3078 4492 3280 4546 Verum
3333 4493 3377 4546 si
3428 4508 3484 4546 re

205 4574 377 4644 αὐτῷ,
411 4576 505 4628 καὶ
541 4579 597 4628 ὲν
629 4579 738 4638 τοῖς
771 4575 974 4645 χείλεσί
1007 4593 1100 4629 σου
1129 4578 1298 4648 τιμᾷς
1326 4576 1510 4634 αὐτόν.
1549 4580 1688 4633 Ἀλλ’
1713 4580 1787 4633 εἴ·

208 4680 314 4734 περ
379 4666 526 4737 ἔργῳ
575 4667 674 4737 τὴν
733 4667 897 4720 αὐτοῦ
956 4668 1276 4722 δυναστείαν
1345 4669 1510 4742 βούλῃ
1575 4671 1788 4742 μαθεῖν,

210 4755 321 4809 Boni
359 4774 440 4820 σε,
477 4757 696 4812 πάντων
745 4757 1015 4828 ὁρώντων,
1072 4759 1283 4829 δαίμων
1326 4760 1563 4830 χαλεπὸς
1607 4779 1789 4833 παρα·

207 4846 457 4916 λήψεται,
511 4851 613 4901 κάν
677 4848 754 4918 τῷ
812 4848 935 4919 ἀέρι
1007 4850 1160 4922 μέσῳ
1227 4852 1494 4921 κρεμάσει
1558 4868 1640 4916 σε,
1686 4852 1791 4917 ἕως

207 4939 305 5001 τὰς
352 4939 596 5010 πονηράς
642 4957 735 4993 σου
771 4941 865 4994 καὶ
907 4939 1112 5012 μιαρὰς
1146 4940 1374 5013 πράξεις
1407 4941 1789 5012 ἐξαγορεύσεις

209 5030 301 5084 καὶ
326 5029 494 5085 ἄκων.

281 5208 392 5276 (58)
425 5209 785 5283 Scriniarius,
813 5213 1012 5283 scrinii
1046 5229 1137 5266 seu
1181 5214 1438 5268 tabularii
1478 5214 1669 5283 publici
1695 5231 1788 5266 cu-

208 5289 313 5333 stos
342 5280 522 5332 eodem
557 5281 666 5349 fere
699 5282 851 5334 modo
882 5283 1154 5335 dicebatur
1199 5285 1326 5338 olim
1386 5280 1610 5347 Latinis,
1653 5284 1794 5337 unde

209 5358 520 5422 acceperunt
545 5351 734 5422 erci,
755 5368 859 5420 quo
889 5369 1026 5405 nunc
1055 5354 1400 5422 appellantur
1442 5353 1789 5418 Cancellarii,

208 5431 252 5470 et
285 5421 374 5496 qui
414 5421 654 5475 omnibus
680 5432 908 5490 praterat
951 5421 1447 5477 PromSeriniarius
1481 5441 1544 5476 ac
1585 5425 1789 5478 Primi-

206 5504 463 5542 SCi‘lnlllS.

279 5559 390 5632 (-59)
423 5559 634 5612 Videtur
690 5561 982 5634 signiﬁcari
1043 5571 1247 5634 tempus
1311 5563 1469 5628 illud,
1523 5580 1625 5634 quo
1673 5573 1786 5634 post

206 5628 538 5706 sepulturam
589 5632 1209 5706 curabunturjunebria
1235 5635 1445 5706 roﬁicia,
1488 5628 1785 5706 adplures

210 5699 337 5749 dies.
387 5697 638 5761 Quamvis
669 5704 805 5754 enim
833 5702 892 5755 Β.
933 5697 1138 5756 Martha
1163 5697 1346 5756 obterit
1393 5721 1536 5757 anno
1559 5697 1684 5764 5.539,
1710 5707 1787 5758 uti

210 5766 352 5831 infra
418 5770 486 5822 ad
535 5771 647 5839 ejus
694 5773 856 5824 vitam
921 5774 1111 5825 diritur
1172 5785 1217 5826 et
1262 5776 1311 5826 in
1367 5775 1782 5844 prrrrc'rlcntibus

1898 4585 2014 4655 ipsa
2065 4584 2366 4654 potentiam
2416 4585 2564 4638 illius
2615 4586 2699 4638 vis
2721 4585 3039 4652 addiscere;
3086 4602 3217 4642 ecce
3272 4589 3487 4642 cunctis

1897 4675 2295 4746 spectantibus,
2355 4676 2629 4746 malignus
2683 4677 2910 4746 spiritus
2969 4686 3021 4731 te
3081 4679 3480 4748 apprehendet,

1897 4775 1953 4820 et
2015 4767 2194 4821 medio
2242 4767 2296 4821 in
2348 4783 2475 4822 acre
2533 4769 2867 4837 suspendet,
2927 4785 3102 4838 usque
3178 4770 3308 4825 dum
3356 4787 3485 4841 per-

1900 4871 2057 4911 versa
2116 4857 2459 4928 scelestaque
2507 4871 2674 4926 Opera
2731 4865 2825 4913 tua
2883 4858 3202 4915 conﬁtearis
3255 4861 3341 4916 vel
3401 4863 3484 4915 in-

1897 4949 2064 5003 vltus.

1899 5212 2163 5282 plerisque
2201 5212 2456 5282 capitulis
2516 5214 2757 5267 ordinem
2816 5215 2926 5284 fere
2953 5217 3204 5283 temporis
3247 5226 3482 5271 secutum

1898 5291 2169 5361 auptarem
2207 5290 2734 5361 appareatktumque
2783 5284 2928 5361 ultra
2971 5302 3176 5361 annum
3214 5285 3482 5361 junt

1895 5355 2178 5406 viderimus
2215 5353 2547 5421 progressu‘m
2583 5355 2637 5405 in
2670 5353 2820 5408 Notis
2843 5355 2912 5406 ad
2935 5372 3051 5424 cap.
3087 5356 3175 5415 2t,
3214 5357 3480 5409 nihilomi-

1897 5439 1994 5476 nus
2018 5425 2073 5476 in
2104 5423 2180 5474 his
2205 5423 2576 5494 posterioribus
2599 5425 2806 5476 videtur
2836 5427 3006 5493 potius
3027 5426 3343 5494 spectavisse
3391 5445 3484 5479 ar-

1896 5492 2567 5564 gumentigsimilitudinem
2597 5511 2613 5546 :
2641 5503 2693 5564 et
2729 5497 2774 5548 si
2830 5492 3007 5547 tamen
3059 5492 3237 5548 aliter
3268 5498 3484 5563 opinari

1899 5561 2016 5633 quis
2047 5561 2224 5624 malit,
2287 5565 2479 5634 poterit
2541 5565 2636 5616 hoc
2677 5563 2788 5617 loco
2826 5565 3124 5634 intelligere
3172 5561 3481 5618 memoriam

1897 5635 2343 5709 anniversariam,
2371 5633 2550 5709 festive
2601 5650 2693 5709 per
2741 5637 2849 5688 dies
2910 5635 3134 5709 forsitan
3193 5635 3494 5709 plures-lui

1893 5704 2130 5771 solitam,
2172 5704 2233 5757 de
2262 5720 2364 5773 qua
2397 5705 2449 5756 in
2483 5704 2596 5767 eius
2630 5703 2766 5770 Vita,
2793 5703 2939 5758 num.
2980 5705 3071 5758 7|.
