4082 6466
649 331 786 400 3191

1861 347 1919 405 S.
1962 341 2340 405 SYMEONIS
2375 344 2736 407 IUNIORIS

3768 341 3896 406 3W9.

650 460 867 515 penam
916 448 1036 518 ejus
1085 456 1403 518 reputantes
1437 466 1613 516 suam,
1667 461 1721 507 et
1751 454 2008 509 acerbius
2056 456 2218 508 etiam

2329 455 2574 525 ήκοντες,
2621 457 2817 508 οξκεῐον
2860 454 2918 506 τὸ
2954 453 3162 508 ἑκείνου
3208 452 3379 515 πάθος
3434 453 3768 522 ποιούμενοι,
3807 461 3893 510 καῖ

647 547 812 598 quam
863 534 979 604 ipse
1026 539 1281 603 cruciati,
1339 542 1640 596 ascendunt
1685 558 1807 597 cum
1857 543 1949 598 illo
1999 543 2066 598 ad
2116 543 2217 613 Sy-

651 638 926 686 meonem.
980 628 1320 698 plangentes,
1363 630 1734 699 procidentes,
1786 642 2098 702 precantes.
2159 642 2220 688 ut

647 713 939 770 miseratus
1002 719 1367 773 calamitatem
1423 736 1613 784 suam,
1678 723 1952 779 infelicem
2006 725 2140 778 velit
2187 740 2218 779 a

645 805 934 860 vexatione
982 807 1246 863 daemonis
1293 809 1546 865 liberare.
1585 811 1780 866 Verum
1807 815 1897 868 ille
1937 823 2223 870 mansueta

646 908 779 949 voce
828 896 894 950 ad
948 897 1243 952 diaconum
1295 915 1489 956 versus
1530 902 1828 972 :Expedit,
1889 906 1984 969 ait,
2026 906 2223 959 animae

646 991 755 1039 tua
791 995 844 1041 te
886 1002 997 1041 non
1036 989 1260 1044 liberari
1297 1008 1309 1044 :
1354 1009 1530 1062 neque
1579 995 1726 1048 enim
1766 995 1939 1049 dolori
1983 1010 2082 1050 suo
2121 996 2221 1050 ob-

646 1077 982 1144 sequebatur
1041 1080 1126 1133 vir
1183 1083 1437 1137 omnibus
1492 1087 1851 1153 compatiens,
1903 1099 2027 1138 cum
2079 1097 2224 1141 esset

645 1167 802 1232 quasi
854 1167 1211 1236 impassibilis
1259 1171 1401 1226 :sed
1457 1173 1728 1242 potiorem
1788 1174 1982 1228 anima:
2031 1189 2222 1230 curam

645 1253 892 1322 gerebat,
945 1267 1136 1326 utpote
1187 1259 1368 1315 sciens
1417 1261 1829 1318 infirmitatibus
1892 1264 2224 1331 animarum,

643 1343 898 1410 quamvis
933 1353 989 1398 et
1042 1346 1163 1400 aliis
1197 1348 1387 1409 etiam.
1430 1365 1595 1419 quam
1625 1350 1956 1406 dexterrime
1990 1353 2222 1408 mederi.

647 1429 718 1486 Ut
749 1433 911 1498 scias,
968 1435 1168 1505 inquit,
1226 1440 1484 1507 potentiae
1528 1439 1728 1494 divina:
1758 1441 1814 1494 id
1864 1457 2006 1505 esse,
2058 1458 2223 1512 quam
2256 1427 2270 1437 ’

643 1531 705 1576 tu
767 1524 1036 1582 hactenus
1095 1527 1380 1584 oﬂ'endens
1430 1531 1743 1601 ignorabas,
1798 1533 1864 1586 ad
1917 1533 2224 1588 curandum

644 1616 985 1683 pertinacem
1025 1618 1403 1675 inﬁdelitatem
1437 1631 1624 1688 tuam;
1666 1624 1886 1687 mando,
1923 1625 1976 1678 in
1999 1626 2222 1681 nomine

646 1703 797 1759 illius
849 1706 1179 1764 inhabitanti
1227 1709 1286 1763 in
1337 1719 1389 1764 te
1428 1710 1685 1776 daemoni,
1715 1713 2074 1783 quadraginta
2104 1715 2222 1769 dies

648 1796 985 1867 totidemque
1036 1808 1229 1854 noctes
1274 1799 1503 1856 missum
1555 1811 1610 1857 te
1661 1801 1844 1857 faciat.
1891 1804 2047 1870 Quod
2095 1822 2223 1860 cum

641 1889 795 1957 juxta
829 1889 1149 1944 mandatum
1195 1891 1314 1962 ejus
1363 1893 1675 1959 accidisset,
1719 1895 1906 1965 elapso
1944 1898 2224 1967 trigesimo

646 1994 795 2034 nono
845 1979 935 2037 die
990 1982 1226 2037 redeunt
1280 1983 1442 2039 simul
1508 1985 1656 2054 ipse,
1707 1988 1934 2057 conjux,
1997 1991 2220 2060 propin-

645 2069 763 2139 qui,
818 2071 1193 2128 omnimodam
1254 2073 1642 2130 liberationem
1690 2085 1961 2144 petentes.
2011 2078 2080 2132 At
2121 2069 2222 2134 ille

643 2163 738 2232 qui
795 2163 1101 2218 animarum
1146 2166 1309 2220 saluti
1360 2182 1578 2237 semper
1614 2168 1871 2223 studebat
1924 2171 2218 2240 praecipue,

642 2253 814 2324 probe
846 2268 1186 2326 cognoscens
1229 2256 1425 2312 animae
1452 2259 1571 2328 ejus
1594 2257 1847 2326 expedire
1896 2260 2039 2315 hanc
2061 2264 2226 2318 casti-

641 2343 939 2412 gationem,
992 2361 1102 2400 non
1136 2361 1392 2403 assensus
1445 2357 1532 2404 est
1564 2350 1818 2418 petitioni
1851 2350 2094 2409 illorum.
2124 2353 2220 2408 sed

641 2445 704 2490 ut
759 2437 1099 2494 moderatior
1152 2439 1513 2510 imposterum
1569 2442 1712 2497 foret
1781 2443 2044 2499 daemonis
2107 2445 2221 2499 vio-

643 2524 814 2578 lentia
869 2526 1167 2582 concessit.
1220 2526 1419 2597 Sicque
1470 2545 1900 2600 energumenus,
1953 2533 2217 2601 perfecta,

641 2624 704 2669 ut
755 2616 1000 2687 optabat,
1035 2619 1320 2674 sanatione
1368 2635 1476 2676 non
1508 2620 1816 2692 impetrata,
1864 2631 2093 2682 maestus
2133 2642 2214 2680 re-

639 2708 828 2764 cessit.

708 2819 835 2876 924.
877 2821 1201 2880 Anastasius
1241 2824 1464 2894 quidam
1500 2827 1884 2895 scholasticus,
1930 2831 2219 2888 Antiochia

639 2911 897 2968 similiter
927 2915 1217 2980 oriundus,
1253 2917 1338 2970 vir
1383 2917 1578 2988 lingua:
1611 2935 1843 2990 nequam
1873 2937 1935 2976 ac
1967 2925 2218 2992 petulan-

639 3003 733 3068 tis,
780 3018 849 3058 eo
880 3015 1132 3061 evaserat
1164 3017 1356 3062 contra
1402 3017 1653 3064 sanctum
1711 3011 1983 3077 amentiae,
2031 3023 2127 3067 aut
2169 3015 2214 3068 si

2329 545 2529 615 μᾶλλον
2563 546 2713 597 αὐτοὶ
2741 544 3040 613 πάσχοντες
3072 544 3168 605 τὰς
3196 541 3391 612 ψυχὰς,
3421 542 3609 595 ἀνίασι
3643 544 3739 595 σῦν
3762 545 3895 612 αὐτῷ

2326 638 2461 709 πρὸς
2488 635 2578 689 τὸν
2611 635 2852 704 Συμεὼν,
2873 635 3136 704 δεόμενοι,
3160 632 3508 704 θρηνοῦντες,
3536 636 3896 702 προσπίπτον-

2325 743 2435 789 τες,
2483 725 2830 794 οἰκτείραντα
2876 727 2972 794 τῆς
3018 725 3549 792 συμφορᾶςκαῦτοὺς
3588 728 3690 791 τῆς
3729 727 3789 777 lx
3813 726 3895 778 τοῦ

2323 815 2578 885 δαίμονος
2607 816 2813 867 ἐκεῖνον
2839 813 3100 884 ἐπηρείας
3125 815 3347 868 ἀνεῖναι.
3385 815 3445 866 ’0
3469 813 3547 876 δὲ,
3593 814 3756 865 Ἀλλὰ
3781 828 3896 882 συμ-

2327 905 2480 973 φέρει
2519 907 2582 974 τῇ
2615 903 2758 974 ψυχῇ
2794 921 2886 956 σου
2919 904 2995 973 μὴ
3031 903 3286 972 ἀνεθῆναι
3324 921 3408 968 σε,
3439 905 3632 973 πράως
3667 906 3800 974 πρὸς
3818 905 3897 957 τόν

2325 991 2570 1044 διάκονον
2628 992 2731 1062 [qm
2757 1009 2771 1021 ο
2827 993 2946 1045 eos:
2989 993 3098 1062 γάρ
3140 994 3340 1046 οίκεῖον
3389 995 3635 1063 ἐπλήρου
3673 994 3839 1056 πάθος
3872 998 3898 1048 ὁ

2328 1081 2641 1153 συμπαθὴς,
2677 1084 2710 1152 ἢ
2755 1085 2850 1136 καὶ⁵
2895 1079 3114 1154 ἀπαθὴς
3162 1083 3581 1153 τάληθέστερον,
3630 1085 3769 1136 ἀλλά
3810 1086 3898 1152 τῆς

2327 1173 2538 1226 ῑκείνου
2598 1174 2778 1243 ψυχῆς
2819 1173 3044 1243 ἐκήδετο
3099 1173 3319 1242 μᾶλλον,
3364 1175 3393 1225 ό
3441 1175 3589 1244 πάθη
3640 1175 3826 1244 ψυχῶν
3856 1177 3899 1228 εί

2326 1263 2421 1318 καί
2446 1281 2500 1317 τι
2523 1263 2672 1328 ἀλλο,
2697 1265 2896 1333 ἄριστα
2924 1263 3249 1334 θεραπεύειν
3294 1265 3500 1326 ἐκεῖνος
3525 1265 3706 1328 εἰδὼς,
3738 1266 3809 1328 ὡς
3841 1266 3898 1317 ἂν

2328 1354 2492 1424 εἰδῇς,
2527 1355 2710 1424 φησὶν,
2746 1355 2827 1408 ὃτι
2859 1354 3088 1424 δύναμις
3113 1353 3248 1407 Θεοῦ
3273 1357 3441 1417 ἐστιν,
3535 1354 3599 1408 σὺ
3631 1357 3794 1424 μέχρι
3817 1356 3899 1407 νῦν

2329 1446 2691 1515 προσκύπτων
2723 1444 2960 1515 ἠγνόεις,
2995 1444 3080 1495 ἵνα
3108 1442 3203 1496 καὶ
3239 1441 3299 1494 re
3337 1442 3472 1495 πολὺ
3514 1443 3620 1513 τῆς
3654 1445 3899 1506 ἀπιστίας

2329 1535 2490 1590 αὑτοῦ
2519 1536 2698 1600 ποσῶς
2727 1525 3064 1608 θεραπεύσῃ,
3101 1533 3466 1605 παραγγέλλω
3493 1536 3551 1587 ιν
3581 1535 3661 1604 τῷ
3689 1535 3901 1603 ὀνόματι

2327 1629 2492 1682 αὐτοῦ
2523 1627 2598 1698 τῷ
2629 1627 2924 1681 ἑνοικοῦντί
2959 1644 3040 1680 σοι
3065 1626 3302 1697 δαίμονι,
3331 1626 3744 1695 τεσσαράκοντα
3774 1628 3902 1695 npt-

2333 1735 2434 1789 ρας
2467 1719 2562 1771 καὶ
2589 1717 2790 1781 νύκτας
2825 1717 2946 1780 ῐσας
2967 1715 3259 1784 ἀφίξεσθαί
3292 1732 3410 1769 σου.
3446 1716 3628 1784 Ὅπερ
3649 1711 3744 1768 οὖν
3771 1716 3902 1767 κατά

2253 1785 2299 1840 Β
2327 1785 2388 1860 τὸ
2428 1806 2590 1861 αὑτοῦ
2627 1808 2906 1877 ἐπίταγμα
2953 1806 3195 1874 γεγονὸς.
3249 1805 3388 1876 μετά
3429 1806 3528 1876 τὴν
3575 1806 3775 1875 ἐνάτην
3816 1805 3902 1858 επὶ

2327 1899 2617 1970 τριάκοντα
2635 1894 2771 1969 ἧκεν
2803 1898 2938 1967 ὁμοῦ
2965 1897 3186 1964 γυναικὶ
3209 1899 3302 1949 καὶ
3327 1899 3699 1964 προσήκουσιν
3730 1889 3898 1964 αὖθις,

2326 1989 2644 2060 ἀπαλλαγὴν
2681 1989 2895 2043 τελείαν
2927 1988 3222 2050 αἰτοῦντες.
3273 1987 3331 2040 ὐ
3368 1987 3426 2041 δὲ
3473 1987 3777 2042 λυσιτελεῖν
3809 1991 3899 2042 αὺ-

2324 2078 2418 2132 τοῦ
2463 2083 2529 2148 τῇ
2565 2081 2707 2150 ψυχῇ
2756 2081 2855 2150 τὴν
2905 2080 3159 2133 παιδείαν
3201 2080 3375 2146 είδὼς,
3406 2073 3452 2148 ᾧ
3485 2082 3580 2133 καὶ
3609 2082 3800 2151 ψυχῶν
3837 2077 3900 2151 ἦν

2325 2171 2413 2222 ἀεὶ
2458 2171 2700 2240 σωτηρία
2749 2171 2809 2223 τὸ
2843 2171 3297 2242 σπουδαζόμενον,
3329 2172 3490 2224 τοῦτο
3527 2173 3626 2242 μὲν
3656 2174 3758 2226 οὐκ
3796 2174 3898 2227 ἀπ-

2326 2262 2562 2327 ένευσεν,
2588 2264 2703 2317 ἀλλ’
2734 2265 2874 2318 ὥστε
2916 2267 3291 2336 μετριωτέραν
3333 2265 3483 2336 αὑτῷ
3514 2269 3650 2336 πρδς
3691 2269 3752 2319 τὸ
3782 2267 3900 2334 ἑξῆς

2325 2352 2545 2406 ἔσεσθαι
2580 2355 2781 2423 μᾶλλον
2809 2356 2900 2409 τοῦ
2929 2358 3179 2427 δαίμονος
3201 2357 3299 2427 τὴν
3328 2359 3596 2428 ἐπήρειαν
3620 2355 3789 2410 ’Καὶό
3807 2357 3900 2425 μιν

2322 2447 2382 2500 οὐ
2412 2448 2644 2512 τελείας,
2679 2447 2754 2514 ὡς
2783 2447 3034 2502 ισούλετο
3063 2448 3161 2518 τῆς
3190 2449 3458 2518 αἰτήσεως
3493 2447 3699 2517 τυχὼν,
3740 2449 3900 2518 ἀπῄει

2325 2539 2568 2608 στυγνός.

2392 2814 2524 2867 σκδ’.
2575 2815 2928 2878 ’Δναστάσιος
2973 2814 3029 2868 δέ
3076 2831 3161 2879 τις
3210 2812 3599 2885 Σχολαστικὸς,
3635 2812 3696 2865 τὺ
3752 2810 3900 2878 γένος

2336 2904 2662 2978 Ἀντιοχεῦς,
2690 2907 2865 2976 φαύλη
2905 2906 3129 2974 γλῶσσα
3168 2907 3262 2959 καὶ
3298 2905 3554 2972 ἀσελγὴς,
3590 2906 3669 2965 είς
3712 2905 3891 2956 τοσοῦ-

2319 3015 2412 3051 τον
2443 2999 2611 3068 ῆλασε
2645 2998 2785 3051 κατά
2831 2996 2924 3050 τοῦ
2974 2997 3131 3064 ἁγίου
3179 2996 3460 3058 ἀπονοίας,
3511 2997 3560 3048 εί
3596 2995 3653 3048 δὲ
3696 2995 3893 3065 βούλει,

639 3095 872 3149 mavelis
917 3095 1146 3161 furoris,
1197 3113 1320 3166 qua:
1364 3113 1466 3152 vox
1519 3099 1687 3156 etiam
1741 3104 2059 3180 inpressius
2097 3121 2211 3159 rem

2325 3089 2519 3158 μανίας
2554 3089 2602 3160 (ό
2634 3090 2730 3142 καὶ
2787 3089 3212 3158 συγγενέστερον
3247 3090 3446 3158 μᾶλλον
3480 3087 3558 3156 τῷ
3619 3088 3897 3159 πράγματι

639 3185 911 3256 designat,
965 3195 1024 3242 ut
1057 3187 1391 3243 mirabilium
1435 3205 1465 3244 a
1496 3198 1688 3245 sancto
1721 3201 2060 3261 patratorum
2091 3211 2221 3266 ope-

640 3293 766 3331 rum
797 3287 1081 3334 auctorem
1130 3296 1236 3334 non
1289 3281 1482 3349 Deum,
1529 3283 1625 3338 sed
1674 3284 1939 3353 pessimas
1957 3287 2218 3354 quasdam

639 3379 786 3424 artes
835 3371 1158 3426 eorumdem
1198 3371 1506 3430 effectrices
1536 3389 1657 3430 esse
1692 3375 1884 3431 inscite
1937 3378 2218 3446 stulteque

641 3459 958 3517 blateraret.
1009 3463 1166 3529 Quod
1216 3464 1309 3517 ubi
1364 3465 1432 3519 ad
1485 3481 1649 3520 aures
1679 3467 1851 3520 sancti
1893 3466 2034 3521 fama
2090 3484 2218 3538 per-

639 3550 811 3606 latum
831 3560 938 3615 est,
969 3553 1448 3608 commiseratione
1480 3554 1627 3608 illius
1657 3564 1852 3621 tactus,
1903 3557 2220 3611 conversio-

640 3656 768 3697 nem
807 3644 1249 3712 praastolabatur,
1301 3645 1380 3698 uti
1428 3647 1515 3699 lex
1545 3646 1640 3699 Dei
1693 3646 1943 3702 homines
1987 3651 2228 3704 amantis-

637 3735 814 3807 jubet.
869 3735 1071 3790 Verum
1112 3737 1261 3790 enim
1304 3752 1432 3791 vero
1476 3747 1829 3807 posteaquam
1879 3741 2221 3816 pertinacem

639 3826 818 3889 illum,
851 3823 1092 3879 divinam
1123 3839 1256 3880 vero
1300 3825 1767 3895 longanimitatem
1805 3829 2069 3899 longioris
2100 3845 2217 3884 mo-

640 3933 716 3974 rz
737 3917 1136 3987 impatientem,
1166 3917 1527 3986 strictumque
1557 3919 1667 3987 jam
1701 3921 1926 3975 rutilare
1955 3922 2216 3990 gladium,

636 4018 693 4065 et
718 4024 905 4064 arcum
937 4018 1128 4064 contra
1158 4009 1436 4063 hominem
1497 4020 1734 4075 tensum,
1772 4021 2068 4080 parataque
2097 4029 2218 4068 esse

637 4113 764 4153 vasa
789 4099 982 4154 mortis
1025 4098 1427 4168 deprehendit;
1475 4099 1873 4168 discipulorum
1904 4103 2218 4172 quempiam

636 4187 913 4244 advocans
946 4189 1088 4258 (erat
1141 4197 1325 4243 autem
1360 4204 1554 4259 magna
1599 4189 1692 4242 illa
1721 4189 1860 4255 dies,
1890 4207 1996 4260 qua
2027 4193 2218 4263 mysti-

639 4295 759 4333 cam
805 4278 1063 4334 Christus
1105 4293 1317 4334 cmnam
1375 4279 1635 4342 instituit.
1693 4295 1798 4350 qua
1855 4281 2215 4351 lavandorum

637 4371 837 4442 pedum
869 4371 1237 4426 ministerium
1269 4371 1462 4436 obivit,
1503 4387 1611 4442 qua
1646 4388 1747 4443 pro
1779 4373 1939 4428 nobis
1982 4374 2217 4428 traditus

2331 3180 2548 3251 ὄνομα),
2605 3181 2680 3246 ὡς
2715 3182 2849 3252 μηδὲ
2887 3181 3018 3234 Θεὸν
3087 3183 3198 3245 τοῖς
3247 3181 3564 3251 παραδόξως
3612 3184 3706 3235 ὑπ’
3742 3181 3896 3236 αὐτοῦ

2325 3273 2690 3342 τελουμένοις,
2729 3274 2865 3327 ἀλλά
2898 3292 3016 3328 τινα
3058 3275 3298 3344 πονηρὰν
3343 3276 3626 3343 ἐνέργειαν
3665 3279 3897 3344 ἀνοήτως

2327 3363 2708 3434 ιπιφημίζειν.
2757 3365 2933 3435 Ὅπερ
2995 3365 3086 3418 τὸν
3118 3364 3259 3418 θεῖον
3315 3366 3488 3436 ἀνδρα
3539 3366 3894 3434 μανθάνοντα,

2327 3456 2556 3525 πάσχειν
2607 3456 2708 3525 μὲν
2759 3455 2899 3526 ὑπὲρ
2941 3455 3038 3508 τοῦ
3087 3456 3315 3523 ἀδελφοῦ
3345 3459 3443 3527 τὴν
3478 3457 3898 3527 ψυχὴν,ἀναμέο

2325 3565 2435 3600 νειν
2467 3547 2523 3600 δὲ
2547 3547 2695 3617 ὅμως
2727 3547 2892 3599 αὑτοῦ
2923 3546 3022 3615 τὴν
3052 3547 3409 3616 ἐπιστροφὴν,
3443 3549 3583 3618 ὅπερ
3617 3548 3681 3618 δὴ
3719 3550 3897 3617 φιλαν-

2327 3640 2574 3710 θρωπίας
2635 3639 2769 3692 Θεοῦ
2830 3638 3015 3708 νόμος.
3053 3637 3142 3701 Ὠς
3187 3638 3244 3690 δὲ
3278 3639 3370 3691 τὸν
3423 3640 3522 3707 μὲν
3577 3641 3897 3709 ἐπιμένοντα

2327 3731 2494 3802 ἑώρα,
2529 3730 2628 3802 τὴν
2686 3729 2839 3783 θείαν
2887 3731 3069 3783 οὐκέτι
3129 3729 3512 3800 μακροθυμίαν
3544 3733 3894 3800 ἁνεχομένην.

2325 3825 2460 3877 ἀλλὰ
2515 3825 2611 3877 καὶ
2666 3823 3060 3892 στιλϐουμένην
3116 3823 3217 3893 ήδη
3277 3823 3578 3893 ῥομφαίαν,
3616 3827 3711 3877 καὶ
3751 3824 3894 3889 τόξον

2327 3917 2448 3969 κατ’
2483 3913 2645 3967 αὑτοῦ
2677 3914 3069 3984 ὲντεινόμενον,
3096 3914 3499 3983 ἑτοιμαζόμενα
3520 3915 3576 3967 δὲ
3606 3915 3702 3967 καὶ
3737 3919 3894 3985 σκεύη

2327 4007 2561 4060 θανάτου
2594 4022 2608 4036 ⁸
2641 4005 2750 4058 τῶν
2787 4005 3048 4074 μαθητῶν
3073 4004 3170 4058 ινα
3197 4005 3429 4068 καλέσας
3456 4001 3542 4075 (ἦν
3575 4006 3630 4059 δὲ
3667 4010 3700 4076 ή
3735 4009 3894 4076 μεγά-

2325 4098 2392 4167 λη
2422 4096 2517 4150 τοῦ
2555 4095 2818 4166 μυστικοῦ
2864 4095 3104 4159 δείπνου,
3137 4097 3229 4148 καὶ
3259 4097 3355 4164 τῆς
3385 4097 3524 4167 ὑπὲρ
3571 4098 3732 4166 ἡμῶν
3774 4099 3897 4166 X9:-

2328 4189 2454 4242 στοῦ
2484 4189 2836 4259 παραδόσεως
2868 4189 2966 4242 καὶ
2997 4190 3308 4258 οίκονομίας
3334 4189 3540 4258 ἡμέρα)
3570 4190 3670 4260 τὴν
3706 4191 3895 4259 πικρὰν

2326 4279 2544 4349 εκείνην
2570 4279 2648 4349 τῷ
2673 4278 2842 4349 ἀθλίῳ
2877 4277 3072 4349 μηνύει
3093 4286 3265 4352 τομὴν
3300 4279 3650 4351 (τηνικαῦτα
3684 4282 3787 4348 γάρ
3825 4277 3894 4347 τῷ

2329 4372 2601 4442 πνεύματι
2629 4371 2723 4424 καὶ
2755 4369 2924 4437 αὐτὴν
2963 4368 3312 4438 ἐπαγομένην
3377 4367 3564 4437 ἐώρα)
3627 4371 3897 4441 εἰσπραξιν

635 4467 746 4528 est)
766 4463 926 4533 jubet
950 4462 1261 4533 signiﬁcare
1307 4463 1511 4517 misero
1536 4463 1648 4526 isti,
1677 4463 1907 4518 acerbos
1935 4463 2059 4518 illos
2089 4479 2216 4517 cru-

2325 4464 2480 4534 αὐτῷ
2507 4465 2605 4533 τῆς
2640 4461 2844 4530 πολλῆς
2878 4451 3097 4513 ἔσεσθαι
3121 4459 3356 4524 ἀδικίας,
3384 4455 3453 4530 ἦς
3486 4461 3668 4512 λαλῶν
3715 4465 3792 4524 εἰς
3836 4463 3890 4514 τὸ

635 4557 812 4610 cintus
833 4555 992 4628 (quos
1014 4557 1126 4626 jam
1161 4565 1276 4610 tum
1333 4555 1529 4624 spiritu
1596 4555 1930 4625 prmvidcbat
1991 4555 2070 4608 illi
2105 4555 2212 4610 im-

635 4649 902 4719 pendere)
934 4649 1131 4704 ultioni
1156 4649 1374 4705 futuros
1412 4665 1512 4719 pro
1567 4649 1777 4703 crebris
1834 4651 2210 4714 contumeliis,

636 4756 774 4810 quas
801 4740 1097 4798 eﬂ‘utiisset
1129 4751 1324 4796 contra
1373 4740 1737 4804 Altissimum,
1797 4739 1852 4794 in
1903 4741 2022 4810 ipso
2071 4743 2213 4797 coelo

638 4841 887 4887 statuens
911 4848 973 4888 os
1004 4849 1186 4888 suum.
1233 4833 1288 4888 Id
1342 4841 1528 4888 autem
1593 4821 1914 4887 renuntiare
1956 4833 2210 4904 jubebat,

638 4935 747 4975 non
773 4923 917 4991 quod
948 4931 1168 4992 putaret
1200 4921 1335 4983 fore,
1373 4931 1432 4976 ut
1464 4923 1726 4991 deinceps
1777 4922 2084 4978 abstineret
2107 4924 2216 4988 (vi-

637 5012 1059 5083 debatnamque
1092 5013 1573 5069 inconvertibilem
1617 5029 1763 5076 esse.
1814 5026 1980 5084 atque
2034 5015 2214 5069 immi-

636 5085 767 5159 nere
795 5105 905 5175 jam
944 5106 1423 5167 comminationes,
1472 5114 1528 5163 et
1559 5104 1715 5158 brevi
1768 5105 2082 5175 aﬂ'uturas).
2116 5106 2210 5160 sed

641 5204 701 5248 ut
731 5195 930 5250 similis
962 5193 1150 5249 farina:
1205 5195 1260 5250 et
1301 5194 1644 5248 infidelitatis
1701 5195 2020 5250 hominibus
2081 5211 2208 5252 cor-

638 5285 876 5358 rigenda:
909 5286 1034 5340 vitae
1083 5285 1336 5355 exemplo
1384 5294 1550 5349 esset,
1605 5301 1824 5340 causam
1896 5289 2214 5358 justissima;

635 5377 882 5433 cmiitum
913 5385 1104 5431 contra
1128 5377 1304 5445 ipsum
1341 5377 1432 5432 iraa
1454 5386 1510 5432 et
1558 5377 1829 5434 immissas
1863 5395 2051 5447 pmnas
2103 5397 2209 5434 non

637 5469 1044 5542 ignorantibus.
1088 5469 1582 5538 lgiturdiscipulus
1611 5470 1712 5523 istc
1737 5470 1790 5524 in
1842 5472 2211 5526 celeberrimo

634 5560 936 5616 urbisloco
989 5559 1270 5613 hominem
1297 5559 1604 5622 inveniens,
1639 5561 1843 5616 habere
1873 5578 1952 5624 sc.
2011 5564 2207 5633 inquit,

631 5651 780 5721 quod
813 5654 1033 5706 nuntiet
1082 5666 1109 5704 a
1153 5650 1442 5721 Symeone.
1486 5651 1733 5722 Cumque
1772 5655 2061 5724 juberclur
2119 5673 2210 5710 co-

634 5759 750 5797 ram
780 5743 1140 5810 pt'aesentibus
1175 5742 1426 5810 edicere;
1467 5760 1588 5816 qua:
1640 5745 1902 5816 imperata
1947 5756 2102 5802 erant
2153 5749 2209 5802 in

2327 4557 2459 4626 ῦψος
2509 4551 2598 4625 ἦν,
2629 4556 2723 4608 καὶ
2755 4556 2833 4618 εἰς
2863 4554 3092 4623 οὐρανὸν
3135 4552 3194 4604 τὸ
3227 4554 3405 4621 στόμα
3431 4553 3716 4623 τιθέμενος
3753 4569 3766 4583 ·
3805 4555 3894 4621 οὐχ

2324 4650 2392 4702 ἶν’
2427 4650 2634 4701 ἐκεῖνον
2665 4647 3002 4718 ἀποσχέσθαι
3043 4645 3443 4716 παρασκευάσῃ
3475 4646 3614 4716 (ᾔδει
3637 4648 3746 4717 γάρ
3772 4649 3894 4716 ἀμε-

2322 4741 2564 4801 ταθέτως
2594 4740 2808 4810 ἔχοντα,
2847 4741 3212 4808 ἑφεστηκυϊαν
3243 4739 3300 4790 δὲ
3327 4738 3430 4806 ἤδη
3463 4739 3556 4790 καὶ
3587 4741 3687 4806 τὴν
3744 4741 3890 4792 am.

2321 4834 2440 4904 λὴν,
2483 4833 2577 4886 καὶ
2645 4833 2763 4884 οὐδὲ
2820 4830 2990 4900 βραχὺ
3041 4830 3454 4898 ἀναδυομένην),
3485 4830 3601 4883 ἀλλ’
3661 4831 3746 4884 ῐνα
3796 4833 3893 4894 τοῖς

2321 4923 2522 4989 ὁμοίως
2557 4921 2771 4990 ἔχουσιν
2796 4918 3055 4981 ἀπιστίας
3087 4918 3372 4988 διόρθωσις
3407 4919 3656 4987 γένηται,
3687 4921 3784 4989 τὴν
3817 4920 3891 4971 al-

2321 5015 2443 5068 τίαν
2473 5014 2572 5082 τῆς
2603 5013 2809 5067 ἀνωθεν
2837 5013 2954 5064 κατ’
2981 5011 3145 5063 αὐτοῦ
3173 5011 3386 5072 δικαίας
3410 5012 3582 5081 ὀργῆς
3614 5013 3708 5064 καὶ
3735 5029 3890 5078 τιμω-

2325 5105 2446 5176 ρίας
2485 5105 2586 5158 οὐκ
2619 5105 2975 5173 ἀγνοήσασιν.
3023 5104 3081 5155 'U
3121 5103 3218 5170 μὲν
3249 5101 3340 5154 οῦν
3375 5102 3630 5172 μιθητὴς
3680 5105 3739 5155 ὲν
3778 5105 3889 5153 ἑπι-

2325 5195 2483 5266 σήμῳ
2521 5195 2620 5264 τῆς
2651 5195 2856 5256 πόλεως
2891 5193 3054 5246 αὑτὸν
3085 5192 3358 5263 εὑρηκὼς,
3384 5195 3528 5262 ἔχειν
3555 5212 3611 5246 τι
3635 5194 3788 5264 παρά
3806 5192 3889 5246 τοῦ

2324 5287 2469 5340 θείου
2531 5285 2754 5355 Συμεὼν
2805 5284 2954 5353 αὐτῷ
3006 5284 3338 5350 ἀπαγγεῖλαι
3383 5279 3541 5336 εἶπεν
3568 5301 3582 5313 ·
3615 5285 3643 5336 δ
3675 5286 3767 5337 ἐπὶ
3795 5283 3888 5336 τῶν

2323 5377 2608 5448 παρόντων
2637 5375 2856 5428 ἐκέλευε
2881 5375 3079 5441 λέγειν.
3111 5374 3218 5426 Καὶ
3248 5377 3274 5426 ό
3305 5375 3405 5444 μὲν
3438 5375 3584 5444 ἅπερ
3621 5376 3888 5428 ἐντέταλτο

2323 5472 2558 5539 εἰρήκει,
2597 5472 2625 5522 ὁ
2677 5469 2734 5521 δὲ
2787 5468 2891 5520 ὑπὸ
2930 5467 3184 5534 δαίμονος
3249 5467 3452 5529 εὐθέως
3501 5470 3883 5537 καταρραγεὶς.

2321 5561 2508 5615 δεινῶς
2537 5578 2593 5612 τε
2617 5560 3044 5630 διασπαραχθεῖς
3076 5557 3167 5609 ὑπ’
3194 5558 3382 5623 αὐτοῦ,
3415 5560 3680 5628 αἰσχρῶς,
3719 5557 3878 5629 οἶμοιε

2323 5655 2414 5708 καὶ
2447 5653 2546 5720 τῆς
2598 5651 2964 5720 ἑκδεξαμένης
2999 5652 3160 5704 αὑτὸν
3188 5651 3464 5714 κολάσεως
3495 5652 3662 5718 ἀξίως
3692 5653 3746 5703 ιν
3776 5650 3885 5721 ἂᾷει

2323 5746 2539 5801 πάντων
2574 5745 2942 5813 καταστρέφει
2977 5745 3062 5796 τδν
3095 5743 3226 5812 βίον.
