4082 6462
222 396 365 466 3193

1251 390 1413 453 νιΤΑ
1448 390 1496 448 Α
1534 385 1973 449 NICEPHORO
2008 383 2495 445 CONSCRIPTA.

3355 379 3494 442 3194

225 514 472 570 medium
507 510 754 584 protulit.
795 508 937 564 Ecce
971 513 1153 561 autem
1188 505 1355 558 miser
1387 502 1477 556 ille
1533 500 1798 555 continuo
1836 506 1996 552 terra:
2061 496 2251 550 allisus
2313 493 2723 561 crudeliterque
2767 492 3077 584 discerptus
3129 508 3159 544 a
3221 491 3496 550 daemone.

225 615 284 660 et
318 583 536 676 dignam
596 601 902 659 sceleribus
955 599 1224 654 ultionem
1275 593 1578 664 excipiens,
1633 592 1801 645 vitam
1843 603 1967 642 cum
2005 597 2180 640 morte
2217 585 2537 655 turpissima
2576 583 2956 638 commutavit.

1627 729 1852 793 CAPUT
1892 729 2130 783 XXVIII.

1217 849 1442 918 Integris
1494 846 1710 916 familiis
1748 844 1915 897 multa
1973 839 2220 907 beneﬁcia
2255 840 2477 908 confert.

297 952 429 1006 σκε’.
455 954 705 1022 Ἰσαυρος
731 952 786 1004 δέ
811 966 915 1016 τις,
939 950 1109 1023 δνομα
1132 951 1340 1014 Κόνων,
1371 951 1431 1002 ού
1454 948 1677 1018 χαλεπῷ
1697 946 1808 999 δαί-

1970 955 2111 1010 ·ἓῖὅ.
2147 953 2370 1008 Isaurus
2397 950 2617 1020 aliquis,
2661 960 3014 1021 nuncupatus
3041 951 3256 1018 Conon,
3281 956 3498 1010 crucia-

225 1062 349 1113 μονι
386 1046 667 1114 πέπληκτο
706 1043 888 1113 μόνον,
916 1043 1050 1098 ἀλλά
1075 1045 1163 1097 καὶ
1187 1045 1276 1097 τὸν
1296 1041 1639 1114 ἀστράγαλον
1661 1040 1810 1092 ἕλκει

223 1134 448 1208 πονηρῷ
472 1179 486 1200 ,
509 1137 584 1198 ώς
615 1136 694 1206 τῷ
723 1136 822 1204 μὲν
851 1135 1258 1204 διαμασσᾶσθάι
1289 1134 1386 1204 τὴν
1412 1134 1678 1202 γλῶτταν,
1713 1132 1811 1206 ὅσα

222 1227 318 1279 καὶ
340 1226 506 1294 ἄρτον
529 1227 700 1295 αὐτὴν
722 1224 991 1288 ἐσθίοντα,
1015 1225 1092 1294 τῷ
1113 1226 1169 1278 δὲ
1194 1223 1488 1292 σεσηπὲναι
1511 1223 1568 1274 τὸ
1597 1220 1814 1299 σκέλος,

222 1315 446 1386 σαρκῶν
460 1333 517 1368 τε
540 1315 608 1369 τά
630 1317 764 1369 ὀστᾶ
780 1314 1191 1384 γεγυμνῶσθαι,
1207 1313 1298 1365 καί
1314 1330 1367 1365 τι
1384 1311 1618 1372 δυσῶδες
1635 1309 1814 1362 αὐτῶν

220 1409 490 1463 ἀποπνεῖν
519 1407 594 1469 ὡς
626 1407 760 1477 μηδὲ
787 1406 1023 1476 φορητὸν
1048 1402 1189 1458 εἶναι
1220 1404 1506 1474 ὀσφρήσει.
1535 1397 1702 1464 Οὗτος
1729 1402 1813 1452 ία-

221 1503 373 1569 spot;
391 1501 458 1553 τά
472 1501 600 1554 δντα
617 1499 1066 1571 προσαναλώσας,
1080 1500 1155 1564 ώς
1171 1499 1278 1553 οὐδ’
1295 1497 1473 1552 ὁτιοῦν
1486 1497 1669 1559 αὐτοῖς
1687 1495 1815 1550 ἄλλο

223 1593 364 1663 πρὸς
393 1593 689 1661 θεραπείαν
720 1595 751 1664 ἡ
779 1593 942 1663 τέχνη
972 1596 1254 1664 παρεῖχεν,
1278 1592 1361 1645 δτι
1395 1591 1472 1661 μὴ
1515 1589 1816 1660 πρισθέντα

219 1685 318 1738 τὸν
361 1684 493 1739 πόδα
531 1686 790 1756 κοπῆναι,
813 1686 965 1755 παρὰ
989 1686 1079 1738 τὸν
1115 1685 1258 1737 θεῖον
1297 1682 1690 1752 ἀνακομίζεται
1709 1682 1814 1733 Συ-

1913 1046 2074 1099 batur
2100 1060 2207 1098 non
2241 1044 2419 1097 solum
2448 1043 2516 1096 ab
2548 1041 2756 1098 infesto
2791 1043 3059 1108 daemone,
3090 1060 3283 1100 verum
3327 1045 3492 1101 etiam

1912 1153 1942 1192 a
1966 1136 2170 1192 difﬁcili
2202 1137 2256 1190 in
2294 1137 2403 1190 talo
2426 1136 2644 1199 ulcere;
2688 1149 2864 1204 usque
2897 1135 3037 1189 adeo
3066 1143 3128 1189 ut
3181 1137 3496 1192 mandendo

1909 1227 2152 1302 linguam
2184 1226 2333 1281 velut
2364 1241 2560 1296 panem
2579 1225 2932 1288 comederet;
2960 1235 3312 1295 putresceret
3342 1243 3493 1291 crus,

1911 1335 2033 1374 ossa
2065 1318 2502 1373 destituerentur
2536 1332 2723 1380 carne,
2756 1325 2813 1370 et
2858 1315 3092 1370 fetorem
3147 1318 3499 1386 exspirarent

1914 1411 2139 1464 naribus
2174 1409 2598 1463 intolerabilem.
2629 1408 2725 1461 Ille
2767 1407 3058 1476 absumpta
3104 1408 3255 1462 omni
3293 1410 3349 1463 in
3385 1424 3500 1466 me-

1911 1502 2064 1556 dicos
2087 1500 2413 1565 substantia,
2447 1515 2573 1554 cum
2597 1499 2735 1553 nihil
2756 1499 3062 1569 quidquam
3120 1500 3342 1554 illorum
3373 1511 3494 1556 arte

1911 1593 2203 1662 proficeret
2231 1591 2298 1645 ad
2322 1591 2636 1654 sanitatem,
2661 1590 2768 1644 nisi
2796 1589 2945 1660 quod
2995 1591 3288 1660 praecisum
3343 1607 3498 1648 serra

1909 1684 2105 1754 pedem
2138 1681 2389 1736 dicerent
2424 1679 2850 1750 amputandum,
2879 1681 3164 1735 transtulit
3191 1696 3251 1735 se
3279 1681 3344 1736 ad
3372 1697 3501 1738 san-

227 1775 396 1846 μεὼν,
410 1776 469 1829 δν
486 1776 547 1848 δή
573 1793 676 1829 που
702 1776 796 1829 καὶ
821 1776 979 1845 μόνον
998 1777 1232 1830 ἀνιάτων
1250 1775 1369 1847 ᾔδει
1390 1773 1580 1828 παθῶν
1605 1774 1808 1844 ἰατρόν.

1909 1785 2052 1832 ctum
2077 1775 2431 1846 Symeonem,
2472 1788 2637 1843 quem
2687 1772 2868 1828 solum
2927 1780 3163 1827 noverat
3216 1773 3499 1829 incurabi-

225 1866 430 1919 Τοῦτον
452 1865 596 1929 ὅπως
623 1866 872 1929 ἐλεεινῶς
894 1863 1039 1936 εἶχεν
1061 1868 1268 1928 ἐκεῖνος
1294 1863 1437 1929 ίδὼν,
1454 1864 1644 1932 πράως
1667 1880 1726 1915 τε
1747 1865 1813 1934 τῇ

225 1959 386 2028 βατνῃ
413 1957 592 2029 ρἀδῳ
615 1958 846 2028 πλήξας,
863 1961 954 2011 ἐπὶ
977 1959 1083 2010 τῶν
1107 1956 1323 2010 οἰκείων
1347 1954 1523 2008 ποδῶν
1544 1951 1812 2022 ἐπέτρεψε

224 2051 421 2120 στῆναι
436 2066 448 2081 ⁸
473 2049 565 2102 καὶ
592 2053 935 2119 παραχρῆμα
956 2049 991 2119 ἦ
1013 2065 1072 2102 τε
1098 2047 1330 2102 δυσωδία
1353 2045 1596 2110 ἐσὸεστο,
1613 2045 1706 2096 καὶ
1724 2060 1815 2106 πο,

223 2146 312 2198 σιν
330 2146 358 2198 ό
382 2144 604 2212 κάμνων
622 2144 822 2213 ἐχρῆτο
845 2144 939 2196 καὶ
962 2143 1198 2210 ἀσφαλεῖ
1219 2140 1531 2210 βαδίσματι.
1560 2134 1692 2190 Εἶτα
1723 2137 1813 2204 ιγ-

221 2235 479 2302 γίσαντος
498 2233 648 2303 αὐτῷ
663 2234 762 2303 τῆς
781 2233 1024 2301 κεφαλῆς
1045 2232 1347 2302 ἁψάμενος,
1362 2231 1456 2283 καὶ
1479 2229 1809 2297 σφραγίσας,

1908 1864 2044 1917 lium
2088 1864 2406 1918 morborum
2454 1863 2751 1917 medicum.
2811 1863 2970 1918 Hunc
3020 1870 3130 1917 tam
3196 1863 3498 1920 miserabili

1911 1956 1965 2009 in
2021 1966 2166 2010 statu
2226 1957 2467 2025 positum
2521 1971 2754 2011 cernens
2810 1955 3079 2020 ille.cum
3128 1955 3345 2025 palmea
3397 1973 3499 2012 sua

1909 2047 2062 2117 virga
2097 2047 2462 2118 percussisset
2492 2047 2712 2110 leniter,
2736 2047 2993 2102 hortatus
3015 2056 3122 2111 est,
3160 2056 3222 2102 ut
3258 2047 3498 2117 pedibus

1909 2139 2027 2192 suis
2056 2147 2265 2193 staret:
2299 2146 2355 2192 et
2383 2139 2649 2192 continuo
2675 2137 2814 2193 abiit
2880 2138 3281 2208 graveolentia,
3325 2149 3495 2210 atque

1909 2245 2052 2299 aeger
2071 2229 2307 2298 pedibus
2333 2229 2448 2283 suis
2479 2238 2533 2282 et
2557 2229 2782 2298 quidem
2819 2228 2993 2283 ﬁrmis
3023 2228 3089 2283 ad
3122 2244 3318 2284 secure
3365 2246 3496 2300 gra-

235 2325 327 2378 Ἐν
350 2325 572 2394 ὀνόματι
597 2323 691 2378 τοῦ
729 2324 931 2394 Κυρίου
961 2325 1054 2377 καὶ
1081 2322 1217 2376 Θεοῦ
1248 2322 1342 2375 καὶ
1376 2321 1626 2392 Σωτῆρος
1653 2319 1808 2388 ἡμῶν

1915 2321 2176 2376 diendum
2207 2330 2293 2376 est
2324 2337 2477 2375 usus.
2523 2319 2732 2375 Deinde
2783 2319 3014 2391 propius
3067 2320 3385 2376 accedentis
3427 2320 3499 2378 ad

234 2417 413 2488 Ἰησοῦ
447 2416 707 2488 Χριστοῦ,
735 2417 1014 2470 ἐπιτάσσω
1045 2433 1127 2468 σοι
1156 2414 1233 2484 τῷ
1260 2413 1482 2483 πονηρῷ
1513 2411 1808 2481 πνεύματι,

220 2510 350 2578 ἔφη,
372 2507 608 2571 ἐξελθεῖν
640 2507 734 2559 τοῦ
768 2504 1057 2574 ἀνθρώπου
1092 2503 1303 2568 τούτου,
1329 2504 1423 2556 καὶ
1450 2503 1644 2573 μηκέτι
1673 2501 1810 2571 πρὸς

219 2600 387 2654 αὐτὸν
400 2597 753 2669 ἀναστρέψαι.
769 2598 828 2650 Ὀ
851 2597 946 2666 μὲν
963 2597 1054 2650 οὖν
1071 2596 1281 2665 δαίμων
1297 2596 1457 2659 εὐθὺς
1474 2593 1805 2663 ἀπελήλατο·

219 2695 287 2762 τῇ
313 2690 369 2744 δὲ
389 2689 484 2743 τοῦ
513 2689 668 2752 ποδὸς
701 2689 882 2760 πληγῇ
908 2688 1008 2759 τῆς
1031 2688 1239 2750 οίκείας
1267 2686 1575 2740 ἐπιϐάλλειν
1607 2685 1807 2747 κόνεως

221 2782 438 2836 κελεύει
466 2781 544 2851 τῷ
569 2780 785 2851 τυχόντι
829 2781 930 2849 τῆς
977 2780 1304 2852 θεραπείας·
1334 2780 1455 2848 ἥτις
1497 2778 1704 2847 σάρκας
1745 2792 1806 2828 τε

220 2873 411 2942 ἔφυσε,
440 2874 534 2927 καὶ
573 2872 748 2942 δέρμα
789 2872 874 2924 ἐπ’
906 2873 1075 2935 αὑτὰς
1120 2872 1374 2936 ἐξέτεινε,
1402 2870 1496 2923 καὶ
1542 2867 1700 2938 ὑγιὴς
1748 2869 1806 2918 ὲν

221 2965 418 3036 βρακεῖ
443 2967 470 3027 ό
491 2963 682 3036 πρώην
705 2964 1092 3033 ἀθεραπεύτως
1117 2964 1278 3033 ἔχων,
1301 2963 1437 3032 αὐτῇ
1464 2962 1685 3028 γυναικὶ
1707 2959 1804 3012 καὶ

217 3057 559 3127 προσήκουσι
588 3057 683 3113 καὶ
710 3055 814 3124 ὅλῳ
845 3055 1033 3125 σχεδὸν
1066 3056 1345 3108 ἐπάνεισιν
1371 3054 1526 3125 οἴκῳ.

1913 2429 1970 2467 se
1993 2421 2158 2482 caput
2217 2412 2398 2482 tetigit
2425 2420 2650 2466 sanctus
2693 2418 2859 2480 atque
2910 2411 3154 2481 signavit
3182 2410 3402 2466 dicens:
3437 2411 3499 2465 In

1912 2505 2134 2558 nomine
2168 2502 2384 2556 Domini
2420 2509 2476 2556 et
2519 2501 2612 2555 Dei
2649 2510 2813 2570 atque
2840 2499 3143 2557 Salvatoris
3172 2503 3347 2557 nostri
3365 2501 3495 2558 Iesu

1911 2595 2117 2650 Christi
2146 2593 2405 2662 praecipio
2436 2591 2559 2657 tibi,
2602 2586 2840 2662 maligne
2867 2591 3117 2662 spiritus,
3152 2581 3214 2647 ut
3261 2593 3502 2650 facessas

1913 2700 1980 2739 ex
2015 2683 2119 2738 hoc
2169 2681 2416 2746 homine,
2465 2690 2521 2735 et
2579 2695 2861 2749 nunquam
2911 2679 3153 2750 amplius
3211 2681 3268 2735 in
3315 2681 3499 2752 ipsum

1915 2777 2179 2829 introeas.
2226 2773 2502 2843 Expulsus
2528 2774 2714 2841 itaque
2737 2773 2923 2827 statim
2969 2782 3054 2828 est
3089 2772 3325 2829 dmmon.
3356 2773 3499 2828 Tum

1908 2867 2242 2937 jussitillum
2266 2865 2483 2920 vulneri
2512 2864 2673 2934 pedis
2733 2865 2944 2934 aliquid
3005 2865 3250 2935 pulveris
3283 2866 3378 2937 sui
3412 2867 3501 2922 in-

1913 2974 2345 3028 spergere;quo
2377 2957 2561 3011 statim
2625 2957 2676 3011 ei
2733 2966 2926 3012 renata
2959 2973 3091 3013 caro
3145 2968 3204 3014 et
3259 2958 3501 3014 obducta

1914 3046 2072 3116 pellis
2096 3055 2214 3100 est:
2257 3052 2421 3113 atque
2454 3045 2608 3099 brevi
2640 3055 2968 3113 persanatus
3020 3045 3088 3100 ad
3131 3061 3380 3112 uxorem,
3432 3047 3502 3102 ad

214 3131 579 3206 propinquos,
631 3136 700 3190 ad
775 3137 1038 3192 familiam
1102 3138 1417 3192 universam
1463 3136 1659 3197 rediit,
1711 3134 1806 3204 qui
1842 3136 2004 3205 paulo
2033 3143 2160 3188 ante
2189 3135 2511 3206 incurabilis
2555 3135 2889 3190 habebatur.

288 3233 437 3293 σκς’.
472 3226 655 3282 Ἱκανὰ
687 3227 785 3297 μὲν
804 3226 898 3282 οὖν
926 3223 986 3282 εὖ
1009 3224 1127 3284 οἶδα
1157 3230 1317 3299 κόρον
1339 3230 1530 3291 ἀκοαῖς
1565 3230 1802 3285 ἐνθεῖναι

210 3321 284 3375 τὰ
312 3320 600 3392 είρημένα,
627 3318 762 3373 ἀλλά
786 3321 999 3390 σιωπῆς
1017 3321 1118 3374 οὐκ
1151 3321 1276 3387 ἀξια
1302 3321 1466 3375 πάλιν
1488 3323 1557 3375 τὰ
1580 3322 1803 3391 ἑφεξῆς.

211 3411 518 3474 Νεανίσκος
545 3410 655 3481 γάρ
679 3427 763 3475 τις
788 3411 853 3464 ὲκ
889 3409 1084 3481 κώμης
1112 3410 1417 3474 Καλλινέας
1439 3411 1802 3481 καλουμένης,

1981 3227 2108 3282 226.
2133 3227 2266 3295 Quae
2300 3228 2570 3282 hactenus
2593 3227 2740 3283 dicta
2801 3237 2932 3284 sunt
2989 3229 3132 3286 bene
3187 3231 3380 3297 multa,
3409 3247 3502 3287 sa—

1912 3319 2158 3376 tietatem
2177 3320 2336 3374 vobis
2363 3319 2730 3390 ingesserunt,
2758 3319 2874 3374 scio
2901 3337 2916 3374 :
2966 3330 3346 3377 verumtamen
3377 3338 3502 3392 quas

1911 3413 2241 3481 sequuntur,
2278 3409 2663 3480 praetereunda
2719 3410 2942 3466 silentio
2985 3427 3097 3465 non
3147 3420 3295 3466 sunt.
3334 3413 3501 3469 Juve-

210 3501 254 3555 Γ
257 3500 491 3573 εώργιος
524 3500 716 3571 δνομα,
752 3501 1012 3555 σκάπτων
1043 3503 1100 3555 ὲν
1125 3501 1449 3564 οίκοπέδοις,
1477 3502 1721 3572 μνήματί
1747 3520 1804 3554 τε

1913 3501 2001 3555 nis
2025 3500 2248 3569 quidam
2279 3516 2345 3554 ex
2374 3514 2533 3570 pago,
2565 3499 2660 3568 qui
2687 3499 2995 3556 vocabatur
3023 3500 3307 3560 Callinea:
3360 3503 3499 3573 ipse.

210 3591 550 3663 περιτυχὼν,
595 3593 691 3646 καὶ
719 3592 878 3646 τοῦτο
911 3592 1186 3664 διορύξας,
1221 3592 1397 3646 ἐλπίδι
1427 3591 1802 3663 τούκρυπτό-

1909 3590 2204 3660 Georgius;
2239 3590 2441 3644 rudera
2475 3591 2674 3646 domus
2707 3607 2936 3654 eruens,
2981 3592 3125 3647 forte
3177 3591 3403 3649 fortuna
3439 3595 3496 3650 in

213 3699 383 3754 μενον
406 3682 546 3753 τάχα
571 3683 842 3755 θησαυρὸν
867 3683 1134 3755 ἀνευρεῖν,
1163 3685 1380 3753 δαίμονι
1405 3684 1628 3756 χαλεπῷ
1653 3703 1808 3756 περι-

210 3774 406 3828 πίπτει
426 3775 544 3844 (τῆς
569 3775 721 3845 δίκης
746 3775 934 3848 ὥσπερ
967 3778 1170 3832 ἀνεκτά
1200 3778 1458 3849 θεμένης,
1481 3782 1527 3833 εί
1560 3780 1632 3850 μὴ
1659 3780 1808 3852 παρά

209 3861 385 3925 πόδας
418 3863 625 3917 ἐποίσει
657 3865 752 3918 καὶ
781 3865 1095 3938 τιμωρίαν),
1125 3867 1218 3920 καί
1248 3885 1400 3932 τινας
1425 3864 1511 3922 οἷα
1541 3873 1808 3937 γυναῖκας

213 3952 344 4007 ίδὼν
394 3954 542 4025 αύτῷ
589 3957 1027 4026 συμπλακείσας,
1060 3959 1447 4029 μυκησάμενος
1487 3962 1628 4014 κατά
1657 3961 1805 4033 βοῦν,

207 4047 295 4108 είς
321 4046 425 4115 γῆν
452 4048 771 4119 κατερράγη
793 4063 807 4078 ·
834 4048 895 4113 ιε
913 4049 1125 4103 ἐκείνου
1151 4051 1332 4103 τοίνυν
1359 4051 1556 4105 ὁπόσαι
1587 4053 1802 4120 νύκτες,

211 4137 542 4208 ῥιπτόμενος
571 4139 773 4206 ὁμοίως
796 4140 875 4202 είς
905 4139 1100 4208 ἔδαφος
1126 4144 1219 4194 καὶ
1247 4144 1691 4212 σπαραττόμενος
1715 4140 1803 4215 ἦν,

207 4227 390 4304 ἀιεροῦ
420 4246 482 4282 τε
511 4230 871 4308 παραπτύων,
901 4233 996 4285 καὶ
1025 4233 1094 4286 τά
1123 4234 1271 4286 ἔνδον
1301 4235 1802 4306 ἀναδρασσόμενος.

217 4317 544 4389 ’Υπανῆπτε
595 4321 651 4373 δὲ
692 4322 843 4392 αὐτῷ
872 4323 966 4376 καὶ
995 4324 1329 4395 ζηλοτυπίας
1367 4327 1460 4379 ἐπὶ
1485 4330 1549 4396 τῇ
1584 4331 1807 4395 γυναικὶ

205 4408 418 4478 φλόγας
476 4411 503 4462 ὁ
535 4413 754 4483 μιαρὸς,
789 4413 1042 4486 καθάπερ
1072 4417 1211 4486 αὐτῇ
1247 4415 1642 4486 συνεληλυθὼς,
1669 4419 1808 4489 ὅπερ

202 4495 279 4571 ἧν
321 4499 471 4571 αὐτῷ
518 4502 620 4572 τῆς
679 4506 970 4576 συμφορᾶς
1028 4506 1091 4558 τὸ
1137 4505 1463 4576 βαρύτατον.
1509 4508 1624 4561 Οὐκ
1668 4508 1808 4578 ἔχων

202 4587 304 4646 οὖν
337 4592 367 4646 ὅ
395 4593 448 4645 τί
476 4610 603 4646 ποτε
629 4595 758 4648 ἄλλο
787 4597 923 4665 πρὸς
946 4596 1119 4649 κακὸν
1153 4596 1471 4667 τηλικοῦτον
1501 4599 1805 4669 επινοήσει,

202 4684 526 4755 προσελθὼν
547 4690 614 4758 τῇ
638 4687 732 4740 τοῦ
762 4688 1000 4758 μεγάλου
1037 4689 1244 4755 στάσει,
1275 4690 1456 4762 ῥίπτει
1502 4691 1645 4744 κατά
1704 4692 1808 4762 γῆς

203 4776 428 4842 ἑαυτὸν,
460 4777 558 4840 τάς
597 4777 978 4849 κατασχούσας
1025 4779 1188 4833 αὑτὸν
1217 4780 1624 4852 ἀποδυρόμενος
1668 4799 1807 4852 συμ-

203 4870 407 4939 φοράς.

1910 3695 2328 3737 monumentum
2357 3683 2570 3748 incidit,
2601 3683 2749 3754 quod
2785 3684 2880 3738 ubi
2909 3684 3180 3739 eﬂ‘oderat
3215 3702 3312 3756 spe
3339 3702 3499 3758 repe-

1908 3774 2088 3830 riendi
2123 3775 2382 3829 latentem
2419 3775 2760 3840 thesaurum,
2800 3775 2868 3829 ab
2896 3775 3099 3830 infesto
3124 3776 3374 3833 daemone
3403 3794 3500 3834 oc-

1908 3876 2140 3937 cupatus
2169 3877 2256 3922 est
2291 3867 2470 3937 (quasi
2509 3868 2675 3922 nimis
2726 3868 2864 3922 levis
2898 3867 3090 3921 futura
3144 3877 3295 3923 esset
3358 3869 3500 3924 ultio

1906 3975 2028 4028 quae
2058 3975 2167 4012 non
2201 3959 2347 4013 illico
2379 3974 2594 4028 poenam
2620 3959 2947 4027 intulisset),
2991 3966 3046 4012 et
3097 3959 3363 4028 quasdam
3399 3977 3502 4013 vr.-

1907 4051 2008 4105 luti
2036 4052 2300 4106 mulieres
2335 4051 2513 4120 ipsum
2547 4052 2980 4121 complectentes
3019 4051 3256 4107 intuitus
3303 4066 3368 4106 ac
3397 4051 3498 4107 bo-

1906 4142 1992 4196 vis
2012 4144 2186 4196 instar
2217 4142 2388 4197 edens
2421 4143 2714 4212 mugitum,
2743 4143 2798 4196 in
2827 4152 3031 4198 terram
3063 4156 3310 4213 praeceps
3333 4143 3498 4199 datus

1908 4245 1992 4288 est
2038 4255 2052 4292 :
2096 4235 2258 4305 idque
2322 4233 2525 4287 exinde
2558 4250 2657 4302 per
2681 4233 2930 4304 singulas
2960 4235 3254 4290 accidebat
3282 4245 3495 4302 noctes;

1908 4325 2238 4378 allidebatur
2271 4325 2419 4380 enim
2446 4325 2613 4380 simili
2648 4325 2813 4380 modo
2838 4335 3022 4392 terrm,
3052 4341 3116 4381 ac
3145 4327 3496 4382 dilaceraba-

1911 4425 2021 4480 tur,
2103 4425 2394 4484 spumante
2446 4431 2568 4480 ore,
2631 4417 3056 4487 visceribusque
3110 4419 3490 4473 aestuantibus.

1908 4505 2155 4578 Subjecit
2181 4522 2402 4576 quoque
2430 4507 2546 4577 ipse
2613 4508 2898 4580 zel0typia:
2947 4509 3096 4564 faces
3127 4509 3341 4564 ratione
3365 4525 3502 4564 uxo-

1907 4600 1984 4654 ris
2019 4615 2256 4670 nequam
2283 4601 2531 4669 spiritus,
2561 4610 2820 4670 tanquam
2845 4603 2892 4656 si
2935 4603 3053 4672 ipse
3090 4618 3214 4656 cum
3244 4603 3335 4656 illa
3374 4618 3492 4657 rem

1908 4691 2226 4746 habuisset:
2268 4691 2323 4745 id
2375 4691 2525 4762 quod
2583 4693 2799 4746 homini
2839 4707 3158 4748 aarumuoso
3221 4695 3488 4749 aerumnis

1907 4783 2169 4839 omnibus
2221 4784 2442 4853 gravius
2484 4785 2792 4840 accidebat.
2860 4786 3113 4842 Tandem
3165 4801 3292 4840 cum
3351 4787 3500 4840 aliud

1909 4874 2140 4929 haberet
2163 4875 2302 4930 nihil
2325 4875 2471 4945 quod
2528 4885 2692 4931 tantae
2758 4877 3071 4942 calamitati
3095 4878 3388 4948 obiiceret.
3426 4877 3496 4930 ad

203 4961 393 5030 magni
445 4961 734 5033 Symeonis
794 4964 1108 5020 columnam
1168 4966 1505 5037 procedens,
1565 4965 1793 5037 conjicit
1833 4979 1954 5023 sese
1982 4965 2038 5019 in
2059 4973 2288 5028 terram,
2318 4965 2655 5029 luctuosum,
2709 4965 2765 5020 in
2824 4983 2934 5037 quo
2961 4975 3080 5022 erat
3107 4973 3312 5021 statum
3340 4982 3502 5021 suum

203 5055 537 5108 lamentans.

283 5145 422 5210 σκζ’.
448 5147 580 5210 Ταῖς
610 5148 778 5202 αὐτοῦ
835 5151 1014 5206 τοίνυν
1070 5154 1376 5223 ίκετηρίαις
1424 5153 1800 5219 ἐπικλασθεὶς,

1976 5154 2103 5208 227.
2146 5154 2260 5209 Hoc
2293 5161 2400 5208 tam
2448 5153 2684 5223 supplici
2720 5153 2919 5224 agendi
2979 5151 3144 5206 modo
3187 5160 3505 5205 commotus

205 5240 444 5305 Παῦσαι,
473 5240 690 5309 ἀδελφὲ,
724 5241 1072 5314 ὀδυρόμενος,
1093 5245 1219 5316 ἔφη,
1255 5247 1349 5299 καὶ
1379 5246 1561 5300 οἴκαδε
1602 5246 1804 5315 μᾶλλον

1914 5247 2005 5300 ille
2050 5263 2062 5297 :
2097 5245 2318 5307 Desine,
2362 5243 2561 5313 inquit,
2605 5244 2678 5298 mi
2726 5242 2918 5304 frater,
2950 5240 3265 5302 lamentari,
3302 5255 3366 5293 ac
3403 5239 3504 5293 d0-

203 5333 477 5401 ἐπάνηκε,
529 5333 623 5385 καὶ
656 5335 756 5386 οὐκ
789 5336 1114 5406 ἀστοχήσεις
1158 5337 1256 5406 τῆς
1290 5337 1610 5408 θεραπείας.
1658 5340 1715 5391 '0
1743 5340 1801 5392 δὲ

1910 5351 2062 5389 mum
2114 5333 2405 5404 regredere
2461 5334 2681 5404 potius,
2738 5343 2795 5387 et
2846 5349 2955 5387 non
3017 5331 3377 5386 frustraberis
3427 5345 3509 5383 Sa-

204 5425 307 5494 τὴν
350 5425 684 5492 ἐπαγγελίαν
718 5427 972 5497 ἀσμένως
1011 5429 1325 5499 δεξάμενος,
1363 5430 1552 5502 ὥσπερ
1577 5432 1676 5502 ἤδη
1707 5432 1800 5484 τοῦ

1913 5431 2104 5485 nitate.
2158 5431 2384 5500 Accepit
2433 5446 2566 5500 ergo
2607 5429 3005 5499 promissiones
3050 5429 3174 5482 laeto
3209 5427 3414 5489 animo,
3450 5437 3507 5480 et

206 5515 547 5587 ποθουμένου
605 5518 783 5589 τυχὼν
835 5522 1097 5593 ἐπανῄει·
1157 5523 1252 5575 καὶ
1307 5522 1406 5594 τὴν
1465 5526 1561 5596 μὲν
1623 5526 1802 5578 οἰκίαν

1909 5523 2077 5577 veluti
2117 5523 2226 5592 jam
2281 5531 2466 5575 certus
2525 5522 2787 5576 desiderii
2848 5519 3163 5583 obtinendi,
3221 5532 3505 5587 regressus

211 5607 644 5677 καταλαμϐάνει,
676 5611 773 5683 τὴν
816 5618 1051 5680 γυναῖκα
1101 5615 1156 5669 δὲ
1200 5617 1297 5687 οὐχ
1352 5617 1614 5688 εὑρίσκει.
1667 5620 1797 5672 Ἀπ-

1909 5625 2010 5671 est.
2047 5615 2116 5670 At
2145 5615 2370 5668 domum
2403 5615 2686 5685 ingressus
2721 5615 2929 5668 nullam
2963 5609 3335 5682 deprehendit
3367 5624 3504 5662 uxo-

205 5700 343 5768 έδρα
373 5701 480 5771 γὰρ
512 5701 635 5770 ἤδη,
676 5707 1134 5777 συσκευασαμένη
1166 5705 1234 5760 τά
1292 5706 1441 5772 ὄντα,
1487 5709 1545 5762 τὸ
1598 5709 1796 5780 βρέφος

1909 5724 2060 5771 rem;
2113 5708 2222 5777 jam
2270 5706 2474 5777 quippe
2534 5708 2848 5777 aufugerat,
2908 5712 3254 5774 comportata
3309 5715 3496 5756 secum

206 5790 300 5843 λιτὶ
335 5790 432 5863 τῆς
464 5791 638 5856 οίκίας
671 5796 815 5866 (ἄρτι
859 5796 964 5868 γὰρ
1003 5797 1065 5852 ἐκ
1095 5797 1185 5852 τοῦ
1221 5799 1412 5870 ἀνδρὸς
1449 5800 1584 5870 ὲκύη
1615 5801 1793 5870 μόνον)

1909 5817 1958 5855 re
2013 5799 2308 5867 familiari;
2365 5802 2570 5856 infante
2628 5809 2834 5867 autem,
2873 5815 3036 5870 quem
3074 5798 3343 5852 hactenus
3374 5793 3496 5851 uni~
