4082 6448
189 407 335 469 3107

1214 418 1381 476 VLTA
1421 422 1467 476 Α
1506 418 1941 476 ΝΙΟΕΡΗΟΒΟ
1980 417 2464 476 CONSCRIPTAZ

3302 410 3444 474 SiQ‘B

193 529 342 583 οἴων
386 530 632 595 μεγάλων
677 529 864 583 παθῶν
909 529 1242 594 ἀπαλλάξας,
1277 532 1397 584 οὐδὲ
1428 530 1543 600 βίου
1573 528 1754 581 σπανί‹

1871 529 2212 582 daemonibus
2246 529 2482 580 insessos
2521 522 2773 587 curavit;
2826 530 2881 576 et
2939 525 3256 578 universam
3294 526 3456 578 fami-

193 624 382 680 ςοντας
432 621 718 688 περιεῖδεν.
765 619 905 671 Ἄλλ“
932 620 1054 671 ἐπεὶ
1109 620 1231 690 μηδ’
1265 620 1442 672 ὁτιοῦν
1487 619 1614 673 ἄλλο
1647 620 1772 674 τοῦ-

188 727 302 773 τοις
355 717 434 768 ὅτι
485 712 559 779 μὴ
615 710 822 779 βραχὺς
877 709 1016 774 οἶνος
1059 711 1287 780 προσῆν,
1345 712 1436 764 καὶ
1480 708 1633 773 οὗτος
1683 715 1767 775 ἑξ-

191 800 439 869 εστηκὼς
483 817 541 852 τε
584 801 676 852 καὶ
727 795 1027 870 δευτερίας,
1064 803 1192 869 ἡδὺν
1239 805 1332 854 καὶ
1361 803 1547 856 τοῦτον
1586 805 1767 868 αὐτοῖς

185 894 252 960 τῇ
285 892 462 960 οἰκείᾳ
493 893 672 962 τίθησι
702 893 868 956 κόνει,
902 893 996 944 καὶ
1024 893 1273 962 πότιμον,
1318 895 1408 947 καὶ
1444 895 1731 960 ἐπαγωγόν
1752 912 1764 926 ⁸

185 982 280 1034 καὶ
304 983 474 1044 οὕτως
506 985 602 1036 οὐκ
628 985 809 1053 ὀλίγου
838 983 1090 1054 πραθεὶς,
1130 986 1364 1057 ἧρκεσεν
1386 985 1571 1047 αὐτοῖς
1594 988 1672 1050 είς
1700 986 1769 1036 τὰ

185 1077 291 1125 ἀνα
301 1077 483 1139 γ’καῖα.

257 1244 354 1300 al’.
384 1246 605 1309 Τούτοις
637 1249 782 1314 ἄξιον
817 1252 993 1303 ἐκεῖνο
1027 1252 1359 1320 προσθεῖναι·
1390 1251 1765 1322 Πρεσϐύτερός

178 1355 286 1400 τις,
311 1339 372 1401 ὲκ
402 1338 592 1408 κώμης
623 1341 910 1403 Βασιλείας
940 1341 1082 1394 οὕτω
1103 1342 1400 1411 λεγομένης
1422 1345 1761 1412 ὁρμώμενος,

183 1429 456 1492 πολύπαις
484 1429 577 1489 ὢν,
610 1433 778 1493 ἅπαις
809 1433 1109 1496 ἐδείκνυτο,
1142 1433 1238 1502 τὴν
1279 1436 1356 1497 εἰς
1389 1434 1503 1500 φῶς
1531 1435 1762 1485 ἑκάστου

177 1522 289 1573 τῶν
315 1522 647 1590 τικτομένων
681 1524 906 1591 πρόοδον
942 1524 1206 1595 ,τελευτῆς
1237 1525 1394 1587 εὐθὺς
1447 1526 1764 1596 διαδεχομέ-

177 1631 299 1682 νης.
335 1615 583 1682 Πρόσεισι
623 1616 802 1666 τοίνυν
832 1617 887 1668 ἐν
919 1620 1117 1685 συνοχῇ
1155 1617 1497 1686 σπλάγχνων,
1531 1619 1626 1671 καὶ
1672 1636 1763 1671 πι-

177 1703 330 1770 κρῶν
382 1704 631 1773 δακρύων
690 1707 917 1775 ἐπιρροῇ
946 1705 1021 1773 τῷ
1052 1706 1360 1777 θαυματτῴ
1407 1707 1654 1777 Συμεὼν,
1693 1710 1760 1762 τὰ

179 1793 312 1845 tear)"
334 1793 491 1846 αὑτὸν
515 1793 876 1864 ἀπαγγέλλων
896 1814 909 1828 ·
930 1795 1034 1848 Καὶ
1050 1793 1128 1856 ὃς.
1150 1799 1443 1867 Ἐπάνηκε,
1476 1801 1610 1868 φησὶ
1643 1801 1761 1870 χαί-

180 1900 313 1951 ρων,
348 1885 484 1952 ἔχων
506 1886 604 1954 ἤδη
638 1887 697 1938 τὸ
721 1889 940 1956 αίτηθὶν
970 1893 1033 1943 ὲκ
1058 1889 1215 1941 θεοῦ,
1250 1888 1339 1958 Τῷ
1367 1889 1422 1941 δὲ
1452 1891 1553 1959 τὴν
1583 1891 1756 1955 ἐπαγ-

174 1973 366 2040 γελίαν
436 1975 508 2037 ὡς
563 1978 885 2046 εὐεργεσίαν
939 1980 1206 2048 αὐτοτελῆ
1267 1978 1544 2049 δεξαμένῳ
1580 2023 1596 2045 ,
1664 1982 1758 2034 καλ⁸

173 2065 369 2135 ὥσπερ
409 2085 460 2118 τι
483 2068 660 2138 ψυχῆς
686 2071 850 2138 ὄχθος
885 2073 1209 2142 ἀποθεμένῳ
1240 2071 1543 2142 βαρύτατον
1567 2113 1580 2133 ,
1609 2075 1758 2142 τρεῖς

174 2158 272 2210 ἐπὶ
298 2158 528 2230 θυγατρὶ
556 2161 849 2227 γεννῶνται
883 2163 1019 2231 μετὰ
1043 2163 1217 2214 ταῦτα
1250 2162 1352 2214 υίοί
1377 2178 1390 2192 ⁶
1424 2157 1498 2214 ὢν
1553 2165 1582 2214 ό
1625 2179 1755 2231 πρε·

175 2249 442 2316 σϐύτερος
468 2251 627 2304 πάθει
645 2252 993 2319 δυσεντερίας
1025 2254 1206 2316 ἁλοὺς,
1237 2255 1329 2306 καὶ
1346 2253 1442 2321 τὴν
1470 2253 1527 2318 ἐξ
1549 2251 1755 2323 ἀνθρώο

173 2359 295 2392 πων
327 2343 416 2393 καὶ
444 2341 637 2412 τέχνης
687 2344 957 2410 ἀπογνοὺς
991 2343 1311 2413 θεραπείαν,
1353 2347 1444 2396 ἐπὶ
1493 2344 1581 2396 τὸν
1615 2345 1756 2397 θεῖον

173 2430 402 2499 Συμεὼν
464 2432 840 2500 καταφεύγει,
885 2434 980 2484 καὶ⁵
1026 2433 1100 2494 ὡς
1156 2435 1316 2486 αὑτὸν
1363 2435 1757 2503 ἀνακομισθεὶς

172 2520 328 2589 παρὰ
351 2521 441 2572 τοῦ
473 2522 746 2586 τεκόντος,
775 2519 861 2575 οἶα
906 2523 1027 2594 μηδ’
1064 2527 1252 2593 ἀρκεῖν
1269 2525 1448 2596 ἑαυτῷ
1485 2527 1621 2596 πρὸς
1657 2527 1757 2595 τὴν

171 2609 402 2679 πορείαν
427 2610 745 2683 δυνάμενος,
780 2613 1067 2666 ἐπάνεισιν
1092 2616 1272 2686 ὑγιής.
1298 2622 1300 2624 ’

244 2787 379 2840 σλα⁰.
420 2787 579 2842 Ἀλλὰ
610 2788 706 2859 τὴν
733 2790 818 2842 ἐπ’
839 2789 988 2858 αὑτῷ
1019 2789 1111 2842 τοῦ
1136 2808 1210 2843 πα
1223 2791 1340 2860 τρδς
1371 2790 1711 2861 εὐφροσύνην
1739 2831 1754 2855 ,

168 2877 380 2948 ἀθυμία
406 2880 568 2933 πάλιν
602 2880 901 2950 ἐκδέχεται,
937 2880 1108 2951 λήθην
1133 2882 1226 2932 καὶ
1251 2881 1422 2949 αὐτῆς
1451 2881 1756 2949 ἐμποιοῦσα

169 2971 322 3039 (ἐπεὶ
373 2973 466 3024 καὶ
520 2973 762 3038 πέφυκεν
790 2973 912 3025 ὅλον
939 2972 1014 3034 ὡς
1051 2975 1119 3026 τὰ
1151 2972 1320 3025 πολλὰ
1377 2971 1622 3040 γίνεσθαι
1660 2974 1752 3026 τοῦ

168 3061 440 3132 παρόντος
469 3063 530 3115 τί)
551 3063 649 3130 τῆς
680 3063 860 3132 ψυχῆς
896 3067 1090 3132 χαῖρον
1121 3065 1151 3132 ἢ
1194 3064 1611 3132 παθαινόμενον,
1648 3065 1753 3123 τῶν

1874 621 1999 674 liam
2025 620 2280 686 gravibus
2310 618 2466 670 malis
2519 613 2771 668 liberavit
2801 631 2812 663 τ
2840 629 2941 667 nor
2984 614 3299 681 despiciens
3328 630 3456 668 eam-

1871 711 2239 780 negligensve.
2268 706 2412 782 quod
2442 705 2517 763 rei
2551 705 2837 758 tamiliaris
2888 707 3117 771 penuria
3166 720 3451 773 proruere-

1873 812 1996 854 tur:
2024 801 2157 868 quin
2189 799 2392 866 potius.
2420 796 2681 864 quoniam
2715 793 2849 846 nihil
2888 793 2997 846 illis
3030 800 3316 861 superaret
3341 794 3449 847 nisi

1869 891 2170 960 pauxillum
2199 887 2333 948 vini,
2371 887 2533 954 idque
2560 883 2817 952 fugientis
2851 893 2906 936 et
2955 882 3288 937 secundarii.
3313 881 3447 934 illud

1869 982 2094 1050 pulvere
2145 993 2243 1032 suo
2291 992 2455 1030 suave
2495 983 2550 1028 et
2605 982 2790 1043 aptum
2843 974 2994 1041 potui
3033 988 3094 1024 ac
3152 972 3448 1024 delicatum

1871 1071 2139 1125 reddidit:
2174 1079 2336 1138 atque
2369 1068 2440 1120 ita
2466 1083 2574 1120 non
2599 1066 2748 1135 parvi
2772 1063 3078 1128 venditum,
3103 1062 3323 1116 suﬂ‘ecit
3353 1078 3452 1118 ne-

1869 1163 2122 1222 cessariis
2155 1163 2278 1214 vitae
2298 1158 2704 1228 comparandis.

1937 1253 2058 1307 250.
2102 1253 2258 1306 Hisce
2283 1252 2505 1319 dignum
2541 1259 2623 1302 est
2674 1247 2806 1302 illud
2829 1247 2972 1316 quod
3011 1245 3244 1299 addatur
3276 1263 3288 1297 :
3317 1245 3450 1298 Pre-

1868 1346 2055 1416 sbyter
2113 1345 2358 1414 quidam,
2416 1358 2481 1395 ex
2533 1355 2668 1409 pago
2721 1340 2814 1408 qui
2877 1338 3181 1392 vocabatur
3237 1336 3450 1390 Basilea

1867 1436 2158 1497 oriundus,
2193 1450 2317 1487 cum
2360 1434 2565 1487 multos
2592 1431 2872 1500 genuisset
2900 1429 3129 1491 liberos,
3156 1430 3276 1482 sine
3307 1427 3449 1480 libe-

1868 1530 1943 1583 ris
1966 1539 2104 1589 erat,
2145 1538 2340 1586 morte.
2365 1525 2526 1581 simul
2567 1535 2729 1594 atque
2775 1524 2908 1578 editi
2936 1524 2988 1576 in
3040 1524 3217 1576 lucem
3242 1530 3446 1582 essent.

1866 1635 2140 1690 quemque
2185 1627 2510 1687 occupaute.
2563 1617 2828 1683 Properat
2873 1614 3039 1684 igitur
3093 1614 3145 1665 in
3197 1613 3451 1682 angustia

1865 1708 2050 1762 cordis
2083 1717 2326 1762 torrente
2353 1707 2676 1760 acerbat-uin
2706 1706 3073 1776 lacrymarum
3092 1705 3445 1771 decurrente,

1865 1799 1931 1852 ad
1967 1799 2274 1853 mirabilem
2305 1798 2655 1868 Symconem,
2716 1810 2898 1848 rerum
2965 1810 3190 1848 suarum
3243 1803 3444 1847 statum

1864 1887 2236 1942 nuntiaturus.
2301 1885 2403 1940 Cui
2461 1895 2744 1940 sanctus:
2808 1885 3111 1938 Revertere
3163 1882 3445 1952 gaudens;

1862 1979 2314 2047 concessumjam
2339 1977 2438 2031 tibi
2471 1994 2499 2030 a
2527 1977 2637 2030 Deo
2690 1987 2796 2038 est,
2833 1975 2980 2042 quod
3012 1975 3241 2044 petiisti.
3286 1973 3446 2028 Exci-

1861 2066 1942 2134 pit
1967 2064 2056 2119 ille
2084 2067 2530 2134 promissionem,
2563 2075 2622 2118 ut
2667 2065 2996 2120 beneﬁcium
3030 2065 3209 2133 reipsa
3265 2063 3443 2133 impe-

1865 2164 2086 2222 tratum,
2111 2168 2165 2211 et
2217 2158 2432 2212 sccluso
2486 2157 2678 2212 dolore
2740 2155 2924 2210 cordis
2945 2155 3289 2225 gravissimo,
3335 2163 3447 2208 tres

1862 2247 2062 2301 deinde
2095 2248 2236 2301 filios
2262 2258 2461 2316 prmter
2492 2249 2655 2302 ﬁliam
2691 2246 2987 2317 progignit.
3013 2241 3228 2301 Accidit
3263 2255 3447 2300 autem

1863 2337 2078 2391 illorum
2103 2337 2448 2406 grandiorem
2503 2352 2632 2392 natu
2682 2338 2997 2410 dysenteria
3049 2337 3323 2400 laborare,
3353 2337 3450 2391 de-

1863 2428 2190 2496 sperarique
2223 2427 2478 2482 humana:
2502 2430 2637 2483 artis
2689 2431 3056 2484 curationem.
3084 2427 3164 2482 Ad
3196 2437 3449 2482 sanctum

1862 2518 2194 2589 Symeonem
2245 2520 2412 2590 igitur
2467 2537 2759 2577 recurrere
2823 2522 3042 2576 visum:
3099 2535 3336 2588 cumque
3380 2533 3449 2572 eo

1863 2619 2117 2680 portatus
2143 2611 2337 2667 fuisset
2367 2629 2396 2666 a
2427 2601 2773 2682 parentibus,
2807 2623 2996 2682 utpote
3031 2628 3140 2666 non
3170 2609 3448 2673 suﬁiciens

1862 2719 1963 2773 per
1997 2703 2144 2757 vires
2169 2721 2295 2758 suas
2331 2704 2538 2768 itineri,
2583 2716 2912 2774 personatus
2944 2706 3133 2759 rediit.

1929 2796 2056 2851 23L
2101 2796 2206 2850 Sed
2238 2796 2491 2850 laztitiam
2541 2798 2684 2867 patri
2735 2796 2865 2851 hinc
2899 2807 3172 2860 exortam,
3229 2811 3449 2852 rursum

1863 2903 2079 2942 mceror
2104 2903 2243 2957 pene
2275 2888 2598 2944 exanimans
2633 2888 2823 2952 subiit,
2881 2888 3177 2958 gaudiique
3211 2888 3450 2956 ,induxit

1861 2977 2198 3031 oblivionem
2264 2979 2360 3047 (ita
2413 2994 2652 3048 namque
2702 2978 2841 3032 solet
2885 2995 3048 3047 quam
3111 2979 3449 3034 creberrime

1863 3067 2001 3130 ﬁeri,
2037 3077 2095 3122 ut
2127 3069 2205 3121 rei
2229 3070 2517 3136 praesentis
2564 3069 2823 3138 gaudium
2876 3068 2958 3120 vel
3016 3068 3173 3121 dolor
3226 3069 3448 3124 deleant

169 3152 554 3224 προλαϐόντων
578 3153 997 3223 ἀμνημονῆσαν)
1019 3171 1032 3184 ·
1064 3154 1307 3224 εὑρίσκει
1331 3154 1440 3222 γὰρ
1465 3154 1554 3206 τὸν
1576 3154 1754 3206 δεύτεο

1861 3157 2265 3225 praeteritorum
2297 3156 2640 3217 memoriam)
2671 3172 2683 3204 :
2728 3153 3201 3222 invenitnamque
3249 3171 3446 3219 secun-

170 3259 267 3314 ρον
296 3241 404 3294 τῶν
432 3241 561 3294 υίῶν
608 3243 782 3305 οὕτως
825 3243 928 3295 ὑπὸ
961 3245 1116 3295 νόσου
1150 3243 1636 3313 κατειργασμένον,
1680 3241 1757 3306 ὡς

168 3334 269 3389 καὶ
333 3333 582 3402 βοήθειαν
642 3335 729 3386 ἐπ’
775 3333 925 3400 αὖτῷ
995 3335 1174 3386 πᾶσαν
1225 3333 1568 3404 ἀνθρωπίνην
1614 3337 1756 3386 ἁπα-

168 3423 453 3493 γορεῦσαι.
518 3425 818 3495 ’Δράμενος
888 3424 1066 3476 τοίνυν
1122 3423 1337 3494 κομίζει
1386 3423 1463 3493 τῷ
1531 3425 1757 3491 Συμεὼν

169 3513 270 3571 καὶ
320 3517 482 3569 αὑτὸν
532 3554 547 3579 ,
610 3517 826 3579 δεικνὺς
894 3518 1041 3578 ὅπως
1107 3516 1219 3584 ἔχει
1255 3557 1267 3577 ,
1328 3517 1421 3566 καὶ
1502 3516 1754 3585 μάρτυρα

169 3607 424 3678 καθάπερ
485 3606 692 3669 οἰκείας
765 3599 1088 3676 σπλάγχνων
1177 3605 1373 3674 ὀδύνης
1430 3605 1771 3682 ’ποιούμενος⁹

167 3703 217 3753 εί
269 3699 481 3767 πατὴρ,
545 3699 640 3751 καὶ
707 3698 876 3750 ταῦτα
938 3697 1227 3766 φιλόπαις,
1289 3697 1460 3760 οὕτως
1521 3699 1633 3749 υἱὸν
1665 3697 1756 3749 ἁν-

168 3790 350 3860 ὶχοιτο
392 3789 626 3859 βλέπων.
666 3789 942 3850 Ἐκτείνας
973 3789 1260 3858 τοιγαροῦν
1298 3787 1494 3842 αὐτίκα
1522 3788 1620 3857 τὴν
1672 3788 1755 3839 δε-

172 3881 338 3945 ξιὰν,
399 3881 492 3932 καὶ
551 3881 643 3933 τὸν
688 3880 853 3932 παῖδα
908 3881 1238 3948 σφραγίσας,
1289 3879 1553 3948 Πορεύου,
1621 3879 1748 3947 ἔφη,

169 3971 352 4036 ζῶντα
397 3973 490 4024 καὶ
537 3970 697 4022 αὑτὸν
726 3973 782 4024 ὲν
817 3971 1041 4040 ὀνόματι
1093 3970 1330 4040 Χριστοῦ
1387 3971 1546 4040 ἔχων.
1583 3971 1642 4024 Ὀ
1672 3973 1748 4033 δὲ,

168 4063 518 4132 φιλοτεχνίας
549 4062 854 4132 ὑπερϐολῇ,
902 4061 1168 4132 μηδαμῶς
1204 4062 1507 4129 ἀποστῆναι
1560 4061 1748 4131 βουλό-

169 4171 352 4223 μενος,
387 4154 502 4206 ἀλλ’
533 4154 644 4223 ὅσῳ
694 4153 914 4206 πλείονα
966 4154 1156 4220 χρόνον
1193 4151 1340 4219 αὑτῷ
1391 4152 1751 4222 παραμείναι,

167 4244 406 4314 τοσούτῳ
461 4243 629 4296 πλείω
685 4246 779 4298 καὶ
827 4244 924 4312 τὴν
949 4242 1006 4306 ἐξ
1031 4242 1196 4296 αὑτοῦ
1223 4242 1552 4312 κομίσασθαι
1581 4244 1747 4312 θερα-

168 4336 329 4388 πείαν
377 4335 466 4387 τὸν
518 4336 682 4386 παῖδα
715 4335 970 4403 νομίζων·
997 4332 1357 4402 Συγχώρησον
1405 4333 1560 4402 ἡμῖν,
1594 4334 1747 4386 δοῦλε

166 4425 260 4476 τοῦ
293 4425 449 4488 Θεοῦ,
487 4422 659 4486 εἶπεν,
696 4427 787 4478 ἐπὶ
819 4425 981 4477 πλέον
1008 4425 1332 4493 προσμεῖναι
1368 4442 1475 4486 σοι,
1504 4425 1592 4478 ἵνα
1651 4429 1743 4478 καὶ

1870 3244 2191 3314 dogenitnm
2238 3244 2310 3297 ita
2351 3244 2544 3296 morbo
2569 3243 2921 3305 exhaustum,
2971 3251 3031 3296 ut
3077 3244 3214 3297 nihil
3243 3246 3362 3315 spei
3391 3246 3449 3301 in

1868 3335 2106 3389 humana
2132 3351 2232 3404 ope
2256 3342 2589 3403 superesset.
2626 3333 2914 3388 Sublatum
2951 3333 3120 3402 igitur
3145 3335 3293 3391 hunc
3314 3353 3449 3406 quo-

1865 3443 1970 3496 que
2009 3433 2189 3493 portat
2223 3425 2289 3477 ad
2327 3425 2676 3495 Symeonem,
2724 3432 3041 3478 monstrans
3083 3427 3361 3496 quomodo
3389 3444 3449 3483 Se

1867 3517 2132 3578 haberet;
2170 3524 2222 3571 et
2256 3527 2449 3570 testem
2479 3514 3182 3584 quodammodmdolorum
3215 3533 3447 3573 suorum

1865 3611 2040 3678 ipsum
2092 3609 2303 3670 statuit,
2368 3619 2554 3662 utrum
2609 3608 2780 3676 patris
2841 3605 3063 3660 animus
3117 3617 3172 3661 et
3222 3609 3445 3677 quidem

1866 3699 2100 3751 liliorum
2130 3709 2315 3752 tenere
2344 3699 2602 3760 amantis,
2633 3696 2894 3750 intuitum
2918 3697 3096 3765 prolis
3131 3699 3208 3752 sic
3235 3699 3447 3755 aﬂecta

1864 3793 2039 3861 possit
2071 3789 2489 3855 sustinere.Qui
2515 3791 2781 3843 continuo
2810 3795 3041 3844 extensa
3093 3807 3258 3846 manu
3313 3792 3446 3846 dex-

1864 3895 1979 3937 tera
2010 3899 2239 3952 puerum
2275 3883 2496 3949 signans
2525 3899 2536 3932 :
2569 3881 2736 3946 Vade,
2770 3881 2976 3952 inquit,
3005 3892 3062 3945 et
3110 3883 3258 3936 hunc
3302 3897 3445 3951 quo-

1861 3989 1966 4042 que
2001 3973 2054 4025 in
2093 3972 2314 4024 nomine
2343 3969 2547 4024 Christi
2603 3971 2805 4026 habeto
2851 3971 3062 4026 vivum.
3108 3973 3310 4025 Verum
3354 3971 3446 4025 ille

1860 4078 2087 4118 excessu
2121 4061 2358 4130 quodam
2385 4061 2590 4113 amoris
2627 4063 2682 4114 in
2721 4061 2932 4129 prolem
2966 4076 3312 4130 nequaquam
3357 4076 3444 4115 re-

1861 4153 2056 4208 cedere
2083 4152 2290 4206 voluit:
2322 4150 2418 4205 sed
2453 4159 2605 4204 ratus
2668 4159 2821 4205 tanto
2856 4151 3172 4206 uberiorem
3206 4149 3318 4204 ﬁlio
3344 4151 3445 4204 imo

1859 4244 2122 4315 perlitum
2173 4243 2238 4296 iri
2281 4242 2586 4295 curationis
2643 4243 2896 4311 gratiam,
2944 4251 3165 4310 quanto
3207 4241 3444 4311 longiori
3485 4235 3493 4242 ’

1861 4345 2106 4404 tempore
2135 4335 2256 4389 istic
2290 4333 2628 4400 substitisset
2662 4355 2671 4384 :
2711 4334 2784 4386 Da
2829 4334 3070 4396 veniam,
3126 4334 3323 4402 inquit,
3360 4333 3444 4386 fa-

1857 4426 2003 4479 mule
2033 4425 2154 4490 Dei,
2215 4423 2364 4494 quod
2394 4423 2605 4475 diutius
2628 4421 2718 4476 hic
2773 4435 3198 4500 commoremur,
3335 4435 3447 4489 quo

165 4517 564 4587 δαψιλεστέρας
590 4516 691 4587 τῆς
735 4517 886 4586 παρὰ
934 4515 1026 4568 σοῦ
1072 4514 1324 4585 τύχωμεν
1365 4517 1638 4584 εὐλογίας,
1684 4518 1750 4588 ἢν

1861 4517 2221 4586 copiosiorem
2254 4530 2284 4569 a
2319 4523 2370 4568 te
2403 4513 2874 4602 benedictionem,
2911 4527 3077 4582 quam
3100 4511 3324 4567 dextera
3351 4521 3444 4567 tua

167 4609 301 4676 ἡμῖν
328 4609 358 4676 ὴ
385 4607 534 4670 δεξιά.
569 4625 662 4660 σου
694 4606 998 4677 χαρίζεται.

241 4699 374 4767 σλβ’.
402 4701 751 4770 Δυσχεράνας
800 4704 981 4755 τοίνυν
1045 4703 1182 4770 πρὸς
1221 4703 1391 4756 ταῦτα
1423 4705 1450 4755 ό
1499 4704 1746 4771 Συμεὼν,

176 4791 490 4860 Ἦπάτησαι
545 4793 631 4844 διὰ
674 4793 770 4863 τῆς
812 4793 1090 4854 ἀπιστίας,
1128 4793 1253 4862 ἔψη,
1287 4794 1378 4844 καὶ
1429 4794 1492 4846 σύ
1519 4809 1532 4823 °
1568 4796 1598 4861 ἡ
1643 4795 1749 4862 γὰρ

161 4879 262 4932 τοῦ
286 4881 416 4932 Θεοῦ
443 4881 670 4950 δύναμις
704 4885 801 4936 οῦκ
826 4882 1058 4936 ἐνταῦθα
1096 4883 1278 4952 μόνον,
1315 4884 1447 4936 ἀλλὰ
1481 4884 1575 4936 καὶ
1611 4902 1750 4935 παν-

164 4970 336 5040 ταχοῦ
397 4974 490 5041 τῆς
552 4973 716 5027 αὐτοῦ
774 4975 1092 5038 δεσποτείας
1135 4973 1374 5028 άνύουσα
1424 4975 1748 5045 παραδόξως

162 5063 320 5116 ἐστὶν
352 5064 386 5117 ἃ
413 5064 680 5134 βούλεται·
714 5069 850 5121 ἀλλὰ
877 5071 972 5136 τὴν
1003 5071 1064 5122 ὲκ
1092 5070 1191 5138 τῆς
1218 5070 1418 5132 κόνεώς
1444 5087 1547 5139 μου
1577 5087 1751 5140 σφρα-

162 5155 290 5222 γῖδα
331 5153 534 5220 λαϐὼν,
570 5161 811 5227 ἐπάνηκε
862 5161 1026 5228 μηδὲν
1066 5150 1374 5223 ἐνδοιάζων,
1409 5159 1522 5214 ἀλλ’
1554 5161 1749 5223 αὐτοὺς

160 5245 355 5315 ὥσπερ
377 5249 856 5318 ἓντετυπωμένους
877 5252 1035 5322 αὐτῇ,
1055 5253 1196 5309 οὕτω
1215 5252 1306 5304 καὶ
1328 5253 1600 5320 παρόντας
1616 5252 1747 5321 όρᾷν

163 5334 403 5402 νομίζων
433 5339 602 5405 ἡμᾶς.
637 5338 830 5391 Λαϐὼν
853 5341 1034 5392 τοίνυν
1057 5342 1084 5392 δ
1111 5342 1295 5410 πατὴρ
1324 5341 1422 5410 τὴν
1471 5341 1743 5410 σφραγῖδα

164 5426 260 5476 καὶ
289 5426 470 5478 οῐκαδε
528 5431 664 5497 μετὰ
714 5429 807 5480 τοῦ
855 5430 1046 5492 παιδὸς
1076 5431 1443 5502 ἀναστρέψας.
1506 5433 1606 5502 δρᾷ
1659 5433 1748 5484 τὸν

169 5520 322 5582 ἅγιον
352 5517 502 5587 αὑτῷ
533 5521 724 5582 νυκτὸς
754 5522 1050 5574 ἐπιστάντα
1086 5523 1142 5592 (ἡ
1191 5522 1372 5593 μορφὴ
1420 5522 1477 5574 δὲ
1525 5523 1600 5589 τῷ
1649 5524 1747 5574 Συο

172 5604 547 5677 μων-ἑτέρως
577 5610 608 5680 ἦ
638 5612 774 5663 κατὰ
795 5612 855 5663 τὸ
892 5613 1120 5682 σύνηθες
1150 5609 1289 5681 εἶχε)
1331 5616 1431 5682 τῆς
1452 5632 1508 5667 τε
1539 5617 1744 5676 κόνεως

168 5700 228 5750 αν
261 5702 442 5770 χεροῖν
476 5704 794 5772 κατέχοντα,
837 5706 948 5775 καὶ,
975 5707 1036 5757 Τί
1084 5705 1285 5774 μᾶλλον
1314 5707 1490 5776 βούλει
1539 5709 1742 5771 λαϐεῖν,

167 5787 272 5854 τήν
324 5788 574 5858 εὐλογίαν
623 5792 713 5844 τοῦ
779 5795 1002 5862 Συμεὼν
1055 5794 1282 5865 ταὸτην,
1313 5795 1339 5867 P,
1374 5796 1470 5865 τὴν
1521 5796 1743 5862 δεξιάνς

1853 4605 2101 4674 impertit
2151 4603 2330 4664 nobis,
2393 4599 2848 4653 nanciscamurﬁ
3103 4619 3110 4623 υ
3427 4666 3446 4676 ⁸

1922 4708 2048 4762 9.32.
2078 4705 2357 4760 Severiori
2391 4703 2459 4756 ad
2494 4702 2609 4756 hac
2662 4711 2718 4755 et
2756 4717 2905 4770 agro
2966 4700 3121 4752 vultu
3171 4700 3442 4768 Symeon:

1855 4795 1934 4850 Tu
1962 4811 2207 4865 quoque,
2234 4793 2330 4857 ait,
2360 4808 2457 4861 per
2497 4789 2862 4866 dimdentiam
2913 4790 3217 4844 aberrasti:
3258 4789 3445 4844 divina

1850 4887 2054 4956 quippe
2081 4885 2348 4955 potentia,
2379 4897 2486 4936 non
2521 4883 2625 4936 hoc
2650 4880 2828 4934 solum
2860 4881 3006 4942 loco,
3040 4880 3138 4934 sed
3178 4881 3269 4934 ubi
3305 4881 3443 4936 libet

1851 4978 2066 5033 edicere
2103 4975 2430 5030 mirabiliter
2474 4982 2654 5042 potest
2686 4987 3031 5042 quacunque
3058 4971 3208 5026 vult:
3248 4987 3446 5027 verum

1850 5087 1915 5124 ex
1946 5070 2172 5138 pulvere
2205 5085 2328 5123 meo
2353 5056 2572 5134 signum
2629 5065 2912 5134 accipiens
2953 5065 3152 5126 redito,
3193 5064 3442 5133 nihilque

1849 5159 2108 5214 baitans
2139 5173 2461 5228 persuasum
2488 5157 2689 5211 habeto
2715 5156 2788 5209 ita
2811 5165 2860 5209 te
2889 5156 3137 5210 visurum
3168 5170 3267 5209 nos
3299 5169 3442 5224 pra-

1848 5256 2055 5311 sentea,
2093 5246 2558 5317 quemadmodum
2605 5246 2753 5314 ipsos
2790 5246 3118 5314 impressum
3170 5244 3304 5297 illud
3363 5243 3451 5299 si-

1848 5357 2014 5410 gnum
2069 5350 2340 5409 gerentes.
2387 5339 2655 5411 Accepr
2690 5337 2854 5406 igitur
2906 5337 3017 5406 jam
3059 5335 3207 5389 dicto
3257 5336 3436 5405 signo,

1848 5431 2070 5486 domum
2114 5446 2239 5483 cum
2294 5428 2402 5482 tilia
2459 5427 2662 5480 redivit
2719 5437 2897 5496 pater,
2949 5427 3198 5496 viditque
3243 5435 3443 5482 secuta

1848 5535 2008 5577 nocte
2037 5534 2284 5577 sanctum
2343 5530 2614 5573 astantem
2677 5519 2802 5582 sibi,
2833 5519 3003 5571 forma
3065 5518 3360 5575 admodum
3405 5532 3440 5570 ι

1850 5615 2011 5667 solita
2043 5615 2416 5680 discrepante.
2471 5620 2749 5664 tenentem
2809 5609 3064 5661 manibus
3118 5609 3427 5677 pulvereu',

1853 5710 2417 5772 percunctantcmquc
2471 5700 2659 5765 :Quid
2710 5700 2878 5752 mavis
2925 5698 3442 5768 acciperc,hanct;a

1851 5796 2140 5865 Symconis
2191 5792 2658 5859 benedictionem,
2692 5809 2756 5844 an
2808 5792 3132 5846 dexteram?
3190 5791 3442 5858 Cumque
