4082 6462
614 362 754 429 3199

1808 370 1866 428 S.
1908 369 2287 431 SYMEONIS
2326 372 2358 431 Ι
2367 373 2414 430 U
2424 373 2471 431 Ν
2479 372 2690 433 lORIS

3717 357 3853 420 3200

600 477 691 532 ille
714 475 1110 546 respondisset,
1137 477 1342 547 ubique
1373 479 1617 548 gentium
1655 486 1932 542 constare,
1960 489 2180 549 quanta

2306 483 2711 552 πυνθανόμενον.
2734 483 2839 538 Τοῦ
2867 485 2946 552 δὲ,
2977 486 3099 540 Ὀτι
3131 484 3340 555 μεγάλη
3367 482 3468 553 μέν
3495 483 3646 536 εστιν
3672 482 3856 553 ἡεόλο-

597 569 817 622 virtutis
850 567 1164 623 benedictio
1197 569 1304 634 sit;
1331 586 1388 624 se
1421 587 1548 623 vero
1586 569 1754 639 (quod
1783 571 2024 640 propitio
2053 587 2182 626 san-

597 666 689 714 cto
719 659 894 728 ﬁeret)
944 675 1164 729 semper
1196 661 1482 715 ardentius
1503 661 1854 726 desiderasse
1893 662 2181 718 dexteram

597 751 954 821 contingere:
1006 751 1258 806 extendit
1303 752 1452 805 illam
1504 762 1750 817 sanctus,
1817 753 2180 823 impertitque

599 841 1065 905 benedictionem,
1097 843 1479 911 improperans
1533 843 1698 896 tacite
1742 857 1897 896 suam
1943 844 2174 914 presby-

598 943 717 988 tero
754 933 1232 987 incredulitatem:
1255 933 1492 1002 denique
1512 933 1676 986 etiam
1702 933 1862 999 illud,
1883 935 2029 1003 quod
2049 935 2187 989 alter

599 1037 812 1076 summo
832 1038 955 1076 cum
994 1023 1275 1077 desiderio
1297 1025 1742 1093 praestolabatur.
1787 1025 1977 1095 adjicit
2005 1044 2018 1078 :
2075 1026 2185 1080 Ac-

596 1114 720 1182 cipe
754 1112 926 1168 ﬁlium
961 1123 1114 1168 tuum
1153 1130 1368 1169 sanum.
1419 1116 1577 1181 Quod
1627 1126 1834 1172 tantam
1892 1117 2184 1172 instillavit

597 1202 782 1256 animo
814 1205 932 1272 ejus
960 1204 1320 1271 voluptatem,
1357 1214 1417 1258 ut
1465 1222 1575 1275 prae
1610 1205 1952 1260 abundantia
2017 1207 2184 1272 illius,

599 1293 784 1349 statim
836 1297 1350 1365 expergisceretur:
1415 1299 1738 1368 invenitque
1780 1301 1951 1353 ﬁlium
2007 1300 2189 1354 adhuc

596 1401 790 1440 somno
825 1386 1221 1456 indulgentem,
1277 1403 1342 1442 ac
1395 1390 1710 1443 restitutum
1755 1390 1867 1458 jam
1924 1389 2189 1458 perfecta

597 1475 840 1528 sanitati.
878 1473 1058 1539 Quare
1094 1476 1240 1530 illico
1273 1478 1504 1531 remittit
1542 1479 1609 1532 ad
1643 1487 1916 1538 sanctum,
1951 1478 2048 1546 qui
2076 1493 2177 1548 pro

599 1567 704 1619 hoc
731 1566 978 1623 secundo
1002 1575 1131 1620 natu
1159 1566 1273 1622 ﬁlio
1302 1579 1642 1638 recuperata:
1677 1570 2017 1625 valetudinis
2043 1585 2187 1640 pra:-

601 1657 708 1712 mia
737 1657 1036 1726 persolvat.

2288 576 2400 642 γία,
2427 575 2588 627 παντί
2623 593 2726 629 που
2780 577 2958 646 δῆλον,
3011 578 3277 641 εἰπόντος,
3313 576 3428 643 ἐγὼ
3460 575 3521 630 δὲ
3555 574 3717 644 (ἀλλά
3775 590 3854 644 μοι

2289 668 2447 730 ῖλεως
2471 667 2614 736 εῖης)
2641 666 2827 720 λαϐεῖν
2861 668 3090 721 ἐπόθουν
3126 669 3326 739 μᾶλλον
3371 668 3474 735 τὴν
3516 667 3700 732 δεξιάν
3733 683 3747 698 ο
3777 669 3856 720 ικ-

2286 756 2464 818 τείνας
2509 756 2714 820 εὐθέως
2771 755 2963 827 αὐτὴν,
2997 757 3181 826 ὀρέγει
3236 757 3338 828 τὴν
3386 758 3664 824 εὐλογίαν,
3687 758 3854 827 ἠρέμα

2286 847 2365 917 τῷ
2400 847 2756 920 πρεσϐυτέρῳ
2790 849 2884 904 καὶ
2934 851 3193 904 ἀπιστίαν
3231 849 3768 918 προσονειδίσας.έπὶ
3783 848 3859 901 τί·

2288 938 2367 990 λει
2403 939 2460 991 δὲ
2486 940 2581 991 καὶ
2603 940 2743 1010 ὅπερ
2764 941 2998 994 ἀκοῦσαι
3024 940 3145 992 λίαν
3166 943 3372 1004 ἐκεῖνος
3396 941 3557 1009 έδίψα
3589 940 3855 1008 προσθείς,

2301 1029 2570 1082 ’Λπόλαϐε
2614 1031 2704 1083 τὸν
2757 1031 2871 1084 υίδν
2924 1032 3078 1100 ὑγιῆ.
3140 1034 3206 1086 Ὀ
3248 1031 3524 1102 τοσαύτην
3586 1028 3862 1093 ινέσταξεν

2288 1119 2454 1174 αὑτοῦ
2485 1120 2799 1190 γλυκύτητα
2823 1125 2890 1192 τῇ
2920 1125 3090 1192 ψυχῇ,
3115 1122 3191 1185 ὡς
3237 1123 3373 1193 πρὸς
3421 1123 3524 1192 τὴν
3549 1121 3748 1191 ἡδονὴν
3775 1121 3860 1174 αύο

2288 1214 2419 1268 τίκα
2459 1213 2859 1285 διυπνισθῆναι,
2893 1215 2990 1268 καὶ
3024 1215 3116 1266 τὸν
3155 1215 3272 1267 υἱὸν
3327 1214 3481 1283 ὕπνῳ
3521 1212 3862 1282 χρησάμενον

2291 1306 2493 1375 εύρεῖν,
2532 1304 2629 1358 καὶ
2677 1305 2814 1374 πρὸς
2865 1305 3056 1372 ὑγείαν
3075 1305 3173 1375 ἤδη
3224 1303 3623 1374 μεταϐαλόντα.
3666 1304 3724 1356 ὐ
3774 1309 3864 1370 μιν

2289 1391 2382 1450 οῦν
2429 1397 2613 1466 πατὴρ
2661 1396 2836 1450 ἄνεισι
2879 1395 3033 1464 παρὰ
3079 1396 3170 1448 τὸν
3197 1395 3356 1464 ἆγιον
3416 1394 3598 1458 αὖθις,
3664 1393 3865 1461 σῶστρα

2290 1487 2397 1541 τῶν
2429 1487 2697 1558 δευτέρων
2729 1486 2862 1540 υίῶν
2889 1486 3202 1556 ἀπονέμων.

670 1788 793 1842 233.
839 1788 1006 1842 Paulo
1037 1797 1161 1858 post
1202 1789 1398 1844 tertius
1423 1806 1644 1860 quoque
1673 1799 1804 1847 natu
1835 1792 1981 1847 ﬁlius
2009 1793 2187 1849 vehe-

2365 1794 2502 1861 σλγ¹.
2545 1792 2743 1862 Ὀλίγῳ
2791 1791 2849 1844 δι
2900 1791 3126 1860 ὕστερον
3165 1789 3260 1842 καὶ
3301 1786 3396 1840 τοῦ
3428 1787 3616 1857 τρίτου
3660 1785 3870 1854 λαύροις

603 1878 882 1932 mentibus
915 1878 1054 1932 adeo
1091 1878 1340 1933 febribus
1391 1887 1635 1935 tentatus
1674 1891 1779 1945 est,
1818 1893 1879 1936 ut
1909 1883 2019 1936 vita
2064 1883 2188 1936 lon-

605 1967 727 2034 gius
785 1967 1140 2036 producenda
1200 1969 1609 2039 desperaretur.
1669 1973 1814 2027 Puer
1846 1973 2191 2042 praeoptabat

607 2060 878 2129 imprimis
899 2060 965 2114 ad
997 2071 1245 2116 sanctum
1273 2064 1604 2134 Symeonem
1637 2066 1836 2121 adduci
1874 2084 1886 2120 :
1916 2077 2073 2136 pater
2093 2083 2191 2121 an-

609 2160 716 2205 tem
742 2153 1082 2222 experientia
1125 2154 1180 2206 in
1218 2156 1549 2224 praecedenti
1592 2157 1705 2212 ﬁlio
1734 2159 1950 2225 doetus,
1988 2152 2192 2228 quanta

603 2241 769 2295 etiam
806 2243 994 2310 procul
1037 2244 1361 2299 absentibus
1402 2264 1432 2300 a
1477 2246 1748 2318 Symeone
1801 2250 1980 2302 virtus
2017 2250 2192 2304 soleat

605 2329 756 2384 exire
787 2348 799 2383 :
829 2331 1033 2392 Potest,
1089 2331 1166 2386 ﬁli
1222 2334 1320 2397 mi,
1379 2335 1582 2404 inquit,
1619 2346 1843 2390 sanctus
1877 2337 2193 2393 visitatione

608 2429 702 2474 tua
753 2429 806 2474 te
843 2421 1198 2477 invisibiliter
1263 2424 1367 2478 hoc
1413 2427 1580 2479 etiam
1623 2425 1745 2480 loco
1787 2426 2022 2496 dignari.
2083 2430 2194 2484 Nec

611 2512 875 2575 moratus,
921 2515 1200 2568 convertit
1233 2530 1291 2568 se
1341 2531 1501 2585 puer.
1544 2527 1600 2570 et
1648 2532 1781 2571 voce
1812 2533 1974 2585 quam
2015 2526 2196 2586 potest

608 2607 915 2662 clarissima
949 2610 1215 2664 exclamat
1243 2628 1255 2662 :
1289 2610 1333 2664 Ο
1358 2610 1614 2681 Symeon,
1636 2613 1846 2668 electus
1869 2629 1900 2666 a
1928 2615 2060 2677 Deo,
2087 2617 2196 2671 mi-

610 2712 796 2750 serere
827 2697 954 2751 mei.
1009 2697 1147 2752 Tum
1185 2701 1252 2753 ad
1301 2711 1512 2769 patrem
1543 2721 1554 2754 :
1589 2701 1844 2756 Suﬁitum
1897 2703 2078 2770 adole,
2115 2705 2198 2758 in-

611 2789 750 2858 quit,
775 2805 902 2844 ecce
928 2790 1076 2845 enim
1112 2791 1348 2846 famulus
1373 2793 1469 2846 Dei
1495 2793 1548 2846 in
1580 2803 1878 2863 conspectu
1907 2810 2030 2848 meo
2057 2803 2193 2849 stat:

2291 1885 2546 1952 πυρετοῖς
2593 1881 2945 1951 συσχεθέντος
2979 1881 3288 1947 ἀπόγνωσις
3334 1877 3480 1944 ζωῆς
3521 1876 3583 1928 τὸ
3640 1877 3874 1946 παρεπό-

2296 1989 2454 2044 μενον
2485 1967 2575 2042 ἦν.
2621 1973 2731 2025 Καὶ⁵
2757 1974 2785 2024 6
2827 1972 2922 2040 μὲν
2956 1971 3032 2033 ὡς
3063 1971 3156 2023 τὸν
3191 1969 3333 2021 θεῖον
3358 1965 3585 2037 Συμεὼν
3611 1967 3868 2036 ἀνακομι-

2295 2067 2486 2136 σθῆναι
2513 2064 2790 2134 προῄρητο
2810 2080 2822 2093 ·
2851 2065 2877 2116 6
2897 2063 2953 2116 δὲ
2987 2061 3192 2131 πατὴρ,
3218 2061 3318 2129 ὅση
3345 2062 3441 2112 καὶ
3462 2058 3573 2111 ἀπὸ
3603 2057 3870 2127 μακρόθεν

2293 2155 2399 2212 οἵδε
2426 2157 2656 2224 δύναμις
2687 2154 2745 2219 ἐξ
2772 2155 2980 2207 ἐκείνου
3015 2153 3206 2224 φοιτᾷν
3247 2152 3355 2205 ἀπὸ
3385 2149 3482 2204 τοῦ
3515 2148 3868 2219 προλαϐόντος

2298 2249 2462 2319 πείρα
2515 2245 2726 2317 μαθὼν,
2776 2245 3031 2308 Δυνατὸς,
3064 2239 3207 2307 εἷπε,
3234 2241 3444 2304 τέκνον,
3495 2237 3776 2293 κάνταῦθά
3813 2253 3870 2312 σε

2297 2341 2446 2402 θείας
2475 2338 2721 2400 ἀθεάτως
2747 2336 3053 2405 ἐπισκοπῆς
3094 2335 3348 2400 ἀξιῶσαι.
3393 2333 3505 2386 Καὶ
3534 2330 3873 2400 παραχρῆμα

2299 2428 2604 2499 συστρέψας
2629 2427 2820 2482 ἑαυτὸν
2842 2430 2870 2480 ὀ
2901 2428 3048 2489 παῖς,
3084 2425 3296 2496 μεγάλῃ
3316 2423 3391 2484 ὡς
3419 2419 3567 2491 εἶχεν
3591 2421 3784 2489 ἐϐόησε
3809 2421 3875 2494 τῇ¹

2297 2523 2470 2590 φωνῇ,
2528 2519 2587 2573 '0
2637 2517 2891 2580 ἐκλεκτὸς
2931 2517 3008 2586 τῷ
3045 2515 3163 2586 Θεῷ
3202 2514 3449 2584 Συμεὼν,
3510 2512 3736 2580 ἐλέησόν
3787 2527 3868 2580 με.

2299 2608 2430 2664 Εἶτα
2479 2611 2617 2680 πρὸς
2674 2612 2766 2662 τὸν
2810 2609 3042 2677 πατέρα,
3075 2607 3371 2676 Θυμίασον,
3399 2601 3577 2657 εἶπεν·
3614 2604 3725 2656 ίδοὺ
3769 2601 3872 2670 γὰρ

2281 2703 2528 2771 ,ἕστηκεν
2561 2704 2589 2754 ὀ
2617 2700 2710 2753 τοῦ
2745 2699 2879 2752 Θεοῦ
2911 2700 3164 2768 θεράπων
3195 2699 3252 2748 ὲν
3283 2695 3589 2765 ὀφθαλμοῖς
3622 2709 3754 2760 μου·
3785 2692 3875 2762 pd-

2301 2794 2421 2856 ϐδος
2482 2792 2580 2862 μὲν
2629 2792 2722 2844 οῦν
2765 2790 2914 2860 αύτῷ
2961 2791 3050 2843 διὰ
3085 2789 3263 2859 χειρὸς
3307 2788 3526 2857 σιδηρᾶ,
3572 2786 3670 2839 καὶ
3697 2785 3876 2846 ἅλυσις

611 2896 807 2935 manus
851 2890 1060 2936 armata
1094 2894 1179 2938 est
1206 2883 1356 2952 virga
1407 2883 1585 2938 ferrea
1618 2893 1674 2940 et
1707 2897 1900 2940 catena
1945 2902 2010 2940 ex
2052 2886 2198 2940 ferro

2306 2885 2590 2953 καιόμενον
2635 2884 2768 2952 πυρὶ
2796 2882 2886 2934 τὴν
2919 2881 3133 2950 σίδηρον
3162 2881 3358 2950 ἔχουσα
3382 2895 3396 2908 ·
3440 2878 3654 2944 δαίμων
3689 2876 3746 2929 δέ
3779 2890 3876 2937 τις,

614 2973 786 3041 ignito
832 2991 846 3026 :
895 2990 1002 3043 qua
1053 2975 1382 3039 damonem,
1428 2978 1804 3046 magnitudine
1838 2981 2088 3049 gigantea
2146 2987 2201 3033 et

2306 2977 2362 3030 τὸ
2415 2975 2641 3044 μέγεθος
2703 2975 2874 3044 μέγας
2937 2974 3030 3025 καὶ
3070 2972 3194 3024 ἰδεῖν
3225 2971 3428 3041 ἀειδὴς,
3460 2971 3671 3024 δέδεται
3699 2968 3878 3030 δεινῶς

614 3066 734 3119 visu
784 3066 1114 3129 terribilem,
1167 3077 1316 3122 arcte
1361 3071 1715 3130 constrinxit.
1769 3071 2033 3124 revinctis
2079 3079 2201 3140 post

2306 3068 2436 3138 παρ’
2461 3068 2648 3129 αὑτοῦ,
2678 3063 2953 3118 ὀπίσωτὼ
2978 3067 3126 3134 χεῖρε
3159 3063 3548 3134 περιηγμένος,
3573 3063 3677 3131 ἥδη
3707 3060 3762 3112 δὲ
3791 3059 3880 3113 καὶ

616 3162 840 3224 tergum~
880 3155 1135 3210 manibus
1173 3173 1186 3209 :
1218 3157 1445 3226 jamque
1489 3159 1766 3214 clibanum
1817 3176 2037 3229 quoque
2081 3176 2201 3215 suc-

2307 3159 2557 3212 κλίϐανον
2605 3158 2690 3210 ἐπ’
2722 3156 2885 3208 αὐτὸν
2933 3157 3162 3210 ἀνάπτει
3213 3153 3401 3224 πυρὸς,
3438 3154 3535 3207 καὶ
3576 3152 3752 3221 τούτῳ
3795 3151 3880 3204 τὴν

615 3243 801 3298 cendit
843 3245 997 3314 igne,
1021 3261 1131 3313 quo
1177 3261 1413 3315 nequam
1466 3248 1619 3302 illum
1669 3250 1978 3304 comburat.
2012 3251 2201 3306 lsthwc

2308 3247 2542 3316 πονηρὸν
2576 3247 2883 3300 κατακαίει.
2922 3245 3108 3298 Ταῦτα
3143 3242 3276 3313 ὁμοῦ
3310 3261 3368 3295 τε
3398 3245 3586 3313 εἴρητο
3620 3243 3769 3312 παρὰ
3794 3241 3882 3295 τοῦ

619 3333 876 3402 loquente
899 3351 1093 3403 puero,
1131 3336 1360 3389 morbus
1388 3337 1574 3393 subito
1607 3340 1766 3403 abiit,
1802 3341 1970 3394 veluti
1994 3339 2201 3412 ﬂagello

2309 3339 2519 3401 παοδὸς,
2549 3339 2645 3391 καὶ
2673 3340 2706 3408 ή
2737 3338 2890 3398 νόσος
2919 3337 3081 3399 εὐθὺς
3122 3336 3537 3406 ἀπεδίδρασκεν,
3565 3335 3756 3406 ὥσπερ
3784 3333 3886 3389 τινὶ

615 3423 854 3494 quodam
878 3427 1286 3496 perstringente
1324 3427 1572 3483 abaclus.

688 3558 814 3614 236.
856 3559 933 3614 Ita
982 3560 1206 3629 quidem
1259 3563 1550 3618 sanitatem
1604 3565 1847 3619 obtinuit
1889 3565 1980 3620 hic
2015 3565 2204 3620 ﬁlius:

619 3649 730 3703 ﬁlia
774 3666 906 3704 vero
938 3651 1230 3706 diﬁiciliori
1277 3655 1440 3706 etiam
1495 3655 1869 3710 invaletudine
1920 3666 2204 3726 correpta,

624 3752 732 3794 tam
762 3757 929 3810 prope
953 3743 1064 3811 jam
1102 3744 1171 3796 ab
1195 3744 1346 3796 exitu
1374 3744 1500 3798 vitae
1525 3745 1737 3810 aberat,
1769 3756 1827 3800 ut
1859 3757 2070 3801 tantum
2099 3764 2211 3802 non

625 3841 842 3886 mortua
882 3842 1193 3901 putaretur.
1248 3835 1499 3905 Dumque
1556 3847 1710 3905 pater
1767 3838 1836 3891 ad
1886 3848 2210 3892 consuetum

625 3940 819 3979 rursus
851 3925 1127 3980 medicum
1161 3942 1286 3981 cum
1317 3927 1486 3980 animi
1532 3930 1976 3983 consternatione
2020 3945 2084 3984 ac
2110 3929 2211 3983 do-

623 4019 739 4071 lare
763 4015 948 4070 cordis
989 4017 1262 4086 confugit,
1307 4017 1510 4072 blando
1543 4019 1653 4071 risu
1707 4020 1783 4072 ait
1829 4019 1914 4072 vir
1950 4020 2210 4073 divinus:

622 4105 809 4159 Nolito
855 4106 1072 4168 timere,
1126 4107 1197 4159 mi
1245 4107 1566 4178 presbyter;
1597 4109 1693 4162 sed
1728 4109 1865 4163 vadc
1907 4110 2089 4178 potius
2119 4111 2218 4164 tri-

2313 3431 2537 3500 μάστιγι
2566 3430 2810 3499 σφοδρῶς
2841 3429 3251 3499 ἀπεληλαμένη.

2381 3561 2507 3614 σλδ’.
2549 3561 2608 3613 Ὀ
2637 3561 2735 3629 μὲν
2777 3555 2868 3614 οῦν
2920 3565 3048 3624 παῖς
3083 3560 3200 3613 ίατο
3229 3561 3423 3624 οὕτως,
3456 3565 3486 3630 ἠ
3521 3561 3577 3614 δὲ
3623 3561 3884 3629 θυγάτηρ.

2312 3653 2452 3721 νόσῳ
2481 3653 2572 3705 καὶ
2597 3653 2732 3722 αὑτὴ
2753 3653 3139 3724 δυσφορωτέρᾳ
3154 3653 3440 3720 ληφθεῖσα,
3469 3652 3700 3721 ἔγγιστα
3729 3653 3885 3706 θανᾶ-

2313 3759 2405 3793 του
2434 3742 2668 3808 γεγόνει,
2706 3742 2802 3793 καὶ
2842 3743 2964 3794 ὅσον
2997 3742 3117 3811 ούχὶ
3145 3743 3314 3810 νεκρὰ
3343 3737 3431 3811 ἦν.
3458 3743 3566 3794 Τοῦ
3606 3743 3662 3794 δὲ
3695 3741 3888 3810 πατρὸς

2316 3833 2463 3904 παρὰ
2493 3833 2583 3886 τὸν
2610 3834 2811 3904 συνήθη
2843 3835 3003 3886 πάλιν
3032 3835 3216 3903 ίατρδν
3248 3835 3304 3885 ὲν
3336 3837 3546 3904 ταραχῇ
3577 3835 3889 3902 σπλάγχνων

2317 3925 2411 3977 καὶ
2445 3925 2671 3993 καρδίας
2703 3925 2864 3996 ὀδύνῃ
2915 3925 3342 3991 καταφυγόντος,
3391 3928 3657 3992 προσηνεῖ
3697 3926 3726 3974 ὀ
3760 3925 3889 3986 θεῖος

2317 4013 2455 4083 ἀνὴρ
2502 4014 2836 4081 μειδιάματι,
2861 4013 2950 4082 Μὴ
2983 4012 3173 4078 φοϐοῦ,
3192 4005 3746 4082 πρεσϐύτερε,εἷπεν,
3765 4013 3892 4066 ἀλλὰ

2323 4102 2554 4171 πορεύου
2615 4102 2858 4172 χαίροντι
2915 4103 3036 4156 ποδὶ⁵
3089 4103 3306 4171 μᾶλλον·
3350 4102 3640 4172 χαρίζεταί
3676 4119 3760 4155 σοι
3791 4101 3889 4172 γὰρ

627 4197 892 4267 pudiante
923 4214 1033 4267 prze
1063 4199 1249 4253 laetitia
1281 4216 1472 4269 gressu
1505 4220 1517 4254 :
1543 4201 1822 4255 condonat
1847 4203 2050 4270 quippe
2075 4203 2201 4256 ham

2324 4194 2432 4246 ίδοὺ
2483 4195 2577 4246 καὶ⁵
2621 4195 2718 4262 τὴν
2761 4193 3035 4267 θυγατέρα
3081 4193 3234 4256 Θεὸς,
3283 4193 3377 4245 καὶ
3431 4191 3732 4262 χαίρουσαν
3781 4193 3892 4261 ὕψει

627 4305 849 4356 quoque
895 4288 1058 4342 ﬁliam
1097 4299 1244 4342 tuam
1281 4291 1379 4344 tibi
1426 4291 1588 4354 Deus,
1626 4299 1681 4346 et
1709 4291 1867 4344 lmtus
1904 4292 2081 4345 laetam
2119 4292 2196 4345 tib

2322 4285 2528 4354 χαίρων
2563 4286 2641 4348 είς
2673 4285 2994 4352 συνάντησιν
3025 4283 3344 4350 ἐξελθοῦσαν
3378 4299 3483 4347 σοι,
3519 4286 3585 4353 ἢν
3615 4283 3780 4354 ὀδύρῃ
3806 4283 3892 4334 νῦν

630 4381 847 4438 videbis
876 4398 1194 4447 occurrere,
1232 4400 1396 4452 quam
1433 4401 1580 4438 nunc
1614 4386 1764 4439 velut
1805 4395 2079 4438 mortuam
2121 4385 2201 4439 de-

2323 4377 2422 4429 ὃσα
2453 4377 2545 4428 καὶ
2573 4376 2930 4444 θνήσκουσαν.
2972 4375 3190 4427 Τούτων
3215 4375 3278 4426 ὲκ
3317 4373 3413 4426 τοῦ
3439 4375 3665 4445 Συμεὼν
3700 4377 3896 4436 ἐκεῖνος

634 4476 837 4546 ploras.
876 4474 971 4528 His
1001 4474 1225 4536 auditis,
1255 4485 1362 4530 tam
1403 4477 1683 4530 delibutus
1713 4476 2018 4544 voluptate,
2051 4492 2201 4545 quan‘

2327 4467 2583 4531 ἀκούσας,
2621 4466 2816 4535 μεστὸς
2857 4468 2976 4521 ἀντὶ
3003 4467 3101 4535 τῆς
3133 4466 3327 4536 πρώην
3366 4468 3561 4536 ὀδύνης
3593 4467 3688 4519 ἐπὶ
3717 4471 3780 4536 τῇ
3811 4466 3895 4520 θυ-

636 4566 790 4634 prius
824 4565 1058 4618 obrutus
1098 4581 1334 4620 mmrorc
1384 4577 1612 4636 propter
1657 4566 1855 4629 ﬁliam,
1900 4567 2197 4620 revertitur

2323 4559 2486 4628 γατρὶ
2535 4560 2631 4627 τὴν
2682 4557 2858 4628 ψυχὴν
2899 4558 3093 4627 ἡδονῆς
3124 4560 3370 4629 ἐπανῄει.
3433 4558 3797 4611 Ἐπιϐαίνοντι
3847 4558 3900 4611 δι

632 4657 883 4726 Cumque
921 4659 1032 4728 jam
1085 4658 1310 4712 domum
1347 4659 1582 4720 subiret,
1643 4659 1864 4713 obviam
1913 4659 2200 4713 secundun

2325 4652 2424 4722 ἥδη
2485 4648 2578 4702 τοῦ
2636 4649 2804 4715 οἴκου,
2855 4652 3175 4720 προῦπαντᾷ
3228 4651 3369 4703 κατά
3419 4650 3518 4713 τὰς
3580 4653 3898 4721 προρρήσεις

635 4749 1048 4819 praedictionem
1084 4751 1360 4820 procurrit
1390 4752 1440 4805 ei
1490 4751 1618 4815 ﬁlia,
1641 4762 1698 4806 et
1723 4753 1976 4822 amplexu
2009 4761 2201 4821 patren

2325 4743 2486 4812 αῦτη,
2512 4743 2604 4794 καὶ
2631 4743 2850 4812 γνήσιόν
2882 4760 2933 4794 τι
2967 4743 3058 4795 καὶ
3089 4743 3184 4811 ἡδὺ
3216 4741 3626 4812 περιπλέκεται,
3647 4738 3735 4794 οἷα
3763 4740 3900 4812 παρά

637 4840 878 4909 stringit,
934 4838 1060 4894 ideo
1109 4842 1373 4904 suaviori,
1425 4841 1572 4910 quod
1627 4852 1825 4911 prazter
1859 4859 2079 4897 omnem
2129 4857 2201 4895 ex,

2329 4836 2506 4886 πᾶσαν
2537 4835 2706 4904 πατρὶ
2735 4835 3065 4904 προσδοκίαν
3097 4835 3342 4905 χαλεπῆς
3365 4836 3524 4888 νόσου
3553 4837 3785 4906 φιλτάτη
3812 4835 3897 4887 θυ-

636 4933 1031 5001 spectationcm
1063 4942 1210 4988 esset
1245 4933 1504 4988 lethifero
1535 4935 1731 4987 morbo
1770 4943 1959 5003 erepta
1999 4950 2011 4985 :
2043 4933 2201 5001 itaqm

2329 4927 2506 4997 γάτηρ
2535 4927 2896 4991 ἀνασωθεῖσα,
2933 4927 3027 4980 καὶ
3079 4927 3432 4998 προστίθεται
3479 4930 3572 4980 καὶ
3619 4929 3758 4998 αὕτη
3803 4931 3899 4987 τοῖς

636 5023 895 5093 adjuncta
942 5023 1207 5078 fratribus
1248 5033 1352 5082 est.
1404 5024 1544 5078 facta
1589 5025 1756 5078 etiam
1792 5024 1906 5094 ipsa
1937 5025 2080 5093 patri
2110 5040 2225 5077 ma-

637 5113 894 5168 nifestum
929 5115 1102 5169 sancti
1143 5114 1434 5185 Symeonis
1459 5130 1684 5168 munus.
1717 5115 1889 5168 Porro
1921 5113 2227 5184 presbyteri

635 5206 801 5275 hujus
842 5204 1090 5264 domini.
1145 5207 1417 5276 pertinaci
1455 5205 1842 5260 incredulitate
1890 5205 2226 5269 laborantes,

636 5297 1038 5353 denuntiabant
1063 5297 1188 5367 ipsi,
1217 5299 1412 5354 crebro
1433 5309 1581 5369 gesta
1611 5298 1905 5369 Symeouis
1926 5298 2226 5362 enarranti,

639 5389 890 5442 dicentes
922 5407 935 5443 :
969 5389 1051 5442 Tu
1085 5391 1342 5460 equidem
1373 5390 1705 5445 benedicere
1737 5391 1884 5444 illius
1928 5390 2186 5458 precibus
2214 5408 2229 5454 ς

641 5497 742 5533 nos
772 5479 1213 5536 maledictionem
1256 5483 1427 5553 ipsius
1467 5489 1854 5553 przeoptamus.
1900 5482 2230 5536 Videbimus

642 5571 831 5642 igitur,
857 5571 1138 5642 inquiunt.
1174 5590 1304 5628 num
1337 5575 1467 5644 quid
1499 5575 1572 5628 ita
1622 5574 1676 5627 in
1724 5588 1782 5628 se
1812 5573 2024 5629 allectis
2054 5575 2233 5628 valeat

644 5679 866 5722 nocere.
910 5664 991 5718 Ad
1024 5681 1146 5735 quae
1179 5666 1344 5721 verba
1392 5682 1502 5720 non
1532 5665 1748 5720 distulit
1783 5666 1836 5721 in
1867 5665 2086 5737 longum
2119 5681 2234 5736 pm-

648 5772 770 5814 nam
813 5757 957 5829 Iusta
991 5761 1088 5816 Dei
1122 5761 1496 5832 providentia;
1547 5759 1640 5816 sed
1686 5759 1879 5814 eodem
1915 5776 2078 5824 anno,
2107 5760 2235 5814 licet

2329 5019 2594 5086 ἀδελφοῖς,
2629 5019 2796 5087 σαφὲς
2828 5019 2978 5090 παρά
3033 5021 3126 5073 τοῦ
3175 5019 3320 5074 θείου
3364 5021 3592 5089 Συμεὼν
3633 5019 3712 5085 τῷ
3752 5020 3902 5088 πατρὶ

2329 5108 2500 5177 δῶρον
2526 5108 2888 5179 γεγενημένη.
2914 5110 2975 5162 0i
3007 5111 3187 5177 μέντοι
3213 5109 3305 5162 τοῦ
3327 5108 3704 5180 πρεστυτέιρου
3728 5109 3904 5162 6351:6-

2332 5217 2443 5264 ται,
2471 5201 2713 5269 χαλεπὴν
2760 5201 3021 5253 ἀπιστίαν
3063 5200 3368 5265 νοσοῦντες,
3395 5201 3754 5269 ἀγγέλλοντες
3783 5198 3905 5273 ἦσαν

2333 5293 2502 5362 αὐτῷ,
2533 5292 2600 5344 τὰ
2628 5291 2720 5344 τοῦ
2748 5292 2971 5362 Συμεὼν
3004 5293 3278 5355 πολλάκις
3308 5291 3684 5362 ἐξηγουμένῳ,
3715 5293 3905 5352 καὶ,Σὺ

2338 5384 2437 5456 μὲν
2475 5383 2701 5450 εύλογοῦ
2735 5386 2854 5446 ταῖς
2881 5386 3067 5454 εὐχαῖς
3103 5384 3292 5448 αὐτοῦ,
3342 5383 3631 5450 λέγοντες·
3663 5385 3820 5454 ἡμεῖς
3861 5383 3907 5434 δὲ

2335 5477 2433 5544 τὴν
2478 5475 2573 5528 τοῦ
2610 5475 2775 5527 αὑτοῦ
2810 5476 3009 5544 μᾶλλον
3049 5477 3189 5545 ἀρὰν
3239 5475 3639 5544 ἀσπαζόμεθαο
3686 5472 3908 5544 ὀινεμεθτ

2339 5568 2467 5638 γὰρ,
2504 5569 2691 5636 φησὶν,
2737 5567 2790 5620 εἴ
2826 5585 2877 5620 τι
2911 5569 3047 5638 πρὸς
3069 5569 3230 5622 αὑτὸν
3259 5568 3433 5631 οὕτως
3478 5568 3703 5637 ἔχοντας
3735 5565 3909 5636 βλάψαι

2336 5659 2643 5727 δυνήσεται.
2681 5658 2820 5729 Πρὸς
2854 5659 2996 5728 ἅπερ
3042 5662 3144 5712 οὐκ
3178 5659 3272 5712 ἐπὶ
3317 5659 3453 5711 πολὺ
3488 5658 3559 5710 τὰ
3594 5658 3695 5725 τῆς
3719 5655 3911 5710 δικαίας

2340 5752 2630 5822 inperium
2674 5752 2759 5805 ἐπ’
2796 5753 2988 5816 αὐτοῦς
3023 5752 3110 5805 τοῦ
3149 5752 3285 5805 Θεοῦ
3318 5752 3577 5821 προνοίας
3600 5767 3613 5777 ·
3658 5750 3789 5803 ἀ).λά
3829 5745 3904 5798 τοῦ
