4082 6504
193 463 329 529 2901

1239 462 1414 524 VITA
1455 462 1500 520 Α
1541 460 1982 521 NICEPHORO
2022 459 2508 520 CONSCRII’TA.

3333 461 3477 520 ξειιὲ

194 579 444 632 ἐνιαυτοῦ
474 577 684 632 ἐκείνου
724 577 898 631 καίτοι
927 574 1202 646 βαθύτατα
1230 574 1605 638 πλουτοῦντες,
1638 573 1790 625 πενέο

1902 572 2150 625 ditissimi
2183 583 2391 640 essent,
2447 573 2783 642 pauperrimi
2848 575 2949 628 visi
3000 580 3159 635 sunt,
3217 573 3478 626 onmibus

201 668 696 739 atatot.di;0noav,
726 667 904 737 πάσης
941 665 1120 719 αὐτῶν
1150 666 1338 728 οὐσίας
1388 666 1628 736 ἐσχάτως
1663 665 1777 716 δια-

197 759 520 829 φθαρείσης.

1895 664 2112 717 tandem
2153 664 2505 718 facultatibus
2536 664 2834 734 dissipatis.

1620 872 1848 929 CAPUT
1892 874 2081 928 XXIX.

602 989 855 1043 Absentia
910 995 957 1039 et
995 988 1226 1056 cogitata
1258 989 1502 1057 perspicit
1535 1003 1551 1040 :
1591 1004 1685 1056 per
1729 989 2012 1060 discipulos
2055 991 2334 1044 medetur:
2367 991 2418 1042 in
2449 997 2759 1058 tempestate
2795 991 3078 1043 succurrit.

275 1102 403 1156 σλε’.
441 1102 685 1170 Πέλαγος
725 1103 824 1170 μὲν
853 1095 949 1153 οὖν
989 1099 1258 1165 ἐξαντλῶν
1281 1095 1400 1153 οἶδα
1435 1101 1687 1162 κοτύλαις
1710 1101 1780 1153 τά

199 1192 294 1245 τοῦ
325 1189 639 1260 θαυμαστοῦ
675 1189 901 1259 Συμεὼν
930 1189 1106 1247 πάντα
1137 1189 1391 1252 διεξιέναι
1422 1190 1744 1258 φιλονεικῶν
1770 1210 1784 1222 ·

200 1281 319 1334 ἀλλ’
348 1282 408 1333 οὐ
443 1279 654 1351 φορητὴ
681 1279 840 1332 πάλιν
874 1281 905 1350 η
939 1279 1047 1332 τῶν
1079 1281 1572 1350 παραλειπομένων
1596 1283 1788 1352 ζημία.

213 1373 503 1444 Ἐπέμφθη
553 1373 662 1442 γάρ
707 1389 838 1424 ποτε
883 1373 1020 1441 πρὸς
1049 1373 1147 1441 τὴν
1187 1371 1431 1442 βασιλίδα
1462 1374 1614 1426 πόλιν
1651 1375 1792 1428 κατά

199 1481 352 1527 τινας
380 1465 650 1533 θεοφιλεῖς
678 1481 736 1515 τε
769 1464 886 1533 ἅμα
917 1465 1013 1515 καὶ
1050 1463 1391 1532 ψυχωφελεῖς
1425 1464 1614 1534 χρείας
1658 1482 1791 1535 πρε-

203 1554 464 1623 σϐύτερος
493 1555 697 1624 Θωμᾶς
730 1555 826 1607 σὺν
861 1555 1110 1623 ἀδελφοῖς
1150 1554 1357 1625 ἑτέροις
1387 1554 1506 1607 δυσὶ
1538 1557 1668 1625 παρ’
1695 1557 1792 1609 αὖ·

199 1645 318 1696 τοῦ.
351 1640 454 1696 Οἷα
482 1643 537 1696 δὲ
582 1644 733 1711 φιλεῖ
758 1645 818 1696 τὸ
847 1644 976 1714 περὶ
1003 1644 1102 1697 -τδν
1149 1641 1374 1713 βασιλέα
1410 1647 1517 1696 πᾶν
1562 1646 1786 1716 προσίε-

201 1735 329 1788 σθαι
381 1737 506 1799 τοὺς
563 1736 862 1800 τοιούτους,
903 1737 996 1789 καὶ
1052 1735 1378 1806 θεραπεύειν
1434 1737 1522 1789 διὰ
1559 1739 1657 1807 τὴν
1693 1738 1788 1791 τοῦ

200 1831 520 1900 πέμψαντος
576 1830 799 1901 ἀρετὴν,
860 1831 1001 1901 ὁρῶν
1031 1833 1058 1884 ὁ
1087 1834 1386 1901 τηνικαῦτα
1427 1832 1667 1902 ἔπαρχος
1691 1833 1788 1884 αύ-

199 1925 328 1986 τοὺς
357 1924 654 1992 (Θεόδωρος
687 1918 842 1984 οὗτος
895 1926 922 1975 ό
985 1923 1082 1991 τὴν
1143 1923 1460 1990 ἐπωνυμίαν
1513 1923 1790 1990 Πικρίδιος
1825 1910 1865 1966 Β

197 2009 291 2084 ⁴ἦν)
324 2013 640 2083 παρρησίας
672 2015 729 2064 ὲν
758 2012 837 2081 τῷ
882 2012 1132 2080 παλατίῳ
1186 2012 1490 2082 τυγχάνων,
1525 2010 1789 2062 πυνθάνε-

199 2122 314 2170 ται,
359 2104 504 2165 τίνες
543 2104 590 2156 οἱ
625 2104 848 2172 μοναχοὶ
899 2105 990 2156 καὶ
1037 2103 1178 2155 ὅθεν.
1219 2102 1329 2155 Καὶ
1385 2103 1591 2171 μαθὼν,
1624 2119 1790 2172 μετα-

199 2195 451 2249 καλεῖται
498 2196 588 2248 τδν
638 2195 842 2265 Θωμᾶν
893 2195 1231 2264 καταμόνας.
1275 2195 1452 2248 Πολλά
1496 2194 1627 2262 γοῦν
1660 2197 1791 2265 περὶ

199 2287 300 2341 τοῦ
340 2287 489 2340 θείου
521 2286 748 2357 Συμεὼν
773 2286 1169 2356 διαλεχθέντες,
1206 2288 1434 2355 συχνοὺς
1467 2285 1562 2337 τοῦ
1616 2287 1792 2353 Θωμᾶ

206 2380 304 2433 καὶ
337 2381 584 2452 μακροὺς
612 2380 1023 2442 κατατείνοντος
1051 2380 1265 2446 λόγους,
1303 2378 1533 2432 πλεῖστά
1568 2397 1626 2431 τε
1661 2380 1793 2449 περὶ

201 2472 372 2526 αὐτοῦ
405 2473 498 2526 καὶ
529 2473 639 2525 τῶν
661 2470 828 2524 αὐτοῦ
864 2471 1186 2542 θαυμασίων
1219 2471 1320 2522 ὃσα
1350 2469 1612 2522 ἑκάστοτε
1646 2470 1794 2541 δρῴη

201 2564 496 2630 διεξιόντος
523 2579 535 2592 ·
570 2566 598 2617 ὁ
633 2563 873 2634 ἔπαρχος
927 2561 1218 2637 ὲκκξαυθεὶς
1274 2561 1372 2632 τὴν
1411 2562 1641 2632 καρδίαν
1682 2565 1793 2625 τοῖς

205 2658 337 2727 περὶ
363 2656 527 2709 αὑτοῦ
553 2656 906 2726 διηγήμασιν,
939 2654 1058 2716 ὅλος
1088 2669 1149 2706 τε
1173 2653 1274 2720 τῆς
1307 2651 1385 2715 εἰς
1404 2653 1564 2705 αὑτὸν
1595 2655 1792 2723 ἐκκρεο

204 2749 438 2819 μασθεὶς
497 2749 755 2813 πίστεως,
808 2747 1031 2816 Χαλεπή
1095 2762 1185 2814 με,
1254 2744 1391 2814 πρὸς
1450 2747 1539 2797 τὸν
1588 2744 1794 2815 Θωμᾶν

204 2843 335 2909 ἔφη,
376 2841 530 2902 νόσος
581 2840 676 2892 καὶ
718 2837 926 2909 κρυφία
969 2836 1166 2901 πιέζει,
1202 2835 1338 2906 πρὸς
1382 2836 1448 2905 ἢν
1492 2835 1580 2887 διὰ
1615 2837 1794 2904 πάσης

205 2930 378 2983 ἐλθὼν
435 2931 685 3000 μηχανῆς
747 2947 804 2982 τε
861 2929 955 2981 καὶ
1000 2928 1216 2997 τέχνης,
1254 2928 1360 2979 οὐδ’
1396 2926 1572 2979 ὁτιοῦν
1597 2922 1708 2988 οἷός
1737 2942 1795 2978 τε

207 3020 480 3089 κατέστην
512 3020 694 3088 εὑρεῖν
727 3018 820 3071 τοῦ
858 3015 1030 3069 κακοῦ
1059 3017 1350 3085 φάρμακον
1372 3030 1385 3044 ο
1422 3008 1541 3066 εἶτα
1575 3016 1665 3066 καὶ
1696 3015 1796 3066 αὑ-

205 3113 302 3167 τοῦ
335 3114 556 3182 μεσίτου
608 3113 794 3180 τυχεῖν
826 3110 995 3161 ἐδεῖτο
1027 3108 1264 3176 θερμῶς,
1302 3105 1442 3158 ὥστε
1471 3105 1536 3158 δι’
1570 3107 1795 3158 ἐπιστο-

205 3203 433 3273 λῆς”τὰ
493 3200 614 3255 καθ’
658 3200 850 3252 ἑαυτὸν
906 3199 1101 3266 ἐκείνῳ
1149 3198 1516 3266 γνωρίσαντα,
1559 3197 1794 3265 κομίσα-

206 3295 332 3348 σθαι
377 3278 472 3347 καὶ
525 3292 622 3363 τὴν
684 3290 1001 3361 θεραπείαν.
1048 3287 1155 3341 Τοῦ
1211 3287 1284 3352 δὲ,
1359 3286 1543 3357 ἥτιςὴ
1599 3289 1794 3354 νόσος,

207 3387 474 3458 ἐρομένου
503 3402 517 3416 ·
573 3385 776 3453 ἐλεεινῇ
808 3385 833 3434 δ
863 3382 1103 3452 ἔπαρχος
1165 3377 1451 3433 ὑπολαῦὼν
1493 3381 1558 3449 τῇ
1617 3383 1790 3449 φωνῇ,

208 3477 418 3539 Πάντα,
451 3475 639 3544 φησὶν,
669 3468 750 3535 οἷς
791 3473 1092 3540 τρέψομαι,
1118 3471 1197 3532 είς
1227 3463 1364 3539 αἷμα
1420 3473 1798 3537 μεταποιεῖται

208 3567 305 3620 καὶ
354 3567 598 3636 μακροὺς
663 3563 972 3632 σκώληκας,
1005 3564 1039 3633 ἦ
1073 3579 1133 3614 τε
1193 3562 1302 3614 τῶν
1335 3562 1484 3624 ὲντδς
1517 3561 1702 3631 ὀδύνη,
1737 3561 1798 3613 οὐ

209 3656 377 3728 ῥᾳδία
407 3658 618 3726 φέρειν,
650 3654 1097 3724 διαὸοσκομὲνων
1140 3671 1206 3722 με
1235 3653 1345 3704 τῶν
1378 3652 1698 3722 σκωλήκων.
1743 3653 1800 3704 Ὀ

209 3749 294 3813 δὲ,
334 3748 668 3818 Γνωριστέον
715 3747 832 3816 μὲν,
858 3746 932 3808 ὡς
963 3745 1124 3814 ἔφης,
1151 3744 1324 3798 ταῦτα
1375 3745 1468 3796 καὶ
1515 3744 1593 3814 τῷ
1624 3745 1795 3813 μεγά-

212 3841 312 3910 λῳ,
343 3839 483 3910 πλὴν
534 3838 648 3892 ἀλλ’
682 3837 796 3890 ἔστι
855 3837 986 3906 παρ’
1038 3838 1170 3905 ἡμῖν
1222 3835 1331 3888 τῶν
1385 3835 1546 3906 ιερῶν
1587 3836 1796 3887 ἐκείνου

213 3929 419 4000 τριχῶν
473 3930 567 3980 καὶ
627 3928 724 3996 τῆς
779 3926 1002 3990 κόνεως,
1034 3919 1116 3987 οἷς
1170 3925 1313 3994 ὕδωρ
1346 3924 1657 3977 ὲπιδαλόντι
1703 3923 1799 3976 καὶ

213 4021 322 4091 πρὸ
351 4021 535 4074 σιτίων
567 4021 770 4080 πιόντι,
804 4017 1055 4086 οὐδαμῶς
1082 4013 1234 4085 οἶμαι
1268 4017 1653 4086 μεταμελήσει.

1961 1105 2088 1160 235.
2132 1107 2329 1160 Totum
2359 1123 2509 1162 mare
2550 1105 2732 1159 situlis
2765 1105 3060 1159 exhaurire
3095 1105 3334 1168 noverit,
3385 1103 3480 1176 qui

1890 1196 2075 1250 omnia
2107 1196 2394 1268 Symeonis
2425 1197 2703 1250 mirabilia
2735 1196 2790 1248 in
2830 1195 3007 1248 lucem
3054 1193 3303 1263 proferre
3347 1209 3480 1248 con—

1891 1289 2132 1343 tenderit
2157 1306 2169 1342 :
2195 1297 2248 1341 at
2278 1289 2533 1343 similiter
2557 1286 2989 1354 incomparabile
3017 1285 3278 1338 damnum
3295 1284 3480 1362 fuerit,

1891 1381 2191 1451 quidquam
2230 1397 2260 1433 a
2303 1381 2613 1434 scientibus
2648 1378 3016 1448 praetermitti.
3065 1376 3262 1430 Missus
3319 1376 3485 1444 igitur

1897 1471 2192 1540 aliquando
2225 1470 2280 1523 in
2314 1470 2518 1538 regiam
2551 1469 2744 1522 urbem
2777 1486 2805 1522 a
2841 1477 3032 1520 sancto
3073 1467 3344 1536 Symeone
3380 1467 3485 1520 fuit

1896 1564 2184 1633 presbyter
2216 1563 2456 1616 Thomas
2488 1578 2613 1615 cum
2661 1559 2926 1613 fratribus
2969 1558 3210 1622 duobus,
3261 1573 3480 1626 compa-

1897 1668 2118 1710 raturus
2147 1656 2395 1725 quaedam
2427 1656 2493 1709 ad
2549 1654 2643 1707 Dci
2691 1653 3114 1721 animarumque
3161 1668 3318 1704 usum
3358 1666 3486 1721 spe-

1894 1749 2120 1803 ctantia.
2173 1749 2444 1817 Cumque,
2488 1757 2547 1800 ut
2580 1746 2697 1800 ﬁeri
2731 1746 2890 1810 solet,
2919 1761 2947 1797 a
2980 1754 3089 1796 tota
3127 1750 3250 1797 aula
3285 1744 3485 1796 admit-

1896 1848 2148 1893 terentur
2183 1839 2634 1906 colcrcnturque,
2675 1845 2901 1905 pr0pter
2936 1835 3083 1888 illius
3123 1851 3151 1887 ιι
3188 1849 3298 1902 quo
3333 1834 3483 1887 missi

1896 1939 2054 1986 erant
2080 1931 2281 1984 famam
2308 1970 2322 1994 ,
2374 1931 2514 1983 vidit
2556 1944 2652 1982 eos
2688 1929 2780 1996 qui
2828 1937 2959 1980 tunc
3000 1925 3293 1995 przefectus
3334 1925 3489 1980 urbis

1894 2029 2016 2075 erat
2067 2020 2396 2074 Theodorus
2451 2019 2696 2080 nomine,
2779 2027 3148 2096 cpgnomento
3191 2016 3484 2079 Picridius,

1894 2113 2226 2168 auctoritate
2255 2112 2489 2181 pollens,
2517 2121 2682 2179 atque
2718 2109 3108 2179 interrogavit,
3140 2108 3363 2176 quinam
3395 2108 3486 2162 isti

1895 2205 2076 2258 forent
2107 2203 2358 2256 monachi
2400 2211 2455 2256 et
2486 2203 2654 2255 unde.
2699 2201 2944 2254 Edoctus
2991 2200 3229 2266 singula,
3268 2214 3491 2254 sevoca-

1894 2297 1973 2349 vit
2013 2295 2244 2350 seorsim
2289 2295 2580 2349 Thomam.
2633 2294 2770 2349 Cum
2808 2303 2990 2348 autem
3040 2294 3294 2362 pluribus
3347 2294 3495 2350 inter

1897 2400 1953 2439 se
1979 2384 2047 2438 de
2084 2394 2273 2439 sancto
2315 2387 2588 2456 Symeone
2631 2386 2893 2455 egissent,
2940 2396 2996 2438 et
3052 2385 3383 2453 prolixiores
3419 2383 3488 2438 de

1897 2475 1990 2529 illo
2030 2476 2270 2530 Thomas
2332 2485 2646 2545 pertexeret
2701 2491 3012 2538 sermones,
3079 2490 3247 2543 super
3302 2476 3488 2530 omnia

1898 2565 2075 2635 ipsum
2109 2575 2163 2619 et
2205 2566 2469 2620 miracula
2505 2582 2627 2636 quae
2655 2565 2906 2634 quotidie
2937 2565 3176 2618 faciebat
3217 2581 3494 2620 commen-

1897 2657 2070 2711 dans:
2107 2657 2400 2726 prmfectus
2427 2657 2799 2710 inﬂammatus
2833 2656 2999 2709 corde
3034 2656 3240 2709 talibus
3296 2671 3491 2708 narra-

1899 2748 2162 2810 tionibus,
2194 2757 2417 2817 totaque
2451 2749 2504 2802 in
2531 2749 2709 2816 ipsum
2747 2747 2945 2801 ﬁducia
2972 2758 3226 2801 erectus:
3285 2746 3491 2801 Difﬁci-

1899 2840 1986 2902 lis,
2020 2841 2201 2910 inquit
2229 2840 2496 2894 Thomam
2527 2841 2836 2909 alloquens,
2866 2856 2953 2893 me
2981 2847 3037 2893 et
3085 2839 3338 2893 occultus
3361 2854 3490 2908 pre-

1899 2929 1999 2982 mit
2032 2930 2296 2994 morbus;
2332 2932 2488 3000 cujus
2521 2945 2686 2984 causa
2717 2945 2911 2984 omnes
2933 2930 3163 2983 adhibui
3205 2929 3492 2983 machinas

1898 3028 1953 3072 ct
1977 3029 2145 3077 artes.
2178 3019 2272 3073 sed
2299 3019 2546 3073 laboravi
2578 3019 2633 3072 in
2663 3035 2886 3081 vanum,
2917 3020 3065 3072 nulla
3099 3019 3228 3072 mali
3266 3018 3493 3072 inventa

1902 3109 2134 3162 medela.
2169 3109 2377 3163 Deinde
2410 3109 2799 3162 ardentissime
2825 3110 3006 3178 petiit,
3035 3119 3094 3163 ut
3145 3111 3342 3163 liceret
3381 3108 3491 3163 sibi

1901 3215 2000 3267 per
2027 3200 2316 3268 epistolam
2340 3215 2526 3253 rerum
2573 3215 2797 3254 suarum
2849 3210 3055 3254 statum
3109 3211 3300 3254 sancto
3347 3201 3495 3256 indi-

1903 3304 2049 3348 care,
2083 3305 2191 3357 quo
2225 3290 2572 3343 curationem
2620 3290 2919 3357 impetrare
2974 3291 3042 3344 ab
3073 3291 3192 3360 ipso
3251 3307 3498 3347 merere-

1899 3388 2010 3432 tur.
2040 3379 2417 3450 lnterrogante
2442 3391 2628 3434 autem
2661 3381 2874 3433 Thoma
2905 3399 2919 3434 :
2953 3381 3160 3450 Ecquis
3217 3383 3306 3436 ille
3343 3398 3495 3437 mor-

1898 3468 2000 3521 bus
2041 3479 2226 3536 esset,
2274 3471 2581 3524 miserabili
2609 3472 2954 3540 respondens
3018 3489 3154 3527 voce
3195 3491 3206 3526 :
3275 3472 3493 3537 Onmia,

1899 3557 2100 3624 inquit,
2156 3559 2494 3613 nutrimenta
2538 3576 2660 3614 mea
2704 3561 2757 3613 in
2793 3561 3122 3630 sanguinem
3182 3571 3239 3616 et
3303 3562 3498 3632 longos

1900 3646 2205 3702 lumbricos
2258 3660 2690 3704 convertuntur:
2757 3653 2962 3722 quippe
3026 3653 3242 3706 viscera
3285 3653 3498 3708 arrodit

1904 3741 2081 3803 dolor,
2115 3741 2260 3795 haud
2291 3743 2453 3798 facile
2497 3744 2720 3798 tolerari
2775 3754 2985 3814 potest,
3033 3746 3144 3801 illis
3199 3762 3288 3800 me
3332 3747 3498 3814 depa-

1907 3833 2212 3886 sccntibus.
2245 3831 2344 3886 Cui
2377 3833 2619 3887 Thomas
2647 3853 2658 3886 :
2695 3834 3069 3904 Significanda
3096 3836 3215 3890 haec
3269 3836 3498 3904 quidem

1908 3932 2057 3985 sunt,
2115 3933 2175 3977 ut
2237 3925 2444 3994 inquis,
2505 3943 2704 3997 magno
2764 3927 3058 3998 Symeoni;
3113 3939 3496 3983 verumtamen

1911 4015 2069 4069 adest
2131 4017 2291 4070 nobis
2333 4034 2554 4087 quoque
2623 4034 2654 4073 e
2699 4021 2871 4074 sacris
2920 4021 3068 4074 illius
3122 4020 3375 4074 crinibus
3433 4033 3498 4073 ac

215 4114 443 4175 pulvere
501 4113 813 4184 quidpiam;
858 4125 998 4180 quos
1055 4111 1099 4164 si
1172 4112 1297 4180 quis
1373 4107 1663 4164 miscuerit
1719 4119 1846 4161 cum
1918 4121 2080 4176 aqua,
2146 4107 2497 4178 biberitque,
2544 4118 2677 4180 puto
2726 4110 2842 4165 fore
2907 4119 2966 4164 ut
3027 4126 3156 4164 eum
3208 4110 3336 4164 facti
3386 4123 3497 4162 non

214 4206 501 4274 pceniteat.

288 4296 428 4356 σλς’.
459 4295 563 4348 Τοῦ
600 4295 655 4347 δὲ
686 4294 827 4348 κατὰ
849 4293 948 4357 τὰς
983 4293 1265 4363 ὑποθήκας
1308 4290 1675 4362 πεποιηκότος
1701 4331 1716 4354 ,
1765 4291 1800 4359 ἦ

211 4407 274 4442 τε
305 4387 402 4442 τοῦ
445 4388 678 4456 αἵματος
709 4385 866 4454 ῥύσις
913 4386 1184 4448 πέπαυτο,
1217 4384 1311 4436 καὶ
1341 4384 1396 4436 αί
1427 4384 1534 4435 τῶν
1587 4383 1802 4453 σκωλή-

215 4497 328 4533 κων
383 4479 568 4540 ὠδῖνες
602 4469 850 4541 ἐσϐεστο,
890 4475 986 4529 καὶ
1012 4477 1044 4544 ὴ
1073 4475 1225 4537 νόσος
1259 4473 1422 4536 εὐθὺς
1470 4473 1802 4542 ἀπελήλατο.

225 4572 285 4622 Ὀ
333 4567 463 4636 γοῦν
511 4569 748 4635 ἔπαρχος

213 4660 311 4714 τοῦ
340 4659 526 4712 λοιποῦ
563 4660 863 4728 χρώμενον,
893 4659 948 4708 ὲν
972 4656 1122 4726 φόϐῳ
1157 4656 1363 4708 πλείονι
1402 4655 1497 4707 τοῦ
1533 4655 1800 4724 προτέρου

213 4751 572 4821 γεγόνει,καὶ
625 4750 715 4802 τὸν
752 4749 954 4817 Θωμᾶν
989 4749 1062 4809 ὼς
1113 4743 1227 4817 εἶχε
1287 4745 1800 4816 μεταστειλάμενος,

211 4844 444 4898 δεδιέναι
494 4844 589 4894 καὶ
634 4843 859 4911 τρέμειν
892 4840 1065 4906 ἔλεγε,
1105 4840 1178 4908 μὴ
1235 4839 1457 4890 ἄλλοθεν
1508 4841 1556 4890 οἱ
1594 4837 1804 4906 σκώλη-

213 4955 312 4998 κες
347 4934 508 4987 αὑτὸν
540 4935 915 5004 άναρῤήξωσι,
939 4932 1046 4983 τῶν
1079 4933 1216 4983 κατὰ
1251 4931 1411 4998 φύσιν
1442 4931 1636 4993 ἐξόδων
1668 4931 1806 4982 ἀπο-

213 5025 578 5086 κλεισθέντες.
611 5025 722 5076 Καὶ
758 5017 864 5092 (οἷα
909 5021 1153 5089 πέφυκεν
1187 5022 1275 5074 ἀεὶ
1314 5022 1568 5091 μέγιστος
1637 5022 1803 5072 πᾶσιν

213 5115 527 5186 ἀνθρώποις
587 5113 901 5184 ἐγγίνεσθαι
959 5114 1122 5181 φόῦος
1149 5155 1161 5176 ,
1195 5113 1324 5165 ὅταν
1373 5115 1500 5183 περὶ
1542 5112 1603 5163 τὸ
1649 5112 1747 5182 ζῇν
1778 5115 1805 5164 6

214 5211 464 5272 κίνδυνος
521 5205 579 5283 ᾖ.
621 5207 902 5277 φείδεσθαί
969 5223 1028 5258 τε
1087 5205 1316 5274 μηδενὸς
1363 5205 1690 5274 τηνικαῦτα,
1731 5206 1806 5277 μὴ

218 5301 410 5362 πόνου,
449 5297 524 5367 μὴ
558 5297 830 5366 καμάτου,
891 5295 965 5365 μὴ
998 5295 1372 5365 ἀναλώματος,
1407 5297 1453 5348 εἰ
1485 5296 1578 5348 καὶ
1619 5295 1678 5348 τὸ
1712 5296 1804 5348 δύ-

216 5389 418 5444 νασθαι
454 5388 689 5457 μάλιστα
711 5386 919 5448 τούτοις
967 5387 1165 5455 προσῇ)
1197 5392 1243 5441 εξ
1282 5385 1355 5455 μὴ
1397 5385 1490 5437 καὶ
1544 5385 1620 5453 τῷ
1671 5386 1809 5454 ἁγίῳ

213 5481 547 5553 γνωρισθείη
592 5481 660 5532 τὰ
722 5480 841 5533 κατ’
902 5480 1084 5542 αὐτὸν,
1123 5479 1223 5530 οὐκ
1281 5479 1485 5531 ἀνεκτὰ
1548 5479 1804 5530 ἐποιεῖτο.

217 5576 508 5645 Γέγραπτο
558 5575 654 5642 μὲν
689 5567 784 5623 οὖν
827 5573 859 5639 ἡ
898 5571 1178 5640 ἐπιστολὴ,
1223 5572 1525 5638 ἡτοίμαστο
1571 5572 1625 5623 δὲ
1661 5571 1749 5622 καὶ
1781 5572 1810 5622 ό

217 5669 358 5739 πρὸς
394 5665 556 5718 αὑτὸν
586 5664 902 5734 πέμπεσθαι
966 5664 1174 5732 μέλλων
1201 5676 1213 5689 ⁵
1251 5662 1364 5713 ἁλλ’
1397 5665 1428 5732 ή
1481 5663 1691 5716 ἐκείνου
1733 5664 1808 5716 δι-

219 5763 410 5833 όρατες
437 5759 743 5828 προφθάνει
783 5759 880 5808 καὶ
938 5756 1038 5826 τὴν
1068 5755 1247 5805 αὐτῶν
1302 5755 1562 5818 ἱκετείαν,
1597 5755 1690 5807 καί
1722 5772 1807 5816 τις

217 5859 278 5909 ἐν
320 5851 560 5920 τυούτῳ
607 5852 767 5921 φοιτᾷ
813 5849 944 5918 παρ’
975 5847 1158 5916 αὐτοῦ,
1195 5847 1290 5899 ὅπα
1323 5863 1380 5896 τε
1413 5845 1546 5915 πρὸς
1582 5845 1670 5899 τὸν
1705 5847 1818 5902 Θω-

1975 4288 2100 4343 236.
2152 4289 2402 4344 Credidit
2434 4289 2727 4360 praefectus
2761 4290 2926 4345 dictis
2957 4292 3216 4348 Thomm:
3274 4304 3328 4348 et
3372 4310 3496 4348 ces-

1904 4379 2044 4432 savit
2080 4380 2227 4433 illico
2284 4379 2464 4434 fluxus
2500 4380 2804 4449 sanguinis,
2848 4381 3068 4434 dolores
3114 4383 3385 4436 vermium
3406 4384 3489 4437 le-

1904 4471 2006 4524 niti
2041 4481 2190 4537 sunt,
2245 4471 2537 4540 omnisque
2557 4471 2830 4541 aegritudo
2858 4472 3111 4541 depulsa.
3141 4473 3342 4526 Verum
3368 4490 3498 4528 cum

825 4567 1082 4633 φυσικαῖς
1154 4566 1297 4633 ὀρῶν
1355 4563 1548 4616 ἑαυτὸν
1597 4563 1798 4628 ἐξόδοις

1907 4560 2126 4614 videret
2162 4575 2384 4615 secessu
2415 4562 2652 4615 naturali
2688 4577 2746 4615 se
2810 4562 3078 4631 deinceps
3111 4564 3187 4617 uti
3218 4603 3231 4627 ,
3279 4564 3500 4634 gravior

1910 4654 2094 4721 priore
2131 4653 2312 4722 ipsum
2360 4654 2589 4708 incessit
2636 4662 2855 4707 metus:
2889 4657 3276 4725 accersitoque
3327 4673 3497 4727 quam

1903 4745 2192 4799 celerrime
2240 4745 2472 4809 Thoma,
2521 4745 2657 4798 dicit
2706 4745 2804 4807 illi,
2834 4746 3022 4800 Vereri
3079 4763 3136 4801 se
3165 4757 3330 4816 atque
3380 4759 3495 4803 trc-

1905 4849 2077 4897 mcre,
2131 4851 2200 4889 ne
2235 4851 2471 4900 vermes,
2495 4837 2737 4889 naturali
2765 4851 2986 4891 secessu
3017 4837 3331 4903 obstructo,
3363 4840 3497 4894 alibi

1905 4935 2154 4978 ventrem
2183 4926 2548 4992 perrodcrent
2574 4943 2585 4976 :
2615 4936 2670 4979 et
2698 4926 3187 4995 (quemadmodum
3211 4931 3500 4984 consuevit

1907 5032 2124 5086 semper
2153 5017 2387 5070 validior
2434 5032 2627 5071 omnes
2669 5033 2941 5088 occupare
3008 5030 3210 5083 metus,
3278 5021 3501 5089 quando

1907 5108 2016 5161 vita
2051 5109 2419 5176 periclitatur,
2462 5125 2568 5162 non
2631 5120 2924 5179 parcentes
2982 5112 3079 5165 ulli
3118 5113 3220 5178 rei,
3272 5130 3383 5166 non
3419 5115 3501 5168 la-

1908 5197 2050 5259 bori,
2087 5212 2197 5250 non
2249 5197 2652 5269 defatigationi,
2708 5214 2818 5252 non
2879 5201 3216 5268 sumptibus,
3273 5201 3495 5255 etiamsi

1910 5289 2055 5359 quod
2092 5291 2326 5343 maxime
2363 5291 2628 5360 prodesse
2652 5299 2856 5360 potest,
2909 5291 2974 5345 ad
3013 5309 3236 5345 manum
3287 5293 3378 5358 sit)
3415 5293 3502 5344 in-

1912 5382 2221 5435 tolerabilia
2250 5381 2601 5434 existimabat
2644 5383 2852 5446 omnia,
2884 5383 2989 5436 nisi
3018 5400 3140 5453 qua:
3186 5399 3244 5437 se
3290 5392 3504 5453 specta-

1914 5474 2045 5528 bant
2077 5482 2268 5528 saucto
2291 5472 2756 5543 significarentur.
2796 5477 3023 5527 Exarata
3076 5475 3244 5544 igitur
3269 5475 3502 5543 epistola

1912 5576 2015 5629 est,
2057 5577 2517 5636 comparatusque
2547 5567 2642 5636 qui
2674 5567 2820 5619 illam
2866 5567 2933 5619 ad
2998 5567 3328 5638 Symconem
3373 5583 3501 5636 per-

1911 5662 2105 5715 ferret.
2139 5660 2341 5713 Verum
2373 5660 2772 5728 perspicacitas
2807 5661 2955 5712 illius
2989 5661 3189 5713 horum
3223 5659 3388 5711 etiam
3419 5658 3500 5712 le-

1913 5754 2191 5824 gationem
2231 5751 2538 5820 supplicem
2570 5753 2858 5820 prmvertit
2895 5751 3304 5822 :aliquiscnim
3332 5765 3358 5803 a
3391 5749 3493 5814 Sy-

1933 5860 2128 5901 meone
2168 5843 2492 5907 adveniens,
2530 5845 2904 5914 particulatim
2936 5847 3122 5901 omnia
3173 5861 3294 5916 qua:
3350 5855 3512 5916 gesta
