4082 6452
679 371 822 433 3203

1888 367 1946 427 S.
1988 365 2365 427 SYMEONIS
2402 367 2765 429 JUNIORIS

3775 371 3903 434 3205

670 490 851 545 erant,
883 478 1238 552 significavit,
1270 493 1521 549 quaenam
1553 476 1768 532 scilicet
1799 493 1827 531 a
1852 479 2113 547 prrefccto
2162 480 2243 533 di-

2354 482 2459 551 μᾶν
2486 480 2563 551 τῷ
2593 480 2819 551 ἐπάρχῳ
2870 480 3106 553 λεχθείη,
3157 482 3250 534 καὶ
3277 481 3351 544 ὡς
3396 480 3581 552 δοθείη
3617 479 3901 553 παραίτιοι]

668 582 756 629 uta
781 571 1003 625 Tltomm
1043 571 1311 637 fuissent;
1345 570 1623 639 quomodo
1686 569 1753 623 ab
1802 570 1905 623 hoc
1960 585 2101 639 aqua
2150 570 2245 624 illi

666 663 820 725 data.
858 665 1028 718 sacris
1086 663 1377 731 Symeonis
1400 660 1651 715 crinibus
1697 671 1751 715 et
1781 662 2003 730 pulvere
2039 662 2246 717 sancti-

669 754 867 820 ﬁcata;
943 754 1225 824 quomodo
1284 753 1519 806 bibisset
1578 752 2013 821 dispulissetque
2063 754 2246 807 statim

673 840 923 895 dolorem
954 856 1176 894 omnem
1202 858 1214 891 :
1246 839 1447 892 deinde
1479 839 1737 893 hortatus
1758 854 1979 908 quoque
2002 851 2087 894 est
2108 857 2247 910 prte-

677 927 906 994 fectuni,
940 947 1007 983 ne
1036 932 1151 983 haec.
1166 930 1261 983 Dei
1288 929 1557 982 miracula
1579 929 1907 999 negligeret,
1939 930 2249 999 adiecitque

669 1022 938 1091 quidquid
968 1029 1235 1090 praeterea
1265 1036 1296 1074 e
1328 1036 1388 1074 re
1412 1020 1611 1074 animae
1644 1020 1796 1074 illius
1833 1018 1952 1074 fore
1984 1020 2247 1089 putabat;

671 1111 782 1165 imo
806 1112 969 1165 etiam
1000 1111 1351 1164 conﬁrmavit
1378 1111 1455 1165 illi
1494 1111 1814 1169 sanitatem.
1868 1126 1991 1180 qua:
2016 1119 2071 1165 et
2114 1125 2249 1165 con-

674 1203 885 1256 tinuata
906 1214 989 1257 est
1018 1218 1193 1271 usque
1226 1203 1294 1256 ad
1332 1210 1566 1255 mortem
1600 1202 1726 1255 viri.
1764 1201 1855 1256 Sic
1880 1202 2049 1273 igitur
2070 1202 2251 1256 mani-

670 1293 873 1346 festum
902 1300 1007 1353 est,
1034 1290 1184 1359 quod
1211 1306 1333 1360 qua:
1364 1292 1587 1346 volebat
1617 1291 1876 1363 Symeon,
1937 1293 2099 1363 longe
2151 1293 2250 1348 ab-

672 1398 799 1436 sens
848 1383 900 1435 in
944 1383 1145 1449 spiritu
1190 1382 1426 1445 videret,
1467 1391 1523 1437 et
1553 1383 1792 1451 quidem
1814 1392 1921 1436 tam
1946 1383 2247 1452 perspicue

674 1490 736 1529 ac
770 1475 813 1528 si
842 1488 1027 1528 coram
1060 1485 1427 1543 gererentur:
1476 1474 1941 1542 quemadmodum
1967 1474 2251 1543 sequentia

673 1567 839 1621 etiam
871 1565 1175 1619 declarant.

742 1656 869 1709 257.
917 1656 1139 1710 Morbus
1195 1655 1493 1725 aliquando
1549 1658 1816 1727 pestilens
1879 1658 2250 1729 grassabatur,

672 1748 877 1801 multos
910 1749 1167 1802 homines
1192 1748 1529 1827 depascens:
1565 1766 1675 1819 quo
1706 1751 1937 1821 contigit
1959 1750 2128 1803 filiam
2150 1765 2251 1805 cu-

666 1838 887 1906 jusdam
920 1838 1153 1908 Evagrii
1196 1815 1306 1908 (63)
1373 1842 1537 1895 etiam
1582 1815 1837 1909 corripi.
1865 1815 2019 1896 'Erat
2069 1851 2251 1895 autem
2288 1815 2327 1869 Β

672 1929 939 1999 Evagrius
971 1930 1073 1983 iste
1105 1929 1505 1987 Scholasticus.
1536 1932 1805 1999 Quoniam
1836 1950 1968 1988 vero
2010 1933 2249 2002 Epipha-

672 2020 799 2073 nius
829 2020 1076 2088 quidam,
1113 2020 1209 2089 qui
1244 2037 1341 2091 per
1364 2022 1417 2076 id
1450 2033 1671 2093 tempus
1701 2024 1991 2093 gentilium
2045 2024 2251 2078 errori-

675 2112 778 2164 bus
809 2111 1092 2164 adbaarere
1133 2112 1444 2178 dicebatur,
1496 2114 1637 2167 nihil
1679 2114 2015 2174 incommodi
2072 2112 2252 2183 quoad

673 2203 813 2256 filios
843 2213 990 2256 recte
1018 2202 1318 2268 habentes,
1346 2213 1635 2273 pateretur
1660 2224 1672 2260 :
1707 2206 2003 2260 subierunt
2034 2205 2251 2276 Evagrii

670 2295 913 2348 animum
936 2294 1300 2363 «fugitationes
1330 2295 1663 2365 blasphemre
1690 2296 1905 2367 (quales
1928 2312 2051 2351 esse
2072 2297 2252 2352 solent

670 2386 893 2454 maligni
929 2376 1196 2439 daemonis
1226 2384 1607 2453 deceptionesl
1634 2402 1700 2441 ex
1726 2387 2041 2441 vehementi
2063 2387 2248 2453 nimis,

667 2488 779 2541 quo
808 2474 971 2527 tiliam
996 2473 1308 2537 adamabat,
1360 2474 1560 2529 affectu
1628 2476 1914 2540 subnatae;
1974 2476 2251 2545 quomodo

670 2580 867 2633 nempe
894 2564 1090 2635 religio
1118 2580 1217 2618 sua
1243 2565 1553 2634 Epiphanio
1594 2566 1801 2621 faceret
1834 2567 1900 2620 ad
1951 2568 2119 2621 vitam
2171 2576 2251 2621 at-

666 2672 777 2725 que
806 2655 1247 2710 incolumitatem
1281 2655 1538 2711 filiorum.
1580 2658 1658 2711 Ex
1711 2659 2018 2712 istiusmodi
2067 2668 2249 2712 autem

668 2747 1105 2817 cogitationibus
1137 2756 1320 2802 motus
1372 2763 1435 2803 ac
1494 2757 1790 2817 tempestas
1838 2749 2137 2803 vehemens
2196 2750 2247 2801 in

666 2838 854 2893 anima
889 2837 993 2891 viri
1026 2840 1306 2893 concitata
1339 2847 1443 2902 est,
1467 2856 1576 2892 non
1612 2840 1731 2894 leve
1786 2839 1894 2893 sibi
1941 2840 2249 2908 periculum

668 2931 929 2984 creantis.
960 2930 1306 2999 Cognoverat
1355 2931 1469 2985 hinc
1544 2929 1599 2982 in
1657 2931 1856 2999 spiritu
1906 2930 2162 3002 Symeon,
2196 2944 2252 2984 et

668 3020 925 3089 Evagrio,
957 3036 1054 3088 pro
1079 3020 1164 3073 sui
1204 3020 1262 3073 in
1320 3023 1500 3088 ipsum
1569 3019 1833 3089 singulari
1884 3020 2251 3088 propensione

2351 573 2496 643 ὕδωρ
2522 574 2739 644 ἐκείνῳ,
2761 573 2934 644 θριξὶν
2960 574 3137 636 ὁσίαις
3163 573 3330 626 αὑτοῦ
3351 575 3445 627 καὶ
3476 575 3624 627 κόνει
3647 576 3901 643 ἀγασθὲν,

2350 667 2443 717 καὶ
2473 666 2549 729 ὠς
2591 665 2731 719 πιὼν
2762 667 2959 719 αὐτίκα
2989 665 3083 719 τοῦ
3115 666 3321 729 πάθους
3372 666 3754 735 ἀπαλλαγείη,
3784 671 3903 719 κατὰ

2353 760 2515 827 μέρος
2572 760 2748 813 πάντα
2802 759 3215 829 διασημαίνωνο
3255 761 3383 830 ἑξῆς
3413 760 3472 814 δὲ
3531 760 3628 813 καὶ
3683 763 3812 831 πρὸς
3849 766 3902 812 τὰ

2348 849 2441 901 τοῦ
2472 849 2605 903 Θεοῦ
2641 848 2922 921 θαυμάσια
2955 850 3034 920 τῷ
3080 852 3305 922 ἐπάρχῳ
3354 850 3428 921 μὴ
3466 850 3745 920 ὀλιγώρως
3785 852 3903 920 ἔχειν

2354 941 2703 1009 παρεγγυῶν,
2737 942 2831 993 καὶ
2856 943 2981 994 εἴτι
3016 942 3152 1012 πρὸς
3196 942 3384 1011 ὄνησιν
3415 943 3597 1011 ψυχῆς
3624 942 3751 995 ἄλλο
3795 944 3903 994 ὑπο·

2352 1031 2555 1094 τιθείς⁶
2590 1032 2651 1085 οὐ
2686 1031 2791 1103 μὴν
2822 1032 2958 1101 ἀλλά
2991 1031 3087 1086 καὶ
3123 1032 3221 1101 τὴν
3256 1033 3446 1100 ὑγείαν
3481 1032 3630 1102 αὐτῷ
3660 1036 3903 1100 ἐπισφρα-

2352 1122 2660 1194 γιζόμενος,
2687 1125 2722 1193 ἧ
2747 1141 2829 1188 τις
2860 1125 2955 1177 καὶ
2978 1124 3281 1195 παρέμεινε
3313 1125 3392 1195 τῷ
3423 1124 3581 1196 ἀνδρὶ
3604 1124 3693 1177 διά
3724 1124 3904 1185 τέλους.

2352 1214 2543 1280 Οῦτως
2576 1217 2682 1270 ἀπὸ
2713 1214 2992 1287 μακρόθεν
3013 1217 3129 1286 ᾔδει
3157 1214 3237 1285 τῷ
3270 1216 3544 1285 πνεύματι
3580 1216 3763 1283 σαφῶς
3785 1200 3905 1282 ἥπερ

2353 1306 2626 1369 ἐϐούλετο,
2663 1307 2760 1360 καὶ
2788 1306 2864 1371 ὡς
2894 1307 2951 1359 ὲν
2978 1304 3277 1376 ὀφθαλμοῖς
3302 1305 3484 1359 πάντα
3510 1304 3679 1374 ἑώρα·
3714 1300 3793 1358 οἵα
3818 1306 3907 1375 γὰρ

2353 1396 2515 1451 πάλιν
2536 1398 2735 1453 ἐκεῖνα.

2425 1656 2556 1719 σλξκ
2595 1657 2770 1710 Νόσου
2796 1657 2925 1711 ποτε
2952 1656 3204 1727 λοιμικῆς
3230 1656 3553 1726 γενομένης,
3583 1658 3677 1711 καὶ
3707 1657 3808 1709 τῶν
3830 1656 3910 1709 ἀν-

2354 1744 2586 1817 θρώπων
2610 1745 2837 1809 πολλοὺς
2868 1748 3290 1818 ἐπινεμομένης,
3319 1747 3520 1817 συνέὅη
3550 1748 3753 1817 ταύτης
3771 1746 3909 1815 ἔργον

2355 1839 2445 1892 καὶ
2469 1838 2743 1909 θυγατέρα
2772 1839 2917 1901 τινὸς
2946 1838 3217 1908 Εὑαγρίου
3247 1838 3499 1906 γενέσθαι
3520 1854 3536 1869 υ
3576 1837 3908 1907 Σχολαστικὲις

2354 1930 2397 1982 δ’
2418 1925 2483 2001 ἧν
2508 1930 2615 1999 ἀρα
2638 1930 2666 1980 ὀ
2696 1930 2962 2000 Εὑάγριος
2989 1924 3162 1992 οὗτος.
3202 1930 3353 1981 Ἐπεὶ
3384 1929 3441 1982 δέ
3469 1946 3555 1991 τις
3598 1928 3906 1996 Ἐπιφάνιος.

2356 2019 2581 2090 Ἕλληνι
2610 2020 2907 2088 τηνικαῦτα
2938 2020 3230 2089 λεγόμενος
3258 2019 3619 2088 προσανέχειν
3643 2018 3838 2088 ἀπάτῃ,
3860 2017 3907 2069 οὗ

2352 2112 2409 2165 δὲ
2446 2111 2576 2180 μίαν
2608 2110 2811 2180 ὑπέστη
2847 2110 2975 2181 περὶ⁵
3004 2113 3072 2165 τὰ
3103 2111 3269 2163 τέκνα
3295 2111 3519 2179 ζημίαν,
3555 2108 3751 2162 είσίασί
3783 2123 3909 2169 τινες

2353 2202 2443 2254 τὸν
2477 2202 2747 2271 Εὑάγριον
2792 2200 3040 2269 λογισμοὶ
3067 2200 3434 2270 βλασφημίας,
3464 2195 3557 2253 οἷα
3588 2198 3657 2252 τὰ
3696 2198 3788 2251 τοῦ
3827 2214 3910 2249 πο-

2352 2292 2520 2362 νηροῦ
2555 2292 2882 2360 δελεάματα,
2925 2294 2988 2344 ὲκ
3022 2293 3116 2345 τοῦ
3143 2291 3373 2362 σφοδροῦ
3403 2289 3639 2361 μάλιστα
3671 2290 3796 2359 περὶ
3826 2291 3909 2356 τὴν

2355 2384 2520 2437 παῖδα
2567 2382 2771 2446 πάθους
2804 2382 2881 2454 τῷ
2922 2382 3194 2454 ἀνθρώπῳ
3240 2378 3585 2454 ἐπιρρυέντος,
3629 2383 3703 2445 ὡς
3732 2382 3833 2452 ἀρα
3854 2381 3909 2432 τὰ

2352 2474 2449 2543 τῆς
2482 2473 2780 2544 θρησκείας
2818 2473 3009 2544 ἐκείνῳ
3063 2474 3197 2543 πρὸς
3246 2474 3343 2545 τὴν
3395 2474 3505 2527 τῶν
3532 2474 3737 2527 τέκνων
3784 2471 3910 2541 ζωὴν

2351 2566 2642 2633 ὲπαμύνοι.
2678 2566 2783 2619 Καὶ
2830 2565 3004 2634 μέγαν
3049 2565 3111 2618 ὲκ
3140 2566 3246 2617 τῶν
3280 2565 3541 2618 τοιούτων
3578 2563 3845 2633 λογισμῶν
3882 2565 3908 2631 ὴ

2350 2660 2497 2729 ψυχὴ
2550 2657 2791 2710 κλύδωνα
2836 2658 2929 2709 καὶ
2981 2656 3143 2709 σάλον
3166 2653 3299 2727 εἶχε,
3346 2656 3441 2709 καὶ
3468 2656 3638 2710 πολὺν
3664 2658 3806 2727 αὐτῷ
3832 2658 3908 2708 τὸν

2351 2750 2597 2805 κίνδυνον
2658 2748 2866 2802 ὤδινεν.
2918 2747 3098 2818 Ὅπερ
3165 2749 3255 2802 τὸν
3306 2748 3459 2816 ἅγιον
3516 2750 3596 2819 τῷ
3661 2750 3909 2817 πνεύματι

2352 2843 2570 2911 γνόντα,
2598 2839 2835 2911 δηλῶσαι
2863 2838 2942 2907 τῷ
2972 2837 3246 2908 Εὑαγρίῳ,
3270 2840 3362 2892 καὶ
3391 2838 3501 2907 γὰρ
3525 2834 3593 2909 ἦν
3618 2838 3763 2906 αὐτῷ
3786 2840 3906 2907 ῥοπῇ

2352 2933 2640 2994 διαθέσεως
2700 2929 3011 2985 ἐπικλίνων.
3096 2929 3153 2983 '0
3204 2930 3257 2984 δὲ
3318 2929 3395 2999 τῷ
3460 2930 3555 2982 τοῦ
3610 2930 3908 3002 πράγματος

2354 3025 2641 3094 παραδόξῳ
2676 3021 3067 3088 καταπλαγεὶς,
3103 3022 3183 3074 ὅτι
3214 3022 3355 3092 ἅπερ
3390 3017 3457 3092 ἦν
3503 3025 3561 3075 ὲν
3594 3020 3747 3091 μυχῷ
3790 3038 3909 3089 uap-

662 3109 861 3173 animi,
889 3111 1059 3179 jussit
1118 3109 1370 3163 indicari.
1416 3109 1716 3176 Obstupuit
1770 3108 1859 3161 ille
1895 3109 2116 3164 insolita
2172 3109 2249 3163 rei

2356 3117 2474 3178 δίας
2520 3113 2668 3183 αὐτῷ
2720 3115 2853 3185 δῆλα
2902 3115 2979 3182 τῷ
3023 3114 3245 3182 Συμεὼν
3279 3113 3654 3196 καθειστήκει,
3689 3113 3827 3183 φόϐῳ
3861 3129 3909 3165 τι

668 3202 936 3264 novitate.
974 3200 1255 3271 quomodo
1289 3201 1403 3265 illa,
1428 3217 1547 3270 qua:
1581 3201 1636 3254 in
1686 3200 1868 3254 cordis
1916 3202 1999 3255 sui
2034 3216 2247 3256 recessu

672 3296 870 3350 intimo
906 3296 1177 3360 latebant,
1216 3295 1587 3349 innotuissent
1614 3295 1871 3364 Symconi
1896 3312 1909 3360 ;
1936 3307 2248 3365 correptus-

664 3376 778 3457 que
802 3386 1003 3441 timore
1063 3397 1117 3440 et
1168 3386 1537 3457 ptenitudine,
1591 3388 1927 3441 accurritad
1977 3398 2248 3449 sanctum,

668 3477 925 3549 lacrymis
949 3489 1113 3547 atque
1159 3479 1325 3532 animi
1355 3478 1557 3531 affectu
1610 3478 1781 3547 magis
1840 3494 2004 3547 quam
2061 3478 2249 3547 lingua

660 3579 725 3625 et
750 3570 912 3624 labiis
956 3585 1071 3624 rem
1114 3570 1425 3624 confitens:
1479 3569 1883 3639 impetrataque
1934 3586 2043 3623 non
2092 3570 2251 3623 venia

672 3659 859 3724 modo,
913 3660 1008 3714 sed
1059 3662 1226 3715 etiam
1280 3660 1525 3713 remedio
1568 3668 1762 3715 contra
1808 3670 2118 3730 peccatum,
2167 3677 2249 3715 rc-

669 3767 867 3806 versus
897 3762 999 3805 est.

745 3842 871 3895 238.
920 3841 1131 3895 Accidit
1168 3850 1290 3910 post
1346 3842 1483 3905 lucc,
1514 3843 1829 3911 quemdam,
1880 3844 1965 3898 cui
2029 3844 2251 3898 dextera

668 3934 1045 4003 putrescebat,
1108 3934 1263 3988 adire
1311 3934 1659 4004 Symeonem,
1716 3942 2077 4003 curatumque
2128 3951 2250 3988 mox

664 4023 742 4077 ab
774 4023 915 4091 ipso.
949 4024 1092 4077 viam
1129 4025 1373 4093 relegere
1406 4024 1632 4078 domum
1678 4040 1871 4079 versus
1901 4043 1913 4077 :
1949 4026 2085 4080 forte
2114 4026 2252 4080 Cilix

669 4114 901 4182 quidam
933 4114 1089 4183 juxta
1123 4114 1263 4167 viam
1298 4130 1521 4183 operam
1561 4115 1698 4169 dans
1738 4114 1951 4184 figlinae,
1983 4117 2248 4184 quaesivit,

670 4206 820 4259 unde
865 4214 921 4259 et
989 4206 1150 4273 cujus
1186 4221 1348 4259 causa
1399 4206 1613 4260 veniret
1669 4204 2036 4267 :doctusoue,
2091 4222 2250 4275 quam

672 4296 888 4365 insigne
938 4296 1242 4350 curationis
1296 4296 1628 4350 beneficium
1681 4296 1773 4349 ille
1822 4305 2017 4350 nactus
2052 4306 2250 4351 esset:

664 4386 837 4453 Quid.
883 4386 1083 4455 inquit,
1126 4387 1395 4451 fallimini,
1426 4388 1492 4442 ad
1547 4389 1823 4441 hominem
1855 4387 2252 4456 confugientes,

668 4476 767 4545 qui
811 4476 1093 4530 veneliciis
1136 4476 1323 4546 potius
1356 4494 1518 4546 quam
1578 4478 1780 4531 virtute
1832 4477 2019 4531 divina
2069 4478 2257 4531 isthcec

670 4566 979 4634 operatur?
1008 4566 1106 4620 Vix
1140 4566 1374 4631 dixerat,
1410 4583 1531 4620 cum
1572 4567 1854 4629 dexteram
1886 4582 2038 4620 suam
2072 4568 2255 4621 vitiari

671 4658 863 4719 sentit,
895 4656 1061 4710 simili
1094 4657 1493 4726 putrefactione
1520 4673 1856 4727 percussam,
1898 4668 2062 4727 atque
2111 4659 2257 4712 illius

662 4758 797 4802 ante
833 4748 1051 4808 fuerat;
1088 4749 1316 4802 alterius
1345 4749 1490 4802 malo
1515 4750 1567 4804 in
1608 4751 1839 4805 alterum
1875 4750 2039 4804 veluti
2078 4760 2253 4804 trans-

667 4840 801 4895 lato.
839 4841 1025 4910 Neque
1078 4840 1157 4895 sic
1186 4849 1367 4895 tamen
1402 4841 1467 4894 ad
1496 4852 1731 4895 mentem
1776 4842 1939 4896 rediit
1964 4843 2247 4896 meliorem

663 4930 839 4997 Cilix;
867 4932 960 4985 sed
991 4932 1223 4985 medicis
1265 4933 1450 5001 potius
1482 4942 1647 5000 atque
1692 4934 1902 4988 artibus
1942 4936 2244 4991 curandum

662 5038 727 5075 se
769 5024 1069 5076 commisit.
1113 5025 1311 5078 Verum
1370 5025 1463 5079 ubi
1504 5026 1775 5079 curationi
1822 5027 2109 5082 facultates
2161 5027 2246 5080 in-

667 5122 919 5182 sumptas
950 5113 1109 5175 vidit,
1141 5130 1243 5169 nec
1277 5115 1441 5168 ullam
1485 5114 1747 5184 aﬂulgere
1782 5132 1951 5184 spem,
1991 5116 2247 5185 cognovit

669 5204 785 5271 ipse
836 5220 1059 5272 quoque
1108 5206 1598 5274 (quemadmodum
1658 5207 1757 5271 illi,
1818 5207 1910 5275 qui
1962 5207 2248 5261 doloribus

668 5306 1023 5365 premuntur,
1064 5296 1310 5351 studiose
1348 5299 1527 5351 solent
1580 5301 1631 5352 iu
1671 5300 1887 5353 illorum
1920 5316 2115 5355 causas
2164 5302 2249 5355 in-

668 5387 915 5455 quirere)
942 5402 1133 5455 ptenas
1163 5403 1220 5441 se
1247 5388 1377 5442 dare
1405 5406 1504 5459 pro
1531 5389 1812 5459 injuriosis
1832 5389 2097 5443 adversus
2122 5406 2249 5444 san-

665 5488 817 5532 ctum
864 5478 1191 5549 Symeonem
1227 5481 1445 5547 verbis;
1483 5491 1536 5535 ct
1564 5490 1623 5536 ut
1663 5483 1839 5551 potuit
1864 5482 2151 5536 celerrime
2180 5482 2248 5534 ad

666 5570 849 5639 ipsum
895 5570 1149 5632 accessit,
1182 5586 1345 5639 quam
1375 5572 1578 5626 n‘iiscro
1608 5587 1803 5625 manus
1832 5587 1931 5626 sua
1964 5572 2085 5626 loco
2104 5580 2250 5627 esset

751 5684 865 5751 (63)
895 5682 1157 5751 Evagrius
1182 5684 1572 5751 Scholasticus,
1612 5689 1883 5741 historiam
1927 5688 2242 5743 ecclesiasti-

661 5767 782 5808 cam
820 5769 849 5807 υ
903 5752 1047 5806 libris
1082 5756 1404 5821 complexus,
1433 5760 1522 5810 hoc
1571 5760 1737 5823 ipsum
1772 5758 2084 5811 miraculum
2112 5763 2247 5813 dese

2358 3204 2535 3273 πολλῴ
2566 3206 2658 3258 καὶ
2694 3204 2950 3274 μετανοίᾳ
2974 3203 3219 3274 ληφθεὶς,
3248 3204 3422 3257 ἄνεισι
3456 3204 3593 3273 πρὸς
3621 3205 3796 3269 αὐτὸν,
3828 3202 3909 3255 δὲ·

2353 3312 2512 3365 κρυσι
2542 3292 2745 3363 μᾶλλον
2779 3294 2873 3346 καὶ
2905 3293 3068 3347 πάθει
3097 3293 3275 3362 ψυχῆς
3309 3295 3342 3363 ἢ
3387 3294 3599 3368 γλώττῃ
3629 3295 3793 3349 ταῦτα
3830 3294 3909 3346 καὶ

2353 3386 2584 3455 χείλεσιν
2631 3384 3142 3455 ἐξομολογούμενος.
3195 3384 3535 3455 Συγγνώμης
3594 3388 3725 3453 παρ’
3764 3383 3909 3437 αὑτοῦ

2353 3478 2551 3539 τοίνυν,
2604 3477 2665 3529 οῦ
2720 3476 2826 3547 μὴν
2878 3474 3014 3528 ἀλλὰ
3069 3475 3164 3527 καὶ
3222 3477 3531 3546 φαρμάκων
3580 3476 3790 3530 οἰκείων
3827 3472 3909 3526 τοῦ

2354 3570 2752 3639 ἁμαρτήματος
2782 3568 2980 3638 τυχὼν,
3010 3568 3293 3637 ἐπανήκει.

2428 3836 2563 3905 σλη’.
2595 3836 2823 3888 Ἔπειτα
2861 3836 3043 3904 μέντοι
3076 3835 3273 3904 συνέϐη
3309 3838 3433 3890 τινὰ
3470 3837 3795 3892 διασαπέντα
3827 3840 3909 3907 τὴν

2352 3928 2550 3993 δεξιάν,
2586 3929 2720 3999 πρός
2750 3946 2806 3981 τε
2836 3928 2925 3980 τὸν
2965 3928 3118 3996 ἅγιον
3148 3928 3460 3995 ἀνελθόντα,
3499 3931 3593 3983 καὶ
3637 3932 3910 4003 θεραπείας

2355 4019 2482 4089 παρ’
2514 4018 2678 4072 αὑτοῦ
2710 4018 2959 4088 τυχόντα,
2995 4018 3273 4071 ἐπανιέναι
3296 4034 3309 4046 °
3337 4020 3537 4073 Κίλικα
3562 4021 3619 4073 δέ
3642 4039 3759 4075 τινα
3778 4026 3912 4088 παρὰ

2354 4111 2452 4180 τὴν
2485 4110 2601 4163 ὁδὸν
2623 4108 2868 4177 πλινθείςι
2902 4110 3331 4179 προστετηκότα,
3364 4110 3621 4179 ἐρόμενον
3642 4112 3762 4165 ὅθεν
3783 4112 3909 4180 ἥκοι,

2356 4202 2448 4254 καὶ
2475 4201 2710 4268 μαθόντα
2733 4201 2856 4252 ὅτου
2891 4200 3071 4268 χάριν,
3096 4197 3210 4260 οἵας
3240 4216 3299 4250 τε
3333 4200 3631 4267 θεραπείας
3649 4201 3797 4270 τύχοι
3820 4217 3834 4231 ο
3858 4198 3909 4250 Τί

2359 4292 2932 4360 πεπ).ἀνησθε,φάναι,
2963 4291 3099 4360 πρὸς
3146 4289 3433 4359 ἄνθρωπον
3470 4292 3744 4356 ἀπιόντες,
3787 4308 3911 4359 φαρ-

2362 4386 2613 4453 μακείαις
2644 4384 2707 4435 τὰ
2737 4382 2959 4435 τοιαῦτα
2986 4382 3204 4451 μᾶλλον,
3232 4384 3262 4452 ἢ
3294 4382 3467 4446 θείαις
3496 4385 3790 4455 ἐνεργείαις
3814 4388 3913 4436 im-

2358 4474 2611 4526 τελοῦντα
2638 4490 2651 4538 ;
2686 4474 2792 4524 Καὶ
2824 4472 3021 4525 αὐτίκα
3053 4471 3130 4543 τῷ
3158 4472 3341 4525 Κίλικι
3372 4471 3695 4545 διεφθάρθαι
3726 4475 3821 4542 τὴν
3839 4474 3911 4525 δε-

2362 4564 2500 4629 ξιὰν,
2534 4566 2628 4632 τῆς
2665 4564 2833 4632 αὐτῆς
2879 4564 3073 4633 ὲκείνῳ
3105 4564 3343 4633 σαπρίας
3377 4565 3692 4633 περιφανῶς
3728 4569 3913 4619 tivam-

2360 4655 2698 4725 πλησμένην,
2732 4656 2817 4708 ἐπ’
2845 4656 3005 4708 αὑτὸν
3036 4656 3224 4723 ῶσπερ
3248 4655 3342 4708 τοῦ
3375 4657 3579 4720 πάθους
3605 4656 3917 4726 μεταπεσδνο

2360 4765 2469 4809 τος.
2514 4748 2571 4799 Ὀ
2624 4749 2720 4816 μὲν
2773 4745 2863 4801 οὖν
2909 4748 3067 4813 Κίλιξ
3120 4749 3239 4801 οὐδὲ
3285 4748 3462 4822 ταύτῃ
3508 4751 3763 4819 συνῆκεν,
3815 4748 3914 4802 ἀλλ’

2365 4839 2569 4907 ἰατροῖς
2599 4837 2799 4907 μᾶλλον
2828 4838 2917 4891 καὶ
2940 4838 3155 4907 τέχναις
3186 4839 3377 4891 ἑαυτὸν
3404 4839 3713 4895 ὲκδεδὼκει.
3759 4840 3840 4901 Ὠς
3867 4838 3912 4890 δὲ

2355 4930 2420 4997 τῇ
2456 4930 2602 4999 χειρὶ
2654 4930 3226 5004 προσαναλισκομένην
3282 4932 3429 5000 ἑώρα
3463 4931 3557 4983 καὶ
3595 4932 3693 4999 τὴν
3728 4931 3912 4989 οὐσίαν,

2354 5020 2510 5084 ὲλπίς
2543 5038 2599 5072 τε
2629 5020 2849 5086 οὐδεμία
2881 5020 3043 5073 ποθὲν
3073 5022 3447 5085 ὑπολέλειπτο,
3481 5022 3619 5088 ἔγνω
3652 5023 3742 5074 καὶ
3773 5021 3915 5078 αὐτὸς

2355 5110 2465 5183 (οἷα
2494 5114 2562 5165 τὰ
2595 5113 2704 5165 τῶν
2733 5113 3068 5183 πιεζομένων
3094 5113 3301 5183 ψυχῶν,
3338 5116 3426 5167 ὅτε
3448 5117 3627 5168 πᾶσαν
3660 5115 3779 5169 καθ’
3806 5116 3913 5166 sau-

2352 5204 2450 5267 τὰς
2505 5206 2805 5273 φιλοπόνως
2858 5206 3190 5274 ἀνερευνῶσι
3243 5205 3336 5258 τοῦ
3391 5205 3689 5269 λυποῦντος
3734 5204 3913 5272 citis»)

2352 5298 2556 5350 ἔκτισιν
2592 5294 2731 5351 εἶναι
2777 5300 2875 5367 τῆς
2916 5302 2995 5360 εἰς
3027 5298 3119 5350 τὸν
3150 5300 3292 5352 θεῖον
3335 5298 3563 5368 Συμεὼν
3609 5298 3913 5369 λαληθείσης

2352 5390 2482 5458 παρ’
2517 5389 2681 5441 αὑτοῦ
2713 5389 2921 5451 ἀδικίας
2947 5406 2959 5419 ·
3005 5390 3099 5442 καὶ
3126 5389 3201 5449 ὡς
3226 5385 3372 5459 εἶχεν
3398 5390 3563 5453 εὐθὺς
3595 5390 3767 5443 ἄνεισι
3798 5401 3911 5455 προς

2348 5478 2532 5540 αὑτὸν,
2556 5478 2703 5540 ὅπως
2736 5477 2934 5539 ἀθλίως
2966 5478 3079 5547 ἔχοι
3107 5478 3341 5544 δεικνὺς,
3377 5478 3563 5532 οἴκτου
3594 5496 3654 5531 τε
3682 5480 3780 5548 τῆς
3805 5496 3917 5543 sua»

2348 5571 2521 5639 φορᾶς
2556 5571 2735 5638 τυχεῖν
2778 5568 2928 5631 ἀξίου
2958 5568 3228 5636 δεόμενος.
3264 5569 3374 5622 Καὶ
3405 5570 3485 5632 ὃς,
3512 5566 3698 5625 Ἧπου
3732 5568 3913 5633 ταῦτ-ξε

2353 5696 2545 5740 narrat
2578 5687 2664 5739 lib.
2695 5685 2900 5749 ultimo,
2936 5686 3223 5757 penullimo
3255 5704 3353 5757 cap
3374 5688 3505 5741 ,Νοδ
3560 5689 3625 5742 de
3654 5690 3743 5742 illo
3794 5689 3907 5754 eju-

2356 5774 2454 5827 que
2478 5758 2687 5827 scriptis
2723 5758 2791 5809 ad
2816 5759 2951 5809 Imm:
2984 5759 3141 5811 vitam
3229 5758 3261 5811 (i
3294 5757 3537 5831 pluribus
3572 5762 3787 5839 eginms.
