4082 6492
221 426 365 491 3205

1287 418 1462 479 VITA
1502 418 1547 476 Α
1588 415 2028 479 NICEPHORO
2067 414 2559 477 CONSCRIPTA.

3367 418 3509 482 3206

220 550 400 611 εγωγε
426 536 543 595 οἶδα
579 539 675 611 τὴν
702 536 883 604 δεξιὰν
915 534 1200 605 εἴσπραξιν
1231 531 1396 589 οὖσαν
1428 538 1526 606 τῆς
1552 537 1679 607 περὶ
1717 534 1816 604 τὴν

1938 528 2243 594 )εῑεηίίειιε,
2281 544 2345 585 ac
2392 528 2833 586 misericordiam
2884 532 3205 604 implorans.
3244 534 3345 591 Cui
3379 556 3511 593 san-

223 634 474 702 γλῶτταν
509 627 804 690 ἀκολασίας
827 641 839 655 °
881 625 995 678 ἀλλ’
1027 625 1387 695 ὲξαγόρευσον
1434 627 1574 679 κατὰ
1616 624 1812 678 σαυτοῦ

222 722 324 794 τὴν
374 720 646 793 ἁμαρτίαν
703 734 795 770 σου
858 716 1062 787 Κυρίῳ,
1111 717 1205 769 καὶ
1253 716 1414 778 αὑτὸς
1465 716 1668 785 ἀφήσει
1718 714 1814 784 τὴν

225 815 487 871 ἀσέϐειαν
516 815 613 883 τῆς
654 812 879 883 καρδίας
919 829 1032 877 σου,
1077 811 1135 863 Ὀ
1171 811 1267 880 μὲν
1297 805 1391 862 οὖν
1424 809 1595 879 mqu
1646 824 1812 878 μετα-

226 909 426 978 μελείᾳ
465 907 641 977 ψυχῆς
682 903 1244 973 ἐξομολογησάμενος,
1280 901 1583 971 πικρότερά
1629 917 1689 952 τε
1721 897 1815 950 δά-

228 1016 374 1071 κρυα
430 998 728 1067 καταχέας,
786 997 915 1066 εὑχῇ
966 996 1059 1048 καὶ
1087 996 1389 1065 Δεσποτικῇ
1426 991 1677 1061 σφραγῖδι
1718 991 1817 1059 τὴν

232 1092 383 1143 ἴασιν
436 1089 569 1157 όμοῦ
616 1089 709 1141 καὶ
750 1088 849 1158 τὴν
901 1085 1117 1153 ἄφεσιν,
1158 1086 1191 1155 ἦ
1243 1102 1326 1148 τις
1374 1084 1555 1155 πολλῷ
1594 1083 1817 1153 καὶτῆς

232 1177 432 1241 ἰάσεώς
462 1178 576 1231 ἐστι
611 1177 831 1247 μείζων,
862 1175 1062 1241 λαϐὼν,
1094 1176 1409 1247 ἐπάνεισιν·
1444 1174 1586 1228 οὑτω
1629 1173 1810 1243 σώμαι

232 1287 325 1331 τος
382 1270 535 1333 νόσος
573 1245 761 1337 ὑγείαν
805 1268 949 1337 ψυχῇ
992 1266 1295 1338 χαρίζεται,
1329 1245 1421 1320 κᾶι
1450 1266 1535 1320 διὰ
1576 1265 1683 1317 τῶν
1722 1264 1817 1316 λυ-

234 1360 484 1415 πούντων
535 1357 643 1414 οἶδε
710 1360 970 1423 πολλάκις
1034 1360 1307 1431 σωτηρίαν
1368 1361 1499 1423 Θεὸς
1562 1376 1820 1431 πραγμα-

231 1451 511 1507 τεύεσθαι.
1351 1446 1359 1457 “

310 1624 441 1679 σλθ’.
475 1624 695 1679 Πλέοντι
747 1627 803 1680 δέ
834 1644 961 1680 ποτε
992 1628 1067 1697 τῷ
1093 1627 1351 1698 Δωροθέῳ
1372 1644 1385 1656 ⁸
1412 1625 1478 1698 ἦν
1504 1628 1559 1681 δὲ
1587 1628 1687 1696 τῆς
1719 1626 1824 1679 ὑπὸ

230 1715 315 1786 τῷ
340 1716 563 1787 Συμεὼν
594 1718 952 1788 ἀδελφότητος
981 1720 1008 1771 ό
1034 1712 1309 1789 Δωρόθεος
1340 1716 1515 1784 οὗτος,
1556 1719 1822 1789 ἱερωσύνῃ

236 1808 652 1877 κεκοσμημένος
677 1825 690 1838 ’
728 1809 941 1862 πλέοντι
999 1810 1043 1863 δ’
1073 1808 1186 1873 οὖν,
1211 1811 1270 1862 οὑ
1309 1810 1405 1864 σὺν
1437 1810 1574 1880 ὥρα,
1612 1809 1727 1862 ἀλλ’
1767 1813 1824 1862 ὲν

234 1900 471 1969 χειμῶνι
519 1902 669 1971 μέσῳ
729 1899 938 1969 (ἐποίει
985 1902 1093 1973 γὰρ
1122 1903 1271 1974 παρὰ
1303 1902 1491 1973 καιρὸν
1521 1903 1709 1955 ἑαυτὸν
1746 1902 1825 1971 τῷ

236 1991 468 2058 πελάγει
507 1991 784 2045 πιστεύειν
807 1992 841 2062 ἡ
872 1991 1005 2060 πρὸς
1029 1994 1118 2045 τὸν
1144 1992 1301 2062 ἅγιον
1325 1993 1529 2058 πίστις,
1560 1993 1619 2046 τὸ
1649 1993 1827 2062 ἀσφαο

238 2083 331 2146 λὲς
366 2083 554 2153 ὥσπερ
586 2083 797 2136 ἐκεῖθεν
831 2084 1213 2155 ἐγγυωμένη),
1240 2084 1312 2148 ὼς
1346 2084 1447 2155 ηδη
1492 2085 1630 2137 κατὰ
1664 2085 1828 2154 μέσον

236 2174 335 2226 τὸν
364 2172 528 2227 πλοῦν
573 2173 837 2241 ἐγεγόνει,
864 2174 1072 2228 κλύδων
1103 2176 1255 2244 αὐτῷ
1288 2174 1591 2245 συμπίπτει
1632 2175 1826 2239 δεινὸς,

237 2265 352 2318 τῶν
411 2267 733 2335 πνευμάτων
796 2266 1133 2335 πανταχόθεν
1176 2266 1593 2331 ἀντιπνεόντων,
1636 2266 1730 2319 τοῦ
1768 2284 1829 2320 τε

238 2356 486 2425 κύματος
540 2358 666 2418 τοὺς
699 2356 917 2425 τοίχους
973 2358 1073 2425 τῆς
1117 2358 1251 2422 νεὼς
1279 2358 1827 2429 ὑπεραναϐαίνοντος,

240 2449 340 2501 καὶ
373 2450 451 2511 είς
486 2449 655 2517 μέσην
691 2447 859 2517 αὐτὴν
889 2448 1274 2516 ἐμπίπτοντος.
1311 2448 1415 2501 Τὸν
1451 2449 1549 2518 μὲν
1575 2445 1666 2502 οὖν
1697 2449 1828 2503 ναύ-

242 2540 447 2609 κληρον
504 2540 593 2592 καὶ
639 2539 767 2601 τοὺς
809 2538 1183 2608 συμπλέοντας
1224 2539 1535 2607 ἀπόγνωσις
1567 2536 1704 2609 εἶχε,
1737 2541 1832 2595 καὶ

239 2632 529 2698 διαφυγεῖν
564 2632 775 2683 ἐκεῖνον
800 2630 973 2693 οὐδεὶς
996 2630 1084 2682 τὸν
1118 2630 1360 2685 κίνδυνον
1402 2631 1535 2701 ᾤετο
1556 2649 1568 2662 ο
1603 2636 1631 2686 ὁ
1664 2632 1721 2685 δὲ
1756 2632 1833 2705 μὴ

243 2722 646 2789 ἀπογινώσκειν
678 2724 856 2791 ἠξίου,
889 2722 1024 2775 ἀλλὰ
1056 2722 1146 2775 τοῦ
1183 2722 1327 2775 θείου
1366 2722 1587 2791 Συμεὼν
1624 2724 1833 2778 δεῖσθαι

246 2814 474 2884 μᾶλλον,
496 2813 589 2866 τοῦ
614 2815 706 2865 καὶ
734 2813 894 2883 μόνου
926 2812 1121 2877 σώζειν
1153 2814 1261 2867 ἀπὸ
1281 2814 1535 2867 τοσούτου
1565 2815 1834 2880 κλύδωνος

242 2908 567 2977 δυναμένου.
600 2905 729 2960 Εἶτα
756 2908 849 2960 καὶ
875 2908 969 2977 τῆς
998 2907 1205 2961 ἐκείνου
1230 2908 1432 2970 κόνεως
1457 2909 1655 2973 λαϐὼν,
1685 2910 1746 2963 τό
1774 2926 1833 2963 τε

244 2998 434 3051 πλοῖον
463 2998 832 3067 διαρραντίζει
872 3001 967 3051 καὶ
1008 3002 1237 3070 καταχεῖ
1266 3001 1363 3069 τῆς
1395 3000 1668 3071 Θαλάσσης
1691 3018 1705 3031 ο
1738 3002 1834 3054 αὑ-

244 3088 485 3156 τομάτου
521 3090 575 3141 δὲ
610 3090 716 3141 τῶν
748 3092 804 3141 ὲν
838 3090 917 3158 τῷ
946 3090 1112 3159 πλοίῳ
1151 3092 1367 3142 πάντων
1406 3091 1632 3152 εὐωδίας
1672 3091 1832 3155 εὐθὺς

246 3178 608 3246 αἰσθομένων,
641 3180 735 3229 καὶ
768 3178 834 3230 τὰ
870 3180 969 3247 τῆς
997 3178 1145 3240 θείας
1177 3177 1401 3247 χάριτος
1436 3178 1637 3240 εἵπετο,
1674 3178 1707 3247 ἢ
1742 3177 1835 3231 καὶ

251 3270 465 3337 πέφυκε
511 3271 792 3338 προοίμιον
832 3269 1089 3331 πολλάκις
1132 3270 1229 3341 τὴν
1269 3270 1497 3323 εὐωδίαν
1543 3270 1835 3333 ποιεῖσθαι,

247 3360 314 3412 τὸ
344 3360 540 3422 εὑᾱδες
565 3361 753 3432 ὥσπερ
797 3363 889 3414 καὶ
928 3362 1070 3415 θεῖον
1110 3364 1311 3432 ἑαυτῆς
1340 3362 1733 3431 ὑποφαίνουσα.
1774 3363 1839 3415 Ἠ

255 3450 359 3519 μὲν
382 3447 473 3502 οὖν
497 3450 741 3503 θάλασσα
765 3451 1088 3521 ἐτραχύνετο
1119 3451 1515 3520 παραπλησίως
1544 3452 1671 3521 ἄχρι
1698 3452 1841 3516 τινὸς

252 3541 352 3593 καὶ
398 3541 594 3604 ζέουσα
628 3542 817 3605 δεινῶς
851 3538 939 3612 ἦν,
974 3542 1041 3595 τὰ
1071 3542 1291 3611 κύματα
1340 3542 1395 3595 δὲ
1443 3544 1502 3595 οὑ
1555 3544 1695 3595 κατὰ
1742 3544 1841 3614 τὴν

253 3631 470 3686 ἑαυτῶν
501 3632 621 3703 βίαν
658 3633 991 3702 προσέϐαλλε
1022 3637 1086 3700 τῇ
1122 3632 1231 3703 νηῒ,
1269 3633 1385 3687 ἀλλ’
1413 3630 1521 3687 οἷον
1555 3636 1723 3688 ἑαυτὰ
1746 3637 1845 3687 ὲπ-

253 3727 425 3794 εἶχεν,
454 3724 830 3794 εὐλαϐούμενοι
853 3724 1103 3795 καθάπερ
1134 3726 1165 3795 ἢ
1199 3725 1426 3781 δεδιότα.
1455 3728 1609 3779 Μετὰ
1647 3728 1843 3797 μικρὸν

253 3814 317 3868 δὲ
366 3813 459 3868 τοῦ
504 3814 773 3876 κλύδωνος
813 3814 1127 3878 ὑπανέντος,
1192 3818 1315 3868 πνεί
1370 3816 1470 3886 μιν
1525 3816 1721 3886 ἁθρόον
1780 3819 1844 3871 ἐκ

256 3907 517 3978 πρύμνης
561 3908 781 3975 ἄνεμος,
820 3907 869 3959 oi
916 3906 972 3958 δὲ
1015 3906 1080 3958 δι’
1106 3906 1380 3975 ἀκύμονος
1422 3910 1522 3979 τῆς
1564 3908 1844 3981 θαλάσσης

258 3997 358 4051 καὶ
389 3996 559 4061 λείας,
592 3999 758 4049 πᾶσιν
794 3996 980 4059 ἱστίοις
1006 3998 1296 4065 ὲφὲροντο³
1332 3997 1428 4051 καὶ
1461 3999 1585 4063 τοὺς
1618 4000 1716 4068 μὲν
1743 4004 1844 4070 ἑμ-

257 4088 525 4151 πλέοντας
573 4088 781 4157 θάμϐος
835 4082 947 4140 εἷλε
993 4087 1070 4156 τῷ
1098 4088 1381 4159 παραδόξῳ
1419 4089 1517 4159 τῆς
1547 4093 1843 4161 σωτηρίας,

258 4180 357 4234 καὶ
386 4180 559 4245 οὐδεὶς
589 4176 656 4252 ἦν
682 4180 740 4242 ὃς
763 4181 822 4233 οὑ
852 4180 1023 4251 δῶρον
1050 4180 1312 4251 ἄντικρυς
1339 4180 1529 4235 ἑαυτὸν
1558 4183 1652 4235 τοῦ
1688 4185 1845 4250 ἁγίου

256 4271 455 4343 {nam

337 4461 446 4526 σμ’.
478 4456 604 4509 Ὀδὲ
621 4455 957 4531 ναύκληρος(
973 4458 1131 4510 παῖδα
1156 4456 1265 4526 γὰρ
1289 4455 1473 4509 οἶκαδε
1496 4456 1845 4509 ἀπολελοίπει

263 4546 738 4617 νοσοῦντα),εἰδὼς
778 4546 855 4617 τῷ
880 4548 1007 4617 περὶ
1034 4548 1196 4602 αὑτὸν
1219 4548 1454 4612 καὶτοὺς
1471 4549 1845 4617 συμπλέοντας
1879 4532 1919 4587 D

267 4638 533 4708 θαύματι,
556 4640 760 4711 ῥᾴστην
790 4640 937 4710 αὑτῷ
954 4642 1049 4695 καὶ
1066 4642 1164 4713 τὴν
1183 4642 1276 4695 τοῦ
1298 4643 1507 4704 παιδὸς,
1526 4644 1573 4695 εί
1590 4642 1853 4712 βούλοιτο,

268 4730 572 4800 θεραπείαν
596 4725 755 4783 εἶναι·
793 4731 1013 4784 κάκεῖνο
1048 4732 1136 4785 διὰ
1177 4732 1271 4786 τοῦ
1309 4733 1544 4804 μοναχοῦ
1584 4734 1856 4798 ὲδεῖτο,,τὸ

264 4823 363 4876 τὸν
384 4825 500 4876 υἱὸν
529 4823 680 4894 αὑτῷ
705 4823 841 4893 πρὸς
870 4823 969 4894 τὴν
994 4825 1171 4877 οἰκίαν
1331 4826 1657 4895 ἁναγομένῳ
1679 4826 1855 4889 ζῶντα

265 4932 337 4967 τα
345 4909 653 4985 μιευθῆναι’
674 4915 864 4969 ἐδεδίει
878 4915 987 4984 γὰρ
1006 4916 1100 4968 τοῦ
1114 4916 1295 4969 κοινοῦ
1312 4917 1411 4988 τῆς
1425 4918 1637 4986 φύσεως
1656 4917 1855 4987 μᾶλλον

270 5004 303 5077 ἢ
328 5005 419 5057 τὸν
446 5006 546 5074 τῆς
563 5006 741 5075 ψυχῆς
767 5004 1017 5071 θάνατον,
1042 5006 1331 5062 ἀτελέστου
1358 5007 1449 5061 τοῦ
1486 5010 1675 5072 παιδὸς
1697 5009 1849 5073 ὄντος

268 5102 356 5151 ἐτι
411 5098 479 5151 τὰ
524 5097 618 5151 τοῦ
680 5098 824 5151 θείου
861 5098 1260 5169 βαπτίσματος.
1290 5100 1401 5155 Τοῦ
1432 5100 1513 5166 δὲ,
1548 5101 1705 5171 Παρὰ
1769 5102 1853 5153 σοι

269 5186 435 5240 τοῦτο
468 5190 645 5240 κεῖται
682 5230 693 5251 ,
739 5188 1009 5253 εἰπόντος,
1040 5192 1089 5242 εί
1118 5189 1265 5254 ζέσει
1287 5191 1381 5243 καὶ
1412 5192 1592 5243 πίστει
1622 5191 1853 5263 καρδίας

273 5278 440 5345 μόνον
472 5278 773 5353 ὲπικαλέσῃ
810 5280 902 5333 τὸν
936 5279 1078 5351 ἱερὸν
1104 5280 1354 5351 Συμεὼν,
1397 5282 1610 5353 ὑπόσχῃ
1652 5284 1709 5336 δὲ
1764 5288 1857 5336 καὶ

269 5370 398 5443 θεῷ
429 5371 519 5424 τὸν
565 5372 728 5425 παῖδα
748 5387 763 5402 ο
801 5373 1005 5435 ἐκεῖνος
1036 5371 1199 5435 εὐθὺς
1226 5373 1463 5443 ἑκάτερα
1487 5372 1714 5443 δράσας,
1742 5372 1856 5441 οὐδέ

266 5455 462 5529 ἑτέρου
534 5461 929 5532 διαμαρτάνει,
984 5462 1099 5515 ἀλλ’
1151 5462 1276 5530 ὑγιῆ
1327 5462 1422 5514 τὸν
1478 5460 1591 5513 υἱὸν
1654 5462 1854 5531 εὑρὼν,

274 5556 546 5629 προσάγει
582 5554 705 5626 Θεῷ
753 5554 842 5607 διὰ
874 5554 969 5608 τοῦ
1001 5554 1398 5625 βαπτίσματος.
1427 5554 1538 5608 Καὶ
1572 5554 1731 5607 τοῦτο
1761 5555 1858 5624 μὲν

270 5645 345 5719 ιη
370 5640 609 5699 τοιοῦτον
636 5663 650 5677 ·
683 5647 869 5699 ἐκεῖνα
892 5645 947 5698 δὲ
980 5644 1095 5705 πῶς
1120 5643 1185 5697 ἄν
1207 5661 1290 5707 τις
1333 5644 1664 5714 παραλιπεῖν
1703 5642 1860 5715 νομί-

272 5758 386 5795 σειε
418 5736 509 5792 διὰ
540 5737 602 5791 τὸ
637 5736 857 5805 πλῆθος,
885 5738 947 5791 οὑ
972 5736 1040 5790 τὰ
1060 5737 1291 5805 μεγίστα
1324 5736 1593 5807 ζημιώσει
1624 5751 1638 5800 ;

1788 1867 1898 1922 μ-Ιῦ

1916 633 2039 677 ctus
2070 638 2081 674 :
2121 621 2257 676 Novi
2311 622 2504 691 utique
2555 622 2700 678 hanc
2726 623 3011 680 dexteram
3046 642 3147 695 pro
3183 627 3397 683 ultione
3425 630 3511 684 in-

1918 713 2282 780 temperantis
2334 712 2533 781 linguae
2594 722 2703 767 tua:
2765 729 2929 781 esse;
2985 733 3179 772 verum
3249 722 3515 775 confitere

1916 801 2210 855 adversun.
2252 810 2302 856 te
2337 813 2626 871 peccatum
2666 813 2822 858 tuum
2872 808 3128 874 Domino,
3164 818 3221 865 et
3280 812 3395 881 ipse
3427 812 3515 865 di-

1919 892 2103 945 mittet
2163 890 2511 960 iniquitatem
2575 894 2761 947 cordis
2814 896 2914 948 tui.
2979 896 3280 952 Confessus
3329 900 3516 971 itaque

1918 998 2107 1038 amara
2149 996 2275 1036 cum
2312 984 2657 1053 paenitudine
2706 987 2903 1041 animae
2958 988 3325 1060 lacrymisque
3362 1009 3515 1047 anta-

1926 1074 2191 1141 rioribus,
2262 1090 2361 1145 per
2432 1076 2607 1129 sancti
2660 1077 3035 1145 precationem
3098 1089 3263 1149 atque
3335 1085 3524 1136 crucis-

1920 1164 2221 1218 Dominica:
2264 1165 2505 1233 signum,
2539 1165 2815 1234 integram
2871 1180 3114 1229 manum,
3170 1179 3225 1222 et
3264 1172 3411 1238 quod
3441 1173 3517 1226 illi

1921 1263 2163 1324 praestat,
2214 1254 2424 1323 peccati
2465 1255 2849 1310 remissionem
2880 1270 3212 1313 consecutus
3241 1270 3324 1315 est
3351 1273 3517 1332 atque

1924 1345 2170 1398 revertit.
2225 1345 2304 1399 Ita
2346 1345 2597 1414 corporis
2651 1346 2921 1416 aegritudo
2976 1350 3266 1405 satiitatem
3318 1354 3517 1406 animae

1924 1452 2319 1507 nonnunquam
2366 1436 2621 1501 confert;
2655 1447 2708 1491 et
2752 1454 2849 1507 per
2897 1455 3055 1495 casus
3088 1442 3393 1507 luctuosos,
3426 1461 3513 1498 sa-

1926 1528 2033 1582 luti
2076 1544 2219 1598 saape
2255 1529 2495 1583 consulit
2530 1530 2695 1583 Deus.

1996 1622 2123 1675 239.
2167 1621 2547 1691 Navigandunt
2581 1623 2877 1691 aliquando
2925 1626 3027 1679 fuit
3072 1627 3349 1682 Dorotheo
3383 1628 3521 1699 (erat

1928 1712 1974 1766 is
2019 1729 2049 1766 e
2088 1711 2355 1766 fratribus
2410 1713 2583 1766 sancti
2643 1712 2932 1784 Symeonis
2990 1734 3154 1785 unus,
3201 1720 3514 1775 sacerdotio

1930 1803 2201 1873 initiatus)
2243 1804 2636 1873 navigandum,
2690 1806 2936 1876 inquam,
2985 1809 3088 1863 fuit
3142 1819 3389 1880 tempore
3423 1812 3524 1866 im-

1929 1905 2168 1965 portuno
2229 1903 2285 1950 et
2324 1897 2503 1949 media
2556 1897 2737 1952 hieme
2773 1916 2785 1951 :
2819 1900 2913 1954 sed
2963 1900 3171 1973 fecerat
3227 1902 3426 1958 fiducia
3467 1905 3523 1957 in

1928 1995 2202 2051 sanctum,
2261 1987 2447 2041 omnia
2496 2004 2693 2043 secura
2745 1991 3033 2059 pollicens,
3093 2004 3153 2048 ut
3200 2004 3524 2065 tempestate

1932 2087 2039 2132 tam
2089 2078 2442 2133 incommoda
2497 2080 2635 2133 mari
2700 2097 2759 2136 se
2804 2085 3197 2140 committeret.
3250 2087 3352 2148 Ubi
3395 2105 3526 2143 vero

1933 2171 2181 2225 medium
2226 2172 2339 2243 jam
2391 2172 2744 2228 absolverant
2788 2191 3035 2239 cursum,
3075 2179 3256 2233 valida
3294 2180 3528 2251 insurgit

1929 2271 2248 2333 tempestas,
2273 2265 2455 2319 ventis
2478 2265 2844 2335 undequaque
2874 2270 3018 2323 inter
3042 2285 3099 2324 se
3127 2272 3293 2325 veluti
3322 2273 3525 2327 bellum

1931 2354 2274 2423 gerentibus,
2321 2369 2385 2408 ac
2426 2354 2691 2410 ﬂuctibus
2741 2358 2912 2413 latera
2944 2360 3101 2414 navis
3129 2361 3529 2418 excedentibus

1934 2446 1989 2498 in
2028 2445 2381 2515 mediamque
2417 2445 2843 2502 infundentibus
2871 2464 3013 2505 sese.
3060 2450 3277 2507 invadit
3302 2454 3528 2507 naucle~

1934 2552 2057 2589 rum
2092 2544 2456 2606 vcctoresque
2509 2538 2846 2607 desperatio,
2896 2543 3101 2618 nullam
3135 2544 3405 2599 evadendi
3444 2546 3530 2599 di-

1934 2627 2170 2682 scrinten
2200 2642 2489 2696 superesse
2523 2630 2667 2683 viam
2699 2633 3082 2690 existimantes
3118 2653 3131 2689 :
3168 2652 3311 2690 unus
3354 2637 3525 2691 Doro-

1936 2717 2099 2773 tbcus
2124 2716 2374 2788 rogabat,
2412 2729 2471 2771 ut
2509 2735 2577 2773 ne
2598 2720 2984 2792 desperatione
3017 2725 3281 2779 caderent
3310 2726 3531 2789 animis,

1934 2807 2030 2862 sed
2082 2820 2334 2862 sanctum
2382 2811 2568 2877 potius
2604 2812 2974 2880 implorarent
3023 2815 3378 2884 Symeonem;
3415 2816 3537 2885 ejus

1936 2899 2111 2953 solius
2165 2902 2411 2969 potentia
2464 2902 2625 2956 evadi
2664 2912 3047 2973 tempestatem
3105 2921 3287 2974 posse.
3328 2909 3535 2964 Deinde

1934 2990 2179 3059 pulveris
2203 2992 2349 3045 illius
2371 2992 2577 3061 aliquid
2604 3008 2705 3061 per
2735 2995 2917 3046 navim
2950 2998 3158 3063 spargit
3185 2997 3534 3069 effunditque

1938 3082 1993 3134 in
2040 3098 2236 3146 mare;
2288 3092 2343 3137 et
2380 3084 2597 3136 cunctis
2632 3099 2758 3136 mox
2794 3086 3135 3145 victoribus.
3179 3090 3328 3143 nulla
3370 3106 3537 3159 appa-

1862 3200 1904 3257 C
1943 3181 2095 3225 rente
2132 3187 2200 3225 ex
2236 3187 2421 3232 causa,
2459 3173 2755 3242 quamdam
2790 3174 2980 3229 odoris
3018 3176 3373 3246 fragrant-iam
3413 3196 3536 3234 scn-

1943 3264 2227 3329 tientibns,
2260 3265 2435 3333 gratia
2488 3264 2675 3319 divina
2712 3266 3008 3320 subsecuta
3044 3278 3129 3322 est
3174 3287 3185 3321 :
3219 3270 3359 3324 solet
3388 3272 3535 3325 enim

1943 3355 2033 3409 illa
2084 3371 2194 3409 non
2240 3370 2366 3409 raro
2416 3355 2679 3424 praeviam
2717 3357 3010 3426 quamdam
3053 3359 3246 3415 odoris
3294 3363 3535 3415 suavita-

1944 3454 2054 3501 tem
2088 3446 2369 3510 excitare;
2408 3447 2658 3500 divinum
2706 3446 2992 3517 quidpiam
3029 3466 3086 3504 se
3122 3452 3406 3507 continere
3438 3454 3537 3507 de-

1943 3547 2276 3592 monstrans.
2310 3538 2481 3608 lgitur
2513 3538 2777 3609 pergebat
2830 3555 2982 3595 mare
3036 3543 3220 3611 aliquo
3267 3552 3534 3615 tempore,

1946 3638 2007 3683 ut
2071 3637 2341 3698 cmperat,
2396 3629 2580 3683 furere
2628 3638 2684 3685 et
2736 3632 3099 3686 vehementer
3136 3643 3419 3689 zestuare:
3482 3648 3537 3688 :tt

1944 3720 2147 3774 fluctus
2188 3736 2320 3783 non,
2352 3731 2406 3773 ut
2462 3720 2677 3775 ferebat
2726 3724 3006 3778 violentus
3041 3725 3301 3794 impetus,
3336 3727 3539 3797 impin-

1946 3811 2148 3881 gebant
2183 3811 2236 3865 in
2278 3812 2485 3875 navim,
2520 3812 2618 3867 sed
2645 3814 2981 3869 cohibebant
3014 3834 3093 3879 se,
3116 3819 3285 3873 veluti
3315 3836 3541 3875 venera-

1946 3902 2115 3955 bundi
2145 3909 2242 3953 aut
2265 3911 2595 3956 metuentes.
2625 3905 2794 3959 Paulo
2812 3916 2934 3975 post
2953 3894 3185 3963 remisso
3202 3914 3541 3981 tempestatis

1946 3991 2155 4049 furore.
2217 3991 2428 4059 spirare
2498 3995 2667 4064 coepit
2731 4006 2958 4065 repente
3022 4008 3222 4054 ventus
3255 4015 3297 4056 'e
3346 4008 3538 4073 puppi,

1946 4080 2381 4150 ferebanturque
2428 4094 2621 4151 pacate
2652 4100 2715 4138 ac
2768 4086 2933 4155 plano
2969 4091 3108 4143 mari
3158 4092 3539 4160 plenisvelis,

1949 4173 2299 4247 tremebundi
2333 4190 2397 4229 ac
2429 4176 2635 4244 pavidi,
2660 4178 2731 4231 ob
2758 4186 2865 4232 tam
2890 4179 3328 4251 inexspectatum
3352 4186 3543 4241 salutis

1950 4274 2287 4335 recuperata:
2326 4268 2641 4339 prodigium
2693 4290 2704 4324 :
2770 4287 2873 4326 nec
2920 4274 3065 4329 ullus
3118 4275 3242 4341 fuit,
3280 4279 3373 4348 qui
3429 4296 3539 4334 non

1949 4364 2232 4427 reputaret
2279 4373 2337 4413 se
2376 4360 2479 4413 sibi
2520 4361 2667 4417 dono
2706 4363 2882 4417 sancti
2939 4377 3349 4422 conservatum.

2020 4448 2145 4501 240.
2181 4449 2352 4503 Porro
2376 4453 2695 4517 nauclerus,
2754 4454 2850 4525 qui
2908 4471 3141 4525 puerum
3203 4458 3350 4512 domi
3398 4459 3543 4521 reli-

1950 4552 2146 4614 querat
2199 4543 2501 4607 inﬁrmum,
2543 4546 2738 4601 doctus
2801 4547 3070 4602 miraculo
3120 4550 3175 4603 in
3232 4566 3290 4605 se
3314 4548 3542 4621 suisque

1952 4639 2275 4694 vectoribus
2303 4638 2469 4701 facto,
2500 4637 2828 4691 facillimum
2862 4639 3096 4708 putabat
3133 4641 3249 4709 ipse
3287 4656 3430 4705 csse,
3479 4644 3543 4695 ft-

1954 4729 2089 4783 lium
2128 4746 2349 4800 quoque
2374 4746 2536 4783 suum
2571 4744 2808 4795 curare;
2868 4730 3039 4800 idque
3080 4726 3325 4802 rogabat
3356 4749 3545 4787 mona-

1956 4823 2144 4883 chum.
2174 4835 2235 4877 ut
2277 4822 2470 4877 reduci
2512 4821 2618 4875 sibi
2669 4820 2828 4875 illum
2861 4830 3253 4878 conservatum
3316 4825 3371 4879 in
3401 4826 3550 4880 vivis

1956 4912 2159 4966 vellet:
2193 4910 2423 4965 timebat
2462 4909 2689 4980 quippe,
2726 4910 2873 4979 quod
2903 4926 3044 4981 puer
3070 4912 3271 4967 sacris~
3298 4915 3549 4968 nondum

1957 5001 2181 5058 ablutus
2214 5014 2363 5058 esset
2388 5003 2572 5067 undis,
2598 5002 2796 5057 anima:
2825 5002 2973 5058 illius
2994 5013 3223 5058 mortem
3253 5006 3550 5077 plusquam

1960 5110 2311 5150 communem
2363 5094 2625 5150 omnibus
2682 5095 3017 5156 naturalem.
3076 5094 3327 5165 Cumque
3373 5098 3554 5153 Doro-

1962 5188 2126 5243 theus
2153 5188 2369 5241 diceret
2407 5186 2461 5239 in
2498 5201 2667 5239 manu
2689 5188 2810 5257 ejus
2838 5186 2893 5241 id
2915 5202 3064 5253 esse,
3104 5188 3151 5242 si
3202 5188 3369 5243 modo
3422 5204 3552 5243 cum

1966 5276 2180 5329 fervore
2210 5291 2275 5329 ac
2304 5276 2500 5329 fiducia
2544 5284 2802 5329 sanctum
2833 5275 3552 5348 invocaveritSymeonem,

1965 5374 2022 5421 et
2050 5364 2223 5419 filium
2274 5368 2385 5420 Deo
2414 5368 2665 5432 voverit;
2712 5370 2972 5438 prtestitit
3026 5370 3120 5423 ille
3171 5386 3298 5423 mox
3340 5380 3555 5424 utrum-

1956 5474 2096 5528 que:
2130 5474 2231 5513 nec
2256 5458 2541 5515 fraudatus
2568 5468 2654 5513 est
2685 5462 2981 5530 promisso,
3010 5462 3237 5515 invento
3288 5461 3553 5515 incolumi

1957 5552 2104 5606 domi
2141 5552 2274 5615 filio,
2306 5567 2470 5621 quem
2504 5553 2618 5607 Deo
2656 5570 2757 5622 per
2825 5554 3162 5624 baptismum
3222 5554 3445 5608 obtulit.
3487 5555 3554 5608 Et

1959 5644 2234 5699 hactenus
2266 5643 2491 5713 quidem
2526 5645 2698 5710 illud;
2736 5645 2838 5699 ista
2864 5662 3022 5710 vero,
3078 5663 3201 5716 qua:
3239 5647 3550 5715 subjiciun-

1960 5746 2068 5797 tur,
2104 5737 2147 5789 si
2179 5736 2303 5804 quis
2339 5735 2813 5803 praetermittenda
2845 5748 3072 5807 propter
3132 5737 3551 5791 multitudinem

1962 5828 2261 5898 putaverit,
2288 5827 2566 5895 quomodo
2586 5842 2693 5881 non
2713 5829 3289 5900 maximamiacturatu
3312 5830 3563 5885 dederit?
