4082 6456
617 411 762 470 ΣΠΤΠ

1835 411 1895 470 S.
1934 410 2311 473 SYMEONIS
2347 406 2708 473 JUNIORIS

3728 388 3799 449 32
3807 387 3871 447 ‘38

2032 542 2256 598 CAPUT
2296 542 2464 595 XXX.

1174 649 1429 707 Sacerdos
1470 657 1651 703 sancto
1708 651 1996 719 iujuriosus
2044 652 2261 720 punitur
2296 670 2313 705 :
2352 653 2556 717 inﬁrmi
2607 668 2699 721 per
2749 653 2996 703 visionem
3046 657 3324 703 curantur.

690 796 812 850 ΞΗ.
844 795 1109 851 Sacerdos
1147 794 1372 864 quidam
1402 795 1455 847 in
1494 808 1656 864 pago,
1692 793 1786 862 qui
1818 764 2194 861 nuncupaba-

2374 794 2520 863 σμα¹.
2572 792 2771 861 Ἰερεὺς
2802 791 2909 861 γάρ
2938 808 3021 853 τις
3052 792 3109 843 ἐν
3140 788 3300 859 κώμῃ
3334 790 3536 859 Καστᾲ
3576 790 3882 865 καλουμέτῃ

621 898 710 941 tur
736 888 923 950 Cassa,
956 887 1184 940 molesta
1207 885 1419 953 proprii
1450 884 1654 937 amoris
1705 882 1994 936 affectione
2035 884 2190 937 labo-

620 993 769 1041 rans,
802 976 1022 1045 quando
1050 974 1322 1028 mirabilia
1356 990 1521 1043 Opera
1560 989 1658 1043 per
1684 983 1931 1028 sanctum
1969 973 2194 1045 Symeo-

618 1082 743 1121 nem
764 1074 975 1136 patrata
1003 1066 1088 1118 vel
1123 1065 1488 1134 intelligebat,
1516 1065 1603 1118 vel
1630 1065 1795 1119 etiam
1822 1063 1875 1116 in
1902 1073 2195 1117 transeun-

621 1160 769 1213 tibus
794 1159 920 1212 illac
969 1157 1215 1219 videbat,
1272 1150 1622 1226 iniquitatem
1656 1164 1712 1211 et
1762 1155 2021 1226 injuriam
2079 1163 2195 1209 tota

617 1252 709 1305 die
732 1250 1084 1320 loquebatur,
1114 1248 1381 1318 diligebat
1407 1249 1674 1301 malitiam
1716 1248 2005 1317 plusquam
2031 1248 2192 1301 boni-

620 1347 783 1393 tatem
818 1347 873 1391 et
906 1335 1235 1406 injustitiam
1287 1336 1413 1404 plus
1437 1352 1599 1404 quam
1637 1337 1947 1406 justitiam;
1996 1335 2195 1404 dilige-

618 1429 711 1483 bat
738 1428 922 1481 omnia
955 1427 1124 1480 verba
1153 1426 1630 1495 praecipitationis,
1658 1435 1716 1480 et
1754 1427 1997 1495 linguam
2037 1425 2193 1478 dolo-

618 1536 773 1583 sam;
808 1518 1070 1587 denique,
1108 1518 1376 1572 malevola
1407 1518 1500 1571 illa
1557 1527 1614 1571 et
1669 1518 1931 1571 insidiosa
1986 1516 2196 1585 insania

619 1611 787 1665 veluti
842 1609 1106 1663 ducatum
1165 1618 1481 1679 przestante,
1544 1607 1883 1663 anathemati
1942 1615 2194 1661 sanetum

619 1701 877 1769 subjecit.
901 1701 1023 1754 Mox
1048 1716 1179 1755 vero
1226 1700 1506 1768 ingentem
1562 1699 1833 1767 conspicit
1886 1697 2195 1751 daemonum

621 1792 838 1846 turbam
868 1796 1067 1861 (neque
1094 1791 1247 1845 enim
1276 1790 1464 1844 divina
1514 1792 1727 1859 justitia
1769 1788 1947 1859 potuit
1992 1788 2199 1842 lentius

620 1899 803 1953 agere,
835 1883 927 1936 ubi
952 1882 1339 1951 longanimitas
1357 1882 1649 1953 profuLura
1675 1896 1784 1934 non
1809 1879 2023 1949 fuisset)
2049 1894 2201 1934 eom-

621 1973 1055 2044 prehendentem
1085 1988 1143 2026 se
1162 1960 1232 2047 et
1263 1988 1460 2027 manus
1484 1980 1606 2041 post
1659 1980 1873 2040 tergum
1925 1982 2077 2025 actas
2106 1985 2198 2025 re-

621 2065 977 2128 vincientem,
1008 2064 1150 2118 adeo
1183 2078 1245 2119 ut
1285 2079 1506 2119 sacrum
1566 2062 1927 2131 Evangeliqu
1994 2061 2198 2130 populo

2297 883 2521 953 χαλεπῴ
2578 882 2739 935 πάθει
2786 881 3075 950 φιλαυτίας
3125 879 3404 941 ἑαλωκὼς,
3439 880 3706 948 ἡνίκατὰ
3741 890 3880 955 παρά

2299 976 2394 1028 τοῦ
2428 975 2572 1027 θείου
2601 972 2827 1043 Συμεὼν
2857 972 3177 1024 τελεσθέντα
3212 970 3539 1039 παραδόξως
3574 973 3611 1039 ἢ
3650 975 3811 1042 μάθοι
3846 978 3876 1047 ἦ

2298 1066 2384 1119 διὰ
2401 1066 2505 1117 τῶν
2528 1065 2832 1135 παριόντων
2851 1054 2966 1127 ῐδόι,
2986 1062 3213 1131 ἀνομίαν
3227 1064 3355 1132 ὅλην
3371 1063 3471 1133 τὴν
3488 1064 3705 1134 ἡμέραν
3721 1067 3883 1133 ἐλογί.

2301 1157 2425 1217 ζετο
2456 1158 2487 1226 ἡ
2522 1155 2741 1223 γλῶσσα
2773 1153 2937 1207 αὑτοῦ
2961 1194 2975 1215 ,
3004 1154 3195 1222 ἠγάπα
3235 1157 3437 1209 κακίαν
3492 1159 3639 1227 ὑπὲρ
3682 1157 3886 1225 ἀγαθω-

2304 1248 2488 1316 σύνην,
2521 1246 2735 1299 ἀδικίαν
2764 1245 2904 1315 ὑπὲρ
2936 1244 2995 1296 τὸ
3033 1244 3264 1312 λαλῆσαι
3293 1247 3671 1318 δικαιοσύνην,
3704 1250 3888 1319 ἠγάπα

2303 1338 2483 1390 πάντα
2537 1338 2757 1406 ῥήματα
2806 1335 3275 1404 καταποντισμοῦ,
3307 1338 3565 1405 γλῶσσαν
3590 1338 3885 1400 δολίαν,καὶ

2304 1427 2480 1487 τέλος,
2505 1419 2591 1477 οἷα
2622 1426 2687 1477 τὰ
2727 1425 2826 1491 τῆς
2858 1423 3168 1494 κακούργου
3200 1424 3407 1494 ταύτης
3458 1428 3556 1478 καὶ
3602 1425 3883 1479 ὲπιόούλου

2308 1518 2386 1575 εὶς
2416 1514 2644 1583 ἔσχατον
2679 1513 2938 1575 ἀπονοίας
2968 1515 3441 1584 γειραγωγούσης,
3464 1516 3776 1585 ἁναθέματι
3800 1516 3887 1567 τὸν

2303 1603 2448 1654 ὅσιον
2502 1600 2812 1654 ὑποϐάλλει.
2888 1602 2995 1653 Καὶ
3062 1604 3406 1672 παραχρῆμα
3460 1604 3737 1673 δαιμόνων
3790 1604 3889 1673 ὁρᾷ

2304 1693 2505 1763 πλῆθος
2537 1692 2984 1763 (μακφθυμῆσαι
3014 1692 3236 1756 δικαίως
3265 1694 3502 1747 ἐνταῦθα
3537 1697 3641 1747 οὐκ
3663 1699 3887 1765 ἀνασχο-

2312 1786 2479 1855 μένης
2512 1784 2612 1851 τῆς
2679 1782 2855 1851 δίκης,
2893 1785 3029 1835 ὅπου
3078 1783 3151 1851 μὴ
3216 1784 3485 1837 συνοίσειν
3546 1783 3739 1854 ἔμελλε
3785 1788 3893 1846 τοῖς

2306 1876 2522 1938 πολλοῖς
2560 1875 2620 1927 τὸ
2655 1874 3030 1945 μακρὸϐυμον)
3070 1874 3505 1945 συλλαϐομένους
3546 1874 3713 1928 αὑτὸν
3736 1873 3891 1940 ,ὀπίο

2308 1987 2384 2023 σω
2434 1986 2495 2022 τε
2548 1969 2625 2021 τὼ
2680 1971 2829 2039 χεῖρε
2862 1969 3306 2039 ,περιαγαγόντας
3355 1970 3451 2021 καὶ
3496 1967 3891 2039 δήσαντας,ὼς

2309 2062 2447 2130 μήτε
2494 2061 2556 2113 τὸ
2588 2060 2733 2131 ἱερὸν
2761 2059 3092 2127 Εὑαγγέλιον
3128 2061 3207 2123 είς
3238 2054 3351 2113 ὦτα
3376 2059 3641 2113 δύνασθαι
3679 2058 3760 2131 τῷ
3789 2059 3893 2127 λαῷ

624 2156 920 2226 praelegere
955 2164 1052 2209 aut
1104 2153 1349 2209 divinam
1408 2154 1689 2224 liturgiam
1749 2153 2033 2207 celebrare
2091 2168 2201 2211 non

2313 2152 2637 2221 ἀναγνῶναι,
2673 2153 2808 2221 μήτε
2854 2152 2953 2221 τὴν
3020 2150 3171 2204 θείαν
3217 2150 3529 2205 ἐπιτελέσαι
3604 2168 3893 2221 μυσταγωο

629 2242 873 2299 valeret:
914 2245 1025 2297 imo
1050 2244 1095 2297 si
1120 2243 1345 2312 quando
1378 2243 1651 2313 ejusmodi
1681 2242 1928 2295 tentabat
1972 2242 2202 2311 aliquid,

622 2336 898 2394 sentiebat
944 2335 1049 2389 sibi
1095 2346 1335 2389 mentem
1385 2350 1690 2403 vocemque
1730 2334 2027 2399 immutari,
2058 2342 2116 2388 et
2150 2334 2205 2388 in

626 2426 1011 2481 confusionem
1038 2441 1195 2480 suam
1247 2426 1518 2480 converti.
1573 2424 1729 2490 Quod
1766 2441 1890 2479 cum
1946 2426 2209 2495 nequiret

622 2516 765 2571 ferre
794 2515 1101 2587 presbyter,
1133 2514 1389 2570 fortunas
1440 2514 1503 2575 in.
1538 2515 1681 2578 illos,
1719 2515 1814 2583 qui
1863 2514 2075 2584 aliquid
2132 2514 2209 2569 le-

622 2605 863 2659 vaminis
892 2604 1323 2674 pollicebantur,
1367 2610 1789 2671 consumpserat
1815 2620 1828 2668 ;
1859 2602 2061 2665 donec,
2086 2616 2207 2655 uin-

623 2712 750 2751 nem
781 2696 968 2749 animo
1010 2706 1269 2750 versante
1303 2694 1721 2765 cogitationem,
1774 2703 2099 2764 arguentem
2148 2708 2208 2749 se

625 2788 1249 2856 reperitconscientiam
1283 2788 1527 2850 illorum,
1550 2802 1674 2857 qua:
1722 2802 1868 2855 smpe
1898 2784 2099 2854 saepius
2152 2785 2208 2837 in

624 2886 878 2938 sanctum
921 2876 1254 2948 Symeonem
1289 2893 1581 2948 perperam
1609 2885 1665 2931 et
1721 2876 1998 2930 malitiose
2057 2874 2208 2929 effu-

628 2968 823 3032 tierat;
873 2968 1135 3036 quodque
1164 2983 1275 3020 non
1307 2967 1628 3022 erubuisset
1670 2982 1769 3036 per
1822 2965 2209 3035 gravissimum

626 3057 812 3113 scelus
842 3057 1020 3125 ipsum
1061 3057 1439 3127 perstringere
1469 3058 1855 3112 anathemate.~

697 3147 822 3200 2ί2.
856 3147 970 3201 Hoc
1008 3148 1176 3217 igitur
1201 3147 1379 3216 ipsum
1414 3161 1536 3201 esse
1589 3147 1923 3214 intelligens,
1953 3160 2066 3215 quo
2128 3145 2211 3199 in—

628 3236 924 3291 visibiliter
951 3252 981 3288 a
1013 3236 1203 3289 divino
1234 3234 1504 3289 sacrificio
1563 3236 1881 3299 arcebatur,
1948 3234 2214 3289 velociter

630 3327 700 3382 ad
729 3336 977 3381 sanctum
1007 3326 1180 3389 venit,
1224 3326 1495 3394 petiitque
1530 3326 1747 3379 ardenti
1796 3340 1961 3395 prece
1995 3326 2219 3379 veniam

632 3419 844 3474 delicti.
872 3419 1097 3473 Dicente
1119 3427 1303 3471 autem
1335 3426 1557 3471 sancto:
1602 3417 1718 3471 Nisi
1753 3419 1907 3486 prius
1921 3425 2208 3485 peccatum

2309 2242 2455 2311 γίαν,
2487 2240 2599 2292 ἀλλ’
2622 2241 2711 2293 ὅτε
2751 2256 2806 2291 τι
2846 2240 2941 2293 καὶ
2966 2238 3177 2293 τοιοῦτο
3193 2240 3387 2310 δράσαι
3416 2240 3775 2311 πειράσαιτο,
3803 2243 3893 2308 τήν

2309 2347 2369 2383 τε
2408 2329 2581 2399 φρένα
2607 2329 2700 2379 καὶ
2731 2328 2830 2397 τὴν
2868 2328 3051 2396 φωνὴν
3079 2328 3441 2391 ἀλλοιοῦσθαι,
3466 2330 3563 2382 καὶ
3594 2329 3736 2398 πρὸς
3782 2331 3895 2381 αἱσ-

2312 2419 2479 2489 χύνης
2516 2416 2716 2486 μᾶλλον
2753 2417 2931 2487 ἑαυτῷ
2958 2417 3340 2470 καθίστασθαι.
3378 2419 3559 2490 Ὅπερ
3585 2419 3651 2471 οὑ
3668 2418 3899 2488 φέροντα

2310 2509 2402 2563 τὸν
2436 2509 2609 2580 ἱερέα,
2642 2511 2754 2572 τοῖς
2778 2526 2901 2561 τινα
2935 2507 3029 2561 τοῦ
3058 2508 3230 2562 κακοῦ
3267 2508 3419 2562 λύσιν
3441 2508 3898 2579 ὑπισχνουμένοις

2310 2600 2686 2668 ὲκδαπανῆσαι
2742 2598 2836 2650 καὶ
2865 2599 2961 2668 τὴν
2989 2598 3195 2659 οὐσίαν,
3231 2599 3335 2662 ἕως
3354 2597 3617 2667 λογισμὸν
3638 2599 3697 2651 ἐν
3725 2597 3896 2665 ἑαυτῷ

2311 2690 2489 2744 πάντα
2535 2689 2761 2759 κινήσας
2782 2725 2796 2749 ,
2834 2688 3142 2741 τύπτουσαν
3195 2688 3420 2761 εὕρισκε
3447 2690 3548 2759 τὴν
3571 2687 3891 2758 συνείδησιν,

2311 2776 2394 2843 οἷς
2432 2780 2573 2832 κατὰ
2598 2778 2691 2831 τοῦ
2714 2778 2859 2831 θείου
2887 2778 3112 2848 Συμεὼν
3138 2777 3477 2849 πλημμελῶς
3507 2778 3770 2840 πολλάκις
3788 2777 3899 2849 ᾔδει

2312 2870 2702 2939 φθεγξάμενος,
2758 2870 2852 2921 καὶ
2885 2869 3032 2931 ὅπως
3068 2869 3190 2922 οὑδὲ
3219 2867 3568 2939 άναθέματος
3616 2868 3707 2921 ἐπ’
3740 2867 3897 2922 αὑτὸν

2313 2962 2558 3029 φείσαιτο
2588 2960 2649 3013 τὸ
2678 2960 3003 3015 δεινότατον.

2386 3141 2530 3213 σμβ’.
2578 3140 2749 3193 Τοῦτο
2792 3138 3084 3209 τοιγαροῦν
3131 3138 3305 3192 ικεῑνο
3360 3137 3504 3194 εἶναι
3537 3144 3724 3207 συνεὶς
3766 3145 3899 3215 ὅπερ

2315 3235 2479 3288 αὑτὸν
2527 3234 2628 3302 τῆς
2683 3232 2835 3294 θείας
2905 3230 3150 3293 ἀθεάτως
3198 3231 3548 3303 λειτουργίας
3599 3236 3851 3307 ἀπείργοι
3883 3275 3899 3301 ,

2316 3324 2520 3393 σπουδῇ
2555 3324 2683 3393 παρ’
2729 3321 2893 3375 αὑτὸν
2935 3318 3198 3385 ἀνελθὼν,
3237 3324 3592 3393 συγχώρησιν
3620 3325 3740 3397 ᾔτει
3780 3326 3900 3398 θερ.

2320 3416 2453 3486 μῶς.
2483 3414 2588 3468 Τοῦ
2618 3416 2695 3481 δὲ,
2729 3416 2791 3468 Et
2824 3415 2899 3485 μὴ
2914 3415 3011 3483 τὴν
3030 3414 3304 3487 ἁμαρτίαν
3322 3432 3416 3469 σου
3435 3418 3705 3488 πρότερον
3721 3420 3905 3490 ἐξαγο-

635 3520 795 3565 tuum
817 3510 1165 3564 confessione
1194 3509 1527 3578 expiaveris,
1575 3524 1698 3578 quae
1739 3508 1838 3562 tibi
1868 3508 2069 3561 venia?
2115 3506 2206 3560 ali-

2317 3506 2552 3577 ρεύσεις,
2586 3507 2867 3573 εἰπόντος,
2914 3508 3042 3561 ποία
3090 3486 3277 3559 λοιπὸν
3334 3486 3690 3579 συγχώρησις
3751 3486 3900 3564 ἔσται

635 3610 843 3672 quanto
866 3610 1113 3671 tempore
1153 3600 1409 3653 absurdis
1437 3608 1603 3667 atque
1621 3597 2039 3667 impudentibus
2088 3611 2214 3649 ver-

634 3691 724 3746 bis
752 3705 809 3745 se
841 3691 1188 3760 temperavit.
1214 3689 1429 3751 Deinde
1466 3704 1590 3743 cum
1654 3689 1832 3753 dolor,
1858 3704 2023 3758 quem
2073 3702 2215 3757 prte-

637 3787 723 3831 ter
755 3778 1005 3831 morbum
1030 3778 1345 3847 patiebatur
1397 3792 1464 3832 eo
1513 3779 1661 3847 quod
1718 3781 1891 3833 sacris
1946 3768 2217 3831 altaribus

636 3865 1050 3935 prohiberetur,
1081 3867 1449 3933 verecundiae,
1483 3876 1543 3920 ut
1588 3884 1688 3937 par
1727 3876 1865 3931 erat,
1893 3868 2213 3937 praevaluis-

644 3963 730 4009 set
758 3956 1072 4024 (consuevit
1103 3972 1341 4024 namque
1395 3956 1449 4011 id
1483 3958 1631 4026 quod
1681 3958 1955 4013 infirmius
1985 3966 2070 4012 est
2120 3974 2219 4028 per

640 4044 844 4099 fortius
866 4044 1092 4114 expelli,
1117 4056 1171 4097 et
1200 4045 1512 4101 debellatus
1536 4047 1765 4101 affectus
1788 4047 1984 4103 cedere
2020 4058 2218 4119 poten-

641 4135 793 4203 tiori)
850 4136 1025 4203 palam
1081 4151 1178 4189 sua
1241 4138 1488 4191 narravit
1544 4134 1758 4202 omnia;
1802 4154 1964 4207 quam
2010 4138 2219 4193 nefaria

642 4224 843 4279 crebro
877 4226 932 4279 in
959 4236 1211 4280 sanctum
1238 4228 1579 4296 garrivisset,
1615 4228 1875 4297 quodque
1920 4244 2029 4282 non
2051 4229 2221 4283 absti-

644 4316 1252 4383 nuissetanathemate,
1281 4319 1377 4373 sed
1414 4320 1492 4374 illi
1524 4320 1704 4389 ipsum
1734 4336 1925 4375 amens
1959 4321 2222 4389 subiecis-

646 4415 751 4460 set.
787 4406 926 4461 Tum
963 4417 1212 4473 sanctus,
1255 4418 1405 4464 totus
1455 4410 1750 4479 benignus.
1810 4420 1960 4465 totus
2002 4411 2221 4465 miseri-

643 4511 791 4560 cors,
825 4504 977 4551 totus
1002 4511 1121 4551 com
1132 4498 1369 4567 patiens,
1400 4498 1668 4569 unigeniti
1700 4498 1822 4553 Filii
1860 4499 1957 4552 Dei
1996 4498 2223 4553 commi-

643 4586 978 4641 serationem
1010 4596 1067 4641 et
1092 4588 1475 4643 inexhaustam
1536 4589 1837 4643 bonitatem
1898 4588 2220 4658 implorans,

2320 3615 2433 3665 σοις
2466 3600 2647 3665 ἐπεῖχε
2667 3598 2826 3666 μέχρι
2844 3597 2985 3660 τινος
3006 3597 3218 3664 ὑπὸτῆς
3236 3596 3499 3667 αἰσχύνης
3515 3601 3748 3663 ἐκεῖνος.
3770 3596 3899 3654 Εἶτα

2318 3694 2413 3759 τῆς
2431 3690 2521 3741 ἐπὶ
2548 3688 2625 3758 τῷ
2654 3688 2814 3743 πάθει
2844 3688 3019 3758 λύπης
3060 3688 3089 3741 ὃ
3123 3690 3349 3758 πάσχων
3372 3684 3441 3760 ἦν
3467 3690 3561 3742 ἐπὶ
3585 3694 3650 3761 τῇ
3674 3691 3793 3745 θεία
3810 3712 3906 3763 μυ-

2322 3780 2622 3851 σταγωγίᾳ,
2670 3779 2769 3850 τὴν
2799 3778 3062 3849 αἰσχύνην
3106 3780 3201 3846 (ὡς
3246 3779 3907 3853 είκδς)διακρουσαμὲνης

2325 3870 2468 3943 (ἐπεὶ
2490 3873 2584 3923 καὶ
2613 3870 2820 3938 πέφυκε
2839 3871 2915 3940 τῷ
2937 3870 3142 3940 μείζονι
3160 3870 3220 3923 τὸ
3238 3867 3402 3943 ἦττον
3418 3873 3806 3943 ὲκκρούεσθαι.
3822 3876 3907 3928 καὶ

2318 3962 2380 4013 τὸ
2424 3960 2726 4030 νικώμενον
2747 3961 2834 4013 ἀεὶ
2871 3959 3041 4024 πάθος
3081 3960 3386 4031 ὑποχωρεῖν
3405 3961 3485 4031 τῷ
3502 3964 3817 4035 κρατοῦντι)
3835 3964 3906 4019 δι-

2322 4051 2515 4122 εξῆλθε
2544 4052 2723 4107 πάντα
2755 4050 3079 4119 σαφῶς,ὅσα
3095 4052 3354 4115 πολλάκις
3372 4051 3523 4122 αὑτῷ
3556 4056 3682 4107 κατ’
3706 4057 3906 4108 εκείνου

2323 4141 2567 4213 λεχθείη,
2611 4141 2707 4193 καὶ
2768 4141 2915 4205 ὅπως
2948 4141 3066 4194 οὑδὲ
3100 4142 3439 4213 άναθέματος
3496 4134 3586 4195 ἐπ’
3620 4144 3784 4197 αὑτὸν
3808 4147 3900 4198 άπ-

2323 4234 2536 4303 έσχετο,
2570 4232 2703 4286 ἀλλὰ
2732 4233 2827 4286 καὶ
2859 4232 3011 4304 αὑτῷ
3038 4232 3224 4286 τοῦτον
3255 4234 3503 4304 ἀνοήτως
3525 4233 3904 4305 ὑποσεόλήκει.

2337 4325 2400 4377 Ὀ
2439 4323 2494 4376 δὶ
2522 4323 2642 4385 ὅλος
2672 4326 2978 4394 χρηστότης
3001 4362 3016 4388 ,
3042 4323 3162 4386 ὅλος
3206 4321 3405 4388 οῐκτος,
3447 4323 3570 4386 ὅλος
3607 4326 3907 4394 συμπάθεια

2333 4420 2441 4472 τῶν
2468 4420 2567 4473 τοῦ
2603 4419 2927 4490 μονογενοῦς
2958 4417 3259 4489 οἰκτιρμῶν
3284 4418 3469 4481 εὐθὺς,
3502 4418 3601 4472 καὶ
3636 4420 3739 4488 τῆς
3774 4419 3898 4472 ἁδα-

2337 4512 2581 4582 πανήτου
2613 4510 2982 4583 χρηστότητος
3036 4509 3177 4580 ὑπὲρ
3220 4510 3386 4562 αὑτοῦ
3428 4509 3687 4580 δεόμενος
3708 4507 3904 4581 ﬂvunt

2324 4603 2404 4674 τῷ
2446 4603 2540 4657 τοῦ
2590 4602 2824 4673 σταυροῦ
2862 4601 3078 4673 σημείῳ
3126 4602 3220 4654 τὸν
3270 4603 3420 4670 ίερέα
3448 4602 3783 4671 σφραγίσας,
3829 4601 3907 4655 Ἑν

642 4672 912 4742 impresso
972 4675 1249 4729 sacerdoti
1309 4688 1673 4732 sacrosancta:
1713 4678 1894 4733 crucis
1939 4680 2128 4748 signo:
2164 4678 2206 4733 Ir

2328 4672 2403 4764 τῷ
2435 4695 2660 4765 ὀνόματι
2685 4672 2781 4748 τοῦ
2824 4672 3030 4764 Κυρίου
3078 4692 3252 4764 Ἰησοῦ
3284 4692 3524 4765 Χριστοῦ
3565 4693 3788 4755 λέλυσαι
3811 4692 3908 4745 τῶν

643 4765 893 4831 nomine,
947 4767 1151 4835 inquit,
1202 4767 1422 4823 Domini
1483 4770 1608 4824 Jcsu
1657 4769 1865 4824 Christi
1924 4770 2143 4825 solutus
2164 4784 2206 4824 ei

2328 4785 2566 4855 δεσμῶν,
2624 4784 2727 4855 ἔφη
2754 4802 2768 4815 ο
2812 4784 3107 4857 Πορευθεὶς
3137 4786 3290 4855 παρὰ
3333 4785 3432 4853 τὴν
3486 4783 3787 4853 ἐκκλησίαν
3824 4800 3906 4836 σου

641 4856 984 4912 retinaculis.
1026 4856 1229 4913 Confer
1265 4868 1315 4914 te
1346 4859 1512 4929 igitur
1550 4860 1617 4913 ad
1647 4860 1933 4914 eet-lesiam
1967 4869 2138 4924 tuam,
2168 4873 2206 4913 et

2334 4879 2534 4941 τοίνυν,
2575 4878 2636 4930 τό
2686 4894 2747 4930 τι
2803 4876 2945 4930 θεῖον
3003 4878 3172 4945 ὑγιῶς
3232 4876 3564 4945 Εὑαγγέλιον
3600 4876 3905 4948 ἀναγνώσῃ,

640 4958 1057 5011 sacrosanctum
1088 4949 1297 5005 Christi
1343 4951 1699 5021 Evangelium
1729 4953 1868 5006 bene
1892 4967 2061 5006 sanus
2096 4966 2206 5022 per-

2331 4971 2426 5024 καὶ
2484 4971 2581 5039 τὴν
2625 4969 2892 5040 μυστικὴν
2935 4970 3011 5032 ὡς
3040 4971 3133 5021 καὶ
3165 4969 3360 5039 πρώην
3405 4972 3473 5038 τῇ
3508 4970 3633 5039 ἱερᾷ
3668 4968 3906 5039 τραπέζῃ

640 5035 812 5106 leges,
839 5048 893 5092 et
922 5054 1185 5093 arcanum
1218 5040 1272 5093 in
1301 5042 1461 5095 altari
1495 5042 1827 5098 sacrificium
1854 5059 2005 5098 more
2060 5044 2206 5099 solitt

2329 5059 2521 5112 θυσίαν
2539 5035 2883 5127 προσοίσεις.
2921 5055 3058 5112 Εἶπι
3088 5035 3280 5122 ταῦτα,
3312 5035 3405 5111 καὶ
3435 5035 3495 5110 τὸ
3516 5035 3728 5111 δίκαιον
3746 5035 3909 5111 ἐκεῖνο

642 5128 864 5183 offeres.
893 5130 1042 5183 Dixit
1070 5130 1187 5186 haec
1220 5132 1332 5196 ille,
1368 5142 1419 5188 et
1448 5133 1735 5204 presbyter
1761 5135 1970 5190 meritae
2000 5136 2078 5191 illi
2100 5136 2206 5193 vin-

2327 5150 2499 5212 πάθος
2526 5150 2724 5203 αὐτίκα
2753 5154 2780 5203 ὁ
2810 5149 2989 5221 ίερεὺς
3006 5132 3257 5213 ἀπέθετο,
3290 5148 3383 5201 καὶ
3411 5150 3443 5217 ἡ
3484 5146 3606 5198 θεία
3643 5147 3809 5216 μέχρι
3832 5162 3907 5198 τε-

641 5220 802 5273 dicta:
826 5231 1114 5291 exemptus
1158 5233 1264 5285 est,
1286 5232 1343 5277 et
1398 5239 1569 5278 sacrm
1620 5226 1854 5296 liturgize
1908 5226 1975 5280 ad
2007 5228 2206 5282 exitum

2322 5241 2523 5311 λευτῆς
2565 5242 2639 5304 ὠς
2682 5242 2776 5295 καὶ
2827 5241 3094 5313 πρότερον
3136 5240 3285 5312 αὑτῷ
3335 5239 3697 5311 μυσταγωγία
3736 5241 3908 5293 ἔπιτε·

642 5325 817 5380 usque
851 5312 996 5377 vitae,
1028 5314 1107 5369 uti
1138 5324 1265 5369 ante
1290 5316 1493 5371 solitus
1521 5315 1723 5382 fuerat,
1758 5333 1977 5388 semper
2030 5335 2223 5390 opera-
2334 5330 2494 5384 λεῖτο.

646 5411 734 5455 lUS
756 5412 858 5455 εει.

712 5490 838 5546 ἑιό.
879 5494 1009 5548 Post
1040 5494 1153 5549 haec
1192 5495 1486 5553 adducitur
1510 5498 1577 5553 ad
1615 5499 1794 5568 ipsum
1825 5517 2023 5569 caecus,
2056 5503 2232 5558 altero

644 5585 782 5654 pede
824 5596 973 5641 stare
1024 5589 1292 5658 nequiens
1337 5607 1446 5661 pra:
1488 5594 1748 5666 paralysi,
1796 5610 1859 5650 ac
1905 5597 2083 5651 tribus
2120 5598 2206 5652 dre

2341 5596 2435 5648 τοῦ
2478 5596 2650 5666 ἰσχίου
2700 5598 2893 5667 στῆναι
2924 5596 3239 5667 δυνάμενος,
3272 5597 3409 5651 ἀλλὰ
3438 5599 3533 5651 καὶ
3559 5595 3719 5650 τοῦτο
3739 5595 3909 5655 δεινῶς

642 5682 842 5733 tuonlis
887 5682 1216 5750 exagitatus.
1257 5680 1554 5742 Miseratus
1586 5685 1821 5759 Syiucon
1855 5690 2206 5745 multimodan

2348 5690 2704 5757 παρειμένος,
2734 5690 2952 5761 δαίμοσί
2974 5706 3032 5742 τε
3063 5690 3237 5761 τρισὶν
3254 5688 3614 5759 ἐπαξόμενος.
3656 5690 3715 5742 '0
3752 5690 3810 5747 δὴ
3830 5686 3909 5752 τῆς

638 5784 708 5825 ac
731 5774 998 5828 diversam
1032 5774 1273 5831 hominis
1295 5778 1683 5847 calamitatem,
1707 5780 1771 5836 ad
1805 5781 2206 5837 misericordia:

2349 5781 2666 5847 πολυειδοῦς
2714 5783 2874 5837 αὑτὸν
2922 5783 3016 5837 καὶ
3057 5782 3311 5853 ποικίλης
3357 5782 3658 5854 συμφορᾶς
3701 5781 3908 5852 ἐλεήσας

3812 6144 4060 6450 Α

3378 6440 3389 6441 ί
3492 6440 3524 6446 η
3586 6442 3604 6446 νὴ
3682 6432 3861 6450 »‘_‘“.

2406 5504 2552 5575 σμγ’.
2586 5499 2719 5559 Εἶτα
2750 5505 3084 5576 προσάγεται
3114 5521 3196 5568 τις
3241 5502 3391 5574 αὑτῷ
3432 5504 3659 5575 τυφλὸς,
3693 5504 3911 5561 οὑδῚπὶ
