4082 6466
223 349 362 414 3ζ21
1686 365 1830 426 ΝΟΤ

1886 366 2014 426 ['IA.
3345 362 3498 426 3222'

225 462 484 545 Nondum
505 482 597 525 sex
631 469 761 525 anni
785 471 954 542 elapsi
989 482 1148 528 erant
1201 487 1264 528 ex
1295 489 1402 544 quo
1451 473 1518 528 ad
1545 473 1730 528 sedem
1766 473 2318 545 llierosolymitanam
2357 483 2583 529 evectus
2641 472 2822 528 fuerat
2856 472 3172 536 Zacharias,
3221 487 3346 528 cum
3388 489 3485 528 rex

226 543 520 607 Persarum
543 555 800 624 Cosroes,
835 558 988 629 Syria
1027 543 1331 624 devastata,
1367 562 1562 615 urbem
1587 543 2037 631 Hierosolymam
2053 559 2220 628 cepit,
2245 550 2600 631 Christianos
2623 558 2699 613 ibi
2731 559 2995 630 degentes
3020 559 3074 614 in
3101 558 3322 613 vincula
3353 573 3488 612 con-

222 637 386 708 jocit,
424 640 743 712 Juda-isque
772 645 867 698 vili
901 646 1080 715 pretio
1113 646 1361 711 tradidit,
1393 662 1423 701 a
1457 647 1680 717 quibus,
1715 661 1825 700 non
1867 657 1928 701 ut
1958 646 2161 716 captivi
2203 634 2298 700 aut
2329 646 2472 701 servi
2517 645 2736 717 excepti
2786 650 3035 710 ruerunt,
3070 645 3166 700 sed
3207 643 3262 700 in
3294 644 3484 700 odium

222 724 436 780 Christi
485 727 724 784 diversis
755 730 1172 802 innumerisque
1207 733 1549 788 cruciatibus
1581 732 1858 789 interiecti
1889 750 1903 787 :
1938 733 2313 803 patriarcham
2363 733 2588 788 demum
2629 743 2686 788 et
2719 733 2930 804 lignum
2959 743 3162 788 sancta)
3207 733 3392 788 crucis
3425 732 3482 787 in

223 810 510 866 Persidem
547 818 869 884 asportavit.
921 819 996 874 Dc
1030 834 1094 874 ea
1138 820 1297 880 clade
1346 819 1644 876 Chronicon
1696 819 1974 887 Paschale,
2033 823 2148 876 sive
2193 812 2650 887 Aleiandrinum,
2699 821 2774 876 ita
2826 821 3096 892 loquitur,
3133 821 3270 875 edit.
3304 822 3368 876 D.
3403 821 3486 876 Du

222 895 433 967 Gange,
466 900 637 956 Paris.
673 903 826 967 1688,
853 922 906 974 p.
948 906 1054 961 585
1093 906 1278 978 (anno)
1309 924 1358 962 tv
1394 905 1702 978 (Heraclii),
1727 908 1910 963 indict.
1944 908 2038 972 XI,
2066 915 2181 979 post
2209 907 2545 962 consulatum
2570 907 2801 962 Heraclii
2840 907 3067 978 Augusti
3107 909 3344 962 tertium.
3377 907 3488 962 Iloc

232 1003 398 1050 anno,
432 989 571 1044 circa
612 1009 839 1047 mensem
873 995 1111 1061 Iunium,
1161 997 1362 1051 malum
1401 997 1545 1052 nobis
1581 996 1769 1051 accidit
1806 1005 2055 1069 perpetuo
2090 996 2233 1050 luctu
2273 995 2713 1067 prosequendum.
2750 993 2883 1049 Cum
2921 994 3044 1049 aliis
3095 996 3287 1064 quippe
3349 1012 3491 1049 com-

227 1071 470 1140 pluribus
497 1075 722 1132 Orientis
749 1082 1064 1145 civitatibus,
1094 1081 1395 1137 Jerusalem
1427 1092 1459 1137 (ι
1492 1084 1666 1138 Persis
1707 1093 1863 1153 capta
1910 1091 2007 1147 est,
2046 1081 2225 1136 multis
2257 1082 2588 1145 clericorum,
2639 1083 3027 1136 monachorum
3057 1121 3073 1145 ,
3107 1081 3493 1134 sanctimonia-

231 1158 387 1221 lium,
420 1169 468 1214 et
498 1165 760 1234 uirginum
788 1168 1020 1222 millibus
1050 1171 1348 1225 trucidatis.
1371 1170 1650 1225 Incensum
1678 1172 1838 1225 etiam
1861 1170 2194 1224 Dominicum
2217 1168 2537 1240 sepulcrum,
2575 1177 2622 1220 et
2644 1167 2983 1221 celeberrima
3008 1167 3109 1245 pei
3138 1165 3376 1236 templa:
3412 1173 3487 1232 et,

230 1255 290 1299 ut
325 1250 474 1304 verbo
499 1253 694 1317 dicam,
721 1259 954 1325 pretiosa
987 1261 1170 1312 omnia
1204 1261 1492 1314 destructa.
1536 1259 1850 1313 Veneranda
1877 1258 2044 1311 crucis
2071 1256 2240 1328 ligna,
2269 1272 2385 1310 cum
2415 1256 2582 1310 sacris
2612 1256 2747 1308 vasis
2773 1254 3094 1317 innumeris,
3127 1255 3415 1324 capiuntur
3443 1272 3478 1310 α

229 1333 432 1401 Persis,
455 1347 504 1391 et
534 1339 824 1397 Zacharias
846 1347 1152 1414 patriarcha
1175 1348 1411 1417 captivus
1443 1347 1740 1401 abducitur.
1784 1346 1950 1416 Atque
1977 1347 2083 1399 ha’c
2111 1347 2291 1398 omnia
2311 1385 2325 1409 ,
2358 1360 2461 1398 non
2494 1342 2665 1397 multa
2697 1343 2825 1396 anni
2843 1351 3133 1413 parte,nec
3158 1349 3265 1394 toto
3288 1357 3486 1405 mense,

226 1424 322 1474 sed
347 1424 491 1478 intra
525 1445 718 1492 paucos
772 1432 880 1484 dies
924 1433 1210 1502 contigere.
1240 1435 1443 1488 Eadem
1477 1433 1590 1487 fere
1619 1433 1814 1488 scribit
1853 1431 2218 1500 Theophanes
2265 1430 2317 1484 in
2370 1429 2848 1501 Chronographia,
2885 1428 2952 1483 ad
2989 1444 3196 1485 annum
3227 1429 3486 1498 quintum

229 1507 495 1564 lleraclii.
522 1512 765 1578 Quartus
796 1517 884 1572 hic
909 1528 1025 1573 erat
1056 1519 1206 1590 (Chr.
1257 1521 1405 1590 6H),
1440 1519 1558 1582 sed,
1597 1528 1655 1573 ut
1681 1525 1867 1585 monet
1899 1518 2331 1586 Papebrochius,
2370 1527 2410 1571 t.
2443 1517 2512 1571 Ill
2542 1510 2690 1581 Maii,
2723 1517 2786 1570 in-
2812 1525 2972 1570 tract.
3009 1516 3243 1585 praelim.
3269 1531 3324 1570 n.
3360 1516 3484 1580 i3},

229 1609 286 1662 p.
321 1596 410 1659 3|,
438 1599 544 1652 col.
580 1600 630 1665 1,
659 1603 725 1663 Α,
758 1603 849 1656 ille
880 1615 1076 1659 auctor
1112 1620 1224 1659 uno
1255 1621 1401 1660 anno
1426 1605 1625 1677 .serius
1656 1605 1711 1657 in
1743 1604 1902 1661 annis
1934 1604 2169 1659 lleraclii
2204 1619 2292 1658 res
2315 1611 2529 1668 narrat,
2565 1618 2632 1658 eo
2671 1602 2817 1672 quod
2848 1604 3088 1672 primum
3122 1602 3288 1671 hujus
3318 1603 3490 1672 impc-

230 1683 432 1738 ratoris
461 1701 664 1741 annum
724 1689 777 1743 in
807 1690 1244 1757 duos-diviserit,
1280 1691 1744 1762 quemadmodum
1781 1690 2032 1758 pluribus
2058 1690 2469 1744 demonstravit
2512 1690 2657 1744 idem
2703 1688 3119 1758 Papebrocbius
3163 1689 3220 1742 in
3263 1687 3488 1758 Eaegesi

229 1771 465 1839 prmlim.
512 1775 576 1829 ad
616 1784 750 1832 tom.
775 1778 866 1838 lll.
901 1779 1060 1834 Mart.
1091 1795 1211 1850 cap.
1260 1779 1312 1834 4.
1344 1779 1498 1834 Anno
1528 1781 1710 1849 quinto
1745 1777 2056 1848 (legendum
2102 1782 2314 1847 quarto)
2341 1777 2549 1846 imperii
2588 1774 2845 1842 Heraclii,
2870 1775 3052 1829 Persa:
3069 1774 3325 1830 Iordanis
3350 1774 3484 1838 loca,

226 1858 606 1925 Pala'stinam,
641 1873 689 1916 ct
710 1875 953 1921 sanctam
977 1869 1244 1925 civitatem
1270 1885 1545 1923 armorum
1579 1870 1628 1922 vi
1650 1867 1986 1936 subegerunt,
2010 1874 2059 1917 ct
2113 1863 2379 1924 manibus,
2412 1872 2467 1916 ut
2511 1863 2730 1933 quidam
2759 1872 3026 1926 asserunt,
3048 1861 3378 1926 Juda'orum,
3417 1862 3487 1916 ad

226 1952 525 2014 nonaginta
573 1949 999 2007 Christianorum
1043 1954 1216 2008 millia
1273 1955 1628 2008 trucidarunt.
1671 1953 1840 2022 Capto
1879 1968 2000 2006 vero
2048 1951 2538 2023 Hierosolymorum
2593 1950 2904 2018 patriarcha
2938 1948 3231 2013 Zacharia,
3259 1949 3486 2017 pretioso

223 2033 387 2084 etim
423 2044 470 2086 et
502 2037 706 2103 viviﬁco
740 2041 907 2093 crucis
941 2039 1081 2112 ligno
1107 2041 1233 2095 locis
1261 2042 1369 2096 illis
1398 2049 1596 2111 erepto,
1623 2043 1956 2111 captivorum
2001 2040 2273 2093 hominum
2305 2039 2699 2098 multitudinem
2750 2038 3087 2090 innumeram
3141 2037 3196 2089 in
3219 2035 3488 2090 Persidem

223 2118 582 2176 abduxerunt.
614 2123 825 2188 Exstat,
871 2127 1051 2196 inquit
1089 2127 1510 2198 Papebrocbius
1564 2129 1726 2182 modo
1759 2128 2038 2194 laudatus,
2075 2128 2214 2183 ibid.
2246 2145 2304 2182 n.
2349 2129 2473 2190 155,
2518 2126 2803 2182 Francisci
2835 2123 3156 2181 Combeﬁsii
3189 2123 3345 2194 (0rd.
3376 2125 3481 2178 FF.

222 2204 483 2274 l’rzedic.)
506 2222 694 2278 opera,
724 2223 847 2280 post
873 2212 1119 2268 libellum
1154 2217 1328 2269 sancti
1356 2215 1585 2270 Joannis
1606 2217 1981 2287 Chrysostomi
2011 2216 2088 2270 De
2113 2216 2402 2270 educandis
2456 2213 2656 2280 liberis,
2693 2213 2912 2282 aliaque
2939 2211 3230 2275 nonnulla,
3258 2211 3487 2266 Parisiis

219 2305 372 2345 anno
410 2293 568 2357 i656,
602 2295 1020 2356 Graeco-Latine
1067 2301 1337 2372 impressa
1393 2303 1646 2372 epistola,
1699 2320 1862 2373 quam
1899 2303 2070 2357 vidua:
2106 2319 2334 2372 sponsas,
2374 2302 2577 2356 civitati
2629 2301 2765 2370 regis
2796 2299 2978 2368 magni
3033 2297 3210 2352 liberis
3258 2297 3482 2362 orbatte,

217 2378 707 2453 Iiierosolgmitano
755 2388 903 2457 gregi
941 2396 1207 2456 pastorem
1256 2406 1360 2443 non
1390 2391 1602 2444 habenti
1631 2407 1648 2445 :
1677 2392 1768 2444 sed
1793 2399 1842 2444 et
1895 2391 2109 2460 reliquis
2142 2391 2380 2444 omnibus
2412 2391 2464 2443 in
2492 2387 2700 2448 Christo
2754 2387 3021 2465 ecclesiis,
3066 2386 3394 2456 residuisque
3422 2385 3481 2438 in

218 2465 331 2520 illis
353 2466 482 2534 ﬁliis
514 2471 785 2540 orphanis,
818 2484 999 2543 pastor
1027 2477 1256 2541 humilis,
1280 2476 1444 2541 solus,
1472 2480 1727 2548 captivus,
1749 2477 2038 2533 Zacharias
2061 2478 2308 2532 minimus
2336 2491 2366 2531 e
2394 2475 2622 2531 Perside
2653 2475 2896 2545 scripsit,
2914 2487 3094 2538 suam,
3133 2472 3484 2542 aliorumque

218 2554 575 2622 captivorum
605 2560 976 2616 calamitatem
1009 2580 1475 2627 commemorans.
1517 2575 1574 2621 et
1604 2566 1923 2620 meminisse
1963 2565 2167 2636 jubens
2205 2561 2484 2634 quomodo
2517 2561 2634 2632 ipse
2674 2561 2925 2631 quidem,
2951 2558 3175 2630 quando
3211 2574 3338 2614 cum
3373 2559 3486 2614 illis

217 2649 364 2705 crat,
393 2642 448 2696 in
479 2642 702 2700 Galiltea
734 2648 935 2704 dixerit
967 2668 979 2702 :
1014 2650 1205 2714 Plane,
1240 2651 1361 2719 filii,
1396 2653 1660 2722 ingentem
1679 2653 1731 2705 in
1750 2651 1889 2706 vobis
1906 2651 2054 2705 video
2077 2653 2365 2715 incuriam,
2390 2648 2617 2703 multam
2638 2649 2937 2719 segnitiem,
2963 2648 3310 2717 injustitiam,
3333 2647 3487 2717 igno-

219 2729 482 2796 rantiam,
508 2732 809 2802 fraternum
847 2737 1047 2800 odium,
1094 2738 1504 2808 apostolicorum
1542 2756 1808 2793 canonum
1843 2739 2320 2809 transgressionem
2369 2747 2531 2806 atque
2561 2743 2960 2806 contemptum;
2995 2749 3088 2787 nec
3115 2734 3222 2787 scio
3255 2749 3487 2803 quonam

219 2831 307 2868 res
337 2825 528 2871 nostra:
555 2836 792 2876 evasura:
822 2825 927 2876 sint
954 2841 971 2878 :
1003 2825 1153 2894 ipsos
1189 2840 1320 2880 vero
1352 2825 1688 2896 respondere
1721 2827 1910 2880 solitos
1936 2842 1949 2879 :
1972 2825 2150 2879 Bonus
2176 2833 2251 2878 est
2287 2812 2448 2888 Deus,
2484 2839 2578 2876 nec
2618 2839 2712 2876 nos
2734 2823 2928 2875 creavit
2954 2830 3009 2873 ut
3035 2820 3296 2890 perderet.
3327 2820 3488 2875 Nunc

216 2917 356 2974 ergo
399 2905 656 2962 hortatur
693 2923 790 2964 eos
823 2910 890 2964 ad
919 2912 1326 2980 paenitentiam,
1359 2912 1802 2968 emendationem
1839 2927 2081 2975 morum,
2139 2910 2578 2968 misericordiam
2629 2926 2757 2981 erga
2807 2909 3058 2979 captivos
3112 2906 3341 2976 fratres;
3393 2916 3491 2964 aut

218 2994 426 3060 quibus
461 3011 570 3050 non
592 2997 835 3067 suppetit
861 2999 1006 3065 quod
1030 3000 1355 3069 largiantur,
1390 3000 1456 3054 ad
1485 3015 1698 3069 preces,
1716 3000 1948 3081 jejunia,
1974 2998 2463 3053 bumicubationes
2516 3007 2574 3052 et
2606 2998 2893 3066 laprymas.

299 3079 354 3134 Si
384 3097 506 3150 quae
538 3095 725 3138 autem
756 3084 811 3138 in
848 3095 995 3139 tanta
1025 3087 1342 3141 calamitate
1388 3087 1625 3141 inveniri
1663 3079 1843 3156 potuit
1869 3086 2174 3142 consolatio
2216 3085 2535 3156 temporalis
2563 3126 2576 3149 ,
2610 3085 2726 3138 haec
2761 3084 3040 3155 praecipue
3073 3083 3490 3140 subministrata

220 3177 310 3221 est
339 3184 367 3221 a
397 3177 589 3225 sancto
649 3171 864 3227 Joanne
923 3173 1397 3245 Elcemosynario,
1437 3183 1570 3229 tunc
1607 3174 1872 3244 temporis
1925 3173 2241 3244 patriarcha
2279 3171 2680 3235 Alexandrino,
2709 3171 2778 3225 de
2825 3188 2935 3241 quo
2990 3173 3092 3226 ista
3126 3171 3321 3226 scribit
3372 3173 3494 3242 ejus

222 3255 364 3310 Vitae
402 3268 596 3312 auctor
634 3257 930 3323 Leontius,
963 3260 1105 3334 apud
1137 3261 1338 3315 Baron.
1401 3261 1468 3315 ad
1502 3255 1706 3315 a'nnum
1755 3261 1959 3316 Christi
2009 3261 2135 3324 6M,
2173 3261 2344 3320 n.15.
2379 3261 2483 3315 col.
2518 3259 2644 3314 26!.
2684 3257 2816 3314 Cum
2840 3258 3017 3315 Persa:
3040 3258 3284 3330 populati
3324 3267 3496 3314 essent

223 3344 526 3397 universam
551 3343 784 3416 Syriam,
814 3348 904 3416 qui
923 3363 1102 3402 eorum
1143 3365 1334 3402 manus
1366 3356 1645 3417 potuerunt
1679 3349 1918 3419 effugere,
1951 3357 2060 3402 tum
2087 3347 2211 3401 laici
2239 3349 2328 3419 qui
2358 3349 2733 3418 magistratum
2763 3346 3034 3415 gerebant,
3053 3355 3101 3400 et
3131 3347 3350 3416 privati,
3383 3356 3495 3400 tum

224 3428 408 3484 clerici
430 3447 548 3484 cum
575 3434 826 3503 episcopis
851 3436 1166 3505 confugiunt
1189 3434 1577 3488 Alexandriam
1629 3434 1826 3500 Quibus
1849 3435 2090 3488 omnibus
2127 3435 2269 3489 dives
2300 3433 2392 3488 ille
2420 3445 2468 3488 et
2496 3435 2709 3488 minime
2745 3442 3001 3504 angustus
3034 3433 3336 3487 convivator
3367 3450 3498 3504 quo-

226 3517 356 3572 tidie
379 3519 749 3588 suppeditabat
774 3537 890 3588 quae
933 3533 1085 3574 erant
1113 3523 1183 3575 ad
1213 3538 1366 3576 usum
1406 3525 1729 3585 necessaria,
1779 3538 1886 3576 non
1935 3523 2006 3575 ad
2044 3522 2396 3591 indigentium
2427 3521 2685 3591 aspiciens
2733 3519 3150 3583 multitudinem,
3187 3529 3243 3573 ut
3290 3520 3498 3591 aliquid

227 3605 431 3674 faceret
455 3606 596 3670 quod
637 3616 774 3660 esset
811 3610 1013 3662 sordidi
1044 3618 1092 3662 et
1117 3608 1394 3663 illiberalis
1438 3611 1625 3672 animi,
1655 3611 1746 3662 sed
1778 3611 1846 3663 ad
1867 3603 1986 3664 eum
2016 3610 2105 3680 qui
2127 3611 2299 3678 aperit
2318 3626 2558 3672 manum,
2584 3616 2632 3661 ct
2655 3623 2808 3662 omne
2837 3607 3044 3661 animal
3082 3605 3262 3679 implet
3287 3607 3498 3661 benedi-

227 3693 418 3744 ctione.
448 3693 578 3745 Cum
598 3703 777 3748 autem
810 3695 1111 3750 Rasmissus
1138 3698 1246 3750 dux
1275 3699 1533 3750 exercitus
1562 3695 1754 3751 Cosroe
1781 3707 2035 3753 vastasset
2058 3708 2106 3752 et
2147 3697 2502 3769 depopulatus
2531 3707 2663 3752 esset
2692 3695 2998 3750 veneranda
3036 3696 3152 3748 loca
3188 3695 3498 3768 Hierosoly-

229 3796 473 3842 morum;
503 3791 784 3852 postquam
811 3786 905 3837 hoc
935 3785 1133 3838 audivit
1163 3784 1252 3838 ille
1281 3787 1433 3838 homo
1466 3783 1580 3848 Dei,
1614 3795 1662 3836 et
1687 3783 1826 3853 quod
1850 3787 2028 3838 omnia
2070 3795 2258 3838 sancta
2289 3784 2510 3853 fuissent
2534 3784 2644 3853 igni
2675 3783 2900 3848 tradita,
2936 3781 3091 3851 deflet
3125 3781 3356 3845 quidem,
3391 3797 3497 3834 non

227 3882 380 3921 secus
415 3884 477 3921 ac
505 3867 792 3934 Jeremias,
828 3872 880 3924 id
908 3873 1047 3942 quod
1075 3872 1276 3941 factum
1304 3873 1501 3942 fuerat.
1534 3871 1650 3926 Non
1683 3876 1936 3926 hactenus
1961 3879 2142 3926 autem
2175 3872 2406 3924 constitit
2444 3871 2556 3941 ejus
2577 3869 2988 3933 commiseratio,
3021 3869 3112 3923 sed
3141 3869 3301 3924 mittit
3335 3870 3498 3924 etiam

228 3953 580 4026 Chrysippum
604 3961 884 4027 quemdam
913 3963 1087 4015 virum
1114 3964 1284 4031 pium,
1323 3963 1538 4016 tradens
1569 3964 1618 4016 ei
1644 3957 1870 4016 multum
1897 3959 2036 4021 auri,
2062 3959 2515 4030 frumentumque,
2559 3966 2607 4010 et
2632 3956 2740 4011 alia
2791 3958 3047 4011 alimenta
3080 3967 3126 4010 et
3162 3958 3496 4022 indumenta,

226 4050 280 4094 et
311 4045 380 4095 ad
407 4059 467 4096 ea
493 4047 722 4098 vehenda
747 4047 996 4116 jumenta
1038 4048 1295 4118 plurima,
1353 4058 1464 4102 tum
1516 4061 1571 4103 ut
1613 4051 1867 4121 aspiceret
1920 4048 2254 4110 vastitatem,
2321 4056 2434 4098 tum
2483 4047 2646 4098 etiam
2685 4053 2741 4097 ut
2763 4061 2847 4098 eos
2877 4046 2968 4114 qui
3029 4054 3399 4099 remanserant
3435 4062 3499 4100 ex

227 4131 539 4199 captivitate
570 4135 700 4185 satis
726 4150 820 4201 per
843 4151 902 4187 ea
928 4151 1044 4203 gnte
1073 4135 1213 4188 dicta
1242 4135 1458 4202 fuerunt
1499 4143 1778 4188 recrearet.
1811 4134 2078 4189 Praeterea
2120 4144 2297 4188 autent
2334 4133 2662 4188 Theodorum
2688 4149 2892 4203 quoque
2914 4134 3257 4187 Amat/mntis
3299 4135 3506 4215 episco:

230 4233 379 4286 pum,
414 4226 462 4269 et
487 4217 832 4275 Anastasium
874 4225 1180 4290 praefectum
1232 4223 1414 4291 magni
1436 4223 1629 4275 montis
1675 4223 1911 4285 Antonii,
1941 4232 1988 4274 et
2020 4222 2332 4290 Gregorium
2371 4222 2676 4291 episc0pum
2721 4219 3171 4274 Rinocorurorum
3209 4223 3397 4275 emittit
3427 4225 3499 4276 ad

228 4320 316 4356 eos
351 4305 693 4374 recipiendos,
725 4309 815 4376 qui
851 4309 1059 4361 abducti
1082 4309 1294 4377 fuerant
1325 4310 1377 4360 in
1419 4311 1800 4378 captivitatem,
1837 4310 1940 4362 vim
1984 4312 2103 4362 auri
2135 4310 2377 4379 prcebens
2415 4325 2582 4380 prape
2615 4308 3081 4362 innumerabilem.
3123 4309 3292 4363 Addit
3319 4310 3497 4380 Pape-

229 4390 428 4444 liroch.
460 4408 627 4462 supra
656 4393 879 4460 citatus,
912 4411 970 4450 n.
1008 4394 1128 4458 156,
1155 4410 1221 4448 cx
1245 4396 1497 4462 ejusdem
1525 4396 1702 4449 sancti
1731 4396 1961 4450 Joannis
1992 4397 2133 4458 Vita,
2177 4413 2232 4449 n.
2270 4396 2358 4449 35.
2392 4397 2476 4451 Ad
2520 4395 3011 4466 Hierosolymorum
3049 4395 3427 4452 relevationem
3448 4406 3500 4451 et

232 4479 714 4548 rewdiﬁcationem,
750 4483 888 4535 misit
918 4485 1245 4537 numismata
1272 4481 1438 4544 mille,
1472 4491 1519 4536 et
1545 4483 1690 4536 mille
1727 4500 1904 4537 saccos
1929 4484 2109 4555 plenos
2135 4485 2423 4553 frumento.
2458 4495 2507 4538 ct
2544 4484 2689 4536 mille
2716 4484 2985 4553 legumina
3015 4483 3091 4554 (id
3130 4493 3236 4548 est,
3266 4485 3502 4554 legumi-

227 4581 365 4619 num
403 4569 735 4637 mensuras),
775 4568 918 4622 mille
950 4569 1111 4623 libras
1149 4573 1299 4638 ferri,
1339 4570 1484 4623 mille
1532 4580 1693 4623 restes
1720 4573 2033 4624 siccutorum
2072 4571 2312 4638 piscium,
2366 4570 2511 4623 mille
2542 4569 2760 4623 vascula
2809 4571 2933 4632 vini,
2973 4580 3022 4622 et
3054 4570 3197 4623 mille
3224 4571 3496 4643 liggptios

228 4655 521 4723 operarios,
552 4655 750 4708 addens
786 4673 877 4725 pcr
904 4655 1104 4710 litteras
1130 4658 1198 4710 ad
1251 4656 1544 4712 Modestum
1579 4659 1802 4727 scriptas
1831 4675 1847 4712 :
1878 4659 1954 4712 Da
1993 4660 2117 4712 mihi
2157 4660 2386 4720 veniant,
2428 4673 2548 4711 vere
2592 4658 2784 4710 Christi
2807 4667 3078 4727 operator,
3108 4658 3240 4711 nihil
3274 4661 3496 4730 dignum

231 4741 442 4810 templis
473 4739 667 4796 Christi
713 4744 960 4796 mittenti.
1001 4743 1196 4796 Vellem
1239 4747 1400 4808 enim,
1441 4747 1588 4798 credo
1628 4748 1774 4810 mihi,
1806 4749 1850 4800 si
1885 4758 2014 4800 esset
2041 4747 2384 4808 conveniens,
2415 4753 2462 4797 et
2496 4761 2588 4813 ego
2614 4747 2721 4814 ipse
2756 4746 2952 4806 venire,
2976 4755 3023 4797 et
3058 4746 3164 4812 ipse
3190 4739 3403 4816 operari
3439 4750 3495 4802 in

230 4829 384 4882 domo
410 4837 608 4882 sancta:
639 4830 836 4884 Christi
864 4830 1303 4884 Resurrectionis.
1338 4829 1436 4884 llic
1474 4831 1750 4887 Modestus
1782 4832 2044 4888 Ecclesiae
2099 4833 2616 4901 llierosolymitanm
2667 4845 2856 4884 curam
2915 4831 3106 4900 gessit,
3150 4843 3205 4886 ut
3249 4833 3494 4891 vicarius

229 4914 513 4970 Zachariae
541 4915 810 4985 episcopi,
848 4917 1097 4986 quandiu
1134 4919 1222 4972 ille
1251 4921 1504 4988 captivus
1552 4920 1654 4974 fuit
1684 4922 1736 4974 in
1776 4921 2022 4981 Perside,
2052 4923 2212 4987 eique
2253 4930 2375 4990 post
2405 4929 2641 4975 mortem
2677 4921 2967 4974 successit.
2996 4920 3232 4976 Eosdem
3267 4921 3491 4978 interim

232 5002 742 5072 Hierosolymorum
787 5005 993 5060 incolas
1029 5007 1146 5059 suis
1184 5009 1414 5076 scriptis
1472 5008 1765 5062 sublevare
1823 5008 2127 5062 conabatur
2156 5007 2466 5062 Antiochus
2515 5007 2740 5073 quidam
2775 5009 3082 5062 monachus
3141 5009 3489 5076 Palzestinus,

230 5093 358 5143 vita:
386 5090 673 5144 saticLitate
697 5100 752 5143 et
777 5091 1032 5145 doctrina
1073 5093 1334 5156 celebris,
1369 5095 1532 5160 cuius
1566 5104 1782 5149 exstant
1822 5096 2072 5150 [loinilize
2139 5094 2254 5157 150,
2287 5107 2326 5149 t.
2356 5094 2373 5146 l
2404 5093 2538 5147 Bibl.
2593 5093 2743 5146 Patr.
2779 5093 2949 5149 Graec.
2980 5111 3034 5163 p.
3078 5096 3239 5151 1026.
3278 5095 3338 5151 ιιι
3369 5099 3490 5168 epi—

231 5177 370 5228 stola
404 5187 584 5231 autem
621 5176 837 5246 praeﬁxa
865 5179 1040 5247 operi,
1091 5195 1157 5233 eo
1200 5180 1361 5233 titulo
1405 5182 1705 5251 insignita:
1742 5183 1982 5247 Epistola
2031 5183 2271 5235 Antiochi
2318 5183 2564 5235 monac/ai
2599 5182 2766 5234 lauris
2801 5179 2956 5236 Saba:
2995 5183 3220 5248 abbatis,
3274 5186 3345 5236 ad
3373 5185 3492 5238 Eu-

228 5266 484 5318 stathium
510 5267 845 5334 prwpositnm
870 5270 1177 5320 monasterii
1198 5268 1452 5323 Attalina:
1483 5270 1705 5340 Ancyra!
1725 5272 1949 5327 civitatis
1981 5272 2230 5334 Galatiw,
2257 5271 2372 5324 haec
2407 5281 2615 5334 narrat,
2645 5271 2789 5340 apud
2823 5269 3120 5327 Baronism
3143 5288 3308 5343 supra
3346 5276 3493 5328 rela-

230 5361 372 5414 tum,
401 5371 454 5407 n.
485 5353 573 5407 26.
617 5352 746 5407 Cum
773 5353 1061 5409 Ismaclitte
1088 5357 1155 5409 ad
1179 5367 1416 5410 nostrum
1451 5360 1786 5412 accessissent
1814 5362 2225 5422 monasterium,
2255 5377 2361 5414 una
2398 5360 2697 5430 septimana
2737 5370 3024 5428 antequam
3067 5370 3254 5414 sancta
3307 5362 3493 5416 civitas

236 5441 411 5508 fuisset
440 5452 717 5509 occupata,
743 5450 791 5493 et
827 5443 1074 5518 universa
1110 5443 1339 5496 ecclesiis
1384 5461 1540 5498 sacra
1574 5463 1700 5498 vasa
1728 5447 1847 5515 jam
1901 5447 2286 5516 diripuissent,
2317 5445 2556 5515 plerique
2590 5446 2777 5498 Patres
2828 5445 3152 5518 aufugerunt
3191 5463 3354 5518 quam
3385 5451 3498 5517 pri-

231 5544 377 5579 mam
407 5542 428 5578 :~
453 5536 822 5580 remanserunt
847 5510 1024 5581 autem
1052 5530 1107 5581 in
1147 5532 1462 5584 monasterio
1489 5533 1577 5602 qui
1613 5533 1853 5601 fortiores
1883 5533 2078 5589 Christi
2107 5534 2317 5603 fuerant
2339 5535 2497 5596 servi,
2563 5550 2776 5587 sacrum
2799 5532 2952 5587 illum
3009 5533 3180 5587 locum
3209 5534 3493 5589 destituere

232 5613 384 5669 nullo
414 5623 572 5682 pacto
607 5615 858 5670 volentes.
892 5614 1119 5669 Barbari
1151 5633 1270 5670 vero
1297 5634 1416 5671 cum
1446 5618 1563 5672 illos
1593 5623 2130 5691 comprehendissent,
2156 5630 2203 5676 et
2229 5622 2421 5676 multos
2455 5622 2564 5676 dies
2596 5621 2713 5678 illos
2743 5621 3033 5676 inhumane
3058 5632 3395 5686 tractassem,
3442 5630 3494 5676 ct

231 5704 506 5756 tormentis
533 5703 856 5773 amisissent,
903 5707 1149 5775 pecunias
1175 5706 1267 5759 hoc
1288 5715 1441 5777 pacto
1471 5725 1582 5763 sese
1605 5712 1910 5766 inventuros
1941 5710 2368 5781 putantes,apud
2391 5726 2520 5780 quos
2551 5709 2685 5764 nihil
2715 5710 2868 5779 hujus
2897 5713 3078 5764 saeculi
3113 5711 3491 5779 reperiebatur.

239 5793 332 5849 Illi
357 5790 677 5866 simulatque
708 5793 1080 5851 intellexerunt
1098 5812 1193 5850 sua
1223 5811 1276 5850 se
1307 5797 1517 5851 tandem
1543 5815 1630 5869 spe
1651 5807 1698 5852 ct
1725 5801 1990 5870 proposito
2006 5800 2280 5869 excidisse,
2305 5799 2359 5853 in
2382 5798 2804 5871 ea'cratissimam
2834 5798 2970 5855 versi
2999 5798 3307 5869 rabiem,ad
3330 5813 3494 5854 unum
