4082 6464
667 336 812 405 3223
1592 344 2013 405 ZACHABIAS
2052 343 2539 402 PATRIARCRA
2579 345 2629 403 Η
2643 341 2982 402 lEROSOL.
3787 334 3917 398 δὶὲι

668 449 996 505 membratim
1017 449 1193 503 beatos
1216 448 1334 503 illos
1364 453 1721 510 conciderunt.
1744 455 1847 519 Qui
1876 465 1924 507 et
1961 454 2145 509 laetitia
2172 454 2464 508 incredibili
2498 454 2718 527 perfusi,
2739 472 2805 509 ac
2826 452 3044 524 proinde
3070 448 3239 504 alacri
3266 448 3415 503 vultu
3446 448 3919 511 renidentes,on:ai

663 554 782 593 eum
806 538 1011 591 actione
1037 538 1334 607 gratiarum
1352 541 1558 593 animas
1577 541 1913 594 reddiderunt
1930 542 2377 613 Domino,quippe
2406 560 2508 597 non
2526 546 2600 598 ita
2616 544 2819 613 pridem
2833 544 2885 595 in
2908 538 3037 595 votis
3058 539 3351 593 [rubuerunt
3376 538 3593 601 resolui,
3618 545 3667 590 et
3689 554 3916 591 esseeum

662 624 1143 694 ChristoCorpora
1176 641 1295 679 vero
1320 625 1602 696 plusquam
1624 626 1820 694 tragice
1847 645 2006 694 casa,
2027 646 2143 681 cum
2163 644 2268 681 non
2297 645 2489 694 paucos
2513 629 2618 682 dies
2646 630 2703 683 in
2729 630 2943 683 humum
2970 626 3191 696 disjecta
3215 627 3329 679 siue
3351 622 3648 693 sepulturae
3677 623 3915 689 beneﬁcio

664 716 970 781 iacuissent,
999 717 1063 768 ab
1090 715 1287 769 Arabia
1317 715 1412 769 illo
1441 734 1602 788 usque
1633 717 2120 787 atlproperavimus.
2148 716 2213 770 Et
2236 717 2446 786 quidem
2471 716 2689 769 eximius
2710 715 2869 767 abbas
2889 712 3191 766 Nicomedes
3215 708 3581 780 spectaculum
3610 707 3746 761 illud
3772 711 3915 763 mise-

665 801 833 854 rabile
857 818 1108 856 ursorum
1131 810 1340 870 patrum
1374 804 1779 875 contemplatus,
1804 804 2030 873 deliquio
2060 805 2228 857 animi
2244 804 2487 866 concidit,
2508 812 2664 872 atque
2690 801 2837 855 illinc
2871 799 3070 852 relatus
3103 806 3335 850 mortuus
3363 811 3527 867 prope
3541 794 3914 849 estJlodestus

661 896 938 956 pra'tcrea,
965 898 1012 941 et
1057 890 1164 957 ipse
1186 892 1567 954 sanctissimus,
1607 892 1887 945 adventum
1913 903 2149 945 nostrum
2174 908 2293 944 cum
2331 889 2711 952 antevenisset,
2737 898 2784 940 et
2810 895 3120 941 sanctorum
3167 883 3382 937 illorum
3434 882 3724 936 lustrasset
3774 882 3913 951 prius

661 974 960 1027 habitacula
981 976 1180 1040 omnia,
1209 977 1387 1045 itidem
1405 994 1600 1048 angore
1622 979 1788 1031 animi
1810 988 2129 1039 contractus,
2144 975 2321 1031 multis
2348 993 2401 1030 se
2428 975 2621 1045 proluit
2646 975 2914 1044 lacrgmis,
2942 990 3003 1027 ac
3022 980 3206 1027 sancta
3228 987 3346 1041 qua:
3368 979 3590 1023 eatenus
3614 970 3914 1023 resederunt

662 1060 875 1128 lipsanu
895 1062 1020 1124 (hoc
1047 1071 1131 1115 est
1164 1072 1475 1117 sanctorum
1502 1066 1783 1133 reliquias)
1801 1064 2174 1135 circomplexus
2203 1064 2494 1117 inpatrum
2518 1063 2844 1131 superiorum
2873 1060 3108 1129 deposuit
3138 1058 3460 1111 conditoriis.
3488 1057 3541 1111 Is
3574 1057 3646 1109 ad
3678 1058 3809 1115 hcc,
3834 1057 3913 1105 ubi

664 1146 947 1200 solemnem
976 1147 1218 1216 persolvit
1248 1164 1313 1201 ex
1334 1165 1477 1203 more
1504 1166 1817 1213 sermonem,
1852 1162 1959 1206 etc.
1999 1151 2430 1220 Unumquemque
2456 1158 2688 1201 nostrum
2712 1148 2916 1200 hortari
2955 1146 3128 1214 empit,
3156 1160 3222 1197 ne
3253 1160 3355 1214 quo
3383 1146 3790 1213 emigraremus,
3820 1141 3913 1193 loci

660 1233 723 1284 ill
734 1236 806 1287 ’us
828 1236 995 1287 nostri
1022 1234 1328 1297 desertores,
1364 1238 1533 1306 magis
1568 1255 1689 1291 vero
1710 1254 1799 1291 eas
1834 1255 1949 1307 qua:
1986 1239 2330 1291 imminebant
2368 1237 2681 1289 tentationcs
2721 1250 2970 1303 generoso
2998 1241 3206 1302 pectore
3226 1232 3600 1301 perferremus,
3632 1230 3915 1283 ﬂaminica:

662 1317 804 1373 illius
839 1336 1093 1375 memores
1124 1324 1414 1382 sententiw.
1449 1326 1573 1393 quia
1605 1343 1623 1375 ι
1656 1335 1881 1393 angusta
1921 1334 1996 1379 est
2030 1334 2206 1393 porta,
2230 1332 2279 1377 et
2300 1332 2450 1378 arcta
2478 1325 2562 1375 via
2588 1338 2708 1391 qua:
2729 1322 2870 1374 ducit
2887 1321 2957 1373 ad
2986 1322 3168 1382 vitam,
3197 1329 3308 1375 etc.
3352 1338 3371 1369 ι
3412 1318 3586 1387 Hujus
3608 1318 3790 1385 itaque
3817 1316 3910 1367 cd-

670 1407 1134 1461 monitionirisum
1163 1416 1236 1461 est
1256 1425 1439 1479 gerere
1482 1427 1701 1475 morem,
1733 1427 1894 1481 eoque
1924 1411 2204 1479 (ideoque)
2250 1412 2305 1463 in
2363 1410 2521 1463 laura
2564 1410 2692 1461 duos
2740 1423 2900 1478 prope
2948 1422 3147 1459 menses
3186 1406 3600 1474 permansimus.
3646 1404 3912 1472 Loquitur

659 1491 864 1545 deinde
890 1492 961 1547 de
991 1495 1117 1564 luga
1142 1493 1293 1548 illinc
1320 1494 1386 1548 ad
1420 1496 1566 1549 aliud
1604 1498 2025 1557 monasterium,
2058 1506 2113 1552 et
2139 1496 2266 1551 inde
2296 1495 2363 1549 ad
2391 1496 2561 1559 aliud,
2593 1510 2657 1549 ac
2683 1494 2751 1549 de
2782 1495 2907 1548 aliis
2937 1494 3070 1547 hinc
3100 1492 3229 1546 inde
3252 1491 3555 1560 dispersis;
3586 1499 3645 1543 et
3685 1491 3864 1543 inierit
3888 1505 3913 1540 s

659 1578 864 1633 iterum
898 1578 966 1633 de
1006 1581 1291 1636 monachis
1346 1597 1376 1634 a
1427 1581 1722 1637 Saracenis
1769 1583 1971 1638 occisis
2017 1598 2224 1652 agens:
2276 1582 2547 1645 Numeris,
2586 1582 2785 1651 inquit,
2831 1589 3135 1634 sanctorum
3175 1578 3419 1640 Patrum,
3462 1594 3593 1646 quos
3634 1579 3910 1648 tyrannica

655 1664 873 1721 sustulit
905 1667 1199 1733 impressio,
1222 1676 1295 1721 est
1339 1669 1697 1738 quadraginta
1731 1679 1979 1739 quatuor.
2012 1667 2211 1723 Horum
2259 1672 2510 1723 memoria
2546 1668 2687 1722 Maio
2715 1682 2890 1723 mense
2909 1666 3225 1727 celebratur,
3259 1665 3464 1718 decium
3498 1666 3687 1733 quinta
3723 1680 3909 1717 mensis

656 1751 758 1807 die.
803 1752 1138 1821 Eorumdem
1166 1763 1469 1826 martyrum
1504 1757 1827 1811 memoriam
1857 1757 1993 1810 colit
2017 1756 2265 1811 Ecclesia
2292 1757 2347 1810 in
2377 1753 2755 1826 Martyrologio
2790 1753 3029 1807 Romano
3055 1751 3147 1806 die
3194 1751 3259 1805 l6
3287 1750 3434 1813 Maii,
3462 1750 3551 1805 his
3581 1751 3769 1805 verbis
3801 1767 3814 1800 :
3846 1749 3905 1803 In

654 1836 948 1893 Palestina
973 1842 1147 1911 passio
1170 1852 1475 1896 sanctorum
1534 1830 1912 1897 monachorum
1943 1860 1976 1896 a
2010 1840 2302 1898 Saracenis
2330 1842 2386 1895 in
2429 1840 2585 1894 laura
2626 1840 2800 1894 sancti
2843 1836 2996 1893 Saba
3050 1839 3479 1906 interfectorum.
3513 1837 3651 1890 Dum
3691 1852 3820 1889 vero
3854 1838 3903 1889 hi

668 1924 1109 1989 coronabantur,
1142 1928 1369 1997 quidam
1404 1929 1712 1984 monachus
1741 1928 1951 1984 Sinaita
1980 1929 2149 1984 modo
2185 1929 2415 1983 terribili
2448 1929 2635 1996 lapsus
2677 1936 2784 1982 est.
2816 1927 2952 1982 Rem
2990 1928 3072 1981 sic
3093 1926 3362 1981 describit
3417 1925 3564 1979 idem
3600 1924 3905 1978 Antiochus

654 2010 850 2067 bomil.
882 2013 972 2077 εκ
1005 2015 1150 2083 apud
1188 2015 1508 2078 Baronium,
1554 2016 1689 2071 ibid.
1728 2033 1785 2070 n.
1812 2017 1882 2071 30
1917 2034 1935 2071 :
1968 2016 2107 2078 Fuit,
2142 2016 2343 2085 inquit,
2376 2015 2434 2068 in
2485 2022 2660 2067 monte
2679 2012 2811 2068 Sina
2860 2015 3147 2068 monachus
3174 2015 3412 2082 quidam,
3440 2014 3529 2083 qui
3552 2012 3756 2065 celebre
3778 2013 3904 2065 adeo

654 2100 815 2154 edidit
849 2116 961 2155 sua:
991 2104 1334 2156 continentia:
1371 2104 1654 2173 specimen,
1686 2115 1742 2157 ut
1768 2106 1821 2171 in
1852 2104 2046 2157 cellula
2075 2096 2266 2157 multos
2296 2104 2483 2155 riserit
2531 2118 2698 2155 annos
2724 2100 2978 2154 inclusus.
3018 2098 3291 2154 Postremo
3338 2098 3657 2167 multifariis
3701 2096 3904 2151 rerela-

654 2184 877 2238 tionibus
898 2186 1115 2250 diaboli,
1148 2198 1195 2240 et
1227 2188 1501 2242 insomniis
1530 2190 1740 2250 illusus.
1767 2191 1837 2242 ad
1858 2190 2194 2244 Judaismum
2216 2190 2462 2258 delapsus
2488 2196 2584 2250 est,
2629 2198 2677 2241 et
2711 2190 2887 2242 carnis
2922 2190 3390 2241 circumcisionem.
3421 2186 3559 2240 Cum
3594 2188 3760 2255 igitur
3788 2186 3902 2238 dia-

653 2271 803 2326 bolus
823 2274 943 2326 huic
964 2273 1248 2328 identidem
1282 2292 1404 2328 uera
1432 2278 1673 2346 qua’daot
1712 2277 1971 2330 insomnia
1994 2278 2421 2336 demonstrasset,
2453 2288 2500 2327 et
2536 2274 2696 2328 veluti
2729 2276 2934 2345 objecta
2977 2274 3223 2328 illecebra
3249 2276 3529 2341 inescasset
3558 2272 3707 2326 illius
3730 2274 3901 2326 obscu-

654 2365 831 2412 ratam
855 2369 1076 2413 mentem
1097 2403 1109 2425 ,
1150 2363 1426 2415 uorissime
1456 2363 1620 2416 oculis
1653 2362 1795 2417 illius
1838 2365 2011 2434 objicit
2039 2366 2303 2433 copiosam
2334 2363 2545 2417 turbam
2579 2362 2959 2431 apostolorum,
2984 2374 3304 2433 martyrum,
3355 2361 3694 2433 aliorumque
3738 2362 3903 2413 omnis

650 2447 856 2513 generis
881 2445 1307 2501 Christianorum
1342 2451 1667 2504 densissimis
1698 2451 1940 2513 tenebris,
1982 2458 2030 2502 ct
2081 2450 2221 2502 omni
2252 2450 2497 2503 dedecore
2522 2449 2824 2519 appletam:
2862 2459 3013 2519 parte
3049 2451 3309 2519 opposita,
3349 2447 3551 2513 Mosen,
3590 2447 3897 2516 Prophetas,

652 2531 905 2601 papillam
932 2549 1136 2604 quoque
1160 2534 1495 2597 Juda'orum,
1532 2537 1637 2589 “£0
1665 2536 1863 2608 alioqui
1893 2538 2119 2591 inrisum
2153 2550 2357 2597 tsermo
2377 2540 2462 2591 e’st
2493 2536 2563 2591 de
2586 2536 2790 2591 Judmis
2809 2553 2957 2592 nunc
2983 2537 3272 2606 temporis)
3306 2537 3455 2607 oﬁ'ert
3496 2535 3778 2606 splendida
3808 2538 3900 2588 ad-

652 2620 865 2675 modum
910 2620 1025 2674 luce
1065 2626 1388 2693 conspicuos,
1417 2626 1572 2695 inun
1607 2626 1803 2695 gaudio
1831 2635 1877 2677 et
1910 2626 2183 2679 hilaritate
2211 2632 2371 2679 ritum
2418 2623 2771 2677 traducentes.
2800 2623 2925 2677 Hinc
2947 2640 3067 2677 cum
3104 2632 3387 2695 spectasset
3417 2627 3604 2687 miser,
3634 2640 3664 2676 e
3691 2625 3899 2691 vestigio

646 2708 897 2771 surrexit,
930 2709 1279 2780 derclictoque
1302 2722 1481 2765 sancto
1517 2712 1610 2765 illo
1636 2720 1830 2771 monts,
1864 2714 1917 2772 in
1947 2712 2292 2768 Pula'stinam
2317 2729 2478 2783 usque
2507 2713 2760 2781 peracuit,
2795 2722 3044 2783 rectaque
3092 2713 3390 2767 conscendit
3425 2712 3481 2765 in
3520 2710 3710 2766 Noara
3734 2721 3784 2765 et
3808 2710 3895 2765 Lio

647 2794 869 2873 byndem
892 2794 1041 2864 asyla
1078 2794 1406 2850 Juda'orum.
1451 2796 1577 2853 Cum
1606 2800 1778 2865 (vero)
1806 2801 1915 2854 istis
1938 2800 2273 2854 denarrasset
2295 2818 2414 2870 qua:
2440 2802 2537 2856 sibi
2568 2802 2690 2855 visa:
2708 2800 2919 2871 fuerant
2952 2800 3238 2855 diabolicas
3276 2802 3661 2873 apparitioues,
3680 2802 3897 2854 circum-

646 2883 785 2934 cisus
810 2891 907 2945 est,
925 2899 988 2935 ac
1030 2883 1296 2953 professus
1315 2884 1679 2950 Judaismum,
1714 2888 1915 2956 accepit
1965 2903 2205 2951 uxorem,
2256 2889 2415 2958 inque
2469 2891 2701 2943 omnium
2752 2898 3029 2959 prospectu
3081 2888 3327 2942 adversus
3360 2886 3695 2942 Christianos
3741 2886 3894 2939 edidit

646 2969 922 3039 dogmata,
948 2981 1316 3041 propugnator
1341 2972 1510 3041 (actus
1535 2973 1774 3028 Iudaica'
1805 2976 2211 3044 superstitionis.
2237 2975 2391 3047 Hunc
2418 2992 2511 3047 ego
2534 2976 2658 3040 ridi,
2684 2976 2865 3046 pergit
2891 2975 3218 3040 Antiochus,
3258 2992 3321 3029 ac
3350 2974 3593 3045 plerique
3616 2974 3892 3027 monacho-

644 3071 787 3121 rum,
820 3052 1149 3126 nequeenim
1180 3070 1409 3129 quatuor
1433 3063 1561 3115 anni
1586 3071 1707 3115 sunt
1730 3080 1761 3116 a
1792 3073 1959 3116 morte
1988 3063 2131 3117 illius
2160 3080 2264 3135 qua
2289 3066 2478 3117 misere
2502 3072 2783 3136 perruptas
2824 3070 2922 3117 est.
2976 3061 3228 3117 Catharri
3252 3063 3393 3115 enim
3438 3063 3759 3131 proﬂuuium
3790 3060 3887 3113 ali-

646 3143 859 3214 quando
881 3162 1090 3214 passus,
1118 3154 1165 3197 et
1190 3149 1444 3201 vermium
1471 3150 1743 3202 arrosione
1767 3150 2134 3204 contabesceus
2160 3152 2469 3221 exspiravit.
2495 3151 2647 3207 Hunc
2683 3167 2801 3205 cum
2831 3152 3137 3206 vidissemus
3160 3164 3254 3219 ego
3280 3156 3331 3201 et
3360 3147 3457 3202 alii
3485 3147 3694 3219 aliquot
3716 3163 3891 3201 mons-

649 3232 753 3294 chi,
785 3234 1014 3301 correpti
1051 3235 1261 3298 timore,
1296 3235 1498 3304 ingenti
1525 3252 1642 3288 cum
1670 3234 1811 3289 luctu
1846 3236 2125 3292 lamentati
2140 3253 2341 3292 sumus.
2374 3239 2505 3293 Erat
2530 3238 2585 3292 id
2610 3254 2741 3292 sane
2770 3256 2932 3309 quam
2964 3235 3267 3292 miserabile
3292 3234 3679 3306 spectaculum.
3704 3233 3791 3287 Vir
3812 3235 3892 3287 hic

648 3328 787 3372 totus
821 3320 1139 3372 incanuerat
1170 3321 1224 3373 in
1257 3323 1551 3375 monastica
1573 3324 1967 3382 exercitatione,
1994 3335 2442 3396 consenueratque
2472 3324 2739 3381 laboribus
2766 3326 3001 3384 attritus,
3029 3334 3077 3377 et
3096 3324 3141 3377 is
3176 3323 3391 3376 tandem
3433 3338 3553 3375 cum
3587 3321 3887 3376 mulieribus

636 3405 945 3479 jocabatur,
981 3406 1382 3459 immundarum
1406 3410 1673 3471 carnium,
1710 3425 1896 3479 nempe
1917 3409 2285 3473 Iudaicarum,
2325 3419 2478 3479 gustu
2503 3426 2560 3463 se
2601 3410 2920 3480 defwdabat,
2943 3417 2993 3462 et
3027 3410 3363 3478 inquinabat,
3400 3407 3561 3462 verba
3586 3406 3887 3476 loquebatur

645 3495 866 3548 obscena
886 3502 935 3547 et
970 3494 1259 3563 impudica,
1285 3494 1682 3563 blasphemabat
1717 3496 2005 3557 Christum,
2038 3495 2296 3567 Spiritum
2341 3504 2584 3549 sanctum
2637 3513 2741 3550 non
2789 3496 3083 3550 tolerandis
3127 3494 3385 3566 aﬂiciebat
3430 3493 3769 3547 contumeliis
3792 3509 3811 3546 :
3834 3500 3887 3545 et

644 3583 781 3634 hunc
830 3590 1007 3635 tamen
1036 3581 1148 3635 .illi
1202 3584 1314 3637 sine
1368 3582 1478 3654 lege
1505 3583 1681 3637 Iudici
1732 3585 2022 3639 secundum
2059 3585 2316 3640 vocabant
2355 3582 2649 3637 Abraham.
2693 3582 2821 3638 Haec
2854 3581 3168 3639 Antiochus
3239 3589 3279 3639 t.
3316 3580 3335 3634 1
3369 3579 3509 3634 Bibl.
3537 3578 3697 3634 Patr.
3723 3578 3880 3636 Cras.

644 3683 704 3741 ι».
734 3667 863 3721 tl6-l
893 3676 950 3721 et
974 3684 1091 3737 seq.

713 3754 973 3818 Cosroes,
1009 3763 1069 3809 ut
1092 3756 1302 3810 dictum
1326 3766 1431 3821 est,
1470 3758 1680 3829 lignum
1704 3766 1907 3814 sancta
1940 3759 2148 3823 crucis,
2175 3756 2323 3828 quod
2354 3757 2753 3828 Hierosolymis
2781 3757 3128 3824 servabatur,
3164 3756 3218 3811 in
3260 3755 3545 3811 Persidem
3582 3753 3881 3809 transtulit.

642 3841 750 3896 Sed
781 3843 940 3912 plane
974 3843 1341 3899 admiratione
1363 3846 1590 3916 dignum
1623 3846 1757 3901 illud
1786 3846 1910 3911 fuit,
1942 3846 2124 3916 inquit
2162 3845 2434 3900 Baronius
2458 3861 2625 3915 supra
2662 3845 2885 3911 citatus,
2922 3861 2979 3899 η.
3008 3844 3099 3910 32,
3145 3844 3376 3913 impium
3424 3841 3711 3897 hominem
3754 3841 3884 3897 adeo

641 3944 765 3983 esse
795 3930 1101 3983 reveritum.
1124 3931 1320 3985 salutis
1353 3941 1557 3987 nostrae
1614 3942 1902 4004 tropicum,
1939 3944 1997 3988 ut
2050 3948 2153 3988 nec
2184 3948 2353 3989 ausus
2390 3932 2556 3988 fuerit
2598 3935 2667 3988 ab
2703 3934 2816 4003 ipsa
2850 3934 3032 3997 theca,
3052 3948 3161 4002 qua
3213 3932 3599 4002 operiebatur,
3632 3931 3880 4000 signacu-

645 4032 758 4069 tn-m
790 4031 1071 4083 amovere,
1105 4026 1162 4072 et
1195 4019 1348 4073 clave
1382 4020 1626 4089 aperire,
1659 4031 1718 4076 ut
1741 4022 1823 4075 vel
1854 4021 1987 4076 illud
2029 4022 2356 4091 inspiceret;
2391 4021 2485 4075 scd
2518 4022 2718 4076 timore
2747 4020 3187 4090 perculsum,uti
3229 4020 3286 4075 in
3316 4028 3681 4073 sacrosancto
3702 4015 3879 4086 templi

641 4102 765 4157 loco
782 4105 1200 4168 asservabatur,
1234 4106 1428 4160 eodem
1464 4107 1629 4161 modo
1654 4108 1707 4162 in
1740 4107 2018 4163 Persidem
2043 4108 2285 4163 voluisse
2321 4110 2645 4171 transferre,
2679 4109 2850 4163 veluti
2882 4108 3106 4163 demum
3137 4109 3407 4162 intactum
3450 4107 3878 4177 Hierosolymam

643 4199 987 4260 reportatum
1046 4190 1151 4245 fuit
1189 4209 1202 4246 :
1234 4192 1380 4263 quod
1401 4202 1636 4249 testatus
1661 4204 1745 4249 est
1769 4194 2048 4249 Modestus
2077 4194 2583 4268 Hierosolymorum
2613 4195 2949 4267 patriarcha,
2984 4196 3117 4250 item
3139 4209 3360 4266 quoque
3385 4194 3687 4249 universus
3709 4194 3884 4248 clerus

646 4276 906 4331 [Ecclesiae
941 4276 1471 4350 liierosolymilanm.
1499 4281 1690 4339 Tradit
1718 4281 1833 4336 haec
1866 4281 2052 4336 omnia
2078 4281 2278 4336 Suidas
2324 4284 2380 4338 in
2413 4283 2690 4339 Heraclio.
2717 4284 2891 4338 Porro
2921 4283 3178 4336 observat
3221 4281 3420 4337 Baron.
3466 4281 3613 4336 idem
3644 4280 3713 4334 ad
3755 4294 3877 4332 ann.

643 4369 769 4431 629.,
802 4386 859 4433 ῃ.
893 4370 943 4434 l,
980 4385 1046 4423 ex
1081 4386 1191 4439 quo
1222 4380 1409 4426 sancta
1442 4371 1588 4427 Crux
1611 4364 1767 4442 capta
1796 4389 1825 4426 a
1854 4373 2033 4427 l’crsis
2053 4372 2177 4437 fuit,
2200 4380 2257 4426 et
2287 4371 2340 4425 in
2374 4371 2656 4426 Persidem
2684 4368 3141 4440 asportata,hanc
3171 4385 3270 4424 sua
3313 4370 3561 4439 potentia
3583 4408 3597 4433 ,
3631 4370 3743 4421 imo
3770 4368 3881 4437 ejus

641 4456 735 4524 qui
767 4457 819 4509 in
850 4471 914 4511 ea
946 4472 1142 4526 passus
1168 4466 1252 4512 est
1272 4458 1474 4514 virtute
1499 4501 1513 4524 ,
1542 4460 1805 4514 Romanis
1835 4460 2025 4528 plures
2062 4459 2148 4514 ins
2170 4475 2412 4529 guesque
2440 4460 2746 4516 contulisse
2775 4458 3071 4523 victorias;
3100 4473 3131 4512 e
3172 4467 3364 4511 contra
3398 4473 3531 4511 veto
3566 4457 3763 4510 Persas
3801 4470 3882 4507 re-

641 4544 878 4614 portatis
912 4546 1277 4615 plurimorum
1304 4563 1575 4602 annorum
1606 4550 1826 4618 tropmis
1848 4549 2144 4603 admodum
2174 4549 2348 4610 elatos
2369 4544 2733 4615 depressisse,
2770 4556 3077 4609 eorumque
3113 4554 3297 4609 regem
3328 4540 3579 4594 Cosroen
3609 4536 3877 4594 horrenda

642 4644 821 4687 morte
852 4634 1137 4688 multasse.
1172 4635 1303 4689 Item
1330 4635 1394 4689 ad
1426 4652 1630 4690 annon)
1656 4636 1780 4701 617,
1807 4653 1865 4695 η.
1895 4638 1987 4699 ‘25,
2020 4636 2277 4691 Heraclio
2306 4631 2632 4703 imperatori
2657 4630 2844 4685 crucis
2871 4629 3082 4682 virtute
3123 4627 3337 4692 datum,
3368 4636 3427 4681 ut
3455 4638 3617 4695 longe
3665 4625 3880 4696 praecla-

645 4720 764 4773 rius
785 4736 948 4789 quam
970 4721 1155 4790 quivis
1187 4732 1313 4777 ante
1343 4722 1716 4778 Romanorum
1750 4724 2049 4794 imperator
2078 4725 2153 4779 de.
2200 4724 2413 4778 victore
2457 4720 2686 4783 Cosroe,
2709 4718 2803 4787 qui
2834 4726 2892 4771 et
2944 4717 3091 4770 vinci
3131 4731 3293 4786 posse
3350 4731 3463 4768 non
3529 4713 3875 4776 credebatur,

643 4807 1087 4877 triumphaverit,
1118 4808 1331 4863 iteratis
1360 4807 1571 4864 scilicet
1589 4825 1687 4880 per
1715 4826 1888 4865 annos
1909 4820 2119 4883 septem
2151 4810 2419 4872 victoriis,
2437 4823 2672 4878 quarum
2702 4819 2869 4860 causa
2892 4819 2991 4873 per
3010 4818 3185 4857 annos
3214 4802 3464 4873 singulos
3497 4801 3701 4871 singuli
3728 4809 3877 4856 erant

640 4893 744 4963 ipsi
788 4894 1122 4950 decernendi
1146 4896 1430 4963 triumphi.

713 4982 905 5037 Exstat
933 4982 987 5036 in
1025 4981 1221 5038 Chron.
1248 4983 1539 5036 Alexantlr.
1578 5000 1702 5055 pag.
1724 4985 1847 5049 398,
1881 4987 1948 5041 ad
1980 5003 2183 5042 annum
2216 4985 2281 5043 £8
2312 4985 2545 5040 lleraclii
2596 4983 2849 5053 imperat.
2886 4982 3093 5039 Christi
3123 4981 3247 5043 (128,
3295 4979 3530 5050 cpistola
3564 4980 3732 5049 hujus
3779 4979 3877 5033 im-

638 5078 815 5140 perat.
842 5069 1007 5124 missa
1040 5068 1576 5140 Constantinopolim
1611 5073 1679 5127 de
1713 5089 1845 5128 nece
1873 5074 2119 5138 Cosrois,
2162 5084 2218 5128 et
2264 5088 2397 5143 pace
2438 5072 2573 5126 inita
2600 5077 2723 5125 cum
2774 5070 2943 5142 Syroe
2978 5073 3099 5139 ejus
3130 5069 3260 5131 lilio,
3287 5082 3410 5137 qua:
3468 5068 3611 5121 lecta
3662 5075 3747 5120 est
3795 5066 3875 5120 die

640 5157 709 5211 15
737 5156 881 5221 Maii,
914 5157 967 5210 in
998 5171 1164 5226 quem
1197 5157 1465 5212 inciderat
1492 5159 1691 5213 festum
1720 5160 1939 5215 Pentcc.
1976 5162 2052 5215 Eo
2085 5178 2231 5216 anno
2269 5160 2479 5216 Pascha
2523 5170 2842 5214 occurrerat
2868 5159 2958 5212 die
2983 5158 3051 5211 27
3098 5157 3256 5210 Mart.
3299 5154 3648 5224 proindeque
3690 5153 3876 5208 Penteo

640 5252 827 5298 costes
856 5243 1041 5297 dietls
1067 5242 1215 5296 Maii.
1248 5243 1379 5297 Eam
1422 5260 1644 5315 quoque
1678 5247 1850 5300 refert
1880 5248 2099 5317 Pagins,
2134 5256 2268 5302 tom.
2299 5248 2364 5313 ll,
2412 5247 2536 5301 crit.
2568 5246 2765 5301 Annal.
2802 5247 2999 5301 Baro".
3033 5245 3098 5299 ad
3154 5257 3359 5298 annum
3392 5242 3522 5303 627,
3551 5256 3705 5296 num.
3736 5242 3798 5294 Η
3824 5251 3876 5292 ct

638 5345 793 5399 seqq.
826 5328 918 5384 Sic
944 5329 1136 5398 incipit
1164 5347 1176 5382 :
1212 5329 1418 5384 Decimo
1436 5336 1617 5384 octavo
1647 5348 1785 5384 anno
1809 5334 2014 5402 imperii
2038 5334 2288 5396 Ileraclii,
2326 5344 2437 5404 post
2458 5333 2809 5396 consulatum,
2845 5334 2907 5387 i7
2933 5332 3153 5406 etc.,'l5
3181 5331 3310 5385 Maii
3344 5331 3541 5384 mensis
3571 5330 3677 5391 dir,
3711 5329 3806 5398 fer.
3828 5330 3875 5394 l.

639 5419 755 5485 ipso
781 5416 1109 5470 Pentecostes
1147 5415 1297 5485 festo,
1328 5416 1473 5472 lecta:
1493 5428 1615 5472 sunt
1652 5434 1715 5473 ex
1741 5420 1961 5473 amboue
1993 5422 2043 5474 in
2078 5422 2413 5478 sanctissima
2448 5422 2642 5492 Magna
2677 5422 2893 5476 ecclesia
2929 5422 3119 5476 litteris
3144 5422 3317 5475 missae
3347 5436 3409 5474 es:
3435 5419 3653 5475 Oriente
3684 5420 3748 5473 ab
3786 5416 3873 5473 He-

637 5505 807 5561 raclio
834 5506 1068 5575 piissimo
1098 5507 1414 5576 imperatore
1442 5517 1638 5571 nostra,
1667 5524 1783 5578 qua!
1814 5508 2020 5563 Cosroaz
2046 5527 2249 5571 casum,
2273 5518 2321 5563 et
2352 5512 2811 5580 inaugurationem
2839 5508 3019 5579 Syroa:
3050 5508 3337 5563 Persarum
3373 5509 3513 5578 regis
3544 5509 3871 5567 nuntiabant.

638 5594 777 5650 hisce
795 5596 957 5651 verbis
991 5604 1272 5665 conceptaz.
1303 5613 1320 5645 ι
1358 5595 1636 5650 Exsultate
1668 5596 1792 5662 Dco,
1826 5599 1995 5651 omnis
2028 5608 2194 5663 terra,
2229 5618 2247 5648 ι
2275 5605 2381 5653 etc.
2422 5615 2437 5643 ι
2474 5596 2739 5650 La'tentur
2760 5595 2872 5649 εωΙὶ
2897 5605 2946 5649 et
2971 5593 3188 5649 exsultet
3218 5604 3384 5657 terra,
3409 5605 3457 5648 et
3480 5596 3663 5648 omnia
3694 5594 3873 5665 qnzin

638 5682 714 5739 eis
744 5691 887 5737 sunt.
910 5702 928 5734 ι
962 5681 1031 5737 Et
1053 5698 1231 5737 omnes
1260 5680 1547 5738 Christiani
1574 5682 1852 5739 laudantes
1882 5693 1931 5738 et
1959 5685 2313 5739 benedicentes
2336 5685 2536 5756 gratias
2573 5698 2793 5752 agamus
2816 5681 2915 5736 soli
2944 5681 3075 5745 Deo,
3111 5692 3219 5738 etc.
3257 5701 3274 5734 ε
3300 5680 3500 5737 Cecidit
3532 5682 3673 5735 enim
3700 5695 3874 5750 super-

646 5775 740 5827 bus
755 5779 801 5827 ct
815 5769 1097 5841 perduellis
1122 5770 1219 5828 Dei
1252 5768 1491 5827 σθω-ρει.
1545 5768 1761 5839 Cecidit,
1793 5782 1839 5824 et
1882 5772 2248 5843 pracipitatus
2284 5781 2357 5827 est
2395 5770 2463 5826 ad
2500 5770 2716 5841 inferos,
2755 5779 2803 5824 ct
2832 5768 3000 5824 deleta
3036 5778 3111 5825 cst
3136 5770 3199 5825 de
3236 5758 3379 5824 terris
3424 5769 3687 5830 mensoris
3752 5768 3872 5837 ejus.
