4082 6486
165 364 297 426 39ῗὸ
1612 373 1777 434 ΝΟἸῚ

1808 375 1947 434 ῙῚΑ.

169 478 532 545 Superbusille
569 490 616 533 et
644 479 858 548 loquens
883 483 1217 551 iniquitatem
1243 486 1296 538 in
1324 487 1569 556 superbia
1591 497 1640 539 et
1669 496 1970 556 contemptu
1998 486 2246 540 adversus
2281 483 2345 539 D.
2385 484 2452 540 Ν.
2490 483 2544 540 Ι.
2581 483 2640 538 C.
2691 493 2875 539 verum
2910 483 3097 548 Deum,
3126 493 3176 538 ct
3199 486 3413 539 inteme-

169 573 337 616 ratum
369 565 486 634 ejus
511 575 733 618 matrem
762 566 1084 624 benedictum
1107 571 1391 624 Dominam
1427 581 1666 625 nostrant
1696 573 1788 626 Dei
1821 575 2133 630 Cenitricem
2172 590 2480 643 semperque
2521 571 2791 641 Virginem
2824 573 3075 627 Mariam.
3119 573 3286 627 Periit
3319 575 3412 627 im-

167 652 278 716 p-‘us
305 668 419 702 cum
455 655 650 706 sonitu.
685 652 975 712 Conversus
1009 668 1085 712 est
1113 658 1262 712 labor
1291 661 1403 729 ejus
1425 662 1479 712 in
1501 669 1657 728 caput
1691 661 1828 728 ejus,
1865 670 1913 713 et
1942 662 1995 714 in
2026 663 2270 714 verticem
2297 661 2560 730 iniquitas
2589 662 2708 730 ejus
2741 660 3026 713 descendit.
3058 660 3195 714 Nam
3234 660 3303 713 24
3327 660 3420 713 πμ

165 739 343 791 bruar.
373 739 628 806 prieteriti
665 743 878 804 mensis,
909 746 1082 810 prima
1107 747 1406 808 indictione,
1442 747 1696 798 seditione
1724 747 1774 798 in
1801 765 1918 800 eum
1969 756 2108 799 ntota
2143 748 2205 800 ab
2233 748 2396 815 ipsius
2425 745 2538 809 ﬁlio
2575 745 2921 814 primogenita
2945 743 3132 814 Sgrae,
3166 745 3396 818 quentad

165 827 370 876 modum
401 826 453 876 in
486 825 595 878 alia
621 827 861 896 jussione
882 829 956 897 (id
983 842 1066 884 est
1087 832 1366 899 cpistoim,
1400 834 1538 885 volt-is
1572 835 1926 896 exposuimus,
1963 833 2258 887 Persarum
2285 833 2527 885 omnibus
2557 832 2858 901 proceribus
2891 849 2953 884 ac
2994 833 3238 885 universo
3268 848 3422 883 exer-

164 910 286 970 citu,
312 913 578 979 copiisque
612 930 674 964 ex
708 916 869 968 variis
901 919 1197 986 regionibus
1227 920 1516 979 conductis,
1559 920 1622 971 ab
1653 920 1970 972 exsecranda
1995 920 2185 974 Cosroe
2208 925 2276 972 ad
2305 928 2485 989 partes
2535 918 2744 987 Syram,
2770 935 2887 971 cum
2920 917 3276 988 Curdanaspa
3296 917 3424 971 Per-

161 999 252 1050 sici
277 1002 533 1053 exercitus
565 1002 710 1068 prius
736 1003 865 1054 duce
916 1007 1331 1062 transeuntibus.
1357 1008 1491 1059 idem
1518 1007 1622 1060 Deo
1650 1009 1846 1060 invisus
1877 1007 2115 1068 Cosroes,
2157 1010 2280 1059 dunt
2307 1008 2487 1074 fugam
2521 1008 2830 1067 meditatur,
2880 1012 3086 1074 captus,
3121 1006 3427 1074 vinctusque

161 1084 214 1136 in
246 1102 435 1139 novum
477 1088 779 1149 castellum,
819 1090 882 1142 ab
913 1093 1131 1160 ipsomet
1166 1093 1236 1144 ad
1257 1094 1616 1146 recondendus
1653 1095 2047 1162 servandasque
2071 1095 2131 1146 ab
2158 1111 2216 1146 eo
2247 1093 2492 1146 collectas
2524 1094 2773 1160 pecunias
2802 1104 3120 1144 exstructum
3157 1093 3424 1161 conjectus

162 1179 250 1222 est.
282 1171 536 1224 Vieesima
572 1177 754 1242 quinta
789 1187 965 1228 autent
1005 1180 1244 1247 ejusdem
1293 1197 1357 1231 ml
1380 1182 1484 1230 nsz's
1515 1179 1770 1236 Ebruar,
1803 1179 1967 1250 Syros
1993 1191 2266 1243 coronato,
2290 1191 2338 1254 et
2363 1197 2482 1250 rege
2539 1180 2826 1232 Persarum
2870 1181 3214 1248 inaugurato,
3255 1197 3318 1232 ac
3354 1178 3430 1234 28

164 1257 394 1324 ejusdem
415 1263 608 1314 mensis
634 1279 751 1314 cum
781 1263 886 1315 Deo
914 1281 1100 1317 exosus
1125 1266 1347 1341 Cosroes
1370 1276 1563 1335 quarta
1576 1284 1623 1318 ιη
1640 1268 1759 1335 jant
1785 1268 1925 1320 dir-ni
1961 1270 2014 1321 in
2051 1267 2295 1331 vinculis,
2334 1269 2571 1320 omnibus
2614 1267 2949 1319 excruciatus
2982 1263 3272 1328 doloribus,
3300 1282 3427 1319 etre-

164 1345 336 1410 gisset,
370 1347 644 1416 ingratum
677 1349 852 1411 illum,
877 1360 924 1402 et
951 1350 1276 1417 perduellem
1309 1353 1425 1413 Dei,
1457 1354 1844 1422 superbumque
1875 1373 1937 1406 ac
1971 1356 2334 1423 blasphemum
2369 1355 2599 1409 Cosroen
2647 1354 2985 1406 acerbissimo
3017 1355 3202 1406 mortis
3239 1369 3424 1423 genere

165 1428 347 1499 Syroes
377 1433 617 1496 sustulit,
649 1436 723 1487 uti
747 1436 901 1489 sciret
929 1436 1116 1490 Iesum
1145 1455 1206 1490 ex
1235 1439 1409 1492 Maria
1437 1450 1643 1500 natum,
1677 1448 1726 1490 et
1748 1457 1779 1492 a
1804 1440 2006 1495 Juda'is
2045 1442 2380 1509 cruciﬁxum,
2411 1443 2857 1512 quemadmodum
2897 1443 3010 1508 ipse
3038 1445 3347 1510 scripserat,
3377 1449 3425 1493 et

165 1533 314 1586 quem
342 1522 586 1574 conviciis
610 1524 1337 1593 incesserat,omnipotentem
1366 1543 1476 1578 esse
1493 1525 1678 1588 Deum,
1697 1526 1878 1596 illique
1905 1530 2206 1594 retribuere,
2226 1539 2380 1598 prout
2410 1547 2439 1581 a
2469 1531 2612 1581 nobis
2638 1531 2738 1598 ipsi
2766 1530 3082 1595 rescriptum
3111 1529 3330 1595 fuerat,t
3350 1535 3431 1583 te.

166 1603 227 1657 In
253 1605 362 1658 alia
401 1616 581 1661 autem
603 1627 633 1660 a
660 1610 804 1675 nobis
846 1611 970 1663 data
997 1614 1138 1665 vobis
1162 1613 1425 1682 jussione,
1453 1630 1516 1665 ex
1551 1614 1740 1666 castris
1760 1615 1953 1666 nostris
1993 1616 2061 1666 ad
2085 1614 2351 1677 Canzaca,
2405 1630 2523 1683 qua:
2571 1615 2906 1667 continebant
2946 1621 3068 1667 acta
3117 1633 3150 1668 a
3186 1615 3249 1668 l7
3280 1613 3430 1668 Octo-

166 1695 290 1757 bris,
319 1711 485 1764 usque
511 1701 580 1749 ad
606 1698 672 1751 15
691 1697 896 1761 Ηανιὶί,
921 1700 1336 1770 signiﬁcavimus
1364 1741 1377 1764 ,
1408 1719 1509 1771 quo
1536 1709 1690 1770 pacto
1714 1700 1873 1762 Deus,
1906 1709 1955 1752 et
1997 1700 2221 1756 Domina
2252 1711 2432 1755 nostra
2464 1700 2721 1770 Deipara,
2748 1702 2917 1760 nobis.
2963 1701 3275 1771 Christoque
3299 1701 3422 1755 dile-

166 1781 259 1833 ctis
281 1782 443 1850 copiis
472 1786 664 1837 nostris
701 1788 1042 1851 succurrerit,
1071 1796 1118 1839 et
1147 1788 1405 1856 quomoda
1425 1790 1478 1841 in
1511 1790 1624 1856 ipso
1645 1796 1918 1855 conspectu
1949 1797 2128 1840 nostra
2159 1787 2267 1841 Dea
2298 1803 2481 1842 exosus
2508 1827 2524 1850 ,
2547 1797 2596 1840 et
2621 1804 2648 1839 e
2683 1788 2887 1840 tumulo
2919 1789 3255 1856 refodiendus
3278 1788 3430 1859 (sive

167 1888 195 1924 ε
225 1874 578 1942 sterquilinio
604 1874 859 1936 emissus,
886 1885 945 1929 ul
968 1875 1133 1932 habet
1167 1877 1388 1945 Pagins;
1427 1875 1646 1931 Casroes
1675 1893 1706 1928 a
1741 1874 2215 1944 Dastagerchosate
2249 1876 2316 1926 ad
2349 1873 2738 1943 Ctesiphontem
2767 1891 2931 1944 usque
2959 1876 3146 1944 fugam
3171 1868 3432 1944 capessie-

169 1960 254 2017 rlt.
279 1977 484 2029 suaque
534 1960 742 2029 palatia
773 1965 1009 2016 amiserit
1040 1980 1161 2016 cum
1187 1966 1338 2033 regni
1366 1963 1558 2017 Persici
1586 1962 1887 2032 provinciis,
1927 1976 1988 2011 ac
2022 1959 2247 2026 denique
2279 1958 2377 2009 hac
2409 1960 2616 2009 ratione
2639 1973 2964 2010 commovere
2996 1959 3247 2011 adversus
3278 1957 3432 2011 illum

165 2047 472 2100 seditionem
490 2047 681 2117 Sgroes
709 2051 960 2118 potuerit.
986 2050 1111 2104 Post
1130 2052 1383 2120 scriptam
1405 2067 1525 2104 vero
1551 2053 1688 2103 hanc
1714 2057 1949 2102 nostram
1968 2047 2286 2116 jussionem,
2310 2060 2529 2112 eamque
2552 2047 2770 2098 missam
2796 2045 2859 2098 15
2877 2046 2959 2097 die
2983 2046 3257 2114 prtesentis
3289 2059 3438 2098 men-

167 2133 234 2185 sis
259 2132 464 2196 Martii,
494 2134 616 2186 dum
647 2151 766 2204 qua:
798 2134 1029 2189 Casroen
1060 2137 1199 2188 ittter
1228 2149 1278 2189 et
1313 2136 1512 2207 Sgroen
1549 2137 1878 2206 postmodum
1914 2133 2226 2198 contigerint
2259 2131 2541 2199 explorare
2588 2134 2907 2200 satagimus,
2959 2133 3131 2184 missis
3173 2135 3230 2186 in
3279 2135 3440 2186 varia

171 2220 304 2284 loca,
335 2230 498 2292 atque
526 2223 595 2274 ad
617 2223 893 2287 Siarsura,
921 2240 1143 2293 parvum
1164 2223 1361 2286 Zabas,
1390 2223 1613 2278 Chalcas
1634 2236 1681 2277 et
1703 2222 1937 2282 Jesdem,
1977 2230 2204 2288 utraque
2257 2220 2361 2277 ria,
2397 2227 2508 2271 tum
2540 2235 2603 2271 ea:
2644 2218 2954 2286 felicissimis
2983 2221 3172 2272 castris
3219 2219 3438 2286 nostris,

171 2317 279 2360 tum
299 2325 363 2362 ea:
402 2306 688 2362 Saracenis
715 2311 803 2378 pio
835 2318 1014 2362 nostro
1049 2311 1270 2379 imperio
1300 2310 1568 2380 subjectis,
1611 2318 1667 2362 ut
1711 2307 2154 2379 quemadmodum
2201 2305 2412 2374 prtefati
2459 2321 2663 2368 sumus,
2702 2317 2873 2359 ntotus
2903 2306 2994 2375 qui
3025 2306 3094 2358 ibi
3124 2314 3268 2368 sunt,
3296 2314 3436 2360 certo

173 2397 502 2454 rcsciremus,
539 2396 877 2449 adduxerunt
911 2396 981 2448 ad
1011 2413 1104 2448 nos
1139 2399 1460 2449 excubitores
1491 2399 1543 2450 in
1574 2405 1753 2450 castra
1785 2395 1852 2448 ad
1884 2394 2130 2447 Cansaca
2178 2394 2397 2446 Persam
2444 2411 2630 2456 unum,
2672 2403 2721 2446 et
2757 2395 2987 2447 alterunt
3039 2395 3371 2459 Armenium,
3400 2410 3438 2449 tt

172 2483 355 2551 quibus
377 2491 625 2551 porrecta
655 2485 798 2536 nobis
830 2493 904 2535 est
937 2483 1158 2552 epistola
1191 2501 1221 2536 a
1251 2484 1482 2550 quodam
1521 2483 1811 2538 Persarum
1839 2485 2123 2536 secretaria
2154 2484 2237 2534 cui
2261 2498 2448 2534 nomen
2473 2492 2548 2534 est
2581 2481 2782 2536 Cosdae
2814 2493 2864 2535 et
2907 2484 3340 2543 Axiantaranan,
3367 2483 3440 2537 ad

172 2585 262 2622 nos
286 2571 632 2637 scripta,qua
655 2572 870 2622 missum
897 2584 952 2621 se
979 2568 1368 2638 significabata
1397 2569 1564 2640 Syros
1613 2571 1668 2622 itt
1716 2569 2006 2623 Persarum
2053 2586 2226 2638 regem
2280 2570 2630 2639 praclamato,
2691 2586 2809 2623 cum
2860 2569 2982 2624 aliis
3031 2571 3352 2641 proceribus,
3391 2584 3442 2624 tt

171 2657 334 2722 ipsius
382 2654 563 2725 Syrais
619 2656 688 2709 ad
736 2673 849 2710 nos-
883 2656 1071 2709 litteris
1117 2674 1135 2711 :
1171 2673 1392 2726 cumque
1445 2659 1515 2711 ad
1561 2658 1764 2711 Armati
1788 2659 2122 2726 pervenisset,
2153 2658 2320 2708 visum
2347 2656 2444 2708 sibi
2465 2673 2576 2709 esse
2601 2667 2656 2708 ut
2711 2657 2842 2709 duos
2899 2659 3026 2711 istos
3071 2659 3208 2711 viros
3234 2658 3304 2711 ad
3344 2674 3441 2712 nos

180 2746 428 2805 mitteret,
456 2760 557 2811 quo
610 2744 837 2797 vicissim
893 2760 1050 2810 seque
1100 2761 1162 2796 ac
1221 2745 1388 2797 socios
1425 2752 1562 2797 tutas
1591 2743 1979 2814 incolumesque
2034 2743 2370 2805 deducerent,
2426 2761 2457 2796 a
2524 2744 2669 2796 nobis
2741 2744 3096 2796 mitterentur.
3155 2744 3220 2798 Ut
3267 2756 3444 2798 autem

174 2829 324 2882 illum
375 2829 475 2884 sibi
524 2822 706 2882 timere
753 2829 1130 2895 intelleximus,
1188 2846 1252 2883 ex
1300 2847 1359 2883 eo
1409 2833 1550 2901 quod
1608 2833 1659 2884 in
1715 2831 1901 2883 itinere
1964 2829 2134 2882 multa
2175 2829 2456 2883 Persarum
2493 2831 2782 2894 cadavera,
2817 2847 2983 2900 eaqtte
3008 2847 3170 2902 usque
3206 2832 3276 2884 ad
3331 2833 3439 2887 tria

177 2917 386 2970 circiter
447 2915 617 2969 millia
668 2934 700 2968 α
750 2915 1063 2984 felicissimis
1111 2919 1274 2987 copiis
1331 2920 1524 2971 nostris
1574 2917 1971 2985 interfectorum
2029 2932 2209 2968 versus
2245 2915 2465 2968 Narban
2526 2917 2742 2982 videret,
2793 2917 2989 2986 absque
3039 2919 3443 2972 conductoribus

178 3023 267 3058 nos
295 3006 572 3057 convenire
596 3012 898 3058 vereretur:
920 3005 990 3057 25
1018 3005 1252 3074 ejusdem
1285 3005 1445 3058 Mart.
1473 3007 1664 3058 mensis
1687 3006 1755 3057 ad
1779 3005 1897 3057 illos
1922 3009 2164 3056 misimus
2195 3004 2633 3073 gloriosissimum
2669 3007 2984 3074 magistrum
3011 3008 3237 3059 militum
3264 3006 3444 3062 Eliam

177 3099 517 3160 cognomento
544 3090 795 3150 Btrsoca,
833 3099 881 3143 et
908 3091 1488 3158 magniﬁcentissimum
1530 3091 1846 3144 Theodotum
1884 3091 2267 3161 Drungarium,
2308 3107 2424 3141 cum
2459 3090 2660 3142 delecta
2686 3091 2988 3159 juventute,
3014 3109 3076 3144 ac
3101 3094 3284 3161 viginti
3302 3097 3448 3163 equis

179 3181 462 3234 dextrariis
498 3178 629 3233 sella
667 3180 956 3237 instructis.
991 3180 1082 3248 qui
1135 3179 1241 3232 illis
1281 3188 1635 3239 occurrerent,
1669 3195 1856 3239 eosque
1905 3180 1976 3231 ad
2009 3196 2101 3231 nos
2137 3179 2472 3240 deducerent,
2507 3187 2615 3232 etc.
2661 3178 2724 3232 Ut
2755 3195 2876 3232 vero
2916 3179 3044 3231 duos
3085 3178 3207 3232 illos
3243 3182 3381 3233 viros
3415 3199 3448 3233 a

183 3267 345 3338 Sgroe
377 3267 663 3319 Persarum
699 3282 818 3335 rege
849 3268 1031 3318 missas
1067 3269 1356 3335 recepimus
1377 3307 1391 3326 ,
1422 3266 1650 3318 alterum
1679 3283 1742 3318 ex
1767 3267 1849 3324 iis.
1888 3266 2107 3318 Persam
2133 3266 2350 3325 scilicet,
2381 3282 2486 3317 ttna
2508 3282 2623 3317 cum
2660 3265 2782 3318 aliis
2813 3267 2880 3318 ad
2914 3265 3283 3319 Barismanem
3309 3265 3449 3321 Can-

182 3369 432 3406 sacorum
466 3353 866 3420 lprmpnsitutn)
895 3354 984 3420 qui
1011 3371 1041 3404 a
1065 3353 1430 3422 quadraginta
1455 3351 1772 3405 milliaribus
1801 3354 2006 3416 aberat,
2035 3363 2081 3405 et
2107 3355 2159 3405 in
2191 3353 2451 3404 munitum
2477 3352 2759 3405 castellum
2790 3369 2846 3406 se
2874 3353 3164 3406 recluserat
3186 3355 3451 3418 misimus,

183 3442 318 3494 datis
351 3441 423 3494 ad
447 3439 597 3493 illum
632 3442 843 3500 litteris,
877 3443 1059 3509 quibus
1094 3442 1477 3502 mandabatur,
1517 3443 1592 3494 uti
1628 3457 1789 3510 equos
1823 3448 2022 3510 septem
2051 3456 2146 3509 pro
2185 3438 2368 3508 legatis
2401 3449 2641 3507 pararet,
2678 3456 2783 3508 quo
2816 3442 3058 3509 expedite
3098 3459 3160 3494 ac
3183 3443 3296 3507 sine
3337 3441 3451 3496 ulla

184 3529 558 3596 impedimento
604 3528 674 3580 ad
701 3527 904 3597 Syroen
932 3544 1103 3597 regem
1137 3536 1348 3597 possent
1393 3527 1673 3597 proficisci.
1704 3527 2055 3580 liaristnattas
2107 3542 2302 3579 vero...
2335 3534 2384 3578 et
2417 3528 2506 3595 qui
2543 3535 2654 3578 tum
2688 3544 2806 3580 cum
2842 3528 2936 3580 illo
2963 3531 3211 3591 aderant,
3263 3545 3375 3593 nos,
3403 3538 3454 3582 et

185 3611 389 3686 Syroen
432 3613 718 3668 Persarum
752 3631 946 3683 regem,
975 3631 1067 3683 per
1104 3615 1300 3669 multas
1327 3616 1507 3676 horas,
1543 3616 1735 3684 faustis
1768 3616 2240 3668 acclamationibus
2274 3614 2620 3685 laudibusque
2647 3619 2908 3684 prosecuti
2960 3627 3105 3671 sunt.
3162 3619 3206 3672 Α
3258 3618 3454 3688 Legato

188 3703 380 3772 quippe
404 3701 497 3754 illo
529 3701 711 3762 Persa,
737 3701 1060 3770 perduellem
1093 3701 1188 3755 Dei
1217 3702 1448 3755 Cosroen
1483 3703 1721 3772 periisse,
1748 3714 2025 3770 regemque
2053 3696 2254 3768 Sgroen
2285 3697 2678 3768 proclamatum
2715 3701 2964 3753 certiores
2993 3709 3148 3754 erant
3175 3702 3321 3770 facti.
3354 3701 3455 3755 Re-

188 3789 397 3858 scripsit
432 3788 617 3840 deinde
643 3790 788 3841 nobis
822 3788 960 3840 idem
996 3786 1368 3853 Barismanas,
1414 3805 1572 3859 equos
1597 3805 1673 3848 se,
1705 3790 1837 3841 sicut
1865 3805 1896 3839 a
1930 3786 2074 3839 nobis
2110 3787 2424 3838 mandatam
2470 3785 2667 3854 fuerat,
2710 3787 3055 3849 instruxisse,
3087 3796 3282 3842 etcum
3318 3787 3454 3843 alte-

193 3891 310 3928 ram
340 3883 577 3928 nostram
592 3875 889 3944 jussionem
926 3877 1205 3944 acceperit.
1237 3891 1343 3944 qtta
1367 3875 1664 3944 legatorum
1694 3876 1948 3927 adventus
1967 3874 2060 3927 sibi
2089 3873 2506 3942 significaretur,
2525 3889 2578 3924 se
2607 3890 2766 3942 quam
2801 3876 3030 3940 primum
3060 3877 3129 3925 ad
3159 3892 3253 3927 nos
3285 3891 3458 3929 acces-

188 3979 399 4022 surum,
442 3965 690 4031 equisque
737 3962 1008 4028 confestim
1061 3961 1324 4024 adductis,
1366 3963 1530 4031 ofﬁcia
1565 3979 1662 4016 sua
1690 3963 2007 4030 servitiaque
2059 3962 2240 4013 omnia
2290 3961 2677 4028 prtestiturutn.
2712 3959 2844 4012 Cum
2884 3961 3050 4029 igitur
3083 3961 3135 4012 in
3171 3961 3360 4015 iisdem
3390 3964 3460 4016 ad

193 4048 445 4103 Canzaca
480 4050 662 4116 positis
679 4050 866 4101 castris
897 4064 1126 4101 essemus
1154 4050 1348 4102 morati
1382 4066 1544 4118 usque
1583 4049 1650 4100 ad
1680 4049 1712 4100 '5
1745 4053 1936 4101 mensis
1964 4049 2165 4117 Aprilis
2211 4048 2368 4111 diem,
2399 4048 2488 4117 qui
2528 4049 2581 4099 in
2623 4046 2954 4099 Dominicant
2998 4049 3204 4112 incidit,
3250 4050 3461 4102 advenit

195 4136 459 4192 Phaiacus
489 4137 598 4205 regi
630 4155 659 4188 a
689 4137 922 4199 secretis,
956 4138 1044 4205 qui
1075 4147 1121 4188 et
1148 4135 1369 4189 Rharna
1397 4138 1707 4197 vocabatur.
1741 4138 1879 4189 circa
1905 4137 2090 4189 harant
2127 4135 2436 4195 secundam,
2476 4135 2822 4200 eamdemque
2849 4136 2947 4187 hac
2974 4137 3088 4202 ipsa
3133 4138 3262 4188 hora
3309 4153 3461 4190 exce-

193 4228 392 4296 pimus,
433 4223 618 4277 litteris
646 4242 676 4276 a
706 4223 907 4286 Cabata
950 4223 1114 4294 Syros
1143 4224 1550 4278 clementissimo
1593 4225 1878 4278 Persarum
1929 4234 2067 4293 rege,
2101 4239 2220 4292 qua:
2254 4223 2366 4292 ejus
2412 4224 2889 4291 inauguratianem
2943 4223 3305 4286 continebant,
3347 4226 3464 4293 qui-

197 4319 398 4386 busque
421 4316 709 4378 nobiscum,
743 4323 791 4368 et
831 4333 950 4368 cum
972 4317 1152 4385 quovis
1181 4318 1474 4376 hominum,
1503 4332 1683 4383 pacem
1719 4313 1911 4368 habere
1938 4312 2071 4365 velle
2105 4310 2466 4380 signiﬁcabat,
2489 4311 2551 4362 ab
2585 4309 2676 4362 illo
2698 4311 2942 4376 acceptis.
2971 4312 3145 4364 Visum
3177 4328 3300 4380 ergo
3318 4313 3464 4368 nobis

193 4414 270 4458 ett
292 4404 685 4458 clementissimi
720 4401 934 4456 Cabatae
961 4402 1140 4473 Syrois
1177 4402 1484 4455 litterarum
1519 4402 1796 4470 exemplar
1829 4399 1948 4451 huic
1979 4407 2173 4450 nostra:
2205 4397 2274 4449 ad
2296 4412 2384 4448 vos
2425 4397 2646 4458 iussioni
2677 4397 3018 4466 subjungere.
3043 4405 3098 4448 ut
3139 4407 3188 4449 et
3229 4400 3357 4467 quid
3395 4401 3466 4453 ad

194 4493 322 4545 ittas
361 4492 546 4546 deinde
576 4493 1022 4558 rescripserimus.
1054 4489 1348 4546 Mausintus
1381 4507 1501 4546 vero
1527 4491 1704 4544 eodem
1737 4491 1788 4542 in
1823 4490 1932 4544 loco
1959 4498 2255 4543 castrorum
2283 4483 2541 4538 Cansacis
2579 4487 2864 4537 ricinorum
2897 4502 3060 4554 usque
3093 4490 3162 4538 ad
3187 4489 3465 4556 septimum

195 4579 419 4650 Aprilis,
445 4581 539 4633 hoc
559 4588 630 4632 est
651 4579 718 4632 27
738 4579 867 4631 dies.
903 4578 1096 4632 Octavo
1133 4589 1308 4631 autent
1337 4579 1571 4646 ejusdem
1614 4579 1805 4631 mensis
1836 4578 2075 4628 eumdem
2124 4572 2417 4625 Pltaiacutn
2445 4589 2476 4624 a
2519 4573 2751 4628 secretis.
2789 4571 3066 4625 Rharnam
3111 4573 3465 4643 appellatunt,

198 4665 506 4734 honoriﬁce,
538 4678 798 4736 quantunt
829 4665 993 4729 licuit,
1019 4679 1311 4735 acceptum,
1348 4676 1402 4718 ttt
1435 4677 1481 4719 et
1535 4667 1623 4735 qui
1652 4682 1771 4718 cum
1808 4665 1902 4718 illo
1932 4673 2106 4724 erant,
2143 4661 2461 4720 dimisimus,
2495 4669 2605 4713 clc.
2644 4661 2813 4728 Atque
2854 4661 2930 4714 ita
2966 4660 3278 4728 conﬁdimus
3309 4661 3372 4715 D.
3398 4661 3466 4715 N.

198 4754 386 4808 Iesum
425 4754 689 4808 Christum
727 4754 919 4806 bonum
952 4763 1000 4805 ct
1025 4757 1435 4823 omnipotentem
1469 4753 1656 4816 Deum,
1698 4760 1746 4805 et
1781 4751 2066 4804 Dominam
2134 4757 2371 4801 nostram
2415 4745 2508 4798 Dei
2552 4746 2888 4808 Cenitricem,
2925 4764 3004 4798 res
3047 4764 3228 4800 omnes
3260 4758 3468 4804 nostras

201 4843 492 4896 secundum
515 4859 694 4895 eorum
723 4843 1056 4911 clementiam
1090 4853 1390 4896 curattuos.
1423 4842 1529 4897 Nos
1562 4859 1718 4911 porro
1754 4838 1986 4908 ejusdem
2019 4836 2211 4888 mensis
2248 4833 2331 4885 die
2378 4832 2410 4886 8
2452 4831 2560 4884 Deo
2601 4834 2832 4901 auspice,
2865 4844 3045 4886 castra
3091 4838 3370 4898 movimus.
3413 4839 3470 4892 in

202 4929 514 4984 Armeniam
546 4930 645 4980 iter
672 4929 884 4996 facturi.
923 4928 1014 4981 Vos
1047 4939 1225 4981 autem
1255 4929 1381 4982 bene
1419 4913 1607 4985 valete.
1639 4930 2019 4994 continuasque
2052 4942 2112 4977 ac
2142 4923 2431 4990 indefessas
2471 4923 2739 4974 orationes
2780 4924 2849 4975 ad
2881 4923 3045 4977 Deum
3090 4924 3311 4990 fundite,
3345 4942 3469 4995 quo,

204 5017 338 5068 sicut
367 5024 726 5081 peraptamus,
757 5031 845 5068 vos
869 5031 1030 5084 qttam
1062 5017 1292 5083 primum
1330 5017 1550 5068 revisere
1597 5017 1742 5067 nobis
1786 5013 2070 5082 largiatur.
2111 5011 2251 5065 Huic
2285 5009 2519 5063 lleraclii
2583 5011 2831 5078 epistola:
2896 5011 3155 5065 subditur
3187 5013 3239 5065 in
3276 5015 3470 5066 eodem

209 5100 402 5155 Chron.
430 5099 723 5153 Alexandr.
757 5117 876 5169 pag.
907 5102 1031 5162 40:2,
1065 5117 1191 5170 pars
1237 5102 1486 5169 epistola!
1518 5103 1705 5172 Syrois
1734 5102 1800 5154 ad
1825 5100 2039 5154 “cruel.
2065 5099 2381 5152 Tilulusest
2408 5116 2420 5150 :
2457 5097 2750 5167 Exemplar
2777 5101 3166 5152 commonitorii
3189 5118 3218 5151 a
3247 5099 3470 5165 Cabata,

209 5186 304 5261 qui
328 5193 376 5237 et
406 5183 593 5255 Syroes
621 5187 790 5239 dictus
819 5197 914 5247 est.
941 5187 1342 5240 clementissimo
1374 5206 1491 5258 rege
1521 5189 1831 5250 Persarum,
1857 5189 1999 5240 missi
2033 5186 2102 5238 ad
2134 5184 2440 5238 Heracliam
2479 5187 2772 5255 piissimum
2803 5197 2850 5238 et
2873 5206 2903 5239 a
2940 5187 3049 5239 Deo
3073 5199 3339 5240 servatum
3377 5206 3474 5240 no-

209 5282 382 5328 strum
405 5274 799 5342 imperatorem.
834 5274 871 5327 Α
905 5272 1106 5327 Cabata
1140 5273 1532 5338 Sadasadasac,
1565 5275 1811 5329 Heraclia
1851 5273 2278 5331 clementissimo,
2313 5279 2361 5323 et
2389 5289 2420 5323 a
2460 5274 2564 5324 Deo
2615 5283 2824 5326 servato
2859 5275 3174 5342 imperatori
3208 5273 3474 5328 Romano-

213 5375 356 5416 rum.
385 5357 544 5427 fratri
567 5369 767 5422 nostro,
795 5360 1084 5429 plurimam
1118 5361 1347 5429 gratiam
1377 5357 1730 5429 impertintur.
1762 5360 2176 5416 Clcntentissitno
2207 5361 2516 5427 imperatori
2554 5359 2938 5420 Ratnanorum,
2977 5371 3023 5413 et
3073 5362 3232 5430 fratri
3274 5371 3473 5416 nostra.

212 5444 320 5501 Nos
344 5445 438 5500 Dei
458 5449 786 5517 providentia
809 5451 1002 5520 absque
1030 5450 1137 5503 ulla
1161 5451 1342 5504 labare
1368 5451 1562 5521 insigni
1587 5453 1885 5504 diademate
1902 5449 2109 5511 donati,
2134 5459 2346 5516 patrum
2365 5465 2426 5500 ac
2452 5451 2718 5518 majorum
2749 5459 3050 5502 nostrorum
3075 5451 3264 5503 solium
3291 5468 3472 5504 sumus

215 5537 499 5588 consecuti.
525 5535 590 5589 At
618 5553 735 5591 cum
755 5546 864 5590 tam
890 5538 1113 5605 beneﬁce
1145 5540 1208 5591 ab
1235 5543 1346 5609 ipsa
1381 5539 1488 5593 Deo
1514 5557 1606 5594 nos
1638 5541 1877 5610 dignatas
1905 5553 2274 5606 agnoscamus,
2305 5547 2358 5588 ut
2388 5536 2654 5590 illustrem
2677 5537 2808 5590 adeo
2839 5541 3084 5590 thronum
3118 5541 3475 5606 susceperimus

220 5638 282 5676 ac
307 5623 742 5687 dominationem,
774 5627 818 5681 si
839 5626 963 5694 quid
985 5634 1114 5679 esset
1144 5627 1283 5696 quod
1299 5631 1516 5680 tzumani
1544 5630 1750 5698 generis
1783 5627 2002 5681 utilitati
2029 5643 2090 5678 ac
2114 5623 2304 5678 solatio
2322 5625 2656 5689 conduceret,
2694 5633 2953 5694 quantum
2994 5626 3047 5678 in
3091 5627 3236 5679 nobis
3262 5625 3380 5694 fuit,
3427 5638 3477 5680 et

219 5719 374 5777 prout
405 5709 597 5774 decuit,
640 5712 694 5764 id
730 5714 980 5767 continuo
1023 5711 1140 5778 ﬁeri
1192 5713 1480 5766 liberaliter
1517 5715 1844 5786 beneficeque
1867 5713 2264 5784 imperauimus.
2299 5709 2736 5782 Quandoquidem
2761 5713 2922 5782 igitur
2939 5712 3009 5765 ad
3047 5728 3314 5766 summam
3340 5714 3483 5766 Itane

221 5797 528 5871 dignitatem
560 5808 606 5852 et
631 5800 911 5871 imperium
945 5816 1036 5854 nos
1070 5799 1208 5856 Deus
1233 5800 1417 5870 erexit,
1445 5802 1500 5854 id
1521 5803 1760 5874 protinus
1791 5804 1844 5858 in
1889 5801 2066 5856 animo
2106 5807 2362 5855 statutum
2392 5798 2512 5869 fuit,
2549 5808 2875 5872 utquotquot
2900 5801 3136 5857 homines
3163 5798 3474 5856 detineban-
