4082 6484
171 343 317 430 sats

1323 355 1414 427 DE
1455 366 1772 448 PERSICA
1806 357 2321 430 CAPTIVITATE.

3302 361 3453 430 3250

164 476 435 545 ἀδελφοὺς
462 475 647 547 ήμῶν.
692 473 823 529 ’ἰδοὺ
854 472 1046 546 καιρδς
1075 473 1335 543 δεήσεως,
1366 475 1446 528 διὸ
1483 474 1764 544 προσέχω-

1894 477 2011 530 cccc
2044 485 2262 546 tempus
2291 475 2600 541 orationis;
2642 473 2999 546 quamobrem
3048 473 3342 544 diligenter
3362 475 3454 532 hil

170 583 278 634 μιν
309 566 443 634 μετά
477 566 765 637 ἀκριϐείας
808 568 921 630 τοῖς
950 565 1267 636 λεγομένοις
1288 567 1430 619 “mal.
1482 565 1556 636 μὴ
1600 571 1759 634 μόνον

165 655 521 727 ἀκούσωμεν,
582 657 722 710 ἀλλὰ
797 659 891 710 καὶ
942 657 1282 727 ποιήσωμεν.
1343 655 1764 726 Ἐπιστήσωμεν

167 748 269 800 τὸν
300 749 445 812 νοῦν,
484 748 811 820 παρακαλῶ,
847 750 968 800 ἐπεὶ
1003 748 1097 802 καὶ
1150 734 1436 818 βασιλικῆς
1475 747 1767 814 ἐπιστολῆς

171 840 804 910 ὕπαναγινωσκομένης,
829 840 1032 901 πάντες
1055 839 1310 910 τρέχουσι
1329 853 1342 866 ⁸
1376 838 1575 900 πάντες
1600 854 1766 888 σπουο

169 929 400 995 ὂάζουσι
419 947 434 962 ο
457 931 659 994 πάντες
681 930 872 1000 μαθεῖν
893 928 1233 1000 ἐπιζητοῦσι.
1270 930 1380 983 Καὶ
1410 928 1462 981 τί
1494 928 1639 997 λέγω
1668 929 1768 996 βα·

174 1022 392 1092 σιλικῆς
418 1022 720 1084 κελεύσεως
740 1020 1255 1090 ἀναγινωσκομένης
1278 1037 1294 1086 ;
1317 1019 1652 1090 κιθαριστῶν
1677 1019 1772 1071 καὶ

177 1110 429 1182 αὐλητῶν
447 1107 538 1160 καὶ
553 1111 736 1178 μίμων
772 1110 1084 1175 ἀκούοντες,
1118 1109 1258 1179 μετὰ
1277 1108 1472 1175 πολλῆς
1489 1109 1587 1175 τῆς
1613 1123 1773 1160 σπου-

184 1201 279 1268 1Ξῆς
300 1199 704 1276 παριστάμεθα,
747 1201 834 1254 ἵνα
893 1201 1118 1271 αἰσχρὸν
1151 1199 1366 1268 γέλωτα
1418 1197 1769 1275 θεασώμεθα,

184 1290 284 1341 καὶ
308 1274 571 1359 ἀσχήμων
621 1291 966 1360 πραγμάτων
1001 1270 1228 1357 παίγνια
1263 1289 1666 1358 ἱστορήσωμεν.
1690 1270 1771 1338 Έί

182 1379 284 1432 οὖν
338 1381 395 1430 tv
430 1380 539 1441 τοῖς
569 1378 660 1430 τοῦ
696 1378 943 1432 διαϐόλου
1007 1378 1262 1447 θεάμασι,
1299 1377 1533 1430 τοιοῦτοι
1579 1373 1774 1446 θερμοὶ

190 1471 287 1520 καὶ
338 1469 612 1539 πρόθυμοι
665 1470 1027 1540 τυγχάνομεν,
1062 1469 1237 1537 πόσην
1298 1467 1521 1520 κόλασιν
1547 1464 1770 1535 ἕξομεν,

183 1561 273 1611 ὅτι
303 1559 362 1612 tv
398 1558 516 1622 ταῖς
543 1559 864 1628 ἐκκλησίαις
919 1559 1061 1630 μετὰ
1102 1557 1359 1628 τοιαύτης
1399 1556 1656 1627 ἀμελείας
1682 1558 1776 1609 καὶ

191 1649 468 1719 ῥᾳθυμίας
515 1652 608 1702 καὶ
632 1650 849 1714 ἀτονίας
903 1651 1204 1720 ίστάμεθα·
1261 1648 1451 1719 ὥσπερ
1479 1648 1544 1701 ὲκ
1580 1648 1774 1718 πυρὸς,

185 1738 364 1800 οὕτως
403 1739 501 1807 τῆς
539 1741 850 1811 προσευχῆς
888 1741 1165 1813 ἑξειλῆσαι
1194 1739 1550 1805 σπεύδοντεςς
1583 1738 1679 1790 καὶ
1715 1735 1777 1790 τὸ

188 1829 594 1902 χαλεπώτερον,
629 1832 710 1884 ὃτι
740 1835 833 1886 καὶ
855 1812 1227 1902 είσερχόμενοι
1253 1832 1310 1883 tv
1337 1831 1530 1888 αὐταῖς
1588 1830 1655 1882 δι’
1685 1827 1774 1892 ὲξ-
1807 1812 1849 1868 Β

187 1918 407 1988 ἀλειψιν
444 1920 880 1990 ἁμαρτημάτων,
913 1921 1057 1973 ἐστιν
1120 1922 1213 1975 ὅτε
1257 1919 1574 1991 προσθήκην
1607 1919 1775 1988 θραυ-

192 2011 382 2080 μάτων
404 2011 714 2081 ποιούμενοι
735 2010 1093 2081 ἐξερχόμεθα.
1132 2011 1241 2065 Καὶ
1274 2009 1391 2071 πῶς
1414 2007 1524 2076 ἐγὼ
1543 2008 1604 2060 τὸ
1627 2009 1776 2078 εἰρη-

191 2104 362 2173 μένον
391 2106 603 2174 ποιήσω
631 2103 933 2173 κατάδηλον
958 2120 972 2170 ;
1005 2104 1116 2172 Οὐχ
1153 2103 1226 2165 ὡς
1263 2101 1482 2172 ἐτέρους
1511 2101 1775 2172 κατακρί-

188 2212 322 2260 νων,
347 2195 483 2248 ἀλλά
516 2195 583 2247 τὰ
618 2193 814 2247 ἑαυτοῦ
849 2193 1215 2263 ἐλαττώματα
1237 2191 1607 2263 θριαμϐεύων.
1768 2186 1783 2195 “

268 2286 402 2340 Εἰπέ
433 2305 546 2357 μοι,
583 2289 640 2340 tv
692 2289 811 2350 ταῖς
853 2287 1171 2355 ἐκκλησίαις
1204 2286 1298 2339 καὶ
1330 2284 1639 2356 εύκτηρίοις
1665 2281 1775 2335 είσ-

200 2368 513 2449 ερχόμενοι,
571 2379 716 2442 τίνος
751 2379 938 2431 ἕνεκεν
971 2380 1086 2431 ἐκεῖ
1121 2377 1498 2446 πορευόμεθας
1554 2378 1778 2440 Πάντως

191 2474 363 2542 ἐρεῖς,
392 2471 490 2524 Διά
518 2474 830 2542 προσευχήν
848 2489 862 2502 ·
895 2472 960 2524 δι’
993 2471 1268 2540 ἐξάλειψιν
1293 2469 1775 2540 παραπτωμάτων.

194 2564 369 2630 Κάγὼ
407 2579 488 2616 σοι
520 2563 647 2632 δρῶ,
683 2564 808 2624 Πῶς
835 2559 926 2617 οὖν
969 2563 1035 2616 δι’
1089 2561 1255 2634 ἕτερα
1292 2553 1680 2629 εἰσερχόμενοι,
1713 2558 1780 2612 τὰ

193 2657 414 2710 ιναντία
438 2655 930 2725 διαπράττομεν;Τί
964 2656 1157 2718 ποιεῖς,
1181 2651 1430 2720 ἄνθρωπε
1453 2669 1466 2716 ;
1489 2650 1588 2704 Διά
1611 2639 1794 2719 προσ-’

195 2743 364 2814 ευχήν
408 2744 783 2814 είσελήλυθας,
836 2742 932 2796 καὶ
963 2745 1031 2796 τὰ
1062 2742 1354 2810 πρόσωπα,
1375 2742 1468 2794 καὶ
1504 2740 1565 2793 τὸ
1589 2739 1783 2802 κάλλος

195 2835 264 2888 τὸ
293 2838 366 2904 μὴ
391 2829 489 2887 abv-
515 2835 854 2899 κανονίζειςς
908 2833 975 2887 δι’
1025 2832 1303 2902 ὲξάλειψιν
1352 2832 1658 2903 ἁμαρτιῶν,
1690 2831 1784 2883 καὶ

198 2927 413 2989 τούτοις
450 2927 773 2994 προστιθῶν,
797 2927 896 2980 οὐκ
923 2926 1153 2996 αἰσχύνῃ
1182 2924 1353 2978 ποιῶν
1391 2924 1481 2976 τὸν
1513 2920 1782 2976 οἷκοντοῦ

199 3017 339 3073 Θεοῦ
359 3018 616 3086 πρόξενόν
635 3033 715 3070 σοι
741 3016 1049 3086 ἁμαρτίαςς
1084 3017 1170 3068 ἵνα
1199 3014 1296 3069 τοῦ
1325 3015 1649 3084 ἐπουρανίου
1681 3013 1801 3069 Βα-.

184 3110 398 3174 οιτιλέως
438 3109 714 3179 μυστήρια
736 3108 933 3179 θεάσῃ,
964 3107 1060 3160 καὶ⁸
1091 3105 1160 3160 τά
1202 3105 1297 3159 τοῦ
1350 3105 1594 3159 διαϐόλου
1645 3105 1786 3173 πρά-

182 3215 394 3269 ,γματα
414 3215 480 3252 πε
487 3198 752 3270 ριεργάζῃ
769 3215 783 3261 ;
808 3197 893 3250 ἵνα
911 3199 1023 3259 τοῖς
1057 3196 1356 3265 ὀφθαλμοῖς
1371 3193 1666 3267 δακρύσῃς,
1701 3193 1795 3247 καὶ

205 3289 430 3351 τούτους
481 3290 559 3351 είς
611 3287 879 3357 οὐρανοὺς
920 3285 1234 3358 ἁνυψώσῃς,
1297 3287 1391 3338 καὶ
1427 3279 1795 3352 ταῦταάφιῶν

204 3384 328 3442 ταῖς
355 3381 602 3449 γυναιξὶν
632 3382 690 3433 tv
713 3380 904 3443 αύταίς
931 3378 1186 3449 διανεύῃς
1222 3379 1307 3431 ἵνα
1336 3376 1430 3430 τοῦ
1463 3360 1796 3429 Δεσποτικοῧ

204 3475 465 3545 σώματος
528 3475 586 3525 tv
633 3471 711 3543 τῷ
791 3472 1019 3541 στόματι
1068 3469 1417 3540 ἀπολαύσῃς,
1470 3467 1563 3522 καί⁸
1625 3466 1797 3521 ταῦτα

201 3556 848 3648 ιταύταιςίπροσομιλῶν,
863 3564 1020 3617 τοῦτο
1062 3562 1339 3633 μολύνειςς

292 3660 358 3712 Ὠ
391 3660 636 3729 πονηρᾶς
668 3657 1003 3725 ἔναλλαγῆςί
1035 3654 1080 3708 ὣ
1115 3655 1213 3724 τῆς
1258 3653 1638 3724 κατασχούσης
1687 3670 1798 3706 πω-

213 3749 472 3823 ρώσεωςι
501 3750 635 3803 Οὐδὲ
667 3750 766 3820 τὴν
791 3747 940 3820 ὤραν
965 3747 1067 3818 τῆς
1111 3746 1418 3818 προσευχῆς
1439 3745 1517 3815 τῷ
1550 3743 1672 3815 Θεῷ
1706 3734 1822 3798 τὸν

207 3843 341 3896 νοῦν
363 3843 786 3912 ἀναπέμπομεν,
812 3839 949 3894 ἀλλὰ
988 3839 1084 3892 καὶ
1118 3837 1289 3908 αὐτὴν
1338 3839 1460 3898 ταῖς
1502 3836 1801 3905 ἡμετέραις

212 3926 1035 4003 πλημμελείαιςάσχολούμεθα.
1071 3928 1226 3982 Είπω
1255 3927 1350 3980 καὶ
1405 3925 1594 3997 ἕτερον
1643 3925 1802 3994 χαλε-

212 4023 463 4092 πώτερον
495 4021 708 4075 τούτου.
735 4022 873 4083 Τοὺς
901 4020 1163 4089 ἀδελφοὺς
1193 4018 1354 4089 ήμῶν
1389 4017 1650 4080 πολλάκις
1672 4033 1806 4086 προ-

216 4115 560 4182 κομίζοντες,
591 4114 624 4184 ἦ
649 4113 804 4174 λιτὰς
859 4111 955 4166 καὶ
984 4111 1196 4175 ίκεσίας
1225 4110 1304 4182 τῷ
1333 4108 1452 4179 Θεῷ
1480 4108 1620 4178 ὑπὲρ
1648 4108 1805 4160 ἀπει-

214 4209 328 4259 λῶν
382 4209 803 4277 προσφέροντες,
830 4205 924 4258 καὶ
968 4205 1150 4257 ἐκεῖσε
1202 4205 1318 4266 τοῖς
1381 4201 1807 4273 προειρημένοις

216 4296 677 4368 ὲνασχολούμεθα.
709 4297 818 4348 Καὶ
861 4295 1048 4358 ἁπλῶς
1093 4295 1276 4347 πᾶσαν
1333 4293 1491 4363 ήμῶν
1531 4293 1630 4364 τὴν
1661 4292 1807 4362 ζωὴν

217 4391 300 4460 τῷ
331 4389 562 4460 διαὸόλιρ
594 4385 1099 4456 κατεδουλώσαμεν.
1148 4386 1238 4438 Ἐν
1273 4385 1572 4454 ἁμαρτίαις
1603 4383 1812 4452 κοιμὼ-

1875 583 1997 635 qua:
2038 568 2324 632 dicuntur,
2380 568 2623 622 animum
2681 567 3072 633 attendamus;
3130 581 3228 621 nec
3269 565 3451 621 solum

1867 655 2177 722 audiamus,
2203 657 2300 711 sed
2327 665 2381 710 et
2405 656 2688 712 faciamus.
2713 656 2973 722 Mentem,
2997 656 3252 721 obsecro,
3284 653 3449 709 adhi-

1870 747 2098 802 beamus
2141 763 2156 801 :
2206 762 2332 801 nam
2386 759 2443 803 et
2487 749 2699 818 regium
2768 748 3009 818 diploma
3055 762 3181 802 cum
3227 747 3451 818 legitur,

1869 852 2062 891 omnes
2095 846 2415 904 accurrunt,
2447 854 2642 894 omnes
2673 837 2895 894 solliciti
2931 847 3082 902 sunt,
3136 851 3201 891 ac
3227 832 3450 894 favent;

1871 943 2062 983 omnes
2096 927 2310 983 discere
2335 938 2609 1000 satagunt.
2638 929 2781 996 Quid
2827 944 2960 984 vero
2990 927 3138 992 dico,
3184 940 3310 982 cum
3364 924 3452 978 di-

1871 1018 2055 1088 ploma
2084 1019 2300 1089 regium
2331 1019 2578 1095 legitur?
2619 1019 2798 1073 Etiam
2840 1017 3196 1082 citharmdos,
3233 1022 3291 1070 et
3320 1013 3453 1068 tibi-

1873 1111 2054 1172 cines.
2087 1125 2150 1164 ac
2180 1110 2378 1164 mimos
2403 1110 2715 1174 audientes,
2751 1109 2922 1164 multa
2973 1107 3260 1178 diligentia
3309 1114 3456 1160 asta-

1874 1215 2014 1263 mus,
2050 1209 2109 1254 ut
2135 1201 2278 1255 risus
2306 1201 2530 1255 obsceni
2566 1208 2909 1270 spectatores
2934 1199 3128 1264 simus,
3159 1210 3458 1266 rerumque

1875 1289 2289 1344 inhonestarum
2323 1289 2533 1345 ludicra
2577 1299 2960 1345 contueamur.
3001 1289 3139 1344 Cum
3192 1286 3356 1356 igitur
3403 1286 3461 1340 in

1875 1381 2080 1436 diaboli
2113 1382 2439 1450 spectaculis
2481 1382 2560 1436 sic
2604 1382 2877 1436 ferventes
2898 1390 3062 1450 atque
3082 1380 3293 1433 alacres
3316 1377 3461 1431 exsi-

1877 1471 2097 1532 stimus,
2132 1485 2398 1539 quasnam
2438 1471 2694 1525 dabimus
2727 1485 2938 1541 paanas,
2965 1470 3060 1539 qui
3100 1469 3156 1523 in
3212 1466 3466 1523 ecclesiis

1878 1579 2002 1618 cum
2033 1570 2183 1617 tanta
2207 1563 2422 1617 incuria
2482 1576 2548 1616 ac
2576 1560 2852 1624 socordia,
2885 1559 3080 1628 sicque
3133 1556 3347 1612 remissi
3378 1571 3466 1610 as-

1877 1654 2175 1718 sistainus;
2210 1668 2274 1707 ac
2307 1654 2457 1707 velut
2487 1651 2557 1707 ab
2584 1652 2729 1722 igne,
2765 1651 2844 1705 sic
2874 1665 2905 1704 a
2937 1648 3198 1720 precibus
3250 1646 3466 1702 resilire

1880 1744 2170 1800 confestim
2221 1742 2585 1797 studeamus?
2629 1739 2897 1809 Quodque
2947 1739 3172 1810 gravius
3200 1744 3306 1800 est,
3336 1750 3465 1789 cum

1881 1835 2151 1890 ecclesias
2184 1835 2558 1905 ingrediamur
2583 1832 2650 1886 ad
2672 1831 2908 1886 delenda
2929 1839 3176 1900 peccata,
3205 1827 3467 1897 quando-

1881 1943 1990 1998 que
2022 1926 2340 1982 accessione
2371 1923 2694 1980 vulneribus
2734 1923 2895 1986 facta,
2927 1919 3286 1991 egredimur?
3315 1915 3467 1982 Quo-

1881 2034 2010 2072 nam
2034 2032 2168 2072 vero
2202 2017 2388 2080 modo,
2416 2014 2564 2085 quod
2592 2013 2800 2068 dictum
2840 2020 2946 2076 est,
2979 2012 3202 2081 planum
3230 2008 3422 2062 faciam
3446 2006 3474 2059 ?

1881 2110 2108 2179 Utique,
2135 2125 2247 2164 non
2281 2116 2341 2162 ut
2368 2107 2738 2163 condemnem
2767 2103 2930 2169 alios,
2957 2102 3053 2158 sed
3087 2111 3147 2155 ut
3177 2115 3329 2156 meos
3353 2098 3472 2169 ipse

1883 2199 2136 2254 defectus
2168 2199 2474 2254 traducam.

1955 2291 2074 2357 Dic,
2123 2305 2332 2360 quaeso,
2385 2290 2443 2343 in
2502 2291 2767 2347 ecclesias
2816 2305 2881 2345 ac
2920 2288 3163 2344 oratoria
3213 2281 3471 2356 ingressi,

1884 2397 1993 2453 qua
2027 2383 2158 2461 illuc
2188 2399 2354 2438 causa
2392 2384 2688 2438 venimus?
2726 2384 2966 2440 Omnino
3009 2382 3202 2436 dices:
3245 2379 3317 2434 Ut
3345 2391 3472 2448 pre»

1884 2490 1980 2531 tes
2013 2474 2345 2540 fundamus;
2380 2484 2440 2530 ut
2466 2475 2666 2532 delicta
2697 2476 3040 2530 aboleamus.
3072 2472 3151 2526 Ad
3182 2485 3305 2540 qua:
3338 2483 3472 2539 ego:

1884 2562 1998 2619 Cur
2032 2563 2202 2632 igitur
2229 2563 2461 2617 aliorum
2489 2579 2654 2618 causa
2687 2565 2740 2618 in
2753 2565 2948 2634 gressi,
2983 2559 3265 2616 contraria
3288 2566 3475 2628 patra—

1887 2654 2052 2710 mus?
2087 2654 2230 2720 Quid
2255 2654 2410 2721 faci‘s,
2457 2655 2659 2710 homo?
2708 2654 2990 2725 Ingressus
3015 2668 3074 2706 es
3146 2658 3212 2704 ut
3259 2659 3312 2704 te
3361 2649 3478 2718 ipse

1890 2745 1945 2832 in
1985 2761 2178 2815 preces
2240 2745 2402 2801 dares
2449 2764 2462 2800 :
2505 2732 2805 2816 vultusque
2878 2761 2942 2800 ac
3005 2740 3479 2814 pulchritudinem

1893 2830 2002 2894 non
2027 2848 2176 2894 tuam
2203 2839 2271 2894 ad
2302 2839 2565 2894 amussim
2596 2854 2802 2895 vocans
2830 2837 3045 2892 curiose
3074 2831 3377 2904 expendis?
3397 2830 3480 2885 Ad

1891 2931 2122 2986 delenda
2157 2942 2380 3001 peccata
2413 2948 2428 2985 :
2469 2933 2740 3001 pluraque
2776 2928 3060 3001 prioribus
3095 2926 3324 2992 addens,
3371 2939 3485 2980 non

1891 3023 2177 3078 erubescis
2211 3023 2435 3077 domum
2461 3024 2558 3078 Dei
2590 3021 2866 3076 ofﬁcinam
2925 3034 2991 3074 ac
3034 3018 3321 3072 tabernam
3368 3030 3485 3069 rne-

1897 3114 2148 3169 ritoriam
2211 3113 2396 3168 facere
2445 3113 2705 3183 peccati?
2758 3111 2830 3168 Ut
2878 3104 3121 3166 caaleéttis
3162 3109 3310 3179 regis
3364 3123 3485 3176 my-

1899 3205 2073 3260 steria
2129 3204 2562 3274 contempleris;
2623 3216 2820 3272 resque
2858 3200 3165 3256 diabolicas
3194 3197 3489 3269 diligenter

1896 3295 2168 3350 attendis?
2201 3293 2272 3350 Ut
2301 3295 2482 3350 oculis
2505 3294 2705 3349 fundas
2739 3295 3031 3365 lacrymas,
3087 3306 3151 3346 ac
3204 3290 3261 3344 in
3311 3290 3483 3345 cazlos

1897 3387 2163 3441 sublimes
2210 3401 2307 3441 eos
2350 3387 2538 3441 tollas:
2573 3386 2773 3455 hisque
2825 3383 3030 3448 missis,
3069 3381 3397 3436 mulieribus
3433 3381 3488 3433 in

1897 3477 1978 3532 eis
1997 3477 2196 3532 lascive
2219 3477 2457 3531 annuis?
2484 3477 2551 3534 Ut
2579 3475 2924 3531 Dominicum
2944 3489 3146 3544 corpus
3165 3487 3259 3528 ore
3283 3487 3488 3534 sumas,

1898 3586 1963 3625 ac
1981 3570 2255 3641 mysteriis
2277 3569 2507 3624 fruaris:
2540 3569 2788 3638 illudque
2805 3569 2891 3624 bis
2910 3569 3235 3637 colloquens
3255 3564 3493 3635 polluis?

1969 3662 2012 3718 Ο
2037 3665 2231 3717 malam
2259 3664 2780 3717 commutationem!
2810 3677 2842 3716 ο
2872 3659 3056 3716 cordis
3082 3658 3344 3712 duritiam
3369 3660 3381 3710 l
3413 3655 3493 3710 Ne

1906 3753 2178 3808 orationis
2198 3753 2424 3822 quidem
2459 3761 2724 3822 tempore:
2747 3750 2992 3805 animum
3015 3749 3083 3803 ad
3121 3737 3293 3802 Deum
3319 3745 3496 3815 erigi.

1904 3860 2026 3900 mus
2054 3861 2065 3896 :
2094 3843 2190 3899 sed
2220 3859 2286 3899 eo
2306 3860 2526 3914 quoque
2542 3843 2762 3898 delictis
2782 3839 2986 3898 nostris
3004 3854 3282 3895 vacamus.
3311 3838 3496 3892 Dicam

1903 3946 1958 3991 et
1979 3936 2131 3991 aliud
2163 3935 2269 3993 isto
2295 3936 2600 3992 molestius.
2633 3935 2852 3989 Fratres
2878 3939 3101 3988 nostros
3123 3946 3232 3984 non
3253 3945 3378 3984 raro
3400 3944 3498 3999 po-

1908 4030 2018 4083 tius
2052 4013 2481 4098 praatendentes,
2509 4040 2678 4097 quam
2721 4035 2780 4079 ut
2803 4026 2914 4079 Deo
2945 4039 3141 4094 preces
3180 4037 3242 4076 ac
3284 4021 3496 4090 suppli-

1909 4119 2164 4173 cationes
2192 4118 2264 4173 ob
2311 4118 2431 4187 ejus
2476 4117 2534 4171 in
2573 4131 2676 4171 nos
2716 4115 2928 4186 flagella
2968 4113 3290 4178 offeramus,
3331 4113 3497 4165 etiam

1909 4212 2022 4275 illic
2061 4212 2150 4265 bis
2190 4227 2310 4280 qua:
2340 4210 2606 4274 diximus,
2645 4219 2864 4280 tempus
2897 4209 3152 4264 terimus.
3185 4208 3387 4278 Atque,
3442 4216 3504 4260 ut

1910 4304 2083 4360 verbo
2117 4303 2320 4367 dicam,
2352 4303 2523 4357 vitam
2570 4311 2741 4357 totam
2797 4301 3018 4356 diabolo
3061 4299 3395 4354 addiximus.
3442 4299 3501 4353 In

1910 4398 2154 4469 peccatis
2179 4395 2504 4460 dormimus,
2538 4394 2592 4448 in
2626 4395 2872 4464 peccatis
2894 4407 2924 4447 e
2946 4408 3142 4446 somno
3167 4391 3497 4453 excitamur,

217 4482 390 4554 μεθα,
421 4485 477 4535 tv
503 4481 800 4558 ἁμαρτίαις
825 4477 1151 4550 ὲγειρόμεθα
1170 4495 1184 4511 ο
1208 4479 1266 4530 tv
1287 4477 1584 4548 ἁμαρτίαις
1613 4471 1793 4550 προερ.

1917 4491 1972 4544 in
2008 4489 2253 4560 peccatis
2282 4486 2658 4557 procedimus,
2689 4486 2743 4539 in
2789 4484 3029 4554 peccatis
3060 4483 3402 4549 recedimus;
3447 4483 3503 4537 in

221 4574 459 4645 χόμεοα,
492 4575 569 4636 είς
593 4573 870 4644 ἁμαρτίας
917 4569 1338 4641 ἀναχωροῦμεν·
1395 4572 1476 4634 είς
1507 4570 1807 4641 ἁμαρτίας,

223 4669 319 4720 καὶ
343 4667 400 4726 ὲν
425 4665 760 4733 ἐκκλησίαις,
785 4664 877 4716 κα)⁵
913 4664 970 4717 tv
988 4666 1099 4723 τοῖς
1122 4662 1315 4723 οἴκοις,
1345 4662 1438 4714 καὶ
1455 4663 1511 4714 tv
1529 4664 1648 4725 ταῖς
1679 4663 1810 4730 ἀγο-

227 4761 373 4828 ραῖς,
389 4759 481 4810 καὶ
498 4759 554 4808 tv
572 4759 682 4818 τοῖς
701 4757 949 4826 μνήμασι
965 4754 1326 4825 πορευόμεθα.
1349 4754 1454 4807 Καὶ
1467 4756 1526 4806 τὸ
1537 4755 1814 4822 ἀνοητότε-

225 4869 343 4922 ρον,
356 4852 437 4904 ὅτι
450 4849 620 4911 οὓτως
633 4850 708 4919 τῷ
725 4849 949 4916 διαϐόλῳ
966 4845 1328 4910 δουλεύοντες,
1342 4847 1438 4900 καὶ
1453 4848 1511 4898 tv
1524 4847 1686 4898 παντὶ
1702 4864 1814 4900 και-

227 4942 328 5013 ρῷ,
360 4943 453 4995 καὶ
477 4942 644 5010 τόπῳ,
665 4942 756 4992 καὶ
779 4939 1086 5009 πράγματι,
1104 4937 1196 4990 τὸν
1213 4937 1346 4990 Θεὸν
1365 4937 1812 5007 παροργίζοντες,

226 5035 480 5103 λέγομεν,
537 5033 631 5084 καὶ
669 5029 1011 5100 ξενιζόμεοα,
1043 5029 1316 5098 λέγοντες·
1348 5029 1519 5082 Πόθεν
1548 5030 1810 5096 ἀπειλαί;

227 5127 395 5177 πόθεν
427 5125 481 5176 αί
512 5124 784 5189 παιδεῖαις
815 5123 981 5177 πόθεν
1011 5125 1044 5193 ὴ
1072 5119 1453 5192 αίχμέαλωσία;
1488 5121 1700 5192 πόθενή
1732 5139 1818 5175 το-

229 5216 401 5286 σαύτη
425 5217 562 5285 ὀργὴ
591 5217 674 5282 ἐφ’
707 5216 894 5284 tum;

306 5309 370 5359 Ὢ
409 5306 608 5373 πολλῆς
664 5309 757 5359 καὶ
797 5305 1080 5376 ἀμυθήτου
1123 5304 1474 5376 πωρώσεωςί
1510 5306 1639 5369 τοὺς
1667 5306 1817 5359 ἁδελ-

230 5399 365 5468 φοὺς
423 5401 480 5452 tv
537 5399 786 5468 μνημείῳ
857 5398 1274 5463 κατατιθέντες,
1345 5399 1468 5452 οὐδὲ
1518 5399 1577 5466 ἐξ
1650 5401 1820 5470 αὐτῆς

231 5491 576 5557 θεωρίαςείς
603 5491 956 5560 συναίσθησιν
983 5492 1274 5562 ἐρχόμεθα.
1310 5491 1644 5562 Ἐμὸλέιζατε
1687 5493 1822 5561 πρὸς

232 5584 323 5633 τὸν
352 5586 542 5659 τάφον,
587 5583 636 5635 oi
671 5584 924 5651 ἄφρονες,
961 5586 1056 5636 καὶ
1101 5582 1431 5653 ἁνανήψατε.
1485 5583 1823 5654 Ἑμόλέψατε

237 5672 374 5741 πρὸς
401 5675 500 5743 τὴν
531 5672 715 5745 σορὸν,
741 5679 791 5728 οἱ
824 5679 1250 5748 μεγαλόφρονες,
1301 5679 1394 5730 καὶ
1435 5677 1510 5748 μή
1554 5679 1821 5746 φυσᾶσθε.

240 5757 411 5812 Ἴδετε
449 5762 517 5814 τὰ
556 5763 715 5830 ὀστᾶ,
748 5768 794 5819 οί
824 5768 1189 5836 σοφιζόμείοι,
1250 5768 1342 5820 καὶ
1394 5769 1466 5838 μή
1508 5768 1822 5838 ἐπαίρεσθε.

1907 4581 2159 4652 peccatis
2205 4580 2262 4634 in
2295 4579 2568 4642 ecclesiis,
2607 4579 2661 4632 in
2693 4578 2970 4641 domibus,
3009 4576 3062 4629 in
3117 4576 3260 4639 foro,
3310 4575 3365 4629 in
3416 4590 3505 4640 se-

1917 4673 2129 4743 pulcris
2179 4670 2508 4725 incedimus.
2562 4668 2833 4738 Quodque
2882 4667 3203 4722 dementius
3231 4675 3337 4730 est,
3377 4681 3505 4720 cum

1917 4769 1997 4821 sic
2051 4765 2271 4819 diabolo
2327 4764 2658 4826 serviamus,
2715 4761 2981 4829 omnique
3031 4769 3301 4829 tempore,
3360 4759 3503 4822 loco,

1917 4857 2139 4928 negotio
2182 4857 2277 4912 Dei
2306 4857 2443 4911 iram
2486 4870 2878 4925 provocemus,
2917 4852 3158 4906 dicimus
3194 4864 3404 4916 tamen,
3439 4867 3506 4906 ac

1916 4967 2014 5005 ceu
2046 4966 2250 5004 novum
2277 4949 2542 5007 mirantes
2568 4949 2805 5004 dicimus
2829 4966 2842 5000 :
2873 4946 3156 5001 Undenam
3179 4947 3339 5000 minze
3359 4945 3383 4998 ?
3407 4961 3511 4999 un-

1917 5042 2114 5096 denam
2155 5041 2410 5110 flagella?
2452 5041 2730 5096 undenatn
2778 5038 3166 5108 captivitates?
3229 5037 3505 5092 undenam

1919 5143 2069 5187 tanta
2097 5133 2192 5187 Dei
2228 5135 2283 5186 in
2308 5148 2411 5187 nos
2435 5132 2558 5186 ira?

1992 5310 2036 5366 Ο
2070 5326 2341 5382 magnam,
2383 5327 2447 5365 ae
2491 5311 2756 5380 majorem
2803 5309 3069 5380 cogitatu,
3117 5307 3304 5362 cordis
3355 5305 3513 5359 duri-

1923 5405 2085 5456 tiem!
2115 5403 2253 5458 Cum
2279 5401 2474 5456 fratres
2500 5401 2552 5455 in
2580 5403 2834 5471 sepulcro
2867 5417 3137 5471 ponamus
3193 5417 3262 5455 ne
3297 5415 3362 5454 ex
3393 5399 3513 5469 ipso

1924 5493 2150 5563 quidem
2184 5506 2410 5562 aspectu
2457 5493 2509 5545 in
2562 5509 2784 5548 sensum
2835 5493 3109 5546 venimus.
3162 5491 3402 5561 Aspicite
3457 5489 3512 5543 iu

1927 5588 2264 5656 sepulcrum,
2294 5586 2468 5647 stulti,
2503 5602 2565 5639 ac
2601 5586 2928 5654 resipiscite.
2970 5586 3216 5653 Aspicite
3249 5585 3303 5637 in
3362 5584 3515 5635 locu-

1931 5679 2041 5731 lum
2081 5695 2407 5746 urnamque,
2457 5679 2548 5745 qui
2585 5680 2756 5731 altum
2793 5680 3008 5748 supitfs,
3035 5688 3089 5732 et
3117 5678 3287 5731 uulitc
3315 5675 3520 5728 animi:

1934 5782 2265 5828 tumescere.
2329 5771 2513 5826 Videte
2551 5787 2696 5838 ussu,
2731 5773 2931 5843 arguti,
2981 5785 3036 5826 et
3091 5771 3258 5826 noble
3299 5765 3505 5824 client.
