4082 6452
661 311 806 402 mg

1911 343 2222 404 INCERTI
2255 341 2634 404 AUCTORIS

3788 340 3922 404 3256

726 443 883 502 Tunc
909 436 1358 512 hlasphemorum
1391 442 1500 514 igni
1536 447 1808 503 torrenda:
1837 447 2037 519 linguae
2063 467 2075 502 :
2107 459 2235 504 tunc

2409 450 2543 502 Τότε
2574 448 2682 502 τῶν
2739 436 3076 519 βλασφήμων
3127 447 3182 500 al
3234 448 3484 516 γλῶσσαι
3537 439 3913 527 φλογίξονται·

653 534 1051 593 fornicatorum
1091 543 1375 592 exurenda
1427 553 1694 609 corpora;
1747 533 1876 594 tunc
1915 541 2233 596 eonvician-

658 631 798 684 tlum
845 627 1188 683 conterenda
1239 645 1356 695 ora,
1406 647 1510 686 nec
1561 633 1670 685 erit
1733 631 1834 701 qui
1879 632 2232 688 misereatur.

657 717 814 772 Tunc
859 717 1327 785 immisericordes
1378 709 1892 785 immisericorditer
1943 721 2230 790 puniendi.

653 807 811 862 Tunc
852 797 1134 877 superﬂuo
1182 803 1334 864 cultu
1370 794 1724 879 gloriantium
1776 812 1962 867 vultus
2005 813 2235 881 fuligine

655 895 963 952 lnﬁeiendi.
997 898 1154 954 Tunc
1184 899 1459 969 impudice
1491 902 1855 958 annuentium
1895 905 2040 960 oculi
2075 905 2233 960 obte-

649 989 942 1068 nebrandi.
974 989 1107 1056 Quis
1143 990 1513 1047 misereatur?
1535 993 1671 1060 Quis
1699 994 1929 1050 salutem
1975 999 2235 1066 praestet?

652 1078 760 1136 Ubi
803 1091 932 1137 tunc
951 1082 1253 1149 parentes?
1285 1082 1380 1139 ubi
1411 1083 1762 1140 fratres?ubi
1782 1087 1975 1157 pater?
1996 1087 2088 1142 ubi
2123 1105 2234 1143 ma-

654 1171 879 1226 ter?ubi
896 1172 1108 1228 amicus
1123 1173 1146 1226 ἲ
1163 1173 1256 1228 ubi
1275 1182 1465 1244 regum
1483 1174 1886 1246 magniﬁcentia
1902 1179 1924 1232 ?
1943 1175 2084 1245 Quid
2101 1194 2233 1235 vero

653 1252 780 1317 dico
810 1261 967 1332 pater
988 1252 1052 1318 ac
1085 1274 1262 1319 mater
1283 1261 1304 1318 ?
1323 1250 1435 1321 Nec
1446 1267 1638 1338 angeli
1667 1267 1794 1338 ipsi,
1819 1282 1922 1326 nec
1944 1279 2230 1342 martyres,

652 1368 758 1409 nec
777 1353 1034 1424 apostoli,
1070 1364 1203 1410 tunc
1221 1356 1572 1414 obsecrantes
1600 1349 1986 1416 exaudi‘entur.

722 1440 920 1510 nemo,
976 1441 1207 1512 fratres,
1261 1448 1504 1517 seipsum
1559 1459 1745 1505 mente
1809 1451 2069 1521 decipiat.
2128 1451 2232 1509 Ubi

653 1535 804 1591 enim
840 1536 987 1592 Deus
1021 1537 1287 1595 adversus
1325 1539 1604 1596 hominem
1640 1542 1931 1606 clauserit,
1963 1545 2088 1611 quis
2120 1548 2232 1613 jam

653 1621 910 1696 aperiat?
944 1616 1051 1685 Ubi
1093 1621 1226 1684 tune
1269 1630 1608 1700 optimates?
1645 1630 1872 1705 Confusi
1923 1608 2072 1688 sunt.
2121 1608 2231 1689 Ubi

651 1717 913 1790 iudiCes?
958 1718 1179 1777 Iudicio
1222 1721 1464 1789 damnati
1517 1733 1667 1778 sunt.
1733 1723 1840 1780 Ubi
1907 1733 2038 1780 tunc
2087 1729 2230 1782 servi

2335 539 2456 592 τότε
2480 539 2549 591 τά
2574 539 2684 592 τῶν
2717 541 2930 608 πόρνων
2973 536 3200 606 σώματα
3232 538 3800 592 κατακαίονται.Τότε
3821 539 3919 592 τῶν

2335 623 2592 700 λοιδόρων
2612 629 2682 683 τὰ
2711 625 2954 698 στόματα
3010 629 3407 698 συντρίϐονται,
3465 629 3564 680 καὶ
3579 629 3682 681 οὐκ
3709 630 3863 683 ἔσται
3895 633 3921 682 6

2334 720 2662 776 ἐλεῶνέτότε
2689 716 2736 772 οἱ
2763 709 3098 788 ἃσπλαγχνοι
3130 715 3374 789 ἀνηλεῶς
3403 719 3757 782 κολάζονται.
3791 721 3836 772 Τ
3837 722 3917 773 ὁτι

2335 809 2826 879 καλλωπιζομένων
2855 806 2924 862 τὰ
2953 791 3223 880 πρδσωπα
3253 807 3634 862 ἀσϐολοῦνται.
3657 810 3797 862 Τότε
3818 810 3918 862 τῶν

2332 902 2690 955 διανευόντων
2721 902 2769 953 oi
2811 899 3084 970 ὀφθαλμοὶ
3128 892 3489 964 σκοτίζονται.
3525 901 3624 963 Τίς
3653 903 3684 953 6
3710 903 3915 962 ὲλεῷνς

2335 993 2418 1058 τίς
2441 995 2468 1047 6
2494 991 2683 1055 σώζων
2703 1009 2718 1059 ;
2741 991 2850 1044 Ποῦ
2884 991 3004 1043 τότε
3031 993 3208 1059 γονεῖς
3231 1007 3245 1055 ;
3277 990 3382 1042 ποῦ
3403 991 3665 1060 ἀδελφοί;
3693 993 3802 1044 ποῦ
3830 1009 3918 1044 πα·

2334 1086 2474 1154 τήρς
2513 1078 2616 1136 ποῦ
2675 1086 2858 1154 μήτηρ
2883 1095 2900 1145 ;
2926 1081 3028 1135 ποῦ
3085 1081 3238 1146 φίλος
3266 1096 3282 1145 ;
3311 1080 3412 1134 ποῦ
3443 1084 3475 1150 ἡ
3513 1083 3626 1134 τῶν
3655 1083 3918 1150 βασιλέων

2337 1173 2635 1243 φαντασία;
2659 1173 2774 1243 Καὶ
2789 1174 2841 1225 τί
2865 1173 3009 1240 λέγω
3034 1172 3218 1242 πατὴρ
3238 1173 3331 1225 καὶ
3361 1174 3584 1243 μήτηρ;
3609 1175 3742 1227 Οὐδὲ
3767 1175 3919 1227 αὐτοὶ

2334 1267 2382 1319 oi
2415 1265 2658 1332 ἄγγελοι,
2689 1264 2810 1318 ούδὶ
2841 1264 2891 1317 oi
2946 1263 3248 1335 μάρτυρες,
3283 1263 3406 1317 οὐδὲ
3461 1265 3776 1332 ἀπόστολοι,
3801 1266 3916 1318 τότε

2335 1354 2780 1426 παρακαλοῦντες
2811 1355 3206 1409 εἰσακούονται.

2400 1448 2625 1519 Μηδεὶς,
2657 1449 2896 1514 ἀδελφοὶ,
2925 1447 3113 1500 ἑαυτὸν
3139 1449 3561 1518 φρεναπατιὴω.
3596 1449 3771 1502 Ὅπου
3812 1448 3918 1514 γὰρ

2333 1539 2466 1602 Θεὸς
2495 1539 2684 1617 κλείᾱῃ
2744 1539 2884 1591 κατά
2925 1536 3240 1618 ἀνθρώπου,
3295 1537 3491 1628 λοιπὸν
3543 1540 3628 1627 τίς
3681 1540 3915 1628 ἀνοίξειξ

2334 1629 2444 1682 Ποῦ
2483 1628 2606 1681 τότε
2653 1626 2940 1698 ἄρχοντες
2980 1627 3377 1700 ᾘσχύνθησαν.
3473 1623 3587 1682 Ποῦ
3633 1623 3915 1690 δικασταίξ

2335 1719 2967 1790 Κατεδικὰσθησαν.,Ποῦ
2993 1719 3114 1773 τότε
3143 1721 3193 1772 οἱ
3218 1767 3224 1778 .
3246 1720 3422 1774 δοῦλοι
3447 1721 3498 1774 oi
3529 1716 3918 1792 μαστιξόμενοι

653 1807 794 1866 dure
817 1804 1182 1882 vapulantes?
1204 1812 1308 1869 Ubi
1339 1805 1551 1870 aneillas
1580 1814 1674 1870 hic
1701 1829 1735 1869 a
1757 1815 1920 1872 nobis
1942 1810 2232 1873 laboribus

2339 1807 2601 1887 ἀφειδῶςξ
2630 1807 2740 1864 Ποῦ
2762 1813 2818 1864 at
2845 1809 3101 1874 δουλίδες,
3123 1813 3184 1864 αἱ
3219 1810 3696 1880 καταπονούμενοι
3726 1805 3827 1863 ὦδε
3859 1809 3916 1873 ἐξ

653 1903 976 1970 oppressae?
1003 1902 1160 1957 Tunc
1191 1897 1229 1958 ii
1259 1904 1314 1959 in
1345 1904 1507 1970 bonis
1559 1915 1759 1977 erunt;
1806 1905 2004 1962 horum
2052 1906 2235 1962 autem

547 2031 564 2038 -
657 1989 866 2044 domini
891 1990 949 2060 in.
979 1990 1392 2047 cruciamentis.
1425 1993 1528 2049 Ubi
1555 1993 1870 2065 superﬂuus
1905 1995 2087 2049 cultus
2107 2009 2236 2048 cor-

654 2080 853 2153 poris?
884 2083 988 2139 Ubi
1014 2091 1200 2139 vestes
1231 2085 1525 2154 exquisitis
1560 2086 1841 2141 coloribus
1871 2088 2099 2143 tinctas?
2131 2087 2236 2148 Ubi

655 2176 775 2229 auri
791 2175 1083 2243 probatio?
1107 2175 1208 2231 Ubi
1225 2177 1436 2247 argenti
1455 2179 1662 2233 sonus?
1680 2179 1782 2234 Ubi
1810 2180 2074 2234 unionum
2098 2181 2240 2235 :e'sti-

658 2267 868 2322 matio?
891 2267 986 2322 ubi
1010 2278 1243 2324 ornatus
1263 2284 1525 2324 manuum
1547 2271 1572 2323 ?
1605 2270 1709 2326 Ubi
1730 2270 1984 2326 delicias?
2009 2270 2114 2327 Ubi
2147 2272 2236 2326 di-

659 2372 819 2411 versa
841 2346 1009 2412 vina?
1033 2357 1137 2412 Ubi
1168 2351 1344 2428 equi?
1379 2347 1486 2414 Ubi
1506 2358 1666 2415 frena
1710 2359 1916 2416 aurea?
1949 2361 2054 2416 Ubi
2093 2377 2124 2417 ε
2157 2363 2236 2417 la-

661 2457 777 2509 tere
808 2449 1142 2504 currentes?
1187 2445 1292 2506 Ubi
1344 2451 1562 2505 turbam
1613 2448 2004 2508 submoventes
2049 2437 2239 2508 Servi?

657 2539 767 2595 Ubi
797 2540 1050 2610 superbae
1088 2540 1274 2595 :edes?
1314 2541 1414 2597 Ubi
1474 2542 1528 2596 in
1578 2541 1913 2598 formidabili
1953 2543 2044 2598 illa
2101 2539 2238 2598 hora

659 2615 753 2700 qui
817 2627 1210 2684 resurrectioni
1263 2646 1327 2685 ac
1383 2631 1656 2701 supplicio
1710 2631 2010 2694 detrahunt
2041 2633 2235 2696 ﬁdem.

656 2720 919 2790 velutque
972 2719 1315 2777 immortales
1358 2722 1439 2776 sic
1469 2736 1529 2776 se
1565 2722 1813 2777 habent?
1857 2724 1960 2781 Ubi
1993 2723 2087 2792 qui
2119 2724 2238 2779 the-

656 2809 854 2880 sauros
887 2810 1174 2880 aggerum,
1208 2810 1559 2886 necfratrum
1599 2812 1953 2886 miseratione
2002 2815 2236 2884 tangun-

658 2899 793 2954 tur?
824 2896 930 2954 Ubi
961 2907 1145 2966 vestes
1175 2895 1414 2954 seriem?
1449 2884 1553 2955 Ubi
1584 2884 1824 2969 hyssus?
1862 2898 1965 2955 Ubi
1995 2885 2236 2970 pretiosa

661 2991 1072 3047 calceamenta?
1098 2988 1201 3046 Ubi
1233 2991 1556 3060 unguenta?
1587 2991 1690 3046 Ubi
1734 3007 1889 3046 vana:
1915 2992 2239 3060 infirmatio;

659 3097 762 3138 nes
781 3121 797 3149 ,
832 3068 1067 3152 quarum
1095 3089 1316 3151 sumptu
1346 3081 1645 3150 juvenibus
1667 3081 1834 3136 decor
1862 3082 2190 3135 conciliatur
2215 3081 2238 3134 ?

2340 1903 2498 1973 ἡμῶν
2525 1921 2538 1964 ;
2570 1895 2706 1955 Τότε
2739 1902 2893 1955 αὐτοὶ
2914 1903 2971 1954 ὲν
2997 1899 3240 1968 ἀγαθοῖς,
3272 1894 3322 1953 οι
3342 1900 3396 1953 δὲ
3428 1900 3635 1954 τούτων
3662 1898 3916 1952 δεσπόται

2338 1996 2396 2047 ὲν
2427 1993 2694 2064 Θλισεροϊς
2716 2034 2729 2047 .
2765 1991 2874 2046 Ποῦ
2896 1990 2924 2043 6
2954 1990 3340 2059 καλλωπισμὸς
3365 1989 3460 2044 τοῦ
3492 1990 3778 2059 σώματοςς
3807 1987 3916 2043 Ποῦ

2338 2087 2392 2139 αἱ
2413 2086 2573 2155 χροαὶ
2601 2085 2709 2136 τῶν
2735 2082 2996 2152 ίματίωνς
3026 2082 3131 2136 Ποῦ
3160 2084 3192 2149 ὴ
3221 2081 3314 2134 τοῦ
3340 2082 3566 2152 χρυσίου
3587 2082 3917 2151 δοκιμασίας

2339 2176 2449 2230 Ποῦ
2484 2179 2510 2229 6
2541 2175 2747 2238 κτύπος
2769 2173 2863 2226 τοῦ
2896 2170 3291 2243 ἁργύρουξηοῦ
3314 2174 3370 2225 al
3421 2172 3531 2226 τῶν
3565 2165 3918 2243 μαργαριτῶν

2336 2266 2495 2334 τιμαί
2519 2283 2533 2332 ;
2562 2266 2672 2318 Ποῦ
2707 2267 2740 2335 ἡ
2769 2264 3039 2334 κόσμησις
3062 2263 3171 2316 τῶν
3199 2263 3398 2334 χειρῶν
3425 2283 3441 2330 ς
3468 2260 3582 2315 Ποῦ
3613 2263 3648 2332 ἡ
3698 2263 3874 2332 τρυφή
3899 2273 3914 2325 ς

2339 2356 2450 2411 Ποῦ
2472 2358 2500 2409 6
2525 2353 2668 2419 οἶνος
2695 2358 2723 2408 6
2755 2354 3045 2424 διάφοροςς
3079 2353 3187 2408 Ποῦ
3205 2354 3265 2405 οἱ
3287 2354 3478 2432 ῐπποις
3511 2352 3623 2405 Ποῦ
3646 2352 3699 2404 οι
3735 2347 3918 2422 χρυσοῖ

2338 2446 2544 2518 χαλινοί
2565 2463 2579 2513 ;
2605 2444 2714 2500 Ποῦ
2733 2444 2780 2497 οί
2808 2443 3248 2515 παρατρέχοντες
3269 2461 3284 2510 ;
3304 2443 3412 2496 Ποῦ
3435 2446 3485 2512 οί
3510 2443 3914 2513 παρασύροντες

2337 2539 2513 2592 δοῦλοι
2542 2555 2557 2603 ;
2588 2536 2697 2592 Ποῦ
2728 2537 2785 2589 αἱ
2823 2537 2992 2589 οἰκίαι
3025 2535 3540 2604 κεκαλλωπισμέναι
3571 2552 3586 2599 ;
3623 2534 3736 2587 Ποῦ
3769 2536 3821 2586 ὲν
3848 2533 3911 2601 τῇ

2340 2630 2548 2701 φοόερᾷ
2579 2627 2701 2699 ὥρα
2727 2627 2912 2698 ἐκείνῃ
2958 2628 3007 2703 οἱ
3034 2629 3100 2697 τῇ
3127 2627 3422 2680 ἀναστάσει
3482 2629 3576 2678 καὶ
3607 2629 3675 2695 τῇ
3704 2625 3912 2678 κολάσει

2344 2725 2418 2793 μὴ
2465 2720 2839 2784 πιστεύοντες,
2885 2721 2981 2773 καὶ
3021 2720 3101 2790 ὡς
3127 2718 3384 2771 ἀθάνατοι
3408 2715 3912 2786 διακείμενοι;Ποῦ

2339 2812 2387 2866 οί
2417 2811 2860 2882 θησαυρίζοντες,
2892 2811 2987 2863 καὶ
3024 2805 3150 2872 τοὺς
3195 2809 3459 2878 ἀδελφοὺς
3493 2809 3570 2878 μὴ
3602 2801 3908 2871 ﬂeeing;

2339 2902 2450 2957 Ποῦ
2483 2903 2553 2956 τὰ
2585 2900 2789 2973 σηρίκά
2818 2905 2833 2968 ξ
2872 2899 2983 2953 Ποῦ
3013 2900 3082 2954 τὰ
3109 2900 3374 2969 poema;
3407 2899 3518 2952 Ποῦ
3552 2900 3621 2951 τὰ
3649 2895 3912 2967 πολύτιμᾶ

2341 2995 2706 3065 ῦποδὴματα;
2735 2992 2848 3046 Ποῦ
2879 2993 2948 3046 τὰ
2985 2992 3165 3061 μόρας
3198 2991 3308 3045 Ποῦ
3334 2993 3402 3043 τά
3444 2991 3799 3059 xum-victura
3848 2989 3910 3040 τά

2345 3086 2571 3152 μάταια,
2605 3087 2671 3137 τά
2696 3085 2776 3147 είς
2801 3083 2861 3137 τὸ
2873 3083 3067 3145 καλλος
3083 3081 3183 3152 τῆς
3207 3082 3459 3152 νεότητος
3474 3082 3871 3152 ἀναλισκόμενα
3895 3091 3908 3136 ἱ

660 3169 716 3227 id
744 3187 875 3227 vero
898 3186 1024 3227 cum
1049 3171 1320 3242 quosdam
1349 3171 1629 3227 videamus
1658 3170 1836 3226 frusto
1865 3172 2022 3241 panis
2049 3185 2232 3240 egere,

2339 3175 2624 3230 καὶταῦτα
2649 3174 2886 3245 ὁρῶντές
2909 3192 3060 3238 τινας
3081 3175 3393 3243 κλάσματος
3419 3175 3586 3244 ἄρτου
3612 3174 3908 3245 δεομένους,

659 3265 887 3334 vinique
929 3265 1111 3334 ipsum
1145 3263 1372 3320 odorem
1400 3263 1743 3326 desiderare,
1769 3279 1888 3341 nec
1925 3263 2034 3318 illis
2066 3264 2236 3320 mise-

659 3371 901 3413 reamur.

727 3461 872 3529 Quid
903 3456 1332 3532 tuncjuvabunt
1383 3461 1679 3519 ambitioso
1714 3477 1864 3518 nunc
1886 3463 2086 3517 ornatu
2105 3448 2233 3518 leCti

659 3551 973 3624 Splendidi?
1000 3549 1104 3609 Ubi
1145 3546 1277 3608 tunc
1306 3553 1399 3622 qui
1447 3554 1785 3623 pauperibus
1834 3550 2232 3625 improperant,

657 3659 863 3712 eosque
887 3641 1257 3699 aversantur?
1281 3642 1402 3710 Quo
1439 3652 1571 3698 tunc
1594 3645 1945 3708 amandandi,
1965 3646 2070 3714 qui
2107 3661 2237 3700 con-

658 3734 884 3788 stitutos
905 3733 961 3787 in
988 3733 1414 3789 necessitatibus
1435 3734 1786 3803 despiciunt?
1816 3736 1910 3789 ubi
1959 3736 2237 3805 sapientes

658 3838 723 3877 ac
751 3823 1041 3878 oratores?
1080 3823 1174 3877 ubi
1209 3824 1266 3882 in
1300 3826 1572 3896 tympanis
1626 3833 1682 3880 et
1718 3826 1906 3883 choris
1937 3827 2127 3882 vinum
2153 3826 2237 3880 bi-

656 3914 897 3972 bentes?
950 3913 1066 3978 ubi,
1099 3930 1307 3986 quaeso,
1341 3924 1492 3978 tunc,
1527 3931 1592 3970 ac
1623 3917 1902 3985 quomodo
1947 3918 2123 3971 acturi
2153 3918 2238 3972 lu-

657 4012 832 4068 ctum,
858 4005 954 4074 qui
1003 4007 1266 4066 continue
1302 4006 1437 4061 risui
1485 4007 1814 4078 indulgent?
1848 4008 1940 4062 ubi
1975 4009 2070 4078 qui
2107 4009 2238 4064 reli-

656 4097 842 4166 giosos
865 4097 1118 4152 homines
1141 4096 1480 4153 subsannant
1496 4098 1624 4154 ?ubi
1643 4100 1736 4167 qui
1761 4099 1908 4154 nulla
1939 4110 2239 4170 tanguntur

657 4202 792 4242 cura
845 4188 1151 4256 dicuntque
1191 4207 1202 4242 :
1241 4189 1477 4243 Edamus
1539 4199 1586 4243 et
1619 4187 1887 4254 bibamus;
1933 4208 2051 4245 cras
2100 4194 2238 4245 enim

659 4279 951 4331 moriemur
973 4279 1059 4330 “Y
1086 4277 1190 4334 Ubi
1225 4278 1322 4336 Dei
1352 4280 1568 4334 timoris
1597 4289 2028 4350 contemptores,
2067 4281 2236 4335 nihil-

658 4385 768 4439 que
798 4384 952 4440 suam
985 4384 1086 4439 pro
1113 4370 1209 4440 illo
1246 4370 1505 4425 tribunali
1549 4370 1926 4427 defensionem
1959 4383 2238 4436 curantes,

2331 3268 2427 3322 καὶ
2466 3267 2788 3339 ὀσφρήσεως
2826 3268 2969 3323 οἴνου
3028 3265 3478 3342 ἐπιθυμοῦντας,
3507 3265 3604 3318 καὶ
3647 3266 3722 3336 μὴ
3763 3266 3908 3332 ἐλεή-

2341 3375 2553 3426 σαντες.

2410 3454 2474 3507 Τί
2514 3467 2572 3506 σε
2609 3454 2730 3506 τότε
2753 3448 3130 3524 ὠφελήσουσιν
3165 3454 3219 3505 αί
3271 3452 3365 3506 νῦν
3391 3454 3767 3522 κοσμούμεναι
3798 3451 3906 3528 xli-

2337 3566 2457 3615 ναι;
2490 3545 2599 3601 Ποῦ
2628 3547 2748 3599 τότε
2769 3546 2818 3599 οἱ
2841 3546 2969 3608 τοὺς
3003 3547 3252 3614 πτωχοὺς
3275 3545 3638 3608 ,ὀνειδίζοντες
3665 3545 3756 3596 καὶ
3787 3548 3911 3598 ἀπο-

2341 3641 2733 3712 στρεφόμενοι;
2758 3638 2865 3690 Ποῦ
2905 3638 3023 3691 τότε
3085 3637 3336 3708 μελλουσι
3373 3638 3838 3707 παραπέμπεσθαι
3863 3637 3908 3687 oi

2338 3726 2778 3804 παραϐλέποντες
2808 3730 2935 3788 τοὺς
2985 3730 3042 3780 ἑν
3083 3728 3383 3796 ἀνάγκαις;
3436 3728 3545 3782 Ποῦ
3571 3730 3617 3780 οί
3653 3730 3806 3795 σοφοὶ
3827 3728 3910 3778 καὶ

2339 3828 2602 3895 ῥήτορες
2623 3822 2734 3876 Ποῦ
2757 3823 2804 3874 oi
2842 3822 2978 3890 μετὰ
3012 3822 3310 3891 τυμπάνων
3343 3821 3440 3872 καὶ
3468 3822 3647 3890 χορῶν
3675 3821 3766 3872 τὸν
3779 3810 3908 3872 οἶνον

2339 3916 2623 3978 πίνοντεςς
2664 3913 2775 3967 Ποῦ
2815 3912 2922 3982 ἆρα
2953 3915 3094 3974 τότε,
3147 3909 3180 3981 ἢ
3233 3911 3349 3974 πῶς
3383 3911 3639 3981 μέλλουσι
3681 3911 3905 3980 θρηνεῖν,

2336 4012 2386 4064 οἱ
2415 4010 2680 4081 διηνεκῶς
2713 4007 3008 4076 γελῶντες;
3031 3999 3143 4060 Ποῦ
3177 4007 3226 4058 oi
3253 4008 3379 4068 τοὺς
3412 4005 3666 4068 εὐλασείς
3714 4021 3910 4075 μυκτη-

2340 4103 2582 4173 ρίζοντες
2624 4098 2774 4166 ςΠοῦ
2811 4100 2859 4150 οἱ
2893 4096 3327 4168 ἀμεριμνῶντες,
3372 4096 3465 4148 καὶ
3503 4096 3777 4163 λέγοντεςο
3808 4096 3912 4148 Φά-

2338 4209 2532 4261 τωμεν
2577 4194 2674 4245 καὶ
2721 4189 2966 4258 πίωμεν·
3019 4187 3232 4257 αὔριον
3266 4189 3376 4257 τὰρ
3413 4186 3908 4254 ἀποθνήσκομεν;

2339 4285 2450 4341 Ποῦ
2490 4286 2541 4336 οἱ
2573 4282 2665 4336 τοῦ
2694 4281 2861 4350 φόὸου
2896 4280 2991 4333 τοῦ
3024 4279 3160 4333 Θεοῦ
3183 4277 3674 4350 καταφρονοῦντες,
3706 4280 3910 4346 καὶτῆς

2342 4376 2548 4434 ἑαυτῶν
2586 4372 2885 4441 ἀπολογίας
2911 4371 3168 4443 φροντίδα
3205 4370 3280 4441 μὴ
3311 4369 3646 4438 ποιούμενοι,
3677 4370 3814 4422 ἀλλά
3841 4369 3911 4421 λέ·

657 4461 752 4515 sed
796 4459 1045 4515 dicentes
1078 4477 1091 4514 :
1125 4460 1602 4516 Clementissimus
1641 4463 1786 4516 Deus
1815 4471 1920 4525 est,
1967 4477 2031 4517 ac
2070 4461 2235 4532 gratis

2343 4486 2532 4539 γοντες
2555 4484 2568 4499 ο
2592 4465 2980 4538 Φιλάνθρωπός
3027 4465 3174 4518 ἐστιν
3211 4467 3238 4517 6
3261 4463 3416 4528 Θεὸς,
3441 4463 3534 4515 καὶ
3589 4461 3762 4532 δῶρον
3784 4464 3912 4517 ἐλεεῖ

657 4546 822 4606 nobis
845 4551 1082 4605 salutem
1107 4551 1376 4606 concedet
1400 4546 1422 4597 Ἰ

727 4642 1121 4706 Heu,'l'ratres.
1145 4644 1420 4713 quemodo
1446 4656 1577 4700 tunc
1609 4645 1995 4716 deplorabunt,
2025 4649 2152 4717 quia
2173 4656 2237 4703 ea

657 4749 782 4804 qua:
811 4734 958 4788 dicta
989 4744 1141 4796 sunt.
1175 4743 1290 4790 tum
1315 4736 1654 4805 loquuntur,
1695 4747 1809 4791 tum
1837 4741 2046 4809 agunt?
2087 4739 2235 4806 Quo-

658 4826 822 4881 modo
854 4838 986 4882 tunc
1013 4827 1294 4898 plangent,
1334 4843 1436 4884 nec
1473 4830 1580 4883 erit
1609 4830 1703 4899 qui
1738 4845 1931 4884 eorum
1976 4832 2241 4886 miserea-

659 4918 793 4972 tur?
837 4917 1052 4984 Quanta
1100 4916 1322 4973 trahent
1369 4920 1606 4989 suspiria
1635 4961 1649 4983 ,
1707 4937 1810 4976 nec
1875 4923 2021 4976 ullus
2043 4924 2097 4976 in
2143 4937 2240 4976 eos

658 5011 1016 5065 miseratione
1045 5020 1320 5080 tangetur,
1362 5021 1456 5065 aut
1496 5013 1656 5066 malis
1677 5013 1920 5082 eripiet?
1951 5014 2240 5080 Quomodo

653 5115 714 5155 se
748 5111 879 5156 tunc
919 5101 1272 5174 deplangent,
1306 5103 1558 5159 dicentes
1589 5123 1601 5157 :
1630 5100 1720 5160 Val!
1744 5145 1757 5165 .
1795 5122 1896 5168 vae,
1952 5107 2054 5176 ipsi
2079 5106 2240 5161 nobis

659 5193 980 5249 illusimus?
1019 5193 1157 5248 Vere
1189 5193 1289 5263 ipsi
1336 5211 1438 5250 nos
1458 5195 1804 5265 decepimus.
1829 5194 1998 5252 Plane
2026 5198 2240 5254 erravi~

661 5299 782 5337 mus
837 5299 1028 5337 errore
1097 5285 1422 5355 gravissimo
1475 5303 1540 5342 ac
1587 5297 1812 5342 aeterno.
1870 5290 2236 5355 Docebamur,

658 5384 761 5431 nec
826 5376 1071 5429 animum
1125 5377 1570 5433 attendebamus.
1626 5379 2115 5445 Admouebamur,
2173 5397 2236 5435 ac

655 5469 1076 5537 spcrnebamus.
1107 5470 1572 5526 Coritestabantur
1607 5475 1785 5538 nobis,
1819 5489 1922 5528 nec
1945 5474 2104 5529 fidem
2134 5474 2234 5528 ha-

655 5561 941 5614 bebamus.
985 5560 1298 5630 Scripturas
1340 5563 1632 5619 audientes
1658 5606 1672 5628 ,
1734 5565 1872 5620 male
1917 5568 2236 5635 exponeba-

658 5664 800 5704 mus.
831 5651 1049 5704 Justum
1077 5652 1174 5706 Dei
1197 5652 1489 5721 judicium.
1527 5656 1694 5725 Digne
1731 5673 1918 5711 revera
1953 5659 2236 5740 punimur;

731 5753 774 5796 δ’
807 5765 824 5820 l
851 5763 977 5820 Cor.
1014 5782 1100 5832 xv,
1131 5766 1220 5820 52.

2344 4563 2598 4722 ήμέίμοι,
2634 4628 2874 4718 ἀδελφοὶ,
2916 4647 3033 4711 πῶς
3060 4635 3184 4702 τότε
3213 4648 3500 4719 μέλλουσιν
3531 4647 3908 4717 ἀποδύρεσθαι,

2345 4744 2391 4801 pl
2419 4743 2486 4794 τὰ
2516 4738 2888 4810 προειρημένα
2919 4737 3188 4801 εἰπόντες,
3239 4741 3335 4791 καὶ
3393 4740 3725 4808 ποιήσαντες
3752 4753 3768 4801 ;
3800 4736 3910 4796 Πῶς

2345 4835 2465 4887 τότε
2494 4833 2769 4902 κόψονται,
2803 4832 2896 4884 καὶ
2926 4831 3027 4882 ούκ
3054 4830 3206 4883 ἔσται
3233 4832 3262 4883 6
3291 4830 3456 4883 ἐλεῶν
3485 4830 3717 4892 αύτούςς
3775 4829 3911 4881 Πόσα

2351 4923 2715 4988 στενάξουσιν,
2751 4923 2843 4976 καὶ
2866 4922 2966 4974 οὒκ
2995 4921 3146 4974 ἐστιν
3182 4924 3208 4974 6
3227 4918 3511 4985 οἰκτείρων
3529 4921 3753 4984 αὐτοὺς,
3799 4919 3908 4973 οὐδὲ

2346 5019 2374 5068 6
2401 5015 2763 5086 λυτρούμενος
2788 5031 2803 5079 ;
2836 5013 2961 5076 Πῶς
2979 5014 3098 5065 τότε
3130 5012 3356 5074 ἑαυτοὺς
3376 5013 3814 5072 κατακόπτοντες
3835 5009 3908 5062 εῖ-

2348 5122 2543 5160 πωσιν·
2581 5107 2743 5169 Οὐαὶ,
2784 5106 2927 5168 ούαὶ,
2965 5106 3189 5167 ἑαυτοὺς
3241 5103 3642 5173 ἐχλευάσαμενὶ
3684 5101 3909 5169 ’Δληθῶς

2351 5199 2576 5261 ἑαυτοὺς
2602 5197 2986 5269 Δίιπατήσαμεν.
3023 5197 3228 5256 Ὄντως
3262 5193 3649 5263 ὲπλανήθημεν
3715 5189 3912 5254 πλάνην

2347 5289 2606 5362 χαλεπὴν,
2639 5291 2732 5342 καὶ
2762 5287 2998 5360 αἰώνιοντ
3039 5285 3479 5354 Ἑδιδασκόμεθα,
3507 5283 3601 5338 καὶ
3639 5283 3703 5334 ού
3753 5293 3912 5349 προσο

2345 5384 2581 5452 εἰχομεν.
2642 5367 3118 5447 Ἐνουθετούμεθα,
3182 5377 3275 5428 καὶ
3325 5374 3787 5446 κατεφρονοῦμεν.
3832 5373 3910 5420 Δι-

2345 5471 2724 5543 εμαρτύροντο
2753 5473 2904 5541 ἡμῖν,
2963 5470 3055 5523 καὶ
3083 5471 3182 5522 οὐκ
3209 5468 3591 5537 ἐπιστεύομεν.
3624 5466 3749 5519 Τῶν
3784 5463 3912 5532 Γρι-

2348 5566 2463 5632 φῶν
2519 5563 2841 5626 ἀκούοντες,
2891 5563 3091 5624 ταύτας
3123 5559 3607 5631 παρεξηγούμεθσ.
3643 5558 3831 5612 Δικαία
3876 5559 3906 5621 ἡ

3024 5657 3227 5719 Ὄντως
3298 5652 3466 5718 ἀξίως
3557 5647 3912 5721 κολαζόμεθι,

2348 5657 2524 5726 κρίσις
2607 5655 2697 5708 τοῦ
2766 5652 2920 5708 Θεοῦ.
