4082 6490
224 407 358 471 3⁸361

1332 408 1428 466 Dii
1467 407 1783 465 PERSICA
1829 409 2354 468 tTAP'l‘lVlT.\'l'E.

3354 410 3498 473 3962

222 530 370 598 ρίας.
397 524 670 591 διαϐολὰς,
715 526 1212 597 ψευδομαρτυρίας,
1263 525 1520 593 αἱρέσεις,
1549 525 1790 590 διχοστα-

1922 540 2014 585 us,
2045 525 2458 586 fornicationes,
2499 523 2866 586 tetnulentias,
2919 524 3196 585 avaritias,
3230 527 3484 594 perjuria

224 619 367 680 σίας.
412 619 596 672 Ταῦτα
625 619 781 688 ἡμῶν
828 618 897 670 τά
940 616 1084 669 κακά
1128 615 1332 684 ἐφόδια.
1380 613 1526 681 Αὕτη
1573 613 1727 680 ἡμῶν
1763 614 1795 682 ἡ

225 708 420 774 σιδηρᾶ
460 709 668 770 ἅλυσις.
690 706 782 759 Διδ
836 707 1182 777 πονήσωμεν,
1213 702 1539 773 παρακαλῶ,
1574 695 1676 752 ῶδε
1714 719 1799 769 μι-

222 801 376 869 κρὸν,
420 800 505 853 ἵνα
552 797 626 870 μὴ
660 797 1013 865 κολασθῶμεν
1051 797 1167 848 ἐκεῖ
1197 793 1329 846 πολύ
1361 811 1374 825 ο
1403 791 1796 860 ἀγωνισώμεθα

222 892 364 957 πρδς
380 891 592 959 καιρδν,
617 889 706 940 ἵνα
739 886 813 958 μὴ
845 884 1256 956 βασανισθῶμεν
1287 881 1539 943 αἰωνίως.
1580 881 1640 932 '0
1671 879 1798 950 χρό-

223 995 316 1042 νος
352 979 564 1046 μικρὸς,
601 979 633 1048 ή
667 978 724 1029 δὲ
755 976 934 1045 κρίσις
957 974 1161 1044 μακρά.
1194 973 1269 1024 Τὸ
1304 971 1456 1032 τέλος
1489 970 1679 1037 ἐγγὺς,
1706 970 1802 1021 καὶ

223 1069 254 1120 ὀ
296 1070 455 1136 φόόος
494 1068 682 1134 πολὺς,
714 1068 806 1120 καὶ
850 1069 879 1119 ὁ
909 1065 1051 1118 λύων
1106 1064 1300 1126 οὐδεὶς,
1331 1061 1426 1114 καὶ
1460 1063 1487 1114 ὁ
1566 1056 1812 1111 σπεύδων

225 1161 376 1215 Vixi.

302 1331 439 1385 οὐαὶ
472 1331 548 1401 τῷ
566 1327 894 1401 ρᾳθυμοῦντι
914 1367 928 1392 ,
959 1328 1112 1397 ζητεῖ
1139 1326 1244 1397 γὰρ
1271 1325 1362 1378 τὸν
1394 1323 1583 1392 καιρὸν
1621 1322 1680 1374 δν
1714 1341 1811 1376 κα-

224 1425 340 1488 κῶς
397 1423 756 1492 ἐδαπάνησεν.
817 1421 954 1472 οὐαὶ
984 1419 1065 1488 τῷ
1117 1416 1431 1487 ἀμελοῦντι,
1465 1417 1546 1468 ὅτι
1576 1412 1809 1484 ζητήσει

227 1515 462 1583 σταγόνα
492 1514 683 1576 ὓδατος
711 1515 766 1565 ὲν
793 1513 870 1582 τῷ
901 1511 1056 1580 πυρί.
1093 1510 1230 1564 Οὐαὶ
1274 1507 1353 1576 τῷ
1379 1505 1708 1558 ἀπιστοῦντι
1743 1509 1808 1576 τῇ

225 1608 430 1678 κρίσει,
471 1609 552 1660 ὅτι
587 1607 674 1660 διὰ
694 1605 803 1658 τῶν
833 1605 1008 1674 ἔργων
1039 1602 1133 1655 καὶ
1161 1601 1268 1653 τῶν
1297 1599 1548 1670 βασάνων
1577 1598 1810 1666 πεισθή-

228 1717 403 1752 σεται.
437 1699 572 1752 Ούαὶ
594 1696 673 1766 τῷ
711 1697 785 1765 μὴ
817 1693 1186 1765 μετανοοῦντι,
1233 1692 1314 1744 ὃτι
1348 1689 1486 1759 πρὸς
1530 1689 1809 1758 αὐστηρὸν

227 1790 424 1859 κριτὴν
441 1787 752 1858 πορεύεται.
791 1787 926 1838 Οὐαὶ
957 1783 1034 1852 τῷ
1062 1783 1135 1852 μὴ
1165 1780 1436 1852 τρέχοντι,
1463 1779 1544 1831 ὅτι
1575 1781 1640 1831 ὲν
1682 1781 1811 1848 ἐρη-

1910 614 2359 677 detraetatioues,
2394 614 2666 677 convicia,
2707 615 3048 678 calumnias,
3085 616 3215 668 falsa
3249 616 3496 670 testimo-

1910 705 2018 768 nia,
2063 706 2316 768 haereses,
2343 705 2731 759 dissidia.ll.'ee
2758 706 2930 760 nostri
2957 705 3081 758 mali
3116 719 3492 760 commeatus:

1909 795 2026 848 hanc
2075 796 2252 849 ferrea
2296 805 2480 848 nostra
2513 805 2728 848 catena.
2765 795 2977 849 Idcirco
3027 795 3340 848 laboremus
3382 795 3493 864 hic,

1913 900 2065 954 rogo,
2103 885 2387 954 tantisper,
2413 899 2482 937 ne
2525 885 2618 938 diu
2646 885 2758 938 illic
2796 879 3230 952 pcena'sdcmus.
3255 885 3332 938 Ad
3363 895 3498 938 tem-

1909 993 2012 1046 pus
2045 977 2394 1030 decertemus
2420 1017 2434 1041 ,
2477 990 2546 1029 ne
2575 976 2825 1029 cruciatu
2871 984 3076 1030 teterno
3117 985 3494 1043 torqueantur.

1911 1069 2150 1136 Tempus
2184 1067 2347 1120 breve
2385 1073 2490 1129 est,
2527 1065 2755 1134 longum
2800 1064 3067 1134 judicium
3128 1064 3252 1118 finis
3294 1059 3492 1128 instat;

1911 1158 2102 1227 ingens
2133 1157 2316 1220 timor,
2347 1155 2441 1225 qui
2472 1155 2718 1210 decutiat
2749 1168 2913 1208 nemo
2961 1165 3045 1207 est
3072 1196 3086 1219 ,
3139 1154 3340 1218 vincet,
3399 1154 3496 1222 qui

1911 1247 2149 1302 festinat.

1982 1341 2071 1394 Va:
2102 1340 2280 1409 pigro,
2303 1349 2514 1408 qumret
2531 1339 2678 1394 enim
2699 1348 2913 1409 tempus
2939 1337 3084 1408 quod
3121 1338 3261 1392 male
3288 1337 3498 1391 insum-

1910 1431 2038 1501 psit.
2073 1432 2165 1485 Va:
2198 1431 2491 1501 ncgligcnti
2518 1473 2532 1495 ,
2565 1431 2696 1500 quia
2738 1439 2949 1500 guttam
2985 1444 3140 1497 aqua:
3183 1429 3238 1481 in
3265 1427 3499 1481 flammis

1913 1521 2174 1590 requiret.
2207 1522 2299 1576 Vae
2360 1520 2524 1575 fidem
2577 1520 2792 1591 judicio
2848 1518 3200 1583 detrahenti,
3245 1533 3372 1571 nam
3402 1532 3499 1585 per

1912 1628 1999 1667 res
2056 1612 2201 1681 ipsas
2250 1626 2314 1665 ac
2359 1611 2732 1665 cruciamenta
2780 1610 2857 1663 illi
2905 1609 3041 1664 fides
3091 1609 3204 1664 fiet.
3242 1609 3333 1662 Vae
3387 1622 3498 1660 non

1913 1702 2093 1772 agenti
2146 1702 2572 1770 pcenitentiam,
2630 1701 2757 1768 quia
2806 1699 2874 1753 ad
2934 1708 3215 1752 austerum
3255 1698 3497 1767 judicent

1914 1794 2080 1848 vadit.
2121 1793 2210 1847 Va:
2247 1792 2476 1846 remisso
2501 1792 2569 1845 ad
2605 1806 2850 1855 cursum,
2875 1791 3004 1860 quia
3035 1791 3090 1844 in
3116 1790 3350 1844 desertis
3379 1805 3498 1842 ma-

230 1883 382 1954 μεαις
408 1880 814 1950 αὐλισθήσεται.
845 1877 983 1930 Οὐαὶ
1030 1875 1110 1945 τῷ
1141 1871 1515 1934 ἀπελπίζοντι,
1543 1870 1631 1922 ὅτι
1672 1870 1808 1938 πρὸς

1922 1884 2088 1945 nebit.
2118 1884 2207 1937 νίσ
2240 1881 2528 1946 diffidenti,
2560 1883 2687 1951 quia
2719 1882 2784 1935 ad
2807 1882 2976 1935 duros
3005 1880 3353 1948 immitesque
3399 1895 3497 1932 an-

226 1973 538 2042 ἀποτόμους
572 1971 835 2039 ἀγγέλους
887 1969 1256 2039 παραδίδοται.
1289 1965 1503 2036 Χρυσὺν
1525 1965 1627 2035 μὲν
1651 1967 1760 2034 γὰρ
1785 1964 1814 2015 ό

230 2064 503 2127 ἀπόλλων,
533 2061 690 2115 ἀλλον
729 2061 948 2130 εὑρήσει
972 2075 986 2088 “
1021 2058 1207 2128 χρόνον
1247 2057 1304 2109 δὲ
1344 2059 1372 2107 ὁ
1411 2055 1686 2118 ἀπόλλων,
1718 2054 1814 2121 οὐχ

228 2155 453 2225 εὑρήσει
480 2154 665 2222 ἓτερον
691 2152 824 2223 πρὸς
847 2151 1154 2218 μετάνοιαν.

303 2246 396 2315 Μὴ
437 2242 754 2313 φεισώμεθα
806 2241 1078 2310 σώματος,
1111 2239 1205 2291 καὶ
1225 2237 1401 2306 ψυχὴν
1430 2234 1812 2302 ἀπολέσωμεν,

227 2333 369 2388 ἀλλά
393 2330 808 2400 κατατρίψωμεν
835 2327 968 2380 αὑτό
988 2345 1002 2359 υ
1033 2325 1244 2394 ἐπειδὴ,
1269 2321 1562 2385 Μακάριοι
1591 2323 1644 2373 οι
1671 2334 1814 2372 πεν-

229 2425 500 2487 θοῦντες,
527 2426 582 2475 οι
603 2419 943 2484 πεινῶντες,
967 2419 1020 2470 οἱ
1043 2414 1358 2484 διψῶντες,
1378 2414 1435 2465 οι
1458 2411 1814 2476 πονοῦντες,

233 2518 319 2570 ὅτι
355 2515 640 2586 μέλλουσιν
696 2510 932 2564 αἰωνίων
967 2508 1149 2560 κόπων
1207 2506 1300 2557 καὶ.
1331 2503 1610 2556 κολάσεων
1638 2503 1810 2554 ἀπαλ·

228 2603 543 2660 λάττεσθαι.
597 2599 671 2652 Τὸ
702 2599 882 2668 σῶμα,
942 2595 1111 2664 πηλός
1152 2596 1337 2645 ἐστιν’
1389 2589 1488 2643 καὶ
1534 2587 1816 2641 ἐλεύσεται

230 2697 373 2768 ὥρα,
398 2696 494 2747 καὶ
522 2691 700 2761 ἡμέρα
729 2688 936 2758 φυσερά
957 2687 1051 2739 καὶ
1075 2681 1471 2753 ἀπαραίτητος,
1492 2679 1588 2732 καλ⁹
1614 2681 1694 2741 εἰς
1714 2677 1817 2768 γῆν

231 2767 297 2856 ἠέ
326 2784 398 2854 γῆ
445 2781 769 2852 πορεύεται·
810 2778 906 2834 καὶ
961 2777 994 2846 ἡ
1041 2775 1189 2838 κόνις
1244 2773 1404 2828 πάλιν
1467 2771 1616 2834 κόνις
1677 2767 1819 2838 γίνε-

229 2895 350 2934 ται.

303 2967 608 3038 Νήψωμεν,
657 2962 929 3019 δυσωπῶ·
977 2960 1445 3031 ὁδοιπορήσωμεν,
1474 2953 1818 3021 ὀξυποδήσω-

238 3081 342 3138 μεν
361 3080 376 3094 ·
399 3062 678 3117 ἐλεύσεται
694 3061 858 3123 ὅντως
879 3058 996 3125 ὥρα
1014 3057 1237 3128 ἐσχάτη,
1251 3050 1529 3105 ἐλεύσεται
1559 3049 1775 3109 πάντως
1801 3063 1814 3076 ·

239 3137 320 3227 μὴ
375 3154 601 3215 ἑαυτοὺς
649 3151 1044 3220 ἀπατήσωμεν.
1092 3145 1274 3197 Ἔστω
1331 3141 1428 3194 καὶ
1487 3137 1813 3208 τρυφῶμενο

1915 1978 2066 2046 gelos
2091 1974 2364 2028 transibit.
2389 1973 2524 2027 Nam
2564 1974 2660 2042 qui
2691 1973 2811 2027 auri
2839 1976 3110 2042 jacturam
3159 1971 3310 2034 facit,
3348 1971 3499 2024 aliud

1918 2065 2294 2134 recuperabit;
2322 2064 2417 2133 qui
2450 2078 2583 2117 vero
2615 2063 2869 2117 amiserit
2912 2073 3152 2131 tempus,
3195 2062 3342 2116 aliud
3377 2060 3501 2115 nul-

1916 2160 2029 2213 lum
2051 2157 2119 2212 ad
2142 2155 2524 2226 pcenitentiam
2557 2154 2820 2224 deinceps
2845 2154 3140 2209 obtinebit.

1986 2248 2069 2302 Ne
2120 2261 2412 2318 parcamus
2476 2245 2720 2316 corpori,
2764 2260 2828 2299 ac
2880 2245 3119 2299 animam
3171 2243 3496 2314 perdamus;

1917 2341 2050 2410 quin
2073 2337 2207 2394 illud
2240 2351 2602 2400 maceremus,
2651 2335 2924 2404 siquidem
2962 2333 3152 2388 :Beali
3176 2335 3266 2404 qui
3301 2332 3499 2402 lugent,

1919 2431 2010 2500 qui
2044 2429 2303 2491 esuriant,
2327 2427 2535 2489 sitiunt,
2576 2425 2824 2479 laborant
2848 2425 2914 2491 ",
2938 2424 3086 2494 quod
3112 2424 3334 2478 :eternis
3351 2422 3504 2500 labo-

1921 2498 2072 2574 ribus
2100 2535 2163 2573 ac
2199 2517 2544 2573 cruciatibus
2596 2515 2869 2570 liberandi
2896 2525 3045 2569 sunt.
3077 2515 3291 2583 Corpus
3323 2498 3502 2566 lutum

1919 2621 2047 2665 est:
2090 2609 2387 2676 venietque
2427 2607 2586 2671 hora,
2621 2621 2686 2659 ac
2733 2603 3016 2660 tremenda
3048 2603 3187 2668 dies,
3224 2617 3502 2672 quamque

1920 2717 2084 2757 nemo
2107 2699 2354 2769 etfugiat,
2387 2714 2512 2752 cum
2537 2706 2685 2752 terra
2719 2697 2774 2751 in
2805 2706 3012 2750 terram
3057 2703 3389 2759 revertetur,
3440 2708 3506 2749 ac

1921 2793 2064 2848 oinis
2089 2792 2292 2848 iterum
2317 2791 2456 2846 cinis
2489 2789 2600 2844 fiet.

2001 2966 2321 3039 Vigilemus,
2343 2983 2475 3038 rogo
2501 2986 2513 3019 :
2538 2967 2643 3021 iter
2665 2965 3086 3030 contendamus,
3108 2963 3504 3019 acceleremus.

1924 3061 2121 3116 Veniet
2170 3075 2363 3114 revera
2400 3067 2661 3128 suprema
2708 3058 2849 3112 dies.
2901 3057 3100 3112 Veniet
3150 3056 3399 3118 omnino,
3437 3071 3508 3108 ne

1925 3168 2030 3208 nos
2061 3152 2415 3207 seducamus.
2446 3149 2580 3203 Esto
2613 3148 2782 3203 etiam
2813 3147 3032 3202 deliciis
3067 3148 3355 3211 fruamur;
3385 3154 3506 3200 esto

237 3219 382 3302 ἱστω
403 3247 498 3301 καὶ
531 3219 853 3312 πλουτῶμεν
879 3239 1239 3307 πεντήκοντα,
1288 3235 1320 3305 ἢ
1355 3235 1447 3285 καὶ
1475 3231 1670 3284 ἑκατὸν
1700 3228 1816 3310 ἐτη.

1926 3255 1985 3299 et
2025 3243 2229 3297 divites
2279 3241 2482 3306 simus,
2524 3255 2700 3294 annos
2735 3239 3161 3309 quinquaginta,
3199 3254 3296 3293 seu
3338 3241 3507 3291 etiam

237 3331 396 3400 Εἶτα,
429 3335 523 3387 καὶ
552 3331 690 3403 μετά
716 3328 893 3390 τοῦτο,
920 3326 971 3378 τί
993 3344 1008 3391 ;
1041 3324 1234 3385 Νόσος.
1258 3322 1368 3375 Καὶ
1389 3322 1452 3372 ὲκ
1477 3317 1701 3388 ταύτης,
1725 3316 1780 3368 τί
1802 3333 1816 3380 ;

249 3426 566 3496 Ἀδυναμία.
601 3424 712 3477 Καὶ
738 3424 802 3474 ἐκ
857 3417 1083 3487 ταύτης,
1133 3415 1225 3477 τίς
1269 3415 1334 3466 Ἢ
1387 3409 1591 3482 φρικτὴ
1636 3407 1819 3477 ἐκείνη

237 3522 381 3592 ὥρα,
405 3519 438 3584 ἡ
472 3517 624 3586 παρὰ
656 3514 872 3566 πάντων
897 3506 1328 3580 προσδοκωμένη
1353 3504 1449 3556 καὶ
1479 3500 1816 3572 φριττομένη

237 3612 337 3667 καλ⁸
378 3607 748 3679 ἀμελουμένη.
784 3604 996 3671 Μέγας,
1036 3598 1255 3666 ἀδελφοί
1287 3614 1407 3667 μου,
1438 3597 1466 3647 ό
1507 3592 1670 3662 φόϐος
1698 3591 1821 3644 τότε

240 3707 471 3776 γίνεται.
499 3700 655 3769 Μέγα
697 3696 900 3750 ίδὲσθαι
951 3691 1129 3763 ψυχὴν
1159 3690 1264 3743 ὑπὸ
1292 3687 1540 3776 ἀγγέλων
1595 3684 1822 3776 χωριζο-

243 3774 414 3866 μένην
432 3789 528 3844 τοῦ
559 3787 810 3858 σώματος
831 3785 993 3852 κενήν
1016 3799 1030 3813 υ
1073 3778 1467 3847 ιδπὸβαιμόνων
1500 3774 1820 3842 λογοθετου-

244 3865 435 3958 μένην.
487 3879 716 3948 Μεγάλη
764 3879 798 3946 ἡ
825 3875 944 3945 ὥρα
987 3873 1086 3940 τῆς
1114 3871 1375 3958 ἀνάγκης
1409 3867 1503 3958 καὶ
1522 3865 1818 3958 «0577.pr-

243 3957 385 4048 σμοῦ
449 3973 679 4032 ἐκείνου,
719 3970 845 4022 ὅταν
883 3968 933 4020 οἱ
977 3957 1823 4048 ὀφθαλμοὶἡμῶνάλλοιωθήσον-

244 4046 369 4124 ται·
407 4065 534 4117 ὅταν
565 4062 600 4130 ὴ
625 4059 779 4128 φωνὴ
837 4057 942 4109 ὑπὸ
981 4055 1081 4123 τῆς
1116 4053 1344 4120 συνοχῆς
1378 4046 1819 4117 κρατηθήσεται·

241 4160 372 4211 ὅταν
405 4155 439 4224 ἡ
460 4151 680 4220 γλῶσσα
707 4148 799 4201 τὸν
826 4146 983 4214 λόγον
1013 4143 1074 4195 ού
1093 4139 1329 4196 δίδωσιν.
1359 4133 1492 4190 Εἶτα
1519 4135 1824 4202 στρέφομεν

242 4249 372 4309 τοὺς
400 4242 710 4320 ὀφθαλμοὺς
731 4233 832 4293 ὧδε
873 4235 1077 4306 συχνά·
1109 4233 1170 4286 τὸ
1213 4231 1431 4299 πνεῦμα
1461 4229 1821 4298 ταράττεταν

247 4336 455 4406 ίλιγγιᾷ
481 4336 513 4404 ὴ
567 4319 744 4402 ψυχή’
775 4328 1069 4397 συστρέφει
1108 4324 1200 4376 τὸν
1245 4321 1370 4373 νοῦν
1403 4319 1528 4389 τῇδε
1559 4319 1786 4370 κάκεῖσε
1807 4332 1820 4346 ·

245 4429 400 4497 ζητεῖ
431 4427 525 4479 τὸν
559 4423 819 4495 ῥυόμενον
840 4436 852 4448 °
884 4419 1022 4488 τάχα
1056 4416 1113 4469 δὲ
1165 4417 1259 4468 καὶ
1291 4415 1402 4465 τῶν
1453 4408 1825 4480 παρεστώτων

243 4521 425 4574 δέεται
448 4535 462 4550 ·
491 4517 621 4578 ἴσως
648 4514 704 4568 δὲ
729 4513 939 4582 καὶτῆς
964 4509 1148 4575 κλίνης
1173 4508 1397 4574 φεύγειν
1427 4502 1838 4572 δοκιμάζομεν.-

243 4614 386 4674 Teii;
422 4607 775 4679 παρεστῶτας
796 4607 928 4675 ἡμῖν
956 4603 1162 4672 φίλους,
1197 4600 1230 4669 ἣ
1259 4597 1542 4664 ἀδελφοὺς,
1569 4595 1601 4663 ἢ
1625 4594 1819 4661 γονεῖς,

242 4707 308 4762 οὐ
334 4702 674 4776 γνωρίζομεν
695 4716 708 4730 ο
736 4699 878 4768 τάχα
898 4693 958 4751 δὲ
985 4687 1606 4763 γνωρίζοντες,λαλῆσαι
1642 4685 1822 4746 αὐτοῖς

197 4815 200 4820 ·
245 4802 348 4855 οὐκ
382 4797 660 4868 ίσχύομεν.

321 4866 445 4944 Τῶν
469 4884 810 4958 θρηνούντων
836 4879 984 4950 ἡμᾶς
1014 4875 1285 4943 ἀκούομεν
1315 4873 1408 4924 καὶ
1463 4866 1688 4930 τούτους
1720 4885 1824 4920 πα-

250 4982 674 5062 ραμυθήσασθαι
719 4975 782 5028 οὐ
823 4971 1120 5040 δυνάμεθα.
1154 4968 1236 5020 Τὰ
1291 4965 1456 5018 τέκνα
1515 4961 1828 5062 ὀδυνῶμενα

378 5072 683 5143 δακρύοντα
718 5069 1009 5138 βλέπομεν,
1061 5062 1157 5116 καὶ
1191 5061 1281 5130 τὸν
1313 5059 1470 5110 πόνον
1515 5054 1616 5122 τῆς
1652 5055 1824 5133 ὀρφα-

204 5225 206 5227 ,
250 5170 372 5231 νίας
399 5165 576 5219 αὐτῶν
602 5163 837 5232 ἔχοντες.
862 5154 1227 5230 πορευόμεθα.
1258 5151 1366 5205 Kal.
1389 5150 1441 5201 τί
1460 5148 1602 5214 λέγω
1626 5149 1786 5199 τέκνα
1813 5162 1826 5210 ;

264 5259 426 5330 Ἐμοὶ
459 5257 604 5310 δοκεῖ
632 5257 716 5308 ὅτι
743 5251 958 5320 ἐκείνης
982 5249 1082 5317 τῆς
1110 5247 1258 5316 ῶρας
1290 5239 1722 5306 καταλαϐούσης,
1742 5238 1826 5289 οὐ·

251 5329 363 5414 eat;
388 5347 645 5418 μεριμνᾷ,
675 5345 738 5397 οὑ
766 5343 994 5415 τέκνων,
1021 5339 1082 5391 οὐ
1105 5337 1295 5405 φίλων,
1325 5335 1424 5388 οικ
1475 5331 1740 5400 ἀδελφῶν,
1773 5329 1833 5380 οὑ

257 5435 690 5509 γυναικόςοούδὲ
725 5433 860 5501 ἄλλη
902 5427 1120 5500 φροντίς
1167 5445 1248 5490 τις
1309 5427 1400 5479 καὶ
1437 5420 1581 5489 λύπη
1623 5421 1836 5488 συνέχει

257 5530 441 5592 αὑτὸν,
469 5529 516 5579 εἰ
551 5527 624 5595 μὴ
650 5525 812 5596 ἡτῶν
847 5520 1042 5574 ἑαυτοῦ
1070 5514 1552 5588 παραπτωμάτιιιν,
1599 5519 1689 5566 καὶ
1725 5515 1837 5574 πιὶς

258 5620 566 5690 ἀπαντήσει
596 5610 674 5688 τῷ
702 5619 886 5686 κριτῇ,
923 5616 1016 5666 καὶ
1040 5613 1091 5666 τί
1113 5609 1509 5678 ἀπολογήσεται
1533 5624 1546 5636 ·
1585 5607 1676 5661 καὶ
1703 5607 1836 5675 ποῖα

336 5803 381 5836 δ’
406 5801 598 5858 Matth.
629 5799 681 5869 5,
712 5802 744 5858 5
773 5817 926 5872 seqq.

1923 3346 2166 3392 centum.
2199 3334 2338 3387 Tum
2385 3348 2564 3402 eoque
2611 3331 2832 3401 expleto
2881 3343 3152 3400 tempore,
3207 3329 3512 3399 quidnam?

1923 3426 2236 3497 ASgritudo.
2270 3425 2348 3479 Ex
2374 3440 2438 3478 ea
2470 3440 2626 3487 vero,
2673 3424 2851 3493 quid?
2887 3423 3101 3477 Virium
3135 3422 3394 3477 defectio.
3431 3422 3511 3476 Ex

1922 3534 1987 3574 ea
2014 3519 2166 3579 item,
2200 3515 2372 3584 quid?
2399 3514 2709 3568 Tremenda
2767 3513 2858 3567 illa
2897 3513 3056 3576 hora,
3097 3512 3357 3567 omnibus
3402 3526 3505 3565 ex-

1924 3617 2170 3678 spectata
2196 3648 2209 3670 ,
2254 3608 2544 3660 horrorem
2581 3605 2814 3670 faciens,
2850 3605 3204 3674 aenegleeta.
3249 3605 3510 3674 Magnus,

1923 3699 2121 3753 fratres
2150 3698 2282 3759 mei,
2318 3705 2451 3751 tunc
2481 3696 2648 3751 timor
2694 3697 2938 3768 iugruet.
2991 3697 3245 3767 Magnum
3273 3697 3510 3752 animam

1922 3789 2133 3852 videre,
2174 3805 2338 3858 quam
2383 3789 2564 3859 angeli
2613 3803 2850 3858 corpore
2899 3789 3202 3843 extrudunt
3238 3804 3503 3849 vacuam;

1923 3880 2203 3936 daemones
2233 3880 2301 3935 ad
2339 3879 2585 3935 rationes
2615 3879 2939 3949 deposcant.
2976 3879 3171 3949 Magna
3222 3879 3356 3933 hora
3411 3895 3511 3932 ne-

1924 3972 2238 4036 cessitatis,
2288 3990 2350 4026 ac
2388 3971 2612 4026 divortii
2672 3970 2841 4034 illius,
2883 3986 3010 4025 cum
3070 3969 3515 4023 imtnutabuntur

1925 4063 2102 4127 oculi;
2133 4079 2262 4116 cum
2309 4079 2376 4116 ex
2415 4061 2799 4116 imbecillitate
2834 4077 2940 4115 vox
2991 4061 3346 4130 impedietur,
3383 4074 3511 4113 cum

1925 4155 2106 4224 lingua
2127 4154 2348 4224 negabit
2370 4140 2708 4208 sermonem.
2743 4155 2992 4222 Tumque
3014 4152 3212 4206 crebro
3235 4151 3343 4204 huc
3361 4149 3512 4211 illuc,

1927 4253 2184 4315 torquet,
2226 4245 2425 4314 quan-it
2475 4245 2568 4314 qui
2629 4245 2879 4299 liberet:
2918 4239 3066 4298 forte
3109 4252 3295 4296 autem
3345 4241 3513 4296 etiam

1928 4346 2170 4391 astantes
2206 4346 2362 4407 rogat
2405 4353 2418 4389 :
2469 4336 2700 4390 forsitan
2736 4336 2904 4390 etiam
2939 4336 3086 4390 lecto
3115 4335 3384 4389 enitimur
3423 4335 3512 4387 fu-

1927 4444 2077 4498 gere.
2140 4429 2400 4483 Astantes
2445 4429 2608 4482 nobis
2661 4430 2899 4492 amicos,
2949 4429 3170 4493 fratres,
3234 4436 3512 4497 parentes,

1932 4536 2042 4573 non
2104 4519 2530 4590 cognoscimus,
2575 4518 2720 4573 forte
2768 4507 2953 4574 autem
2989 4518 3192 4588 alloqui
3236 4533 3343 4572 non
3382 4531 3514 4587 pos-

1929 4626 2141 4664 SUIIIUS.

2005 4866 2286 4936 Lugentes
2319 4883 2418 4922 nos
2450 4868 2735 4932 audimus,
2777 4884 2882 4923 nec
2925 4869 3029 4924 bos
3057 4867 3333 4923 consolari
3365 4868 3518 4921 vale-

1938 4975 2078 5021 mus.
2122 4960 2382 5014 Dolentes
2451 4961 2592 5015 filios
2628 4976 2693 5015 ac
2729 4959 2927 5015 flentes
2973 4960 3288 5023 cernimus;
3336 4975 3518 5027 eoque

1935 5051 2158 5105 nomine
2191 5067 2335 5121 a-gre
2363 5051 2654 5109 habentes.
2690 5051 2837 5121 quod
2881 5051 3122 5122 pupillos
3176 5051 3299 5104 illos
3352 5050 3521 5104 relin-

1935 5159 2189 5213 quantus,
2225 5143 2586 5197 discedimus.
2628 5141 2844 5211 Ecquid
2874 5143 3002 5196 dico
3047 5141 3221 5195 filios?
3253 5141 3520 5194 Existimo

1936 5252 1998 5290 ea
2049 5233 2498 5304 apprelieudente
2538 5231 2699 5296 hora,
2757 5234 3035 5287 neminem
3072 5231 3369 5286 sollicitum
3398 5245 3520 5284 esse

1943 5328 2202 5387 filiorum.
2276 5328 2605 5387 amicorum,
2680 5327 2947 5388 fratrum,
3007 5325 3226 5387 uxoris;
3289 5323 3523 5376 aliamve

1938 5435 2128 5474 Curam
2170 5420 2358 5479 ullam,
2387 5434 2451 5473 ac
2485 5419 2768 5473 tristitiam
2806 5418 3170 5472 decedentem
3219 5416 3519 5472 incessere.

1937 5531 2103 5582 quam
2155 5527 2381 5567 suorum
2433 5512 2795 5576 delictorum,
2845 5528 2908 5566 ac
2959 5525 3198 5582 quonam
3248 5509 3412 5562 modo
3451 5517 3525 5561 snt

1940 5621 2278 5662 occursurus
2308 5604 2504 5675 iudici,
2539 5605 2744 5674 quidve
2789 5618 3160 5674 responsurus
3185 5619 3200 5657 :
3228 5616 3337 5670 qua
3387 5610 3525 5656 hora
