4082 6484
183 397 326 460 2269
1667 396 1795 454 ΝΟΊ

1823 398 1890 454 l'i‘
1899 393 1920 452 [
1929 396 1965 451 Α
1977 441 1990 454 .
3297 387 3435 450 3270

1063 587 1419 598 -σ-ιυ-υ-..σ-
1431 575 2801 597 -κηέν-υοἭπι-Α--.σψςδη-κ-ε--μ
2825 587 2834 596 -,
2869 581 3412 594 mm...—

1491 734 1786 793 NOTITIA
1827 701 2151 793 uxrem.

1269 895 1546 965 (LEQUtEN.
1579 892 1669 948 0r.
1705 893 1898 948 Christ.
1931 903 1968 946 t.
1998 894 2085 955 lll,
2115 911 2166 962 p.
2201 892 2351 960 2.2-8.)

263 1192 525 1247 Zacharia
548 1189 1047 1261 llierosolymitano
1075 1187 1388 1258 patriarcha
1427 1186 1669 1242 abducto
1705 1186 1760 1239 in
1785 1185 2064 1240 Persidem
2113 1201 2256 1238 anno
2287 1184 2490 1237 Christi
2547 1184 2670 1244 6H.
2708 1183 2854 1236 circa
2899 1197 3142 1236 mensem
3190 1181 3436 1242 .lunium,

191 1290 256 1334 ut
283 1295 450 1348 supra
500 1279 710 1334 dictum
734 1287 840 1338 est,
875 1293 946 1331 ne
976 1274 1214 1345 pastoris
1242 1275 1509 1342 regimine
1555 1274 1672 1326 huic
1705 1273 1944 1327 ecclesia
1994 1280 2232 1334 careret,
2268 1273 2388 1340 ejus
2418 1271 2954 1324 administrationem
2983 1269 3217 1337 sumpsit
3259 1270 3345 1325 (ad
3383 1269 3437 1321 id

192 1367 515 1434 designatus
539 1365 730 1434 procul
756 1364 929 1418 dubio
958 1363 1028 1416 ab
1057 1362 1178 1431 ipso
1204 1360 1473 1414 Zacharia
1498 1375 1632 1414 suus
1663 1375 1764 1428 per
1799 1359 2103 1413 absentiam
2126 1358 2387 1422 vicarius,
2421 1372 2483 1411 ac
2513 1359 2578 1409 de
2600 1372 2872 1410 consensu
2895 1357 3278 1425 episcoporum
3312 1371 3438 1424 pro-

191 1453 391 1506 vinciae
425 1452 518 1519 qui
549 1450 927 1519 captivitatem
952 1447 1282 1518 ell‘ugerant)
1313 1447 1616 1509 Modestus,
1653 1450 1720 1498 de
1751 1461 1861 1515 quo
1892 1447 2227 1499 Antiochum
2273 1446 2328 1498 in
2376 1446 2610 1513 epistola
2655 1445 2765 1513 jam
2817 1443 2986 1496 (itala
3020 1443 3266 1495 locutum
3302 1444 3441 1494 vidi-

194 1554 337 1592 mus.
369 1537 421 1591 ls
444 1537 770 1606 prapositus
789 1544 908 1590 erat
941 1534 1262 1588 monasterii
1298 1533 1471 1587 sancti
1505 1532 1800 1585 Theodosii
1826 1534 1878 1586 in
1904 1533 2212 1596 Palzustina,
2244 1548 2309 1586 ex
2335 1532 2674 1600 l‘apebroch.
2713 1541 2838 1584 tom.
2880 1529 2934 1582 II
2969 1529 3158 1589 .ilart.,
3191 1531 3260 1582 ad
3302 1530 3440 1581 diem

196 1627 284 1689 ll,
313 1641 366 1677 η.
410 1623 500 1686 24,
533 1639 654 1691 pag.
691 1623 782 1682 68.
809 1622 910 1675 col.
936 1622 987 1674 2.
1017 1620 1249 1686 Quando
1280 1619 1394 1673 lucc
1441 1619 1591 1673 sedis
1640 1618 2150 1689 llierosolymitanze
2187 1633 2318 1671 cura
2347 1619 2396 1684 ei
2429 1621 2721 1670 eonnnissa
2777 1624 2880 1677 est,
2938 1614 3262 1684 insignitum
3312 1630 3443 1681 pro-

193 1720 381 1778 pterca
409 1708 708 1776 epise0pali
737 1715 1038 1766 caractere.
1067 1706 1198 1760 licet
1231 1719 1490 1774 expresse
1529 1719 1639 1756 non
1678 1703 1899 1757 tradant
1932 1712 2210 1766 auctores,
2243 1703 2393 1756 illum
2427 1704 2514 1756 vix
2565 1702 2775 1756 inficias
2810 1701 2989 1763 iverit,
3025 1700 3116 1768 qui
3162 1701 3440 1764 eumdem,

195 1798 416 1851 vivente
442 1796 625 1850 adhuc
651 1795 938 1856 Zacharia,
963 1793 1473 1863 Hierosolymorum
1497 1791 1787 1861 przesulem
1821 1792 2097 1844 interdum
2126 1790 2396 1844 nominari
2422 1789 2744 1842 adverterit.
2774 1788 2848 1840 Ea
2875 1788 3059 1856 itaque
3090 1787 3443 1840 administra-

193 1882 344 1934 ti-me
377 1890 595 1943 auctus,
624 1880 908 1933 nominato
939 1879 992 1931 in
1022 1877 1273 1947 prtedicti
1299 1877 1623 1932 monasterii
1649 1877 1900 1931 abbatem
1939 1876 2197 1946 Georgio,
2231 1890 2425 1944 magno
2456 1875 2677 1938 ardore,
2706 1890 2811 1926 non
2849 1874 2916 1926 iis
2963 1875 3174 1925 tantum
3212 1888 3333 1940 qua:
3375 1872 3440 1924 ad

194 1969 543 2036 spiritualetn
570 1966 878 2019 animarum
910 1967 1244 2034 protectum,
1286 1973 1344 2018 et
1373 1965 1766 2017 monachorum
1797 1963 2069 2032 imprimis
2095 1964 2342 2032 requiem
2378 1962 2687 2014 attinebant
2722 1961 3022 2029 prospexit.
3071 1959 3164 2013 sed
3217 1960 3444 2027 insuper

193 2055 354 2122 quasi
388 2053 528 2108 alter
559 2053 888 2114 Zorobabel,
921 2053 975 2105 in
1013 2051 1392 2105 restaurandis
1415 2052 1660 2105 aediliciis
1690 2066 1755 2104 ac
1804 2051 2022 2118 templis
2053 2066 2174 2118 quae
2226 2050 2347 2118 igne
2382 2058 2710 2118 consumpta
2745 2048 2983 2109 fuerant,
3021 2046 3445 2100 adversantibus

193 2143 328 2195 licet
365 2151 476 2194 tota
508 2141 708 2193 virtute
739 2139 965 2203 ιιιάςεὶς,
998 2139 1292 2208 Persisque
1323 2139 1661 2209 tyrannicam
1683 2147 1806 2191 actu
1847 2138 2241 2192 exercentibus
2270 2138 2323 2189 in
2357 2137 2644 2190 Pala'stina
2674 2136 3130 2197 dominationem,
3166 2133 3311 2202 quod
3345 2134 3446 2186 im-

191 2227 461 2294 possibile
487 2227 806 2290 videhatur,
838 2237 1120 2282 strenuam
1157 2225 1520 2279 nihilominus
1550 2223 1793 2278 admovit
1829 2239 2075 2294 operam.
2130 2225 2522 2278 Monaehorum
2569 2224 2663 2292 qui
2699 2240 2727 2276 a
2787 2222 3078 2277 Saracenis
3131 2222 3445 2274 immaniter

197 2313 458 2368 trucidati
502 2313 719 2367 fuerant
752 2312 1044 2380 exsequias
1086 2311 1399 2366 celebrasse
1427 2311 1538 2379 jam
1573 2310 2014 2374 observavimus,
2074 2321 2334 2365 narrante
2365 2311 2658 2373 Antiocho,
2709 2311 2802 2379 qui
2858 2310 2938 2362 sic
2982 2309 3337 2378 prosequitur
3391 2309 3445 2363 in

194 2400 390 2453 eadem
426 2399 655 2469 epistola
689 2416 777 2468 pp.
818 2399 972 2462 1023,
1008 2398 1168 2461 lilii,
1206 2407 1262 2452 et
1293 2396 1438 2465 apud
1474 2396 1673 2451 Baron.
1699 2396 1765 2449 ad
1797 2413 1927 2451 ann.
1957 2397 2062 2451 (506
2112 2414 2210 2452 nn.
2251 2398 2283 2452 5
2325 2384 2463 2451 et'G.
2491 2397 2594 2452 Nos
2627 2396 2848 2467 proinde
2887 2394 3112 2448 humiles
3147 2403 3196 2447 et
3234 2396 3444 2465 objecti,

193 2487 375 2555 gratia
407 2487 634 2555 primum
661 2484 771 2548 Dei,
798 2484 985 2537 deinde
1011 2487 1149 2537 seria
1183 2482 1467 2536 admodum
1495 2491 1546 2535 et
1569 2492 1821 2536 accurata
1845 2483 2121 2553 diligentia
2158 2485 2550 2554 prtememorati
2585 2483 2906 2536 sanctissimi
2940 2481 3180 2544 Modesti,
3205 2483 3441 2534 sedenta-

197 2574 337 2624 riam
364 2573 500 2624 hanc
537 2572 792 2640 exigimus
813 2573 974 2624 vitam
1005 2572 1059 2624 in
1088 2569 1330 2623 liberiore
1371 2579 1421 2622 et
1465 2569 1838 2639 tranquilliora
1861 2573 1986 2624 otio.
2030 2571 2096 2624 Et
2124 2587 2318 2625 rursus
2355 2587 2367 2622 :
2408 2569 2594 2622 Gratia
2642 2571 2764 2622 item
2798 2568 3013 2631 Christi,
3060 2568 3152 2620 sed
3190 2577 3240 2621 et
3264 2566 3448 2620 solerti

196 2658 491 2710 sedulitate
507 2659 627 2727 jam
660 2659 786 2710 dicti
816 2657 1102 2711 venerandi
1132 2657 1371 2726 apprime
1403 2655 1582 2709 Patris
1610 2659 1777 2710 nostri
1818 2657 2057 2722 Modesti,
2105 2669 2290 2711 cuncta
2348 2660 2400 2711 id
2445 2659 2693 2726 temporis
2728 2657 3033 2710 ircoluntur
3095 2657 3256 2726 eﬂ'usa
3299 2657 3448 2709 istius

198 2746 365 2797 eremi
395 2746 736 2797 monasteria.
766 2745 834 2797 Et
859 2743 1020 2812 paulo
1047 2752 1173 2812 post
1199 2759 1211 2794 :
1243 2740 1538 2812 Supersunt
1565 2745 1750 2796 nuntia
1775 2745 1976 2814 aliquot
1998 2761 2127 2798 sane
2154 2762 2313 2814 quam
2353 2744 2497 2807 la'ta,
2532 2761 2752 2813 quorum
2783 2743 2930 2812 ﬁdeli
2962 2743 3154 2806 relatu,
3187 2753 3234 2796 ct
3254 2751 3446 2803 restra,

201 2843 252 2885 et
292 2833 461 2885 omnis
491 2833 765 2887 sinceriter
797 2831 1087 2886 Christiani
1113 2833 1293 2884 auiam
1323 2838 1506 2883 merito
1541 2831 1700 2899 possit
1735 2833 2134 2887 exhilarcscerc.
2164 2834 2286 2889 Ha‘c
2312 2835 2473 2903 igitur
2503 2851 2564 2887 ea;
2615 2843 2860 2902 promptu
2885 2844 2934 2886 et
2968 2832 3150 2886 alacer
3192 2834 3451 2887 annuntio

201 2921 382 2973 vobis:
419 2919 678 2973 Modestus
699 2920 998 2973 sanctitatis
1033 2919 1238 2972 eximia:
1265 2919 1347 2971 vir
1377 2920 1462 2986 (de
1489 2935 1590 2987 quo
1619 2935 1719 2971 non
1753 2919 1912 2972 semel
1960 2922 2203 2984 dictum),
2236 2937 2337 2973 non
2361 2937 2538 2973 eorum
2581 2919 2733 2972 modo
2768 2920 3038 2989 providam
3091 2921 3222 2989 gerit
3267 2936 3450 2972 curam

208 3007 492 3067 sollicitus.
525 3023 642 3075 qua:
677 3024 769 3076 per
801 3009 937 3060 hanc
963 3017 1166 3060 vasum
1199 3021 1430 3058 ercmum
1465 3007 1694 3074 sparsim
1723 3006 1940 3075 disjecti:
1973 3016 2096 3060 sunt
2125 3010 2586 3068 monasteriorum,
2608 3007 2698 3060 sed
2737 3016 2785 3059 et
2813 3006 3150 3060 moderanda:
3175 3007 3294 3059 huic
3323 3008 3452 3059 ciri-

202 3095 324 3156 tati,
357 3111 419 3147 ac
442 3096 698 3147 universae
731 3093 1171 3162 circumﬁnitimw
1223 3093 1423 3160 regioni
1461 3093 1681 3146 solerter
1719 3094 1989 3162 prospicit,
2031 3093 2139 3146 Deo
2166 3094 2328 3146 cidem
2353 3105 2660 3162 cooperante
2694 3095 2748 3147 in
2802 3093 3062 3146 omnibus.
3086 3093 3180 3145 llic
3221 3093 3360 3145 enim
3385 3093 3454 3145 ad

203 3183 378 3233 vivum
413 3180 554 3232 nobis
582 3180 827 3249 exprimit
857 3180 1142 3249 imaginem
1168 3180 1285 3231 uori
1311 3178 1606 3247 cujuspiam
1635 3177 1931 3241 Beselcelis,
1964 3188 2056 3230 aut
2084 3189 2222 3231 certe
2243 3178 2597 3232 lori/baiulis.
2625 3177 2811 3232 Gratia
2852 3179 2990 3230 enim
3011 3177 3197 3246 plenus
3228 3176 3454 3247 Spiritus

202 3265 400 3329 sancti,
431 3266 625 3335 templa
657 3265 950 3319 Saluatoris
984 3267 1150 3319 nostri
1178 3264 1302 3318 Jesu
1334 3265 1548 3328 Christi,
1570 3280 1685 3334 qua:
1736 3266 1944 3335 quidem
1995 3265 2274 3318 barbarico
2318 3268 2436 3333 igne
2477 3259 2899 3334 conﬂagrarunt,
2952 3267 3004 3318 in
3053 3265 3275 3318 sublime
3305 3268 3454 3335 erigit

205 3354 352 3405 omni
377 3348 594 3422 prorsus
618 3354 779 3422 digna
815 3353 1166 3413 veneratione,
1198 3359 1324 3422 puta
1379 3352 1514 3404 cedes
1544 3361 1744 3405 sancta:
1777 3349 1817 3406 C

1844 3351 2061 3415 ilvarite,
2116 3368 2178 3402 ac
2229 3361 2428 3404 διεῖιετιιι
2481 3351 2917 3413 ιίρειιννατιὶοηξδ,
2977 3352 3188 3404 domum
3240 3353 3456 3422 insuper

205 3441 424 3509 dignam
445 3441 587 3492 omni
615 3441 810 3492 honore
830 3439 1143 3492 veneranda!
1169 3438 1371 3503 Crucis,
1401 3454 1518 3508 qua!
1545 3437 1718 3491 Mater
1742 3437 2099 3492 Ecclesiarum
2131 3448 2242 3502 est;
2277 3440 2368 3492 sed
2387 3449 2437 3492 et
2458 3448 2655 3492 sancta:
2676 3440 3059 3508 Assumptionis
3080 3439 3243 3492 a’dem
3273 3458 3303 3492 τι
3337 3441 3459 3508 {uno

205 3527 468 3580 (lamentis
508 3515 800 3593 exwdiﬁcat
835 3541 853 3578 :
878 3527 1007 3578 adeo
1037 3534 1091 3577 ut
1123 3541 1214 3593 per
1241 3525 1350 3577 lucc
1389 3523 1512 3577 lenta
1545 3525 1721 3588 initia,
1754 3523 1818 3577 de
1857 3525 2047 3594 futuris
2085 3541 2288 3596 quoque
2332 3542 2448 3594 spes
2495 3525 2852 3592 amplissimas
2896 3527 3274 3594 concipiamus,
3306 3527 3459 3596 idque

206 3611 290 3666 uel
311 3613 372 3665 ob
403 3629 484 3665 eos
515 3615 741 3665 nmximc
760 3613 850 3681 qui
887 3612 986 3664 huc
1019 3621 1306 3680 sperantur
1334 3612 1539 3664 petituri
1572 3611 1635 3662 ab
1666 3613 1893 3664 extentis
1922 3613 2215 3681 regionibus
2245 3622 2430 3666 sancta
2460 3614 2568 3665 Im‘c
2600 3611 2716 3665 loca
2750 3622 2803 3664 ut
2842 3613 3084 3671 adorent.
3118 3623 3172 3666 ut
3204 3629 3380 3666 omnes
3402 3614 3458 3666 in

206 3715 483 3752 commune
511 3697 865 3768 gloriﬁcamus
897 3697 1087 3751 Deum.
1135 3697 1260 3751 llzec
1289 3699 1611 3752 Antiochus.
1659 3696 2072 3764 [’apebrochius
2124 3714 2256 3752 vero
2300 3709 2455 3751 tract.
2494 3697 2785 3766 pra'limin.
2821 3700 2876 3750 in
2907 3709 3033 3752 tom.
3062 3698 3150 3753 III
3180 3702 3456 3757 Actorum,

208 3785 402 3838 mensis
434 3784 583 3847 Maii,
608 3801 660 3852 p.
695 3783 784 3846 5|,
812 3801 865 3835 η.
901 3784 1020 3844 156.
1056 3784 1154 3838 col.
1195 3785 1240 3847 l,
1276 3795 1561 3853 postquam
1599 3784 1788 3838 retulit
1835 3785 2006 3838 verba
2039 3785 2287 3854 quatdam
2324 3785 2570 3852 epistola}
2604 3783 2884 3838 Zachariae
2918 3783 2972 3837 in
3001 3785 3225 3839 Perside
3257 3785 3457 3853 captivi

208 3870 278 3924 ad
312 3870 575 3940 populum
621 3869 1206 3941 llierosolymitanum,
1249 3886 1371 3940 (pne
1416 3886 1516 3925 nos
1567 3886 1729 3939 supra
1760 3860 1828 3924 de
1853 3869 2114 3924 Zacliaria
2143 3881 2369 3940 agentes
2403 3887 2469 3924 ex
2496 3870 2614 3938 ipso
2651 3869 3004 3933 adduximus,
3045 3871 3272 3924 subdit:
3314 3871 3462 3925 Hanc

208 3959 520 4027 epistolam,
551 3957 841 4026 prolixiori
875 3957 1006 4020 alia,
1044 3957 1317 4026 planeque
1353 3957 1417 4010 ad
1451 3956 1774 4010 movendam
1805 3960 2288 4025 compunctionem
2328 3955 2556 4018 ellicaei,
2613 3955 2681 4009 ad
2725 3972 2919 4011 omnes
2959 3957 3152 4012 ﬁdeles
3199 3958 3460 4012 exhorta-

211 4044 363 4098 tione
390 4043 746 4112 prosequitur
774 4042 1051 4098 Modestus
1084 4043 1360 4097 Zachariae
1398 4044 1670 4109 vicarius;
1696 4053 1752 4096 et
1808 4053 2067 4112 tanquam
2097 4058 2258 4096 suum
2313 4051 2705 4097 testau‘ientuni
2741 4044 3008 4108 condens,
3061 4047 3243 4100 omnis
3267 4047 3462 4100 condi—

209 4129 402 4192 tionis,
433 4130 610 4184 atatis
633 4145 696 4184 ac
730 4144 892 4184 sexus
932 4130 1121 4183 fideles
1147 4129 1313 4184 cilicii
1339 4130 1423 4184 sui
1453 4130 1736 4194 admonet,
1763 4130 2036 4198 incipiens
2065 4130 2131 4182 ab
2155 4129 2410 4182 tristibus
2454 4130 2522 4183 iis
2561 4145 2686 4196 qua:
2730 4131 2937 4184 residui
2982 4131 3036 4184 in
3081 4132 3218 4185 urbe
3276 4143 3463 4185 salicta

210 4215 427 4278 ﬁdeles,
464 4223 585 4284 post
613 4230 862 4278 crucem,
891 4216 1260 4284 patriarcham
1287 4223 1344 4270 et
1369 4225 1600 4270 caeteros
1635 4216 1926 4278 abductos,
1957 4216 2239 4279 viderunt.
2267 4215 2480 4270 Laudat
2507 4217 2559 4268 in
2592 4215 2784 4284 primis
2827 4216 3191 4271 Nicodemum
3237 4232 3300 4271 ac
3332 4233 3464 4272 con-

203 4304 395 4373 jugem
420 4301 818 4370 Magdalenam,
853 4304 942 4370 qui
969 4312 1248 4372 postquam
1278 4312 1448 4356 uostes
1480 4303 1722 4355 exiissem
1753 4311 1910 4372 atque
1938 4303 1990 4355 in
2018 4301 2285 4354 Persidem
2322 4302 2616 4364 rediisscnt,
2646 4310 2809 4355 totam
2851 4303 3047 4355 circum
3082 4304 3261 4357 urbem
3287 4320 3350 4356 ac
3387 4307 3465 4357 ri-

209 4407 299 4445 σοι
325 4389 634 4454 lustrantes,
671 4391 1003 4460 fratrumque
1035 4390 1287 4459 reliquias
1331 4390 1619 4456 insepultus
1647 4392 1828 4460 jacere
1881 4389 2273 4457 conspicientes,
2319 4389 2550 4457 projecta
2593 4391 2825 4458 sparsim
2893 4392 3151 4444 cadavera
3188 4405 3463 4442 coacerva-

211 4487 338 4530 runt
362 4479 417 4530 in
452 4474 687 4547 specum,
714 4493 832 4546 qua:
854 4485 929 4530 est
961 4487 1086 4530 ante
1122 4485 1354 4546 portam.
1393 4479 1462 4530 ad
1478 4481 1757 4547 sexaginta
1785 4477 2013 4545 quinque
2031 4476 2223 4527 millia.
2256 4475 2325 4527 Et
2355 4475 2511 4529 abiis
2538 4476 2754 4543 exquiri
2783 4476 2962 4544 jubet,
2990 4493 3092 4544 qua
3119 4476 3290 4545 forma
3309 4487 3466 4544 atque

211 4565 396 4644 habitu
423 4565 824 4618 inveniebantur
854 4565 1134 4618 solostrati
1157 4565 1294 4618 beati
1321 4564 1400 4617 illi
1423 4565 1511 4634 qui
1532 4567 1625 4618 sub
1657 4566 1710 4618 id
1737 4576 1936 4634 tempus
1959 4573 2264 4618 meruerunt
2293 4563 2670 4647 Hierosolymis
2702 4565 2886 4617 occidi.
2917 4563 3032 4628 Quo
3057 4566 3210 4616 modo
3233 4562 3462 4620 scilicet.

213 4651 357 4704 alter
382 4669 415 4704 a
447 4653 616 4720 capite
645 4652 712 4704 ad
739 4669 829 4705 cor
859 4668 1021 4721 usque
1046 4651 1236 4704 vulnus
1267 4662 1560 4719 acceperat,
1609 4651 1746 4704 alter
1776 4654 1839 4706 ab
1876 4655 2108 4706 humeris
2141 4653 2212 4705 ad
2245 4668 2405 4721 usque
2460 4661 2717 4714 ventrem,
2743 4651 2881 4705 alius
2904 4653 3134 4721 quinque
3177 4650 3257 4705 vel
3288 4651 3464 4705 decem

211 4739 346 4791 ictus
374 4738 431 4790 in
453 4738 714 4790 intestinis
737 4737 980 4798 habebat,
1008 4737 1147 4790 alius
1180 4738 1428 4790 dissectus
1452 4739 1650 4790 medius
1683 4740 1840 4808 inque
1869 4740 1972 4807 duo
2004 4740 2198 4792 diriuus
2226 4749 2362 4801 erat,
2404 4738 2500 4792 alii
2543 4747 2723 4792 ventre
2771 4755 2892 4792 ensc
2927 4740 3172 4809 perfosso
3214 4734 3464 4792 intestina

217 4826 396 4878 omnia
426 4825 587 4894 eﬂ'usa
609 4825 863 4894 ﬂuebant,
890 4825 1080 4887 aliam,
1118 4825 1226 4876 eris
1263 4825 1436 4876 instar
1462 4827 1516 4877 in
1548 4825 1791 4887 macello,
1821 4827 1927 4878 a'iri
1955 4824 2230 4892 carniﬁces
2260 4828 2311 4879 in
2345 4827 2515 4892 frusta
2573 4824 2731 4894 plura
2757 4808 3119 4888 conciderant,
3149 4833 3244 4877 etc.
3274 4823 3314 4877 A
3354 4824 3466 4878 Μο-

217 4909 377 4962 desto
406 4908 461 4963 S.
494 4909 820 4963 Anastasius
847 4911 1031 4971 Persa,
1063 4910 1155 4978 qui
1188 4925 1381 4964 recens
1416 4909 1576 4964 ﬁdem
1601 4910 1800 4965 Christi
1840 4912 2123 4979 amplexus
2160 4912 2360 4976 fuerat,
2401 4913 2734 4980 baptismum
2780 4911 3023 4978 suscepit
3051 4897 3462 4981 Hierosolymis,

219 5006 279 5050 ut
307 4995 478 5049 refert
505 4995 673 5064 hujus
697 4996 962 5064 temporis
986 4997 1231 5065 scriptor;
1258 4998 1311 5049 in
1346 4999 1496 5050 Actis
1529 4997 1670 5066 ejus,
1693 5013 1814 5065 qua:
1852 4998 1905 5050 in
1935 4999 2175 5052 secunda
2227 4999 2437 5070 synodo
2477 5001 2693 5053 Niczena
2723 4999 3002 5068 proposita
3032 5008 3181 5051 sunt.
3237 4998 3466 5053 Exstant

215 5081 364 5150 apud
392 5080 686 5158 Barunium
718 5082 782 5134 ad
817 5098 1021 5135 annum
1047 5083 1151 5136 6H
1177 5099 1246 5150 nn
1298 5083 1366 5136 εδ
1388 5093 1443 5136 ct
1475 5099 1628 5152 seqq.
1666 5100 1733 5137 ex
1755 5084 2120 5152 Metaphraste
2155 5095 2371 5154 sumpta
2400 5104 2413 5148 ;
2444 5086 2537 5140 sed
2563 5103 2681 5154 qua:
2704 5086 2820 5153 ipse
2841 5085 3076 5154 sumpsit
3096 5101 3162 5139 ex
3186 5087 3335 5140 Actis
3359 5087 3466 5140 illis

221 5166 624 5221 vetustioribus
649 5167 702 5220 in
734 5167 945 5237 synodo
979 5168 1203 5222 Nicena
1225 5160 1468 5223 secunda
1499 5170 1698 5231 allatis,
1724 5179 1780 5224 et
1825 5186 1854 5223 a
1886 5171 2020 5225 Boli.
2049 5174 2340 5227 recensitis
2394 5174 2461 5227 ad
2511 5173 2656 5226 diem
2678 5172 2749 5227 ‘32
2775 5171 2999 5226 Januar.
3029 5171 3152 5228 lltec
3181 5183 3364 5226 autem
3399 5189 3466 5228 ex

215 5253 454 5308 Baronio
479 5254 788 5328 transcribo
821 5272 836 5308 :
865 5253 994 5308 Cum
1026 5272 1222 5324 magna
1255 5257 1440 5310 civitas
1478 5257 1958 5328 Hierosolymorum
1986 5271 2141 5332 capta
2167 5263 2345 5331 fuisset
2385 5279 2416 5315 a
2451 5278 2570 5331 rege
2596 5260 2902 5322 Persarum,
2938 5269 2985 5312 ct
3015 5260 3158 5328 facta
3190 5259 3286 5313 illa
3319 5259 3463 5320 loca,

216 5358 336 5412 quin
367 5342 468 5395 mei
491 5340 691 5396 Christi
712 5341 956 5395 viderant
990 5345 1441 5398 conversationem
1481 5353 1531 5398 et
1555 5348 1698 5400 cruci
1724 5347 2027 5415 af/ia'ioncm
2057 5357 2104 5401 et
2131 5348 2592 5408 resurrectionem,
2627 5346 2899 5400 Medorum
2932 5345 3130 5400 lancea:
3164 5354 3212 5398 et
3239 5347 3371 5415 igni,
3402 5347 3467 5398 iis

216 5445 346 5494 quos
374 5429 489 5497 ipse
519 5429 660 5481 norit
690 5428 877 5491 modis,
904 5437 1075 5481 essent
1107 5431 1310 5483 tradita
1346 5447 1363 5484 :
1402 5440 1450 5483 et
1483 5432 1652 5485 multa
1685 5432 1797 5486 alia
1824 5442 1979 5503 capta
2024 5444 2147 5489 sunt
2173 5452 2288 5488 cum
2315 5435 2556 5492 ciritatc;
2592 5441 2649 5484 ut
2691 5431 2880 5485 salutis
2904 5447 3110 5500 quoque
3140 5441 3333 5485 nostra:
3356 5440 3466 5483 tro—

217 5531 414 5587 prtum,
445 5515 627 5568 mortis
677 5514 892 5577 solutio,
921 5517 1120 5585 peccati
1146 5518 1452 5580 internecio,
1493 5518 1716 5588 lignum.
1759 5521 2000 5590 inquam,
2033 5521 2251 5591 rit-iﬁcte
2287 5521 2458 5572 crucis
2502 5519 2651 5571 illinc
2693 5518 3017 5572 translatum
3069 5528 3146 5571 est
3185 5521 3238 5571 in
3294 5517 3472 5572 Persi-

215 5605 354 5669 dem,
380 5610 478 5654 etc.
509 5602 644 5669 (lucc
667 5611 856 5656 sancta
893 5601 1383 5669 Crttx),'Persidem
1415 5608 1622 5668 evertit,
1646 5617 1693 5660 et
1720 5608 1912 5677 spoliat
1933 5605 2129 5674 falsam
2159 5606 2486 5674 religionem,
2515 5612 2564 5656 ct
2599 5621 2716 5673 qua:
2753 5620 2808 5656 se
2849 5605 3024 5672 digna:
3049 5612 3201 5655 crant
3232 5605 3468 5670 captivas

217 5690 432 5743 abducit
468 5690 679 5740 animas
709 5703 828 5741 rere
861 5688 1120 5742 laudabili
1144 5699 1192 5741 et
1214 5689 1367 5759 longe
1392 5693 1748 5760 pulcherrima
1781 5682 2128 5764 captiritate:
2175 5701 2287 5756 aut,
2332 5701 2388 5743 ut
2425 5693 2593 5762 magis
2619 5693 2829 5762 proprie
2859 5692 3055 5753 dicunt,
3100 5708 3131 5742 a
3165 5692 3471 5757 captivitate

219 5785 390 5844 Iacet,
429 5783 477 5829 et
498 5775 570 5828 eis
602 5791 815 5834 rursum
846 5776 1129 5842 pristinam
1165 5777 1392 5830 restituit
1421 5779 1731 5836 libertatem.
1767 5780 1939 5836 Simul
1985 5798 2049 5838 ac
2089 5785 2226 5842 enim
2273 5779 2570 5848 ingreditur
2609 5779 2900 5846 Persidem,
2931 5793 3046 5832 eam
3087 5779 3469 5832 statiM'totam
