4082 6470
660 405 795 467 δῃι
1626 403 2029 465 MODESTUS
2068 385 2561 473 PATRIARCHA
2600 398 3004 459 HlEltOSOL.
3786 398 3922 465 3272

657 520 937 573 illustruns
957 517 1121 569 radiis
1142 532 1253 570 sum
1277 517 1487 584 gratim,
1505 514 1622 583 {erit
1640 512 1849 582 quidem
1873 512 2083 563 animas
2102 506 2420 573 inﬁdelium,
2437 523 2541 559 non
2557 522 2705 560 secus
2724 523 2786 559 ac
2801 506 2901 569 sol,
2916 508 3005 575 qui
3026 505 3354 560 laborantem
3380 507 3593 560 oculum
3622 504 3920 578 ingreditur:

658 603 840 670 ﬁdeles
867 611 1067 667 autem,
1108 619 1211 655 non
1248 618 1396 655 secus
1442 619 1502 654 ac
1535 600 1711 669 {ulth
1736 598 1951 667 quidam
1982 610 2248 664 apparens
2282 595 2335 646 in
2368 595 2616 659 tenebris,
2640 604 2865 669 revocat.
2894 592 2976 655 15.x:
2998 592 3183 662 quibus
3207 594 3305 661 [uit
3332 611 3565 646 unus....
3596 596 3919 654 Anastasius.

657 690 753 742 etsi
777 689 1011 742 nondum
1028 690 1238 755 quidem
1260 689 1403 742 cultu
1431 686 1776 755 (ﬁdelis),sed
1785 685 1905 754 jam
1934 682 2163 735 moribus
2190 689 2237 733 et
2264 681 2504 734 instituto
2528 681 2651 749 :qui
2676 680 2923 749 processit
2948 694 2974 730 e
2994 680 3104 730 vico
3127 680 3217 748 qui
3239 680 3527 734 vocabatur
3546 680 3854 736 Rasnuni...
3872 686 3921 736 in

657 776 897 829 Perside.
927 775 1064 829 Erat
1106 785 1284 829 autem
1312 790 1499 828 nomen
1542 774 1723 842 ejus...
1752 770 2115 839 Magundat...
2160 767 2275 821 Bau
2311 766 2455 834 ﬁlms
2481 764 2630 836 (fuit)
2672 767 2760 835 qui
2801 774 2918 818 erat
2951 767 3005 818 in
3054 780 3111 817 re
3147 767 3351 836 magica
3389 769 3921 835 preestantissimusrt

656 864 1061 917 eruditissimus.
1078 864 1211 932 (Bau
1242 859 1447 928 autem)
1468 876 1585 913 cum
1610 868 1853 928 praesset
1871 859 2139 911 communi
2154 855 2292 909 ‘ludo
2317 854 2602 916 litterario,
2621 861 2685 919 et_
2702 851 3128 935 multosfltaberet
3154 852 3510 907 adolescentes
3534 858 3605 907 ad
3627 871 3747 908 eum
3763 860 3895 911 venti
3909 888 3921 897 ο

656 959 1053 1020 tantes,captus
1082 966 1265 1003 amore
1289 948 1701 1018 prwstigiarum,
1729 962 1848 1014 cum
1867 946 1923 998 in
1940 945 2034 997 hoc
2052 944 2223 997 solum
2248 957 2402 995 omne
2422 957 2575 995 suum
2595 940 2829 994 studium
2857 947 3138 1011 poneret...
3154 956 3265 994 rem
3290 943 3559 1010 magicam
3590 940 3918 1011 (ﬁlium)tam

654 1036 936 1114 diligenter
959 1037 1126 1096 docet,
1150 1038 1285 1093 utin
1305 1037 1417 1106 ejus
1439 1036 1737 1105 cognitione
1767 1033 1908 1101 patri
1928 1031 2060 1087 nihil
2084 1039 2215 1084 esset
2246 1029 2526 1098 reliquum,
2552 1026 2690 1096 quod
2716 1042 2820 1114 non
2849 1035 3029 1110 notum
3062 1043 3266 1114 quoque
3284 1038 3419 1081 esset
3447 1029 3584 1095 ﬁlio.
3606 1029 3737 1085 Cum
3756 1040 3920 1082 autent

656 1111 1025 1177 adolescentite
1040 1131 1251 1177 aztatem
1265 1124 1383 1191 jam
1406 1123 1712 1191 attingeret,
1727 1132 1774 1174 et
1798 1137 1888 1174 rex
1910 1120 2163 1175 Chosroes
2184 1132 2375 1171 novum
2392 1114 2745 1183 exercituntin
2767 1111 2981 1167 Perside
2994 1113 3284 1183 colligeret,
3301 1116 3409 1185 ipse
3429 1133 3639 1187 quoque
3660 1134 3781 1170 cum
3811 1118 3921 1169 aliis

658 1210 886 1278 refertur
926 1211 982 1262 in
1004 1226 1285 1263 numerum
1317 1211 1570 1263 tironum.
1603 1208 1870 1273 Quoniam
1898 1223 2017 1262 vero
2047 1204 2349 1260 veneranda
2372 1216 2504 1271 crux
2556 1199 2767 1252 Domini
2816 1207 2983 1252 totam
3021 1201 3262 1270 agitabat
3293 1210 3343 1254 et
3371 1203 3731 1271 perturbabat
3764 1200 3923 1257 Persi-

656 1297 775 1348 dem
801 1316 820 1359 ;
856 1295 1158 1361 inﬁdelibus
1184 1296 1399 1365 quidem
1438 1297 1717 1354 horrorem
1752 1303 1799 1347 et
1834 1302 2091 1359 terrorem
2127 1292 2405 1349 incutiens,
2431 1286 2679 1367 ﬁdelibus
2707 1294 2884 1339 autem
2909 1288 3143 1341 suaviter
3170 1288 3455 1342 admodum
3494 1299 3544 1343 et
3577 1290 3785 1360 placide
3807 1289 3921 1345 illu-

656 1376 858 1433 Cescens
886 1396 904 1433 :
941 1382 1006 1433 de
1022 1396 1081 1437 ea
1112 1382 1323 1450 quidem
1346 1384 1492 1449 fama
1523 1383 1765 1450 quendam
1789 1398 1881 1447 per
1905 1396 2084 1443 omnes
2115 1375 2451 1444 pervadebat,
2487 1375 2655 1455 fanta,
2686 1375 2935 1442 inquam,
2973 1389 3092 1443 qua:
3121 1374 3283 1443 paulo
3306 1377 3541 1429 crassius
3577 1386 3629 1429 et
3668 1377 3921 1429 indoctius

656 1468 1003 1537 pra’dieabat,
1029 1468 1455 1524 Christianorum
1484 1469 1650 1523 Deum
1683 1471 1863 1531 adesse
1892 1469 2094 1523 Persis.
2131 1466 2211 1520 Ad
2231 1479 2392 1535 quam
2420 1464 2503 1515 hic
2558 1460 2861 1514 adolescens
2897 1469 3113 1531 repente
3150 1461 3250 1530 fuit
3278 1478 3531 1530 accensus
3560 1464 3743 1517 animo
3771 1480 3792 1521 :
3807 1466 3920 1535 jam

655 1558 795 1608 enim
823 1555 1023 1608 occulte
1049 1572 1169 1608 eum
1208 1557 1458 1625 tangebat
1489 1557 1580 1610 ille
1614 1557 1751 1622 ignis
1784 1572 1937 1625 quem
1957 1555 2197 1608 Christus
2228 1552 2369 1619 venit
2391 1551 2577 1619 jacere
2601 1565 2762 1619 super
2788 1558 3008 1612 terram,
3036 1551 3129 1619 qui
3154 1550 3367 1628 quidem
3401 1567 3507 1604 non
3537 1552 3755 1607 sinebat
3777 1557 3921 1625 quie-

654 1658 797 1694 scere
824 1642 1104 1712 pulchram
1135 1643 1747 1705 illius.adolescentiam,
1773 1644 2075 1716 sedstatim
2108 1654 2285 1717 omnes
2315 1638 2489 1691 obibat
2526 1648 2725 1706 partes,
2758 1637 2821 1689 de
2860 1653 2920 1690 eo
2940 1638 3245 1701 sciscitans,
3280 1654 3441 1707 quam
3476 1641 3922 1703 vehementissime

656 1737 882 1798 poterat,
923 1738 970 1781 et
1001 1729 1426 1799 diligentissime.
1454 1729 1587 1785 Cum
1621 1730 1829 1783 audiret
1854 1737 2033 1782 autem
2055 1726 2118 1791 ab
2152 1725 2391 1779 omnibus
2416 1739 2531 1776 eam
2570 1739 2680 1787 esse
2699 1739 2910 1786 crucem
2944 1725 2998 1776 in
3032 1741 3139 1794 qua
3164 1722 3403 1779 Christus
3431 1725 3529 1779 Dei
3562 1725 3753 1793 Filius,
3774 1730 3863 1798 qui
3892 1749 3920 1783 a

653 1813 969 1870 Christiani;
989 1817 1274 1881 adoratur,
1302 1817 1403 1885 fuit
1429 1817 1640 1885 cruci/21
1654 1833 1754 1871 us:
1786 1815 1948 1870 veluti
1976 1816 2151 1884 ignem
2168 1813 2284 1882 igni
2310 1812 2523 1881 adjecit,
2557 1818 2606 1863 et
2635 1812 2914 1879 qmrstioni
2954 1812 3227 1880 conjunxit
3262 1815 3633 1882 qua’stionem,
3666 1823 3721 1867 et
3745 1831 3808 1869 es
3843 1832 3920 1869 re-

651 1886 935 1966 sponsione
976 1904 1173 1972 accepit
1204 1905 1529 1975 occasionem
1586 1903 1808 1957 alterius
1850 1900 2316 1970 interrogationis;
2369 1908 2417 1952 et
2451 1897 2617 1954 multo
2659 1900 2826 1967 magis
2877 1898 3090 1960 sitiebat
3134 1900 3356 1964 discere,
3389 1901 3837 1968 quemadmodu-
3862 1919 3921 1956 e1

654 1986 785 2041 caelo
816 1989 1162 2053 descenderit,
1194 2007 1313 2051 cum
1343 1992 1411 2043 sit
1438 1975 1599 2043 Densi
1624 1999 1673 2043 et
1692 1990 2137 2060 quemadmodum
2173 1988 2332 2039 etiam
2357 1986 2527 2054 [actus
2560 1986 2627 2038 sit
2648 1988 2823 2047 homo,
2854 1997 2904 2038 et
2924 2002 3020 2045 cur
3052 1988 3218 2041 etiam
3246 1989 3314 2041 sit
3341 1988 3410 2040 ad
3438 2004 3652 2042 crucem
3686 1992 3923 2045 condem-

655 2085 833 2138 natus,
867 2085 915 2128 et
951 2096 983 2130 a
1009 2079 1217 2146 quibus,
1241 2088 1288 2131 et
1324 2096 1394 2131 an
1416 2080 1482 2131 sit
1505 2078 1574 2131 ad
1616 2077 1803 2131 carlum
1835 2092 2073 2139 reversus
2111 2074 2248 2126 unde
2276 2073 2635 2133 descenderat.
2675 2070 2806 2126 Cum
2826 2080 3005 2125 autem
3032 2073 3269 2143 a.(viris)
3289 2075 3389 2142 piis
3420 2075 3468 2127 ei
3493 2079 3909 2132 annuntiaretur

664 2165 844 2215 carnis
878 2148 1197 2233 susceptam:
1225 2166 1558 2235 mysterium,
1598 2181 1754 2217 aures
1784 2163 1998 2233 quidem
2028 2162 2241 2233 pietatis
2264 2160 2467 2230 semina
2503 2158 2725 2211 libenter
2777 2158 3153 2228 suscipiebant,
3211 2177 3392 2215 anima
3443 2178 3570 2216 vero
3603 2168 3919 2237 producebat

655 2250 849 2301 sensim
876 2253 1077 2318 spicam
1122 2248 1271 2315 ﬁdei,
1302 2262 1347 2303 et
1383 2252 1428 2304 ei
1457 2252 1775 2305 desiderium
1808 2248 2071 2317 paulatim
2117 2246 2515 2310 innascebatur,
2541 2246 2850 2316 subibatque
2883 2246 3157 2301 temulatio
3189 2249 3301 2318 ejus
3342 2253 3743 2320 perpessionum
3767 2271 3784 2308 :
3810 2270 3919 2325 quae

652 2350 770 2387 cum
794 2337 847 2386 in
872 2335 985 2403 ejus
1014 2336 1197 2387 anima
1238 2345 1397 2402 aucta
1424 2345 1471 2388 et
1501 2336 1831 2404 antpli/icata
1856 2343 2047 2399 essent,
2072 2351 2189 2388 eum
2228 2335 2518 2403 informant
2544 2341 2593 2385 et
2618 2334 2907 2401 instituunt
2937 2334 3007 2387 ad
3031 2336 3287 2404 optimum
3321 2339 3443 2392 vitm
3470 2355 3661 2409 genus,
3686 2342 3917 2411 clarum-

650 2437 751 2488 que
774 2430 824 2474 et
848 2422 1132 2491 insignem,
1168 2432 1372 2480 testem.
1402 2432 1689 2492 martyrem
1721 2424 1962 2492 inquam,
2000 2421 2255 2490 efﬁciunt,
2288 2429 2345 2474 ut
2367 2422 2486 2489 jam
2514 2422 2799 2491 procedens
2829 2420 3129 2474 declarabit
3169 2424 3353 2476 oratio.
3387 2423 3514 2478 ΙΙκο
3548 2436 3677 2496 post
3701 2427 3917 2484 Surium

652 2507 944 2575 Batonius,
972 2508 1066 2578 qui
1097 2508 1253 2562 addit
1301 2507 1513 2563 deinde'
1537 2509 1817 2579 quomodo
1862 2508 1956 2563 ille
1986 2508 2332 2577 Anastasius.
2378 2521 2567 2560 amore
2603 2506 2938 2583 suscipiendi
2991 2505 3361 2577 baptismatis,
3395 2511 3594 2566 relicto
3630 2513 3917 2571 Persarum

652 2594 927 2654 exercitu,
956 2609 1015 2648 se
1044 2595 1345 2660 contulerit
1370 2595 1436 2647 ad
1477 2595 1854 2649 Ratnanorum
1887 2594 2098 2662 copias,
2129 2601 2184 2647 et
2219 2591 2550 2661 Hierapolim
2604 2594 2935 2661 porrexerit,
2968 2592 3069 2648 ubi
3114 2593 3261 2663 apud
3303 2598 3687 2665 argentarium
3722 2599 3919 2671 degens

651 2695 851 2749 genere
879 2682 1120 2750 Persam.
1140 2682 1235 2736 scd
1266 2682 1531 2753 religione
1554 2682 1954 2747 Christianum,
1986 2680 2152 2735 latius
2184 2679 2441 2749 mysteria
2463 2678 2779 2741 Christiana
2806 2678 3089 2743 didicerit,
3117 2680 3377 2735 incensus
3404 2698 3632 2753 quoque
3656 2684 3825 2740 fuerit
3849 2687 3916 2741 ad

650 2769 1001 2824 subeundum
1031 2768 1356 2840 martyrium
1386 2786 1450 2824 ex
1499 2779 1800 2840 martyrum
1830 2766 2231 2824 certaminibus
2250 2780 2371 2835 quae
2390 2765 2693 2834 parietibus
2715 2766 3044 2834 templorum
3074 2767 3394 2835 intuebatur
3414 2768 3675 2838 depicta;
3701 2772 3917 2829 demum

652 2854 1085 2925 Hierosolymam
1113 2855 1391 2925 profectus
1414 2855 1598 2910 fuerit.
1623 2856 2027 2925 Hmc,inquam,
2052 2855 2407 2919 sicnarratex
2427 2852 2632 2918 eisdem
2666 2853 2836 2919 Actis,
2852 2853 2916 2915 ad
2940 2868 3071 2908 ann.
3095 2855 3219 2920 62!,
3238 2871 3294 2909 η.
3319 2854 3385 2910 10
3408 2866 3463 2911 et
3485 2873 3657 2929 seqq:
3681 2859 3915 2915 Primam

651 2937 862 3010 quidem
905 2944 1047 3011 (post
1078 2941 1258 3012 fugam
1288 2942 1354 2996 ad
1389 2943 1692 3009 Romanos)
1728 2960 1847 2997 cum
1872 2944 2097 3008 venisset
2129 2938 2483 3009 Hierapolim,
2512 2940 2721 2994 diuertit
2750 2942 2820 2993 ad
2848 2942 3131 3011 quemdam
3151 2942 3375 2997 Persam
3395 2943 3785 3012 Christianum,
3805 2956 3915 3002 arte

560 3059 565 3064 ~
650 3031 859 3097 argenti
882 3031 1248 3099 conﬂatorem,
1272 3038 1322 3082 et
1348 3045 1469 3083 cum
1489 3039 1658 3082 artem
1671 3030 1945 3102 conﬂandi
1970 3030 2180 3099 argenti
2206 3027 2541 3089 exercuisset,
2564 3044 2759 3091 manus
2777 3028 2987 3097 quidem
3008 3028 3228 3082 habebat
3254 3031 3486 3086 intentas
3514 3035 3683 3103 operi,
3708 3036 3913 3089 animus

651 3125 829 3168 autem
855 3131 1064 3185 semper
1098 3124 1149 3167 et
1164 3116 1421 3185 cogitatio
1449 3115 1631 3174 in-Dei
1662 3132 1842 3169 amore
1866 3116 2244 3185 versabatur...
2276 3129 2497 3185 eumque
2526 3114 2624 3168 sibi
2671 3115 2842 3170 adhuc
2866 3117 3037 3185 magis
3060 3118 3393 3183 accendebat,
3420 3128 3471 3171 et
3499 3121 3566 3174 ab
3588 3122 3704 3191 ipso
3734 3140 3912 3181 rura.

649 3200 1087 3271 inﬂammabatur
1099 3203 1471 3257 vehementius.
1488 3200 1839 3273 Quamobrem
1853 3202 2019 3259 Deum
2030 3202 2272 3273 rogabat.
2334 3209 2391 3254 ut
2409 3202 2645 3255 divinum
2660 3202 2978 3271 baptismum
2994 3211 3417 3273 consequeretur,
3429 3214 3480 3259 et
3491 3210 3710 3263 omnino
3725 3229 3759 3264 a
3773 3213 3914 3282 prio-

650 3287 794 3341 ribus
812 3287 1051 3353 sordibus
1075 3298 1487 3357 expurgantur,
1511 3297 1559 3340 et
1578 3288 1642 3341 ab
1664 3288 1759 3341 illa
1780 3288 1895 3345 labe
1911 3290 2302 3359 praestigiarum
2321 3306 2339 3353 ;
2356 3299 2414 3343 ut
2438 3307 2543 3343 non
2558 3291 2728 3358 solum
2746 3290 3018 3345 voluntate
3040 3300 3089 3344 et
3104 3291 3374 3357 electione,
3390 3295 3483 3348 sed
3508 3299 3693 3351 anima
3711 3316 3913 3370 quoque

649 3383 700 3428 et
718 3389 937 3444 corpore
960 3383 1406 3444 essetpurgatus..
1437 3374 1569 3434 Cum
1592 3374 1685 3439 ille
1711 3386 1887 3429 autem
1915 3392 1977 3429 ar
1997 3376 2167 3429 Persis
2186 3378 2391 3429 timeret
2416 3378 2727 3445 periculum,
2743 3385 2793 3429 et
2810 3378 2925 3431 ideo
2953 3380 3211 3432 morando
3236 3395 3347 3434 rem
3372 3381 3675 3452 differret...
3701 3386 3911 3441 interim

649 3462 719 3515 ad
748 3463 926 3516 divina
950 3461 1153 3532 templa
1177 3462 1360 3515 adiens
1389 3478 1545 3524 suum
1568 3461 1845 3517 solabatur
1870 3463 2210 3525 desiderium,
2230 3463 2350 3516 visis
2379 3479 2499 3516 vero
2525 3462 2798 3516 miraculis
2824 3472 2873 3515 et
2899 3466 3275 3519 certaminibus
3307 3477 3615 3523 sanctorum
3640 3472 3910 3543 descriptis

647 3547 704 3601 in
726 3548 1063 3626 templorum,
1102 3564 1220 3619 quc
1249 3566 1366 3602 cum
1389 3550 1528 3606 socio
1556 3566 1649 3604 suo
1680 3551 1887 3620 argenti
1908 3553 2196 3621 con/latore
2221 3549 2519 3618 frequenter
2543 3547 2809 3610 visitabat,
2846 3549 3135 3617 parietibus
3152 3592 3169 3617 ,
3190 3551 3255 3606 de
3276 3552 3343 3606 iis
3360 3553 3515 3622 illum
3540 3555 3821 3626 diligenter
3834 3560 3909 3612 in-

648 3622 973 3705 terrogabat.
1002 3634 1137 3688 Cum
1167 3636 1347 3705 itaque
1376 3637 1681 3699 audivisset,
1706 3636 1880 3706 qualis
1904 3637 1976 3690 eis
1993 3637 2099 3690 vita
2126 3635 2257 3704 (luis

2294 3645 2363 3695 et,
2391 3634 2509 3703 qui)
2535 3650 2726 3698 mores,
2749 3637 2911 3704 (quin)
2936 3636 3125 3701 virtus,
3143 3646 3192 3693 et
3214 3638 3398 3708 qualia
3418 3622 3906 3710 propter—Christum

648 3720 1002 3792 (subiissciit)
1033 3724 1400 3781 certamina...
1434 3739 1541 3776 non
1573 3730 1777 3792 poterat
1807 3723 2035 3793 amplius
2062 3723 2327 3794 continere
2366 3722 2419 3773 id
2456 3720 2595 3790 quod
2634 3738 2758 3774 suus
2804 3722 3020 3785 animus
3040 3724 3408 3795 parturiebat,
3458 3728 3551 3781 sed
3575 3732 3767 3784 statuit
3795 3748 3906 3802 per-

645 3822 768 3876 gere
788 3805 1235 3877 Hierosolgmam.
1260 3814 1315 3858 ut
1338 3806 1657 3875 baptismum
1683 3805 1791 3859 illic
1816 3816 2236 3875 consequeretur.
2273 3805 2420 3861 Venit
2446 3824 2569 3878 ergo
2610 3811 2666 3862 in
2729 3817 2975 3876 sanctam
3015 3811 3279 3866 civitatem
3298 3852 3313 3875 ,
3363 3821 3413 3866 et
3439 3815 3511 3867 ad
3549 3818 3831 3886 quemdam
3854 3836 3907 3874 se

646 3894 840 3961 recepit
861 3896 1071 3962 argenti
1092 3908 1300 3963 quoque
1340 3895 1610 3963 conﬂandi
1632 3894 1880 3962 peritum.
1922 3892 1987 3947 Ei
2015 3895 2185 3964 aperit
2220 3911 2439 3948 causam
2458 3896 2541 3956 sui
2579 3895 2853 3958 adventus,
2880 3911 3066 3966 nempe
3109 3898 3250 3967 quod
3286 3898 3445 3953 vellet
3491 3902 3564 3955 ad
3600 3920 3786 3968 verum
3817 3892 3904 3960 Dei

645 3980 843 4033 cultum
870 3996 963 4049 per
990 3980 1308 4048 baptismum
1330 3980 1559 4033 initiari.
1588 3978 1688 4033 Ille
1715 3989 1889 4033 autem
1920 3996 2039 4033 eum
2062 3982 2210 4033 ducit
2240 3980 2309 4034 ad
2322 3981 2526 4053 Etiam,
2554 3993 2756 4035 sancta:
2776 3980 3190 4038 Resurrectionis
3216 3986 3509 4057 piissimum
3527 3996 3898 4062 presbyterum,

646 4067 737 4135 qui
760 4081 878 4118 eum
905 4064 1110 4134 supinis
1142 4070 1223 4132 (ut
1248 4064 1475 4135 dicitur)
1506 4065 1747 4119 manibus
1774 4068 2019 4135 suscepit,
2051 4077 2101 4119 et
2128 4068 2191 4119 de
2219 4082 2277 4120 eo
2306 4066 2484 4121 retulit
2513 4068 2584 4122 ad
2601 4068 2917 4139 Modestum,
2943 4071 3039 4145 qui
3063 4071 3184 4141 huic
3206 4072 3320 4127 sedi
3350 4086 3584 4149 precerat
3608 4082 3901 4148 apostolica-

647 4152 951 4219 (Zacharirc
982 4152 1194 4206 scilicet
1225 4153 1427 4222 captivi
1451 4154 1624 4208 vicem
1650 4154 1869 4226 gerens,
1893 4153 1946 4205 in
1974 4152 2163 4216 Graeco
2185 4156 2215 4206 ὁ
2239 4158 2636 4228 τοποτηρητής,
2664 4155 3075 4219 locum-tenens,
3100 4158 3281 4233 inquit
3307 4160 3720 4230 Papebrochius
3744 4181 3897 4236 sapia

643 4242 890 4308 citatus).
925 4248 973 4291 et
1005 4241 1079 4292 sic
1105 4240 1345 4293 divinum
1375 4240 1698 4310 baptismum
1728 4240 2055 4310 assequitur,
2084 4242 2394 4295 veneranda:
2417 4244 2587 4311 crucis
2617 4257 2735 4297 vere
2771 4243 2989 4312 pulcher
3017 4238 3219 4313 fructus
3241 4247 3474 4317 eiectus,
3504 4260 3557 4301 et
3593 4250 3898 4319 Anastasius

645 4327 973 4397 appellatus,
1009 4334 1223 4391 sumpta
1258 4328 1688 4381 denominatione
1713 4345 1743 4381 a
1773 4327 2101 4381 revOeatione
2121 4336 2170 4378 et
2208 4327 2278 4379 ad
2326 4327 2547 4382 meliora
2586 4332 2882 4383 mutatione
2915 4348 2947 4383 a
2978 4333 3145 4400 priori
3178 4332 3497 4400 inﬁdelitate
3527 4346 3575 4390 et
3607 4342 3895 4410 prastigiis.

646 4414 791 4482 (qua:
833 4412 998 4467 fuerit
1030 4413 1187 4481 quasi
1220 4414 1556 4467 resurrectio
1580 4429 1608 4467 a
1636 4421 1813 4471 morte
1840 4414 1907 4466 ad
1941 4411 2154 4481 vitam).
2190 4411 2306 4467 Una
2330 4416 2489 4469 etiam
2514 4432 2632 4469 cum
2667 4432 2727 4470 eo
2755 4417 3056 4486 baptizatus
3096 4430 3171 4472 est
3196 4421 3413 4490 quidam
3442 4424 3676 4495 ejusdem
3715 4430 3896 4498 patria:

644 4512 693 4555 et
721 4503 971 4571 regionis,
997 4502 1091 4571 qui
1115 4502 1214 4570 fuit
1240 4502 1353 4570 ejus
1380 4516 1586 4571 quoque
1618 4503 1674 4555 in
1716 4503 1959 4571 passione
1981 4516 2079 4570 pro
2124 4498 2328 4555 Christo
2363 4504 2554 4564 socius,
2581 4504 2789 4572 easdem
2827 4520 2946 4557 cum
2983 4520 3043 4570 eo
3075 4504 3289 4562 Edessa.-
3318 4522 3625 4564 consecutus
3661 4530 3895 4571 coronas.

616 4592 804 4646 .Anno
831 4588 1099 4659 siquidem
1122 4587 1326 4647 Christi
1344 4588 1449 4643 628
1463 4588 1551 4644 die
1567 4588 1637 4643 2‘2
1657 4589 1926 4653 Januarii,
1945 4590 2191 4659 quinque
2211 4587 2477 4642 duntaxat
2500 4589 2935 4645 hebdomadibus
2956 4600 3012 4645 et
3033 4591 3250 4648 duobus
3273 4594 3471 4651 diebus
3499 4610 3625 4655 ante
3644 4599 3897 4656 Chosruis

637 4677 877 4741 obitum,
915 4676 1165 4747 ejusdem
1200 4676 1379 4746 jussu,
1409 4676 1499 4731 hic
1536 4677 1883 4740 Anastasius,
1918 4676 2021 4747 qui
2066 4676 2275 4745 pluries
2302 4675 2414 4745 jam
2453 4690 2597 4729 anno
2621 4677 2893 4744 superiori
2937 4676 3143 4732 Christi
3182 4680 3359 4737 fuerat
3389 4672 3685 4742 confessus
3716 4689 3894 4750 ﬁdem.

634 4763 890 4820 Ctesarea
917 4764 1241 4827 Palaestinae,
1265 4765 1332 4817 ad
1361 4763 1619 4819 eumdem
1636 4764 1920 4819 Chosroen
1952 4764 2175 4828 missus,
2202 4778 2398 4836 magna
2423 4763 2592 4817 animi
2625 4763 2930 4828 alacritate,
2960 4766 3079 4821 dira
3110 4783 3407 4838 perpessus
3438 4781 3737 4839 tormenta,
3763 4793 3895 4831 mar-

633 4853 844 4924 .tyrium
878 4851 1096 4906 tandem
1145 4851 1393 4906 cervicis
1444 4852 1785 4905 abscissione
1817 4852 2227 4906 consummavit
2264 4869 2278 4904 :
2332 4851 2400 4908 de
2433 4864 2545 4919 quo
2585 4850 2857 4920 legendus
2901 4852 3177 4923 Baronius
3206 4854 3276 4909 ad
3310 4872 3521 4913 annum
3566 4859 3670 4916 627
3700 4879 3762 4918 ιι.
3784 4864 3818 4918 3
3845 4874 3893 4918 et

630 4954 799 5014 seqq.
836 4938 928 4992 ubi
954 4955 1010 4992 n.
1046 4940 1098 5006 1,
1131 4938 1266 4992 Acta
1290 4938 1537 5008 ejusdem
1569 4936 1844 4999 Anastasii
1877 4938 2101 5007 conjicit
2127 4938 2330 5008 scripta
2354 4938 2546 5005 fuisse,
2573 4937 2660 4991 vel
2690 4937 2761 4991 ab
2787 4938 3062 4995 Antiocho
3093 4944 3386 5009 monacho,
3423 4947 3509 5000 vel
3535 4963 3565 5001 a
3586 4947 3893 5019 Sophronia

633 5026 739 5094 .qui
775 5024 1020 5079 Modesto
1044 5025 1098 5078 in
1122 5023 1254 5078 sedc
1281 5024 1779 5095 Hierosolymitana
1805 5025 2092 5088 successit.
2134 5024 2432 5087 Bollandus
2466 5034 2656 5087 tamen
2693 5033 2826 5079 tom.
2860 5025 2904 5079 ll
2939 5025 3194 5081 Actorum
3217 5040 3529 5085 sanctorum
3558 5038 3754 5091 mensis
3802 5037 3891 5090 Ja-

633 5112 848 5179 nuarii,
874 5111 944 5170 ad
968 5110 1114 5167 diem
1137 5111 1227 5176 2‘2,
1257 5126 1312 5180 p.
1341 5111 1464 5173 ΗΞ,
1501 5128 1555 5164 n.
1591 5113 1645 5173 εί,
1675 5111 1778 5165 sibi
1830 5111 2005 5165 videri
2057 5113 2135 5166 ait
2167 5120 2448 5168 auctorem
2494 5110 2629 5167 Vita:
2668 5110 2836 5181 hujus
2875 5114 3133 5183 martyris
3206 5115 3379 5174 fuisse
3429 5119 3669 5189 aliquem
3718 5140 3893 5178 unaua—

635 5199 813 5267 ,chum
844 5198 1079 5253 emnobii
1116 5198 1173 5251 in
1196 5198 1341 5267 quod
1368 5199 1485 5267 ipse
1511 5207 1633 5266 post
1662 5198 1995 5267 baptismum
2021 5214 2142 5253 sese
2175 5205 2480 5268 receperat,
2510 5208 2566 5253 et
2602 5198 2770 5252 vitam
2804 5201 3163 5255 monasticam
3188 5203 3475 5272 amplexus
3523 5222 3667 5262 anno
3696 5208 3889 5265 Christi

631 5285 771 5349 ,620,
806 5300 980 5339 annos
1003 5293 1213 5353 septem
1245 5292 1621 5339 commoratus
1644 5294 1729 5338 est
1769 5301 1783 5338 :
1830 5285 1977 5354 quod
2009 5285 2177 5339 infert
2202 5300 2268 5340 ex
2300 5285 2389 5339 his
2424 5284 2591 5354 hujus
2620 5284 2865 5344 auctoris
2890 5288 3074 5341 verbis
3110 5302 3169 5342 n.
3203 5289 3289 5351 15,
3312 5290 3560 5361 ejusdem
3598 5293 3758 5349 Vita}.
3797 5295 3893 5350 Hoc

634 5382 823 5439 ,autem
855 5374 1047 5425 scimus
1074 5388 1167 5425 nos
1191 5388 1308 5425 eum
1347 5373 1634 5425 mirantem
1668 5380 1716 5425 et
1753 5368 2195 5443 obstupescentem
2234 5372 2589 5426 constantiam
2604 5380 2935 5436 sanctorum,
2957 5373 3091 5427 nihil
3117 5374 3229 5444 fere
3250 5375 3403 5429 aliud
3447 5377 3623 5449 legere
3654 5382 3889 5443 voluisse.

635 5460 751 5527 ,nisi
780 5458 921 5527 quod
945 5457 1098 5511 illum
1127 5459 1298 5525 sancti
1325 5459 1574 5511 desiderii
1602 5460 1849 5513 ardorem
1880 5461 2127 5513 nutriret.
2155 5460 2432 5519 Zachariae
2480 5467 2875 5529 mortuoanno
2906 5457 3116 5515 Christi
3159 5462 3250 5517 151
3287 5463 3376 5517 vel
3422 5466 3546 5530 l53,
3573 5466 3892 5524 substitutos

632 5556 729 5609 ,εει
756 5545 1057 5608 Modestus,
1095 5545 1190 5613 qui
1214 5554 1362 5599 tanta
1388 5560 1513 5600 cum
1540 5546 1703 5600 laude
1738 5547 1877 5602 hanc
1911 5546 2212 5603 Ecclesium
2245 5536 2789 5616 per‘quatuordecim
2811 5544 2925 5608 fere
2956 5560 3153 5611 annos,
3184 5547 3317 5603 dum
3351 5549 3652 5609 Zacharias
3672 5558 3890 5626 patriar-

640 5633 748 5687 cha
784 5633 1127 5689 detineretur
1148 5631 1399 5700 captivus
1420 5632 1475 5685 in
1502 5632 1748 5695 Perside,
1783 5634 2291 5698 administraverat;
2317 5648 2438 5687 eam
2473 5648 2603 5687 vero
2630 5632 2953 5703 dignitatem
2980 5634 3037 5688 in
3069 5635 3295 5704 plenum
3326 5640 3562 5694 sortitus
3585 5644 3741 5699 brevi
3767 5655 3889 5699 tenn-

638 5734 780 5782 porc
805 5718 1011 5773 sedisse
1038 5719 1379 5787 perhibetur.
1418 5719 1830 5787 Papcbrochius
1861 5721 2007 5774 enim
2033 5721 2085 5775 in
2111 5721 2282 5774 Tract.
2320 5720 2548 5791 pra'lim.
2575 5721 2644 5774 ad
2673 5731 2801 5774 tom.
2838 5719 2927 5775 III
2972 5721 3105 5776 Maii
3129 5725 3322 5794 saepius
3345 5731 3628 5795 recensita,
3660 5750 3782 5803 pag.
3807 5735 3884 5794 3|,

637 5823 703 5861 .u.
742 5805 860 5870 l58,
892 5806 991 5859 col.
1021 5807 1075 5871 9.,
1106 5806 1358 5874 observat
1385 5821 1415 5859 a
1442 5805 1777 5873 Nicephoro,
1798 5809 1887 5867 cui
1920 5810 2239 5877 menibrana
2271 5807 2527 5875 ltulazana
2549 5809 2852 5885 consentit,
2878 5824 3087 5865 annum
3112 5826 3287 5866 unum
3311 5813 3606 5886 regiminis
3635 5806 3886 5892 (utique)
