4082 6452
231 389 375 452 3273
1165 392 1244 451 IN
1291 389 1702 451 UNGUENTA
1745 389 2138 448 FERENTES
2158 387 2537 448 MULIEREE
3350 378 3488 444 39η

235 506 412 548 morte
446 495 741 556 Zacharim,
780 495 865 547 cui
899 509 962 546 ex
999 494 1224 548 Perside
1262 511 1483 548 reverso
1509 495 2041 549 administrationem
2076 496 2180 550 sibi
2218 497 2520 566 delegatam
2557 503 2893 551 restituerat.
2931 493 3013 544 vel
3041 508 3203 560 quam
3239 491 3488 548 fortassis

237 583 344 636 sub
378 583 582 645 illo,ex
612 581 784 650 ipsius
833 597 1129 644 consensu,
1163 598 1421 636 exercere
1470 585 1812 650 perrexerat)
1866 585 2168 652 assignari;
2223 585 2360 637 duos
2404 598 2536 636 vero
2568 596 2742 635 annos
2779 580 2847 633 ab
2891 589 3116 633 auctore
3171 581 3486 633 tabularum

234 668 564 739 Theophani
625 672 953 723 insertarum
994 687 1006 720 :
1049 670 1144 723 sed
1188 671 1294 722 nisi
1340 671 1596 724 decessor
1630 672 1749 740 ejus
1781 670 2096 732 Zacharias,
2137 671 2336 754 i‘nquit,
2371 671 2660 738 plusquam
2697 669 2765 720 9.2
2795 683 2970 720 annus
3002 675 3123 731 post
3158 682 3311 719 suam
3341 668 3488 719 ordi-

234 759 522 812 nationem
555 757 773 818 vixerit,
805 774 905 811 nec
936 758 990 810 hi
1021 758 1333 821 suﬂieiunt;
1371 775 1494 810 cum
1519 769 1673 812 certo
1698 767 1913 813 constet
1941 772 2318 813 successorem
2352 759 2473 826 ejus
2502 756 2873 825 SOphronium
2896 755 3102 808 mensis
3138 753 3259 806 Maii
3291 763 3486 821 quarta

232 844 350 907 die,
390 845 583 899 indict.
618 857 789 908 sexta,
825 845 875 897 id
909 857 992 899 est
1028 861 1173 898 anno
1207 847 1329 909 655,
1359 847 1676 901 interfuisse
1713 848 1923 917 synodo
1958 844 2339 900 Alexandrinae
2381 844 2561 898 adhuc
2587 843 2860 912 privatum
2892 840 3246 902 monachum,
3289 841 3479 909 ibique

232 947 495 985 exorsum
529 949 624 985 sua
649 946 842 985 contra
870 933 1360 986 monotbelismum
1393 946 1708 988 nascentem
1742 935 2064 995 certamina,
2099 933 2300 987 deinde
2336 947 2459 986 cum
2494 931 2694 984 litteris
2724 930 2848 1000 Cyri
2886 927 3216 997 patriarcha:
3249 927 3491 982 Alexanv

231 1018 385 1072 drini
418 1020 583 1073 ivisse
611 1019 1180 1088 ConstantinOpolim,
1210 1020 1275 1072 ad
1307 1022 1460 1076 urbis
1481 1021 1961 1090 archiepiscopum
1990 1019 2274 1090 Sergium;
2301 1019 2439 1073 adeo
2467 1027 2522 1097 ut
2544 1017 2773 1070 multum
2800 1016 2889 1079 sit,
2920 1015 2964 1069 si
3001 1026 3129 1068 ante
3159 1023 3489 1068 autumnum

238 1107 443 1158 reverti
480 1106 720 1174 potuerit
784 1107 836 1158 in
871 1107 1239 1159 Palaestinam.
1289 1107 1412 1161 Haec
1446 1109 1805 1162 considerans
1851 1109 2074 1177 aliquis,
2107 1108 2461 1178 prosequitur
2491 1105 2924 1175 Papebrochius,
2961 1112 3012 1156 et
3055 1100 3334 1171 quomodo
3376 1101 3490 1171 jam

234 1193 366 1246 inde
395 1210 420 1242 ει
454 1203 612 1260 capta
641 1192 745 1245 sub
781 1193 1028 1249 Chosme
1059 1194 1432 1265 Hierosolyma
1459 1197 1784 1264 patriarcha:
1819 1198 1969 1250 vices
2005 1197 2239 1266 gesserit
2283 1194 2582 1254 Modestus,
2627 1191 2877 1246 fortassis
2909 1190 3057 1244 volet
3087 1187 3300 1258 opinari
3343 1187 3490 1256 quod

235 1279 457 1345 primus
485 1280 648 1333 istius
671 1280 902 1348 catalogi
927 1289 1124 1334 auctor
1148 1283 1241 1350 qui
1269 1283 1320 1335 in
1355 1283 1669 1352 Soplironio
1704 1287 2034 1339 terminatur
2065 1277 2247 1338 nullos
2266 1285 2314 1336 ei
2348 1297 2522 1336 annos
2544 1282 2833 1342 definiens,
2865 1277 3105 1332 voluerit
3151 1285 3323 1330 totum
3352 1283 3491 1329 tem-

235 1375 342 1430 pus
367 1377 476 1430 τιυο
505 1362 943 1430 patriarchatum
977 1365 1388 1417 administravit
1421 1366 1719 1429 Modestus,
1747 1369 1925 1424 eidem
1971 1382 2030 1424 ut
2055 1387 2187 1425 vero
2223 1370 2546 1439 patriarchae
2597 1368 2894 1429 ascribere,
2932 1363 3138 1418 notatis
3168 1361 3354 1416 Graece
3383 1375 3486 1413 an—

234 1449 329 1500 nis
354 1454 460 1507 κω,
493 1449 543 1500 id
578 1458 683 1510 est,
717 1448 804 1508 2|,
829 1450 972 1516 quod
1004 1451 1095 1503 alii
1129 1466 1234 1504 non
1268 1451 1664 1521 intelligentes,
1694 1454 2036 1524 nimiumque
2069 1471 2191 1508 esse
2223 1454 2472 1507 videntes
2506 1444 2805 1519 (siquidem
2828 1457 2950 1518 post
2979 1443 3302 1499 Zachariam
3331 1441 3485 1496 brevi

243 1534 379 1586 satis
415 1541 662 1602 tempore
697 1535 784 1588 ille
816 1534 1096 1590 Modestus
1120 1537 1276 1606 vixit)
1315 1539 1521 1593 omisso
1555 1545 1623 1601 κ’,
1650 1540 1978 1594 rt-tintierint
2023 1540 2092 1602 α’.
2127 1541 2282 1594 facile
2308 1555 2482 1594 annos
2528 1539 2588 1590 21
2638 1536 2934 1605 repelluri,
2968 1534 3014 1587 si
3045 1547 3339 1586 numerare
3369 1529 3490 1584 illos

240 1619 549 1673 voluissent
575 1621 641 1672 ab
677 1630 912 1674 exetinte
938 1622 1077 1676 Maio
1116 1625 1220 1691 (vel
1253 1625 1413 1678 initio
1459 1625 1631 1694 Junii)
1663 1627 1794 1679 anni
1821 1625 1930 1680 ’614
1965 1628 2096 1694 (quo
2135 1637 2290 1696 capta
2327 1636 2409 1680 est
2438 1642 2467 1680 a
2513 1625 2698 1679 Persis
2727 1620 3223 1689 llierosclymitana
3269 1616 3489 1681 civitas)

233 1705 305 1758 ad
348 1722 596 1760 mensem
628 1708 988 1762 Decembrem
1021 1713 1147 1764 anni
1184 1713 1306 1765 634.
1353 1713 1456 1768 Sed
1490 1713 1626 1766 nihil
1661 1729 1886 1768 necesse
1921 1735 1934 1762 ο
1957 1715 2027 1768 rit
2055 1714 2163 1767 huc
2197 1730 2506 1774 recurrere,
2539 1711 2583 1766 si
2631 1710 2908 1764 Zacharias
2939 1707 3173 1759 velimus
3203 1713 3377 1757 annos
3420 1704 3493 1757 21

236 1793 581 1862 relinquere.
622 1794 777 1848 Tunc
808 1797 955 1848 enim
992 1813 1020 1848 a
1055 1799 1249 1851 Martio
1282 1817 1425 1852 anno
1459 1801 1582 1860 (3235,
1619 1817 1786 1869 usque
1823 1801 1890 1854 ab
1923 1803 2280 1856 Decembrem
2313 1800 2436 1854 anni
2461 1797 2763 1868 sequentis,
2790 1796 2894 1850 dici
2920 1801 3100 1864 potest
3145 1790 3353 1844 sedisse
3381 1791 3492 1845 Mo-

230 1881 444 1936 destus.
481 1883 633 1944 Dico,
669 1899 840 1951 usque
870 1885 934 1936 ad
962 1885 1338 1945 Decembrem,
1367 1889 1490 1952 quia
1516 1890 1604 1943 tali
1640 1891 1825 1941 mense
1851 1889 1938 1942 die
1972 1889 2032 1942 16
2054 1889 2241 1941 colunt
2272 1887 2448 1956 ipsum
2472 1885 2646 1940 (ΞΓωοί
2670 1899 2849 1936 annua
2875 1877 3402 1934 commemoratione
3435 1877 3490 1930 in

232 1968 478 2023 Menaeis.
512 1968 587 2024 Ita
615 1969 1032 2039 Papebroehius
1055 1973 1278 2025 citatus.
1317 1974 1620 2043 Eutychius
1660 1976 2068 2028 Alexandrinus
2100 1976 2293 2027 scribit
2335 1973 2637 2026 Modestum
2682 1970 2893 2024 sedisse
2925 1983 3122 2021 novem
3160 1979 3402 2027 menses,
3435 1972 3492 2018 et

231 2063 360 2122 post
388 2055 512 2123 ejus
548 2067 782 2109 mortem
830 2059 1097 2110 mansisse
1150 2059 1466 2112 catln-dram
1531 2062 1604 2116 lli.
1632 2062 1843 2130 insul)"

1878 2063 2077 2115 itanam
2126 2078 2216 2114 sex
2252 2063 2411 2116 annis
2449 2061 2566 2115 sine
2609 2057 2945 2129 patriarcha.
2986 2055 3109 2108 Haec
3140 2053 3364 2122 quidem
3395 2066 3490 2106 sex

229 2155 512 2194 annorum
550 2144 802 2195 vacantia
848 2151 979 2197 'vera
1017 2160 1126 2197 non
1172 2147 1390 2198 videtur
1424 2165 1435 2197 :
1469 2163 1592 2199 nam
1630 2148 1698 2200 ab
1739 2164 1881 2201 anno
1909 2151 2032 2205 654.
2082 2166 2193 2218 quo
2226 2149 2520 2202 Zacharias
2554 2145 2860 2206 desctrudit,
2898 2156 3074 2210 usque
3107 2140 3172 2193 ad
3217 2139 3342 2202 656,
3380 2152 3490 2207 quo

229 2227 582 2297 Suphronius
623 2230 914 2284 ordinatus
958 2241 1041 2285 est
1083 2232 1586 2304 Hierosolymorum
1644 2239 1956 2305 episcopus,
1999 2254 2091 2290 sex
2142 2239 2387 2304 profecto
2428 2235 2556 2286 anni
2607 2249 2714 2285 non
2748 2237 3072 2289 occurrunt,
3103 2226 3209 2279 ‘sub
3252 2239 3488 2294 quorum

230 2316 404 2368 etiam
433 2315 728 2369 duratione
766 2319 995 2371 Modesti
1033 2321 1440 2388 patriarehatus
1468 2323 1625 2376 ﬂuxit
1659 2324 1821 2376 unius
1853 2323 1980 2374 anni
2035 2323 2119 2374 vel
2152 2323 2408 2376 duorum.
2453 2323 2519 2373 At
2571 2320 2808 2387 aliquam
2863 2313 3249 2368 intercessisse
3285 2326 3488 2364 vacan-

233 2401 391 2464 tiam,
434 2417 462 2454 a
494 2403 726 2456 Modesti
754 2405 907 2457 obitu
936 2421 1110 2474 usque
1143 2407 1209 2459 ad
1237 2407 1536 2473 Sophronii
1563 2407 2054 2480 inaugurationcm,
2095 2409 2326 2461 suadent
2354 2408 2603 2476 quaedam
2638 2404 2851 2458 Martini
2879 2404 2897 2455 l
2939 2398 3171 2455 Romani
3214 2396 3491 2468 pontificis

232 2488 403 2542 verba
437 2489 672 2543 inferius
708 2492 1019 2554 referenda,
1057 2509 1179 2560 quze
1205 2495 1468 2562 leguntur
1500 2495 1553 2547 in
1581 2496 1830 2561 epistolis
1853 2497 1974 2564 ejus
1998 2502 2063 2547 ad
2089 2497 2354 2548 Joannem
2381 2491 2774 2560 Philadelpliiae
2795 2490 3141 2558 episcopum.
3168 2494 3221 2540 et
3251 2484 3316 2538 ad
3347 2484 3488 2538 Pan-

230 2577 510 2631 Lileonem
536 2595 550 2642 ;
581 2580 795 2633 scilicet
822 2581 970 2634 virus
999 2583 1212 2651 aliqu0s
1237 2591 1361 2636 aute
1397 2582 1676 2652 Soplirouii
1700 2585 2100 2652 patriarchiam,
2137 2585 2265 2635 item
2317 2589 2428 2651 post
2464 2581 2578 2650 ejus
2623 2581 2918 2638 decessum,
2953 2591 3060 2629 non
3098 2572 3489 2628 convenienter

237 2663 411 2717 fuisse
442 2664 651 2719 electos
679 2667 731 2718 in
769 2668 1079 2738 cpiscOpos,
1108 2670 1189 2722 vel
1231 2670 1601 2740 presbyteros,
1623 2679 1730 2723 etc.
1764 2671 1962 2724 Prmter
1989 2671 2214 2724 Modesti
2253 2667 2541 2735 epistolam
2575 2667 2642 2721 de
2697 2681 2800 2733 qua
2829 2679 3014 2732 supra,
3057 2669 3243 2713 monet
3294 2657 3491 2727 Pagius

231 2760 370 2804 tom.
405 2751 447 2804 ll
475 2753 592 2804 crit.
625 2754 811 2808 annal.
846 2754 1068 2809 Barom‘i
1103 2757 1168 2809 ad
1213 2772 1416 2810 annum
1468 2757 1592 2812 635.
1620 2773 1676 2809 ιι.
1711 2758 1742 2810 6
1771 2773 1893 2827 pag.
1934 2758 2055 2816 801.
2089 2758 2193 2811 eol.
2223 2759 2270 2816 1,
2303 2757 2486 2809 adhuc
2528 2768 2821 2823 superesse
2847 2751 2986 2805 duas
3023 2750 3144 2817 ejus
3166 2756 3486 2800 orationes:

235 2856 429 2905 unam,
463 2844 518 2894 in
549 2844 795 2897 mulieres
824 2847 1259 2916 unguentifcrqs;
1291 2848 1537 2909 alteram,
1564 2849 1614 2900 in
1643 2864 1918 2901 occursum
1953 2865 1960 2872 ’
1993 2852 2112 2913 qua:
2146 2846 2448 2898 recitantur
2475 2859 2503 2896 a
2539 2843 2736 2896 Photio
2763 2841 2817 2894 in
2843 2838 3106 2893 Bibliotli.
3137 2834 3327 2888 codice
3357 2833 3484 2888 275.

229 2928 353 2982 Alia
382 2945 602 2998 quoque
627 2932 811 2984 oratio
856 2943 1073 2988 exstare
1114 2933 1342 2997 dicitur,
1375 2934 1484 2987 sub
1507 2935 1753 3004 ejusdem
1802 2934 2029 2987 Modesti
2084 2932 2325 2992 nomine,
2360 2932 2413 2982 in
2453 2929 2643 2983 codice
2690 2929 2795 2982 9.75
2835 2923 3378 2992 Coisliniano,part.
3427 2934 3487 2986 tt,

228 3025 357 3084 pag.
393 3014 520 3080 289,
547 3015 610 3068 de
632 3019 947 3071 dormitione
974 3019 1218 3090 Deiparw
1251 3019 1490 3091 Virginis.

2257 3199 3464 3228 Μ

230 3201 1492 3229 m—

1501 3219 2249 3230 -.ο-..Μ-σ--ηισ-

1455 3352 2282 3481 ΜΟΔΕΣΤΟΥ

1290 3576 1852 3630 ΑΡΧΙΕΠῘΣΚΟΠΟΥ
1905 3574 2392 3627 ιεΡυΣυλιἿιιοΝ

1225 3744 1396 3828 ΕΙΣ
1471 3744 1675 3828 ΤΑΣ
1751 3741 2525 3828 ΜΥΡΟΦΟΡΟΥΣι

1835 3931 1904 3944 ,-

1561 4083 2184 4201 MODESTI

1201 4317 1783 4380 ARCHIEPISCUPI
1825 4317 2532 4380 HIEROSOLYMITANI

670 4485 792 4574 IN
908 4483 1558 4573 UNGUENTA
1668 4484 2282 4571 FERENTES
2396 4483 3045 4574 MULIERES.

1391 4674 1663 4742 (Pliones,
1706 4671 1973 4737 Biblioth.,
2013 4675 2137 4728 cod.
2183 4675 2328 4744 275.)

1831 4837 1904 4847 ο-ν..

296 4956 400 5014 τὸν
428 4958 656 5028 ῑδδομον
707 4957 941 5028 ἀριθμδν
969 4959 1065 5012 καὶ
1109 4962 1201 5013 ἐπὶ
1232 4961 1330 5028 τῆς
1363 4959 1560 5029 ἀρετῆς
1591 4961 1681 5010 καὶ
1711 4959 1805 5008 ὶπὶ

1975 4963 2280 5032 Septimum
2321 4977 2636 5026 numerum,
2663 4973 2719 5018 et
2752 4962 2819 5019 de
2850 4963 3056 5018 virtute
3083 4971 3138 5018 et
3163 4963 3231 5018 de
3258 4967 3483 5034 peccato

211 5051 321 5119 τῆς
357 5050 556 5113 κακίας
583 5050 911 5120 εὑρίσκομεν
945 5051 1044 5118 τὴν
1080 5048 1302 5116 Γραφὴν
1350 5049 1808 5120 παραλαμῦὼνουο

1904 5053 1957 5106 in
2009 5052 2295 5122 Scriptura
2346 5063 2633 5124 acceptum
2686 5055 3014 5110 invenimus.
3071 5055 3267 5111 Merito
3315 5054 3481 5125 igitur

215 5155 343 5194 σαν.
377 5139 621 5201 Εἰκότως
653 5135 747 5192 οὖν
770 5140 868 5208 τὴν
899 5140 1119 5209 Μαρίαν
1146 5140 1427 5207 ἐκλέγεται
1457 5139 1556 5208 τὴν
1583 5139 1805 5206 Μαγδα-

1902 5142 2067 5212 elegit
2099 5142 2321 5197 Mariam
2360 5143 2730 5215 Iagdalenam
2774 5145 3044 5206 Salvator,
3076 5159 3106 5198 e
3134 5160 3239 5215 qua
3273 5156 3479 5216 septem

213 5223 390 5299 ληνὴν
423 5230 450 5280 ὁ
485 5226 698 5299 Σωτὴρ,
740 5229 835 5296 ἀφ’
865 5225 930 5298 ἧς
965 5229 1284 5297 ἐκϐεϐλήκει
1321 5229 1575 5296 δαιμόνια
1615 5230 1756 5283 ἑπτά
1781 5245 1794 5258 ⁸

1907 5233 2173 5287 ἀεωοηὶει
2205 5235 2424 5304 'ejecit,
2455 5244 2517 5289 ut
2539 5235 2841 5306 principem
2877 5235 3086 5306 peccati
3114 5251 3212 5304 per
3244 5235 3387 5291 iilam
3413 5238 3482 5290 ab

214 5320 309 5372 ἵνα
343 5319 437 5373 τὸν
466 5319 702 5389 ᾶρχοντα.
739 5320 838 5388 τῆς
885 5321 1082 5384 κακίας
1116 5319 1184 5372 δι’
1211 5321 1379 5388 αὐτῆς
1412 5319 1659 5392 ἀπελάσῃ
1697 5321 1794 5387 τῆς

1904 5325 2226 5384 hominibus
2245 5327 2563 5396 expelleret.
2593 5327 2844 5384 Historia
2867 5328 3089 5383 tradunt
3111 5326 3481 5396 Magdalenen:

220 5413 574 5485 ἀνθραιιπίνης
633 5414 870 5482 φύσεως.
917 5415 1058 5476 Ὅτι,
1106 5415 1292 5482 φησὶν,
1335 5417 1392 5466 αἱ
1434 5415 1662 5485 ἱστορίαι
1697 5416 1794 5485 τὴν

1905 5415 2047 5470 hanc
2087 5416 2352 5486 virginem
2399 5415 2589 5479 fuisse,
2624 5427 2681 5471 et
2712 5421 3034 5487 martyrium
3068 5418 3232 5488 hujus
3272 5434 3481 5479 mem-J-

215 5505 587 5574 Μαγδαληνὴν
629 5506 834 5574 ταύτην
875 5507 962 5560 6ιά
1009 5508 1127 5575 βίου
1169 5509 1434 5578 παρθένον
1465 5507 1791 5560 διδάσκουσι.

1905 5508 2058 5561 ratur
2091 5522 2107 5561 :
2140 5507 2230 5563 ubi
2259 5506 2484 5570 dicitur,
2516 5518 2742 5578 prepter
2774 5524 3043 5565 summm
3083 5511 3234 5566 illius
3259 5511 3481 5578 virgini-

218 5595 332 5646 ιςαι
364 5598 660 5665 μαρτύριον
698 5596 754 5648 δὲ
800 5597 968 5665 αὐτῆς
1011 5598 1257 5666 φέρεται,
1294 5600 1348 5648 ὲν
1377 5590 1419 5664 ᾧ
1461 5598 1674 5665 λέγεται
1707 5598 1794 5650 διὰ

1906 5607 2094 5656 tatem.
2127 5608 2183 5654 et
2221 5597 2534 5662 puritatem.
2569 5599 2713 5653 illam
2747 5611 3007 5669 tanquam
3047 5601 3250 5654 vitrum
3283 5615 3478 5670 parum

291 5753 306 5779 ‘
346 5747 480 5802 Luc.
510 5763 627 5811 vni,
652 5746 708 5800 Ξ.

503 5839 772 5899 Parnm.
819 5840 934 5896 Gn.
973 5839 1313 5899 LXXXVI.
3127 5845 3241 5910 l03
