4082 6450
561 381 704 448 3327

1797 393 1856 451 S.
1901 392 2127 450 PETRI
2168 389 2577 452 LAODICENI

3695 384 3829 450 3328

567 494 730 565 quod,
776 509 875 566 per
917 497 1215 568 gratiarum
1251 501 1523 554 actionem
1572 516 1736 571 super
1780 501 1890 556 illis
1921 502 2142 567 factam,

2271 505 2405 569 πτίας
2438 506 2610 560 ταῦτα
2636 506 2819 567 ἐκεῖνα
2853 503 2994 564 εἶναι
3026 505 3306 560 πιστεύειν
3326 519 3340 535 ·
3377 506 3407 559 ό
3439 503 3552 575 γὰρ
3572 503 3826 569 ζωοποιδς

566 600 764 655 corpus
819 595 878 642 et
931 591 1154 660 sanguis
1195 589 1402 645 Christi
1443 591 1583 646 facta
1625 600 1798 646 sunt:
1850 592 2149 649 Vivilleans

2271 596 2345 648 τοῦ
2372 596 2508 650 Θεοῦ
2530 597 2702 666 Λόγος
2728 598 2939 663 ἑνώσας
2963 597 3125 652 αὐτὸν
3154 600 3220 669 τῇ
3253 596 3364 668 ἰδία
3391 595 3563 667 σαρκὶ
3580 636 3596 659 ,
3624 593 3746 648 καθ’
3773 593 3826 648 ὃν

568 676 714 732 enim
756 674 854 732 Dei
881 678 1121 734 Verbum
1146 721 1160 745 ,
1189 682 1431 751 seipsum
1464 679 1699 752 prapria‘:
1747 684 1902 737 carni
1941 685 2142 739 uniens

571 768 731 823 modo
761 785 925 839 quem
959 772 1074 840 ipse
1103 773 1276 834 novit,
1309 773 1481 842 ipsam
1505 772 1874 828 vivificantem
1905 790 2028 830 esse
2058 775 2154 829 de-

569 855 817 924 claravit,
848 860 1038 927 Panis,
1071 863 1346 932 inquiens,
1377 881 1533 934 quens
1561 880 1654 934 ego
1695 865 1852 929 dabo,
1875 882 2000 920 caro
2037 882 2153 920 mea

571 959 646 1003 est
677 967 838 1019 quam
889 968 981 1022 ego
1038 954 1172 1007 dabo
1218 969 1310 1020 pro
1354 956 1539 1009 mundi
1585 957 1691 1009 vita
1721 961 1772 1021 ‘;
1807 966 1864 1010 et
1910 957 2151 1010 iterum:

571 1037 685 1093 Nisi
715 1041 1160 1098 manducaveritis
1205 1061 1417 1114 carnem
1449 1045 1569 1100 Filii
1598 1047 1822 1100 Itominis
1851 1055 1900 1099 et
1926 1048 2155 1112 biberitis

573 1130 687 1197 ejus
711 1133 1044 1199 sanguinem,
1074 1150 1179 1187 non
1208 1136 1461 1188 habebitis
1506 1138 1669 1189 vitam
1688 1147 1942 1191 cateruam
1972 1140 2012 1191 ’.
2044 1137 2158 1193 Hoc

576 1219 742 1290 igitur
795 1220 1062 1278 facientes
1119 1227 1286 1279 vitam
1347 1227 1400 1279 in
1465 1228 1626 1282 nobis
1688 1228 1974 1282 habemus.
2012 1230 2159 1285 Dixit

575 1311 722 1364 enim
754 1327 767 1363 :
807 1311 910 1375 Qui
945 1315 1230 1368 manducat
1264 1333 1434 1368 meam
1484 1335 1719 1382 carnem,
1745 1327 1795 1371 et
1822 1319 1947 1372 bibit
1987 1336 2160 1374 meum

574 1403 907 1469 sanguinem,
940 1404 994 1456 in
1028 1419 1108 1457 me
1143 1413 1321 1458 manet
1378 1415 1425 1457 ct
1455 1423 1547 1475 ego
1580 1408 1634 1460 in
1663 1406 1755 1460 illo
1789 1407 1829 1460 ⁸.
1861 1408 2160 1477 Oportebat

575 1492 720 1546 enim
748 1493 898 1546 illum
933 1479 1154 1562 quidem
1191 1496 1246 1548 in
1283 1495 1443 1550 nobis
1478 1513 1574 1566 per
1613 1504 1864 1552 sanctum
1889 1498 2157 1567 Spiritum

579 1581 741 1636 modo
763 1582 1049 1639 divinitate
1066 1585 1230 1656 digno
1254 1586 1523 1648 habitare,
1542 1587 1869 1656 corporibus
1886 1603 2016 1643 vero
2031 1605 2159 1643 nos-

579 1672 680 1726 tris
705 1688 802 1741 per
827 1684 1070 1729 sanctam
1109 1676 1281 1745 ipsius
1311 1692 1531 1731 carnem
1549 1686 1604 1732 et
1619 1678 1922 1747 pretiosum
1939 1681 2162 1751 sangui—

579 1769 705 1817 nem
728 1766 1107 1821 commisceri:
1134 1767 1280 1836 quod
1311 1776 1366 1821 et
1395 1783 1718 1823 concessum
1749 1769 2036 1835 habemus,
2068 1788 2165 1840 per

579 1852 1020 1931 benedictionem
1037 1857 1330 1923 vivificam,
1350 1859 1452 1912 sub
1481 1858 1663 1928 specie
1693 1861 1850 1929 panis
1867 1870 1924 1915 et
1943 1861 2078 1926 vini,
2095 1878 2164 1917 ne

580 1942 719 2008 forte
746 1944 1068 2001 hebesceret
1089 1948 1264 2017 pietas
1301 1957 1511 2013 nostra,
1541 1949 1674 2003 dum
1701 1965 1924 2005 carnem
1953 1959 2008 2005 et
2030 1968 2162 2006 san—

581 2035 801 2102 guinem
824 2039 1105 2106 proposita
1137 2041 1385 2096 videmus
1409 2041 1461 2094 in
1485 2042 1842 2096 ecclesiarum
1878 2043 2162 2098 altaribus.

580 2124 1041 2184 Condescendens
1058 2133 1228 2197 enim,
1256 2143 1314 2186 ut
1339 2134 1510 2186 Deum
1540 2133 1718 2199 decet,
1750 2132 2166 2190 inﬁrmitatibus

580 2219 807 2283 nostris,
839 2220 966 2290 pani
1000 2222 1184 2277 oblato
1219 2224 1479 2277 virtutem
1525 2226 1650 2279 vitae
1693 2226 1965 2292 immittit,
2011 2237 2068 2281 et
2109 2226 2186 2280 in‘

579 2323 735 2363 suam
765 2325 988 2381 carnem
1014 2321 1363 2377 transmutat,
1392 2326 1450 2368 ut
1475 2317 1529 2370 in
1559 2318 2003 2373 communionem
2031 2319 2165 2372 vivi-

580 2397 736 2453 ﬂcam
771 2400 926 2454 illum
969 2403 1292 2468 habeamus,
1325 2415 1382 2459 et
1427 2407 1583 2475 quasi
1629 2423 1855 2477 germen
1898 2411 2024 2464 vitae
2072 2410 2166 2464 ﬁat

579 2488 740 2544 nobis
789 2504 994 2560 corpus
1055 2492 1203 2554 vitae.
1250 2492 1386 2548 Cum
1434 2504 1617 2551 autem
1669 2496 1806 2552 dicit
1851 2503 2164 2569 sanguinem

579 2598 736 2636 suum
767 2600 863 2653 pro
890 2583 1073 2638 multis
1101 2585 1341 2654 enisum.
1364 2601 1468 2642 nro
1499 2587 1756 2643 omnibus
1779 2588 2015 2643 effusum
2043 2606 2164 2645 esse

576 2672 890 2742 signiﬁcat:
926 2673 1071 2728 Unus
1117 2677 1278 2740 enim,
1313 2677 1490 2747 inquit
1523 2669 1746 2745 Paulus,
1781 2698 1878 2751 pro
1923 2683 2163 2737 omnibus

578 2772 819 2818 mortuus
857 2775 953 2831 est,
985 2775 1041 2818 ut
1060 2768 1183 2836 jam
1219 2785 1322 2821 non
1351 2770 1450 2823 sibi
1471 2772 1674 2837 vivant,
1703 2773 1795 2826 sed
1825 2771 1909 2826 illi
1949 2776 2038 2844 qui
2067 2791 2164 2843 pro

575 2855 706 2918 ipsis
733 2865 968 2911 mortuus
1014 2867 1090 2911 est
1137 2867 1185 2912 et
1219 2862 1579 2916 resurrexit‘.
1626 2863 1798 2918 Porro
1857 2867 2162 2922 notandum

579 2960 683 3015 est,
709 2952 858 3021 quod
885 2953 1074 3019 Judas,
1103 2955 1268 3010 etiam
1300 2965 1423 3026 post
1451 2960 1836 3029 mysteriorum
1868 2962 2166 3033 participa-

579 3042 810 3105 tionem.
850 3046 1002 3114 juxta
1046 3046 1209 3101 Lucae
1256 3048 1656 3115 narrationem,
1702 3050 1847 3106 idem
1875 3057 2162 3121 remansit,

2253 682 2390 740 οἶδεν
2424 688 2626 757 τρόπον
2657 688 2839 752 αὐτὸς,
2873 688 3135 752 ζωοποιδν
3161 686 3439 756 ἀπέφηνεν
3493 686 3668 749 αὑτήν
3694 701 3707 714 ·
3729 685 3826 752 ἔφη

2253 778 2382 846 γὰρ.
2430 779 2512 832 δτι
2554 778 2618 832 'o
2667 778 2845 847 ἄρτος
2885 779 2956 832 ὃν
2988 777 3104 847 ἐγὼ
3146 777 3358 837 δώσω,
3414 778 3452 844 τ)
3506 774 3666 842 σάρξ

2254 865 2450 930 ἐστιν,
2488 867 2567 935 ἢν
2603 868 2720 937 ἐγὼ
2748 867 2920 921 δώσω
2952 868 3104 936 ὑπὲρ
3130 865 3374 934 nigrai}
3408 866 3642 934 κόσμου
3668 862 3825 930 ζωῆς.

2257 958 2353 1008 καὶ
2380 958 2560 1012 πάλιν·
2596 959 2731 1014 Ἐὰν
2759 958 2840 1027 μὴ
2867 959 3098 1030 φάγητε
3143 959 3261 1027 τὴν
3287 957 3489 1027 σάρκα
3537 957 3648 1011 τοῦ
3673 955 3826 1009 ’Υίοῦ

2257 1047 2363 1100 τοῦ
2409 1049 2759 1116 ἀνθρώπου,
2794 1051 2896 1105 καί
2950 1052 3127 1119 πίητε
3164 1050 3352 1104 αὐτοῦ
3391 1049 3458 1103 τὸ
3504 1044 3650 1118 αἷμα
3673 1087 3688 1111 ,
3726 1047 3827 1101 οὐκ

2257 1137 2427 1206 ἔχετε
2480 1137 2635 1206 ζωὴν
2687 1140 2931 1196 αίώινον
2979 1155 2994 1170 ⁶
3033 1139 3231 1194 οὐκοῦν
3284 1140 3446 1193 τοῦτο
3505 1137 3784 1201 ποιοῦντες
3811 1179 3824 1200 ,

2260 1228 2404 1296 ζωὴν
2436 1230 2632 1299 ἔχομεν
2663 1231 2726 1285 έν
2750 1232 2968 1296 έαυτοῖς
2991 1231 3155 1286 αὐτόν
3178 1247 3193 1262 ·
3229 1230 3333 1301 ἔφη
3355 1230 3482 1299 γάρ·
3518 1230 3582 1282 Ὃ
3609 1227 3829 1297 τρώγων

2255 1336 2375 1384 μου
2415 1319 2530 1385 τὴν
2563 1319 2784 1388 σάρκα,
2816 1320 2915 1374 καί
2946 1322 3140 1375 πίνων
3166 1319 3384 1390 μουτὸ
3410 1314 3590 1386 alga,
3614 1318 3686 1370 ἐν
3711 1317 3827 1386 ἐμοὶ

2256 1409 2441 1477 μένει,
2467 1411 2628 1480 κάγὼ
2655 1413 2725 1466 ἐν
2760 1411 2944 1478 αὐτῷ.
2980 1413 3130 1466 Ἔδει
3159 1414 3270 1483 γὰρ
3294 1411 3458 1466 αὑτὸν
3484 1411 3575 1463 διὰ
3609 1410 3710 1470 μὲν
3740 1407 3826 1460 τοῦ

2265 1501 2419 1568 ἁγίου
2445 1501 2763 1572 Πνεύματος
2794 1505 2853 1556 ὲν
2884 1505 3013 1573 ἡμῖν
3064 1503 3310 1572 γίνεσθαι
3354 1500 3693 1572 θεοπρεπῶς·
3711 1517 3828 1552 συν-

2265 1591 2661 1661 ανακίρνασθαι
2719 1593 2776 1646 δὲ
2814 1593 3004 1665 ὥσπερ
3024 1595 3138 1656 τοῖς
3167 1593 3459 1664 ἡμετέροις
3486 1591 3731 1660 σώμασιν
3752 1589 3832 1642 διὰ

2265 1683 2362 1752 τῆς
2396 1682 2557 1751 ἁγίας
2601 1681 2768 1737 αὑτοῦ
2811 1683 3014 1753 σαρκὸς
3044 1685 3140 1736 καὶ
3175 1682 3270 1736 τοῦ
3305 1682 3488 1753 τιμίου
3521 1682 3773 1750 αἵματος·
3805 1679 3831 1731 ὃ

2267 1771 2328 1840 δὴ
2359 1773 2453 1832 καὶ
2484 1773 2798 1844 ἐσχήκαμεν
2828 1775 2908 1836 είς
2938 1773 3186 1842 εὐλογίαν
3206 1773 3470 1836 ζωοποιδν
3500 1771 3576 1834 ὡς
3597 1772 3656 1823 ὲν
3692 1769 3832 1837 ἄρτῳ

2266 1881 2325 1916 τε
2364 1864 2459 1916 καὶ
2478 1862 2628 1933 οἴνῳ,
2666 1864 2775 1917 ἵνα·
2809 1866 2883 1934 μὴ
2923 1866 3420 1933 ἁποναρκήσωμεν,
3457 1863 3637 1932 σάρκα
3665 1879 3722 1913 τε
3751 1860 3832 1912 καὶ

2267 1945 2405 2017 αἷμα
2438 1950 2774 2020 προκείμενα
2800 1952 3087 2019 βλέποντες
3106 1955 3163 2004 ἐν
3192 1953 3374 2019 ἁγίαις
3408 1952 3711 2022 τραπέζαις
3733 1950 3833 2007 τῶν

2279 2038 2647 2109 Ἐκκλησιῶν·
2717 2040 3224 2109 συγκαθιστάμενος
3274 2040 3383 2112 γὰρ
3419 2040 3495 2103 ὡς
3543 2039 3674 2102 Θεὸς
3724 2041 3834 2104 ταῖς

2266 2129 2563 2197 ἡμετέραις
2589 2129 2898 2192 ἀσθενείαις
2933 2129 3108 2198 ἐνίησι
3143 2133 3257 2193 τοῖς
3283 2128 3665 2198 προκειμένοις
3686 2127 3834 2181 δύνα-

2269 2236 2364 2288 μιν
2391 2218 2559 2289 ζωῆς,
2614 2222 2706 2272 καὶ
2741 2219 3064 2290 μεθίστησιν
3116 2220 3255 2272 αύτά
3287 2219 3423 2288 πρὸς
3453 2221 3732 2288 ἐνέργειαν
3755 2218 3834 2271 διὰ

2267 2309 2366 2377 τῆς
2395 2309 2588 2362 ἑαυτοῦ
2610 2310 2833 2380 σαρκὸς,
2864 2312 2952 2363 ἵνα
2980 2312 3061 2374 είς
3096 2309 3312 2380 μέθεξιν
3342 2310 3609 2387 ζωοποιδν
3633 2308 3834 2378 ἔχωμεν

2266 2402 2426 2465 αὐτὰ,
2455 2400 2549 2454 καὶ
2577 2395 2687 2454 οἷον
2708 2402 2930 2471 σπέρμα
2950 2400 3237 2465 Ciconum,
3255 2401 3451 2471 εὑρεθῇ
3475 2401 3538 2453 τὸ
3561 2401 3718 2470 σῶμα
3743 2403 3832 2470 τῆς

2267 2490 2432 2559 ζωῆς.
2465 2491 2602 2559 Περὶ
2647 2488 2895 2544 πωλῶν
2955 2489 3024 2544 δὲ
3078 2491 3496 2559 ἐκχυνόμενον
3547 2489 3719 2557 λέγων
3776 2489 3835 2541 τὸ

2263 2579 2427 2650 ama,
2457 2581 2516 2635 τὸ
2540 2583 2668 2652 περὶ
2702 2584 2919 2635 πάντων
2939 2581 3122 2650 λέγει·
3153 2577 3259 2647 Εἷς
3284 2582 3416 2651 γάρ,
3449 2581 3526 2644 ὥς
3556 2579 3837 2653 φησιῐίαῦ-

2266 2673 2378 2736 λος,
2400 2673 2552 2741 ὑπὲρ
2568 2673 2811 2727 πάντων
2831 2672 3154 2739 ἀπέθανεν,
3189 2674 3290 2726 ἵνα
3313 2676 3367 2727 ot
3400 2672 3622 2740 πάντες
3635 2672 3836 2742 μηκέτι

2265 2763 2502 2832 ἑαυτοῖς
2529 2762 2727 2830 ζῶσιν,
2750 2764 2912 2818 ἀλλά
2940 2762 3021 2830 τῷ
3052 2763 3206 2833 ὑπὲρ
3254 2763 3456 2818 αὐτῶν
3484 2765 3836 2819 ἀποθανόντι

2267 2855 2364 2908 καὶ
2405 2854 2721 2924 ἐγερθέντι.
2765 2854 2963 2908 ’ἰστέον
3026 2853 3084 2906 δὲ
3119 2854 3204 2906 ὅτι
3247 2853 3342 2905 καὶ
3382 2852 3490 2906 τῶν
3532 2852 3836 2922 μυστηρίων

2271 2945 2562 3017 μετασχὼν
2595 2947 2624 2998 ό
2674 2944 2894 3009 Ἰούδας,
2921 2946 2998 3010 ὼς
3029 2949 3058 2999 ό
3092 2949 3306 3008 Λουκᾶς
3332 2962 3522 3015 φησιν,
3583 2944 3790 3014 ἔμεινεν
3811 2946 3838 2995 ὁ

2267 3036 2431 3098 αὑτός
2447 3051 2462 3066 ·
2485 3036 2581 3088 καὶ
2607 3034 2708 3104 τῆς
2731 3035 3180 3106 φρικωδεστάτης
3204 3033 3524 3098 ἀπολαύσας
3549 3034 3838 3103 τραπέζης,

579 3149 761 3205 neque
789 3137 1078 3192 tremenda
1108 3137 1311 3194 fruitus
1347 3156 1536 3196 mensa
1555 3181 1569 3205 ,
1605 3151 1849 3199 mutatus
1880 3153 1966 3200 est
1994 3165 2007 3200 :
2042 3147 2166 3202 Post

2271 3130 2328 3182 ού
2393 3126 2748 3199 μετεϐάλετο·
2822 3126 2925 3197 ἔφη
2972 3126 3114 3197 γάρ·
3146 3127 3310 3182 Μετὰ
3360 3126 3539 3181 τοῦτο
3565 3125 3841 3194 εἰσῆλθεν

577 3225 689 3278 hac
715 3224 883 3289 enim,
923 3226 1104 3295 inquit
1132 3229 1489 3298 evangelista,
1518 3231 1751 3286 introivit
1784 3235 1840 3286 in
1867 3251 1985 3288 eum
2006 3234 2166 3291 Sata—

579 3331 678 3369 nas
699 3317 745 3380 ⁵,
801 3316 976 3385 ipsius
1003 3317 1217 3374 scilicet
1246 3334 1450 3389 corpus
1472 3321 1632 3376 nihili
1663 3322 1888 3380 faciens.
1917 3324 2170 3382 Christus

577 3415 787 3468 autem,
816 3407 1121 3476 proditoris
1163 3410 1562 3481 impudentiam
1593 3413 1854 3479 irridens,
1879 3431 1988 3473 non
2016 3418 2170 3482 ephi-

584 3496 708 3554 buit
738 3513 887 3559 eum.
925 3502 1179 3570 quamvis
1212 3501 1399 3557 omnia
1444 3504 1644 3570 sciens,
1687 3505 1782 3560 sed
1827 3507 2081 3574 probavit
2109 3525 2168 3564 se

580 3583 722 3641 nihil
750 3603 941 3643 eorum
984 3605 1107 3660 qua:
1144 3589 1212 3645 ad
1259 3593 1662 3648 correctionem
1692 3595 1811 3665 ejus
1843 3597 2023 3652 facere
2068 3614 2168 3667 po-

580 3685 785 3744 terant,
821 3680 1120 3751 negligere.
1155 3681 1470 3738 Secundum
1502 3693 1683 3739 autem
1720 3686 1946 3741 Joannis
1974 3704 2162 3742 narra-

582 3765 810 3833 tionem,
838 3770 1011 3826 Iudas
1063 3782 1190 3827 ante
1240 3774 1450 3828 exierat
1497 3791 1513 3830 ε
1561 3791 1668 3830 non
1720 3778 1868 3832 enim
1903 3779 2163 3848 decebat,

579 3855 785 3916 Christi
808 3863 1102 3918 occisionis
1130 3864 1468 3931 ministrum,
1492 3866 1746 3923 salutaris
1764 3867 2173 3932 communionis

581 3953 902 4021 receptione
954 3955 1267 4010 consecrari
1313 3971 1685 4035 :quanquam‘
1719 3960 1867 4013 enim
1917 3959 2170 4016 Christus

581 4044 764 4098 omnia
787 4044 891 4096 alia
919 4046 1216 4113 opprobria
1247 4047 1535 4114 sustinuit,
1558 4048 1662 4104 hoc
1691 4058 1870 4105 tamen
1898 4051 1973 4105 illi
2002 4052 2168 4123 inﬂigi

582 4149 690 4188 non
725 4134 1055 4203 permissum
1087 4144 1191 4190 est.

650 4224 782 4277 Luc.
843 4241 975 4287 χιιι,
1041 4227 1124 4280 l9.
1182 4226 1250 4281 Et
1321 4238 1532 4300 accepto
1600 4247 1739 4301 pane
1800 4235 2005 4302 gratias
2046 4235 2168 4304 egit.

586 4313 1104 4371 —lxrsnrnr.rar|o.
1147 4317 1256 4388 Ego
1289 4336 1407 4373 sum
1445 4322 1601 4388 panis
1634 4323 1796 4386 sirus,
1826 4326 1917 4389 qui
1957 4325 2020 4378 de
2048 4327 2172 4379 cazlo

581 4405 862 4460 descendit.
882 4417 929 4458 et
959 4409 1120 4462 vitam
1139 4420 1360 4479 priestat
1393 4414 1610 4477 mundo,
1638 4413 1774 4469 dicit
1800 4415 2005 4470 alicubi
2043 4415 2174 4471 Sal-

2275 3225 2359 3288 εις
2389 3223 2576 3276 αὐτὸν
2603 3225 2635 3276 ό
2674 3219 2967 3285 Σατανᾶς,
3002 3218 3165 3272 αὐτοῦ
3204 3218 3456 3289 σώματος
3473 3216 3838 3288 καταφρονῶν.

2289 3311 2450 3365 Ἀλλά
2505 3313 2603 3380 τῆς
2636 3311 3021 3381 ἀναισχυντίας
3073 3309 3388 3378 καταγελῶν
3445 3309 3539 3362 τοῦ
3571 3309 3838 3381 προδότου,

2274 3406 2374 3457 οὐκ
2405 3402 2676 3457 ἐκώλυσεν
2706 3401 2875 3455 αὐτὸν
2904 3402 3219 3473 όΧριστὸς,
3251 3401 3429 3455 καίτοι
3459 3403 3641 3455 πάντα
3671 3399 3836 3462 sibilis,

2273 3490 2600 3558 δεικνὺξότι
2630 3493 2783 3545 οὐδὲν
2825 3492 3241 3563 παραλιμπάνει
3302 3491 3412 3546 τῶν
3449 3492 3531 3552 είς
3570 3491 3840 3561 διόρθωτιν

2275 3584 2556 3654 ἡκόντων·
2625 3583 2702 3647 ὡς
2765 3583 2822 3638 δὲ
2865 3583 3118 3654 Ἰωάννης
3166 3585 3350 3654 φησιν,
3405 3583 3489 3635 ὅτι
3528 3581 3842 3652 προεξῆλθεν

2289 3675 2520 3739 Ἰούδας·
2543 3675 2603 3728 οὐ
2633 3675 2742 3746 γάρ
2779 3674 2845 3728 ἂν
2875 3671 3098 3741 ἐδέξατο
3129 3674 3229 3744 τῆς
3269 3671 3541 3743 σωτηρίου
3570 3671 3840 3734 κοινωνίας

2276 3768 2364 3819 τὸν
2399 3766 2566 3820 τύπον
2589 3769 2616 3820 ό
2645 3768 2743 3838 τῆς
2761 3766 3190 3836 Χριστοκτονίας
3213 3765 3493 3836 ὑπηρέτης
3514 3781 3528 3795 ·
3554 3766 3602 3816 εί
3633 3764 3740 3834 γὰρ
3755 3764 3842 3815 καὶ

2274 3860 2343 3910 τὰ
2367 3859 2502 3912 ἄλλα
2527 3859 2703 3913 πάντα
2731 3859 2960 3929 ἧνεγκεν
2986 3862 3014 3914 ὁ
3039 3857 3295 3931 Χριστὸς,
3329 3857 3466 3912 ἀλλὰ
3488 3855 3650 3910 τοῦτο
3670 3855 3843 3909 ούκὲτι

2279 3952 2664 4023 συγκεχώρητο
2693 3952 2862 4025 αὐτῷ.

2350 4225 2456 4280 Καὶ
2513 4223 2715 4279 λαϐὼν
2759 4224 2943 4290 ἄρτον
2993 4221 3465 4293 εὐχαριστήσας.
3523 4249 3594 4261 -
3650 4219 3845 4290 Ἐρμηο

2279 4319 2416 4372 νεία.
2478 4315 2628 4386 Ἐγώ
2675 4319 2792 4385 εἰμι
2837 4319 2868 4369 ό
2910 4315 3089 4384 ἄρτος
3129 4319 3161 4370 ό
3204 4313 3334 4378 ζῶν,
3390 4317 3423 4367 ό
3475 4313 3546 4367 ἐκ
3603 4310 3710 4366 τοῦ
3755 4313 3846 4364 οὐ·

2275 4392 2466 4477 ραν-οὒ
2497 4410 2776 4474 καταϐὰς,
2812 4409 2912 4462 καί
2932 4405 3084 4475 ζωὴν
3104 4405 3308 4471 διδοὺς
3336 4399 3417 4470 τῷ
3460 4405 3695 4471 κόσμῳ,
3725 4401 3846 4471 φησί

585 4506 784 4552 valor:
823 4499 869 4552 si
900 4499 1018 4567 quis
1038 4501 1436 4557 manducauerit
1482 4519 1546 4557 ea:
1595 4505 1689 4558 hoc
1731 4521 1888 4574 pane,
1930 4508 2066 4560 vivet
2109 4507 2163 4560 in

2280 4519 2381 4553 που
2413 4503 2441 4554 ό
2489 4501 2682 4570 Σωτήρ
2705 4515 2719 4529 ·
2743 4499 2853 4553 ἐάν
2907 4516 2998 4564 τις
3048 4497 3210 4568 φάγῃ
3249 4498 3319 4551 ἐκ
3369 4497 3586 4550 τούτου
3617 4494 3721 4548 τοῦ
3753 4494 3847 4560 ἄρ·

585 4597 860 4653 αιεηιιιιιι,
883 4599 990 4646 etc.
1014 4590 1406 4648 Manducantes
1431 4593 1597 4664 igitur
1632 4609 1852 4650 carnem
1876 4595 2176 4653 Salvatoris

584 4682 757 4738 nostri
805 4682 933 4739 Iesu
988 4683 1226 4747 Christi,
1281 4695 1338 4740 et
1386 4685 1643 4741 bibentes
1693 4689 1812 4758 eius
1849 4689 2174 4758 sanguinem

586 4775 754 4828 vitam
801 4774 1070 4830 habemus
1105 4775 1161 4830 in
1197 4775 1474 4833 nobismet
1520 4777 1676 4846 ipsis,
1721 4785 1828 4832 etc.
1863 4778 2036 4834 Porro
2075 4795 2174 4834 ne-

585 4880 738 4920 cesse
769 4874 887 4921 erat
935 4881 1109 4936 genus
1143 4866 1470 4931 humanum,
1509 4867 1673 4929 morti
1707 4868 2030 4935 obnoxium,
2062 4885 2174 4925 non

585 4955 694 5009 alio
753 4955 919 5011 modo
973 4957 1041 5012 ad
1107 4957 1583 5028 incorruptionem
1651 4960 1944 5028 pervenire
1998 4977 2011 5015 :
2065 4976 2176 5015 non

583 5049 731 5104 enim
809 5051 915 5106 hoc
990 5052 1255 5121 possibile
1329 5051 1564 5116 fuisset,
1649 5052 1755 5106 nisi
1832 5053 2177 5123 unigenitum

585 5140 682 5196 Dei
735 5141 1011 5208 Verbum,
1061 5159 1263 5214 corpus
1313 5153 1564 5199 nostrum
1616 5159 1775 5198 suum
1829 5143 2070 5210 faciens,
2109 5161 2177 5201 ex

589 5233 820 5288 muliere
869 5236 1175 5290 secundum
1231 5252 1455 5293 carnem
1515 5244 1675 5290 natus
1734 5235 1960 5299 fuisset,
2009 5251 2178 5306 seque

589 5323 770 5392 ipsum
799 5324 960 5380 nobis
994 5326 1310 5393 insevisset,
1336 5343 1502 5382 unam
1530 5342 1767 5382 massam
1792 5342 1898 5397 per.
1916 5329 2176 5384 unionem

590 5410 926 5468 indivuisam
973 5413 1218 5471 eﬂiciens
1251 5435 1264 5471 :
1299 5417 1538 5473 Verbum
1578 5418 1763 5481 enim,
1812 5419 1906 5487 qui
1949 5420 2093 5475 Deus
2125 5430 2180 5475 ct

589 5500 701 5557 vita
753 5511 876 5568 est,
922 5506 1078 5560 unita
1134 5508 1239 5562 sibi
1278 5509 1381 5578 ipsi
1431 5525 1596 5566 carne
1638 5511 1892 5574 mortali,
1932 5512 2103 5583 ipsam
2147 5528 2174 5565 a

593 5596 822 5654 mortuis
865 5599 1247 5655 resuscitatam
1278 5603 1473 5658 mortis
1499 5611 1554 5658 et
1585 5601 1959 5672 corruptionis
1984 5603 2188 5657 rictri--

667 5773 679 5802 '
718 5772 874 5828 Juan.
909 5790 982 5844 γι,
1012 5775 1115 5833 ΞΒ.-
1183 5778 1202 5810 ’
1240 5777 1374 5834 ibid.
1411 5774 1501 5834 5i.
1579 5781 1594 5809 ’

1634 5780 1766 5834 ibid.
1803 5782 1889 5836 57.

1969 5781 1986 5811 ⁸
2023 5780 2064 5835 il
2092 5781 2214 5835 (ἴον.
2255 5796 2304 5842 γ,
2343 5779 2422 5834 15.

2281 4589 2583 4658 του,ζήσει
2606 4594 2694 4658 είς
2714 4591 2821 4645 τὸν
2847 4589 3054 4650 αίῶνα,
3095 4606 3150 4643 κ.
3173 4605 3224 4641 τ.
3255 4585 3307 4642 λ.
3341 4585 3551 4640 Οὐκοῦν
3589 4584 3848 4641 ἐσθίοντες

2281 4685 2379 4752 τὴν
2405 4683 2583 4753 σάρκα
2607 4681 2702 4735 τοῦ
2751 4683 3004 4753 Σωτῆρος
3040 4679 3199 4750 ἡμῶν
3243 4677 3418 4750 Ἰησοῦ
3470 4675 3729 4745 Χριστοῦ,
3765 4673 3847 4726 καὶ

2283 4775 2531 4838 πίνοντες
2554 4772 2718 4827 αὑτοῦ
2741 4772 2802 4826 τδ
2819 4768 2983 4842 αἷμα,
3016 4770 3161 4842 ζωὴν
3190 4769 3389 4842 ἔχομεν
3413 4771 3472 4823 έν
3509 4769 3728 4830 έαυτοῖς
3747 4777 3846 4822 ειε.

2287 4866 2435 4918 Ἔδει
2463 4863 2641 4917 τοίνυν
2656 4856 2747 4916 τὸν
2760 4862 3043 4932 ἄνθρωπον
3064 4860 3477 4932 κεκρατημένον
3505 4858 3739 4929 θανάτῳ.
3760 4858 3850 4910 οὐκ

2282 4957 2458 5020 ἄλλως
2492 4957 2629 5027 πρὸς
2667 4952 2980 5026 ἀφθαρσίαν
3004 4953 3337 5023 ἀναδραμεῖν
3355 4969 3369 4982 ·
3395 4952 3519 5006 ἐπεὶ
3539 4952 3603 5004 οὐ
3638 4949 3848 5003 δυνατὸν

2281 5042 2370 5116 ἦν,
2412 5046 2461 5098 εί
2493 5045 2569 5116 μὴ
2612 5043 2703 5098 τὸν
2759 5043 3035 5114 μονογενῆ
3077 5043 3172 5097 τοῦ
3210 5041 3346 5096 Θεοῦ
3396 5041 3569 5110 Λόγον
3607 5041 3850 5106 ἰδιοποιη-

2286 5138 2518 5207 σάμενον
2551 5136 2614 5188 τὸ
2640 5134 2800 5205 σῶμα
2825 5135 3005 5205 ἡμῶν,
3037 5133 3366 5204 γεννηθῆναι
3397 5148 3457 5187 τε
3493 5130 3636 5184 κατά
3684 5129 3847 5200 σάρκα

2283 5231 2345 5284 ὲκ
2361 5231 2618 5297 γυναικός
2635 5246 2649 5260 ·
2677 5230 2772 5283 καὶ
2798 5228 2991 5282 ὲαυτὺν
3020 5229 3155 5298 ἡμῖν
3187 5226 3538 5296 ὲμφυτεύσας
3556 5223 3615 5276 ἓν
3637 5222 3846 5292 φύραμα

2283 5321 2536 5389 γενέσθαι
2552 5321 2673 5375 καθ’
2697 5321 2892 5374 ἕνωσιν
2913 5319 3279 5375 ἀδιάσπαστον
3294 5333 3308 5346 ·
3329 5315 3666 5392 ὲνώσαςσγάρ
3683 5309 3844 5375 ὲαντῷ

2287 5415 2386 5482 τὴν
2421 5414 2635 5484 θανάτῳ
2662 5414 2893 5484 κάτοχον
2943 5411 3122 5482 σάρκα
3157 5409 3290 5473 Θεὸς
3341 5407 3420 5461 ὢν
3453 5410 3483 5461 ό
3538 5405 3728 5482 Λόγος,
3764 5402 3846 5454 καὶ

2286 5505 2422 5576 ζωὴ,
2462 5505 2772 5576 ἀγαπήσας
2794 5503 2968 5576 αὐτὴν
2999 5503 3064 5556 ὲκ
3091 5499 3322 5572 νεκρῶν,
3349 5497 3586 5553 θανάτου
3615 5497 3710 5552 καὶ
3733 5494 3845 5564 φθο-

2290 5599 2388 5669 ρᾶς
2423 5596 2669 5667 ἀπέφηνε
2697 5596 3006 5668 κρείττονα,
3051 5595 3147 5649 καὶ
3183 5590 3528 5664 ἀπεσόὸησεν
3562 5587 3728 5659 αὐτῆς
3759 5581 3846 5656 τὴν

2502 5779 2520 5810 ⁸
2565 5777 2720 5832 Joan.
2750 5787 2862 5841 xm,
2900 5775 2988 5830 :27.
