4124 6348
1516 229 1919 294 S/ECULUM
1985 229 2138 297 VIII".
2202 233 2465 298 ANNUS
2522 235 2666 295 700.

1678 508 2542 647 ELENCHUS

506 856 1023 927 AUCTORUM
1078 855 1189 925 ET
1237 853 1625 926 OPEBUM
1678 855 1829 936 QUI
1883 854 1974 924 IN
2026 853 2206 928 HOC
2249 855 2514 929 TOMO
2571 859 2981 930 LXXXVIII
3029 860 3704 939 CONTINENTUR

1882 1103 2210 1129 —-—..-—

770 1353 1170 1410 VENANTIUS
1209 1350 1692 1408 FORTUNATUS.

431 1509 685 1579 Epistola
715 1507 1080 1562 dedicatoria.
1743 1501 1848 1557 col.
2002 1505 2032 1555 9

429 1599 718 1668 Praefatio.
2002 1597 2034 1645 9

437 1687 554 1741 Vita
576 1685 834 1740 Venantii
866 1685 1184 1748 Fortunati,
1205 1683 1571 1737 Piciaviensis
1589 1683 1848 1754 episcopi.
1965 1683 2031 1736 19

575 1812 814 1867 Opsnuu
845 1827 980 1867 rans
1011 1824 1207 1866 PRIMA.

426 1922 904 1978 Miscellaneorum
938 1922 1081 1976 Libri
1110 1921 1385 1975 undecim.
1963 1919 2032 1971 59

425 2013 506 2067 De
537 2011 658 2066 Vita
689 2012 751 2067 S.
794 2011 1007 2066 Martini
1040 2010 1184 2064 Libri
1216 2016 1467 2078 quatuor.
1931 2010 2029 2060 363

427 2105 505 2157 De
533 2102 750 2157 excidio
769 2099 1084 2172 'I‘liuringiae
1113 2098 1262 2154 Libri
1291 2105 1421 2152 tres.
1929 2099 2030 2152 427

569 2228 808 2285 Opsnuu
837 2242 982 2285 rans
1011 2239 1282 2281 saccum.

428 2337 549 2389 Vita
571 2336 627 2390 8.
663 2334 876 2401 Hilarii,
909 2331 1153 2403 episcOpi
1176 2329 1557 2387 Pictaviensis.
1928 2334 2032 2385 439

426 2424 545 2478 Vita
567 2424 623 2480 S.
658 2424 937 2491 Germani,
974 2421 1291 2477 Parisiensis
1320 2420 1590 2490 episcopi.
1927 2424 2028 2476 453

431 2512 543 2564 Vita
575 2510 632 2565 S.
666 2510 869 2578 Albini,
901 2509 1146 2581 episcopi
1169 2507 1596 2580 Andegavensis.
1926 2513 2030 2565 479

423 2601 545 2654 Vita
577 2601 634 2655 S.
672 2599 908 2668 Paterni,
941 2598 1292 2655 Abrincensis
1319 2598 1588 2668 episcopi.
1927 2602 2028 2666 487

425 2691 543 2742 Vita
573 2697 776 2745 sanctae
806 2687 1163 2760 Radegundis
1191 2687 1420 2760 reginae.
1926 2691 2029 2745 497

426 2780 544 2832 Vita
575 2778 633 2833 S.
666 2777 926 2845 Amantii,
958 2777 1328 2833 Ruthenensis
1356 2778 1622 2847 episcopi.
1923 2782 2028 2833 513

423 2869 543 2921 Vita
578 2869 634 2922 S.
670 2866 928 2936 Remigii,
961 2865 1284 2921 Rhemensis
1312 2866 1579 2937 episcopi.
1924 2871 2028 2923 527

432 2957 550 3010 Vita
597 2957 656 3012 8.
718 2955 988 3023 Medardi,
1049 2955 1290 3025 episcopi
1357 2955 1750 3010 Noviomensis
1797 2965 1852 3010 et

494 3044 870 3102 Tornacensis.
1924 3049 2026 3100 533

430 3136 545 3187 Vita
575 3134 630 3189 8.
669 3133 928 3202 Marcelli,
959 3134 1204 3203 episcopi
1234 3133 1531 3188 Pariensis.
1922 3137 2021 3192 541

426 3223 547 3279 Vita
579 3222 636 3278 S.
673 3222 918 3290 Leobini,
953 3223 1304 3278 Carnotensis
1334 3226 1602 3296 episcOpi.
1921 3228 2025 3281 549

425 3312 547 3368 Vita
564 3313 624 3368 8.
658 3312 918 3382 Maurilii,
949 3314 1199 3385 episcopi
1231 3315 1665 3388 Andegavensis.
1922 3321 2023 3372 563

421 3401 612 3459 Passio
663 3404 761 3458 SS.
814 3409 1114 3473 martyrum
1190 3404 1460 3476 Dionysii,
1519 3405 1723 3461 Rustici
1795 3416 1847 3461 et

493 3490 805 3549 Eleutherii.
1919 3499 1986 3553 57
1992 3501 2025 3553 7

416 3579 702 3651 Expositio
735 3579 886 3634 Fidei
919 3580 1222 3636 catholicae.
1918 3589 2022 3641 583

418 3668 620 3723 Versus
651 3667 860 3723 inediti.
1915 3681 2017 3733 591

485 3818 886 3890 DEFENSOR,
939 3820 1500 3880 LOCOCIAGENSIS
1541 3825 1944 3886 MONACHUS.

411 3956 660 4012 Notitiae.
1917 3968 2020 4020 695

414 4043 786 4100 Scintillamm
824 4046 982 4116 liber,
1018 4047 1136 4104 sive
1166 4048 1434 4105 Locorum
1466 4052 1837 4108 communium

481 4141 533 4186 et
584 4133 984 4192 Sententiarum
1028 4152 1128 4207 per
1169 4139 1348 4208 capita
1387 4143 1453 4194 80
1483 4140 1838 4197 collectarum

481 4237 547 4277 cx
579 4238 736 4279 sacra
768 4225 1054 4296 Scriptura
1089 4235 1141 4282 et
1175 4227 1276 4283 SS.
1312 4229 1582 4285 Patribus.

2641 1356 2992 1414 EVANTIUS
3022 1361 3258 1418 ABBAS.

2147 1485 2386 1540 Nolitiae.
3650 1503 3764 1556 717

2145 1575 2392 1644 Epistola
2410 1584 2598 1631 contra
2629 1592 2722 1633 eos
2750 1581 2843 1648 qui
2885 1582 3210 1651 sanguinem
3252 1586 3572 1641 animalium
3669 1633 3676 1641 .

2216 1663 2554 1718 immundum
2608 1666 2874 1734 judicant,
2929 1678 2982 1722 et
3039 1685 3256 1726 carnem
3311 1675 3570 1728 mundam

2215 1751 2419 1806 dicunt.

2415 1896 2514 1953 SS.
2550 1897 2908 1953 ARCULFUS
2941 1900 3028 1952 ET
3059 1902 3482 1961 ADAMANUS.

2142 2017 2393 2074 Νοῑὶιίίιτ.
3650 2033 3757 2085 721

3645 1768 3757 1820 719

2143 2104 2201 2162 8.
2233 2108 2498 2166 Adamani
2529 2109 2598 2164 de
2613 2109 2732 2164 Vita
2762 2111 2936 2168 sancti
2964 2112 3248 2170 Columba:
3274 2114 3416 2172 Libri
3439 2123 3572 2172 tres.
3649 2121 3762 2174 725

2142 2196 2400 2266 Ejusdem
2431 2197 2502 2253 de
2533 2197 2690 2254 Locis
2723 2201 2937 2256 Sanctis
2967 2200 3111 2256 Libri
3141 2211 3273 2273 tres,
3308 2220 3370 2257 ex
3403 2204 3569 2260 Rela-

2214 2287 2362 2342 tione
2393 2287 2622 2353 Arculfi,
2657 2289 2906 2359 episcopi
2936 2289 3100 2347 GaIIi.
3647 2299 3759 2352 779

2144 2376 2401 2444 Ejusdem
2433 2377 2708 2431 Canones.
3647 2387 3758 2440 815

2283 2517 2724 2586 CRISCONIUS,
2760 2519 3158 2575 AFRICANUS
3193 2522 3598 2580 EPISCOPUS.

2139 2641 2380 2697 Notitia.
3001 2617 3018 2648 ³
3644 2654 3756 2706 815

2142 2730 2478 2785 Breviarium
2503 2733 2855 2800 canonicum,
2890 2749 2985 2789 seu
3019 2735 3302 2790 Canonum
3333 2736 3570 2793 Concor-

2213 2819 2302 2874 dia
2317 2861 2329 2872 .
3639 2833 3749 2884 829

2589 2945 2958 3002 AUCTORES
2991 2946 3292 3004 INCERTI.

2139 3068 2352 3140 Regula
2381 3069 2449 3124 ad
2480 3069 2795 3126 Monachos.
3635 3080 3740 3132 944

2137 3158 2349 3229 Regula
2377 3158 2446 3212 ad
2477 3159 2758 3230 Virgines.
3601 3169 3740 3220 1053

2139 3245 2434 3302 Sermones
2463 3247 2531 3301 de
2563 3248 2751 3303 decem
2780 3249 3124 3323 Virginibus.
3608 3258 3741 3310 1071

2836 3401 3045 3457 νΑΒιι.

2135 3523 2483 3580 Monumenta
2539 3524 2910 3580 ecclesiastica
2965 3527 3293 3581 saecutorum
3368 3543 3443 3584 vn
3510 3537 3563 3584 et

2205 3628 2323 3669 vm.
2356 3641 2427 3654 -—
2458 3614 2869 3670 Postremorum
2909 3629 3103 3686 regum
3143 3616 3338 3686 primae
3377 3617 3562 3687 stirpis

2206 3702 2538 3758 Francorum
2576 3703 2962 3759 ecclesiastica:
3002 3712 3055 3759 et
3092 3704 3199 3776 piae
3229 3705 3560 3762 Donationes

2204 3791 2433 3847 ultimae.
3602 3801 3740 3854 1079

2133 3880 2469 3947 Donationes
2494 3895 2558 3936 ac
2573 3883 2926 3938 Testamenta
2945 3881 3055 3952 pia,
3082 3883 3558 3956 Fundationesque

2203 3970 2610 4041 episcoporum,
2663 3969 2946 4040 abbatum,
3007 3971 3282 4040 majorum
3339 3972 3556 4039 domus,

2201 4059 2401 4112 ducum
2433 4057 2681 4113 Franciaa
2712 4057 3149 4131 Francorumque
3179 4060 3555 4132 illustriorum,

2200 4163 2374 4217 usque
2404 4145 2476 4200 ad
2515 4144 2677 4201 ﬁnem
2711 4147 2899 4220 stirpis
2928 4149 3201 4204 secundae.
3599 4155 3737 4209 1155

1913 4236 2018 4289 59⁸7
2129 4235 2341 4289 Indices
2371 4234 2606 4294 Rerum.
3601 4245 3734 4296 1319

2539 5474 3734 5564 m
