4124 6362
793 499 3540 538 ——-—-—

599 519 708 525 M
737 521 790 526 _
3535 535 3547 540 _

1102 679 1738 789 EPISTOLA
1815 684 2722 793 DEDICATORIA.

308 1064 664 1123 Illustrissimo
693 1083 753 1121 ac
802 1069 1217 1123 reverendissima
1266 1072 1475 1124 domino
1520 1068 1587 1125 D.
1648 1068 1867 1127 Nicolao
1916 1069 2137 1127 Antonio
2186 1072 2467 1126 Justiuioni
2514 1088 2578 1128 ea:
2603 1071 2930 1127 Benedictina
2981 1072 3248 1128 Casinensi
3304 1076 3574 1139 monacho,

755 1162 998 1231 episcopo
1029 1157 1305 1230 Patavina,
1338 1160 1567 1217 Michael
1597 1164 1824 1234 Angelus
1854 1164 2015 1217 Lucili
2044 1164 2271 1235 ejusdem
2310 1163 2538 1218 sodalitii
2567 1164 2846 1219 monachus
2874 1163 2935 1219 S.
2967 1161 3033 1217 P.
3065 1162 3135 1217 Β.

377 1273 493 1329 Tibi
520 1276 727 1331 omnino
756 1285 940 1346 tuoque
967 1277 1182 1343 nomini,
1218 1278 1407 1346 praesul
1437 1276 1783 1331 illustrissime
1806 1294 1867 1331 ac
1913 1277 2347 1341 rever-endissime,
2397 1276 2493 1330 Iioc
2522 1278 2684 1346 operis
2711 1276 3023 1329 debebatur:
3049 1278 3188 1346 quod
3215 1278 3260 1331 si
3304 1295 3439 1333 nunc
3461 1295 3578 1349 pa.-

307 1367 487 1420 blicam
515 1370 568 1420 in
597 1369 761 1421 lucem
782 1368 973 1438 prodit,
1005 1370 1094 1422 tibi
1126 1386 1334 1436 prorsus
1363 1380 1623 1438 acceptum
1646 1378 1719 1422 est
1744 1369 2090 1438 referendum.
2120 1367 2199 1421 Tu
2221 1370 2357 1421 enim
2382 1366 2521 1421 illius
2547 1384 2661 1420 cum
2687 1366 3024 1436 aggrediendi
3047 1376 3093 1418 et
3122 1367 3401 1423 inchoandi
3452 1369 3578 1425 mihi

306 1469 500 1521 auctor,
535 1469 638 1512 tum
664 1459 717 1513 in
737 1460 1039 1515 absolvenda
1071 1462 1485 1530 perﬁciendoqae
1513 1461 1724 1532 adjutar
1752 1471 1797 1513 et
1830 1476 2024 1525 auspex
2052 1460 2193 1514 omni
2219 1469 2445 1527 tempore
2470 1459 2711 1513 exstitisti
2743 1473 2885 1513 :non
2917 1459 3084 1511 solum
3116 1475 3287 1512 curam
3311 1469 3357 1513 et
3387 1462 3580 1517 sollici-

306 1552 537 1605 tudinem
566 1552 862 1622 impendens
882 1596 896 1618 ,
943 1554 1034 1607 sed
1062 1555 1211 1607 etiam
1237 1551 1569 1625 suppeditans
1600 1562 1835 1621 sumptus
1873 1552 2198 1606 necessarios.
2235 1550 2594 1615 Quantobrem,
2625 1550 2718 1603 etsi
2752 1550 2895 1602 nulla
2922 1548 3030 1602 alia
3068 1551 3198 1617 forte
3235 1560 3362 1605 esset
3416 1569 3574 1609 causa

304 1644 365 1695 ob
393 1658 544 1711 quam
577 1650 663 1695 tuo
685 1642 878 1696 nomini
901 1643 983 1697 hic
1007 1660 1148 1698 meus
1177 1644 1318 1697 la‘b‘ar
1342 1654 1745 1715 nuncuparetur,
1776 1642 1900 1696 satis
1928 1643 2020 1695 illa
2051 1658 2152 1695 una
2198 1642 2461 1705 amanus,
2509 1638 2690 1694 saltem
2733 1640 2893 1711 aequis
2925 1656 3093 1693 rerum
3144 1644 3534 1697 mstimatoribus
3556 1686 3572 1710 ,

301 1734 437 1803 justo
462 1741 509 1785 et
538 1742 873 1788 consentanea
900 1734 1175 1789 videretur.
1226 1733 1356 1788 Cum
1381 1743 1554 1788 autem
1583 1734 1761 1787 eodem
1788 1733 2001 1787 accedat
2034 1743 2087 1785 ut
2119 1742 2222 1785 tam
2250 1732 2475 1801 insignia
2506 1739 2711 1800 tamque
2741 1730 2964 1784 illustria
3000 1740 3298 1785 ornamenta
3346 1733 3449 1788 sive
3492 1734 3575 1805 fa-

303 1823 460 1877 miliae
488 1832 536 1876 et
564 1824 793 1893 generis,
831 1824 936 1877 sive
962 1827 1153 1893 gradus
1181 1836 1227 1880 et
1258 1826 1525 1895 dignitatis
1550 1867 1564 1887 .
1608 1824 1711 1879 sive
1740 1824 1897 1877 animi
1927 1833 1974 1878 et
2025 1824 2215 1892 ingenii
2240 1866 2253 1889 ,
2309 1824 2376 1877 ad
2413 1833 2459 1875 te
2493 1821 2927 1877 cohonestandum
2968 1823 3416 1896 extollendumque
3443 1830 3575 1881 mira

303 1915 633 1968 consensione
669 1914 1095 1984 conspiraverint,
1128 1925 1318 1985 quanta
1348 1916 1553 1986 difﬁcile
1588 1918 1640 1968 in
1678 1916 1788 1970 ulla
1831 1916 1935 1969 alio
1975 1914 2181 1969 homine
2223 1916 2443 1987 reperire
2470 1916 2581 1983 quis
2629 1916 2809 1981 possit,
2850 1917 2927 1970 vel
2968 1918 3251 1985 optandum
3294 1918 3420 1972 mihi
3476 1921 3577 1990 fuit

301 2019 621 2076 summopere
648 2014 703 2059 ut
726 2005 968 2073 auspiciis
992 2006 1090 2061 tuis
1120 2016 1166 2061 st
1220 2009 1505 2076 patrocinia
1548 2006 1647 2061 hoc
1670 2005 2021 2077 qualecunque
2051 2022 2180 2076 opus
2210 2023 2377 2058 meum
2410 2014 2453 2058 et
2484 2004 2629 2058 labor
2658 2004 3003 2060 decoraretur.
3038 2006 3111 2061 Ac
3154 2022 3275 2063 sane
3308 2008 3354 2063 si
3380 2028 3570 2082 genus,

302 2106 349 2149 et
372 2097 639 2167 familiam,
666 2114 698 2150 a
721 2115 823 2168 qua
851 2107 991 2152 ortus
1012 2114 1086 2163 es,
1117 2110 1344 2169 spectare
1369 2099 1539 2165 velim,
1570 2098 1678 2153 lucc
1708 2100 1839 2152 inter
1876 2096 2095 2152 Venetas
2124 2097 2369 2167 patricias
2418 2100 2602 2176 domos.
2621 2098 2980 2160 vetustissima,
3021 2108 3067 2151 et
3116 2097 3433 2155 nobilissima
3474 2119 3576 2156 nua-

302 2199 546 2256 meratur,
577 2205 609 2243 a
637 2206 738 2261 qua
765 2198 811 2243 et
838 2190 1128 2259 reipublicas
1156 2193 1391 2262 gerenda!
1415 2190 1703 2262 gravissimi
1723 2187 2180 2257 sapientissimique
2207 2185 2552 2241 moderatores
2580 2188 2717 2241 omni
2746 2194 2967 2255 tempore
2991 2188 3098 2241 dati
3120 2201 3262 2254 sunt;
3289 2200 3338 2245 et
3388 2188 3568 2248 Eccle-

302 2280 391 2335 siis
420 2279 843 2334 administrandis
871 2281 987 2334 navi
1013 2290 1063 2333 et
1090 2281 1329 2335 industrii
1356 2282 1619 2349 prwsules;
1645 2289 1692 2334 et
1716 2278 1840 2334 crrla
1872 2279 2043 2346 plures
2072 2278 2249 2331 heroes
2273 2279 2402 2343 nati,
2428 2278 2630 2347 egregia
2656 2277 2862 2347 pietate,
2894 2288 2942 2332 et
2970 2279 3213 2351 religione
3266 2283 3552 2353 conspicui.

302 2372 365 2428 Si
389 2389 505 2427 vero
534 2372 829 2445 dignitatem
865 2383 1005 2427 tuam
1033 2384 1079 2428 et
1111 2374 1281 2429 locum
1326 2375 1681 2439 considerem,
1725 2373 1808 2428 illi
1830 2388 1989 2443 prices
2017 2372 2260 2426 Ecclesiae
2282 2387 2400 2442 qua:
2441 2373 2619 2425 merito
2650 2382 2722 2425 tot
2772 2372 2888 2427 aliis
2927 2375 3200 2442 splendore
3224 2416 3238 2440 ,
3282 2388 3561 2446 vetustate,

300 2474 559 2535 pastorum
581 2464 735 2529 serie,
760 2465 959 2525 virtute.
990 2481 1217 2528 numero.
1248 2467 1716 2537 prterogativisque,
1747 2466 1945 2521 steteris
1970 2462 2210 2537 prtelucet
2234 2472 2281 2519 et
2304 2464 2586 2528 antecellit,
2616 2473 2670 2517 ut
2696 2465 2909 2535 proinde
2948 2480 3060 2519 eam
3086 2465 3415 2537 dignitatem,
3450 2488 3566 2539 quia

300 2554 377 2608 vel
403 2554 521 2610 aliis
549 2554 792 2609 Ecclesia:
822 2556 1161 2629 principibus,
1189 2560 1293 2612 sive
1323 2556 1616 2627 pastoribus
1644 2556 1929 2611 communis
1952 2568 2109 2609 tecum
2132 2564 2226 2621 est,
2257 2555 2398 2609 illius
2418 2570 2569 2627 quam
2594 2563 2729 2610 lenes
2755 2558 2888 2611 sedis
2914 2558 3203 2626 amplitudo
3245 2560 3566 2629 splendidio-

300 2662 408 2699 rem
440 2647 494 2701 in
521 2657 567 2701 te
595 2645 756 2717 faciat
798 2647 1173 2717 quodaminodo
1197 2688 1213 2714 ,
1260 2658 1415 2720 atque
1447 2648 1817 2720 augustiorem.
1841 2644 2110 2703 Postrema
2136 2648 2295 2701 animi
2325 2648 2432 2715 tui,
2476 2658 2522 2702 et
2556 2645 2747 2719 ingenii
2778 2658 3074 2704 ornamenta
3110 2667 3227 2705 cum
3268 2654 3393 2707 editi
3438 2671 3470 2707 a
3521 2665 3571 2709 te

300 2736 460 2805 libri,
525 2737 666 2791 omni
706 2738 995 2793 liberaliore
1044 2740 1319 2810 disciplina
1362 2740 1579 2811 referti,
1632 2748 1680 2795 et
1731 2739 1988 2793 industria
2043 2740 2318 2810 perpoliti,
2379 2750 2481 2793 tum
2531 2739 2782 2804 imprimis
2826 2743 2877 2795 in
2932 2740 3159 2797 Ecclesia
3203 2755 3290 2798 tua
3341 2748 3567 2817 regenda

301 2830 654 2900 pascendoque
678 2848 829 2901 grege
855 2830 1172 2896 sollicitudo,
1200 2832 1488 2902 diligentia,
1516 2832 1570 2886 in
1595 2848 1839 2901 pauperes
1863 2832 2163 2896 liberalitas,
2194 2844 2239 2885 et
2258 2832 2309 2884 in
2331 2832 2644 2901 ampl'ssimo
2664 2833 2979 2887 senadochio
3003 2828 3199 2888 Patavii
3246 2839 3559 2892 exstruendo

298 2923 522 2975 studium
563 2931 608 2975 et
648 2924 1016 2991 muniﬁcentia,
1068 2926 1194 2978 satis
1226 2924 1440 2993 probant
1462 2934 1509 2979 et
1538 2926 1823 2979 ostendunt.
1877 2926 2003 2991 Qute
2031 2924 2263 2993 profecta
2311 2926 2515 2994 singula
2567 2925 2823 2992 eiusmodi
2863 2936 3063 2980 suntut
3092 2944 3181 2996 per
3205 2944 3256 2983 se
3292 2931 3406 2984 sola
3444 2946 3564 2986 cunt

299 3028 470 3066 veram
501 3014 816 3084 solidamque
841 3016 1045 3069 laudem
1074 3016 1163 3068 tibi
1184 3016 1407 3086 pariant,
1445 3028 1551 3069 tum
1580 3015 1657 3069 vel
1681 3017 1850 3085 alteri,
1886 3017 1974 3085 qui
2001 3025 2087 3069 tuo
2117 3019 2320 3086 fruatur
2358 3017 2667 3086 patrocinio,
2699 3019 2977 3087 plurimum
3002 3020 3133 3073 lucis
3162 3030 3207 3074 et
3254 3025 3453 3092 fractus
3489 3026 3561 3077 ad

300 3106 789 3160 commendationem
818 3106 1006 3161 laboris
1056 3118 1102 3161 et
1129 3107 1319 3179 ingenii
1348 3105 1533 3172 afferre
1568 3109 1783 3179 possint.
1834 3106 1989 3163 Hisce
2024 3108 2157 3163 illud
2180 3109 2333 3163 etiam
2374 3108 2677 3180 adjnngitur
2714 3110 2854 3181 quod
2886 3110 3158 3165 Venantius
3203 3110 3519 3170 Fortunatus
3541 3159 3555 3183 ,

299 3198 447 3267 cujus
492 3208 726 3265 poemata
771 3199 1056 3267 scriptaque
1082 3199 1186 3251 alia
1216 3198 1351 3253 hisce
1389 3198 1588 3252 duobus
1631 3200 1969 3254 voluminibus
2012 3201 2377 3268 comprehensa
2419 3201 2617 3255 edimus
2641 3242 2657 3267 ,
2712 3200 2973 3272 Duplavili
3019 3214 3158 3261 ortus
3188 3204 3299 3279 [qui
3323 3209 3462 3262 locus
3487 3210 3557 3262 ad

303 3297 443 3341 tuam
473 3288 725 3342 ditecesim
754 3284 991 3359 pertinet]
1020 3297 1067 3343 te
1094 3299 1361 3358 patronum
1382 3298 1429 3342 et
1454 3291 1712 3358 auspicem
1740 3290 2120 3360 quodammodo
2164 3290 2455 3346 desiderare
2479 3291 2727 3360 videatur,
2762 3303 2815 3347 ut
2844 3296 2928 3364 qui
2951 3294 3073 3350 olim
3094 3299 3262 3351 vivens
3292 3300 3343 3352 in
3372 3299 3558 3356 Galliis

300 3378 546 3450 Gregorio
594 3375 894 3447 Turonensi,
936 3380 1227 3435 doctissimo
1256 3382 1384 3447 viro,
1435 3391 1482 3434 et
1523 3382 1829 3437 amicissimo
1851 3398 1968 3449 suo,
2022 3390 2141 3436 tunc
2167 3383 2405 3453 temporis
2430 3384 2692 3454 primaria
2733 3386 2864 3439 sedis
2905 3387 3138 3455 antistiti,
3190 3400 3424 3457 poemata
3462 3407 3559 3447 sua

300 3473 496 3526 dicarat
520 3480 565 3526 et
587 3472 937 3542 inscripserat,
971 3472 1107 3525 idem
1136 3481 1246 3541 post
1272 3476 1382 3543 {ato
1414 3480 1659 3542 tanquam
1686 3474 1984 3527 reviviscens
2021 3487 2153 3526 nova
2180 3472 2404 3543 Operam
2432 3489 2645 3527 suarum
2674 3472 2933 3541 Editione,
2982 3486 3030 3531 te
3060 3488 3326 3546 patronum
3378 3484 3559 3537 merita

299 3564 545 3633 efﬂagitet
573 3571 618 3616 et
646 3572 882 3632 exposcat
906 3580 924 3629 ,'
954 3564 1099 3633 cujus
1129 3562 1311 3618 ditioni
1334 3573 1381 3617 et
1410 3563 1722 3627 auctoritati,
1758 3564 1820 3617 ob
1845 3562 1983 3617 sedis
2009 3579 2162 3632 quam
2188 3573 2323 3617 tenes
2354 3565 2759 3631 amplitudinem,
2792 3568 2963 3621 natale
2987 3569 3215 3639 ejusdem
3243 3572 3409 3626 solum
3436 3575 3560 3627 sub.

300 3656 488 3720 iicitnr.
522 3654 647 3721 Qute
670 3671 781 3709 cum
808 3656 878 3709 ita
900 3656 1023 3722 sint,
1049 3656 1144 3710 hac
1172 3671 1320 3725 opus,
1344 3656 1484 3726 quod
1511 3663 1599 3709 tuo
1624 3655 1828 3710 nomine
1849 3654 2148 3725 insignitum
2186 3655 2444 3725 publicam
2466 3656 2517 3709 in
2547 3655 2709 3710 lucem
2732 3657 2937 3727 prodit,
2988 3662 3064 3714 sic
3110 3661 3334 3733 excipias
3364 3665 3512 3717 velim
3538 3708 3553 3732 ,

300 3759 351 3799 ut
381 3757 428 3801 et
455 3756 698 3817 tanquam
727 3747 970 3809 debitum,
990 3746 1077 3800 tibi
1104 3764 1285 3801 munus
1314 3755 1581 3817 respectas,
1632 3756 1679 3800 et
1706 3762 1809 3798 una
1836 3744 2098 3813 offerentis
2126 3747 2359 3799 animans
2384 3745 2740 3818 amplectaris;
2768 3749 2856 3819 qui
2888 3766 3005 3803 cum
3045 3752 3215 3807 multis
3261 3755 3553 3810 nominibus

298 3840 645 3907 observantire,
669 3840 910 3908 obsequii,
949 3840 1212 3909 devatique
1233 3839 1391 3893 animi
1420 3838 1691 3893 obsfrictus
1716 3837 1803 3890 tibi
1840 3837 1957 3901 siin,
2005 3834 2212 3890 tumvel
2235 3837 2325 3891 illa
2353 3841 2565 3907 majoris
2592 3837 2744 3905 olﬁcii
2764 3854 2919 3892 causa
2962 3842 3189 3910 accedit,
3236 3849 3373 3913 quod
3420 3847 3555 3901 idem

299 3932 569 3987 Casinense
593 3932 888 3987 sodalitium
921 3949 999 3986 me
1022 3932 1247 3985 educarit
1270 3971 1287 3998 ,
1328 3930 1636 3994 instituerit,
1666 3928 1944 3999 confecerit
1962 3969 1977 3993 ,
2028 3930 2179 3997 cujus
2204 3937 2259 3980 tu
2284 3943 2484 3997 quoque
2513 3930 2729 3997 [aniilite
2772 3928 2894 3982 alim
2935 3931 3354 3989 adnamerabaris
3380 3978 3394 4002 ,
3437 3936 3555 3993 licet

298 4035 471 4095 postea
495 4040 587 4096 pro
614 4024 728 4078 vitae
754 4026 1037 4079 innocentia
1060 4064 1075 4090 ,
1109 4034 1154 4078 et
1186 4024 1394 4088 merita,
1425 4023 1491 4076 ad
1522 4023 1687 4091 majus
1715 4020 2021 4075 Christiani:
2073 4018 2366 4086 reipublicae
2414 4019 2628 4083 bonum,
2676 4018 2919 4074 Ecclesiis
2953 4020 3259 4078 Torce.’lensi
3303 4027 3553 4095 primum,

298 4117 481 4169 deinde
520 4113 818 4179 Veranensi,
864 4132 926 4169 ac
954 4125 1206 4186 postremo
1251 4112 1517 4167 Patavina:
1542 4112 1775 4185 regendis
1803 4119 2059 4176 evocatus,
2092 4108 2386 4163 monasterii
2415 4110 2671 4162 silentium
2700 4127 2759 4163 ac
2787 4112 3109 4168 solitudinem
3161 4131 3275 4169 cum
3321 4120 3557 4188 frequen-

297 4207 609 4261 tissimorum
644 4205 993 4261 Ecclesiarum
1020 4216 1168 4274 atque
1192 4207 1389 4260 sedium
1419 4204 1689 4273 splendore
1731 4211 1776 4257 et
1804 4201 2091 4256 celebritate
2134 4200 2541 4255 commutaveris.
2588 4198 2700 4273 Ego
2724 4218 2838 4275 vero
2891 4218 3006 4257 cum
3044 4204 3217 4277 aliqua
3267 4210 3556 4266 testimonio

299 4294 463 4352 meum
493 4316 611 4370 erga
637 4308 684 4354 te
714 4299 1081 4353 observantiam
1111 4298 1647 4364 necessitudinemque,
1682 4312 1745 4349 ex
1771 4294 1833 4347 iis
1854 4308 1981 4360 quas
2012 4291 2123 4345 dixi
2152 4296 2321 4345 causis
2360 4290 2661 4360 profectam,
2694 4296 2963 4347 cantestari
2978 4299 3293 4368 jampridem
3332 4311 3553 4372 exopta-

284 4378 432 4458 rem,
466 4392 560 4445 hoc
586 4392 901 4462 aptissimum
925 4392 1084 4446 visunt
1114 4402 1206 4455 est,
1239 4390 1374 4457 quod
1400 4390 1684 4442 litterarum
1710 4383 2050 4438 monumentis
2076 4397 2371 4449 expressum
2397 4425 2411 4449 ,
2448 4392 2493 4434 et
2541 4384 2594 4435 in
2621 4384 2797 4453 vulgus
2820 4386 3032 4455 editum,
3082 4404 3172 4441 nec
3200 4390 3355 4444 latere
3378 4408 3556 4460 querno

297 4493 461 4551 quam.
476 4494 662 4554 posset,
696 4495 740 4537 et
770 4484 955 4537 nostris
986 4483 1295 4549 temporibus
1322 4490 1573 4550 superstes
1612 4478 1689 4533 vel
1725 4476 1793 4531 ad
1820 4492 1987 4529 seram
2017 4474 2361 4544 posteritatem
2396 4488 2516 4543 perv
2534 4474 2693 4526 :niret.
2738 4473 2943 4529 latri-ea
2971 4482 3199 4545 quamvis
3226 4482 3406 4548 procul
3455 4485 3552 4535 ob-

299 4579 388 4629 sim
416 4590 647 4648 corpore,
686 4577 851 4648 longis
883 4587 1130 4631 terrarum
1159 4576 1338 4645 spatiis
1367 4575 1607 4641 dissitas,
1661 4586 1826 4627 tamen
1871 4584 2094 4639 prazsens
2137 4569 2308 4623 animo
2334 4610 2347 4635 ,
2387 4583 2562 4621 sacras
2605 4569 2694 4622 tibi
2745 4585 2925 4625 mauu:
2974 4574 3416 4646 obse;uentissime
3460 4581 3553 4633 de-

299 4672 519 4725 osculor.

445 4764 648 4830 Rantius,
701 4762 864 4818 Nonis
886 4761 1045 4817 Iuliis
1083 4761 1239 4817 i786.

288 4928 3522 4959 ww

1557 5063 2279 5173 PBZEFATIO.

362 5315 494 5371 Cum
526 5328 718 5370 noram
752 5308 887 5366 hanc
914 5305 1159 5364 Venantii
1189 5302 1464 5358 Fortunati
1497 5303 1728 5370 Operum
1752 5302 2050 5359 Editionem
2082 5299 2318 5375 aggressi
2349 5303 2606 5359 fuerimus
2636 5302 2976 5358 illustrissimi
3010 5318 3071 5359 ac
3120 5304 3547 5359 reverendissimi

295 5412 491 5464 dmuini
534 5408 734 5464 Nicolai
764 5404 985 5461 Antonii
1025 5396 1340 5464 Justiuiaai,
1385 5415 1450 5455 ex
1482 5399 1748 5453 monacho
1774 5399 2117 5456 Benedictino
2144 5400 2418 5455 Casinensi
2466 5396 2703 5469 episcopi
2738 5399 2992 5462 Patavini,
3024 5400 3173 5468 jussu
3203 5414 3267 5453 ac
3299 5400 3551 5469 consilio,

294 5516 535 5573 quamam
578 5514 737 5556 causa
776 5496 1135 5553 clarissimum
1178 5506 1243 5548 ac
1279 5492 1649 5547 doctissimum
1684 5490 1858 5547 virum
1902 5491 2174 5561 impulerit
2210 5490 2275 5545 ad
2325 5505 2515 5544 novam
2566 5490 2952 5560 procurandum
2995 5490 3269 5545 Fortunati
3316 5490 3546 5559 Opetum

298 5591 618 5659 Edilionem,
658 5590 801 5648 haud
836 5590 940 5646 erit
985 5586 1218 5643 alienum
1261 5588 1443 5656 paucis
1488 5585 1574 5641 hic
1613 5580 1836 5643 referre.
1895 5586 1973 5642 Ac
2016 5585 2188 5655 primo
2229 5586 2494 5640 neminem
2539 5584 2702 5652 latet,
2732 5585 2819 5653 qui
2859 5586 2938 5639 vel
2980 5585 3246 5654 paululum
3280 5587 3330 5640 in
3359 5586 3551 5641 studiis

296 5688 621 5755 antiquitatis
672 5695 914 5741 versatus
962 5684 1051 5753 sit,
1099 5690 1351 5748 quantum
1402 5676 1625 5733 subsidii
1675 5692 1736 5733 ac
1775 5676 1990 5733 luminis
2036 5693 2067 5733 e
2116 5670 2327 5745 scriptis
2381 5670 2655 5731 Fortunali
2706 5675 2771 5730 ad
2819 5676 3093 5730 historiam
3142 5691 3191 5731 vr
3236 5677 3459 5742 saeculi,
3488 5690 3551 5733 ac

298 5778 561 5847 pracipue
594 5776 844 5831 Ecclesia:
885 5775 1143 5842 regnique
1173 5764 1389 5835 Galliae,
1435 5769 1801 5822 illustrandam
1844 5776 2025 5837 petere
2070 5783 2255 5822 omnes
2299 5771 2689 5823 consueverint.
2751 5765 2838 5820 Vir
2876 5768 3016 5822 enim
3058 5770 3167 5835 ille,
3198 5778 3252 5825 et
3284 5769 3547 5833 doctrina,

293 5878 351 5924 et
394 5870 588 5940 pietate
632 5883 741 5922 sum
785 5863 988 5926 mtatis,
1039 5860 1402 5925 clarissimus,
1447 5873 1567 5914 cum
1615 5858 1894 5929 praecipuis
1939 5858 2122 5915 Gallia:
2173 5857 2487 5929 presulibus
2534 5860 2620 5928 qui
2666 5867 2755 5913 aut
2784 5859 3063 5914 sanctitate
3108 5870 3201 5916 aut
3251 5859 3553 5917 eruditione

694 5984 964 6042 PATBOL.
1014 5975 1426 6039 LXXXVIII.
1883 5994 1937 6093 1
3129 5975 3155 6035 ι

1972 6055 2079 6083 ρ..ιο
