4124 6350
521 375 582 433 ΙΙ
779 430 784 435 ,
1086 374 1594 430 I'IiOL—EGUMENA
1635 374 1726 428 AD
1771 371 2090 428 VENANTII
2137 372 2291 428 IION.
2334 373 2539 430 CLEM.
2585 371 2977 429 FORTUNATI
3018 371 3266 428 OPEIIA.
3747 365 3814 421 I2

498 487 904 559 praestiterunt,
935 496 1196 559 pra'terea
1239 502 1358 542 cum
1393 487 1632 555 pluribus
1658 487 1779 541 aliis
1814 487 1963 557 regni
2003 486 2147 540 illius
2179 485 2486 553 proceribus
2526 500 2588 540 ac
2617 485 2943 556 principibus
2977 484 3103 540 viris
3134 483 3448 551 conjunctus
3484 482 3810 537 anticis~tnta

516 581 710 650 gratia,
755 580 883 652 quin
923 579 1084 634 etiam
1129 579 1260 650 ipsis
1304 579 1518 648 regibus
1559 578 1647 648 qui
1680 588 1803 632 tunc
1843 578 2100 645 temporis
2146 579 2197 631 in
2228 576 2394 632 Gallia
2424 593 2604 632 rerum
2639 578 2997 646 ponebantur,
3032 589 3094 628 ac
3124 574 3285 643 regiis
3332 587 3518 627 eurum
3569 571 3809 636 familiis,

508 683 704 740 gratus
737 682 1128 741 acceptusque,
1166 672 1327 725 multa
1370 671 1438 727 de
1480 671 1560 726 his
1595 680 1753 740 atque
1799 670 1867 723 ad
1913 670 2075 725 hosce
2114 671 2328 740 scripsit
2369 669 2482 725 sive
2519 670 2724 736 soluta,
2775 669 2888 725 sive
2923 669 3146 723 metrica
3189 667 3458 730 oratione,
3491 680 3613 735 quin
3649 673 3706 720 et
3743 664 3812 718 ad

527 769 761 836 privatas
797 740 1020 821 illorum,
1055 780 1138 819 res
1191 779 1254 818 ac
1296 764 1556 829 fortunas,
1587 771 1641 816 ct
1681 762 1746 816 ad
1781 763 1988 832 publica
2030 740 2266 831 negotia,
2297 777 2358 816 ac
2400 766 2558 816 totius
2598 764 2744 832 regni
2786 771 2984 815 statum
3026 759 3423 822 illustrandum,
3459 760 3810 828 pertinerent.

511 863 781 932 Quocirca
834 868 948 915 tuto
997 860 1128 914 illud
1175 857 1444 912 affirmare
1492 858 1690 925 possim
1721 896 1736 922 ,
1793 855 2023 924 plurium
2065 856 2176 925 jam
2225 855 2340 909 sive
2385 857 2752 925 episcoporum
2808 855 2952 908 illius
3005 852 3297 919 temporis,
3357 853 3471 904 sive
3524 864 3812 915 procerum

519 952 671 1022 regni
703 950 919 1018 Gallina,
958 949 1172 1004 nomina
1211 963 1273 1002 ac
1315 961 1401 1001 res
1433 959 1596 1017 gesta:
1637 955 1888 1014 perpetua
1941 945 1992 1000 in
2043 947 2308 1002 oblivione
2342 946 2667 1015 jacuissent,
2719 947 2815 1000 nisi
2868 946 3052 1000 eadem
3094 945 3205 997 suis
3254 941 3445 996 litteris
3478 941 3812 994 Fortunatus

521 1056 659 1099 serae
696 1041 992 1112 posteritati
1036 1039 1373 1109 prodidisset.
1409 1037 1635 1105 Hujusce
1674 1037 1914 1091 carmina
1954 1053 2072 1091 cuin
2115 1054 2298 1094 eurum
2342 1040 2577 1104 numina,
2615 1053 2678 1093 ac
2705 1039 2859 1093 sedes
2902 1037 2969 1092 ab
3011 1036 3281 1090 oblivione
3308 1033 3666 1096 vindicarunt,
3699 1042 3814 1086 tum

516 1137 582 1191 ad
619 1135 881 1192 notandas
921 1134 1311 1204 signandasqne
1354 1140 1654 1200 temporum
1700 1131 1940 1186 rationes
1977 1133 2170 1201 quibus
2208 1141 2300 1186 aut
2343 1133 2441 1200 ipsi
2485 1132 2757 1196 vixerunt,
2793 1138 2885 1184 aut
2920 1127 3116 1200 aliquid
3196 1128 3452 1183 memoria
3495 1128 3714 1195 dignum
3759 1127 3814 1179 in

517 1243 705 1285 eorum
764 1227 982 1284 urbibus
1026 1242 1090 1281 ac
1140 1225 1425 1298 provinciis
1473 1224 1711 1289 accidit,
1756 1219 2041 1293 plurimum
2092 1221 2306 1279 luminis
2353 1224 2756 1294 adjumeutique
2801 1221 3054 1278 afferunt.
3111 1220 3244 1274 IIinc
3293 1219 3489 1273 mirum
3537 1229 3659 1272 esse
3705 1229 3815 1274 non

513 1321 675 1377 debet
713 1333 779 1374 ex
822 1321 926 1373 hoc
968 1313 1116 1371 fonte
1145 1329 1334 1371 omnes
1383 1312 1494 1371 fere
1542 1315 1780 1370 hausisse
1826 1315 1917 1385 qui
1961 1316 2025 1371 de
2054 1315 2239 1370 Gallias
2285 1318 2446 1373 rebus
2485 1314 2736 1385 deinceps
2782 1315 2886 1370 ulla
2930 1324 3085 1370 mtate
3127 1316 3474 1380 scripserunt.
3524 1313 3641 1368 Jant
3685 1324 3820 1370 vero

515 1429 616 1469 nec
651 1426 843 1484 pauca,
889 1424 990 1466 nec
1029 1425 1221 1479 parva,
1262 1418 1352 1463 ant
1390 1407 1637 1475 obscura,
1673 1424 1734 1466 ea
1777 1417 1900 1466 sunt
1939 1423 2059 1481 quae
2100 1409 2165 1464 ad
2212 1410 2482 1482 religionis
2521 1412 2688 1481 ipsius
2731 1410 2980 1481 dogmata
3019 1406 3381 1464 confirmanda
3413 1418 3468 1463 et
3495 1399 3816 1466 vindicanda

509 1503 592 1558 ab
632 1500 1078 1557 heterodoxorum
1129 1497 1354 1569 ingeniis
1403 1509 1465 1554 ac
1510 1501 1660 1554 novis
1700 1503 2019 1557 commentis
2057 1517 2090 1558 e
2133 1501 2410 1558 Fortunati
2461 1503 2726 1574 Operibns
2775 1505 2911 1558 sumi
2965 1513 3187 1572 possunt
3233 1517 3430 1572 :que,
3487 1501 3628 1556 haud
3682 1510 3819 1558 sane

520 1592 930 1651 contemnenda:
976 1592 1306 1661 antiquitatis
1373 1591 1679 1647 testimonio
1724 1603 1777 1647 et
1823 1595 2142 1649 auctoritate
2200 1591 2580 1664 comprobata,
2649 1596 2714 1649 ad
2766 1594 3086 1650 refellendas
3149 1595 3461 1648 earumdem
3513 1587 3814 1648 calumnias

521 1690 702 1744 valere
729 1687 1018 1759 plurimum
1044 1687 1260 1746 debent.
1292 1685 1442 1740 Adde
1473 1686 1558 1741 his
1583 1685 1820 1741 cultioris
1849 1687 2129 1757 eleganiie
2158 1698 2524 1754 venustatem,
2560 1699 2678 1760 qua:
2711 1691 2901 1757 passim
2939 1690 2990 1742 In
3018 1687 3206 1760 ethSde
3233 1706 3262 1741 n
3290 1684 3566 1742 Fortunati
3598 1687 3817 1756 sciiptis

525 1800 780 1856 expressa
807 1781 1251 1853 deprehenditur,
1283 1789 1341 1833 ut
1380 1795 1484 1834 non
1517 1793 1642 1848 una,
1673 1779 1767 1834 sed
1811 1779 2050 1848 pluribus
2077 1781 2146 1834 de
2171 1787 2344 1835 causis
2384 1797 2488 1835 non
2531 1767 2809 1835 minimum
2855 1781 3089 1850 intersit,
3131 1778 3173 1834 si
3214 1779 3508 1848 cupispiun
3560 1778 3810 1841 alterius,

530 1888 680 1932 certe
723 1872 806 1930 Vel
845 1871 1120 1929 Fortunati
1176 1873 1343 1942 ipsius
1382 1871 1575 1940 Opera,
1615 1885 1775 1941 quam
1821 1872 1935 1925 fieri
1979 1883 2156 1942 potest
2201 1875 2452 1938 maxime,
2503 1874 2788 1944 illustrata,
2821 1875 3096 1931 emendata
3146 1885 3200 1929 et
3244 1885 3394 1929 aucta
3446 1874 3712 1945 publicam
3758 1873 3816 1930 in

533 1970 706 2024 Incem
737 1964 986 2039 proferri.

597 2059 731 2117 Cum
775 2070 954 2116 autem
991 2059 1169 2130 plures
1208 2071 1271 2111 ea
1314 2055 1366 2111 in
1403 2071 1460 2111 re
1502 2056 1928 2123 elaboraverint,
1973 2070 2034 2113 ac
2074 2070 2219 2127 saepe
2261 2055 2459 2128 szepius
2502 2059 2688 2114 eadem
2727 2052 2866 2113 edita
2909 2073 2971 2112 ac
3018 2052 3167 2113 novis
3217 2050 3616 2113 accessionibus
3655 2067 3813 2114 aucta

529 2154 762 2220 fuerint,
793 2152 977 2208 nescio
1016 2159 1194 2204 tamen
1224 2132 1707 2219 quoniodo'majns
1750 2149 1838 2203 illa
1878 2149 2078 2215 lumen,
2119 2151 2358 2204 omnium
2398 2165 2532 2218 pene
2573 2149 2710 2206 votis
2748 2165 2809 2204 ac
2848 2149 3072 2217 judicio,
3117 2149 3423 2204 desiderare
3473 2143 3812 2218 videbantur.

524 2247 603 2301 Ac
637 2243 878 2314 profecto
908 2257 1027 2312 QUIB
1061 2242 1288 2311 primum
1323 2240 1496 2295 Editio
1525 2240 1756 2310 Operum
1790 2239 2064 2294 Fortunati
2094 2238 2265 2294 Calari
2303 2241 2354 2294 in
2385 2241 2627 2296 Sardinia
2658 2255 2797 2294 anno
2827 2236 2963 2296 I575
2992 2239 3224 2310 perfecta
3266 2247 3369 2306 est,
3411 2239 3541 2294 nihil
3568 2242 3814 2295 continet

521 2337 666 2392 aliud
700 2350 859 2406 quam
902 2335 1141 2404 ejusdem
1180 2334 1427 2405 hymnos,
1455 2331 1739 2387 Cassandri
1778 2347 1940 2401 opera
1980 2333 2313 2399 emendatos,
2344 2348 2406 2389 ac
2435 2335 2695 2404 pristiam,
2734 2336 2792 2388 ut
2818 2337 2861 2390 is
2894 2334 3192 2402 profitetur,
3222 2331 3458 2388 redditos
3487 2333 3807 2404 integritati.

527 2431 810 2500 Exemplar
848 2445 976 2484 vero
1004 2424 1236 2496 Operum
1272 2429 1510 2497 ejusdem
1561 2422 1687 2482 item
1716 2426 1921 2496 Calari,
1955 2437 2324 2496 consequente
2351 2443 2512 2494 anno,
2543 2443 2704 2497 opera
2747 2443 2810 2483 ac
2850 2428 3024 2483 studio
3051 2419 3234 2482 Jacobi
3265 2427 3557 2482 Salvatoris
3589 2414 3810 2498 Seiani,

525 2522 666 2593 typis
695 2520 899 2576 Nieolai
929 2515 1232 2591 Canyelles,
1273 2519 1470 2572 editum
1515 2529 1619 2584 est,
1646 2526 1768 2572 octo
1806 2518 1856 2572 in
1903 2517 2069 2572 libros
2098 2518 2476 2585 distributum;
2538 2535 2744 2584 verum,
2793 2521 3230 2575 doctissimorum
3263 2517 3536 2574 hominum
3577 2520 3808 2589 judicio,

531 2627 780 2667 mancum
811 2609 935 2666 illud
957 2625 1019 2664 ac
1047 2609 1312 2676 mutilum,
1347 2618 1455 2662 tum
1487 2608 1783 2664 innumeris
1809 2625 1970 2679 prope
1995 2609 2203 2666 mendis
2222 2610 2568 2682 depravatum
2599 2626 2654 2670 et
2691 2622 3023 2680 corruptum.
3050 2607 3201 2680 Quod
3233 2607 3286 2667 in
3316 2611 3569 2670 Venetam
3595 2631 3811 2686 quoque

527 2704 857 2769 Editiouem,
896 2703 1035 2772 apud
1080 2704 1319 2756 ha-redes
1356 2702 1540 2757 Jacobi
1589 2702 1870 2769 Simbenii,
1911 2719 1999 2757 an.
2044 2701 2217 2769 I578,
2255 2705 2604 2772 translatum,
2651 2705 2837 2763 iisdem
2881 2714 3042 2775 atque
3083 2708 3244 2761 etiam
3298 2705 3541 2776 pluribus
3591 2708 3810 2763 mendis

452 2787 464 2806 ’
526 2801 780 2854 inlectum
809 2812 871 2852 ac
895 2798 1130 2852 deforme
1161 2795 1373 2864 prodiit.
1420 2794 1563 2849 Idem
1602 2810 1784 2851 rursus
1814 2793 1990 2850 Calari
2014 2838 2027 2861 ,
2071 2811 2162 2852 an.
2193 2793 2359 2866 I534,
2397 2807 2453 2854 et
2483 2798 2744 2865 Coloniae,
2796 2815 2884 2853 an.
2924 2799 3080 2866 I600,
3115 2814 3379 2866 recusum,
3412 2799 3604 2855 additis
3642 2803 3807 2856 etiam

529 2890 965 2962 Expositionihus
1007 2893 1056 2942 in
1096 2886 1406 2957 Symbolum
1458 2897 1513 2940 et
1557 2887 1866 2944 Orationem
1917 2884 2271 2956 Dominicam,
2316 2890 2483 2946 nihilo
2530 2889 2839 2947 defaecatius
2886 2905 2948 2946 ac
2990 2893 3167 2962 purius
3216 2892 3436 2946 exstitit.
3492 2893 3616 2948 Haec
3664 2889 3810 2950 inter

525 2985 826 3040 Parisieuse
863 2981 1160 3051 exemplar,
1201 2981 1343 3049 quod
1384 2981 1434 3034 in
1478 2989 1678 3034 tomum
1719 2979 1825 3035 VIII
1857 2978 2202 3037 Bibliotheca:
2238 2993 2478 3039 veterum
2521 2981 2779 3040 Ecclesia:
2814 2972 3028 3038 Patrum
3069 2977 3326 3038 insertum
3370 2993 3475 3049 est,
3510 2988 3564 3041 et
3597 2979 3805 3041 editum

530 3077 782 3144 Parisiis,
827 3073 1034 3131 ceteris
1094 3073 1339 3128 omnibus
1391 3073 1648 3127 librorum
1703 3089 1948 3141 numero,
2000 3075 2267 3140 anteibat;
2335 3073 2387 3132 id
2439 3080 2611 3146 ipsum
2665 3087 2840 3132 tamen
2891 3078 3181 3133 multorum
3239 3087 3542 3148 poematum
3597 3076 3806 3151 jactura

527 3171 801 3238 lacerum,
859 3175 923 3222 ac
970 3164 1252 3231 mutilum,
1299 3177 1352 3220 et
1401 3180 1649 3235 perversa
1698 3167 1998 3236 vitiosaque
2043 3165 2307 3237 lectione,
2363 3173 2600 3242 pluribus
2653 3168 2703 3226 in
2755 3170 2916 3236 locis,
2970 3173 3309 3240 depravatum
3339 3215 3355 3238 ,
3405 3173 3806 3244 diligentiorem

525 3263 923 3329 auctioremque
953 3258 1252 3314 Editioneni
1298 3273 1519 3328 poscere
1555 3259 1848 3314 videbatur.
1883 3258 2030 3316 lianc
2072 3276 2354 3334 aggressus
2395 3265 2464 3320 cl.
2497 3266 2576 3319 vir
2609 3265 2662 3318 P.
2692 3253 3108 3335 Cbristophorus
3130 3263 3434 3331 Bruwerus,
3477 3285 3508 3322 e
3547 3270 3808 3326 societate

523 3353 673 3419 Iesu,
705 3349 929 3421 perfecit
963 3358 1124 3419 atque
1163 3346 1328 3406 edidit
1369 3348 1686 3418 Moguntina,
1721 3366 1860 3406 anno
1890 3343 2062 3418 1603,
2114 3358 2250 3425 typis
2276 3355 2570 3410 Baltliasari
2604 3347 2811 3426 Lippii;
2852 3367 2902 3409 ct
2946 3351 3190 3412 eamdem
3232 3361 3504 3415 renovavit
3543 3367 3804 3419 emcnda-

534 3445 713 3513 vitque
741 3457 829 3496 an.
856 3438 1016 3503 I6l7,
1047 3441 1174 3495 item
1205 3437 1490 3509 Moguntize
1529 3441 1726 3496 editam
1771 3447 2074 3515 sumptibus
2109 3446 2364 3503 Bernardi
2406 3449 2706 3518 Gualthcri,
2753 3451 3059 3519 bibliopola:
3103 3450 3458 3518 Culoniensis,
3503 3457 3806 3516 excudento

535 3536 742 3591 Joanne
768 3532 1058 3590 Volmario.
1092 3533 1219 3588 Ilazc
1240 3544 1386 3588 certe
1427 3527 1605 3589 Editio
1632 3534 1866 3605 Operum
1898 3539 2203 3609 Fortunati,
2244 3540 2457 3597 cmteris
2485 3544 2752 3609 omnibus,
2800 3559 2918 3612 quin
2961 3545 3187 3599 antehac
3228 3546 3515 3602 elaborata:
3561 3536 3800 3617 fuerant,

525 3631 752 3695 auctior,
784 3628 1108 3698 diligentior,
1140 3637 1193 3682 et
1224 3629 1460 3682 ornatior
1485 3632 1750 3700 apparuit.
1794 3631 1838 3686 Is
1868 3633 2034 3702 enim,
2062 3649 2163 3703 ope
2194 3649 2324 3690 mss.
2343 3626 2636 3702 'Codicum,
2665 3644 2719 3689 et
2752 3631 2902 3707 plura
2933 3652 3050 3706 qua:
3091 3646 3243 3693 antea
3272 3639 3412 3693 edita
3457 3652 3563 3694 non
3594 3641 3808 3698 fuerant

528 3722 822 3793 exemplari
861 3736 958 3776 suo
1000 3721 1225 3786 addidit,
1267 3731 1320 3775 et
1359 3737 1477 3791 qui:
1557 3721 1854 3781 innumeris
1895 3740 2027 3796 pene
2071 3729 2346 3784 scatebant
2388 3733 2662 3787 erroribus
2699 3733 2984 3804 diligenter
3018 3733 3343 3788 emendavit.
3393 3734 3562 3803 Quam
3590 3735 3659 3790 ad
3689 3751 3799 3793 rum

518 3815 698 3871 tribus
731 3813 994 3886 praecipue
1033 3829 1161 3870 mss.
1193 3829 1251 3869 se
1294 3829 1442 3868 usum
1481 3824 1722 3884 testatur,
1759 3819 1862 3875 [ide
1894 3821 2215 3890 dignissimis
2247 3841 2260 3876 :
2294 3823 2596 3880 Trevireusi
2635 3826 2760 3892 uno,
2807 3827 2976 3882 altero
3017 3825 3126 3898 (cui
3168 3828 3212 3882 is
3253 3826 3372 3896 plus
3402 3843 3558 3897 quam
3588 3829 3804 3886 exteris
3890 3830 3892 3832 ’

520 3909 680 3976 pretii
711 3906 916 3978 tribuit)
949 3922 1013 3961 ex
1044 3906 1256 3960 abhatia
1286 3905 1684 3974 Saquallensi,
1728 3924 1790 3964 ac
1827 3915 1984 3966 tertio
2024 3927 2087 3967 ex
2125 3913 2341 3970 abbatia
2371 3915 2775 3985 Sigebergeusi;
2808 3920 2932 3986 quin
2977 3928 3030 3973 et
3072 3916 3425 3988 fragmentum
3458 3934 3557 3974 ms.
3588 3916 3804 3976 Codicis

527 4003 654 4056 item
685 3999 1022 4055 Trevireusis
1055 3999 1331 4065 Eceiesim,
1375 4008 1429 4053 et
1471 3999 1612 4054 aliud
1657 4019 1753 4055 ms.
1792 4000 2147 4076 fragmentum

2191 4006 2463 4063 Cusanum
2509 4011 2670 4066 refert
2718 4010 2769 4062 in
2822 4011 3063 4066 manibus
3112 4027 3170 4068 se
3212 4013 3486 4067 habuisse.
3535 4011 3802 4069 Praeterea

520 4093 802 4162 exemplar
845 4105 998 4146 suum
1043 4088 1264 4145 contulit
1309 4104 1427 4143 cum
1463 4091 1628 4145 Editis
1657 4091 1981 4159 Calaritauo,
2013 4095 2239 4162 Veneto,
2269 4099 2552 4156 Parisiensi
2594 4100 2646 4152 in
2681 4099 3009 4155 Bibliotheca
3044 4101 3280 4167 Patrum,
3313 4101 3531 4171 Georgii
3563 4101 3796 4162 Fabricii

518 4188 573 4243 in
604 4185 784 4242 Poetis
815 4184 1013 4254 Sacris,
1057 4184 1363 4256 addiditque
1393 4199 1542 4241 vetus
1573 4206 1673 4245 ms.
1707 4202 1758 4244 et
1795 4206 1930 4245 rara:
1957 4204 2095 4248 nota:
2121 4193 2376 4250 Friderici
2405 4195 2746 4267 Tiliobrogm,
2769 4207 2823 4250 et
2863 4197 3058 4251 librum
3089 4211 3189 4252 ms.
3224 4196 3492 4253 Theodori
3520 4197 3801 4260 Pulmanni

515 4275 886 4348 Craneburgii,
925 4276 993 4329 ab
1039 4274 1155 4344 ipso
1181 4275 1465 4332 Theodoro
1494 4292 1612 4332 cum
1661 4282 1892 4350 antiquis
1941 4283 2088 4338 libris
2119 4285 2403 4355 diligenter
2441 4287 2714 4354 collatum,
2763 4303 2826 4343 ac
2857 4289 3184 4355 descriptum
3228 4305 3317 4348 an.
3348 4289 3504 4356 I570,
3531 4302 3586 4346 et
3618 4291 3798 4350 varias

518 4372 782 4428 lectiones
830 4363 912 4424 ad'
937 4369 1229 4439 marginem
1275 4373 1554 4440 expressit.
1605 4374 1751 4429 Ilanc
1799 4385 1976 4432 autem
2020 4378 2322 4436 Editionem
2373 4394 2523 4434 suam
2573 4381 2856 4438 Brovverus
2901 4397 3022 4436 cum
3072 4383 3380 4438 elucubrata
3429 4400 3456 4437 a
3506 4401 3627 4442 sese
3676 4386 3798 4445 Vita

518 4466 814 4532 Fmtunati,
865 4475 974 4518 tum
1023 4465 1238 4534 prolixis
1283 4465 1424 4520 notis
1473 4468 1772 4534 exornavit,
1825 4479 1983 4538 atque
2027 4471 2193 4538 auxit,
2236 4483 2292 4526 ut
2339 4489 2464 4528 vere
2507 4474 2551 4531 is
2593 4473 2660 4529 de
2691 4470 2981 4529 Fortunato
3031 4482 3214 4530 nostro
3265 4477 3523 4545 prmclare
3576 4480 3803 4537 meritus

516 4556 622 4610 dici
653 4565 707 4608 et
741 4552 923 4608 haberi
968 4552 1427 4641 possitiBroweri
1476 4558 1753 4626 exemplar
1804 4575 1924 4612 cum
1965 4559 2084 4615 Vita
2117 4561 2394 4619 Fortunati
2443 4579 2692 4621 recusum
2745 4566 2842 4622 fuit
2890 4567 3082 4623 deinde
3131 4568 3370 4640 Lugduni
3416 4585 3505 4626 an.
3544 4572 3704 4641 I677,
3747 4573 3800 4629 in

512 4645 840 4699 Bibliotheca
883 4651 1118 4695 veterum
1149 4640 1386 4709 Patrum,
1432 4646 1698 4699 nonnullis
1749 4657 1926 4702 tamen
1969 4652 2179 4706 mendis
2217 4654 2299 4722 (ut
2338 4657 2453 4724 ipse
2488 4671 2552 4711 ex
2599 4657 2882 4714 collatione
2929 4674 3052 4714 cum
3103 4661 3399 4731 exemplari
3430 4640 3802 4732 Broweriano,

515 4737 658 4792 edito
692 4733 971 4804 Moguntina
1002 4747 1144 4785 anno
1180 4732 1332 4798 I617,
1363 4748 1690 4802 Cognoscere
1723 4737 1913 4808 potui),
1953 4743 2402 4811 typographurum
2436 4744 2665 4812 incuria,
2702 4749 2900 4815 passim
2932 4763 3258 4817 respersum.

586 4830 752 4885 Porro
776 4825 876 4881 etsi
910 4824 1243 4878 Brovveriana
1278 4825 1457 4880 Editio
1484 4828 1697 4882 czeteris
1729 4832 1972 4883 omnibus
1997 4846 2115 4901 quae
2144 4831 2208 4886 ad
2243 4833 2371 4886 illud
2408 4850 2575 4906 usque
2607 4845 2817 4906 tempus
2849 4837 3160 4905 prodierant
3191 4838 3398 4895 felicior
3425 4850 3480 4896 et
3504 4841 3802 4899 absolutior

516 4919 714 4987 fuerit,
765 4925 921 4975 erant
967 4925 1142 4971 tamen
1190 4917 1366 4971 adhuc
1420 4919 1671 4973 nonnulla
1717 4935 1837 4989 quae
1886 4922 2059 4976 cidem
2123 4922 2396 4990 addenda,
2452 4931 2544 4978 aut
2598 4925 2929 4980 emendanda
2960 4966 2974 4989 ,
3047 4937 3139 4981 aut
3189 4931 3488 4984 accuratius
3533 4933 3798 5001 notanda,

512 5014 847 5072 videbantur.
889 5007 1020 5062 Nam
1060 5018 1114 5063 et
1153 5009 1386 5063 carmina
1432 5011 1698 5080 quaedam,
1734 5026 1854 5080 qua:
1891 5009 2128 5066 Brov‘vei‘i
2169 5021 2331 5068 atate
2378 5016 2531 5068 erant
2570 5014 2768 5085 ignota,
2798 5025 2890 5068 aut
2931 5023 3078 5070 certe
3115 5017 3168 5071 in
3213 5018 3330 5084 ejus
3364 5033 3551 5074 manus
3577 5019 3803 5077 minime

512 5114 890 5177 pervenerant,
931 5111 1112 5169 postea
1149 5102 1201 5155 in
1247 5102 1416 5156 lucem
1447 5102 1710 5171 prodiere,
1743 5118 1885 5170 quin,
1926 5101 2025 5157 hac
2051 5101 2174 5156 illac
2214 5103 2404 5158 alienis
2451 5102 2503 5158 in
2533 5104 2791 5174 operibus
2823 5102 3094 5175 dispersa,
3125 5105 3422 5176 colligenda
3471 5106 3701 5177 fuerant,
3736 5125 3801 5165 ac

515 5200 869 5253 ltrowerianze
915 5197 1141 5253 Editioni
1196 5193 1520 5258 attcxenda;
1576 5202 1684 5246 tum
1736 5194 2028 5263 pleraque,
2085 5192 2261 5246 soluta
2313 5193 2508 5259 scripta
2567 5195 2856 5254 oratione,
2903 5209 3020 5262 qua:
3071 5193 3360 5250 Browerus
3406 5195 3637 5252 Editioni
3684 5210 3799 5254 sua:

512 5289 844 5360 adjungenda
877 5306 982 5344 non
1011 5287 1243 5352 censuit,
1274 5286 1485 5340 eceteris
1517 5284 1792 5339 Fortunati
1821 5283 2085 5350 Operibus
2113 5281 2309 5336 merito
2341 5279 2585 5336 addenda
2621 5280 2960 5345 videbantur,
2995 5290 3053 5335 ut
3079 5288 3362 5352 quntquot,
3392 5283 3504 5339 sive
3533 5285 3792 5352 carmine,

512 5385 624 5437 sive
664 5399 839 5453 prosa,
869 5384 933 5438 ab
969 5377 1161 5436 eodem
1205 5377 1510 5435 eluenbrata
1555 5372 1879 5444 accepimus,
1910 5382 2034 5426 uno‘
2050 5386 2215 5442 opere
2265 5373 2510 5426 universa
2542 5370 3148 5436 comprehenderentur.
3191 5367 3311 5426 Jatn
3342 5383 3470 5427 vero
3512 5382 3651 5429 nunc
3691 5374 3797 5431 illa

515 5475 705 5544 quibus
760 5473 897 5528 idem
951 5471 1234 5526 Brovverus
1285 5465 1528 5521 Venantii
1581 5462 1858 5518 Fortunati
1919 5462 2118 5530 scripta
2173 5455 2413 5516 ornanda
2462 5473 2515 5516 et
2562 5461 2875 5516 illustranda
2940 5461 3266 5518 existimavit
3324 5466 3577 5533 quamvis
3623 5464 3798 5522 docta

513 5568 825 5636 plerumque
870 5574 925 5618 et
969 5563 1216 5626 eruditae,
1258 5548 1456 5612 eaedem
1508 5565 1683 5610 tamen
1729 5570 1829 5622 qua
1875 5552 2093 5605 nimium
2143 5553 2384 5636 prolixte,
2433 5555 2536 5620 qua
2573 5560 2701 5636 vero
2743 5559 2945 5605 manca!
2988 5557 3044 5605 et
3081 5550 3300 5621 jejunae,
3349 5557 3462 5620 'zml,
3493 5556 3795 5624 temporum

514 5631 863 5714 notando-rum
903 5669 1110 5721 errore,
1154 5667 1215 5707 ac
1255 5641 1654 5721 perturbatione
1693 5656 1896 5712 rerum,
1939 5641 2085 5698 falsze
2125 5633 2392 5696 interdum
2433 5645 2496 5695 a'c
2537 5631 2832 5706 mendosae,
2869 5639 3085 5695 alterius
3133 5649 3346 5695 manum
3378 5652 3436 5697 et
3466 5641 3793 5715 diligentiam

511 5751 897 5805 clilanitabant.

605 5765 631 5803 a
673 5751 897 5805 itabant.

547 5750 738 5895 “liigsce
765 5837 943 5909 itaque
971 5835 1040 5891 de
1069 5833 1246 5890 causis
1276 5825 1668 5888 illustrissimus
1698 5826 1750 5883 e't
1780 5822 2263 5883 reverendissimns
2287 5821 2468 5894 (qutun
2503 5824 2749 5892 superius
2775 5823 3217 5896 commemoravi)
3251 5823 3499 5884 Nicolaus
3530 5829 3798 5886 Antonius
