4124 6370
349 370 410 432 i3
1794 372 2175 431 ΡΒΑΞΡΑΤΙΟ.
3557 374 3618 429 Η

346 484 687 543 Justiuiaous
712 498 905 540 novam
936 483 1167 555 Operam
1198 480 1473 541 Fortunali
1501 485 1801 543 Editionem
1838 484 2226 555 procurandum
2258 482 2487 545 censuit,
2521 490 2680 551 atque
2711 481 2761 535 id
2800 481 3036 536 muneris
3068 482 3197 537 mihi
3244 480 3612 553 demandavit,

341 576 746 645 qualescunque
783 573 1000 629 demum
1046 574 1113 629 ad
1154 574 1281 629 illud
1326 576 1706 643 perficiendum
1746 575 1887 630 vires
1931 574 2126 631 afferre
2167 574 2453 643 potuerim.
2511 572 2645 628 llinc
2676 572 2820 628 enim
2868 588 2990 628 cum
3041 574 3286 629 utilitatis
3325 575 3612 643 plurimum

338 682 403 723 ac
449 666 679 730 fructus,
729 673 789 720 ut
837 679 996 736 supra
1049 665 1221 732 innui,
1270 665 1335 721 ad
1386 666 1701 739 religionem
1752 665 2201 731 coniirmandam,
2251 673 2305 719 et
2358 664 2497 718 illius
2551 660 2808 732 temporis
2854 664 3171 717 memmium
3215 663 3615 733 illustrandam,

338 759 403 813 ad
455 759 668 814 litteras
716 757 949 826 denique
1000 758 1142 825 ipsas
1187 756 1480 822 ornandae,
1538 766 1917 827 proventuram
1969 753 2327 819 existimavit,
2375 761 2489 805 tum
2545 752 2811 806 Patavina
2861 750 3120 806 Ecclesiae
3169 758 3353 823 (quam
3406 756 3617 823 egregia

339 850 707 907 sollicitudine
749 863 813 902 ac
844 848 1120 921 diligentia
1168 848 1340 917 pascit
1387 856 1443 903 et
1488 847 1647 917 regit)
1677 861 1785 901 non
1832 845 2114 900 minimum
2163 840 2377 896 decoris
2415 850 2473 895 et
2515 839 2730 893 luminis
2774 852 3117 893 accessurum
3162 850 3245 894 est
3292 838 3611 907 arbitratus,

336 941 496 1010 cujus
546 939 612 993 ad
668 936 948 994 dimresim
1004 937 1234 1007 pertinet
1290 935 1581 1009 Duplavilis
1609 951 1791 1005 quam,
1825 935 2063 990 nativum
2106 944 2225 988 esse
2280 932 2555 986 Fortunati
2610 930 2782 985 solum
2840 931 3138 985 certissima
3193 942 3247 987 et
3299 934 3616 1002 gravissima

350 1040 702 1089 monumenta
733 1031 814 1101 (ut
844 1028 1087 1101 ejusdem
1118 1028 1173 1085 in
1207 1026 1321 1083 Vita
1352 1026 1722 1097 ostendemus)
1754 1025 2094 1082 confirmant.

412 1122 584 1186 Nunc,
617 1130 671 1176 ut
700 1119 898 1175 laboris
923 1120 1028 1173 mei
1060 1127 1117 1174 et
1142 1119 1322 1187 operis
1350 1119 1491 1189 quod
1525 1118 1578 1173 in
1605 1115 1970 1182 conferendis,
1999 1115 2355 1180 illustrandis,
2383 1112 2644 1183 augendis
2674 1109 2917 1165 Venantii
2951 1111 3162 1181 scriptis
3220 1113 3377 1181 posui
3400 1111 3621 1167 reddam

339 1210 600 1271 rationem
651 1208 924 1277 aliquam,
972 1222 1035 1262 ac
1078 1206 1367 1278 quamdam
1419 1208 1584 1262 totius
1636 1207 1897 1262 Editionis
1947 1222 2106 1278 quam
2160 1222 2279 1261 sum
2333 1218 2618 1274 aggressus
2667 1202 2858 1258 facient
2906 1218 3000 1257 seu
3050 1204 3275 1257 formam
3324 1204 3395 1259 ob
3434 1204 3624 1261 oeulos

339 1314 554 1365 ponam,
599 1296 927 1353 Broweriaui
971 1296 1185 1366 quidem
1233 1297 1595 1367 exemplaris,
1643 1313 1705 1352 ac
1755 1297 1959 1353 laboris
2004 1296 2262 1367 quidquid
2325 1304 2442 1351 erat
2489 1294 2829 1351 retinendum
2878 1309 2941 1349 ac
2991 1293 3356 1360 servandum,
3399 1294 3621 1353 retinui.

341 1390 452 1445 Hoc
490 1405 625 1445 sane
664 1406 758 1457 per
785 1403 874 1445 me
905 1389 979 1444 cl.
1010 1389 1123 1443 viro
1158 1388 1249 1455 ait,
1290 1399 1353 1443 ut
1387 1391 1495 1445 erit
1534 1404 1769 1459 semper,
1803 1405 1906 1443 non
1939 1388 2139 1459 vulgari
2186 1386 2348 1452 laudi,
2374 1386 2515 1452 quod
2558 1394 2634 1439 tot
2667 1383 2939 1439 Fortunati
2989 1394 3255 1454 poemata,
3299 1400 3422 1454 quas
3460 1398 3617 1441 antea

337 1479 577 1533 omnium
615 1478 665 1533 in
704 1479 1035 1548 ignoratione
1068 1478 1421 1534 versabantur
1460 1480 1511 1533 in
1545 1488 1787 1534 veterum
1822 1478 2264 1536 bibliothecarum
2308 1474 2526 1531 latebris
2566 1485 2619 1529 et
2657 1474 2883 1529 occultis
2916 1474 3216 1530 recessibus
3256 1475 3617 1549 investigarit,

338 1568 743 1631 emendaverit,
775 1568 1075 1637 protulerit,
1106 1582 1330 1639 qumque
1374 1567 1489 1638 jam
1542 1568 1753 1623 fuerant
1803 1568 1947 1624 edita
1998 1569 2066 1623 ad
2118 1583 2249 1623 mss.
2305 1566 2560 1623 Codicum
2609 1568 2983 1621 auctoritatem
3035 1576 3091 1622 et
3145 1567 3304 1623 fidem
3358 1570 3618 1638 probarit,

334 1658 698 1729 casugaverit,
744 1657 1060 1716 correxerit.
1094 1658 1454 1727 Quamobrem
1488 1657 1885 1715 Brovverianum
1919 1659 2213 1725 exemplar,
2247 1654 2389 1727 quod
2429 1656 2495 1722 is,
2543 1665 2599 1709 ut
2648 1656 2895 1724 superius
2937 1655 3073 1721 dixi,
3113 1655 3180 1711 ad
3212 1658 3429 1727 optimae
3475 1669 3621 1713 notae

334 1747 563 1805 Codices
601 1759 733 1803 mss.
757 1758 1032 1817 exqerat,
1066 1748 1120 1803 in
1159 1758 1397 1803 nostram
1441 1749 1578 1805 hanc
1620 1750 1919 1805 Editionem
1963 1749 2223 1818 integrum
2268 1747 2659 1810 transtulimus,
2691 1748 2789 1802 rati
2820 1762 3004 1803 eurum
3034 1748 3288 1803 Codicum
3338 1750 3617 1815 lectiones,

336 1853 475 1908 quas
521 1838 622 1909 ipsi
677 1839 727 1893 in
778 1836 1030 1893 manibus
1072 1836 1275 1895 habere
1323 1853 1429 1893 non
1471 1839 1765 1908 putuimus,
1816 1835 1949 1892 satis
1994 1838 2045 1891 in
2102 1837 2191 1891 illo
2239 1835 2459 1891 indicari
2508 1846 2561 1891 et
2608 1836 2869 1903 exprimi;
2914 1835 2959 1891 si
3002 1835 3127 1907 quid
3163 1853 3290 1893 vero
3337 1836 3435 1893 fuit
3474 1841 3616 1909 quod

339 1930 520 1985 minus
565 1928 832 1999 placeret,
878 1937 934 1983 et
977 1927 1196 1985 aliunde
1242 1928 1437 1983 melius
1484 1927 1847 1996 suppleretur,
1898 1925 2186 1980 maluimus
2228 1925 2487 1981 adn0tare
2535 1939 2692 1992 quam
2746 1925 3092 1981 Broweriauo
3144 1928 3194 1981 in
3242 1936 3418 1994 textu,
3465 1942 3657 1984 secus-

335 2029 499 2090 atque
544 2021 746 2076 editum
793 2016 1004 2081 fuerat.
1053 2016 1254 2090 aliquid
1303 2019 1606 2073 immutare.
1659 2017 1917 2083 Quocirca
1969 2014 2143 2070 Editio
2186 2014 2302 2069 haec
2354 2022 2535 2069 nostra
2585 2014 2781 2081 duplex
2829 2015 2990 2069 veluti
3041 2016 3313 2085 exemplar
3359 2018 3615 2083 continet,

337 2122 391 2165 et
420 2110 563 2180 quod
590 2111 818 2181 primum
847 2109 1136 2171 Brovverua
1164 2106 1352 2175 edidit,
1383 2116 1437 2161 et
1461 2107 1602 2177 quod
1631 2119 1729 2159 nos
1758 2102 1881 2173 ipsi,
1915 2103 2165 2158 meliores
2199 2103 2462 2159 lectiones
2486 2102 2793 2170 indicando,
2822 2104 3192 2173 adjnnximus.

408 2222 598 2278 Omnia
644 2220 909 2291 siquidem
941 2219 1217 2274 Fortunati
1248 2218 1442 2288 Opera,
1474 2234 1594 2286 quae
1638 2216 1811 2287 primo
1840 2208 2109 2270 volumine
2154 2214 2518 2281 continentur,
2563 2230 2685 2273 cum
2730 2216 2899 2271 tribus
2942 2230 3076 2272 mss.
3116 2215 3285 2271 Codd.
3324 2208 3616 2288 Vaticanis,

332 2310 467 2366 oiim
512 2308 850 2371 bibliotheca
872 2308 1151 2377 Palatium,
1193 2318 1249 2361 et
1287 2309 1353 2361 iis
1395 2304 1638 2376 integris,
1683 2321 1840 2376 quam
1884 2305 2150 2373 putuimus
2191 2304 2473 2375 diligenter
2519 2304 2865 2373 contulimus,
2911 2322 3043 2377 quos
3080 2307 3224 2363 circa
3269 2324 3464 2364 nonum
3508 2309 3617 2367 fere

337 2399 619 2466 sreculum,
657 2407 750 2457 aut
789 2398 1078 2464 decitnntn,
1121 2402 1374 2452 exaratos
1422 2398 1585 2451 fuisse
1628 2396 1976 2467 coniecimus.
2017 2396 2155 2463 Quin
2197 2405 2252 2450 et
2290 2410 2358 2450 ex
2399 2396 2588 2452 laceris
2629 2397 2949 2467 derosisque
2989 2401 3335 2467 membranis,
3385 2402 3429 2459 si
3474 2405 3615 2473 quod

340 2486 616 2543 Fortunati
657 2497 840 2556 puum
876 2495 967 2540 aut
1012 2481 1177 2541 fetum
1216 2486 1380 2540 alium
1422 2501 1532 2555 prae
1568 2501 1629 2540 se
1663 2484 1811 2541 ferre
1847 2487 1973 2543 visae
2013 2496 2158 2555 sunt,
2203 2486 2458 2557 quidquid
2489 2488 2698 2545 varium
2745 2490 2797 2543 in
2841 2490 3071 2547 lectione
3106 2491 3202 2547 fuit
3227 2496 3615 2564 excerpsimus,

334 2591 403 2633 ac
446 2578 556 2631 suis
599 2576 731 2631 locis
778 2576 967 2637 sedqu
1008 2575 1452 2645 subscripsimus.
1500 2575 1633 2630 Cum
1664 2584 1844 2631 autem
1896 2577 1948 2630 in
1999 2577 2169 2631 tribus
2216 2578 2282 2632 iis
2324 2592 2460 2647 quos
2506 2582 2926 2637 commemoravi
2978 2597 3107 2637 mss.
3153 2582 3321 2639 Codd.
3372 2587 3615 2644 omnibus

338 2665 775 2721 desiderarentur
818 2679 1039 2718 carmen
1094 2665 1126 2719 6
1165 2664 1205 2717 l.
1237 2679 1358 2728 vin,
1399 2674 1454 2719 et
1501 2676 1726 2734 quatuor
1773 2665 1893 2719 libri
1938 2665 2005 2721 de
2041 2665 2156 2722 Vita
2204 2670 2375 2721 sancti
2426 2669 2659 2735 Martini,
2713 2654 2828 2726 haec
2873 2673 3028 2727 nobis
3076 2678 3436 2745 suppeditavit
3482 2680 3616 2739 alius

340 2771 447 2812 non
478 2756 745 2812 inferioris
773 2756 1103 2827 antiquitatis
1127 2754 1311 2811 Codex
1352 2759 1476 2810 item
1507 2755 1848 2811 bibliOtliecze
1882 2754 2150 2813 Vaticana
2185 2757 2251 2811 ad
2280 2773 2438 2827 quem
2469 2760 2584 2828 ipsa
2617 2761 2865 2816 conferre
2886 2766 3190 2831 potuimus.

412 2863 553 2933 Quin
596 2868 755 2921 etiam
785 2860 1098 2922 Calamam
1125 2866 1387 2923 Editiouis
1423 2867 1722 2937 exemplar,
1765 2868 1905 2937 quod
1937 2868 2169 2925 Venetiis
2206 2872 2411 2925 editum
2458 2881 2570 2941 est,
2610 2882 2667 2928 ut
2703 2882 2950 2943 superius
2988 2878 3243 2947 diximus,
3277 2895 3418 2937 anno
3451 2881 3611 2955 1578,

338 2973 438 3028 per
475 2959 715 3015 bmredes
744 2956 927 3014 Jacobi
962 2958 1243 3021 Simbenii,
1282 2958 1345 3012 ad
1381 2958 1611 3013 Broweri
1639 2960 1915 3029 exemplar
1954 2958 2145 3015 iterum
2175 2962 2522 3027 eonttilimns,
2552 2977 2786 3033 quisque
2824 2966 2891 3018 ali
2921 2978 2987 3020 eo
3028 2967 3204 3021 minus
3240 2971 3613 3029 animadversa

341 3065 402 3107 ac
431 3061 606 3106 notata
638 3048 865 3114 fuerant,
892 3056 1011 3105 eum
1039 3050 1363 3120 ceteroquin
1406 3050 1564 3118 digna
1605 3050 2069 3105 animadversione
2114 3050 2265 3104 nobis
2296 3051 2407 3104 visa
2448 3052 2585 3118 sint,
2625 3052 3021 3120 adnotavimus,
3051 3069 3175 3110 cum
3227 3056 3295 3110 ab
3326 3059 3622 3117 innumeris

342 3159 508 3214 prope
538 3143 748 3198 mendis
779 3142 972 3213 quibus
1002 3142 1088 3197 illa
1120 3151 1289 3197 scatet
1317 3141 1495 3195 Editio
1533 3139 1816 3210 diiigenrer
1848 3140 2041 3195 eadem
2076 3141 2512 3196 secretissemus.
2551 3140 2732 3210 Neque
2759 3157 2904 3208 vero,
2940 3157 2985 3197 at
3026 3142 3077 3198 in
3108 3144 3209 3199 ulla
3245 3146 3489 3204 ﬁdit-ioue
3512 3151 3614 3205 alia

343 3231 547 3288 varium
580 3232 780 3302 aliquid
816 3230 1138 3295 invenimus,
1170 3231 1541 3301 negligendum
1565 3231 1988 3286 existimarimus

368 3325 375 3329 ’
412 3323 532 3378 iam
566 3334 693 3377 vero
745 3334 862 3388 quo:
902 3319 966 3375 ad
995 3320 1234 3376 notitiam
1267 3330 1502 3375 nostram
1537 3322 1815 3392 pervenire
1846 3324 2154 3392 potuerunt,
2201 3334 2442 3390 poemata
2476 3325 2772 3394 Fortunati,
2802 3342 3029 3398 qtmque
3059 3328 3282 3386 deerant
3312 3330 3365 3386 in
3400 3331 3615 3390 Brewe-

343 3418 493 3470 riana
523 3414 790 3482 Editiune,
818 3414 938 3469 huic
961 3423 1157 3468 nostra:
1186 3414 1555 3482 adjunximus.
1606 3412 1681 3469 ita
1707 3415 1744 3468 ι.
1778 3429 1839 3480 η,
1873 3431 1921 3469 c.
1960 3416 2047 3480 i0,
2079 3418 2403 3471 attextiimns
2451 3417 2708 3490 liyntnum
2736 3434 2765 3472 a
2800 3420 3097 3477 Fortunato
3130 3434 3314 3479 nostro
3356 3425 3615 3494 scriptum

342 3510 397 3563 in
424 3514 670 3562 sanctum
705 3507 1013 3579 Dionysium
1044 3514 1358 3577 martyrem,
1408 3509 1637 3576 primum
1666 3505 2027 3561 Parisiensem
2060 3509 2365 3576 pontiﬁcem
2388 3554 2402 3576 ,
2455 3519 2615 3582 quem
2656 3513 2831 3569 edidit
2868 3515 2941 3571 el.
2972 3514 3249 3574 Dubietius
3280 3519 3332 3575 in
3364 3521 3615 3590 Antiqui-

342 3602 541 3656 tatibus
595 3598 1097 3671 San-Dionysi‘anis.
1152 3599 1339 3655 Edem
1375 3594 1408 3652 Ι.
1462 3615 1498 3651 ιι
1544 3598 1853 3667 adjunctum
1900 3607 1983 3653 est
2027 3608 2243 3656 carmen
2290 3600 2324 3654 8
2371 3604 2422 3656 in
2463 3615 2679 3659 sacrum
2725 3605 3083 3675 baptismum,
3131 3618 3189 3664 et
3231 3607 3265 3663 9
3305 3608 3366 3666 in
3401 3611 3614 3669 laudem

342 3692 667 3761 chrismatis,
702 3692 828 3748 item
875 3696 1072 3762 srrlpta
1105 3698 1132 3745 a
1166 3688 1479 3759 Fortunato,
1533 3691 1608 3745 uti
1660 3694 1772 3746 suis
1818 3690 1949 3747 locis
1978 3692 2390 3759 adnotavimus;
2440 3704 2549 3750 tum
2599 3706 2815 3752 carmen
2846 3697 2949 3764 1i,
3000 3701 3257 3772 scriptum
3297 3704 3349 3758 in
3398 3703 3613 3763 laudem

344 3790 515 3843 sancti
546 3786 827 3855 Martialis,
859 3786 1011 3856 primi
1043 3786 1371 3840 Lemovicini
1403 3782 1661 3854 episcopi,
1708 3785 1848 3855 quod
1880 3782 1945 3840 ad
1988 3786 2092 3839 hoc
2127 3794 2296 3856 usque
2345 3795 2554 3856 tempus
2602 3787 2888 3863 Florentia:
2929 3791 2980 3844 in
3024 3789 3382 3849 Laurentiano
3428 3796 3618 3854 biblio-

346 3882 499 3935 theca
529 3890 803 3936 exaratum
839 3879 889 3934 iu
919 3876 1114 3933 Codice
1143 3879 1322 3934 saeculi
1353 3895 1423 3934 xu
1466 3880 1701 3933 ineuntis
1731 3880 1963 3944 delituit,
2005 3893 2069 3933 ac
2099 3880 2327 3957 primum
2357 3878 2542 3935 Roma:
2580 3879 2781 3934 editum
2818 3892 2900 3935 est
2929 3896 3019 3937 an.
3054 3881 3215 3952 1783,
3246 3883 3299 3939 in
3330 3884 3620 3943 Anecdotis

345 3972 470 4040 litt.,
500 3973 610 4029 vol.
644 3971 731 4035 ιν,
760 3974 1057 4027 excudcute
1090 3972 1321 4027 Antonio
1352 3972 1633 4042 Fulgouio.
1672 3971 1936 4027 Praeterea
1968 3970 2103 4026 duos
2144 3970 2392 4042 hymnos,
2438 3972 2631 4041 quibus
2666 3972 2899 4029 Eccle~ia
2952 3974 3117 4029 utitur
3146 3976 3198 4031 in
3245 3977 3417 4033 Festis
3445 3981 3615 4037 beata:

343 4063 517 4118 Maria:
541 4062 784 4133 virginis,
816 4076 1043 4133 quorum
1070 4073 1208 4117 unus
1238 4064 1424 4131 incipit
1458 4066 1617 4131 Quem
1646 4074 1803 4125 terra,
1837 4074 2020 4133 pontus
2048 4108 2064 4132 ,
2097 4068 2308 4132 (etiam,
2342 4066 2479 4120 alter
2518 4081 2644 4121 vero
2672 4066 2794 4137 Are,
2824 4069 2977 4121 maris
3003 4068 3188 4135 Stella,
3234 4086 3299 4126 ex
3334 4072 3622 4144 llymnario

341 4152 414 4209 cl.
439 4155 589 4209 card.
621 4153 834 4209 'i‘omasl
868 4154 1274 4223 exscripsimus,
1330 4155 1380 4209 in
1407 4170 1511 4226 quo
1536 4157 1635 4209 sub
1663 4157 1877 4212 nomine
1912 4158 2155 4213 Venantii
2194 4156 2467 4213 Fortunati
2500 4159 2783 4228 leguntur;
2834 4168 2889 4214 et
2918 4160 3009 4219 lib.
3044 4177 3155 4227 VIII,
3186 4164 3286 4217 sub
3314 4180 3469 4235 capp.
3500 4162 3536 4217 4
3563 4180 3613 4221 et

343 4248 398 4317 5,
429 4247 774 4303 inseruitmts.
811 4247 995 4302 Eidem
1033 4246 1168 4301 libro
1195 4247 1497 4302 addidimus
1535 4263 1751 4303 carmen
1782 4250 1836 4315 8,
1863 4248 2003 4319 quod
2036 4249 2089 4303 in
2119 4263 2227 4303 uno
2256 4249 2388 4306 Cod.
2417 4248 2535 4304 Vat.
2568 4250 2810 4305 exstabat
2840 4252 2905 4305 ad
2937 4253 3134 4307 calcem
3158 4252 3391 4324 Operam
3428 4256 3604 4313 Fortu-
3682 4310 3687 4313 Α

343 4340 491 4407 nati;
530 4341 674 4408 quod
703 4339 822 4409 quia
862 4341 1058 4412 stlum
1088 4351 1140 4394 et
1171 4341 1401 4395 indolem
1433 4340 1707 4395 Fortunati
1740 4342 1906 4408 ipsius
1952 4344 2003 4397 in
2044 4344 2331 4398 scribendo
2360 4358 2553 4413 sapere
2598 4345 2767 4400 visum
2799 4354 2901 4411 est,
2950 4348 3015 4401 in:
3054 4359 3287 4405 uestram
3318 4352 3455 4410 hanc
3484 4355 3616 4410 Edi-

347 4431 546 4487 tionem
577 4431 830 4510 duximus
858 4432 1307 4487 transferendum.
1355 4434 1669 4503 Quanquam
1702 4424 1828 4487 illud
1861 4434 2099 4501 pluribus
2138 4434 2346 4490 mendis
2372 4450 2443 4490 ex
2474 4434 2738 4506 imperitia
2782 4439 3186 4493 amanuensium
3218 4456 3501 4510 aspersum
3527 4448 3617 4501 vix

346 4523 620 4580 emendari
651 4538 808 4592 posse
835 4524 1152 4587 videbatur;
1182 4538 1245 4580 ac
1274 4538 1481 4591 revera,
1512 4524 1755 4593 quamvis
1782 4525 2036 4593 pleraque
2066 4526 2357 4595 integritati
2403 4540 2514 4580 sua:
2540 4527 2783 4581 restituta
2831 4544 2859 4580 a
2890 4542 2974 4583 me
3007 4529 3134 4595 sint,
3164 4530 3339 4587 adhuc
3364 4546 3492 4591 sunt
3521 4534 3631 4591 ali»

344 4629 443 4686 qua
475 4615 667 4683 quibus
695 4614 1024 4685 corrigendis
1054 4615 1195 4669 nulla
1223 4615 1531 4684 conjectura
1566 4616 1854 4682 probabilis
1882 4615 2061 4671 atferri
2090 4617 2281 4684 potuit.
2318 4618 2471 4687 Item,
2509 4632 2561 4673 c.
2591 4619 2624 4675 9
2656 4619 2692 4674 l.
2722 4631 2755 4674 ι
2780 4620 3083 4678 addidimus
3107 4632 3324 4681 cannon
3355 4629 3615 4697 scriptum

343 4706 394 4760 in
428 4706 637 4760 laudem
664 4705 987 4761 Ciiildeberti
1022 4707 1181 4775 regis,
1207 4707 1345 4776 quod
1379 4705 1448 4759 cl.
1484 4705 1826 4760 Mabillonius
1851 4707 2093 4761 ediderat
2122 4718 2360 4762 veterum
2392 4710 2637 4765 Analeot.
2668 4720 2713 4766 t.
2742 4711 2783 4778 Ι,
2826 4727 2946 4782 pag.
2982 4713 3107 4781 580,
3132 4725 3191 4771 et
3218 4716 3272 4771 in
3298 4718 3402 4773 line
3434 4720 3525 4774 lib.
3564 4734 3620 4777 xt

343 4799 679 4853 adtexuimus
719 4812 907 4869 poema
950 4798 1254 4865 recitatum,
1277 4798 1371 4854 ἰιιὶ
1409 4798 1638 4863 videtur,
1679 4812 1707 4851 a
1754 4798 2041 4853 Fortunato
2077 4799 2131 4853 in
2160 4808 2426 4855 conventu
2464 4801 2775 4857 monialium
2804 4818 2951 4858 mon.
2998 4804 3225 4873 Pictam,
3258 4808 3395 4864 (orte
3434 4821 3498 4865 eo
3525 4810 3621 4868 die

345 4907 451 4961 quo
491 4892 775 4961 episcopus
815 4892 1157 4961 inauguratus
1193 4902 1273 4947 est
1307 4892 1488 4962 :qnod
1530 4889 1684 4946 nobis
1713 4891 2073 4960 suppeditavit
2116 4890 2305 4948 derosa
2349 4894 2572 4961 sciretis,
2600 4895 2807 4967 adjecta
2848 4898 3012 4954 uni'e
3039 4897 3207 4956 Codd.
3243 4901 3383 4969 ναι..
3413 4904 3489 4960 uti
3514 4919 3625 4962 suo

345 4984 459 5038 loeti
486 4984 856 5040 indicat-imm.
1500 5012 1503 5015 '

421 5074 599 5129 Altera
636 5088 762 5128 vero
795 5074 1060 5129 Edittoms
1097 5083 1294 5130 nostra:
1332 5090 1454 5145 pars
1495 5076 1866 5145 complectitur
1893 5074 2040 5131 \‘itas
2079 5087 2409 5145 satietornm,
2437 5094 2567 5149 quas
2599 5095 2627 5135 a
2656 5081 2954 5139 Fortunate
2993 5086 3332 5146 elucubratas
3378 5098 3621 5149 veterum

347 5164 674 5232 testimonia,
701 5179 766 5221 ac
790 5165 913 5237 styli
942 5166 1177 5223 affinitas
1206 5168 1590 5237 prodiderunt;
1620 5183 1843 5238 qumque
1874 5170 2129 5223 hactenus
2158 5171 2335 5225 varius
2364 5173 2505 5241 apud
2550 5179 2870 5233 tractatum
2897 5178 3177 5249 dispersae,
3214 5188 3357 5237 nunc
3386 5184 3615 5252 primum

349 5254 509 5326 (quod
554 5257 769 5327 quidem
809 5262 910 5328 ego
946 5256 1136 5330 sciam)
1179 5272 1298 5314 cum
1342 5260 1554 5314 creteris
1588 5257 1862 5313 Fortunati
1896 5260 2165 5327 Oper-ibus
2205 5263 2443 5318 collectas
2493 5266 2545 5320 iu
2593 5268 2769 5324 lucem
2813 5272 3097 5340 prodeunt.
3144 5275 3345 5329 iturum
3390 5277 3525 5332 alias
3549 5285 3616 5333 ex

350 5347 497 5443 Actis
533 5356 843 5443 sanctorum
888 5348 1101 5443 ordinis
1139 5354 1309 5443 sancti
1346 5352 1619 5408 Benedicti
1670 5353 2019 5422 sumpsimus,
2067 5355 2199 5409 a'ias
2243 5357 2608 5429 Boilandista»,
2660 5350 2785 5419 sive.
2822 5368 3073 5422 auctores
3114 5369 3247 5434 alii,
3293 5370 3447 5439 nobis
3480 5384 3617 5443 Sttpo

355 5430 809 5509 peditarunt,uti
857 5436 965 5527 suis
1008 5442 1140 5497 locis
1177 5441 1459 5512 diligenter
1502 5443 1877 5499 indicavimus.
1927 5444 2066 5511 Quin
2114 5457 2168 5501 et
2206 5448 2547 5505 doctissimas
2595 5460 2787 5527 notas,
2836 5459 3033 5527 quibus
3073 5430 3293 5517 easdem
3342 5436 3525 5521 auctas
3553 5430 3619 5519 ὀι

353 5539 569 5625 ornatas
611 5547 639 5585 a
675 5526 883 5625 clariss.
925 5524 1235 5625 Editoribua
1264 5534 1586 5599 invenimus,
1612 5534 1947 5591 subscribere
1981 5538 2152 5592 visum
2198 5550 2310 5608 est;
2354 5542 2557 5612 aliquas
2600 5524 2869 5607 etiamne
2902 5561 3110 5622 nostro,
3137 5554 3225 5610 ubi
3255 5565 3614 5625 opportunum

354 5622 648 5688 videbatur,
669 5621 987 5694 ‘adjeciiuus.
1021 5623 1335 5681 Addidimus
1374 5637 1431 5682 et
1462 5628 1591 5682 Acta
1625 5628 1889 5697 passionis
1932 5632 2101 5684 sancti
2132 5629 2365 5703 Dionysii
2393 5624 2631 5707 episeOpi
2666 5639 3005 5711 Parisiensis,
3036 5621 3158 5716 qua:
3181 5621 3349 5702 edidit
3392 5649 3461 5703 cl.
3514 5649 3616 5704 Bo-

356 5726 574 5785 squetua
612 5718 665 5771 ia
698 5716 897 5774 Hister.
948 5717 1091 5772 Eccl.
1125 5716 1331 5784 Gallic,
1364 5733 1413 5785 ρ.
1443 5719 1503 5785 Ξ,
1528 5732 1582 5773 et
1611 5732 1711 5774 una
1757 5723 2072 5791 protulimus
2124 5726 2355 5781 rationes
2384 5729 2578 5801 quibus
2607 5731 2882 5792 Adrianus
2925 5738 3166 5795 Vatesius
3194 5744 3451 5798 adversus
3478 5742 3616 5798 Lau-

356 5806 532 5861 noiuva
564 5806 851 5863 ostendere
873 5813 1097 5863 comitur
1128 5807 1289 5863 luisse
1310 5808 1398 5862 illa
1426 5825 1455 5864 a
1484 5809 1780 5867 Fortunato
1809 5812 2143 5869 elucubrata.

427 5896 707 5957 Postremo
733 5898 853 5957 loco
883 5901 1155 5972 posuimus
1185 5901 1519 5974 Symbolum,
1569 5905 1724 5976 vulgo
1755 5904 2196 5981 Athanaa'anum,
2247 5925 2309 5969 ac
2358 5913 2610 5986 scriptum
2640 5918 2692 5974 iu
2721 5918 2849 5977 illud
2899 5924 3289 5997 expositionem
3330 5941 3491 5997 quam
3534 5924 3607 5982 el.
