4124 6348
455 360 525 417 15
991 361 1506 421 PROLEGOMENA
1548 365 1640 422 AD
1686 365 2008 423 VENANTII
2047 361 2083 424 1]

2127 367 2210 425 h‘l.
2250 367 2458 424 CLEM.
2505 365 2900 423 FORTUNATI
2941 365 3199 424 OPEBA.
3688 364 3755 419 ισ

451 472 771 528 “oratorius
802 472 1006 528 Anccd.
1037 481 1078 528 t.
1110 473 1174 542 II,
1210 491 1330 548 pag.
1376 475 1505 545 212,
1559 480 1798 548 protulit.
1855 496 1918 535 ex
1972 483 2383 536 membranaceo
2430 479 2625 534 Codice
2671 478 3010 534 bibliotheca:
3056 478 3432 534 Ambrosiana:
3458 486 3689 542 erutam,
3719 491 3756 532 ο

452 563 648 635 quibus
678 565 996 620 alterutrum
1024 567 1138 635 ipse
1171 568 1464 624 Fortunato
1491 580 1679 624 nostro
1726 573 2128 627 attribuendum
2170 571 2306 626 forte
2335 581 2538 637 censet,
2579 585 2642 626 ac
2690 579 2962 625 momenta
3001 571 3195 641 quibus
3244 571 3386 626 idem
3439 569 3752 639 opinionem

455 677 610 716 suam
645 672 826 717 tuetur
847 663 1148 730 attulimus,
1178 675 1231 718 et
1257 664 1383 734 quid
1417 667 1743 720 sentiremus
1773 666 1874 735 ipsi
1903 667 2257 721 ostendimus.

525 755 679 824 Quod
712 772 839 812 vero
863 757 1056 812 attinet
1084 757 1150 812 ad
1191 765 1350 812 notas
1402 758 1638 812 Broweri
1673 759 1724 812 in
1774 770 2017 828 poemata
2069 760 2372 828 Fortunati,
2425 770 2544 816 erat
2589 759 2806 830 quidem
2840 760 2894 812 in
2925 757 3105 812 animo
3138 757 3375 826 integras
3405 756 3627 812 easdem
3655 757 3750 811 ad-

456 849 587 904 dere
617 848 740 903 huic
790 857 990 904 nostra:
1038 849 1311 914 Editinni;
1359 848 1452 903 sed
1500 865 1620 902 cum
1655 849 1820 904 nimia
1853 867 2037 905 carum
2087 860 2144 906 et
2173 866 2316 921 stupe
2373 851 2575 906 inutilis
2617 851 2896 919 prolixitas
2943 851 3257 915 absterruit,
3311 859 3422 904 tum
3451 863 3668 904 errores
3696 849 3750 904 in

455 955 594 1008 quos
625 940 891 996 interdum
938 941 1118 1008 lapsus
1162 939 1604 1008 deprehenditur,
1649 941 1839 994 abillo
1868 941 2097 996 consilio
2141 957 2240 996 nos
2269 942 2425 1012 plane
2469 953 2788 995 avocarunt.
2839 939 3019 994 Satius
3067 937 3246 1007 itaque
3277 938 3535 993 duximus
3565 953 3596 994 e
3619 941 3748 993 Bro-

453 1046 604 1088 vt'ero
632 1047 696 1088 ea
724 1033 954 1101 seligere
977 1048 1097 1102 qua:
1142 1031 1211 1085 ab
1238 1047 1422 1086 errore
1452 1039 1607 1085 erant
1647 1042 1872 1096 remota,
1915 1039 1966 1085 et
1997 1045 2117 1102 quae
2161 1029 2228 1084 ad
2261 1031 2433 1084 lucem
2459 1028 2692 1100 aliquam
2736 1028 2895 1082 rebus
2928 1027 3255 1082 alit-rendam
3286 1041 3586 1096 Opportuna
3634 1029 3748 1081 visa

450 1131 599 1189 sunt,
622 1137 654 1178 a
685 1123 784 1178 viri
812 1123 880 1178 cl.
912 1122 1212 1178 eruditione
1256 1119 1518 1191 profecta,
1542 1137 1701 1191 quam
1734 1122 2032 1190 promiscue
2061 1120 2242 1175 omnia
2287 1118 2570 1188 subjicere.
2604 1115 2808 1184 Quibus
2847 1123 3026 1170 autem
3057 1115 3109 1170 in
3141 1116 3276 1170 locis
3301 1116 3416 1172 sive
3458 1117 3749 1171 Btowerus

449 1213 583 1280 ipse,
615 1223 708 1269 aut
729 1213 992 1284 quispiam
1032 1215 1166 1268 alius
1199 1212 1307 1266 falli
1336 1211 1478 1266 risus
1506 1220 1610 1278 cst,
1654 1211 1916 1281 judicium
1945 1221 2208 1274 nostrum,
2241 1217 2297 1263 ut
2325 1207 2613 1278 potuimus,
2640 1203 3069 1272 declaravimus,
3113 1205 3362 1258 eamdem
3403 1219 3652 1276 operam,
3699 1205 3748 1260 si

448 1303 576 1374 quid
603 1303 686 1358 vel
720 1304 844 1372 ipsi,
876 1313 935 1358 ut
959 1304 1225 1367 homines,
1256 1301 1566 1355 ballucinati
1598 1303 1874 1368 fuerimus,
1905 1302 2050 1354 bono
2080 1300 2260 1354 animo
2291 1299 2360 1352 ab
2379 1298 2498 1352 aliis
2527 1305 2928 1364 exspectantes.

522 1387 601 1446 Ac
634 1392 890 1461 quidquid
919 1391 987 1447 ad
1018 1390 1299 1446 Fortunati
1333 1391 1498 1461 ipsius
1527 1391 1700 1460 Opera
1729 1391 2042 1446 illustranda
2074 1392 2346 1462 pertinere
2396 1398 2630 1460 poterat,
2679 1398 2734 1443 et
2762 1388 2828 1444 ad
2857 1389 3140 1445 scientiam
3188 1398 3423 1445 nostram
3473 1391 3747 1461 pervenit,

449 1480 689 1550 undique
721 1480 1017 1547 hausimus,
1041 1491 1097 1536 et
1124 1483 1517 1548 excerpsimus,
1563 1481 1895 1549 singulorum
1927 1482 2144 1536 nomina
2169 1495 2200 1536 a
2230 1481 2426 1551 quibus
2460 1480 2683 1534 mutuati
2715 1495 2902 1535 sumus
2939 1480 3140 1550 aliquid
3173 1481 3399 1537 ﬁdeliter
3427 1498 3490 1536 ac
3519 1485 3637 1538 sine
3666 1487 3747 1538 in-

454 1572 593 1627 vidia
623 1571 980 1629 ascribentes.
1011 1572 1180 1640 Quam
1210 1571 1276 1624 ad
1303 1585 1416 1625 rem
1445 1570 1611 1641 Greg.
1644 1569 1775 1626 Tur.
1808 1571 1861 1626 in
1894 1572 2098 1639 primis,
2129 1583 2312 1626 nostro
2345 1571 2634 1625 Fortunato
2679 1585 2911 1636 coarvus,
2946 1580 3052 1624 tum
3086 1570 3172 1622 alii
3205 1586 3384 1624 rerum
3415 1571 3742 1627 Gallcarum

449 1663 745 1736 scriptores
777 1679 1022 1733 magnam
1047 1678 1202 1731 opem
1238 1661 1390 1716 nobis
1419 1663 1736 1716 attulerunt.
1773 1661 2057 1716 Browerus
2086 1661 2248 1716 etiam
2277 1661 2342 1715 ad
2368 1661 2669 1716 Germania:
2697 1659 2834 1727 loca,
2860 1674 3086 1729 quorum
3116 1660 3355 1712 meminit
3389 1659 3740 1729 Fortunatus,

444 1755 680 1809 notanda
713 1765 765 1810 et
793 1754 1118 1824 designanda
1154 1757 1439 1822 plurimum
1470 1751 1764 1822 adjnmcnti
1796 1752 2022 1806 contulit
2051 1767 2066 1818 ;
2118 1751 2272 1820 cujus
2298 1749 2627 1814 auctotitati,
2675 1748 2818 1818 quod
2851 1747 2941 1802 ille
2970 1748 3032 1800 iis
3062 1745 3190 1813 ipsis
3221 1748 3272 1801 in
3317 1749 3446 1802 locis
3475 1764 3595 1803 cum
3648 1751 3735 1804 illa

444 1843 720 1898 scribebat
748 1853 1074 1910 versaretur,
1105 1843 1392 1914 plurimum
1426 1842 1729 1909 tribuimus,
1757 1849 1917 1912 atque
1947 1841 2068 1898 ideo
2097 1858 2202 1897 non
2228 1841 2592 1898 dubitavimus
2623 1841 2825 1910 integra
2849 1838 3088 1908 ejusdem
3115 1839 3416 1895 testimonia
3446 1841 3742 1912 aliquando

441 1932 782 1988 exscribere.

517 2021 617 2076 llic
641 2031 819 2076 autem
849 2029 967 2078 erat
1010 2021 1160 2078 locus
1191 2021 1418 2078 fortasse
1447 2031 1502 2077 ut
1530 2038 1592 2078 ea
1624 2022 2054 2093 expenderemus
2085 2039 2204 2094 qua:
2232 2023 2287 2078 in
2321 2023 2582 2093 Operiltus
2612 2021 2885 2077 Fortunati
2915 2019 3075 2077 dubia
3105 2022 3369 2076 interdum
3400 2032 3457 2079 et
3504 2025 3738 2082 obscura

444 2123 732 2169 occurrunt
759 2131 776 2182 ;
805 2115 899 2170 sed
932 2115 1216 2170 maluimus
1264 2114 1474 2186 singula
1499 2115 1613 2170 suis
1642 2114 1695 2169 in
1728 2115 1857 2169 locis
1881 2130 2138 2170 revocare
2183 2115 2247 2169 ad
2279 2131 2505 2170 examen
2531 2157 2546 2180 ,
2598 2127 2660 2168 ac
2689 2113 2815 2182 quid
2846 2112 2914 2168 de
2943 2113 3074 2182 ipsis
3115 2117 3438 2168 sentiremus
3468 2118 3736 2186 proterre,

445 2222 606 2275 quam
639 2204 764 2262 inde
793 2207 1030 2278 legentes
1060 2207 1397 2270 abstrahere,
1431 2218 1483 2262 et
1514 2207 1580 2260 ad
1614 2207 1726 2262 loca
1756 2207 1860 2260 alia
1889 2207 2198 2265 amandare.

518 2297 651 2352 Illud
679 2299 856 2368 petins
883 2297 1240 2367 indagandum
1277 2297 1436 2352 modo
1469 2296 1694 2365 videtur,
1745 2313 1988 2368 quamam
2014 2313 2080 2351 ex
2121 2297 2203 2350 his
2224 2310 2344 2366 qua:
2376 2308 2404 2347 a
2439 2292 2733 2348 Fortunato
2779 2292 3088 2348 elucubrata
3119 2292 3426 2362 accepimus
3471 2290 3738 2364 Operibus

442 2389 703 2457 temporis
737 2385 934 2458 injuria
963 2387 1241 2456 deperdita
1270 2385 1400 2452 sint,
1424 2399 1518 2442 aut
1547 2400 1794 2456 quamam
1823 2385 2053 2442 diversis
2083 2386 2253 2440 titulis
2283 2393 2470 2439 ornata
2494 2400 2523 2437 a
2556 2384 2847 2449 veteribus,
2879 2383 2981 2438 alia
3009 2383 3253 2452 cuiquam
3282 2383 3450 2439 videri
3483 2395 3730 2454 possunt,

445 2493 606 2545 quam
637 2493 759 2546 qua:
791 2477 842 2532 itt
871 2477 1119 2532 manibus
1142 2475 1255 2546 jam
1291 2476 1576 2541 habemus,
1630 2476 1754 2529 licet
1787 2491 1890 2529 non
1924 2476 2109 2530 iisdem
2139 2479 2444 2550 ιπιγραφαῖς
2493 2475 2770 2543 inscripta.
2806 2472 3006 2532 Paulus
3057 2471 3342 2538 Diaconos,
3386 2473 3526 2528 llist.
3561 2474 3732 2544 Long.

443 2569 537 2623 lib.
573 2582 636 2635 tt,
670 2583 820 2623 num.
860 2568 950 2633 13,
981 2577 1164 2622 narrat
1195 2567 1424 2638 hymnos
1454 2568 1782 2636 singularum
1818 2565 2164 2619 festivitatum
2204 2580 2232 2616 a
2265 2564 2555 2618 Fortunato
2585 2564 2748 2617 luisse
2789 2563 3166 2629 concinnatus;
3197 2575 3260 2617 ac
3287 2560 3634 2627 Tritbemius,
3679 2565 3734 2620 in

436 2657 537 2715 lib.
578 2658 646 2734 de
685 2657 952 2727 Scriptor.
998 2656 1413 2719 ecclesiasticis,
1464 2666 1650 2711 texens
1679 2655 1964 2735 elenchum
1996 2654 2228 2722 Operum
2260 2652 2553 2718 Fortunati,
2594 2655 2821 2726 hymnos
2868 2668 3053 2708 Lxxvtt
3103 2662 3405 2720 enumerat,
3455 2654 3738 2725 colligatos

440 2761 602 2799 unutn
636 2747 690 2800 in
720 2747 998 2810 volumen,
1025 2759 1161 2814 quos
1199 2744 1266 2799 ab
1294 2745 1410 2816 ipso
1443 2745 1734 2799 Fortunato
1766 2744 1998 2812 scriptos
2027 2743 2189 2796 fuisse
2219 2755 2605 2798 commemorat
2633 2763 2645 2798 :
2678 2759 2902 2813 quorum
2938 2745 3165 2813 primum
3198 2743 3346 2814 ponit
3371 2743 3524 2800 illum
3557 2748 3647 2815 qui
3675 2747 3732 2802 itt

449 2847 630 2892 nostra
663 2838 906 2894 Editinue
933 2848 1107 2894 exstat
1136 2851 1254 2906 cap.
1286 2837 1320 2890 5
1351 2837 1442 2892 Ιε1).
1472 2851 1588 2905 rm,
1638 2837 1834 2906 quique
1866 2833 2051 2905 incipit
2075 2833 2331 2904 Agnoscat
2379 2850 2529 2888 omne
2554 2837 2821 2900 meatum,
2852 2844 2956 2889 etc.
2989 2835 3058 2888 At
3087 2846 3184 2887 nos
3213 2846 3512 2902 perpaucos
3539 2840 3730 2889 admo-

447 2932 573 2986 dum
602 2929 830 3002 hymnos
854 2945 990 3001 quos
1031 2929 1244 3001 quidem
1272 2944 1300 2982 a
1333 2927 1600 2984 Venantio
1643 2928 1979 2995 conscriptos
2010 2925 2320 2980 noverimus
2367 2923 2646 2990 habemus,
2677 2933 2836 2993 atque
2867 2923 2987 2978 illos
3030 2922 3231 2992 passim
3270 2923 3545 2987 dispersos
3590 2924 3732 2979 inter

443 3031 636 3076 caetera
667 3021 946 3078 Fortunati
1000 3025 1195 3092 Opera,
1228 3028 1285 3074 ut
1311 3019 1529 3075 eosdem
1569 3018 1788 3073 minime
1829 3030 1950 3072 esse
1987 3013 2333 3084 judicandum
2364 3015 2433 3068 sit
2459 3013 2529 3069 de
2557 3011 2750 3084 quibus
2779 3013 2971 3068 Paulus
3004 3012 3148 3066 Diae.
3180 3019 3235 3066 et
3265 3011 3593 3068 Trithetnius
3638 3013 3731 3067 lo-

437 3125 694 3184 quuntur.
737 3115 1000 3183 Quocirca
1040 3120 1304 3169 vetustate
1333 3113 1452 3167 illos
1482 3111 1689 3167 deletos
1739 3108 1904 3164 fuisse
1953 3106 2298 3177 judicandum
2327 3113 2431 3169 est,
2483 3112 2576 3158 aut
2619 3103 2914 3172 incognitus
2941 3101 3115 3155 adhuc
3146 3099 3353 3168 uspiam
3379 3100 3584 3170 jacere,
3635 3111 3730 3157 aut

442 3221 572 3261 vero
602 3205 723 3262 illos
752 3207 940 3261 alienis
984 3206 1087 3261 sub
1114 3202 1424 3260 nominibus
1453 3199 1738 3257 venditari.
1792 3197 2078 3252 Browerus
2118 3206 2296 3249 tamen
2327 3192 2477 3247 nullo
2505 3190 2666 3246 modo
2693 3190 2983 3248 asseutitur
3032 3199 3112 3246 tot
3139 3205 3167 3244 a
3203 3189 3466 3244 Venantio
3489 3191 3731 3247 conscri-

440 3309 563 3368 ptos
593 3298 821 3370 hymnos
851 3297 1016 3352 fuisse
1043 3305 1175 3369 quot
1199 3300 1445 3351 recenset
1471 3293 1515 3346 Τ
1519 3289 1819 3355 rithemins,
1853 3303 1974 3342 etim
2006 3284 2266 3347 universi,
2309 3282 2403 3346 ait,
2436 3295 2574 3348 quos
2607 3281 2851 3336 Ecclesia
2879 3296 2972 3350 per
3003 3294 3204 3334 annum
3232 3277 3441 3346 recitat,
3473 3295 3604 3347 χιιι,
3636 3288 3730 3336 aut

436 3402 544 3441 non
575 3387 744 3442 multo
774 3389 973 3458 plures,
1005 3387 1129 3453 sint,
1158 3399 1386 3455 quorum
1419 3383 1703 3454 plerosque
1731 3377 1798 3434 ad
1828 3391 1954 3434 suos
1982 3384 2232 3431 auctores
2273 3383 2390 3428 tuto
2431 3373 2636 3429 referre
2687 3373 2832 3436 licet,
2884 3387 3182 3442 perpaucos
3231 3371 3299 3427 ad
3352 3372 3723 3430 Fortunatutn.

436 3474 667 3530 Perinde
692 3483 856 3544 atque
882 3491 990 3530 non
1022 3484 1265 3544 tempore
1294 3471 1446 3528 Pauli
1492 3468 1709 3526 Diaconi
1739 3469 1936 3538 passim
1967 3467 2023 3522 in
2069 3466 2246 3522 Gallia
2292 3465 2477 3536 hymni
2510 3466 2691 3536 plures
2719 3478 2748 3519 a
2783 3464 3047 3521 Venantio
3097 3477 3282 3521 nostro
3311 3466 3610 3522 elucubrati
3659 3469 3729 3524 ad

433 3575 744 3622 sanctorum
765 3564 899 3621 festa
947 3564 1271 3620 celebranda
1317 3572 1372 3616 et
1401 3561 1655 3628 deinceps
1682 3556 1928 3614 adhiberi
1957 3556 2252 3626 potuerint,
2281 3569 2506 3623 quorum
2538 3554 2593 3609 in
2623 3553 2824 3616 locum,
2855 3561 2913 3608 ut
2935 3567 3080 3622 saepe
3109 3555 3188 3621 lit,
3232 3554 3322 3610 alii
3353 3554 3564 3611 sulTecti
3592 3557 3725 3625 sint,

432 3654 647 3714 aut,ab
672 3653 790 3708 aliis
819 3653 1060 3724 castigati
1089 3659 1142 3708 et
1165 3650 1472 3714 restaurati,
1505 3647 1611 3704 dici
1657 3645 1936 3704 Fortunati
1964 3646 2104 3716 apud
2133 3647 2416 3716 plerosque
2439 3645 2720 3712 desierint,
2752 3647 2844 3717 qui
2867 3645 3079 3703 collecti
3109 3662 3140 3703 a
3184 3648 3437 3718 quopiam
3469 3664 3635 3704 unum
3669 3650 3724 3704 in

439 3747 689 3802 volumen
713 3786 730 3813 ,
761 3747 826 3800 ad
854 3746 1140 3800 Trithentii
1171 3759 1339 3815 usque
1368 3751 1582 3798 mtatcm
1613 3739 2026 3811 permanserint.
2054 3736 2214 3794 Certe
2245 3737 2474 3808 hymnus
2502 3738 2732 3806 scriptus
2761 3754 2793 3792 a
2824 3737 3120 3792 Fortunato
3150 3737 3204 3792 in
3247 3747 3492 3792 sanctum
3527 3738 3725 3809 Diony—

432 3835 574 3890 aiunt
595 3847 888 3906 martyrem
918 3835 1008 3905 (de
1039 3849 1146 3905 quo
1170 3848 1332 3902 supra
1364 3832 1524 3887 locuti
1553 3831 1786 3900 sumus),
1813 3830 2170 3900 conscriptus,
2203 3837 2261 3884 ιιι
2292 3829 2522 3893 videtur,
2549 3829 2616 3884 ad
2650 3843 2803 3884 usum
2839 3827 3092 3886 Ecclesia:
3122 3829 3464 3896 Parisiensis,
3496 3831 3539 3884 is
3565 3831 3720 3886 detn—

435 3943 567 3996 ceps
589 3928 886 3992 obsoletos,
916 3936 971 3982 et
997 3938 1296 3997 expunctus
1323 3940 1390 3980 ex
1422 3925 1745 3996 hymnorum
1773 3925 2040 3995 catalogo,
2070 3924 2320 3978 omnibus
2349 3927 2580 3994 ignotus,
2617 3924 2797 3979 tandiu
2824 3922 2994 3994 jacuit
3033 3925 3086 3978 in
3118 3925 3342 3994 pulvere
3373 3941 3437 3982 ac
3481 3928 3720 3983 tenebris

432 4017 610 4079 quoad
642 4018 770 4071 clar.
810 4015 1089 4071 Dubletius
1125 4030 1248 4070 cum
1276 4025 1515 4080 erueret,
1544 4025 1704 4083 atque
1730 4013 1914 4072 ederet
1945 4015 1999 4070 in
2031 4015 2212 4086 Antiq.
2260 4004 2760 4086 Sint-Dionysianis.
2807 4017 2937 4072 Item
2970 4028 3212 4074 vetustus
3237 4017 3415 4074 Codex
3446 4019 3516 4074 cl.
3565 4022 3712 4076 card.

437 4103 653 4158 Tomasi
681 4105 815 4159 duos
843 4103 1074 4174 hymnos
1102 4103 1332 4172 scriptos
1359 4103 1411 4156 in
1443 4104 1657 4159 laudem
1687 4103 1860 4160 beatae
1911 4105 2087 4161 Maria:
2117 4106 2358 4176 virginis,
2409 4121 2472 4162 ac
2501 4116 2760 4177 perpetuo
2800 4124 2896 4163 usu
2928 4108 2997 4164 ab
3049 4109 3288 4166 Ecclesia
3337 4121 3619 4182 usurpatos
3663 4123 3715 4169 et

383 4239 398 4250 .
443 4203 704 4260 retentos,
739 4195 1016 4250 Fortunati
1039 4211 1161 4250 esse
1188 4194 1441 4260 ostendit,
1474 4204 1533 4248 ut
1560 4207 1723 4264 supra
1743 4193 1996 4249 diximus.

505 4301 802 4372 Sigibertus
834 4302 1020 4363 etiam,
1053 4300 1105 4354 in
1136 4299 1228 4356 lib.
1260 4301 1328 4357 de
1358 4302 1555 4370 Script.
1593 4302 1829 4371 Eccles.,
1875 4318 1996 4373 cap.
2043 4303 2146 4374 £5,
2177 4307 2504 4361 mentionem
2534 4307 2656 4363 facit
2684 4308 3036 4380 Ilodoeperici
3071 4311 3373 4382 Fortunati,
3405 4317 3548 4387 quod
3581 4333 3717 4387 opu-

443 4397 652 4446 sculum
681 4393 942 4447 incertum
974 4403 1055 4446 est
1084 4403 1259 4446 utrum
1303 4407 1369 4446 ne
1396 4393 1638 4464 perierit,
1685 4407 1753 4447 an
1786 4409 1948 4447 unum
1977 4393 2050 4448 sit
2075 4410 2139 4450 ex
2173 4393 2238 4451 iis
2265 4397 2481 4465 aliquod
2530 4413 2646 4464 qua:
2677 4409 2911 4463 exstant,
2962 4411 3018 4457 et
3071 4403 3124 4457 itt
3166 4403 3361 4472 quibus
3393 4406 3721 4465 Fortunatus

433 4487 550 4554 ipse
573 4487 675 4542 iter
703 4487 871 4541 ullum
901 4497 1081 4550 suum,
1110 4488 1193 4540 vel
1224 4486 1366 4555 quod
1389 4502 1456 4539 es
1494 4485 1642 4540 Italia
1676 4485 1729 4540 itt
1761 4485 2008 4554 Galliam,
2035 4487 2118 4542 vel
2151 4504 2244 4556 per
2268 4489 2495 4543 Galliam
2524 4491 2772 4560 quopiam
2803 4504 2893 4546 ant
2917 4493 3286 4564 Germaniam,
3339 4499 3717 4563 contenderat.

431 4575 711 4631 describit.
758 4575 888 4630 Illud
917 4575 1087 4644 ipsum
1121 4574 1528 4645 llodoeporicou
1559 4573 1797 4631 indicare
1823 4576 2034 4631 videtur
2063 4577 2262 4632 Paulus
2287 4579 2573 4645 Diaconos,
2622 4596 2743 4636 cum
2771 4582 3003 4638 altirmat
3051 4589 3245 4654 saepius
3273 4588 3435 4644 citato
3464 4591 3582 4646 loco
3614 4591 3718 4647 Ve-

430 4670 673 4723 nautiutn
704 4669 816 4723 suis
847 4667 897 4723 in
921 4668 1249 4722 carminibus
1282 4667 1404 4733 iter,
1435 4679 1543 4736 quo
1571 4664 1624 4719 in
1649 4663 1875 4721 Galliam
1906 4667 2178 4736 profectus
2205 4677 2310 4731 est.
2352 4685 2591 4724 narrare.
2623 4670 2734 4725 Nisi
2783 4673 2830 4726 is
2860 4675 2998 4728 forte
3028 4675 3172 4730 illaut
3215 4679 3470 4734 carminis
3504 4689 3713 4747 partem

432 4759 604 4815 voluit
632 4761 854 4816 innuero
884 4773 987 4828 qua
1017 4759 1360 4826 Fortunatus,
1409 4758 1500 4814 lib.
1531 4772 1583 4810 tv
1619 4756 1748 4812 Vita:
1775 4759 1945 4813 sancti
1994 4756 2224 4825 Martini,
2269 4759 2452 4815 libello
2480 4775 2598 4823 suo,
2651 4775 2808 4828 quem
2837 4777 2867 4818 e
2895 4759 3063 4817 Gallia
3111 4764 3334 4822 mittens
3385 4768 3438 4822 in
3482 4765 3712 4834 italiam,

433 4853 644 4920 poetico
671 4865 824 4906 more
847 4847 1154 4919 alloquitur,
1187 4849 1288 4902 iter
1314 4849 1455 4915 quod
1486 4857 1672 4904 tenere
1699 4847 1860 4902 debet
1887 4850 2141 4918 ostendit,
2172 4865 2235 4904 ea
2267 4851 2380 4920 ipsa
2411 4853 2523 4906 loca
2557 4868 2651 4920 per
2675 4868 2792 4920 qua:
2822 4853 2935 4921 ipse
2961 4869 3026 4909 ex
3074 4854 3220 4910 Italia
3250 4859 3302 4912 in
3332 4856 3559 4914 Galliam
3593 4876 3718 4929 pert-

437 4959 569 5014 geus
600 4946 887 4999 transierat
914 4957 1172 4996 conversa
1202 4941 1407 4996 ratione
1431 4949 1882 4996 commonstrans.
1933 4943 2010 4996 Ac
2056 4942 2296 5012 profecto
2325 4944 2842 4998 nomina-civitatum
2873 4959 2937 4999 ac
2968 4947 3243 5016 regionum
3276 4965 3396 5018 qua:
3425 4951 3537 5006 illic
3563 4967 3712 5008 com-

436 5046 800 5090 memorantur
829 5034 913 5089 ltis
941 5042 1064 5103 apte
1093 5033 1421 5104 respondent
1449 5047 1567 5101 quae
1590 5030 1784 5087 Paulus
1815 5043 2117 5104 percenset.
2155 5034 2249 5089 Vel
2301 5035 2630 5090 Trithetnins
2675 5049 2938 5093 memorat
2968 5041 3394 5111 llodoeporicum
3428 5042 3711 5103 Fortunati

429 5144 553 5182 eum
585 5127 688 5182 hoc
716 5127 906 5181 titulo:
945 5123 1358 5198 llodoepon'cum
1383 5124 1477 5177 sic
1502 5137 1633 5189 auc,
1679 5124 1804 5179 liber
1847 5141 1887 5190 t,
1919 5135 2080 5193 atque
2109 5125 2238 5179 illud
2265 5142 2293 5178 a
2327 5126 2419 5180 lib.
2453 5143 2502 5180 tv
2552 5126 2689 5181 Vitae
2718 5132 2891 5184 sancti
2919 5129 3127 5184 Martini
3163 5132 3374 5187 videtur
3399 5135 3708 5205 sejungere.

375 5279 384 5284 _
433 5218 620 5275 Potest
646 5218 836 5288 aliquis
860 5217 1118 5287 suspicari
1150 5215 1554 5284 ﬂodoeporicon
1586 5213 1738 5281 illud,
1769 5215 1836 5270 de
1861 5230 1968 5286 quo
1997 5215 2324 5270 'l‘ritltemins
2354 5227 2408 5270 et
2449 5216 2776 5287 Sigibertus,
2819 5233 2942 5274 esse
2967 5233 3184 5274 carmen
3213 5221 3278 5275 It)
3301 5220 3396 5277 lib.
3432 5238 3486 5289 x,
3517 5223 3570 5278 in
3600 5240 3710 5294 quo

431 5311 478 5366 is
504 5310 710 5381 prolixe
737 5311 837 5364 iter
884 5324 990 5379 quo
1016 5307 1202 5364 Ilettas
1227 5317 1563 5377 pervenerat,
1589 5306 1658 5361 ad
1683 5306 2088 5362 Childebertum
2134 5321 2339 5377 regem,
2386 5316 2442 5361 et
2470 5305 2594 5362 inde
2623 5308 2897 5376 digressus
2927 5322 3030 5362 una
3057 5323 3182 5363 cum
3227 5312 3370 5380 regia
3402 5310 3600 5368 familia
3648 5325 3706 5369 et

428 5403 707 5470 comitatu,
738 5399 1118 5472 Mosellamque
1145 5409 1201 5456 et
1223 5401 1358 5454 alios
1382 5398 1577 5454 ﬂuvios
1607 5398 1898 5466 ingressus,
1945 5396 2352 5465 circumpositas
2383 5397 2544 5451 urbes
2588 5405 2648 5452 et
2671 5397 2868 5464 oppida
2902 5396 3240 5464 lustraverat,
3275 5412 3489 5454 enarrat
3515 5419 3530 5455 :
3583 5418 3706 5471 qua:

431 5494 667 5565 suspicio
690 5495 830 5549 haud
852 5493 1064 5549 videtur
1081 5507 1202 5549 esse
1225 5491 1592 5560 improbanda.
1617 5488 1899 5544 Browerus
1921 5497 2072 5557 putat
2092 5487 2314 5542 indicari
2337 5500 2368 5539 a
2388 5485 2684 5540 Tritttemio
2709 5500 2926 5540 carmen
2946 5486 3012 5540 27
3033 5488 3066 5540 Ι.
3087 5503 3163 5553 xI,
3179 5488 3319 5557 quod
3337 5499 3423 5543 est
3447 5492 3704 5560 scriptum

429 5586 496 5643 ad
525 5589 804 5657 Agnetem,
836 5597 886 5643 et
920 5585 1147 5656 Radeg.,
1175 5583 1423 5656 quodque
1451 5581 1757 5637 inscribitur
1786 5585 1849 5636 de
1888 5581 2067 5634 itinere
2112 5595 2224 5632 suo.
2271 5579 2590 5646 Quanquam
2643 5576 2837 5629 mirum
2869 5575 3114 5646 cuiquam
3161 5576 3330 5632 videri
3378 5589 3549 5646 potest
3597 5592 3704 5636 tam

433 5679 591 5735 breve
621 5695 834 5735 carmen
865 5679 985 5735 libri
1015 5677 1228 5734 nomine
1252 5676 1479 5732 censeri.
1531 5673 1599 5727 At
1627 5672 1891 5735 Giraldus,
1944 5671 1996 5724 in
2026 5669 2164 5724 Hist.
2198 5669 2264 5723 de
2297 5668 2498 5731 Poetis,
2547 5665 2676 5720 dial.
2705 5664 2757 5731 5,
2793 5665 3094 5735 llodoepor.
3129 5665 3274 5720 Fort.
3320 5669 3536 5724 videtur
3573 5685 3702 5724 cou-

432 5771 653 5827 Iundere
679 5787 798 5826 cum
831 5784 1074 5844 poemate
1116 5771 1258 5839 quod
1303 5771 1414 5836 ipse
1445 5767 1659 5834 scripsit
1688 5766 1750 5820 ad
1783 5763 2045 5818 Iustinum
2077 5762 2204 5828 imp.
2257 5769 2306 5813 et
2339 5759 2506 5825 Soph.
2539 5761 2697 5825 ειυς..
2730 5758 2946 5811 nomine
2995 5755 3354 5822 Bailegumlis.
3411 5758 3541 5812 Nam
3576 5774 3702 5813 cum

431 5861 476 5916 is
509 5862 644 5918 inter
669 5862 840 5933 Opera
869 5862 1145 5918 Fortunati
1179 5859 1537 5916 recensuisset
1579 5870 1791 5909 carmen
1833 5855 1898 5909 de
1932 5852 2114 5909 Excid.
2138 5851 2422 5920 'l‘lturing.,
2444 5849 2622 5906 subdit
2659 5866 2782 5907 eunt
2814 5851 3093 5921 scripsisse
3141 5847 3558 5919 Ilodocporn-um
3608 5854 3702 5907 sic
