4124 6398
268 348 326 405 γι
1722 336 1896 392 cum

1925 332 2112 391 'ATIO.
3484 322 3553 381 18

264 474 371 514 sure
390 457 460 509 ad
490 458 751 512 Iustinum
774 459 1028 525 iuniorem
1072 457 1197 523 imp.
1228 464 1271 507 et
1308 454 1373 507 ad
1404 452 1654 521 Sophiam
1680 452 1989 521 Augustam.
2024 447 2161 512 Quin
2190 454 2243 499 et
2277 443 2514 508 Vossius,
2548 442 2613 496 dc
2648 441 2784 497 llist.
2818 442 2962 506 l.al.,
2988 437 3083 493 lib.
3112 453 3169 503 tt,
3201 446 3256 493 et
3366 433 3551 490 Alber.

270 546 504 611 inbric..
536 548 588 601 in
616 548 751 602 Bibl.
782 548 896 601 Lat.
927 546 1118 601 mediae
1146 555 1199 599 et
1229 544 1424 598 intimis
1456 541 1651 600 astatis.
1696 540 1835 594 idem
1886 552 2103 594 carmen
2136 538 2303 590 citant
2348 536 2450 589 sub
2478 534 2668 588 eodem
2720 532 2892 597 titulo,
2926 540 2985 585 ut
3010 527 3273 597 suspicari
3306 528 3465 585 liceat
3498 526 3552 580 in

269 634 588 702 quibusdam
615 636 740 690 Mss.
772 636 898 690 illud
932 636 1210 689 inventum
1245 632 1429 695 fuisse,
1457 632 1854 701 llodoeporicon
1895 629 2226 698 inscriptum.
2282 628 2361 680 Att
2396 624 2531 679 forte
2552 624 2694 693 quod
2743 623 2875 678 illud
2922 633 3173 691 tanquam
3220 620 3321 674 vim
3371 632 3558 673 comes

272 723 455 777 datum
486 722 551 779 iis
580 734 750 791 esset,
779 739 915 795 quos
941 724 1285 792 Radt‘gundis
1313 724 1456 775 misit
1483 720 2027 789 Constantinopolim,
2073 718 2272 787 gratias
2294 716 2504 772 Justiuo
2532 728 2581 771 et
2614 716 2787 785 Soph.
2839 714 3010 785 Augg.
3042 724 3259 768 acturos
3290 728 3385 782 pro
3413 713 3561 779 ligno

271 822 471 866 sancta:
499 815 698 879 crucis,
728 814 901 870 eidem
933 813 1245 884 Radegundi
1286 812 1445 868 domo
1474 811 1660 877 misso,
1694 820 1747 867 et
1774 810 2081 867 deferentes
2124 808 2435 864 munuscula
2464 849 2481 877 ,
2534 809 2609 863 uti
2642 809 2807 864 refert
2838 805 3165 863 Baudonivia
3194 806 3247 861 in
3281 802 3401 860 Vita
3425 818 3560 857 san-

274 912 374 980 etas
404 899 772 973 Radcgundis,
801 918 949 958 num.
978 903 1092 957 20?

346 1012 491 1067 idem
520 1013 791 1080 Giraldus,
820 1016 873 1070 in
896 1015 1099 1072 Histor.
1132 1016 1199 1072 de
1232 1016 1428 1083 Poetis,
1463 1015 1589 1070 dial.
1640 1015 1692 1078 5,
1720 1017 1952 1085 itemque
1979 1012 2208 1077 Platina,
2240 1014 2291 1068 in
2320 1014 2414 1068 lib.
2463 1014 2530 1069 de
2564 1012 2698 1069 Vitis
2732 1012 3073 1077 Pontiﬁcum,
3122 1009 3176 1065 in
3231 1010 3348 1065 Vita
3396 1009 3565 1066 Joan.

278 1103 365 1166 lll,
396 1102 725 1159 mentionem
758 1107 957 1159 iaciunt
987 1106 1106 1161 libri
1137 1107 1201 1162 de
1234 1108 1410 1179 Regna
1438 1105 1789 1176 gubernando,
1818 1120 1976 1175 quem
2007 1108 2155 1159 aiunt
2184 1104 2499 1160 Venantium
2550 1106 2831 1174 scripsisse
2870 1103 2939 1160 ad
2980 1104 3311 1172 Sigibertum
3355 1116 3559 1170 regem.

284 1190 363 1245 En
395 1190 617 1246 Platinae
642 1194 802 1250 verba
831 1214 844 1248 :
879 1193 1197 1251 Fortunatus
1236 1198 1310 1250 uir
1338 1196 1617 1267 singularis
1646 1196 1946 1251 litteraturae
1983 1204 2029 1251 et
2056 1195 2359 1267 eloquentia
2398 1195 2577 1252 Gallos
2603 1200 2672 1251 ad
2697 1198 2947 1251 mitiorem
2992 1194 3189 1250 cultum
3210 1196 3400 1266 redegit
3428 1196 3563 1248 srri-

284 1281 384 1347 ptis
409 1290 459 1336 et
488 1284 737 1351 exemplo.
788 1285 869 1339 Ad
899 1285 1217 1359 Sigibertutn
1266 1288 1420 1351 enim,
1469 1303 1646 1343 eorum
1692 1303 1883 1357 regem,
1926 1286 2159 1341 libellum
2188 1289 2251 1341 de
2279 1289 2611 1357 gubernando
2650 1288 2828 1361 Regna
2852 1289 3165 1358 perscripsit.
3200 1289 3282 1343 An
3314 1288 3451 1342 forte
3477 1285 3564 1340 hic

285 1369 422 1424 liber
448 1377 533 1426 est
558 1387 777 1430 carmen
802 1373 839 1427 2
870 1374 963 1429 lib.
997 1391 1067 1440 vi,
1100 1376 1155 1431 in
1182 1392 1287 1446 quo
1321 1378 1677 1441 Fortunatus,
1708 1378 1962 1447 Sigiberti
1989 1377 2214 1433 virtutes
2244 1380 2493 1446 laudans,
2536 1381 2771 1436 ostendit
2799 1381 2967 1452 qualis
3009 1383 3053 1437 is
3098 1395 3218 1437 esse
3248 1380 3439 1435 debeat
3465 1372 3560 1449 qui

286 1476 409 1517 cum
434 1462 662 1532 imperio
682 1466 892 1521 ceteris
920 1468 1212 1537 praesidet?
1238 1468 1391 1536 Quod
1417 1468 1466 1525 si
1484 1468 1618 1524 alius
1649 1468 1740 1524 ille
1766 1468 1980 1525 libellus
2007 1480 2111 1537 est,
2157 1476 2215 1524 ut
2240 1468 2579 1527 verisimilius
2608 1470 2839 1539 videtur,
2872 1478 2964 1525 aut
2991 1468 3156 1525 latere
3180 1467 3355 1524 adhuc
3379 1467 3563 1524 dicen-

288 1547 387 1604 dus
415 1560 520 1617 est,
544 1563 638 1609 aut
666 1555 889 1625 periisse
919 1564 1206 1613 vetustate.

360 1662 481 1721 1am
512 1680 644 1724 vero
670 1669 843 1725 sancti
871 1667 1116 1728 Severini
1148 1671 1349 1739 Vitam,
1378 1671 1615 1742 episcOpi
1654 1671 2062 1744 Burdegalensis
2087 1674 2178 1745 (de
2202 1688 2309 1745 quo
2335 1673 2559 1745 Gregor.
2590 1673 2820 1741 Torum,
2849 1672 2943 1728 lib.
2972 1672 3044 1730 de
3067 1674 3248 1729 Gloria
3278 1670 3566 1738 Confess.,

296 1768 417 1827 cap.
466 1756 567 1830 45)
615 1773 647 1815 a
680 1759 975 1819 Fortunato
1002 1766 1257 1833 scriptam
1289 1764 1472 1829 fuisse,
1497 1764 1650 1821 testis
1678 1775 1763 1821 est
1791 1765 1935 1821 idem
1962 1763 2253 1837 Gregorius
2285 1766 2368 1821 his
2401 1766 2579 1821 verbis
2605 1780 2621 1819 :
2653 1763 2827 1819 Vitam
2856 1766 3011 1836 huius
3043 1765 3238 1838 (sancti
3266 1764 3563 1833 Severini),

294 1858 471 1921 postea
521 1870 676 1925 quam
732 1856 843 1911 haec
891 1858 1210 1928 scripsimus,
1268 1875 1302 1913 a
1348 1855 1642 1916 Fortunato
1674 1860 1969 1930 presbytero
1993 1860 2240 1930 scriptam
2264 1861 2616 1932 cognovimus.
2651 1859 2798 1916 lianc
2819 1870 2998 1916 autem
3031 1861 3203 1915 Vitam
3231 1859 3564 1928 deperditam

293 1957 423 2002 esse
456 1946 743 2004 Brovverus
770 1963 892 2019 cap.
951 1949 985 2004 5
1036 1949 1169 2006 Vita:
1200 1950 1503 2019 Fortunati,
1527 1960 1583 2008 et
1609 1950 1700 2007 alii
1729 1951 2024 2021 affirmant,
2057 1967 2157 2009 nec
2179 1964 2280 2023 ego
2324 1961 2591 2024 repertam
2633 1968 2663 2009 a
2692 1953 2944 2024 quopiam
2973 1962 3065 2011 aut
3093 1953 3293 2012 editam
3325 1951 3569 2010 invenire

297 2041 473 2110 potui.

367 2150 557 2222 Neque
602 2170 732 2211 vero
778 2156 1018 2213 dubitem
1068 2158 1419 2214 Fortunatum
1449 2160 1599 2230 plura
1630 2160 1914 2232 scripsisse
1943 2161 2072 2231 alia,
2094 2166 2209 2219 sive
2234 2164 2478 2234 metrica,
2511 2166 2625 2225 sive
2644 2167 2815 2223 soluta
2843 2165 3107 2231 oratione,
3140 2180 3259 2235 quas
3287 2170 3384 2220 aut
3412 2162 3570 2231 plane

300 2244 612 2301 interierint
632 2256 918 2315 vetustate,
943 2258 1036 2303 aut
1055 2247 1283 2307 fortasse
1313 2252 1517 2321 uspiam
1546 2251 1937 2325 delitescentia,
1961 2269 2027 2311 ac
2057 2256 2311 2321 tenebris,
2342 2259 2559 2330 situque
2587 2259 2781 2323 obsita,
2811 2258 3032 2315 alterius
3061 2257 3337 2331 diligentia
3367 2266 3572 2312 etcura

302 2334 567 2404 inluceat
592 2338 885 2410 aliquando
916 2338 1277 2413 proferentur,
1319 2342 1481 2415 idque
1522 2358 1590 2401 ex
1622 2342 1857 2401 hominis
1885 2346 2104 2417 ingenio
2143 2356 2198 2400 et
2223 2346 2467 2403 facundia
2497 2348 2749 2418 coniicio.
2783 2352 2956 2419 Atque
3006 2349 3206 2404 utinam
3233 2344 3579 2403 clarissimus

300 2440 360 2487 et
388 2432 789 2490 eruditissimus
816 2438 899 2493 vir
931 2434 1214 2506 Philippus
1245 2435 1528 2503 Labbteus,
1578 2453 1610 2493 e
1638 2437 1897 2495 societate
1919 2438 2074 2509 Jesn,
2114 2437 2417 2497 Editionetn
2447 2440 2594 2496 illam
2625 2457 2775 2496 suam
2806 2443 3038 2511 Operttm
3071 2440 3379 2508 Fortunati,
3413 2455 3572 2511 quant

303 2525 581 2597 pollicitus
626 2523 826 2595 fuerat,
872 2527 1194 2587 confecisset
1230 2540 1321 2587 aut
1350 2530 1705 2601 prodidisset!
1742 2531 1963 2590 minime
1989 2534 2211 2591 dubium
2236 2544 2322 2589 est
2344 2536 2472 2604 quin
2500 2536 2711 2590 czeteris
2739 2536 2987 2591 omnibus
3009 2536 3222 2591 auctior
3250 2543 3304 2591 et
3333 2534 3579 2590 ornatior

308 2615 517 2673 fuisset.
543 2615 615 2673 Ut
643 2618 786 2673 enim
809 2617 854 2675 ls
877 2627 1102 2676 testatur
1133 2621 1185 2676 in
1218 2624 1435 2680 dissert.
1458 2625 1529 2681 de
1556 2623 1757 2695 Script.
1783 2625 2017 2691 Eccles.,
2042 2633 2080 2682 t.
2113 2624 2185 2697 ll,
2212 2634 2397 2696 postea
2430 2642 2587 2697 quam
2615 2626 2983 2698 Christophori
3011 2626 3247 2683 Broweri
3279 2624 3580 2683 Editionetn

275 2788 280 2794 .
308 2718 787 2765 corumemorasset
816 2726 838 2767 :
868 2709 980 2766 Nos
1030 2714 1209 2767 eadem
1264 2716 1436 2770 omnia
1489 2716 1756 2785 Opuscttla
1805 2713 2117 2785 Fortunati,
2168 2719 2386 2789 inﬁnitis
2416 2720 2561 2785 locis,
2594 2720 2779 2790 partim
2809 2736 2871 2775 ει
2897 2721 3106 2789 aptimte
3124 2728 3259 2774 uota:
3280 2718 3584 2783 Codicibus,

312 2801 500 2869 partim
549 2818 616 2857 es
655 2806 806 2860 certis
854 2810 1163 2874 coniecturis
1202 2811 1489 2875 emendata,
1520 2820 1675 2881 atque
1713 2811 1864 2866 editis
1891 2810 2150 2878 auctiora,
2176 2811 2321 2881 prelo
2335 2811 2672 2881 jamdudum,
2699 2827 2811 2864 cum
2833 2827 2889 2864 se
2918 2809 3114 2866 dederit
3144 2812 3365 2876 occasio,
3398 2822 3585 2880 parata

315 2894 575 2951 hebennus.
625 2896 790 2970 Cujus
847 2902 1082 2972 incepto
1138 2904 1263 2971 quid
1314 2904 1607 2972 obstiterit,
1652 2904 1791 2960 haud
1842 2905 2000 2961 facile
2048 2914 2131 2960 est
2165 2904 2437 2971 divinare;
2472 2920 2573 2961 nec
2601 2920 2728 2961 vero
2756 2903 2907 2976 cujus
2934 2906 2987 2959 in
3010 2920 3222 2970 manus,
3254 2904 3445 2961 eodem
3480 2906 3583 2961 vita

316 2986 523 3058 functo,
584 2994 932 3059 pervenerint
978 3012 1039 3052 ea
1097 3012 1216 3066 qum
1264 2998 1381 3067 ipse
1421 2999 1571 3067 prelo
1596 3013 1656 3054 se
1686 3009 1869 3069 parata
1910 3000 2019 3070 jam
2055 2998 2307 3055 habuisse
2330 2999 2635 3068 profitetur,
2664 2999 2907 3068 quamvis
2937 3014 3152 3055 omnem
3182 2999 3588 3054 aditibueritnus

319 3078 676 3153 diligentiam,
730 3086 947 3155 assequi
993 3089 1284 3157 potuimus.
1340 3088 1395 3144 ltt
1425 3105 1542 3146 eam
1566 3106 1715 3161 spem
1746 3106 2063 3146 veneramus
2088 3107 2194 3161 quo
2221 3092 2313 3148 ille
2332 3092 2387 3146 iu
2411 3093 2528 3146 loco
2553 3090 2860 3147 decesserat
2882 3091 3068 3147 eadem
3097 3092 3327 3148 fortasse
3359 3095 3585 3162 reperiri

321 3188 500 3244 posse.
552 3175 603 3232 Is
631 3192 758 3234 vero
789 3179 1011 3236 Parisiis
1038 3182 1170 3236 obiit
1197 3197 1288 3239 an.
1332 3182 1491 3239 1667.
1522 3183 1650 3247 Sed,
1676 3200 1799 3239 cum
1849 3184 2042 3239 litteris
2071 3183 2209 3240 datis
2236 3181 2718 3255 inquisivissemus,
2742 3193 2797 3239 et
2817 3185 2881 3237 ad
2905 3200 3021 3239 eam
3054 3200 3171 3239 rem
3197 3200 3355 3255 opera
3390 3185 3579 3240 fuisse-

321 3283 444 3324 mus
498 3267 581 3325 usi
635 3270 922 3327 admodum
974 3273 1040 3328 Β.
1069 3272 1130 3330 P.
1156 3274 1219 3329 ο.
1254 3273 1494 3342 Patertii,
1527 3274 1839 3330 monasterii
1866 3274 2036 3329 sancti
2064 3272 2318 3328 Germani
2350 3289 2378 3327 a
2413 3273 2585 3328 Pratis
2607 3272 3024 3339 bibliotltecarii,
3058 3275 3102 3329 is
3134 3274 3410 3339 respondit
3441 3276 3590 3329 hisee

325 3359 506 3417 verbis
532 3377 550 3415 :
587 3359 762 3430 ﬂuant
789 3363 821 3417 ἂ
844 3363 898 3417 la
926 3382 1202 3435 prontesse,
1240 3382 1339 3435 que
1358 3367 1417 3437 fit
1438 3365 1478 3419 il
1505 3384 1538 3440 ν
1560 3384 1590 3420 a
1610 3368 1725 3435 plus
1751 3367 1874 3423 d‘un
1904 3366 2057 3423 siécle
2078 3367 2126 3422 te
2160 3364 2225 3423 P.
2259 3365 2444 3433 Labbe,
2477 3369 2540 3420 de
2560 3367 2757 3423 donner
2786 3384 2883 3422 une
2912 3367 3121 3423 Edition
3142 3368 3205 3422 de
3232 3366 3509 3437 b'ortunat,
3532 3372 3594 3442 je

326 3470 391 3511 ne
427 3454 641 3510 connois
687 3471 860 3511 aucun
907 3461 1092 3529 oestige
1119 3462 1183 3515 de
1202 3476 1298 3514 son
1326 3459 1531 3515 traeail.
1562 3457 1680 3531 J‘ay
1714 3460 1793 3514 ste
1820 3460 2048 3531 pendant
2074 3461 2211 3514 deus:
2238 3474 2333 3513 aus
2375 3458 2425 3513 Ie
2454 3458 2776 3526 Depositaire
2802 3460 2890 3513 des
2919 3460 3223 3514 manuscrits
3253 3460 3344 3515 des
3390 3461 3425 3514 3
3455 3463 3595 3517 Mai-

327 3566 449 3605 sons
475 3548 563 3603 des
600 3549 826 3607 lesuites
852 3553 916 3606 de
949 3551 1100 3608 Paris
1123 3552 1228 3607 lors
1258 3554 1321 3608 de
1351 3554 1464 3609 (cur
1494 3556 1809 3609 destruction
1838 3564 1885 3607 et
1911 3554 1976 3609 de
2006 3554 2057 3607 la
2083 3563 2227 3607 vente
2255 3554 2318 3607 de
2347 3553 2483 3607 leurs
2514 3552 2652 3607 biens
2680 3561 2728 3606 ct
2753 3552 2898 3620 e/fets
2945 3553 3223 3617 mobiliore,
3257 3570 3319 3607 en
3348 3554 3506 3619 {762,
3548 3563 3596 3609 et

330 3645 380 3715 μ
416 3642 501 3709 u‘y
526 3658 591 3712 ay
620 3641 732 3699 rien
768 3644 943 3699 tronré
972 3644 1191 3699 daucuu
1223 3645 1314 3703 des
1339 3654 1556 3701 trandus:
1582 3645 1857 3700 titteraires
1886 3644 1956 3699 du
1990 3643 2061 3701 P.
2101 3642 2287 3699 Labbe.
2316 3644 2384 3699 le
2427 3660 2490 3699 ne
2518 3646 2651 3711 scais
2681 3659 2745 3699 ott
2776 3654 2891 3699 tous
2912 3643 2987 3700 les
3008 3649 3214 3718 poplers
3240 3656 3429 3703 auront
3445 3648 3601 3712 possit

330 3747 481 3798 apres
507 3746 567 3786 se
592 3740 727 3787 mort
754 3749 817 3787 cn
849 3730 1014 3789 l667.

404 3854 583 3922 Atque
632 3851 748 3907 haec
791 3851 863 3908 de
890 3850 1109 3921 scriptis
1163 3851 1441 3908 Fortunati
1489 3866 1610 3923 quin
1638 3853 1834 3907 amissa
1862 3850 1986 3921 iure
2010 3849 2311 3922 meritoque
2341 3850 2778 3921 conquerendum
2806 3860 2910 3906 est.
2938 3848 3089 3921 Quod
3114 3865 3238 3906 vero
3258 3849 3325 3906 ad
3350 3849 3592 3920 ejusdem

333 3944 663 4010 doctrinam,
712 3952 768 4000 et
809 3944 1100 4018 ingenium,
1150 3956 1205 4001 et
1232 3946 1286 4001 in
1315 3944 1604 4002 scribendo
1630 3945 1965 4012 facultatem,
1996 3944 2211 4011 attinet,
2243 3958 2348 3998 non
2376 3935 2600 3999 omnino
2627 3942 2836 3999 videtur
2871 3944 2975 3999 hoc
3002 3944 3119 3999 loco
3148 3945 3601 4015 praetereundum,

341 4041 469 4096 licet
496 4038 632 4093 alias
674 4046 922 4093 occurret
950 4037 1174 4094 mentio.
1206 4038 1340 4093 Cum
1374 4037 1554 4107 itaque
1583 4035 1898 4106 theologicis
1918 4036 1970 4091 in
2003 4034 2308 4103 rebus'apte
2335 4033 2581 4090 eruditus
2607 4044 2661 4090 et
2688 4034 2881 4090 doetus
2909 4035 3116 4091 videtur
3146 4036 3307 4108 (quod
3339 4037 3391 4092 in
3416 4037 3603 4103 primis

343 4129 626 4200 Expositio
646 4128 888 4202 ejusdem
915 4128 969 4184 in
994 4129 1304 4185 Orationem
1335 4128 1673 4184 Dominlcam
1700 4126 1984 4196 declarat),
2009 4133 2121 4180 tum
2148 4122 2456 4179 Grecorum
2486 4132 2543 4178 et
2563 4122 2873 4179 Latinorum
2904 4137 3201 4190 poetarum,
3235 4124 3354 4182 sive
3380 4126 3607 4182 aliorum

340 4222 694 4291 scriptorum,
752 4222 806 4276 in
856 4220 1090 4277 lectione
1132 4220 1381 4291 apprime
1407 4228 1651 4273 versatus
1678 4218 1846 4274 fuisse
1868 4216 2193 4280 ostenditur,
2224 4214 2315 4285 qui
2349 4214 2662 4277 Homerum,
2688 4213 3066 4280 Menandrum,
3091 4215 3339 4280 Aratum,
3365 4214 3608 4285 Sappho,

345 4314 679 4386 Pyndarum,
708 4313 945 4384 itemque
970 4312 1252 4380 Catonem,
1287 4312 1672 4384 Pythagoram,
1698 4309 2078 4381 Chrysippum,
2103 4308 2406 4373 Platonem,
2435 4305 2789 4374 Cleanthem;
2820 4322 2886 4363 ex
2917 4307 3122 4364 Latinis
3152 4323 3281 4363 vero
3303 4308 3614 4380 Virgilium,

356 4409 659 4475 Horatium,
684 4408 954 4476 Ovidium,
987 4407 1244 4470 Tullium.
1276 4407 1404 4461 citet
1425 4402 1762 4471 nominatim,
1786 4408 1840 4457 et
1860 4401 2187 4457 ceiebriores
2213 4400 2352 4456 inter
2384 4398 2604 4456 Latinos
2634 4398 2959 4470 Grccosquc
2983 4400 3168 4455 Patres
3198 4409 3615 4465 commemoret,

346 4517 580 4574 quorum
611 4501 851 4555 omnium
881 4499 1172 4555 identidem
1200 4500 1436 4567 leporem
1470 4511 1533 4552 ac
1555 4495 1857 4551 doctrinam
1888 4494 1943 4547 in
1964 4491 2252 4547 scribendo
2279 4499 2500 4546 secutus
2518 4502 2637 4545 esse
2658 4498 2715 4544 et
2733 4494 3067 4557 expressisse
3090 4488 3295 4556 aliquid
3324 4489 3618 4559 deprehen-

351 4599 517 4655 ditur.
548 4597 683 4652 lllud
713 4604 890 4650 autem
921 4593 1143 4648 oﬂcndit
1174 4589 1487 4655 nonnullos,
1516 4586 1657 4656 quod
1681 4589 1945 4641 falsorum
1975 4586 2281 4649 numinum,
2312 4596 2431 4653 qua;
2463 4595 2609 4635 caeca
2624 4580 2894 4649 quondam
2920 4579 3212 4650 antiquitas
3234 4580 3611 4645 venerabatur,

354 4689 573 4749 nomina
594 4704 699 4744 non
729 4685 989 4743 dubitarit
1017 4682 1302 4753 aliquando
1332 4695 1611 4750 usurpare.
1642 4680 1721 4734 Ac
1746 4679 1854 4749 jam
1886 4680 2027 4736 inter
2052 4685 2256 4733 cetera
2281 4673 2525 4746 ejusdem
2552 4674 2789 4728 carmina
2822 4674 3032 4741 insigne
3059 4683 3143 4729 est
3167 4672 3221 4727 id
3249 4674 3465 4742 generis
3488 4673 3619 4729 illud

355 4783 498 4855 quod
554 4788 730 4837 exstat
788 4778 885 4833 lib.
939 4792 1010 4843 vt,
1057 4790 1177 4843 cap.
1233 4774 1291 4841 2,
1324 4773 1378 4828 in
1399 4789 1506 4843 quo
1535 4772 1703 4838 idem,
1731 4784 1933 4827 canens
1958 4766 2362 4842 epithalamium
2386 4764 2638 4837 Sigiberti
2667 4764 2959 4820 Austrasite
2982 4766 3146 4836 regis,
3175 4773 3231 4821 et
3262 4766 3625 4821 Brunicltildis

360 4878 584 4951 nuptiis,
614 4872 929 4945 Cupidinem
956 4886 1021 4927 ac
1042 4869 1332 4937 Venerem,
1361 4868 1571 4939 poetico
1594 4882 1745 4923 more
1768 4910 1785 4935 ,
1817 4866 2017 4923 inducit
2034 4907 2055 4932 ,
2081 4864 2326 4939 proprias
2356 4861 2635 4931 utriusque
2666 4860 2852 4915 laudes
2875 4858 3233 4914 celebrantes.
3260 4858 3453 4915 Verum
3474 4871 3533 4916 et
3560 4878 3629 4917 eo

358 4983 608 5043 tempore
651 4967 927 5039 scribebat
971 4966 1299 5021 Fortunatus
1343 4979 1451 5030 quo
1489 4962 1667 5018 minus
1705 4970 1822 5017 erat
1852 4960 2073 5031 periculi
2098 4974 2167 5014 ne
2197 4955 2444 5013 homines
2464 4954 2688 5011 deorum
2718 4954 2981 5025 ejusmodi
3012 4969 3199 5011 errore
3224 4953 3629 5023 deciperentur,

366 5067 570 5138 ubique
599 5058 893 5117 Gall‘arum
932 5053 1238 5110 Christiana
1268 5052 1549 5123 religione,
1576 5052 1837 5123 piissimis
1871 5051 2170 5121 principum
2197 5048 2342 5106 curis
2367 5062 2434 5104 ac
2459 5046 2759 5138 diligentia,
2789 5046 3167 5138 clarorumque
3193 5048 3505 5119 pontificum
3536 5050 3633 5105 do-

367 5137 539 5215 ctrina
556 5164 612 5211 et
631 5150 940 5214 virtutibus,
959 5146 1216 5211 florente;
1240 5152 1295 5201 et
1309 5145 1527 5200 minime
1549 5144 1740 5199 mirum
1756 5156 1879 5198 esse
1902 5142 2061 5200 debet
2085 5138 2436 5197 Fortunatam
2453 5137 2724 5203 eumdem,
2744 5137 2920 5192 adhuc
2942 5137 3220 5209 juvenem,
3243 5154 3306 5194 ea
3327 5142 3627 5208 pmertim

370 5254 423 5310 in
442 5269 501 5309 re
528 5265 650 5322 qua
671 5246 914 5303 festivius
938 5240 1202 5300 orationis
1229 5254 1400 5311 genus
1416 5240 1687 5310 postulare
1705 5238 2006 5309 videbatur,
2036 5238 2197 5307 paulo
2219 5234 2441 5291 liberius
2463 5235 2623 5306 genio
2644 5232 2955 5300 indulsisse,
2979 5242 3036 5290 et
3062 5234 3363 5289 ornamenti
3392 5247 3457 5289 ac
3483 5232 3634 5300 lepo-

372 5349 451 5405 ris
477 5358 641 5401 causa
666 5339 963 5405 induxisse,
991 5336 1119 5392 olim
1148 5333 1375 5399 ethnicis
1416 5333 1591 5404 poetis
1614 5330 2167 5401 familiaria,vdeorum
2197 5328 2503 5399 colloquia;
2529 5327 2619 5397 qui
2651 5325 2909 5382 maturior
2926 5334 3082 5382 aetate
3110 5337 3159 5381 et
3192 5326 3418 5382 consilio
3438 5323 3632 5389 factus,

378 5454 485 5495 non
532 5434 696 5493 modo
748 5448 779 5488 a
825 5429 978 5499 nugis
1028 5428 1135 5483 illis
1163 5426 1503 5490 abstinuerit,
1529 5424 1622 5479 sed
1654 5425 1813 5479 etiam
1844 5422 2179 5491 gravioribus
2200 5419 2389 5475 studiis
2417 5417 2682 5473 dediderit
2705 5432 2826 5473 sese
2853 5417 3089 5485 penitus,
3118 5430 3181 5472 ac
3204 5430 3391 5473 versus
3420 5416 3634 5471 nonnisi

377 5544 528 5597 raro,
557 5538 616 5585 et
635 5526 704 5581 ab
733 5521 925 5578 amicis
957 5518 1234 5573 lacessitus
1264 5518 1343 5587 (ut
1369 5516 1485 5585 ipse
1506 5515 1573 5569 de
1600 5530 1660 5569 se
1692 5512 1975 5584 profitetur
1995 5512 2096 5602 .lib.
2132 5527 2191 5580 n,
2218 5525 2341 5579 cap.
2376 5509 2483 5579 l3),
2509 5507 2913 5575 conscripserit.

456 5642 601 5699 Idem
630 5650 737 5692 non
768 5632 1036 5700 uulgarem
1058 5626 1301 5681 historia:
1328 5634 1383 5681 et
1400 5625 1736 5695 geographiae
1764 5622 2041 5678 scientiam
2070 5636 2179 5690 prta
2198 5636 2259 5678 se
2284 5621 2410 5683 fert,
2441 5635 2544 5673 non
2571 5619 2744 5673 solum
2768 5618 2910 5690 quod
2938 5625 3142 5688 spectat
3170 5617 3236 5671 ad
3265 5631 3357 5671 eas
3386 5615 3635 5686 regiones

383 5750 516 5807 qm;
542 5732 661 5803 ipse
685 5722 1012 5802 peragravit,
1043 5730 1284 5807 quasque
1306 5730 1540 5807 praesens
1568 5728 1893 5807 cognoscere
1922 5713 2114 5807 potuit,
2137 5712 2231 5807 sed
2260 5710 2425 5764 etiam
2449 5708 2628 5807 quoad
2658 5709 2777 5763 illas
2804 5722 2939 5807 quas
2968 5707 3080 5775 ipse
3099 5706 3310 5807 adiurat
3336 5718 3636 5807 nunquam,

393 5795 449 5884 in
478 5795 773 5893 Hispaniae,
792 5812 1060 5883 totiusque
1083 5805 1337 5863 Orientis.
1364 5805 1498 5861 llinc
1521 5813 1599 5859 tot
1622 5804 1895 5860 fluminum
1922 5802 2314 5875 descriptiones
2331 5815 2392 5855 ac
2416 5800 2689 5856 civitatum
2714 5800 2932 5857 nomina
2956 5807 3009 5853 et
3024 5799 3269 5870 gentium
3294 5795 3642 5851 barbararum
