4124 6398
346 296 411 352 ει
1513 296 1663 353 ΠΤΑ
1707 297 2034 356 VENANTII
2079 301 2503 365 FORTUNATL
3563 301 3640 357 Ἃ

350 428 500 483 opere
521 412 693 464 scriltc
714 410 784 464 da
825 411 1076 466 Letterari
1110 412 1195 467 del
1233 410 1425 479 Friuli,
1478 414 1588 468 vol.
1623 415 1662 477 l,
1698 429 1817 483 cap.
1854 415 1943 474 12.
1976 419 2023 477 Α
2054 420 2163 472 nati
2185 418 2450 477 vocabulo
2480 428 2535 474 et
2556 434 2652 474 sua
2686 428 2741 476 et
2768 426 3134 492 consequente
3161 428 3318 475 aztate
3343 417 3499 475 fuerit
3528 419 3641 475 fere

352 505 398 559 Is
421 518 654 574 namque
702 503 948 565 scribens
992 502 1317 578 epitaphium
1371 504 1605 571 Leontii,
1652 507 1943 561 anterioris

349 598 587 667 episcopi
645 595 1087 667 Burdegalensis,
1138 597 1234 654 lib.
1269 613 1345 664 tv,
1394 613 1517 667 cap.
1559 598 1613 665 9,
1665 601 1743 655 sic
1795 599 1946 654 illum

347 686 742 758 alloquiturad
771 698 1076 746 extremum
1107 705 1121 742 :

469 797 587 865 ch
606 802 695 851 tibi
713 813 860 865 βεεν,
883 802 1047 861 nimis,
1073 813 1183 850 cum
1204 809 1253 850 tu
1274 806 1513 852 merearis
1531 801 1708 865 Opima,

533 863 754 917 Carmina
778 863 1086 915 Theodosius
1111 866 1317 928 praebet,
1339 878 1503 914 amore
1528 863 1661 916 tuus.

347 964 463 1023 Nisi
490 965 779 1023 dicendum
812 966 1043 1023 fortasse
1092 967 1443 1025 Fortunatum
1490 971 1773 1041 scripsisse
1825 988 1944 1028 car-

348 1073 473 1115 men
518 1059 649 1115 illud
678 1060 904 1117 alterius
940 1063 1039 1117 sub
1071 1078 1299 1132 persona
1332 1079 1394 1119 ac
1424 1066 1664 1129 nomine,
1711 1082 1943 1136 praeser-

348 1154 445 1210 tim
484 1169 611 1210 cum
658 1154 878 1211 aliunde
916 1172 1025 1211 non
1076 1166 1285 1214 constet
1327 1159 1579 1215 eumdem
1615 1159 1669 1215 id
1715 1160 1947 1215 nominis

349 1258 546 1317 praeter
570 1264 631 1304 ea
655 1250 852 1320 quibus
874 1261 1034 1306 notus
1064 1262 1148 1307 est
1177 1252 1447 1308 habuisse.
1478 1253 1619 1310 Sane
1646 1255 1746 1309 hoc
1796 1254 1946 1310 lacti-

350 1352 514 1399 tatum
546 1360 576 1399 a
607 1343 940 1413 Fortunato,
995 1353 1056 1400 ut
1103 1356 1352 1416 poemata
1410 1363 1506 1403 sua
1562 1349 1787 1404 alterius
1827 1364 1947 1418 per-

348 1450 497 1492 sonat
528 1436 801 1492 interdum
856 1439 1252 1503 commodaret,
1285 1455 1351 1495 ex
1402 1439 1643 1509 pluribus
1698 1440 1943 1509 ejusdem

347 1527 680 1584 caminibus
719 1528 1023 1600 intelligere
1070 1544 1389 1599 possumus;
1450 1546 1513 1586 ac
1569 1548 1637 1588 ne
1690 1535 1944 1601 abeamus

351 1617 585 1690 longius,
631 1621 771 1689 quod
814 1621 1060 1690 sequitur
1129 1639 1253 1678 mox
1304 1625 1524 1679 citatum
1566 1640 1805 1691 carmen,
1849 1627 1942 1684 lib.

352 1724 445 1777 ιν,
496 1726 615 1780 cap.
648 1711 723 1779 9,
780 1712 1041 1783 scriptum
1102 1715 1155 1769 in
1212 1714 1371 1770 funus
1418 1716 1622 1771 Leontii
1671 1715 1941 1787 junioris,

348 1806 587 1875 episcOpi
642 1806 767 1861 item
824 1806 1287 1876 Burdegalensis,

355 1896 723 1961 concluditur,
754 1897 1063 1967 Placidinaz,
1122 1899 1330 1955 Leontii
1388 1900 1660 1970 quondam
1717 1904 1987 1973 uxoris,‘

350 1989 569 2045 inducta
602 2004 828 2061 persona
866 2005 931 2045 ac
959 1992 1194 2058 nomine,
1228 1992 1329 2048 hoc
1355 1993 1517 2048 modo
1545 2011 1561 2049 :

474 2102 687 2170 Funeris
710 2105 936 2170 ofﬁcium,
955 2108 1118 2170 magni
1136 2107 1350 2156 solamen
1376 2110 1570 2170 amoris,

537 2165 706 2217 Dulcis
728 2167 885 2217 adhuc
907 2165 1063 2218 cineri
1086 2168 1169 2218 dat
1195 2170 1439 2220 Placidina
1477 2165 1565 2221 tibi
1587 2172 1633 2220 ⁸.

422 2271 480 2326 2.
512 2271 577 2328 P.
618 2272 1041 2343 Christopltorus
1089 2274 1396 2342 Browerus,
1430 2278 1482 2331 in
1524 2277 1641 2333 Vita
1697 2279 1943 2348 Furtum,

348 2381 473 2435 cap.
522 2368 582 2434 l,
640 2375 827 2421 censet
871 2367 1120 2423 eumdem
1171 2385 1367 2425 nomen
1417 2369 1658 2425 Venantii
1700 2388 1727 2425 a
1760 2384 1946 2427 sancto

354 2456 625 2512 Venantio
665 2459 1006 2523 Bituricensi,
1063 2460 1150 2528 qui
1184 2476 1375 2530 magna
1418 2463 1686 2532 quondam
1732 2465 1783 2519 iu
1821 2464 1946 2521 Gal-

346 2548 437 2603 liis
466 2550 765 2605 sanctitatis
808 2550 965 2606 laude
996 2551 1194 2619 ﬂoruit,
1241 2562 1540 2607 mutuatum
1573 2554 1756 2620 fuisse,
1793 2555 1947 2611 item-

352 2658 464 2712 que
515 2658 713 2698 nomen
746 2637 1025 2697 Fortunati
1080 2658 1111 2698 a
1143 2656 1329 2699 sancto
1383 2644 1718 2715 Fortunato,
1780 2647 1947 2720 Aqui-

356 2734 576 2792 leiensis
608 2736 868 2793 Ecclesia
896 2748 1157 2810 martyre,
1188 2755 1344 2809 quem
1376 2740 1469 2795 ille
1501 2741 1765 2811 prtecipua
1798 2758 1945 2799 sem-

355 2840 454 2896 per
480 2826 680 2897 pietate
708 2842 769 2882 ac
798 2826 1061 2898 religione
1104 2829 1266 2885 fuerit
1294 2842 1631 2901 prosecutus.
1670 2834 1774 2890 Sed
1808 2835 1944 2900 hrec,

354 2927 412 2974 et
436 2918 489 2974 id
513 2912 685 2991 genus
714 2920 837 2985 alia,
870 2937 989 2990 quae
1014 2924 1287 2977 curiosius
1314 2926 1605 2981 Browerus
1637 2928 1945 2998 investigat,

356 3012 497 3069 haud
524 3022 678 3068 vacat
705 3012 949 3083 pluribus
976 3017 1282 3083 exquirere.

426 3103 483 3161 3.
512 3105 682 3160 Porro
705 3122 769 3162 ex
804 3105 905 3161 hoc
938 3109 1215 3162 nominum
1240 3110 1433 3181 quibus
1460 3109 1785 3167 Fortunatus
1810 3128 1946 3181 prae-

354 3197 499 3254 ditus
529 3198 627 3253 fuit
654 3214 905 3267 numero,
948 3209 1076 3254 sunt
1106 3202 1193 3270 qui
1239 3202 1533 3273 conjiciunt
1583 3203 1941 3275 (Lirut.,loc.

353 3291 471 3361 cit.)
494 3294 743 3347 eumdem
775 3308 839 3347 ex
872 3293 1047 3361 prisca
1074 3292 1439 3350 [tertianorum
1470 3305 1630 3366 gente
1668 3312 1731 3353 ac
1778 3298 1946 3367 Stirpe

353 3395 531 3439 ortum
562 3382 749 3452 luisse,
777 3398 899 3441 cum
952 3386 1006 3441 id
1059 3388 1334 3445 veteribus
1393 3389 1649 3445 Romanis
1705 3392 1947 3449 solemne

352 3478 535 3545 fuerit,
571 3480 723 3550 plura
754 3479 857 3535 sibi
888 3481 1133 3547 nomina,
1170 3496 1290 3536 cum
1346 3482 1412 3537 ad
1468 3481 1683 3539 familia:
1712 3485 1942 3557 insigne,

354 3582 467 3627 tum
496 3572 566 3627 ad
596 3573 812 3627 virtutis
858 3573 1088 3644 alicujus
1119 3584 1174 3630 et
1212 3574 1429 3630 habitus
1468 3574 1943 3647 signiﬁcationem,

356 3680 643 3734 usurpare,
674 3667 741 3721 de
772 3666 968 3734 quibus
1020 3668 1301 3738 Appianus
1354 3668 1537 3739 Alex.,
1592 3669 1645 3724 in
1680 3671 1837 3727 Praef.
1878 3672 1945 3727 ad

354 3757 501 3813 Bella
545 3757 726 3823 Reum,
758 3758 878 3815 inec
928 3761 1157 3815 scribit:
1194 3760 1398 3816 Nomen
1451 3764 1574 3816 olim
1617 3764 1799 3833 cuique
1836 3765 1945 3819 Ro-

353 3866 505 3907 mano
530 3868 693 3905 unum
732 3862 864 3920 crat,
896 3864 952 3907 ut
979 3853 1178 3908 ceteris
1204 3855 1528 3921 hminibus;
1579 3866 1694 3924 post
1737 3859 1947 3911 accessit

350 3944 591 4011 alterum,
624 3960 715 3998 nec
767 3946 842 4000 ita
880 3946 1079 4001 dudum
1133 3949 1286 4001 etiam
1346 3949 1549 4001 tertium
1602 3958 1825 4017 coeptum
1870 3958 1945 4004 est

351 4034 474 4089 atldi
519 4037 844 4106 quibusdam,
892 4054 993 4107 quo
1038 4039 1200 4113 magis
1227 4051 1627 4112 agnoscerentur
1650 4057 1715 4095 ex
1763 4041 1944 4114 aliqua

352 4138 474 4183 nota
503 4131 760 4200 corporis,
809 4140 896 4185 aut
925 4132 1111 4186 virtute
1150 4133 1355 4199 animi,
1414 4135 1847 4205 quemadmodum
1896 4147 1945 4193 et

351 4219 522 4277 Graeci
566 4223 764 4293 aliquot
811 4223 1102 4278 nominibus
1152 4227 1404 4298 adjuncta
1452 4226 1703 4282 habebant
1755 4244 1940 4302 cogno-

351 4316 512 4370 nune.

420 4407 478 4461 4.
509 4405 624 4462 Etsi
653 4415 857 4470 autem,
886 4405 1060 4461 adhuc
1075 4416 1252 4462 stante
1280 4406 1441 4464 Rom.
1473 4422 1617 4479 rep.,
1643 4423 1764 4465 cum
1790 4410 1939 4479 plura

351 4496 699 4553 assumebant
729 4496 923 4569 singuli
968 4499 1207 4563 nomina,
1241 4502 1343 4554 hoc
1375 4501 1518 4568 quod
1562 4501 1736 4571 primo
1768 4518 1937 4571 pone-

352 4588 509 4645 batur
554 4589 677 4645 loco
724 4589 805 4660 (ut
855 4590 1235 4645 animadvertit
1265 4592 1345 4647 vel
1397 4592 1606 4663 Brow.)
1652 4605 1942 4651 vocaretur

353 4696 687 4749 praenomen,
720 4682 861 4752 quod
912 4683 1040 4739 inde
1096 4683 1371 4754 proprium
1420 4695 1566 4741 esset
1620 4687 1795 4757 gentis
1848 4697 1942 4743 aut

352 4774 592 4841 familiar,
616 4777 831 4830 tertium
857 4790 1181 4847 cognomen,
1212 4785 1270 4832 et
1292 4776 1415 4832 huic
1445 4777 1715 4834 interdum
1748 4788 1940 4849 quarto

352 4867 469 4924 loco
498 4882 766 4938 agnomen
796 4867 1109 4935 adderetur,
1142 4870 1396 4923 citeriore
1445 4877 1623 4926 tamen
1673 4886 1791 4927 aevo
1823 4873 1939 4928 haec

348 4962 666 5033 promiscue
695 4961 943 5018 adhiberi
990 4972 1293 5032 caperunt,
1326 4978 1390 5022 ac
1422 4964 1739 5035 plerumque
1795 4969 1937 5037 quod

349 5056 539 5111 ultimo
588 5056 892 5128 ponebatur
934 5055 1054 5110 loco
1101 5056 1445 5125 praenominis
1499 5058 1603 5113 vim
1666 5060 1932 5127 habebat,

349 5147 467 5205 sive
497 5162 606 5217 quo
634 5162 669 5214 a_
695 5148 907 5203 caeteris
936 5140 1179 5217 ejusdem
1201 5149 1393 5204 domus
1414 5164 1478 5205 ac
1499 5150 1677 5221 gentis
1709 5152 1938 5209 homini-

348 5237 449 5295 bus
475 5239 668 5309 singuli
692 5238 1135 5295 secernebantur.
1165 5240 1279 5307 Qua
1314 5241 1392 5297 de
1415 5257 1475 5299 re
1503 5244 1683 5313 legere
1712 5254 1939 5314 prtestat

348 5331 417 5387 cl.
450 5330 795 5387 Sirmondum
821 5371 841 5397 ,
890 5332 944 5385 in
995 5333 1129 5387 diss.
1160 5336 1371 5402 praeﬁxa
1400 5334 1502 5402 0p.
1534 5336 1741 5391 Sidonii
1773 5339 1937 5408 Apol-

260 5488 265 5494 .
350 5422 556 5490 linaris,
586 5422 640 5478 in
678 5438 783 5494 qua
814 5424 883 5479 de
912 5440 1061 5480 more
1115 5426 1395 5484 interioris
1441 5433 1613 5503 aetatis
1651 5431 1933 5489 hominum

350 5517 402 5570 in
432 5516 778 5573 assumendis
822 5514 1077 5587 pluribus
1133 5520 1443 5575 nominibus
1487 5522 1704 5579 disserit
1738 5525 1933 5582 fusius.

352 5611 426 5665 iis
472 5609 574 5665 hac
626 5611 738 5682 ipsa
786 5612 1178 5669 consuetudine
1232 5614 1426 5669 iactum
1479 5625 1561 5672 est
1611 5625 1671 5672 ut
1705 5617 1790 5674 hic
1833 5633 1933 5673 ao-

348 5711 489 5771 ster,
512 5702 760 5774 quamvis
788 5702 975 5758 multis
1020 5704 1329 5761 nominibus
1352 5707 1423 5762 sit
1450 5706 1698 5779 insignis,
1740 5709 1936 5766 Fortu-

419 5821 443 5848 ‘
480 5817 608 5875 Vide
635 5832 753 5889 quae
782 5817 1013 5876 diximus
1037 5820 1089 5878 in
1117 5823 1258 5879 notis
1290 5821 1356 5878 ad
1376 5836 1484 5879 car.
1510 5825 1564 5895 9,
1593 5825 1632 5881 ι.
1658 5841 1729 5882 ιν.

2050 521 2252 565 ηουον.

2122 602 2177 663 5.
2211 603 2336 658 Erat
2376 611 2554 659 autem
2607 605 2784 661 eidem
2816 620 2994 670 soror,
3042 606 3253 663 Titiana
3285 605 3527 668 nomine,
3570 604 3639 659 de

2049 710 2151 765 qua
2178 695 2223 751 is
2249 700 2578 754 mentionem
2623 698 2750 755 facit
2804 700 2901 755 lib.
2934 715 3008 765 st,
3042 715 3162 769 cap.
3194 698 3249 767 6,
3296 700 3541 755 scribens
3572 698 3639 752 ad

2064 789 2322 858 Agnetem
2354 790 2681 847 abbatissam
2729 792 2808 848 his
2842 792 3024 848 verbis
3055 809 3073 849 :

2233 881 2439 948 Tegmihi
2457 897 2553 933 non
2570 885 2676 935 aliis
2700 886 2855 935 oculis
2876 888 3139 948 animoque
3160 884 3311 937 fuisse

2297 945 2450 1005 Quam
2469 961 2607 998 soror
2631 961 2691 997 ex
2715 956 2857 998 utero
2874 945 3170 1011 tu,’l'ittana,
3194 948 3343 999 fores.

2051 1024 2186 1082 llinc
2215 1042 2376 1098 porro
2416 1031 2635 1100 conjicit
2671 1032 2742 1088 cl.
2776 1032 2943 1087 Liruti
2991 1031 3345 1089 Fortunatunt
3382 1034 3641 1091 habuisse

2050 1116 2267 1174 Patrem
2302 1120 2530 1187 Titium,
2578 1138 2675 1178 seu
2736 1125 3031 1193 Titianum,
3084 1141 3149 1181 ex
3200 1135 3385 1182 vetere
3434 1128 3646 1183 scilicet

2051 1212 2211 1269 Rom.
2244 1229 2420 1281 more,
2462 1231 2568 1286 quo
2600 1217 2844 1272 solemne
2874 1230 2989 1273 erat
3018 1219 3220 1275 eisdem
3256 1221 3389 1274 tilias
3415 1231 3636 1289 paterno

2049 1321 2116 1362 ex
2153 1309 2373 1364 nomine
2428 1310 2739 1380 appellare;
2791 1320 2952 1383 atque
2981 1312 3129 1368 addit
3177 1312 3311 1368 illud
3357 1316 3631 1385 proprium

2047 1404 2263 1469 generis
2292 1416 2386 1456 seu
2434 1402 2651 1459 familiae
2700 1420 2770 1460 es
2824 1419 2926 1475 qua
2968 1405 3014 1461 is
3044 1416 3193 1462 ortus
3238 1407 3408 1463 luerat
3438 1422 3632 1484 nomen

2050 1494 2341 1548 exstitisse.
2375 1493 2479 1549 Sed
2505 1495 2693 1562 miror,
2715 1498 2759 1551 si
2793 1496 2927 1552 illud
2969 1507 3084 1553 erat
3109 1499 3386 1569 proprium
3418 1498 3635 1555 familia:

2048 1601 2374 1656 cognomen,
2407 1603 2472 1643 ex
2504 1588 2595 1643 illo
2616 1604 2863 1645 sororem
2894 1590 3071 1661 potius
3092 1607 3252 1660 quam
3283 1591 3633 1648 Fortunatum

2050 1689 2295 1736 vocatum
2318 1681 2505 1745 luisse,
2534 1695 2635 1736 nec
2675 1682 2865 1737 saltem
2891 1684 3106 1753 utrique
3134 1684 3299 1740 fuisse
3325 1701 3632 1741 commune.

1349 1809 1487 1863 haud
1546 1771 1715 1865 mun'o
1757 1771 1761 1772 ⁷
1790 1771 1945 1868 gec'";
1979 1788 2023 1850 Β
2052 1771 2410 1839 Quamobrem
2444 1772 2742 1829 Sirmondo
2790 1776 3065 1831 assentior
3091 1818 3105 1843 ,
3160 1778 3251 1847 qui
3280 1777 3446 1833 citato
3472 1793 3632 1846 supra

2053 1862 2174 1918 loco
2203 1880 2267 1919 ex
2304 1866 2627 1921 testimoniis
2668 1876 2917 1923 veterum
2951 1877 3424 1925 monumentorum
3456 1879 3639 1928 osten-

2050 1956 2127 2011 dit
2159 1959 2549 2026 pasterioribus
2582 1962 2795 2016 saeculis
2845 1962 2983 2019 hanc
3036 1963 3485 2034 imponendorutn
3540 1982 3637 2022 no-

2051 2056 2254 2109 minum
2301 2054 2750 2111 consuetudinem
2802 2058 3035 2127 viguisse
3078 2074 3094 2113 :
3154 2058 3221 2115 Ut
3268 2068 3373 2115 tum
3425 2063 3635 2134 propria

2048 2151 2313 2218 cujusque,
2358 2159 2466 2202 tum
2495 2150 2744 2220 adjuncta
2768 2192 2783 2215 ,
2833 2167 2923 2205 seu
2970 2154 3300 2224 cognomina,
3330 2170 3417 2208 seu
3446 2170 3638 2227 pronao

2050 2245 2189 2296 mina
2230 2243 2370 2313 (qum
2398 2243 2569 2298 omnia
2615 2244 2670 2299 in
2715 2246 2932 2316 singulis
2970 2262 3131 2318 prope
3166 2248 3424 2318 capitibus
3469 2249 3637 2304 varia-

2052 2332 2238 2403 bant),
2267 2352 2298 2385 a
2323 2335 2621 2403 parentibus
2652 2344 2706 2390 ut
2730 2337 3042 2405 plurimum,
3083 2340 3434 2412 cognatisque,
3477 2344 3641 2410 patri-

2049 2427 2162 2492 bus,
2204 2428 2441 2496 patruis,
2486 2427 2596 2481 avis
2623 2469 2636 2492 ,
2696 2430 2900 2497 proavis
2926 2470 2941 2495 ,
2993 2430 3304 2502 reliquisque
3348 2430 3639 2499 alfectibus,

2049 2528 2505 2575 mutuarentur...
2554 2520 2734 2589 Neque
2775 2525 2906 2576 enim
2947 2532 3084 2578 certa
3111 2535 3157 2578 et
3201 2534 3355 2594 stata,
3408 2535 3463 2579 ut
3492 2527 3641 2590 olim,

2050 2615 2248 2687 generis
2268 2628 2317 2669 et
2341 2616 2556 2686 familia:
2584 2617 2834 2670 uocabula
2878 2617 2930 2669 in
2975 2633 3069 2670 usu
3108 2626 3230 2670 tunc
3261 2622 3495 2688 fuerunt,
3527 2635 3644 2690 qua:

2049 2715 2098 2762 et
2155 2708 2407 2763 matribus
2455 2710 2749 2764 communia
2804 2720 2966 2765 essent
3007 2720 3056 2765 ct
3099 2711 3168 2763 ad
3207 2721 3432 2779 posteros
3473 2721 3643 2765 trans-

2048 2801 2200 2867 irent,
2232 2808 2287 2855 ut
2317 2816 2433 2853 cum
2474 2800 2700 2855 Cornelii
2724 2812 2813 2855 aut
2843 2802 2976 2856 Julii
3000 2820 3172 2856 omnes
3207 2804 3504 2858 dicebantur
3550 2806 3643 2877 qui

2048 2909 2077 2946 a
2110 2904 2255 2963 gente
2284 2892 2526 2949 Cornelia
2555 2904 2647 2948 aut
2690 2893 2836 2949 Julia
2896 2896 3005 2949 nati
3054 2906 3241 2959 essent,
3275 2906 3324 2951 et
3366 2892 3643 2964 Scipiones

2052 2983 2195 3046 item,
2219 2992 2308 3036 aut
2331 2981 2619 3048 Cicerones,
2648 2985 2737 3054 qui
2769 2984 2822 3037 in
2852 2985 3001 3037 domo
3030 2996 3078 3039 et
3102 2985 3304 3053 familia
3333 2985 3638 3057 Scipionum

2049 3082 2138 3128 aut
2167 3073 2490 3142 Ciceronum,
2519 3078 2607 3130 sed
2657 3078 2829 3130 omnia
2858 3092 2977 3131 mox
3022 3094 3137 3131 cunt
3185 3095 3371 3134 occasu
3414 3080 3640 3149 reipubl.

1976 3164 2021 3226 C
2052 3167 2243 3220 mutari
2281 3168 2466 3221 sensim
2514 3183 2576 3220 ac
2608 3168 2709 3222 labi
2756 3179 3034 3241 coeperunt,
3065 3180 3121 3224 ut
3165 3189 3458 3245 quanquam
3485 3177 3639 3232 initio

2050 3258 2247 3329 antiqui
2275 3261 2431 3314 moris
2482 3262 2659 3329 aliqua
2709 3264 2949 3316 laeserint
3001 3266 3215 3338 uestigia
3269 3269 3325 3321 in
3374 3270 3643 3340 gentilitiis

2052 3354 2365 3421 nominibus,
2420 3370 2533 3424 qute
2560 3373 2591 3409 a
2622 3352 2897 3411 nonnullis
2936 3359 3149 3428 familiis
3202 3362 3639 3437 retinebantur...

2048 3448 2373 3517 postmodum
2404 3458 2572 3502 tamen
2603 3448 2703 3502 hoc
2741 3450 2909 3520 ipsum
2955 3467 3158 3521 quoque
3186 3454 3467 3525 neglectum
3516 3458 3639 3527 fuit,

2047 3539 2176 3592 adeo
2216 3548 2272 3591 ut
2302 3538 2503 3593 nullum
2548 3540 2751 3593 tandem
2791 3542 3022 3609 familiae,
3058 3543 3258 3598 nullum
3287 3549 3487 3618 generis
3530 3564 3640 3601 cer-

2049 3638 2157 3681 tum
2189 3644 2373 3683 nomen
2401 3629 2573 3699 fuerit.
2610 3628 2741 3684 Filii
2778 3632 2931 3685 etiam
2962 3651 2991 3685 a
3036 3635 3265 3705 patribus
3294 3646 3342 3690 et
3390 3638 3638 3711 fratribus

2047 3722 2182 3775 inter
2207 3738 2280 3785 se,
2328 3722 2563 3778 omnibus
2589 3738 2725 3794 stupe
2769 3725 3077 3793 nominibus,
3101 3739 3191 3781 aut
3227 3729 3336 3797 fere
3382 3733 3636 3798 omnibus,

2048 3814 2404 3885 discreparint.

2117 3908 2171 3963 6.
2210 3908 2360 3975 Quod
2406 3924 2539 3967 vero
2581 3910 2777 3967 attinet
2830 3911 2898 3966 ad
2948 3912 3172 3983 patriam
3220 3914 3534 3983 Fortunati,
3594 3918 3637 3972 is

2047 3997 2329 4055 Tarvisine
2359 4000 2411 4055 in
2451 4015 2581 4073 agro
2606 4011 2765 4059 natus
2783 4012 2867 4059 est
2895 4018 2961 4061 eo
2988 4006 3040 4061 in
3072 4008 3190 4062 loco
3210 4008 3301 4078 qui
3325 4006 3632 4077 Duplaoitis,

2045 4090 2159 4148 sive
2210 4090 2515 4163 Duplabilis,
2547 4104 2638 4149 aut
2693 4094 3012 4166 Duplauenis
3048 4098 3446 4165 neminabatur,
3478 4099 3636 4169 idque

2045 4196 2257 4241 constat
2284 4202 2352 4242 es
2389 4189 2589 4256 apertis
2613 4203 2735 4244 cum
2780 4189 3065 4248 Fortunati
3092 4192 3286 4262 ipsius,
3333 4202 3445 4247 tum
3500 4192 3631 4247 alio~

2048 4294 2193 4345 rum,
2226 4279 2575 4336 testimoniis.
2633 4282 2682 4336 ls
2713 4291 2886 4352 certe,
2921 4284 3016 4339 lib.
3044 4300 3096 4341 tv
3128 4284 3263 4340 Vita:
3292 4285 3463 4341 sancti
3496 4286 3635 4347 Mare

2049 4372 2165 4441 tiui,
2192 4372 2388 4428 librum
2420 4387 2601 4440 suum,
2649 4391 2809 4445 quem
2839 4392 2908 4432 ex
2932 4374 3106 4433 Gallia
3138 4377 3191 4433 in
3224 4377 3428 4434 italiam
3458 4374 3633 4435 initte-

2050 4466 2163 4532 bat,
2191 4466 2473 4538 alloquens
2533 4468 2750 4538 poetico
2804 4474 2980 4537 more,
3029 4485 3090 4527 se
3140 4471 3403 4542 Duplavili
3447 4482 3631 4529 natum

1967 4532 2022 4595 D
2046 4574 2167 4617 esse
2199 4532 2447 4630 testatur,
2477 4560 2560 4617 his
2590 4564 2811 4620 verbis:

2140 4655 2244 4725 Qua
2268 4668 2380 4725 mea
2401 4654 2643 4725 Tarvisus
2654 4658 2863 4725 residet,
2882 4660 2922 4709 si
2940 4658 3155 4710 molliter
3177 4662 3351 4721 intras.

2138 4716 2385 4786 illustrem
2402 4719 2584 4768 socium
2606 4716 3295 4786 Felicem,'quteso,_reqnlre.

2137 4780 2239 4849 ifer
2258 4780 2490 4849 Cenetam
2508 4781 2761 4849 gradiens,
2785 4780 3448 4849 etiamicos'Duptavileuses,

2137 4842 2427 4915 Quamuis
2448 4842 2605 4915 solum
2632 4854 2709 4894 est
2730 4842 2849 4894 mihi
2875 4842 3264 4915 sanguine,'s_ede
3290 4842 3563 4915 parentum,

2139 4904 2297 4973 fretis
2318 4906 2457 4973 origo
2481 4912 2693 4973 patrum,
2716 4916 2894 4973 mater,
2918 4904 3070 4968 soror,
3096 4904 3213 4958 ordo
3236 4904 3487 4973 nepotum,

2136 4965 2270 5026 Quos
2291 4965 2588 5031 colo’corde,
2613 4968 2727 5029 title,
2753 4970 2996 5033 breviter,
3021 4965 3154 5033 peto,
3175 4965 3329 5023 redde
3353 4965 3580 5035 salutem,

2042 5052 2242 5108 Paulus
2282 5068 2495 5123 quoque
2517 5053 2807 5118 Diaconos,
2839 5054 2935 5111 lib.
2970 5072 3005 5111 tt
3035 5056 3174 5113 Hist.
3208 5058 3473 5131 Longob.,
3503 5077 3625 5132 rap.

2043 5146 2130 5215 l5,
2159 5148 2407 5204 eumdem
2440 5159 2623 5203 natum
2667 5150 2930 5216 Duplavili
2955 5151 3158 5207 diserte
3208 5155 3507 5222 prolitetur,
3540 5156 3624 5213 in-

2040 5240 2272 5310 quiens:
2305 5239 2645 5305 Fortunatus,
2680 5251 2831 5295 natus
2869 5242 3077 5312 quidem
3130 5245 3183 5297 in
3227 5245 3339 5298 loco
3368 5248 3455 5314 qui
3514 5246 3625 5301 Du-

2039 5334 2243 5401 plavilis
2281 5334 2470 5388 dicitur
2499 5336 2619 5403 fuit,
2664 5336 2751 5403 qui
2782 5334 2926 5390 locus
2970 5336 3109 5390 haud
3139 5338 3286 5408 longe
3315 5356 3340 5390 α
3372 5337 3624 5393 Cenilmsi

2037 5435 2205 5480 castro
2243 5427 2321 5481 vel
2360 5424 2662 5480 Turvisiana
2702 5430 2861 5482 distat
2901 5429 3121 5485 civitate.

2108 5519 2163 5573 7.
2194 5519 2379 5589 itaque
2409 5518 2735 5577 Fortunatus
2766 5522 3051 5579 Tarvisino
3080 5524 3134 5578 in
3178 5540 3308 5594 agro
3341 5535 3496 5581 natus
3538 5534 3622 5580 est

2041 5612 2329 5679 Duplavili,
2361 5612 2474 5667 sive
2506 5612 2593 5668 ille
2626 5628 2792 5684 pagus
2832 5623 2925 5669 aut
2976 5618 3232 5688 oppidum
3289 5617 3466 5684 luerit,
3502 5618 3615 5675 sive

2036 5704 2271 5773 regionis
2300 5712 2499 5761 tractus
2533 5704 2750 5775 aliquis,
2783 5706 2849 5762 ad
2900 5706 3106 5764 Plavim
3142 5703 3363 5764 ﬂuvium
3420 5724 3619 5780 expor-
