4124 6348
482 269 558 327 εδ

1021 265 1538 322 PROLEGOMENA
1580 263 1675 321 AD
1719 264 2045 323 VENANTIl
2087 264 2249 321 “ON.
2292 264 2502 322 CLI-3M.
2545 262 2945 324 FORTUNATI
2987 264 3240 324 OPEBA.

484 393 685 448 tectus,
715 395 742 434 a
773 396 878 451 quo
923 382 1086 436 etiam
1138 397 1332 436 nomen
1370 379 1583 435 videtur
1634 380 1931 448 accepisse.
1966 379 2074 435 lio-
2108 383 2156 443 Δ
2187 394 2343 437 suum
2369 381 2674 452 alloquens,
2704 382 2923 452 inquit:

483 475 674 543 dieque
703 473 766 528 iis
791 473 841 526 in
869 473 998 527 locis
1041 488 1230 542 pagus,
1257 473 1372 527 sive
1401 472 1685 541 oppidum,
1731 471 1901 542 jacet,
1927 470 2072 541 quod

483 563 694 637 vulgari
767 577 1019 619 sermone
1089 561 1485 618 Valdebiadena
1565 562 1896 617 nominatur.
1960 559 2078 618 Hoc

482 657 584 715 sibi
638 659 994 716 Fortunatum
1061 669 1306 714 nostrum
1358 667 1420 714 ut
1468 659 1644 715 civem
1686 672 1843 712 suum
1885 666 1940 712 et
1991 658 2081 712 iu-

483 753 732 824 digenam
759 751 1020 820 vindicat,
1052 749 1564 808 honestissimorum
1611 750 1854 807 virorum
1899 749 2081 807 domi-

481 844 688 900 cilium.

560 935 614 994 8.
662 933 974 1002 Cluverius,
1002 945 1043 991 t.
1093 934 1114 991 1
1159 933 1276 990 Ital.
1316 935 1512 1006 antiq.,
1570 949 1693 1006 cap.
1744 936 1836 1006 18,
1892 943 2080 991 censet

485 1026 821 1097 Duplavilem
845 1043 913 1083 eo
951 1027 1003 1083 in
1031 1029 1148 1084 loco
1181 1027 1346 1084 fuisse
1374 1031 1458 1083 ubi
1489 1045 1648 1097 nunc,
1685 1030 1885 1099 inquit,
1919 1030 2073 1102 oppi-

482 1118 606 1172 dum
632 1119 684 1173 in
710 1118 845 1174 edito
888 1118 1001 1174 loco
1029 1121 1345 1190 conspicitur
1365 1121 1434 1174 ad
1475 1121 1653 1176 ltevam
1681 1123 1849 1177 amnis
1879 1123 2074 1194 ripam,

481 1212 684 1282 t'ttlgat‘t'
710 1212 1062 1284 appellatione
1110 1214 1173 1268 δ.
1203 1212 1515 1270 Salnadore.
1546 1213 1656 1271 Sed
1707 1215 1791 1272 vir
1821 1216 2076 1272 eruditis-

479 1310 670 1374 simus,
698 1311 1207 1378 ornatissimnsque,
1239 1323 1423 1364 comes
1449 1308 1782 1366 Rambalbus
1801 1311 1871 1366 de
1894 1313 2076 1369 Ano-

479 1397 622 1464 uiis,
676 1398 970 1455 Tarvisinae
1031 1400 1292 1457 Ecclesia
1339 1402 1633 1458 canonicos
1685 1403 1890 1475 (quem
1940 1405 2075 1461 alias

479 1491 773 1559 laudavi),
823 1493 876 1546 ln
947 1491 1169 1549 dissert.
1227 1493 1280 1549 in
1335 1509 1439 1563 qua
1498 1493 1636 1550 Ven.
1713 1495 2072 1553 Fortunatam

477 1583 648 1653 patria
689 1582 1030 1641 'l‘arvisinum
1059 1599 1184 1642 esse
1209 1587 1449 1642 ostendit
1477 1587 1775 1658 (quamque
1805 1587 1936 1645 mihi
1967 1589 2069 1646 be-

479 1677 816 1750 nignissime,
852 1689 910 1734 ut
932 1680 1099 1736 etiam
1127 1680 1254 1749 alia,
1284 1680 1698 1754 commodavit),
1727 1681 2070 1753 gravissimis

478 1773 768 1830 momentis
797 1773 994 1833 evincit
1043 1774 1377 1846 Duplavilem
1425 1774 1570 1831 haud
1625 1777 1865 1846 potuisse
1920 1791 2071 1833 eam-

475 1868 601 1922 dem
623 1881 745 1924 esse
761 1882 825 1924 ac
841 1867 1095 1938 oppidum
1119 1866 1248 1924 illttd
1262 1866 1330 1923 de
1346 1881 1452 1939 quo
1469 1868 1779 1937 Cluverius,
1803 1884 1924 1926 cum
1942 1869 2075 1926 For-
2133 1895 2136 1898 ~

477 1970 713 2028 tunatus,
747 1958 839 2017 ubi
869 1961 1009 2018 libro
1033 1975 1134 2017 suo
1162 1961 1268 2016 iter
1303 1976 1373 2016 ex
1407 1961 1582 2018 Gallia
1613 1961 1668 2018 itt
1697 1961 1902 2018 italiam
1927 1977 2077 2018 com-

485 2059 774 2118 monstrat,
806 2066 872 2109 es
906 2051 1150 2122 Aquileia
1179 2051 1562 2119 Concordiam,
1599 2064 1760 2126 atque
1785 2054 1912 2110 ittde
1941 2053 2076 2110 Tar-

479 2143 696 2210 viaium,
725 2153 837 2200 tum
893 2144 1154 2199 Cenetam
1205 2154 1262 2200 et
1319 2144 1696 2214 Dttplavilem,
1751 2147 2072 2203 veniendum

478 2238 752 2306 ostendat,
782 2239 1058 2296 Patavium
1090 2255 1279 2298 versus
1333 2241 1718 2311 proficiscenti,
1757 2251 1817 2297 ttt
1847 2242 2075 2314 proinde

476 2330 798 2399 Duplavilis,
851 2332 1017 2401 patria
1050 2331 1358 2397 Fortunati,
1392 2347 1498 2388 non
1528 2342 1672 2388 esset
1717 2334 1896 2389 media
1928 2334 2074 2391 Tar-

475 2421 669 2477 visium
701 2420 844 2478 inter
867 2437 931 2480 ac
957 2422 1242 2490 Cenetam,
1276 2422 1372 2480 sed
1420 2425 1557 2480 ultra
1589 2423 1872 2495 Cenetam,
1917 2426 2073 2482 Pata-

479 2517 624 2572 vium
655 2531 867 2583 versus,
904 2517 1007 2572 iter
1034 2518 1237 2588 agenti,
1288 2517 1594 2589 cuiusmodi
1646 2535 1752 2574 non
1783 2528 1869 2576 est
1920 2521 2074 2591 oppi-

476 2608 604 2662 dum
637 2606 764 2663 illud
794 2607 858 2664 S.
882 2607 1201 2678 Salvadore,
1231 2609 1376 2680 quod
1411 2619 1717 2682 utrumque,
1762 2611 2072 2669 Tarvisium

478 2701 686 2758 scilicet
733 2715 798 2756 ac
851 2702 1156 2768 Cenetam,
1209 2703 1595 2761 intermedium
1642 2705 1805 2774 jacet.
1869 2704 2075 2763 Deinde

475 2790 618 2848 istud
647 2791 902 2861 Oppidum
935 2792 1138 2849 nullum
1167 2802 1286 2850 erat
1336 2796 1537 2851 stacqu
1561 2809 1615 2851 vt
1655 2806 1708 2850 et
1749 2795 1818 2852 ad
1865 2811 2070 2854 annum

476 2897 650 2954 usque
693 2881 834 2939 1245
888 2883 1038 2941 solus
1086 2901 1150 2940 ac
1206 2886 1456 2942 desertus
1503 2888 1702 2945 montis
1743 2889 1919 2945 clivus
1947 2907 2072 2960 per-

477 2973 696 3032 mansit.
729 2972 993 3043 Quocirca
1021 2973 1243 3034 minime
1273 2979 1320 3033 is
1341 2976 1552 3034 dubitat
1581 2981 1709 3050 quin
1741 2981 2067 3052 Duplavilis,

477 3083 533 3122 tn
577 3081 683 3138 qua
716 3068 894 3124 natale
941 3067 1217 3126 Fortunati
1277 3069 1478 3139 solum,
1521 3069 1710 3128 eadem
1737 3073 1807 3128 sit
1837 3089 1904 3130 ac
1946 3090 2066 3144 quae

481 3161 879 3220 Valdcbiadena
907 3163 1064 3236 vulgo
1091 3165 1421 3235 appellatur,
1464 3167 1640 3236 posita
1697 3169 1748 3224 in
1782 3169 2068 3226 Tarvisino

477 3267 637 3324 agro,
671 3269 793 3310 cum
841 3263 896 3312 et
945 3256 1244 3312 similitudo
1294 3257 1531 3313 nominis
1579 3260 1663 3331 (ut
1707 3276 1773 3315 es
1833 3261 2070 3330 antiquis

483 3349 848 3406 monumentis
876 3364 997 3420 quae
1052 3348 1122 3405 ab
1166 3350 1286 3421 ipso
1329 3351 1677 3421 proferuntur
1724 3354 1896 3424 magis
1941 3369 2073 3411 con-

479 3440 624 3511 stat)
679 3442 801 3498 huic
851 3444 1140 3501 sententia
1183 3445 1475 3504 admodum
1529 3447 1709 3506 favere
1762 3447 2071 3520 deprehen-

477 3535 662 3593 datur.

544 3627 603 3687 9.
633 3631 702 3684 At
727 3625 884 3685 Joan.
916 3627 1184 3701 Iosephus
1226 3629 1401 3688 Liruti
1432 3646 1555 3688 eum
1605 3633 1909 3691 assentitur
1940 3635 2069 3692 Clu-

475 3723 630 3778 verio
656 3722 756 3778 hac
785 3723 840 3778 in
871 3739 951 3790 re,
977 3734 1089 3781 tum
1123 3724 1257 3782 illud
1281 3724 1349 3782 de
1395 3740 1495 3782 suo
1525 3727 1698 3796 addit,
1729 3725 2065 3797 Duplavilem

479 3817 691 3874 nonnisi
723 3817 926 3873 avitum
977 3829 1072 3875 aut
1129 3830 1416 3891 paternum
1473 3820 1752 3876 Fortunati
1803 3821 2065 3892 praedium

481 3911 666 3976 fuisse,
695 3909 747 3965 in
775 3911 920 3979 quod
951 3910 1068 3982 ejus
1096 3921 1368 3981 parentes,
1392 3921 1482 3968 aut
1525 3913 1633 3978 avi,
1663 3914 1808 3968 cives
1837 3913 1923 3988 (ut
1954 3915 2068 3984 ipse

477 4004 752 4077 opinatur)
785 4003 1180 4072 Aquileienses,
1205 4016 1567 4070 secesserant,
1617 4022 1724 4077 quo
1769 4007 1974 4071 Attilae,
2005 4022 2069 4062 ac

478 4107 806 4153 caeterorum
839 4097 1221 4163 Barbarorum,
1267 4099 1356 4168 qui
1403 4099 1517 4154 suis
1552 4113 1699 4168 saepe
1738 4099 2068 4155 exercitibus

478 4191 784 4260 Aquileiam
845 4190 1191 4257 infestarunt,
1254 4191 1646 4248 immanitatem
1699 4203 1752 4249 et
1794 4207 2067 4249 armorum

475 4283 712 4340 furorem
736 4281 1092 4339 declinarent.

561 4377 641 4434 i9.
683 4376 794 4433 Sed
843 4378 984 4432 haud
1045 4379 1159 4434 scio
1211 4387 1470 4450 quantum
1521 4381 1644 4435 huic
1676 4379 1930 4450 singulari
1970 4379 2068 4435 viri

487 4469 816 4540 rmtcroquin
847 4469 1146 4526 doctissimi
1179 4473 1420 4539 Opinioni
1453 4473 1796 4528 tribuendum
1828 4474 1919 4539 sit,
1943 4488 2061 4527 cum
2099 4491 2144 4549 ι)

482 4574 591 4618 tam
627 4562 908 4633 perspicue
932 4561 982 4616 in
1007 4563 1170 4618 allato
1191 4567 1440 4633 superius
1461 4567 1700 4620 carmine
1721 4565 2066 4634 Fortunatus,

477 4673 586 4712 non
605 4657 777 4711 solum
802 4655 1086 4712 Tarvisum
1109 4673 1260 4711 suam
1291 4673 1414 4712 esse
1439 4657 1602 4721 dicat,
1635 4667 1686 4712 et
1717 4657 1908 4711 amicos
1933 4658 2070 4713 inter

479 4747 874 4817 anlavilenses
921 4756 1096 4804 natale
1140 4750 1307 4804 solum
1347 4763 1470 4804 esse
1513 4750 1616 4804 sibi
1665 4752 1916 4823 sanguine
1955 4751 2074 4805 sede

482 4837 764 4894 I’arentum
788 4881 805 4906 ,
846 4840 944 4895 sed
993 4841 1151 4895 etiam
1197 4841 1362 4908 prolis
1416 4841 1663 4912 originem
1699 4853 1936 4910 patrum,
1966 4857 2072 4913 quo

478 4933 622 4988 haud
650 4934 766 4989 scio
805 4949 872 4988 an
914 4933 1218 4990 evidentius
1269 4933 1469 5003 aliquid
1512 4933 1579 4988 ad
1630 4935 1859 5003 patriam
1888 4936 2072 5004 cujus-

491 5042 594 5096 que
619 5025 892 5097 regionem
935 5023 1274 5081 indicandam
1320 5023 1490 5092 possit
1537 5025 1784 5095 proferri.

558 5121 644 5176 Η.
701 5118 831 5175 Illud
866 5129 1044 5173 tamen
1077 5118 1217 5173 haud
1249 5118 1448 5172 invitus
1477 5118 1619 5184 dent,
1649 5120 1897 5175 eumdem
1929 5117 2069 5175 haud

483 5213 577 5268 diu
601 5221 820 5282 paterna
855 5214 906 5265 in
939 5211 1104 5265 domo
1133 5225 1196 5267 ac
1225 5212 1448 5281 regione
1468 5211 1794 5276 subsedisse,
1828 5213 1917 5282 qni
1958 5213 2067 5282 pri-

485 5305 671 5362 tnrcvis
725 5303 796 5360 ab
845 5304 1001 5359 anuis
1046 5302 1278 5372 spatium
1356 5303 1614 5372 temporis
1668 5302 1927 5373 aliquod,
1986 5303 2070 5358 vel

485 5399 768 5470 Aquileiae,
813 5396 1206 5468 potentissimae
1255 5395 1525 5466 quondam
1582 5394 1834 5460 civitatis,
1873 5395 2072 5453 vixisse

483 5491 936 5562 deprehendatur,
977 5499 1035 5545 ut
1067 5491 1180 5558 ipse
1211 5488 1278 5544 de
1304 5503 1364 5544 se
1397 5488 1622 5543 alﬁrmat
1644 5527 1660 5552 ,
1708 5489 1806 5544 lib.
1839 5503 1890 5541 tv
1940 5487 2071 5542 Vitae

487 5586 658 5640 sancti
716 5583 950 5649 Martini,
982 5583 1134 5638 hisce
1183 5581 1405 5649 verbis,
1454 5581 1646 5651 quibus
1696 5580 1824 5634 item
1878 5579 2069 5634 librum

558 5731 584 5760 ι
621 5721 753 5778 Vide
787 5720 960 5774 Vitam
991 5719 1168 5774 Rufini
1215 5717 1488 5790 praelium
1523 5716 1761 5788 ejusdem
1790 5714 1890 5788 0p.
1928 5713 2068 5772 Edit.

490 5795 680 5854 Veron.
720 5793 873 5859 1745,
908 5794 942 5848 |.
978 5808 1015 5860 ι,
1049 5807 1104 5846 n.
1129 5791 1184 5847 5.

2302 471 2400 540 Aut
2424 473 2792 540 Aquileiensem
2816 475 2856 540 sl
2881 474 3005 525 forte
3030 477 3300 526 accesseris
3321 475 3523 540 urbem,

2307 535 2560 586 Cassianos
2584 536 2770 585 Domini
2797 539 2998 586 nimium
3026 540 3286 587 venereris
3309 535 3526 590 amicos?

2303 598 2374 662 ac
2398 595 2644 662 Fortunati
2663 599 3221 662 benedictammartyris
3247 614 3440 661 urnam,

2304 659 2690 725 [fontiticemque
2715 663 2847 722 pium
2876 661 3078 725 Paulum
3101 659 3365 725 cupienter
3388 659 3537 712 adora

2305 722 2397 781 Qui
2424 735 2505 772 me
2527 722 2770 785 printtevis
2792 724 3009 774 converti
3031 722 3230 786 Optabat
3249 727 3312 774 ab
3333 728 3474 776 anuis

2251 803 2340 858 12.
2383 803 2540 860 Hisce
2568 805 2854 874 postremis
2904 820 2936 860 e
2962 805 3141 861 verbis
3172 806 3334 862 infert
3358 806 3514 863 Joan.
3537 807 3769 878 .losepb.

2178 894 2348 952 Liruti
2383 895 2728 951 Fortunatum
2755 896 3016 966 Aquileia
3043 911 3073 952 a
3101 896 3289 966 Paulo,
3311 898 3430 970 ejus
3461 900 3607 955 urbis
3631 917 3766 968 pott-

2178 989 2339 1053 tifice,
2392 986 2712 1059 baptismum
2761 989 3058 1057 accepisse,
3107 989 3250 1060 quod
3299 993 3582 1049 sententiae
3633 1006 3770 1056 sua.

2177 1095 2279 1151 qua
2313 1080 2462 1136 illum
2509 1081 2683 1135 civem
2738 1079 3140 1150 Aquileiensem
3189 1084 3440 1153 cpinatur
3486 1084 3671 1154 fuisse,
3715 1085 3772 1141 in

2179 1174 2365 1246 primis
2395 1173 2674 1244 suffragari
2727 1175 3040 1230 arbitratur.

2254 1264 2338 1321 l3.
2371 1265 2590 1332 Veruttt,
2636 1277 2690 1321 ut
2736 1266 2866 1322 illud
2914 1268 3188 1331 omittam.
3219 1286 3288 1326 ex
3321 1286 3386 1329 eo
3411 1273 3552 1342 quod
3577 1271 3774 1330 Paulus

2175 1367 2383 1427 aptaret
2413 1357 2767 1414 Fortunatum
2797 1374 2824 1412 a
2851 1361 3120 1429 prin'tatvis
3148 1363 3304 1417 annis
3333 1366 3598 1430 converti,
3629 1367 3773 1422 haud

2176 1465 2336 1520 posse
2357 1450 2608 1506 concludi
2637 1452 2720 1506 vel
2750 1451 2916 1507 fuisse
2936 1467 3279 1520 conversum,
3317 1455 3446 1511 illud
3479 1458 3609 1512 mihi
3639 1459 3775 1512 mulo

2176 1550 2232 1597 to
2260 1543 2609 1598 verisimilius
2641 1544 2874 1610 videtur,
2907 1543 3154 1612 Paulum,
3185 1545 3582 1618 Aquileiensem
3613 1551 3773 1605 Anti-

2173 1631 2380 1697 atitem,
2411 1632 2466 1688 id
2497 1643 2715 1704 eptasse
2769 1637 2968 1705 potius,
3013 1645 3070 1691 ut
3093 1637 3258 1705 idem,
3291 1654 3422 1708 puer
3445 1640 3644 1710 adhuc,
3689 1641 3774 1698 vel

2106 1749 2156 1812 Β
2184 1727 2523 1796 adolescens,
2553 1727 2776 1800 objectis
2803 1739 3118 1787 ceterarum
3159 1748 3339 1789 rerum
3390 1748 3558 1801 curts,
3588 1749 3776 1790 mona-

2182 1819 2372 1876 sticam
2397 1822 2558 1875 vitam
2591 1822 2851 1893 Aquileia:
2873 1825 3308 1894 amplecteretur,
3353 1841 3473 1881 cum
3499 1835 3676 1882 tamen
3706 1827 3773 1893 is,

2178 1913 2252 1968 ob
2305 1913 2450 1968 illam
2500 1912 2640 1970 forte
2664 1929 2902 1986 causam,
2951 1916 3093 1988 quod
3143 1915 3452 1974 Ravennam
3509 1920 3774 1990 proﬁcisci

2176 2006 2460 2076 cogitaret,
2518 2015 2573 2062 ut
2601 2020 2664 2061 ea
2692 2006 2744 2060 in
2778 2007 2934 2074 urbe,
2989 2015 3237 2080 tanquam
3260 2010 3611 2068 scientiarum
3655 2029 3777 2070 orn-

2177 2098 2324 2155 nium
2357 2099 2569 2172 Lycaeo,
2598 2094 2793 2156 studiis
2841 2101 3142 2158 litterarum
3179 2103 3330 2160 daret
3356 2120 3597 2175 operam,
3630 2107 3774 2165 votis

2177 2192 2448 2263 pontilicis
2497 2192 2719 2248 minime
2754 2192 3163 2264 obsequendum
3203 2195 3496 2253 censuerit.
3527 2198 3689 2254 Certe
3719 2197 3774 2255 id

2174 2295 2294 2341 erat
2351 2285 2610 2340 usitatum
2663 2285 2731 2340 iis
2778 2285 3130 2356 temporibus,
3191 2296 3248 2342 ut
3294 2286 3385 2359 qui
3436 2290 3770 2352 monasticcn

2173 2378 2614 2448 amplecteretur,
2647 2378 2690 2431 is
2719 2377 2989 2434 diceretur
3018 2379 3286 2434 converti.
3319 2379 3414 2448 Ac,
3440 2391 3502 2437 ut,
3527 2383 3771 2437 omittam

2174 2474 2349 2527 sancti
2400 2473 2600 2528 Bened.
2649 2475 2796 2530 c.£.8
2847 2474 3002 2545 Beg.,
3040 2483 3096 2530 et
3143 2475 3312 2530 sancti
3337 2475 3562 2548 Gregor.
3591 2481 3772 2550 magni

2176 2565 2508 2630 testimonia,
2543 2565 2636 2620 lib.
2668 2581 2723 2630 tt,
2755 2568 2912 2634 epist.
2963 2565 2998 2620 4
3027 2577 3080 2622 et
3113 2564 3184 2622 66
3213 2561 3360 2622 Edit.
3409 2567 3604 2633 Paris.,
3635 2568 3774 2624 Bau-

2174 2657 2412 2716 donivia.
2445 2671 2624 2712 coaeva
2670 2655 2984 2725 Fortunato,
3032 2673 3096 2714 ac
3125 2658 3549 2715 sanctimonialis
3581 2676 3770 2715 mona-

2171 2749 2322 2804 sterii
2347 2749 2720 2813 Pictaviensis.
2739 2750 2795 2805 in
2825 2751 2940 2806 Vita
2965 2751 3132 2806 beata:
3153 2749 3518 2822 Badegundis,
3537 2767 3685 2807 num.
3709 2752 3768 2820 '5,

2173 2845 2253 2901 sic
2300 2843 2368 2900 de
2410 2846 2521 2914 ipsa
2567 2847 2847 2918 loquitur:
2899 2846 3207 2918 Postquam,
3272 2846 3466 2917 inquit,
3530 2858 3777 2920 operante

2173 2936 2351 2992 divina
2379 2940 2625 3009 polentia,
2654 2955 2686 2992 a
2713 2956 2831 3011 rege
2859 2949 3060 2994 terreno
3085 2941 3346 3004 discessit,
3373 2942 3514 3011 quod
3534 2959 3631 2995 sua
3657 2951 3773 2996 vota

2174 3031 2471 3102 pascebant,
2493 3035 2615 3086 dum
2649 3032 2875 3088 Suades
2897 3034 2952 3087 in
2983 3031 3132 3101 uilla,
3159 3049 3316 3104 quam
3344 3033 3391 3088 ei
3419 3049 3510 3087 rex
3535 3034 3768 3098 dederat,

2099 3121 2146 3186 C
2177 3123 2436 3190 resideret,
2468 3125 2523 3177 itt
2560 3123 2730 3192 primo
2772 3140 2910 3178 anno
2966 3124 3312 3178 conversionis
3357 3140 3486 3192 stite,
3515 3133 3622 3179 etc.
3653 3124 3771 3180 Jant

2173 3229 2303 3270 vero
2329 3226 2532 3272 certum
2563 3223 2646 3271 est
2676 3215 3085 3288 Badegundem,
3139 3215 3444 3272 Christiana
3487 3216 3540 3272 iu
3573 3216 3772 3288 pietate

2173 3309 2242 3365 ab
2270 3320 2504 3366 extrema
2537 3309 2764 3380 pueritia
2791 3311 3099 3377 educatam,
3127 3325 3250 3366 cum
3283 3326 3311 3363 a
3348 3310 3586 3366 Clotario
3616 3325 3769 3380 rege,

2172 3403 2398 3476 conjuge
2419 3419 2542 3470 suo,
2587 3404 2950 3473 discessisset,
2984 3415 3044 3461 ut
3073 3404 3211 3461 infra
3251 3405 3460 3461 dicetur
3487 3405 3766 3475 (Furtum,

2171 3496 2224 3551 in
2261 3495 2373 3550 Vita
2394 3497 2454 3551 S.
2488 3496 2650 3564 Rud.,
2672 3515 2725 3551 n.
2757 3497 2872 3567 £2),
2899 3497 3180 3554 confeSIim
3211 3498 3523 3571 Noviomagt
3551 3515 3580 3554 a
3613 3499 3771 3555 beato

2172 3587 2428 3644 Medardo
2475 3588 2733 3661 episcopo
2809 3589 3168 3645 monasticam
3229 3591 3406 3646 velum
3460 3592 3764 3658 accepisse,

2171 3689 2332 3751 atque
2362 3680 2450 3737 hic
2480 3681 2706 3752 proinde
2745 3698 2920 3739 annus
2969 3688 3082 3757 ejus
3105 3686 3454 3740 conversionis
3505 3687 3707 3752 primus
3739 3701 3767 3741 a

2173 3773 2500 3829 Baudonivia
2553 3777 2880 3848 appellatur.
2953 3776 3106 3833 Haud
3175 3793 3335 3833 aecus
3409 3775 3763 3844 Fortunatus,

2171 3868 2262 3924 lib.
2296 3884 2371 3939 tv,
2413 3883 2532 3940 cap.
2575 3871 2668 3939 25,
2716 3873 2938 3943 loquens
2981 3872 3053 3929 de
3103 3873 3338 3944 quodam
3384 3872 3621 3942 Iuliano,
3675 3875 3768 3944 qui

2169 3973 2324 4016 antea
2372 3971 2727 4017 mercaturam
2781 3973 3121 4032 exercuerat,
3171 3972 3309 4031 tum,
3342 3963 3441 4018 hac
3469 3964 3674 4027 relicta.
3707 3979 3768 4019 se

2174 4059 2343 4107 totum
2405 4053 2512 4109 Deo
2557 4065 2987 4123 cnnsccraverat,
3057 4066 3208 4127 parta
3264 4055 3507 4112 tribuens
3557 4056 3766 4127 egenis,

2135 4191 2138 4194 .
2173 4145 2339 4215 inquit
2374 4167 2386 4202 ι

2297 4259 2538 4324 Mercator
2561 4260 2823 4324 quondam,
2851 4274 3118 4314 conversus
3134 4262 3230 4313 ﬁne
3255 4264 3417 4323 beato,

2389 4323 2654 4384 Raptusab
2680 4325 2768 4372 hor.
2790 4325 2966 4373 mundo
2987 4327 3189 4375 crimine
3213 4325 3340 4373 liber
3366 4327 3525 4374 homo.

2297 4383 2508 4449 Collfgit
2531 4388 2750 4442 nimium.
2775 4389 2864 4436 sed
2889 4390 3063 4445 Sparsit
3091 4390 3352 4442 egentibus
3369 4401 3562 4449 aurum,

2394 4446 2653 4498 Prtemittit
2670 4457 2870 4499 cunctas
2883 4463 3001 4511 quas
3021 4457 3320 4512 sequeretur
3343 4463 3484 4512 epes.

2250 4557 2338 4613 Η.
2382 4557 2506 4613 Erat
2529 4568 2707 4614 autem
2735 4561 3047 4630 percelebre
3071 4561 3329 4632 Aquileia:
3346 4562 3756 4628 monasterium,

2174 4649 2260 4706 vel
2293 4650 2408 4718 ipsa
2437 4649 2613 4706 ιιι]οηί
2641 4659 2826 4720 male,
2879 4653 2968 4721 qui
3029 4655 3330 4711 monachus
3359 4655 3410 4709 ltt
3433 4670 3501 4711 eo
3530 4655 3760 4724 vixerat,

2174 4759 2299 4799 eum
2333 4745 2558 4809 interea,
2614 4745 2660 4802 si
2718 4761 2878 4800 unum
2935 4747 3273 4803 Vercellense
3313 4748 3574 4818 excipias,
3621 4750 3766 4806 aliud

2176 4835 2289 4892 fere
2329 4835 2386 4891 in
2417 4835 2566 4892 italia
2620 4846 2768 4892 esset
2825 4836 3031 4892 nullum
3073 4848 3121 4892 ι.
3162 4838 3429 4896 Credibile
3479 4843 3658 4910 itaque
3683 4851 3769 4899 est

2173 4927 2241 4982 ad
2269 4933 2371 4983 hoc
2395 4927 2744 4999 Aquileiense
2788 4932 3170 4986 monasterium
3205 4931 3554 4988 Fortunatunt
3583 4944 3706 4988 tunc
3736 4950 3766 4990 a

2175 5021 2342 5077 Paulo
2371 5023 2650 5077 invitatum
2697 5021 2882 5090 fuisse,
2931 5039 3039 5094 quo
3078 5023 3215 5079 forte
3239 5035 3291 5080 et
3323 5026 3469 5081 clero
3501 5024 3618 5096 (qui
3651 5027 3766 5082 fere

2173 5125 2390 5181 semper
2439 5111 2746 5183 adiunctam
2809 5123 2934 5171 tunc
2990 5113 3246 5184 temporis
3298 5118 3608 5173 monasticae
3641 5119 3768 5176 vita:

2174 5203 2566 5273 professionem
2636 5205 2892 5275 habebit)
2945 5207 3166 5274 ascitus,
3231 5209 3431 5278 majora
3506 5209 3765 5277 deinceps

2176 5302 2506 5373 Aquileieusi
2551 5303 2804 5360 Ecclesia:
2831 5303 3052 5369 'ofdcia,
3103 5320 3200 5374 pro
3246 5305 3333 5358 illa
3366 5321 3468 5378 qua
3496 5313 3614 5361 erat
3643 5307 3766 5361 vita

2174 5395 2500 5466 innocentia,
2531 5405 2585 5452 et
2606 5397 2803 5466 ingenii
2833 5399 2970 5462 acie,
3000 5408 3280 5466 pra-staret
3317 5396 3366 5452 ⁵.

2247 5490 2334 5545 15.
2378 5489 2715 5558 Quanquam,
2748 5505 2868 5544 cum
2916 5491 3043 5544 illud
3087 5489 3474 5551 animadverto.
3521 5489 3764 5554 Paulum,

2174 5581 2287 5638 sive
2313 5581 2592 5636 i’aulinum
2617 5581 2709 5650 (de
2734 5597 2841 5651 quo
2869 5582 3014 5650 plura
3041 5581 3296 5654 Ugbellus
3319 5583 3370 5637 in
3396 5581 3551 5636 Italia
3577 5580 3764 5654 Sacra)

2242 5715 2270 5754 δ
2318 5715 2445 5775 Vide
2478 5715 2665 5787 Ruin.,
2707 5717 2760 5772 in
2786 5716 2937 5789 prter.
2980 5719 3076 5790 0p.
3112 5722 3168 5776 S.
3203 5720 3360 5791 (ΙΙ-(ις.
3389 5717 3618 5786 Tur.,n.
3645 5714 3735 5774 35.
