4124 6384
318 289 390 349 1‘5
1461 298 1624 359 ἮΤΔ
1666 302 1995 361 VENAN‘I’H
2040 303 2220 361 FORT
2232 305 2462 362 UNATL
3544 305 3617 362 ΞΘ

325 408 682 482 Aquileiensis
727 409 985 466 Ecclesiae
1043 410 1227 468 sedem
1258 427 1363 466 non
1412 422 1541 469 ante
1570 426 1756 471 tenere
1787 431 1904 470 (τω-
1940 422 1983 476 Α
2012 418 2168 483 alius,
2202 429 2347 473 certe
2361 417 2748 485 Theodericus,
2785 419 3026 485 quamvis
3048 418 3316 476 interdum
3348 435 3526 477 saevus
3548 435 3614 478 ac

324 506 465 575 pisse
492 520 653 576 quato
705 520 850 559 anno
878 502 1008 572 553,
1042 508 1126 561 vel
1177 504 1305 570 55.9,
1361 506 1515 561 facile
1546 507 1805 573 adducor,
1856 516 1915 561 ut

321 598 563 665 credam,
595 598 944 654 Fortunatttm
974 615 1080 655 non
1114 612 1219 654 tam
1245 602 1529 655 immatura
1560 609 1719 655 (etate
1749 600 1915 670 Aqui-

323 690 441 745 leim
494 702 886 746 commoratum
948 691 1116 748 fuisse
1184 693 1233 747 ⁸.
1290 693 1421 747 Nam
1479 695 1526 747 si
1581 694 1695 763 ipse
1756 704 1913 747 natus

320 782 561 837 creditur
600 781 741 839 circa
801 798 1001 837 annum
1048 782 1176 849 530,
1204 783 1424 853 jamque
1476 798 1643 839 senex
1677 783 1910 837 Pictavis

321 873 473 939 obiit,
503 876 703 930 stecnlo
735 878 967 944 septimo
993 875 1161 931 ferme
1215 878 1454 941 ineunte,
1507 877 1554 930 is
1594 875 1909 946 vigesimum

321 974 594 1032 octavum,
632 979 723 1022 aut
752 970 1235 1037 undetrigesimum
1286 985 1481 1023 annum
1513 971 1729 1039 agebat,
1763 984 1913 1031 cum,

320 1060 422 1114 sub
466 1060 688 1115 Paulino
731 1062 1003 1132 pontilicc,
1038 1062 1298 1133 Aquileiae
1328 1062 1603 1117 habitabat
1630 1060 1659 1099 δ
1705 1102 1720 1116 .
1752 1060 1909 1129 Quod

319 1154 364 1207 si
392 1152 533 1208 idem
582 1164 784 1220 narrat,
837 1155 977 1224 quod
1032 1157 1284 1223 primawis
1309 1158 1373 1209 ab
1403 1156 1552 1209 annis
1580 1170 1641 1210 se
1669 1154 1908 1208 invitarit

320 1240 519 1299 Paulus
568 1254 629 1299 ut
676 1254 1107 1311 converteretur,
1168 1253 1261 1300 aut
1318 1245 1373 1301 id
1427 1256 1581 1313 poeta
1627 1245 1913 1313 scripsisse

317 1335 580 1391 dicendus
605 1346 689 1393 est
715 1352 783 1392 eo
811 1347 1051 1406 spectato
1084 1349 1327 1409 tempore
1354 1341 1599 1409 quoillos
1630 1339 1697 1393 de
1731 1334 1911 1392 sancti

318 1426 527 1483 Martini
552 1427 669 1483 Vita
701 1429 867 1486 libros
896 1432 1296 1497 conscribebat,
1331 1441 1457 1487 ante
1484 1447 1685 1485 annum
1721 1430 1913 1485 videli-

315 1532 402 1578 cet
425 1522 533 1579 576
572 1532 620 1589 ⁸,
660 1534 753 1578 aut
780 1539 908 1579 vero
943 1524 1160 1591 Paulus,
1206 1535 1495 1594 antequam
1548 1524 1913 1594 Aquileiensis

315 1616 551 1685 pontifex
576 1626 718 1673 esset
744 1625 981 1683 creatus,
1008 1632 1129 1672 cum
1161 1617 1307 1674 idem
1338 1627 1516 1673 tamen
1558 1617 1697 1673 forte
1727 1618 1913 1673 Eccle-

313 1704 409 1761 sia
426 1706 573 1762 illius
599 1707 851 1775 clericus,
874 1720 965 1764 aut
986 1709 1283 1766 nionacbus
1304 1719 1469 1775 esset,
1494 1710 1558 1763 ad
1578 1726 1760 1779 parem
1785 1711 1913 1766 vita

2020 510 2331 576 vehemens,
2360 524 2480 563 cum
2512 510 2681 563 doctis
2711 511 3014 565 hominibus
3038 510 3183 577 favit,
3204 520 3313 567 tum
3332 511 3445 582 ipse
3473 513 3616 568 litte-

2017 616 2195 654 rarum
2216 602 2641 657 studiosissimus
2668 605 2783 658 fuit.
2814 605 2880 657 Ut
2903 605 3044 658 enim
3075 603 3119 659 is
3141 605 3208 659 de
3225 619 3284 659 se
3310 606 3614 674 proﬁtetur,

2018 693 2261 747 scribens
2312 694 2375 747 ad
2434 694 2808 748 Cassimlnrnm
2842 712 2856 748 :
2892 692 3086 749 Gratus
3127 706 3200 749 est
3251 696 3396 751 nobis
3436 713 3612 752 eorum

2015 800 2213 854 semper
2234 796 2491 855 aspectus,
2548 785 2637 854 qui
2659 787 2845 839 nostris
2902 788 3112 851 animis,
3171 788 3410 861 gloriosis
3454 790 3615 843 actio-

2017 876 2183 939 nibus,
2215 877 2533 942 insederunt,
2564 878 2806 944 quoniam
2863 886 3165 946 perpetuum
3199 877 3421 931 obsidem
3448 878 3606 931 dede-

2017 979 2135 1021 runt
2162 970 2352 1022 artioris
2379 970 2478 1033 sui,
2513 969 2600 1035 qui
2648 967 2791 1034 apud
2841 986 2933 1022 nos
2983 971 3182 1035 probati
3234 979 3358 1024 sunt
3404 974 3611 1027 studere

2017 1066 2193 1118 virtuti
2235 1062 2430 1137 (Epist.
2481 1064 2573 1131 ‘28,
2602 1067 2640 1121 Ι.
2669 1066 2774 1137 In).
2832 1068 3084 1135 Ejusdem
3136 1085 3260 1124 vero
3294 1071 3342 1122 in
3373 1070 3614 1125 colendis

2019 1157 2317 1213 litterarum
2350 1160 2541 1214 studiis
2591 1160 2923 1230 diligentiam
2956 1172 3007 1215 et
3036 1162 3407 1216 assiduitatem
3441 1163 3612 1217 Atha-

2018 1247 2237 1315 larictts,
2267 1252 2355 1319 qui
2386 1247 2532 1304 illutu
2564 1251 2615 1305 in
2650 1266 2818 1321 regno
2858 1253 3090 1319 excepit,
3135 1253 3496 1315 commendat,
3530 1253 3613 1307 his

2016 1340 2201 1395 verbis
2252 1342 2497 1398 scribens
2549 1343 2614 1398 ad
2673 1346 2923 1399 eumdem
2977 1344 3355 1400 Cassiodorutn
3410 1362 3423 1398 :
3485 1345 3612 1399 Cum

2014 1445 2144 1489 esset
2192 1436 2395 1503 publica
2444 1453 2569 1491 cura
2610 1448 2883 1506 vacuatus,
2936 1439 3212 1492 sententias
3244 1440 3550 1507 prudentum
3577 1454 3611 1491 ιι

2013 1528 2118 1582 tuis
2170 1528 2363 1598 fabulis
2407 1530 2660 1601 exigebat,
2711 1541 2767 1586 ut
2817 1534 2970 1602 factis
3018 1534 3241 1600 propriis
3292 1548 3347 1586 se
3382 1540 3608 1600 mquarst

2013 1620 2257 1691 antiquis.
2289 1620 2574 1678 Stellarum
2600 1640 2804 1688 cursus,
2827 1624 2984 1677 maris
3003 1628 3172 1691 sinus,
3201 1624 3422 1693 fontium
3448 1625 3608 1676 mira-

2014 1710 2156 1778 cula,
2208 1714 2425 1767 rimatur
2466 1714 2823 1779 acutissimus,
2873 1714 3179 1784 inquirebat,
3207 1723 3285 1781 ut,
3310 1731 3483 1769 rerum
3514 1732 3610 1767 na-

314 1802 576 1860 ratioriem
596 1806 1026 1875 amplectendam
1051 1805 1424 1870 Fortunatam,
1446 1803 1623 1858 adhuc
1654 1818 1904 1873 puerum,
1936 1796 1984 1856 Β
2013 1804 2142 1857 turis
2212 1805 2510 1877 diligentius
2582 1808 2937 1880 perscrutatis,
2992 1809 3205 1879 quidam
3283 1818 3608 1882 purpuratus

312 1897 396 1953 vel
418 1898 839 1967 adolescentem,
872 1900 1131 1956 dicendus
1157 1900 1434 1959 invitasse.

388 1988 478 2043 16.
512 1989 698 2058 Neque
726 1999 906 2047 tamen
938 1990 993 2047 io
1022 2005 1090 2047 eo
1118 2006 1435 2063 repugnem,
1479 1989 1738 2059 Aquileia:
1770 1988 1909 2044 For-

316 2093 556 2139 lunatum
589 2084 644 2141 in
675 2086 873 2155 pietate
901 2094 954 2141 et
982 2100 1169 2142 earum
1202 2100 1381 2141 rerum
1424 2084 1647 2140 scientia
1687 2100 1806 2155 qua:
1838 2082 1905 2137 ad

313 2175 596 2232 colendam
636 2177 953 2246 religionem
1005 2177 1275 2248 pertinent
1335 2176 1600 2246 prolicere
1646 2174 1904 2246 potuisse,

312 2282 377 2323 ac
402 2267 613 2324 Paulini
646 2285 810 2338 opera
838 2270 904 2325 ad
934 2285 1055 2327 eam
1083 2285 1197 2325 rem
1241 2286 1397 2324 usum
1438 2268 1669 2324 fortasse
1714 2268 1899 2325 fuisse.

312 2360 464 2427 Quod
499 2375 629 2417 vero
667 2362 784 2432 ejus
831 2362 907 2417 rei
959 2360 1210 2417 indicium
1259 2361 1390 2417 illud
1446 2361 1649 2430 profert
1688 2361 1900 2416 clariss.

315 2452 509 2520 Liruii,
559 2455 703 2521 quod
755 2454 1030 2525 Expositio
1079 2453 1346 2527 Symboli,
1406 2469 1564 2526 quam
1591 2452 1763 2508 edidit
1788 2454 1906 2522 ipse

318 2546 665 2615 Fortunatus,
698 2549 857 2619 plane
885 2550 1173 2605 sententiis
1200 2560 1458 2620 congruat
1485 2565 1604 2603 cum
1632 2547 1719 2602 illa
1744 2562 1902 2618 quam

314 2641 565 2709 Ruﬁnus,
621 2642 982 2713 Aquileiensis
1014 2641 1274 2700 Ecclesiae
1314 2644 1597 2714 presbyter
1624 2659 1687 2697 ac
1716 2656 1903 2697 mona-

311 2736 469 2802 cbus,
499 2745 625 2792 ante
652 2736 919 2801 ediderat,
947 2735 998 2791 id
1025 2737 1155 2790 mihi
1178 2736 1459 2791 declarare
1485 2738 1697 2791 videtur
1725 2736 1904 2806 potius

313 2828 400 2901 (ut
418 2829 594 2885 dicam
627 2846 727 2886 suo
748 2829 891 2899 loco)
924 2830 1298 2895 Fortunatnm,
1331 2846 1451 2884 cum
1484 2828 1600 2900 ejus
1630 2829 1683 2884 in
1714 2844 1903 2882 manus

310 2923 404 2978 illa
448 2922 625 2977 littllui
675 2922 949 2993 Expositio
992 2922 1232 2993 Symboli
1264 2922 1524 2987 venisset,
1561 2921 1802 2977 eamdem
1832 2921 1900 2975 ad

314 3012 574 3071 Ecclesia:
604 3012 954 3068 Pictaviensis
985 3014 1195 3081 plebem
1220 3013 1567 3068 erudiendum
1596 3028 1901 3067 accommo-

308 3108 475 3165 dasse
496 3122 653 3179 quam
686 3117 743 3160 ut
766 3104 889 3162 inde
912 3106 1086 3161 evinci
1135 3107 1303 3176 possit
1342 3117 1600 3176 utrosque
1626 3106 1815 3159 eadem
1847 3105 1899 3159 in

312 3199 555 3257 Ecclesia
616 3198 788 3269 prima
852 3196 1173 3254 Christianae
1244 3198 1517 3269 religionis
1595 3197 1899 3253 rudimenta

306 3292 605 3366 accepisse.
668 3292 974 3348 Prcesertim
1020 3306 1141 3347 cum
1201 3291 1513 3363 Symbolum
1557 3290 1903 3362 Aquileiense

311 3384 409 3457 (uti
458 3386 611 3441 testis
646 3393 730 3440 est
780 3384 1028 3451 Rufinus,
1090 3383 1184 3439 lib.
1211 3399 1249 3449 ι,
1301 3384 1502 3438 lnvcct.
1554 3386 1605 3438 in
1654 3391 1901 3438 sanctum

310 3476 719 3549 Hieronymum)
773 3492 838 3534 ex
873 3475 1127 3532 Elelesia:
1177 3475 1322 3531 illius
1373 3476 1659 3537 traditione
1688 3486 1745 3531 et
1770 3491 1903 3531 con-

309 3571 599 3627 suetudine
647 3570 889 3635 haberet,
912 3579 960 3624 et
1011 3570 1182 3624 carnis
1242 3568 1401 3639 hujus
1448 3569 1897 3639 resurrectionem,

233 3682 235 3684 ·
309 3662 463 3731 cujus
491 3660 641 3716 verbi
669 3660 922 3717 indicium
954 3664 1156 3716 nullum
1190 3659 1243 3715 in
1271 3659 1533 3733 Symbolo
1559 3660 1700 3731 quod
1730 3676 1901 3731 expo-

310 3755 389 3812 nit
417 3754 767 3812 Fortunatus.

383 3849 471 3905 Π.
513 3849 566 3905 ls
591 3849 769 3919 itaque
794 3849 879 3919 (ut
906 3862 973 3904 eo
1001 3847 1143 3905 unde
1185 3846 1501 3904 dcﬂeximus
1540 3844 1901 3918 revertamur)

310 3941 461 4000 Pauli
493 3944 752 4000 voluntati
776 3958 842 3999 ac
868 3948 1008 3999 votis
1040 3944 1260 4000 minime
1281 3943 1547 4013 acquievit
1571 3942 1641 3998 ob
1669 3959 1813 4012 eam,
1846 3952 1904 3999 ut

310 4036 445 4103 dixi,
504 4052 721 4092 causam
778 4037 1164 4103 verisimiliter,
1214 4037 1358 4106 quod
1437 4038 1551 4108 ipse
1606 4036 1749 4091 aliud
1800 4036 1901 4092 sibi

310 4130 643 4187 domicilium
699 4146 764 4187 ac
814 4132 1025 4198 sedem,
1076 4133 1129 4187 in
1179 4147 1285 4200 qua
1342 4132 1641 4188 litterarum
1709 4132 1903 4186 studiis

313 4226 539 4282 liberius
583 4237 637 4281 et
681 4227 1039 4295 opportunius
1106 4241 1302 4283 vacare
1360 4235 1560 4296 posset,
1618 4227 1898 4295 cogitaret.

310 4321 441 4374 Erat
466 4329 671 4385 autem,
699 4335 761 4374 ea
801 4327 980 4380 aetate.
1011 4318 1288 4388 aptissima
1333 4319 1472 4375 inter
1500 4330 1722 4374 cieteras
1752 4317 1901 4371 illam

309 4411 376 4468 ad
408 4428 523 4468 rem
571 4412 852 4477 Ravenna,
894 4413 1246 4467 celeberrima
1294 4413 1509 4479 civitas,
1549 4413 1601 4465 in
1628 4428 1729 4482 qua
1761 4411 1901 4482 jam-

2012 1898 2270 1952 rideretnr
2297 1918 2404 1955 esse
2429 1902 2793 1972 philosophus.
2838 1901 3098 1970 Quocirca
3134 1903 3356 1959 minime
3402 1903 3605 1959 miran-

2011 1991 2139 2045 dum
2193 2004 2278 2049 est
2326 1994 2429 2049 sub
2488 1996 2685 2051 talibus
2756 1996 2973 2067 regibus
3031 1998 3379 2053 scientiarum
3427 1998 3602 2053 studia

2012 2083 2282 2141 Ravenna:
2342 2089 2393 2143 in
2451 2089 2639 2159 primis
2694 2090 2963 2158 ﬂoruisse,
3030 2108 3201 2160 eaque
3269 2090 3492 2161 publicis
3546 2092 3600 2146 in

2009 2180 2302 2247 gymnasiis
2327 2182 2586 2250 prmclare
2635 2183 2952 2248 conSIituta,
2982 2184 3063 2237 vel
3088 2187 3152 2237 ad
3188 2185 3437 2239 citeriora
3464 2193 3602 2236 tem-

2013 2285 2137 2337 pora
2165 2273 2443 2339 pervenire
2473 2274 2733 2342 potuisse,
2754 2277 2821 2328 ad
2845 2291 2962 2344 qua:
2987 2276 3307 2330 addisccnda
3331 2274 3599 2342 homines,

2010 2360 2306 2418 litterarum
2337 2365 2540 2434 cupidi,
2578 2366 2812 2437 undique
2837 2371 3208 2424 convenirent.

2084 2454 2171 2511 18.
2211 2455 2323 2511 lluc
2353 2456 2531 2526 itaque
2552 2474 2612 2513 se
2638 2458 2962 2514 Fortunatus
2994 2461 3243 2529 contulit,
3293 2457 3603 2529 ibidemque

2011 2548 2193 2601 taudin
2222 2562 2588 2606 commoratus
2608 2562 2708 2618 est,
2737 2552 2913 2622 quoad
2947 2551 3167 2607 uberem
3202 2561 3602 2621 pretiosamque

2009 2640 2309 2697 liberalium
2336 2646 2531 2699 artium
2580 2645 2968 2718 supellcctilem
3019 2647 3142 2702 inde
3172 2654 3498 2716 exportaret.
3532 2646 3603 2701 Ut

2008 2738 2149 2790 enim
2184 2737 2251 2792 de
2277 2738 2393 2808 ipso
2438 2740 2628 2795 scribit
2680 2741 2871 2795 Paulus
2906 2742 3075 2807 Diam,
3135 2740 3225 2797 lib.
3259 2758 3317 2807 tt,
3348 2758 3470 2811 cap.
3506 2741 3594 2803 l5.

2009 2827 2144 2882 Hist.
2176 2829 2343 2898 Long.
2373 2846 2389 2885 :
2423 2831 2699 2902 (laventur,
2751 2832 2943 2904 inquit,
2989 2834 3211 2888 nutritus
3240 2842 3284 2887 et
3333 2834 3515 2889 doctus
3546 2836 3603 2888 in

2006 2930 2115 2973 arte
2166 2928 2524 2991 grammatica,
2571 2926 2673 2978 sive
2703 2925 2977 2989 rhetorica,
3035 2943 3123 2980 seu
3165 2929 3316 2980 etiam
3366 2928 3598 2993 metrica,

2004 3018 2321 3071 clarissimus
2359 3018 2579 3073 exstitit.
2631 3018 2748 3088 Ipse
2776 3020 2961 3084 etiam,
3010 3020 3405 3076 modestissime
3446 3020 3513 3076 de
3539 3038 3601 3077 se

2008 3108 2257 3178 loquens,
2283 3110 2479 3177 quibus
2504 3111 2710 3166 artibus
2735 3112 2788 3167 in
2822 3111 3011 3183 primis
3056 3114 3327 3168 Ravenna:
3375 3114 3601 3168 studue-

2009 3202 2098 3265 rit,
2131 3212 2311 3255 narrat
2339 3201 2431 3254 lib.
2465 3217 2503 3256 ι.
2535 3200 2605 3257 de
2634 3200 2751 3257 Vita
2791 3204 2959 3256 sancti
2996 3202 3203 3257 Martini
3254 3203 3334 3256 liis
3374 3202 3597 3259 verbis:

2100 3296 2189 3357 est
2211 3306 2306 3354 ego
2331 3306 2505 3344 sensus
2531 3295 2690 3356 inops,
2717 3292 2852 3357 italae
2872 3299 3019 3357 quola
3049 3296 3207 3357 portio
3231 3294 3444 3356 linguas?

2102 3356 2245 3419 Parce
2270 3358 2452 3417 gravis,
2478 3369 2711 3406 sermone
2736 3356 3097 3415 levis,’ratioue
3132 3359 3439 3419 pigrescens,

2104 3418 2271 3482 gleute
2298 3420 2477 3478 hebes,
2505 3428 2611 3467 arte
2633 3432 2825 3482 carens.
2848 3432 2936 3468 usu
2963 3420 3114 3477 rudis,
3135 3418 3225 3468 ore
3246 3432 3338 3468 nec
3363 3431 3567 3482 espers,

2102 3480 2257 3542 Parva
2283 3482 2614 3541 grammaticae
2640 3480 2861 3529 lambens
2882 3483 3164 3530 rellnamina
3188 3490 3361 3542 guttae,

2101 3541 2377 3606 Rhetorica:
2405 3546 2642 3603 exiguum
2670 3544 2929 3604 prmlibaus
2952 3545 3165 3605 gurgitis
3190 3543 3314 3592 haus
3336 3541 3441 3606 um,

2098 3605 2221 3655 Cote
2246 3618 2309 3655 ex
2333 3606 2558 3665 juridica,
2580 3606 2656 3654 cui
2687 3608 2761 3653 vix
2790 3608 2964 3667 rubigo
2983 3608 3209 3667 recessit,

2100 3668 2219 3725 Qum
2246 3672 2377 3729 prius
2399 3669 2629 3728 addidici,
2660 3668 2938 3725 dedisrens,
2966 3677 3017 3717 et
3039 3670 3118 3717 cui
3145 3674 3331 3719 tantum

2098 3730 2299 3778 Artibus
2324 3744 2383 3777 ex
2407 3729 2503 3777 illis
2525 3730 2647 3779 odor
2672 3738 2748 3778 est
2770 3733 2816 3777 in
2855 3730 3052 3777 naribus
3080 3731 3187 3778 istis
3212 3742 3225 3776 :

2104 3792 2213 3855 lion
2239 3799 2484 3855 pretexta
2503 3792 2627 3855 mihi
2653 3791 2817 3840 rutilat
2839 3800 2971 3851 toga,
2995 3793 3207 3855 pennula
3234 3789 3391 3855 nulls;

2102 3853 2206 3902 Jam
2231 3851 2341 3903 mea
2368 3854 2493 3902 nuda
2516 3854 2671 3903 fames
2695 3862 2925 3915 superest
2950 3851 3012 3901 de
3040 3866 3258 3916 paupere
3282 3851 3473 3915 lingua.

2081 3956 2166 4012 19.
2212 3956 2344 4012 Hinc
2370 3957 2619 4026 opinatur
2651 3957 2955 4023 Browerus,
2992 3971 3041 4012 c.
3076 3957 3112 4010 9.
3142 3956 3275 4013 \‘itce
3324 3957 3497 4024 Fort.,
3524 3967 3599 4012 tta

2006 4050 2153 4104 illuni
2190 4049 2364 4102 leviter
2390 4047 2574 4102 litteris
2615 4048 2866 4101 imbutum
2911 4049 3094 4115 fuisse,
3144 4057 3198 4101 ut
3226 4063 3385 4118 neque
3428 4057 3601 4118 togam

2005 4152 2327 4209 prwtextam,
2384 4140 2586 4213 publica
2635 4139 2764 4211 gesti
2840 4141 3061 4193 minueris
3110 4138 3330 4210 insigne,
3375 4155 3601 4210 unquam

2006 4237 2223 4302 adeptus
2245 4235 2334 4300 sit,
2363 4249 2525 4303 neque
2551 4234 2828 4303 pennatam
2859 4232 3076 4286 ducendi
3119 4248 3275 4286 causa
3297 4234 3592 4301 stttnpserit.

2010 4329 2076 4382 At
2107 4328 2277 4381 multo
2326 4325 2669 4383 verisimilius
2717 4336 2798 4380 est
2845 4325 3218 4388 Fortunatum,
3269 4340 3383 4392 pra:
3430 4325 3597 4379 animi

2006 4419 2270 4474 modestia
2296 4434 2361 4473 ac
2390 4419 2679 4489 pr0positz
2707 4420 2830 4473 vita:
2862 4419 3129 4483 instituto,
3175 4418 3317 4471 ultro
3356 4415 3425 4469 ab
3466 4416 3599 4480 illis,

310 4504 521 4577 pridem
551 4505 846 4571 llonorius,
877 4503 1182 4559 Occidentis
1227 4507 1443 4573 imper.,
1490 4502 1691 4572 regiam
1716 4503 1899 4557 sedent

2011 4514 2050 4567 si
2081 4511 2365 4581 quierant,
2406 4510 2699 4566 honoribus
2738 4510 3085 4574 ahsﬁuuisse,
3112 4524 3273 4579 quam
3320 4509 3594 4563 hominem

309 4598 683 4664 constituerat,
719 4607 855 4662 tum,
888 4596 1145 4652 Romanis
1177 4598 1352 4663 vicus,
1395 4612 1458 4651 ac
1487 4597 1654 4665 pulsis
1682 4598 1897 4664 itnper.,

309 4692 555 4747 Udoacer
582 4705 676 4745 rex
706 4688 1025 4756 Gothorum,
1051 4705 1116 4744 ac
1145 4704 1355 4756 rursus,
1388 4688 1489 4744 hoc
1515 4688 1689 4758 pulso,
1720 4689 1902 4743 Theo-

310 4786 551 4851 doricas,
577 4784 877 4856 Gothomtn
903 4798 1006 4837 una
1034 4793 1091 4837 et
1124 4782 1354 4837 Roman.
1390 4798 1505 4849 rex,
1538 4794 1603 4840 et,
1621 4782 1709 4835 alii
1743 4781 1902 4836 dein-

308 4896 462 4950 ceps,
511 4895 607 4934 sua
648 4878 925 4934 domicilia
980 4878 1301 4933 habuerunt.
1346 4877 1532 4933 Solent
1583 4891 1709 4931 vero
1743 4877 1903 4945 regite

309 4974 555 5028 civitates
600 4985 722 5027 cum
763 4982 1078 5025 cmtcrarum
1136 4986 1315 5024 rerum
1363 4971 1678 5039 opportunis
1729 4970 1904 5034 copiis

310 5064 606 5131 abundare,
635 5074 747 5119 tttm
777 5066 890 5118 fere
913 5063 992 5117 vel
1026 5063 1384 5118 litteratorum
1414 5063 1688 5117 hominum
1717 5076 1906 5117 nume.

312 5176 372 5214 ro
395 5174 458 5213 ac
478 5157 827 5214 scientiarum
885 5158 1092 5210 cultura
1137 5155 1347 5209 caeteris
1392 5154 1739 5217 antecellere,
1770 5168 1904 5222 quos

311 5252 564 5307 nimirum
598 5264 788 5319 regum
836 5247 1147 5309 liberalitas,
1177 5257 1226 5300 et
1262 5246 1523 5299 honorum
1570 5245 1818 5309 ambitio,
1852 5253 1907 5298 et

312 5342 596 5400 commoda
626 5343 729 5396 alia
758 5356 826 5397 ex
853 5341 1107 5395 onmibus
1134 5338 1246 5394 fere
1277 5339 1436 5394 terris
1460 5352 1740 5394 accersere
1770 5353 1903 5392 con-

314 5442 628 5501 sueverant,
674 5435 974 5503 praesertim
1007 5448 1134 5485 vero
1162 5431 1208 5486 si
1239 5430 1284 5484 is
1313 5430 1404 5500 qui
1429 5445 1609 5485 rerum
1639 5444 1904 5486 summam

315 5537 464 5585 tenet
493 5542 603 5583 non
631 5527 844 5581 alienus
871 5540 900 5578 a
932 5524 1126 5581 litteris
1166 5524 1432 5579 videatur.
1464 5524 1531 5578 At
1562 5522 1608 5577 si
1640 5523 1905 5592 quispiam

385 5695 417 5727 ⁸
455 5684 598 5757 Lege
643 5683 888 5757 Paginm,
938 5682 1003 5757 ad
1043 5699 1129 5757 art.
1163 5682 1287 5747 559,
1320 5700 1350 5735 n
1405 5685 1461 5757 9,
1496 5691 1551 5738 et
1583 5684 1804 5757 Mttrat.,
1837 5685 1905 5741 ad

317 5751 619 5886 ηηέεέδοέι
648 5751 786 5822 57ὒ;
823 5755 1042 5810 Paulum
1068 5751 1111 5807 D
1135 5770 1242 5821 arx,
1270 5757 1305 5809 l.
1340 5770 1398 5821 tt,
1433 5756 1502 5812 de
1538 5755 1669 5810 ltcll.
1706 5756 1857 5827 Long
1890 5798 1904 5821 ,

314 5844 366 5887 ε.
467 5865 488 5887 .

2008 4622 2113 4658 non
2143 4605 2347 4675 vulgari
2379 4602 2599 4673 ingenio
2648 4618 2747 4658 nec
2777 4601 3035 4658 tnediocri
3066 4604 3309 4655 doctrina
3334 4610 3596 4669 praestan-

2005 4704 2111 4751 tem
2137 4697 2226 4751 illa
2257 4699 2521 4750 honorum
2548 4693 2802 4764 insignia,
2852 4711 2972 4765 qua:
3004 4694 3272 4764 plerisque
3322 4692 3597 4760 patebant,

2007 4804 2105 4859 pro
2150 4789 2395 4843 scientia:
2445 4788 2704 4843 tenuitate
2735 4796 2790 4841 et
2831 4788 3131 4841 litterarum
3179 4786 3357 4854 inepia
3382 4786 3597 4857 assequi

2009 4895 2116 4935 non
2150 4880 2416 4949 potuisse.
2460 4881 2765 4937 Praesertim
2795 4895 2925 4935 vero
2950 4895 3072 4933 cum
3125 4880 3342 4934 aliunde
3385 4887 3599 4934 consu-‘t

2013 4976 2263 5030 eumdem
2297 4973 2482 5029 laudes
2504 4988 2629 5028 suas
2658 4972 2984 5028 extenuandi
3026 4986 3241 5041 semper
3271 4971 3603 5026 studiosissi-

2008 5083 2156 5123 mum
2185 5068 2369 5135 iuisse,
2402 5076 2462 5122 ut
2492 5076 2774 5135 propterea
2812 5066 3110 5118 mirandum
3141 5081 3245 5117 non
3280 5066 3351 5118 sit
3373 5064 3423 5117 id
3450 5064 3593 5133 quod

2006 5175 2105 5216 suo
2153 5162 2385 5230 quodam
2458 5161 2707 5215 instituto
2749 5170 2803 5215 et
2850 5160 3013 5213 animi
3063 5160 3327 5214 sententia
3372 5158 3598 5228 adipisci

2008 5252 2362 5322 neglexisset,
2393 5250 2461 5304 ad
2491 5251 2635 5305 illam
2659 5266 2778 5321 qua:
2801 5251 2868 5305 de
2900 5252 3015 5318 ipso
3040 5260 3155 5303 erat
3178 5249 3374 5319 ingenii
3398 5246 3597 5303 faniam

2008 5354 2065 5401 et
2094 5345 2353 5400 doctrinm
2384 5341 2800 5398 imminuendam
2832 5344 3155 5398 traduxisse.

2080 5438 2262 5494 20.13
2326 5438 2490 5507 igitur
2548 5437 2820 5493 ltavenme
2881 5454 3003 5492 cunt
3076 5438 3444 5510 grammatica,
3499 5438 3605 5492 sive

2010 5535 2299 5597 rhetoriae,
2329 5534 2433 5587 sive
2460 5534 2683 5589 metrica:
2708 5534 2897 5589 sedulo
2928 5550 3148 5604 operam
3181 5534 3414 5603 navavit,
3448 5533 3600 5603 cujus

2084 5685 2112 5725 δ
2154 5691 2371 5742 Auctor.
2404 5687 2539 5742 llist.
2578 5687 2767 5744 Litter.
2800 5690 3059 5746 lt'ranror.

2087 5769 2111 5797 ο
2154 5756 2293 5826 Lege
2331 5775 2451 5827 qua:
2506 5762 2877 5817 adnotavimus
2923 5765 2989 5819 ad
3018 5765 3055 5818 Ι.
3106 5779 3181 5830 tv,
3240 5762 3375 5819 Vitae
3430 5762 3603 5821 sancti

2016 5829 2247 5895 Martini,
2282 5843 2398 5897 pag.
2439 5832 2564 5886 470.
