4124 6380
306 342 376 400 29
1460 342 1623 400 ἭΤᾹ
1659 340 1909 399 VENAN'.

2029 340 2443 399 FORTUNATL
3514 334 3595 393 δῦ

307 473 457 513 suum
512 468 719 525 votum,
749 458 1001 523 Turonis,
1046 457 1112 514 ad
1145 458 1451 525 sepulcrum
1504 460 1677 517 sancti
1733 457 1887 513 Mart.
1921 460 1970 524 Α
1996 472 2117 515 esse
2146 459 2401 523 Felicem,
2433 458 2691 526 animalem
2726 457 3042 523 Fortunato,
3065 466 3225 529 atque
3264 458 3402 514 adeo
3425 458 3586 528 jure-

307 550 635 607 exsolvisset
684 549 911 616 (Paulus
940 552 1053 604 loco
1080 551 1270 621 saepius
1296 549 1498 620 citato).

374 648 466 702 29.
510 647 673 701 Addit
696 646 981 701 Browerus
1023 645 1227 700 laudari
1262 646 1590 715 Sigibertum
1631 660 1659 699 a
1691 646 1899 699 Fortu-

308 748 434 794 nato
463 738 500 791 l.
546 753 604 804 n,
638 752 690 793 c.
726 738 815 803 17.
846 737 987 808 quod
1018 738 1064 791 is
1094 737 1366 794 basilicam
1424 737 1594 794 sancti
1636 737 1893 807 Medardi,

306 845 335 884 a
358 830 594 885 Olotsrio
624 839 855 899 coeptam
888 829 1229 895 exaediﬁcari,
1263 842 1476 887 summo
1514 828 1692 883 studio
1741 844 1896 883 com-

309 921 480 990 ;deret
500 931 661 992 atque
681 920 854 976 eidem
883 918 1150 990 fastigium
1175 921 1289 989 jam
1316 918 1683 989 imposuisset.
1715 918 1893 988 ipsum

308 1013 451 1070 enim
472 1022 714 1070 sanctum
742 1013 1051 1070 Medardum
1084 1013 1373 1084 alloquitur
1401 1022 1558 1084 poeta
1602 1012 1671 1072 ad
1718 1021 1897 1068 extre-

309 1121 459 1161 mum
484 1108 763 1171 carminis,
799 1107 900 1163 hoc
926 1106 1088 1161 modo
1114 1122 1128 1159 :

432 1198 505 1249 En
528 1206 610 1249 tua
628 1200 807 1260 templa
825 1198 941 1249 colit
965 1199 1113 1248 nimio
1133 1198 1413 1259 Sigibertns
1438 1210 1627 1258 amore,

498 1260 740 1313 Insistens
762 1264 901 1320 operi
924 1267 1174 1323 promptus
1197 1274 1365 1310 amore
1392 1266 1479 1308 tui.

434 1323 652 1387 Culmina
675 1324 882 1387 custodi,
908 1321 990 1385 Qui
1013 1323 1194 1387 templa
1221 1325 1267 1370 in
1286 1323 1499 1387 culmine
1521 1321 1683 1387 duxit,

497 1386 715 1450 Protege
731 1397 821 1450 pro
841 1384 1033 1435 meritis
1049 1388 1132 1447 qui
1159 1386 1244 1435 tibi
1266 1384 1447 1447 templa
1472 1384 1625 1433 dedit.

313 1472 374 1523 At
402 1470 665 1526 credibile
686 1478 791 1537 est,
840 1471 1031 1540 inquit,
1067 1468 1389 1533 Sigibertum
1422 1484 1529 1523 non
1564 1466 1732 1522 multo
1779 1474 1900 1536 pust

309 1564 535 1622 Clutarii
582 1567 787 1622 obitum
819 1566 872 1622 iu
903 1565 1035 1625 illud
1071 1564 1249 1635 operis
1301 1563 1632 1624 incubuisse,
1688 1563 1756 1617 de
1796 1576 1901 1627 quo

313 1669 519 1725 patrem
552 1669 661 1714 tam
682 1658 969 1716 sollicitum
997 1665 1051 1713 et
1076 1656 1315 1726 ejusdem
1348 1654 1657 1724 perﬁciendi
1692 1652 1813 1708 stud
1841 1667 1902 1705 o-

310 1766 428 1807 sum
460 1758 709 1816 noverat,
740 1758 798 1806 et
825 1764 932 1819 quo
959 1748 1011 1806 in
1038 1749 1157 1803 loco
1188 1746 1395 1801 humari
1423 1745 1681 1798 voluerat.

380 1841 475 1898 50.
511 1846 579 1897 At
600 1843 673 1899 cl.
698 1842 779 1897 vir
804 1840 962 1897 Joan.
988 1840 1254 1909 Josepbus
1279 1837 1446 1894 Liruti
1470 1852 1499 1891 a
1540 1836 1791 1890 Browern
1816 1835 1904 1889 alio

310 1937 441 2009 quid
462 1947 516 1994 et
544 1936 705 2005 Pagio
733 1933 1001 1999 dissentit,
1026 1932 1153 1987 dum
1180 1931 1291 1986 vult
1309 1930 1597 1985 adventum
1623 1929 1903 1983 Fortunati

312 2031 371 2087 in
394 2028 598 2086 Gallias
620 2029 687 2102 ad
709 2044 798 2087 an.
822 2028 952 2092 567,
986 2027 1265 2088 minimum
1314 2040 1443 2080 vero
1491 2026 1563 2080 ad
1614 2021 1741 2088 566,
1784 2039 1904 2077 esse

311 2125 679 2184 reiereadum.
704 2122 893 2195 Neque
909 2123 1145 2179 alienum
1187 2128 1268 2177 est
1303 2122 1527 2189 hujusce
1555 2119 1898 2183 sententiam,

311 2233 473 2289 quam
504 2216 591 2272 vel
622 2216 741 2275 aliis
768 2228 1107 2271 communem
1130 2226 1252 2272 esse
1282 2209 1464 2279 viduo,
1498 2211 1677 2278 paucis
1699 2224 1902 2278 expen-

308 2312 461 2375 dere,
489 2323 610 2379 qum
639 2307 704 2365 ad
745 2322 865 2367 eam
898 2320 1013 2363 rem
1039 2303 1108 2365 de
1134 2319 1236 2374 qua
1280 2306 1489 2369 agimus
1536 2302 1901 2360 illustraudam

312 2404 531 2463 luminis
562 2403 762 2475 aliquid
812 2401 1015 2460 aﬂerre
1033 2412 1279 2473 possunt.
1316 2402 1433 2467 ipse
1484 2400 1648 2471 igitur
1695 2399 1904 2456 dubitat

314 2498 541 2569 primum
564 2504 819 2569 utrumne
845 2494 1172 2550 Fortunatus
1220 2492 1375 2561 paulo
1430 2500 1718 2562 antequam
1760 2490 1903 2547 Leu.

311 2588 536 2660 gobardi
590 2587 795 2643 italiam
828 2585 1147 2656 invaderent
1169 2586 1221 2640 in
1254 2582 1459 2641 Gallias
1508 2584 1781 2654 prolicisci
1806 2598 1902 2651 po-

313 2682 495 2740 tuerit.
520 2680 657 2736 Nam
684 2694 830 2747 cum,
854 2678 1045 2735 eodem
1080 2678 1242 2735 Paulo
1274 2677 1509 2733 Diacono
1551 2685 1708 2743 teste,
1753 2676 1903 2734 Felix

313 2775 499 2831 socius
517 2772 820 2841 Fortunati,
849 2781 902 2827 et
928 2770 1141 2843 quidem
1175 2770 1253 2843 (ut
1285 2770 1401 2840 ipse
1425 2768 1721 2836 existimat)
1746 2769 1903 2824 itine-

316 2869 392 2923 ris
423 2864 625 2934 socius,
652 2874 868 2922 creatus
889 2864 1000 2936 jam
1027 2864 1338 2922 Tal-visions
1361 2862 1678 2933 episcopus,
1719 2863 1903 2917 Alboio

314 2978 406 3026 no,
441 2960 551 3030 regi
601 2958 1101 3030 Longobardorum,
1135 2959 1207 3013 ad
1236 2956 1460 3024 Plavim,
1494 2965 1732 3026 tusupra
1763 2954 1907 3010 dice-

316 3054 529 3117 bamus,
560 3053 879 3120 occurrerit,
912 3052 995 3105 vix
1032 3051 1145 3105 ﬂeri
1180 3050 1351 3121 potuit
1385 3058 1444 3102 ut
1498 3058 1609 3103 tam
1658 3046 1905 3119 perbrevi

314 3145 490 3215 spatio
515 3144 664 3199 Felix
696 3143 797 3198 iret
820 3144 875 3197 in
900 3142 1148 3211 Galliam,
1177 3158 1239 3197 ac
1268 3127 1394 3197 inde
1418 3142 1469 3194 in
1494 3141 1695 3195 italiam
1727 3155 1908 3194 rever-

318 3247 545 3303 teretur,
579 3247 687 3297 tutn
730 3245 944 3292 creatus
985 3236 1299 3292 Tarvisinns
1348 3235 1630 3303 episcopus
1674 3230 1907 3287 Alboino

315 3332 530 3388 obviam
560 3331 892 3401 procederet.
926 3329 1184 3398 Quocirca
1205 3330 1455 3397 Opinatur
1491 3328 1715 3381 Paulum
1738 3326 1790 3382 in
1823 3340 1908 3381 re-

320 3425 420 3481 bus
441 3438 582 3479 asua
611 3424 910 3492 prasertim
956 3431 1115 3478 aetate
1146 3423 1369 3475 remotis
1427 3419 1711 3473 narrandis
1765 3432 1909 3488 stupe

317 3516 498 3572 minus
524 3514 861 3585 diligentem,
889 3514 969 3569 vel
1000 3513 1099 3567 hac
1126 3513 1179 3569 in
1203 3528 1262 3569 re
1288 3527 1318 3566 a
1350 3522 1651 3581 temporum
1684 3515 1910 3567 veritate

319 3612 572 3664 aberrare
603 3609 860 3676 potuisse.
1415 3666 1421 3672 _
1739 3590 1745 3595 I

391 3701 481 3758 3i.
508 3688 639 3765 Sed,
664 3709 724 3754 ut
756 3699 887 3754 nihil
922 3698 1008 3758 hic
1041 3696 1257 3753 Paulum
1284 3693 1433 3753 Diae.
1462 3710 1677 3764 purgem
1723 3702 1793 3747 et‘
1816 3692 1912 3747 de-

330 3792 570 3859 tendam,
601 3805 747 3847 certe
765 3806 873 3846 non
900 3799 1019 3847 erat
1046 3805 1140 3844 cur
1169 3774 1419 3841 laudatus
1437 3784 1665 3855 scriptor
1696 3797 1912 3855 prepter

322 3902 443 3942 eam
474 3899 691 3941 causam
723 3898 889 3954 quam.
935 3882 1093 3937 θίγω
1130 3880 1203 3936 de
1238 3879 1482 3949 ejusdem
1510 3877 1783 3947 diligentia
1823 3885 1912 3930 aut

324 3982 429 4037 tldc
455 3979 744 4040 dubitaret.
774 3979 928 4034 Nullo
948 3979 1145 4049 quippe
1171 3992 1237 4031 ex
1290 3973 1600 4030 testimoaio
1638 3983 1733 4028 aut.
1775 3973 1916 4026 litte-

322 4090 503 4130 rarum
539 4082 889 4128 monumento
917 4081 1125 4129 constat
1158 4070 1446 4140 (quantum
1492 4065 1738 4135 equidem
1770 4078 1917 4118 asse-

268 4182 277 4190 ·
324 4167 416 4235 qui
440 4167 613 4235 potui)
650 4163 883 4219 Felicem
922 4177 1028 4216 una
1073 4176 1198 4216 cum
1260 4158 1557 4213 Fortunato
1607 4155 1660 4209 in
1717 4154 1918 4209 Galléas

325 4258 625 4329 profectum
656 4256 827 4311 fuisse
853 4273 866 4308 :
901 4269 1008 4309 non
1042 4252 1237 4308 Paulus
1266 4251 1534 4306 Diaconos
1566 4248 1617 4303 id
1663 4247 1915 4312 afﬁrmat,

323 4350 453 4406 licet
483 4358 663 4403 narret
685 4360 991 4419 utrumque,
1018 4344 1250 4401 Felicem
1294 4358 1358 4398 ac
1405 4342 1779 4404 Fortunatam,
1829 4353 1921 4391 εει-

328 4445 451 4498 dum
482 4441 761 4496 oculorum
793 4438 1111 4511 trgritudine
1150 4438 1380 4491 afﬂictos
1432 4436 1617 4497 fuisse,
1677 4442 1729 4490 et
1758 4433 1919 4488 simili

1935 3190 1982 3252 C

2003 550 2093 603 nili
2123 559 2298 613 astate.
2326 550 2390 605 iis
2421 550 2756 618 temporibus
2783 561 3019 604 creatum
3050 548 3216 605 fuisse
3244 549 3579 607 Tarvisinum

2000 642 2329 710 episcopum,
2361 643 2553 711 quibus
2573 641 2637 695 ad
2669 642 2811 695 illum
2854 656 3164 709 supremum
3218 642 3437 699 honoris
3463 659 3584 715 gra-

1999 733 2125 789 dum
2156 736 2365 788 nonnisi
2395 743 2597 787 matura
2624 735 2734 803 jam
2765 742 2922 788 aetate
2960 747 3213 788 ascensus
3256 735 3581 803 pedetentim

2001 839 2097 895 per
2122 840 2309 880 omnes
2333 826 2598 884 Ιιυηοτυιιι
2625 827 2824 897 gradus
2854 828 3090 897 patebat,
3123 837 3180 882 ut
3226 828 3359 882 nihil
3404 829 3580 882 dicam

1998 916 2068 976 de
2101 917 2314 972 illorum
2339 928 2635 987 temporum
2665 919 2967 990 disciplina,
2997 922 3189 987 quibus
3224 938 3369 991 saepe
3417 924 3585 978 virtus

2002 1009 2172 1078 magis
2196 1025 2356 1078 quam
2383 1022 2513 1065 tetas
2536 1011 2902 1080 spectabatur,
2942 1021 2997 1064 ut
3036 1012 3274 1081 pluribus
3319 1018 3587 1085 exemplis

2000 1117 2213 1173 possem
2242 1102 2550 1169 ostendere,
2607 1113 2664 1159 ut
2714 1103 2843 1159 illud
2901 1106 3062 1159 etiam
3093 1106 3410 1176 concedam,
3447 1109 3587 1164 Feli-

2001 1210 2117 1248 cem
2171 1196 2328 1265 plane
2370 1197 2631 1265 aequalem
2681 1193 2955 1250 Fortunati
2998 1195 3183 1263 fuisse,
3240 1198 3361 1252 hinc
3410 1202 3585 1269 palliis

1999 1288 2264 1342 evincitur
2287 1289 2429 1342 hunc
2459 1288 2597 1342 haud
2622 1289 2689 1343 ita
2710 1289 2962 1357 juvenem
2998 1292 3048 1343 in
3083 1287 3278 1345 Gallias
3302 1309 3586 1362 migrasse,

2003 1390 2061 1433 ut
2091 1380 2133 1433 is
2160 1380 2229 1444 si,
2259 1390 2311 1432 ut
2337 1380 2595 1446 creditur,
2618 1396 2760 1436 anno
2786 1382 3000 1437 circiter
3022 1381 3129 1436 550
3156 1391 3311 1455 natus
3355 1393 3458 1449 est,
3491 1400 3589 1442 an-

2001 1488 2129 1528 num
2180 1481 2365 1543 ageret
2414 1473 2743 1541 trigesimum
2785 1473 3073 1543 quintium,
3122 1484 3214 1530 aut
3252 1476 3586 1546 trigesimum

2000 1575 2239 1629 sextum,
2269 1577 2390 1616 cum
2422 1563 2474 1617 in
2501 1562 2734 1618 Galliam
2755 1572 2838 1619 est
2866 1563 3161 1635 prolectus.

2073 1653 2166 1710 55.
2193 1655 2306 1709 Cur
2330 1664 2511 1711 autem
2566 1658 2668 1713 iter
2700 1656 2982 1712 Fortunati
3014 1659 3066 1712 in
3116 1660 3339 1725 Galliam
3383 1663 3449 1718 ad
3494 1677 3584 1719 an.

2009 1750 2111 1806 567
2136 1751 2474 1807 referendum
2506 1752 2596 1816 sit,
2625 1752 2724 1822 hac
2754 1754 2963 1808 ratione
2994 1754 3327 1822 potissimum
3352 1759 3431 1812 vir
3452 1758 3584 1813 clar.

1934 1818 1980 1883 Β
2008 1844 2259 1911 ducitur,
2306 1844 2448 1909 quod
2505 1854 2688 1900 narret
2735 1845 3063 1901 Fortunatus
3110 1860 3172 1901 se
3236 1858 3362 1903 tunc
3400 1865 3590 1903 nouum

2009 1936 2242 1993 Pictavis
2287 1936 2472 2005 fuisse,
2529 1953 2652 1994 cum
2701 1937 2821 1993 illac
2869 1941 3175 2006 pertransiit
3206 1938 3586 2009 Gelesuintha,

2007 2027 2315 2097 Chilperico
2356 2039 2609 2099 nuptura.
2668 2029 2724 2085 ld
2775 2046 2905 2086 vero
2936 2048 3077 2086 anno
3123 2033 3345 2102 contigit
3374 2033 3498 2100 587,
3535 2046 3589 2089 ut

2008 2136 2167 2189 supra
2202 2120 2578 2179 indicavimus.
2624 2120 2695 2177 At
2722 2123 2902 2176 statim
2928 2132 3086 2191 atque
3120 2124 3440 2181 Fortunatus
3472 2142 3591 2196 per-

2006 2215 2153 2269 venit
2195 2214 2247 2267 in
2282 2212 2529 2280 Galliam,
2558 2215 2622 2269 ad
2655 2216 2825 2270 sancti
2867 2216 3075 2272 Martini
3108 2218 3411 2286 sepulcrum
3459 2235 3592 2289 per-

2008 2306 2220 2369 rexisse
2269 2305 2528 2360 dicendus
2572 2315 2677 2371 est,
2718 2306 2845 2362 inde
2902 2321 3032 2361 vero
3078 2310 3255 2363 statim
3316 2308 3592 2365 Pictavqu

2010 2400 2239 2465 venisse,
2273 2398 2362 2470 qui
2397 2400 2478 2470 (ut
2511 2400 2577 2454 de
2609 2401 2725 2470 ipso
2752 2400 2939 2455 scribit
2984 2400 3179 2456 Paulus
3228 2402 3402 2473 Diae.)
3454 2412 3594 2472 post-

2007 2508 2165 2563 quam
2183 2491 2402 2546 Turonis
2425 2492 2575 2563 juxta
2605 2503 2778 2547 vatum
2820 2493 3085 2564 praprium
3112 2494 3333 2560 advenit,
3373 2495 3595 2549 Pictoris

2010 2588 2357 2656 pertransiens
2387 2586 2494 2640 illic
2522 2588 2785 2642 habitavit.
2816 2587 3077 2657 Quocirca
3126 2586 3446 2644 Fortunatus
3472 2605 3595 2644 nou-

2009 2680 2110 2735 nisi
2141 2697 2229 2735 an.
2254 2681 2379 2745 567,
2409 2691 2501 2736 aut
2531 2681 2838 2748 minimum,
2866 2698 2955 2736 an.
2985 2680 3108 2751 566,
3164 2684 3218 2740 in
3249 2683 3449 2742 Gallias
3475 2698 3596 2753 per-

2009 2775 2174 2830 venit.
2209 2774 2332 2828 llzec
2362 2774 2471 2829 ille.

2080 2864 2172 2921 54.
2204 2864 2398 2921 Verum
2430 2880 2536 2920 non
2585 2865 2745 2921 video
2791 2879 2891 2921 cur
2932 2867 3035 2923 bac
3080 2866 3236 2922 Pauli
3277 2868 3597 2924 auctoritate

2009 2957 2216 3012 moveri
2265 2958 2347 3011 vir
2396 2957 2468 3010 cl.
2516 2956 2733 3025 debeat,
2791 2960 2906 3027 qui,
2950 2958 3069 3027 ipso
3120 2966 3276 3025 teste,
3328 2959 3383 3014 in
3434 2958 3595 3014 rebus

2010 3048 2306 3103 referendis
2329 3048 2397 3102 ab
2423 3055 2581 3103 aetate
2612 3064 2708 3102 sua
2746 3050 2969 3105 remotis
2998 3065 3381 3121 nonnunquam
3411 3068 3595 3108 errore

2010 3146 2225 3212 labitur,
2256 3156 2313 3201 ut
2333 3148 2378 3199 si
2404 3148 2446 3200 is
2471 3146 2526 3199 in
2547 3145 2855 3201 deﬁniendo
2880 3154 3123 3215 tempore
3144 3162 3250 3217 quo
3272 3146 3594 3203 Fortunatus

2013 3241 2066 3293 in
2098 3238 2321 3293 Galliam
2379 3238 2649 3308 profectus
2698 3238 2916 3293 circiter
2970 3248 3054 3294 est
3100 3253 3284 3295 errare
3341 3240 3594 3309 potuerit,

2012 3330 2182 3385 multo
2211 3331 2378 3400 magis
2406 3331 2457 3383 in
2488 3328 2774 3384 statuendo
2798 3330 3136 3401 quandonam
3188 3330 3482 3391 Pictavum.
3540 3340 3597 3385 ut

2012 3425 2119 3479 illic
2150 3424 2436 3491 habitaret,
2462 3426 2817 3480 concesserit.
2869 3422 2973 3481 Sed
3022 3434 3079 3478 ut
3110 3423 3210 3478 hoc
3263 3425 3594 3491 omittamus,

2012 3533 2131 3571 cum
2165 3518 2291 3571 illud
2325 3519 2581 3572 credibile
2631 3527 2734 3582 est,
2784 3518 3136 3573 Fortunatunt
3188 3535 3292 3573 non
3334 3504 3602 3575 continuo

2014 3620 2133 3681 post
2160 3611 2443 3665 adventum
2475 3627 2628 3665 suum
2652 3614 2703 3665 in
2736 3610 2955 3665 Galliam
2990 3611 3223 3665 Turonis
3270 3611 3595 3680 perrexisse,

2013 3704 2104 3758 sed
2128 3704 2385 3771 temporis
2403 3705 2632 3772 spatium
2654 3703 2868 3773 aliquod
2896 3704 3030 3773 apud
3052 3701 3376 3774 Sigibertum
3394 3719 3599 3771 regem,

2013 3794 2208 3862 Metus,
2231 3807 2322 3851 aut
2345 3795 2566 3849 Rhemis
2597 3796 2812 3867 (quibus
2839 3798 2891 3853 in
2926 3796 3142 3850 urbibus
3165 3796 3421 3850 sedebant
3445 3809 3601 3865 reges

2016 3888 2338 3956 Austrasim)
2362 3888 2693 3949 substitisse,
2723 3888 2921 3954 quippe
2965 3886 3048 3939 cui
3076 3886 3480 3954 epithalamium
3511 3901 3603 3941 ce-

2017 3979 2166 4044 cinit,
2190 3988 2244 4034 et
2270 3996 2296 4033 a
2324 3995 2431 4048 quo
2454 3980 2687 4044 itineris,
2713 3980 2854 4047 quod
2887 3994 2978 4045 per
3010 3977 3239 4032 Galliam
3275 3989 3389 4033 erat
3418 3992 3602 4035 susce-
3641 4006 3643 4008 ·

2017 4080 2226 4142 pturus,
2262 4072 2511 4125 comitem
2555 4069 2636 4141 (nt
2664 4069 2800 4124 infra
2830 4069 3044 4126 dicetur
3072 4069 3113 4141 ),
3144 4069 3421 4125 etdncem
3449 4083 3603 4125 acce-

2021 4163 2133 4234 pit;
2174 4172 2284 4217 tum
2308 4177 2372 4218 ex
2407 4164 2499 4217 illo
2530 4161 2678 4217 Pauli
2705 4163 3013 4220 testimonio
3040 4179 3147 4220 non
3170 4162 3381 4218 videtur
3409 4161 3601 4218 saltem

2020 4257 2319 4325 luculenter
2346 4254 2560 4312 ostendi
2592 4273 2749 4328 posse
2807 4256 3155 4312 Fortunatam
3212 4259 3393 4311 statim
3443 4266 3604 4325 atque

2020 4347 2251 4402 Turonis
2278 4348 2540 4403 abscessit
2591 4349 2863 4404 Pictavum
2908 4352 3140 4416 venisse,
3184 4362 3304 4403 cum
3338 4348 3393 4404 id
3427 4348 3605 4409 solum

2021 4442 2218 4496 Paulus
2240 4450 2538 4510 assereret,
2567 4442 2839 4508 eutndem,
2872 4451 3219 4511 posteaquam
3244 4440 3475 4495 Turonis
3512 4454 3604 4493 vo-

329 4535 492 4595 tuodo
518 4551 583 4591 ex
612 4534 912 4606 patrocinio
958 4531 1022 4586 D.
1070 4531 1279 4586 Martini
1311 4530 1597 4595 liberatos;
1623 4527 1715 4581 sed
1748 4527 1920 4594 potius
1952 4552 2000 4612 ι)
2028 4545 2135 4588 tum
2166 4550 2319 4588 suum
2345 4535 2458 4604 jam
2484 4532 2805 4597 absolverat,
2842 4534 3134 4598 Pictavum,
3169 4532 3378 4588 itineris
3417 4546 3600 4595 causa,

326 4632 397 4705 de
449 4630 747 4686 Fortunato
789 4636 845 4681 et
873 4625 988 4695 ejus
1011 4632 1135 4679 voto
1180 4628 1233 4678 in
1261 4622 1489 4679 Galliam
1541 4619 1911 4690 proﬁciscendi

332 4725 405 4779 ita
431 4723 687 4793 loquitur,
718 4728 778 4774 ut
807 4718 1038 4774 Felicem
1095 4716 1253 4785 plane
1300 4715 1584 4784 sejungere
1637 4712 1913 4778 videatur;

334 4831 442 4871 non
474 4813 640 4884 Greg.
689 4810 1042 4869 Turonensis.
1098 4810 1219 4864 licet
1271 4807 1515 4862 eamdem
1576 4821 1689 4860 rem
1737 4813 1919 4859 narret

330 4922 491 4977 quam
526 4905 721 4961 Paulus
752 4904 922 4968 Diac.,
952 4902 1043 4955 lib.
1078 4918 1091 4954 I
1118 4900 1187 4957 de
1217 4899 1401 4955 Mirac.
1424 4897 1603 4977 sancti
1653 4897 1833 4962 Marb,
1863 4912 1914 4951 c.

333 4998 436 5064 15;
468 5006 744 5069 postremo
774 5010 879 5050 non
905 4993 1227 5048 Fortunatus
1278 4993 1391 5061 ipse
1418 4992 1470 5047 id
1520 4992 1727 5060 uspiam
1783 4990 1919 5046 iudi-

332 5103 441 5158 cat,
475 5093 601 5149 licet
628 5089 828 5157 saepius
854 5090 1002 5144 locus
1030 5088 1081 5141 in
1110 5086 1354 5156 ejusdem
1405 5087 1621 5152 scriptis
1667 5100 1731 5139 ac
1781 5096 1920 5138 tem-

337 5200 437 5254 pus
461 5183 511 5236 id
540 5181 877 5254 significandi
912 5180 979 5251 (si
1009 5180 1221 5248 quidem
1248 5190 1426 5231 actum
1458 5180 1750 5245 contigerat
1778 5178 1797 5245 )
1844 5179 1925 5230 iu-

258 5264 261 5267 Δ
334 5277 576 5332 cidisset.
609 5276 880 5343 Quinimo,
906 5275 958 5329 iu
990 5271 1216 5341 epistola
1259 5272 1323 5325 ad
1354 5270 1515 5337 Greg.
1542 5271 1698 5334 Tutu,
1741 5270 1835 5323 lib.
1883 5286 1919 5334 ι,

335 5387 392 5431 c.
424 5372 473 5435 l,
506 5370 709 5423 nullum
739 5383 798 5421 se
822 5368 1073 5420 habuisse
1104 5364 1313 5417 itineris
1343 5361 1448 5430 sui,
1482 5362 1623 5430 quod
1673 5378 1741 5415 ex
1777 5361 1921 5414 Italia

337 5462 393 5519 in
417 5463 642 5518 Galliam
697 5460 1067 5521 cuntendet'ut,
1120 5459 1347 5517 socium,
1391 5459 1522 5509 Satis
1569 5454 1811 5509 det-Iurat
1861 5454 1925 5517 iis

340 5557 519 5613 verbis
550 5555 729 5621 :Quid
756 5554 888 5607 inter
921 5555 1030 5607 licet:
1059 5561 1289 5617 extensa,
1333 5550 1519 5603 viatica
1566 5547 1794 5601 consulte
1823 5548 1925 5600 dici

341 5650 583 5719 potuerit,
610 5662 789 5701 censor
830 5647 939 5714 ipse
983 5658 1245 5712 mensura,
1305 5642 1388 5696 ubi
1435 5660 1539 5696 non
1594 5642 1802 5712 urgebat
1852 5641 1927 5694 re!

341 5756 500 5800 metu;
525 5758 589 5798 ea:
597 5741 845 5811 judice...
882 5734 1247 5790 uect'rtttilabet
1276 5736 1421 5804 favor
1445 5749 1509 5788 ea:
1546 5736 1749 5800 comite,
1783 5743 1887 5787 etc.

406 5837 496 5893 32.
534 5831 692 5904 Quod
732 5844 862 5886 vero
918 5831 1056 5885 idem
1100 5827 1267 5897 addit,
1323 5828 1543 5887 minime
1599 5827 1923 5885 credendum

2020 4628 2335 4689 accessisse,
2363 4637 2525 4694 atque
2572 4626 2681 4679 illic
2734 4627 3028 4693 habitasse,
3061 4624 3189 4694 quin
3235 4633 3449 4678 certum
3491 4633 3603 4689 stae

2019 4730 2128 4774 tuat
2156 4727 2364 4789 tempus
2390 4719 2530 4785 quod
2554 4727 2840 4787 utrumque
2878 4717 3199 4772 interfuerit.
3230 4714 3345 4768 iam
3394 4728 3523 4767 vero
3552 4726 3602 4767 et

2020 4811 2148 4867 itlud
2173 4812 2437 4865 incertum
2462 4819 2563 4873 est,
2597 4821 2855 4881 quantum
2911 4810 3170 4880 temporis
3198 4809 3425 4863 Turonis
3480 4823 3600 4877 per-

2022 4904 2303 4969 manserit,
2355 4920 2474 4959 cuni
2525 4918 2651 4973 erga
2682 4903 2850 4957 sancti
2885 4904 3091 4957 Martini
3133 4902 3343 4957 cineres
3392 4903 3606 4973 pietatis

2022 5013 2086 5052 ac
2140 4997 2411 5066 religionis
2442 5011 2629 5060 causa,
2681 5008 2792 5049 tum
2848 4995 2933 5050 Vel
2981 4994 3320 5064 Euphronii,
3370 4994 3607 5064 episcopi

2024 5091 2223 5145 Turon.
2258 5091 2365 5163 (cui
2389 5092 2504 5162 ipse
2526 5091 2993 5158 conjunctissi‘mus
3024 5088 3170 5160 fuit),
3203 5088 3392 5144 ofﬁciis
3422 5098 3476 5143 et
3506 5088 3608 5142 bu-

2027 5183 2291 5237 mauitate
2336 5184 2607 5236 detentus.
2643 5184 2956 5250 Quanquam
2999 5183 3124 5251 quid
3156 5181 3241 5236 vel
3271 5180 3405 5236 illud.
3431 5181 3611 5249 probi-

2026 5277 2115 5332 bet
2144 5274 2425 5343 scripsisse
2455 5273 2802 5327 Fortunatam
2830 5288 2888 5328 se
2912 5285 3036 5327 tunc
3065 5290 3249 5326 navum
3278 5273 3458 5335 fuisse,
3490 5287 3611 5326 cum

2028 5368 2149 5421 illac
2168 5367 2516 5422 Gelesuintha
2545 5368 2871 5436 pertransiit.
2888 5383 2954 5424 eo
2975 5376 3215 5435 spectato
3242 5377 3484 5433 tempore
3507 5382 3613 5434 quo

2028 5459 2081 5513 lu
2095 5460 2263 5514 ncbre
2294 5474 2511 5514 carmen
2535 5459 2806 5513 scribebat
2835 5459 2887 5512 in
2917 5458 3035 5527 ejus
3063 5468 3313 5525 mortem,
3336 5474 3453 5529 quze
3486 5472 3617 5511 sane

2027 5555 2304 5619 aliquanto
2330 5563 2453 5621 post
2479 5553 2675 5607 accidit
2702 5552 2724 5606 ?
2755 5552 2904 5619 Quod
2939 5569 3067 5605 vero
3097 5568 3351 5622 magnum
3388 5550 3471 5605 bis
3503 5567 3619 5603 mo-

2030 5656 2270 5700 mentum
2302 5644 2466 5705 addit,
2502 5645 2627 5700 illud
2660 5656 2760 5708 est,
2812 5626 3110 5712 qundante
3140 5660 3336 5697 annum
3370 5643 3472 5697 507
3522 5658 3618 5693 uo.-

2032 5736 2270 5792 cessaiio
2297 5738 2347 5790 in
2373 5736 2541 5789 Gallia
2576 5737 2897 5791 Fortunatus
2924 5738 3040 5804 fuit,
3066 5737 3156 5807 qui
3202 5745 3255 5797 ct
3286 5738 3497 5802 nuptias
3528 5733 3616 5789 Si-

2032 5828 2224 5899 giberti
2246 5843 2367 5884 cum
2394 5827 2757 5897 Brunicliilde,
2784 5845 2869 5887 an.
2904 5828 3029 5896 566,
3055 5840 3109 5882 ut
3140 5829 3341 5899 stt-pius
3356 5824 3610 5887 diximus.
