4124 6356
510 287 580 343 δι
1059 292 1578 352 PROLEGOMENA
1621 297 1710 354 AD
1757 299 2078 356 VENANTII
2122 301 2281 360 "ON.
2327 305 2529 364 CLEM.
2575 309 2970 368 FORTUNATI
3012 313 3268 370 OPERA.

3735 304 3814 367 δι

523 403 706 470 initas,
749 405 988 464 carmine
1014 409 1336 475 celebrarit,
1369 421 1423 468 et
1481 427 1601 466 cum
1651 411 1857 468 Nieetio
1910 413 2105 469 Trevi-
2141 420 2185 478 Α
2217 419 2362 485 puta,
2425 420 2645 476 brumali
2699 424 2792 478 sub
2844 427 3061 495 frigore,
3121 426 3278 479 Musa
3327 424 3582 494 hortante,
3636 431 3809 484 nescio

522 499 669 554 rensi
700 500 955 570 episeopo
998 502 1316 572 conjunrtns
1364 506 1595 560 aiiiii-itia
1641 507 1819 571 fuerit,
1854 508 1918 560 ad
1947 525 2108 578 quem

515 590 694 648 adhuc
725 596 1070 661 superstitem
1092 597 1309 666 scripsit
1336 615 1554 654 carmen
1591 602 1643 654 ll
1695 601 1791 656 lib.
1853 617 1934 656 ut.
1987 602 2106 658 Jam

518 699 647 740 vero
674 684 911 742 Nicetius
939 702 1029 742 an.
1061 687 1278 746 circiter
1300 688 1406 744 566
1435 693 1646 748 lzilientc
1672 695 1826 760 obiit,
1859 707 1915 749 ut
1933 696 2109 766 coiijio

513 778 587 834 cit
603 777 849 834 Cointius
879 779 945 835 ad
977 779 1119 837 hunc
1148 798 1370 852 annum,
1401 800 1455 838 ri.
1487 786 1578 840 (:0.

594 870 683 924 35.
713 870 785 924 Ex
817 872 899 925 his
932 872 1093 941 igitur
1116 876 1364 930 omnibus
1393 876 1734 932 statuendum
1767 878 2106 935 videturiter

525 963 806 1019 Fortunati
857 963 910 1021 in
942 965 1170 1021 Galliam
1227 969 1278 1023 iii
1319 985 1515 1025 annum
1564 969 1670 1027 565
1715 972 2106 1043 conjiciendum

521 1071 676 1122 esse;
703 1067 851 1114 certe
875 1073 976 1113 nec
997 1068 1121 1114 ante
1147 1075 1343 1115 annum
1390 1063 1518 1128 56-5,
1553 1079 1652 1118 nec
1685 1072 1806 1131 post
1832 1063 1959 1128 666,
1987 1080 2110 1121 esse

521 1147 854 1214 ponendum.
887 1150 1056 1218 Quam
1085 1161 1260 1207 autem
1287 1153 1400 1221 ipse
1425 1155 1587 1218 viam,
1621 1155 1672 1210 iii
1706 1155 1906 1212 Gallias
1935 1158 2111 1226 proﬁ-

516 1246 748 1306 ciscens,
777 1246 1026 1310 tenuerit,
1061 1261 1178 1316 quae
1202 1247 1316 1301 loca
1340 1249 1553 1315 adierit,
1585 1251 1718 1304 satis
1762 1251 1902 1305 idem
1951 1265 2112 1304 enar-

524 1344 628 1400 rat,
654 1334 896 1391 scribens
935 1337 999 1390 ad
1033 1336 1195 1409 Greg.
1226 1340 1379 1407 Tur.,
1414 1343 1508 1396 lib.
1540 1357 1580 1412 ι,
1633 1359 1750 1413 cap.
1783 1344 1830 1410 l,
1877 1344 1960 1399 his
1990 1360 2111 1398 ver-

526 1425 648 1481 bis:
683 1423 976 1484 Pra'sertiin
1000 1432 1143 1502 quod
1179 1450 1272 1503 ego
1299 1431 1564 1506 imperitus
1603 1438 1669 1490 de
1705 1436 1950 1492 Ravenna
1989 1454 2111 1509 pro-

517 1519 778 1590 grediens.
832 1520 1063 1589 Padum,
1113 1525 1359 1590 Athesim,
1402 1525 1703 1594 Brintltam,
1747 1526 1982 1594 Plavem,
2022 1529 2111 1582 Li-

521 1614 805 1682 quentfam,
835 1611 1300 1685 Tiliamentuinque
1326 1627 1555 1683 tranans,
1584 1637 1672 1688 per
1699 1621 1882 1686 Alpem
1909 1621 2110 1675 Iuliam

520 1703 776 1768 pendulus
790 1706 1046 1761 montanis
1065 1707 1402 1777 anfractibus,
1427 1708 1654 1763 Druvnm
1671 1709 1883 1774 Norico,
1901 1713 2108 1766 (Eoum

2213 511 2385 581 gelida
2431 517 2592 585 magis
2626 533 2692 570 an
2736 518 2894 584 ebria,
2944 535 3101 572 novus
3149 519 3384 590 Orpbeus
3415 519 3630 591 Lyrirus
3665 521 3810 578 silete

2213 619 2361 659 t'oces
2405 607 2614 674 dabam,
2673 611 2801 664 silva
2857 612 3117 665 reddebat.
3171 611 3213 666 Α
3276 613 3518 669 barbaris
3563 616 3725 669 etiam
3754 627 3810 671 et

2213 697 2515 764 agrestibus
2543 699 2873 764 hominibus,
2909 717 3005 769 per
3033 718 3165 770 quos
3195 703 3296 756 iter
3325 701 3574 770 faciebat,
3608 705 3806 759 invita-

2218 795 2329 854 tus,
2359 796 2413 843 et
2439 789 2672 860 hospitio
2701 802 2984 862 exceptus,
3033 809 3221 848 eorum
3266 810 3414 862 stupe
3461 796 3513 850 iii
3545 797 3809 853 conviviis

2211 881 2448 934 carmina
2480 883 2754 953 fundebat,
2789 885 2898 949 ubi,
2926 887 3022 950 ait,
3053 888 3168 941 sola
3208 892 3346 956 saepe
3373 886 3665 943 benibicans
3689 889 3808 942 bar-

2213 969 2363 1025 baros
2392 972 2572 1028 lendas
2602 974 2766 1043 liarpa
2787 976 3055 1030 relidebut.
3082 981 3121 1031 Α
3152 993 3258 1046 que
3286 977 3332 1033 is
3354 977 3489 1032 hanc
3513 978 3565 1033 in
3587 993 3806 1034 cauum

2215 1062 2382 1118 refert
2409 1079 2506 1119 cur
2555 1066 2800 1133 quadam
2850 1083 2945 1120 sua
3005 1079 3251 1136 poemata
3308 1073 3485 1124 minus
3533 1071 3809 1141 eleganter

2212 1153 2412 1220 scripta
2444 1165 2649 1223 essent,
2694 1171 2759 1212 ac
2797 1157 2976 1213 minus
3035 1158 3216 1212 limata
3243 1168 3300 1214 et
3331 1159 3608 1228 perpolita.
3665 1161 3807 1227 Quid

2213 1246 2372 1311 enim,
2409 1247 2602 1316 inqttit,
2633 1249 2724 1302 lilii
2771 1248 2967 1316 aﬂ'ubre
3019 1251 3212 1304 dictant
3269 1253 3358 1313 sit,
3392 1253 3477 1306 ubi
3506 1253 3619 1320 quis
3647 1269 3806 1307 sanus

2213 1352 2315 1390 non
2341 1339 2592 1404 creditur,
2625 1340 2726 1394 nisi
2754 1357 2926 1394 secum
2955 1342 3149 1408 pariter
3195 1344 3474 1410 insanitur,
3498 1361 3598 1416 qua
3625 1357 3807 1416 gratu-

2213 1427 2312 1480 lari
2340 1431 2503 1497 magis
2530 1441 2604 1486 est
2626 1432 2672 1484 si
2701 1434 2864 1487 uiuere
2881 1433 2999 1488 licet
3029 1444 3144 1505 post
3173 1434 3380 1490 bibere?

2285 1521 2378 1576 58.
2418 1521 2596 1592 Atque
2625 1523 2679 1578 in
2713 1524 2813 1578 hoc
2837 1525 2952 1596 ipso
2997 1542 3092 1596 per
3119 1527 3468 1583 Germaniam
3497 1539 3551 1584 et
3573 1528 3804 1584 Galliam

2215 1613 2411 1668 itinere
2455 1629 2578 1670 cum
2612 1618 2968 1674 nobilissimis
3007 1634 3072 1675 ac
3102 1620 3302 1678 virtute
3352 1633 3408 1679 et
3437 1622 3641 1679 honore
3670 1639 3806 1694 prae.

2213 1712 2481 1765 stantibus
2512 1713 2640 1766 viris
2669 1713 2964 1769 amicitiam
3022 1716 3182 1782 inire,
3214 1731 3280 1772 ac
3307 1732 3494 1772 eorum
3542 1718 3644 1774 sibi
3686 1735 3807 1788 gra-

516 1792 756 1864 Brconis,
791 1796 1000 1852 Lircam
1027 1798 1261 1871 Bojaria,
1293 1801 1589 1857 Danubium
1619 1802 1947 1870 Alemannia,
1973 1805 2110 1860 Rhe-
2142 1782 2188 1842 Β
2217 1801 2343 1854 tiam
2371 1805 2686 1871 promereri,
2721 1805 2875 1862 facile
2916 1810 3107 1876 potuit,
3140 1823 3263 1864 cum
3293 1809 3362 1864 ob
3388 1811 3511 1864 vitae
3540 1782 3804 1867 innec-en-

519 1901 644 1940 num
671 1885 950 1943 Germania
970 1892 1244 1958 transiens,
1291 1909 1354 1948 ac
1402 1905 1514 1959 post
1555 1893 1848 1960 Murenam,
1885 1895 2109 1965 Mosam,

517 1977 776 2053 Axonam,
820 1992 867 2035 et
895 1981 1211 2052 Sequanam,
1245 1983 1468 2054 Ligerim
1496 1994 1545 2039 et
1587 1984 1926 2055 Garomnam,
1954 1991 2113 2059 Aqui-

516 2072 673 2127 tonio!
717 2075 943 2129 ntaziiiia
983 2078 1210 2148 ﬂuenta,
1278 2078 1543 2150 Pyrena'is
1600 2097 1906 2149 occurrens,
1962 2083 2111 2140 Julia

516 2181 688 2221 mense
726 2169 935 2233 niuosis,
986 2186 1114 2237 pene
1159 2183 1250 2226 aut
1291 2175 1594 2240 equitando,
1630 2186 1720 2229 aut
1759 2177 2109 2238 dorniitando.

515 2258 933 2331 conscripseriin.
962 2262 1183 2317 Brevius
1212 2264 1390 2318 adhuc
1445 2264 1641 2319 Paulus
1689 2265 1836 2322 Diae.
1884 2269 1982 2321 hoc
2009 2269 2112 2323 iter

521 2347 801 2406 Fortunati
831 2352 1226 2422 complectitur,
1261 2355 1508 2424 inquiens
1559 2375 1572 2410 :
1621 2358 1724 2423 Qui
1767 2358 1866 2412 sibi
1892 2357 2111 2427 (Fortu-

519 2445 722 2512 natus),
748 2454 802 2497 ut
855 2447 906 2499 in
934 2445 1042 2500 suis
1073 2447 1180 2517 ipse
1209 2447 1520 2502 carminibus
1549 2453 1724 2518 refert,
1772 2451 1811 2502 il
1821 2455 1895 2502 'uc
1924 2466 2109 2520 ρτορεε

519 2536 662 2588 ranti
682 2553 772 2606 per
797 2536 1056 2607 ﬂuentilia
1091 2540 1246 2592 menti
1277 2537 1530 2615 [Fo_rsan,
1560 2541 1754 2610 ﬂuenta
1797 2539 2110 2615 Tiliamestti]

512 2636 563 2680 rt
596 2627 849 2694 flounam,
901 2645 1092 2700 perque
1141 2612 1397 2699 Osupum',
1449 2641 1498 2684 et
1548 2632 1846 2702 perAlpem
1889 2612 2107 2698 Iuliam,

517 2733 722 2785 perque
752 2719 1012 2790 Aguntum
1064 2717 1327 2785 Castrum,
1382 2718 1736 2791 Dravumqne,
1785 2730 1833 2774 et
1883 2720 2108 2792 Byrrum

515 2808 726 2879 ﬂuuios,
753 2817 801 2862 et
823 2807 1058 2874 Briones,
1079 2821 1126 2864 et
1150 2816 1431 2880 Augustam
1455 2811 1731 2875 civitatem,
1764 2829 1918 2880 quam
1948 2812 2107 2869 Vir-do

519 2910 567 2953 et
599 2898 732 2954 Lech
761 2899 834 2971 (id
867 2910 970 2969 est,
1007 2900 1179 2956 Vnde
1197 2917 1242 2956 et
1268 2899 1496 2974 Lydius)
1519 2905 1788 2972 ﬂuentum,
1823 2905 1918 2958 iter
1950 2904 2110 2974 fuisse

510 2994 773 3048 describit.

590 3085 680 3139 56.
726 3085 808 3140 Ex
857 3085 942 3140 his
985 3087 1149 3158 igitur
1189 3087 1528 3157 perspicuum
1579 3095 1662 3142 est
1692 3088 1963 3154 eumdem,
1997 3086 2104 3142 Ra-

519 3192 692 3233 venna
710 3178 1036 3250 digressum,
1057 3181 1353 3248 Patavium,
1368 3183 1683 3236 continuato
1706 3183 1918 3246 itinere,
1939 3194 2102 3252 atque

520 3269 651 3325 inde
671 3269 998 3337 Tarvisium,
1025 3273 1234 3326 venisse
1258 3272 1426 3342 (cum,
1460 3283 1519 3325 ut
1560 3271 1850 3328 verisimile
1871 3283 1976 3340 est,
2002 3273 2109 3327 Du-

513 3363 753 3433 plavilim
805 3365 1116 3421 divertisset
1159 3364 1225 3419 ad
1276 3382 1404 3421 suos
1461 3365 1823 3438 inrisendos),
1867 3378 1977 3421 tum
2012 3383 2109 3437 per

517 3455 686 3524 Alpes
707 3454 950 3521 Noricas,
986 3459 1326 3516 Germaniam
1361 3463 1679 3530 ingressum,
1730 3462 1854 3518 hinc
1903 3465 1954 3518 in
1985 3463 2108 3518 Gal-

517 3545 622 3600 lias
667 3549 834 3616 (quod
889 3559 1019 3606 tunc
1065 3559 1183 3606 erat
1212 3553 1395 3608 tritum
1417 3564 1469 3610 et
1500 3556 1750 3609 usitatum
1785 3555 1838 3609 iti
1883 3571 2106 3626 regnum

517 3638 646 3694 illud
681 3643 806 3710 iter)
847 3643 1145 3715 trajecissc.
1193 3645 1456 3713 Quocirca
1503 3645 1669 3713 idem,
1721 3647 1814 3702 lib.
1869 3663 1920 3700 iv
1971 3646 2108 3702 Vita:

509 3733 690 3790 sancti
743 3735 977 3804 Martini,
1029 3739 1211 3795 libello
1255 3755 1356 3797 sui
1391 3740 1636 3796 eamdem
1686 3740 1844 3807 tiam,
1894 3755 1926 3794 e
1979 3739 2108 3797 Gal-

512 3829 584 3883 lia
618 3829 669 3884 in
705 3830 908 3890 Italiam
960 3833 1344 3904 proﬁciscenti,
1392 3844 1786 3892 commonstrat
1846 3835 1932 3890 his
1986 3851 2106 3890 ver-

512 3920 660 3976 sibus
702 3939 718 3976 :

577 4011 637 4082 _Si_
655 4011 742 4082 tibi
762 4013 1040 4082 barbaricos
1063 4017 1348 4068 conceditur
1372 4021 1446 4071 ire
1470 4033 1560 4082 per
1583 4032 1770 4075 amnes.

582 4072 644 4146 LII
661 4073 851 4146 placide
870 4076 1102 4146 ABlienum
1121 4083 1456 4146 transmittere
1472 4072 1633 4146 pessis
1648 4088 1701 4130 et
1715 4072 1950 4138 Histrum.

580 4135 758 4206 [ci-gis
774 4139 834 4206 ad
855 4142 1144 4206 Augustam,
1167 4155 1310 4204 quam
1337 4135 1508 4194 Vindii.
1534 4142 1789 4205 Lycusqtte
1811 4135 2074 4206 tlueiitsnt,

580 4199 632 4267 ξε
659 4208 794 4267 vacat
815 4202 888 4250 ire
913 4205 1060 4267 viam,
1085 4199 1251 4267 neque
1270 4214 1322 4256 te
1345 4199 1594 4266 Bajosrins
1611 4199 1788 4267 obstat,

578 4261 682 4332 Qua
708 4265 859 4332 vicina
881 4261 1058 4332 sedent
1081 4261 1325 4315 Brennum
1355 4261 1476 4325 loca.
1499 4281 1658 4332 perge
1677 4261 1988 4332 per'Alpetn,

578 4321 876 4393 ingrediens
898 4329 1069 4393 rairiido
1089 4341 1182 4393 qua
1210 4333 1408 4393 gurgite
1434 4321 1642 4381 volvitur
1661 4321 1852 4380 Oliuus.

582 4337 876 4433 Ingrediens
898 4337 1069 4386 rapido
1089 4341 1182 4389 qua
1210 4337 1408 4393 gurgite
1434 4337 1642 4381 volvitur
1661 4337 1714 4378 Ul

582 4382 615 4454 ξ.
677 4398 705 4454 e
732 4384 978 4436 Valentini
999 4388 1256 4454 Bene-ticti
1283 4393 1464 4454 templa
1489 4397 1714 4451 require,

575 4445 748 4510 δοτῆρι
769 4460 884 4498 rura
904 4457 1098 4510 petens,
1123 4452 1206 4500 tibi
1233 4445 1398 4502 Birrus
1419 4445 1626 4503 vertitur
1647 4445 1807 4503 uiiiiis.

577 4507 678 4577 [er
697 4507 914 4559 Dravutn
937 4513 1032 4577 iLur
1056 4507 1169 4574 iter,
1188 4529 1359 4577 quase
1381 4517 1583 4566 castella
1607 4519 1850 4577 supinant.

579 4569 672 4639 ilic
694 4580 919 4622 montana
942 4576 1123 4623 sederis
1145 4569 1193 4624 iu
1207 4569 1340 4625 'coile
1365 4579 1591 4639 superbit
1615 4569 1852 4636 Ait-imus.

577 4631 704 4702 Illuc
728 4641 845 4696 pete
869 4645 1012 4699 rapte
1035 4639 1152 4698 vias,
1182 4639 1264 4687 tibi
1288 4631 1857 4702 lulia'psiiditur'Atpcs,

581 4696 1045 4762 _Alt_ius_assnt:g'ens.
1069 4707 1124 4749 et
1139 4696 1282 4749 iiions
1305 4717 1350 4750 an
1389 4696 1550 4750 nubila
1581 4696 1763 4762 pergit.

578 4755 703 4826 I_nde
729 4758 856 4808 Foro
878 4755 994 4826 Julii
1018 4763 1083 4811 de
1109 4763 1308 4811 nomine
1334 4755 1671 4826 priiieipis'exi

581 4819 682 4887 fer
705 4833 877 4887 rupes,
895 4823 1082 4885 OsOpe,
1103 4830 1229 4887 tuas.
1257 4819 1354 4887 qua
1383 4819 1559 4873 labitur
1580 4827 1744 4883 undis,

577 4881 641 4946 Et
663 4896 816 4946 super
840 4886 985 4934 instat
1000 4881 1144 4946 aquis
1167 4881 1350 4936 Reuiiia
1370 4888 1671 4936 'l'iliamenti.

583 4943 980 5014 iiiucﬂenetuui
999 4943 1476 5014 saltus,_canipcstria
1505 4962 1658 5014 perge
1679 4962 1772 5014 per
1803 4961 1911 4996 arva
1941 4951 2110 5014 (etc),

581 5009 680 5074 Aut
699 5007 1068 5074 Aquileiensem
1097 5013 1138 5060 si
1156 5007 1592 5074 forteaecesseris
1620 5011 1791 5059 urbem
1818 5018 1919 5071 (etc
1947 5007 1983 5074 ἱ,

584 5073 686 5134 Qua
713 5081 822 5134 mea
851 5069 1084 5119 'l‘arrisus
1107 5073 1313 5134 residet,
1335 5076 1376 5122 si
1401 5072 1614 5122 molliter
1639 5075 1808 5134 intum,

584 5129 694 5198 get;
706 5130 946 5198 Genetam
963 5134 1209 5198 gradiens,
1235 5143 1284 5182 et
1301 5129 1490 5183 'aiiiieos
1517 5129 1919 5196 Duplavenenses
1943 5135 2045 5198 (etc
2074 5139 2109 5197 ),

581 5193 633 5261 ξιί
657 5193 892 5261 ‘Pat‘avina
916 5196 1003 5242 tibi
1031 5201 1196 5261 pateat
1221 5198 1298 5246 rla
1332 5199 1502 5261 pergis
1525 5198 1581 5244 ad
1597 5193 1781 5246 urbem
1809 5193 1982 5261 (etc);

580 5253 602 5304 1
628 5254 703 5303 .de
727 5252 1063 5304 Ravennazum
1089 5257 1309 5319 placitam
1332 5252 1451 5320 pete
1469 5260 1660 5308 dulcius
1687 5252 1858 5309 urbem
1885 5252 2048 5320 (cie).

600 5335 694 5390 37.
748 5334 862 5390 lloc
901 5347 1078 5392 autem
1111 5339 1339 5406 itineris,
1363 5340 1503 5410 quod
1531 5357 1625 5412 per
1652 5342 1765 5396 sola
1800 5341 2113 5409 plerumque

527 5442 592 5483 ac
620 5427 832 5483 deserta
859 5428 977 5485 loca
1005 5430 1231 5486 faciebat
1264 5431 1614 5497 Fortunatus,
1633 5433 1959 5488 eariiiinilius
1984 5450 2109 5501 puu-

527 5519 739 5590 genilis,
771 5522 924 5592 quasi
955 5523 1187 5592 quodam
1211 5523 1483 5580 Musarum
1514 5527 1856 5580 condimento
1879 5541 1942 5582 ac
1974 5540 2110 5581 tem-

518 5615 820 5683 pcratione,
845 5616 1144 5674 solabzitur.
1175 5618 1229 5673 ld
1251 5618 1320 5675 de
1346 5633 1406 5674 se
1449 5621 1747 5687 protitenir,
1780 5619 2024 5674 scribens
2046 5619 2112 5674 ad

516 5703 681 5774 σῖτος.
711 5705 941 5775 Turon.,
977 5709 1072 5764 lib.
1104 5724 1143 5777 ι,
1194 5723 1316 5778 cap.
1379 5710 1431 5779 ι,
1480 5709 1726 5779 inquiens
1757 5729 1770 5765 :
1807 5708 1951 5765 Inter
1973 5709 2110 5764 Bar-

512 5795 688 5868 baros,
715 5798 866 5873 longe
892 5811 1078 5868 tractu,
1103 5801 1364 5874 gradiens,
1413 5810 1503 5856 aut
1547 5803 1628 5856 via
1655 5803 1838 5874 fessus,
1885 5813 1973 5856 ant
1999 5819 2111 5857 rra-

2217 1892 2366 1958 tiam,
2397 1908 2460 1947 ac
2489 1909 2696 1948 morum
2731 1897 3073 1966 suavitatem,
3107 1907 3216 1952 tum
3245 1898 3316 1953 ob
3356 1897 3570 1955 laudent
3601 1899 3804 1956 littera-

2217 1997 2332 2036 rum
2363 1993 2416 2037 et
2444 1985 2666 2053 ingenii,
2701 1986 2752 2040 in
2788 1986 2978 2056 primis
3027 2004 3154 2043 vero
3175 2004 3242 2044 ex
3269 1989 3503 2059 quadam
3533 1989 3802 2048 Musarum

2212 2075 2717 2142 commendatione,
2749 2092 2872 2148 qua:
2907 2079 2990 2134 vel
3029 2079 3342 2150 peregrinos
3383 2087 3438 2135 et
3466 2078 3678 2150 ignotos
3706 2080 3804 2134 ho-

2215 2167 2388 2220 mines
2412 2168 2616 2222 exteris
2642 2168 2951 2224 nationibus
2976 2171 3208 2239 probare
3255 2185 3471 2241 semper
3497 2175 3801 2228 consuevit.

2212 2256 2373 2314 Certe
2399 2260 2786 2330 quampliirimi
2807 2271 3124 2332 occurrunt,
3157 2261 3227 2317 de
3253 2263 3447 2332 quibus
3475 2262 3804 2319 Fortunatus

2211 2350 2324 2405 suis
2375 2351 2428 2406 in
2482 2354 2810 2409 carminibus
2839 2356 3173 2410 mentionem
3208 2354 3357 2422 facit,
3404 2354 3495 2426 qui
3547 2357 3801 2412 eumdem

2213 2457 2313 2510 per
2340 2441 2686 2498 Germaniam
2738 2445 2972 2515 hospitio
3021 2446 3330 2517 excepisse,
3360 2456 3411 2502 et
3439 2462 3534 2502 sua
3563 2448 3801 2503 amicitia

2209 2534 2430 2607 dignum
2479 2536 2772 2603 iudicasse,
2825 2548 2883 2593 et
2927 2537 3121 2592 ofﬁciis
3169 2538 3292 2592 aliis
3333 2540 3598 2608 prosecuti
3652 2554 3798 2605 esse,

2212 2628 2466 2682 videntur
2498 2646 2511 2680 ε
2545 2645 2680 2698 quos
2715 2631 2853 2684 inter
2884 2630 3122 2685 eminent
3146 2630 3326 2698 Lupus
3359 2642 3416 2685 et
3445 2631 3614 2700 Gogo,
3645 2630 3796 2701 prin-

2214 2717 2364 2786 cipes
2389 2720 2528 2788 apud
2556 2736 2737 2790 regem
2761 2721 3053 2775 Austrasizc
3082 2719 3343 2791 dignitate
3391 2721 3511 2786 viri,
3558 2719 3798 2788 Magiiul-

2214 2809 2373 2879 phus,
2413 2809 2546 2878 Lupi
2598 2811 2788 2876 frater,
2847 2811 3070 2866 Joviiius
3123 2826 3216 2881 pra
3237 2810 3427 2876 fectus,
3481 2811 3800 2881 Bodigisilos

2209 2900 2340 2966 dux,
2374 2911 2430 2955 et
2476 2901 2587 2965 alii,
2617 2918 2753 2972 quos
2793 2903 2848 2956 in
2899 2900 3184 2956 Germanis
3214 2916 3274 2957 se
3324 2901 3540 2966 vidisse,
3573 2914 3624 2956 et
3652 2902 3796 2972 apud

2207 3007 2304 3048 eos
2337 2991 2507 3048 fuisse
2531 2996 2886 3059 diversatum,
2922 3009 3302 3064 nonnunquam
3335 3003 3582 3049 testatur.
3613 2992 3799 3064 itaque

2207 3085 2274 3140 ad
2310 3084 2518 3156 Lupum
2541 3086 2803 3151 scribens,
2831 3087 2924 3140 lib.
2949 3103 3046 3152 vn,
3073 3101 3194 3156 cap.
3224 3085 3257 3139 8
3291 3103 3306 3140 :
3764 3083 3768 3088 ’

2335 3197 2451 3249 Cum
2474 3199 3008 3262 peregrinalait)meos
3029 3201 3189 3250 tenuit
3209 3198 3467 3249 Germania
3496 3199 3648 3259 visus,

2396 3262 2469 3312 'l‘u
2490 3271 2647 3323 pater,
2677 3272 2728 3311 et
2752 3266 2920 3325 patriai
2941 3262 3271 3325 consulitnrus
3293 3273 3423 3325 eras.

2335 3322 2573 3375 Consifrui
2597 3322 2794 3386 quotiﬁs
2809 3333 2971 3372 vestro
2985 3336 3215 3372 sermone
3245 3323 3378 3384 loqur
3393 3322 3482 3382 Ias,

2396 3387 2592 3436 Credidi
2620 3387 2669 3434 in
2691 3387 2947 3436 ambrosiis
2965 3399 3047 3436 me
3066 3387 3306 3435 recubare
3333 3390 3476 3435 rosis.

2211 3490 2358 3547 Idem
2386 3491 2631 3547 scribens
2659 3490 2725 3545 ad
2751 3488 3021 3558 Jorinum,
3053 3505 3176 3561 cap.
3211 3490 3298 3556 12,
3328 3490 3498 3560 inquit
3529 3508 3546 3548 :

2332 3590 2438 3641 Non
2461 3591 2524 3639 ita
2549 3590 2694 3640 rebar
2716 3602 2885 3652 ovans,
2906 3595 3154 3653 postquam
3181 3589 3438 3640 Germania
3459 3600 3651 3642 nostros

2395 3653 2680 3704 Contulerat
2703 3655 2852 3712 risus,
2882 3661 2935 3701 ut
2954 3654 3171 3702 resiliret
3193 3666 3346 3702 amor.

2283 3736 2380 3794 39.
2417 3737 2816 3806 Sigismundum
2847 3751 3060 3808 quoque
3089 3748 3142 3791 et
3170 3736 3486 3806 Aregisilnm
3519 3737 3710 3791 fratres
3735 3738 3792 3792 in

2213 3843 2273 3883 se
2303 3829 2552 3883 liberales
2575 3842 2639 3882 ac
2681 3826 2954 3882 beneﬁcos
2995 3826 3061 3880 iis
3111 3826 3162 3880 iii
3197 3826 3330 3881 locis
3363 3826 3526 3880 fuisse
3552 3838 3800 3894 ti-statur,

2209 3936 2344 3990 quos
2373 3932 2656 3989 propterea
2691 3933 2795 3972 non
2826 3918 3031 3972 dubitat
3059 3917 3376 3988 parentibus
3406 3915 3519 3971 suis
3553 3933 3646 3987 pro
3665 3920 3790 3972 ctia-

2211 4016 2376 4068 ritate
2395 4027 2458 4066 ac
2486 4009 2839 4066 beneﬁcentia
2869 4023 3172 4080 exaequare.
3207 4008 3296 4064 Sic
3315 4009 3458 4063 enim
3488 4008 3555 4062 ad
3577 4008 3801 4065 eosdem

2209 4108 2420 4171 scribit,
2450 4104 2543 4160 lib.
2569 4119 2662 4170 vn,
2686 4119 2804 4174 cap.
2831 4103 2895 4157 21
2930 4119 2944 4157 :
3784 4103 3787 4107 '

2335 4217 2541 4269 Nomina
2567 4218 2830 4265 amicorum
2852 4216 2966 4265 milii
2985 4215 3143 4265 dulcis
3165 4215 3371 4278 epistola
3395 4229 3488 4278 pan
3506 4217 3579 4275 ltt,

2395 4279 2844 4338 Hinc,Sigimnnde
2859 4283 3038 4338 nitens,
3062 4279 3170 4326 hinc
3189 4279 3417 4340 Art-gisle
3443 4279 3646 4327 decem.

2337 4343 2450 4392 Post
2479 4341 2622 4390 Italas
2645 4349 2807 4390 terras
2823 4341 2977 4388 mittis
3001 4341 3138 4400 mihi,
3163 4340 3352 4398 liberie,
3383 4349 3644 4402 parentes;

2396 4406 2622 4454 Adventu
2649 4403 2870 4462 fratrum,
2888 4416 2983 4450 non
3007 4404 3302 4464 peregrinus
3320 4415 3426 4452 ero.

2133 4514 2185 4573 D
2283 4509 2372 4565 ιο.
2417 4508 2492 4562 Ex
2520 4507 2604 4561 his
2630 4516 2808 4560 autem
2835 4506 3074 4576 proclive
3118 4515 3202 4561 est
3247 4506 3515 4574 conjicere
3541 4505 3794 4563 eumdem

2213 4600 2426 4669 aliquod
2455 4598 2684 4668 spatium
2736 4598 2993 4667 temporis
3045 4601 3097 4652 in
3154 4597 3438 4652 Germania
3466 4611 3515 4652 et
3547 4600 3803 4665 proximis

2212 4693 2526 4764 regionibus
2555 4703 2952 4746 commoratum
3004 4692 3192 4758 fuisse,
3233 4694 3409 4761 quoiid
3454 4693 3660 4746 scilicet
3689 4695 3800 4746 cla-

2215 4786 2485 4851 rissiinos,
2510 4799 2644 4853 quos
2684 4799 2833 4850 sirpe
2861 4786 2972 4838 suis
3002 4785 3330 4839 carminibus
3370 4786 3626 4850 ccli-tiret,
3660 4788 3804 4840 viros

2213 4878 2446 4931 invise-re
2499 4889 2551 4932 et
2597 4878 2881 4932 commode
2917 4877 3089 4940 adire,
3121 4886 3174 4930 et
3205 4877 3574 4944 frequentibus
3605 4877 3802 4931 ofﬁciis

2212 4986 2400 5024 eorum
2433 4972 2482 5022 in
2511 4987 2571 5024 se
2597 4971 2884 5024 amicitiam
2932 4969 3244 5031 conciliare,
3303 4980 3504 5038 posset,
3555 4977 3634 5023 tot
3664 4986 3802 5037 pra:-

2212 5074 2358 5136 terea
2393 5067 2552 5118 urbes
2573 5074 2627 5116 et
2659 5065 2932 5134 regiones,
2967 5078 3194 5129 quarum
3223 5062 3450 5131 diligens
3475 5075 3529 5116 et
3551 5071 3805 5116 accurata

2217 5155 2270 5208 isi
2297 5154 2540 5223 ejusdem
2567 5155 2908 5225 poematibus
2926 5153 3220 5223 descriptio
3239 5154 3492 5218 occurrit,
3511 5167 3806 5224 cognosce-

2217 5257 2299 5301 ret
2327 5263 2388 5298 ac
2413 5254 2745 5316 peragraret.

2289 5338 2380 5392 41.
2417 5339 2582 5392 l’orro
2605 5337 2956 5391 Fortunatam
3003 5338 3056 5390 in
3085 5336 3287 5391 Gallias
3317 5337 3620 5392 venientem
3649 5349 3804 5391 exce-

2217 5432 2296 5501 pit
2327 5431 2370 5484 is
2391 5431 2545 5500 cujus
2581 5443 2726 5496 s:epe
2755 5428 3126 5494 meminimus,
3162 5429 3481 5499 Sigibertus,
3515 5429 3805 5483 Austrasiie

2217 5539 2337 5587 rex,
2389 5537 2453 5576 ac
2502 5519 2648 5576 omni
2679 5519 3000 5576 liberalitate
3027 5530 3080 5573 et
3111 5518 3293 5576 ofﬁcio
3333 5530 3418 5575 est
3462 5528 3804 5588 prosecutus,

2218 5632 2340 5670 cum
2396 5615 2754 5685 plurimorum
2785 5652 2802 5680 ,
2855 5624 2914 5668 ut
2957 5613 3220 5669 credibile
3274 5622 3380 5677 est,
3437 5614 3804 5685 praestantium

2218 5707 2481 5778 dignitate
2529 5707 2768 5762 virorum
2823 5705 2984 5778 (quos
3027 5706 3129 5761 sibi
3182 5720 3280 5776 per
3325 5706 3669 5762 Germaniam
3711 5705 3802 5758 deo

2219 5800 2492 5872 vinxerat)
2542 5800 2733 5857 litteris
2760 5815 2823 5855 ac
2855 5797 3177 5856 testimoniis
3210 5800 3670 5866 commendatum,
3697 5808 3800 5854 ltltl'
