4124 6390
272 365 347 422 33
1418 358 1591 417 ἺΙῘᾹ
1631 353 1957 415 VENANTII
2000 351 2413 410 FOIiTUNATl.
3488 355 3558 413 δι

268 499 331 537 ex
365 478 565 551 ingenii
594 477 963 549 doctrinaeque
987 474 1125 531 fama
1158 474 1293 531 satis
1319 474 1581 545 insignem
1608 469 1857 540 elcogni-
1892 469 1939 527 Α
1971 466 2252 535 prudentia
2284 480 2346 520 ac
2387 464 2651 519 sermOnis
2682 465 2967 534 sanitate,
2993 477 3355 536 praestantem.
3383 470 3552 538 Quam

271 583 398 628 tum.

337 662 427 716 ἃ.
477 663 560 718 Cl.
615 662 694 717 vir
748 661 904 717 JOan.
954 659 1218 728 Josephus
1268 658 1460 722 Lirnti,
1503 671 1750 726 quaerens
1796 668 1862 709 ac

272 770 453 808 secum
486 755 762 808 admirans
789 769 894 824 qua
947 751 1061 806 ﬁeri
1118 753 1323 806 ratione
1355 750 1582 820 potuerit
1618 758 1676 802 ut
1706 749 1752 803 is
1784 756 1863 801 tot

272 860 456 913 regum
484 860 550 901 ac
582 844 883 915 principum
908 845 1147 900 virorum
1193 843 1482 898 amicitiam
1517 841 1670 911 inire,
1703 851 1863 911 atque

271 950 460 991 eorum
510 936 724 991 animos
769 936 873 991 sibi
926 936 1200 990 devincire
1249 932 1518 1004 potuerit,
1570 934 1865 989 arbitratur

271 1042 389 1081 eam
421 1043 526 1098 qua
553 1037 668 1082 erat
700 1028 954 1098 praeditus
982 1028 1193 1097 generis
1223 1041 1285 1080 ac
1309 1025 1493 1096 stirpis
1524 1025 1860 1087 nobilitatem

270 1120 323 1173 in
345 1134 504 1174 causa
537 1118 699 1174 fuisse
722 1134 819 1174 cur
847 1118 912 1173 ad
939 1120 1241 1189 principum
1266 1130 1425 1185 atque
1457 1132 1641 1187 regum
1674 1116 1865 1170 amici-

272 1210 375 1264 tias
404 1209 580 1265 facilis
603 1209 781 1264 eidem
816 1208 994 1264 aditus
1025 1220 1209 1278 patere
1234 1207 1484 1277 potuerit.
1511 1209 1623 1274 Qua
1647 1208 1699 1259 in
1724 1221 1781 1260 re
1806 1213 1864 1259 ut

272 1302 358 1358 vel
407 1301 525 1371 ipse
574 1301 814 1371 aperiam
870 1300 1015 1372 quod
1072 1300 1269 1369 sentio,
1306 1300 1460 1368 plane
1486 1298 1705 1353 dillicile
1733 1296 1863 1353 mihi

272 1394 483 1451 videtur
514 1395 790 1449 hominem
837 1394 928 1464 qui
977 1394 1189 1460 humili,
1239 1407 1337 1449 nec
1380 1393 1510 1446 satis
1558 1390 1758 1445 celebri
1812 1392 1864 1444 in

273 1489 392 1544 loco
426 1487 716 1559 (Duplavili
747 1486 919 1556 dico),
948 1496 1231 1558 paternam
1279 1488 1465 1542 sedem
1519 1501 1581 1540 ac
1621 1485 1864 1551 domum,

276 1582 428 1653 quin,
462 1591 523 1637 ut
574 1583 690 1653 ipse
745 1582 813 1638 de
856 1597 919 1639 se
965 1582 1264 1651 profitetur,
1312 1582 1575 1652 majorum
1606 1581 1867 1651 originem

284 1675 529 1740 haberet,
589 1673 795 1728 nullum
850 1673 1119 1743 publicum
1160 1673 1418 1743 gessisset
1475 1674 1864 1743 magistratum,

275 1767 483 1823 nullum
516 1776 725 1823 certum
757 1766 981 1822 honoris
1009 1782 1075 1822 ac
1123 1768 1397 1835 dignitatis
1430 1767 1639 1835 insigne
1682 1764 1868 1820 fuisset

281 1856 513 1929 adeptus
542 1856 623 1931 (ut
651 1859 901 1929 superius
944 1834 1385 1927 declaravimus),
1439 1869 1543 1913 tam
1587 1860 1784 1913 claram
1814 1868 1868 1913 et
1896 1834 1949 1895 Β

275 1951 571 2023 gloriosam
604 1952 821 2022 generis
850 1950 1187 2008 nobilitatem
1213 1951 1448 2006 nancisci
1479 1952 1740 2018 potuisse,
1764 1967 1865 2020 qua

276 2058 385 2097 non
430 2042 607 2097 solum
636 2042 692 2097 in
722 2042 896 2111 Italia,
928 2043 1023 2096 sed
1053 2043 1216 2097 etiam
1247 2042 1300 2098 in
1351 2042 1637 2099 Germania
1688 2052 1871 2098 extre-

279 2150 479 2206 maque
524 2133 696 2192 Gallia
747 2135 1148 2202 inclaresceret,
1184 2137 1480 2205 praesertim
1512 2151 1634 2190 cum
1684 2137 1869 2190 turbu-

278 2227 446 2284 lentis
472 2226 611 2283 adeo
634 2227 990 2299 temporibus,
1021 2228 1217 2299 quibus
1244 2228 1351 2297 jam
1376 2227 1531 2282 bellis
1559 2242 1621 2282 ac
1646 2228 1867 2283 seditio-

277 2321 436 2377 nibus
464 2321 646 2374 omnia
679 2320 1066 2385 miscebantur,
1120 2320 1203 2374 vel
1254 2320 1584 2374 nobiliarum
1629 2321 1863 2375 virorum

275 2414 487 2483 generi,
516 2413 619 2468 nisi
647 2428 874 2484 quorum
901 2427 1066 2484 opera
1110 2413 1164 2469 in
1216 2413 1373 2469 bellis
1421 2412 1866 2471 adminiStrandis

284 2515 377 2559 aut
406 2506 641 2577 gerenda
670 2505 816 2560 domi
853 2519 970 2575 rep.
1000 2505 1365 2575 praestitisset,
1400 2504 1635 2561 tenebrze
1664 2505 1865 2560 oll‘undi

279 2595 442 2652 facile
470 2597 786 2667 potuissent.
817 2596 991 2651 Malim
1022 2598 1205 2667 itaque
1249 2611 1371 2652 cum
1426 2597 1716 2651 llinciuaro
1743 2613 1867 2653 sen-

283 2693 411 2759 tire,
445 2691 558 2761 qui,
584 2690 634 2744 in
661 2705 757 2761 pra
777 2689 814 2745 f.
842 2690 908 2743 ad
936 2689 1112 2744 Vitam
1140 2690 1310 2745 sancti
1344 2690 1568 2760 Remigii
1592 2691 1778 2746 scribit
1799 2692 1868 2746 de

280 2783 603 2850 Fortunato,
635 2783 776 2852 quod
808 2799 841 2838 tt
869 2783 1042 2837 ntuitis
1074 2782 1359 2852 potentibus
1388 2795 1434 2837 et
1481 2784 1866 2838 honorabilibus

262 2876 398 2933 viris
428 2878 483 2931 in
504 2878 583 2931 Itis
610 2874 829 2932 Gallicis
877 2886 926 2933 et
966 2875 1185 2949 Belgicis
1224 2876 1514 2948 regionibus
1544 2896 1633 2945 per
1660 2879 1864 2935 dit-crsu

278 2966 393 3022 loco
414 2978 533 3023 tunc
562 2968 700 3035 ritca,
721 2985 782 3023 ac
800 2968 1027 3023 scientia:
1052 2984 1160 3022 sua:
1179 2969 1360 3023 merito
1382 2969 1715 3023 invitabatur.

348 3064 439 3117 45.
481 3064 745 3130 Quoniam
806 3077 936 3117 vero
992 3077 1182 3131 magna
1232 3062 1579 3132 etpracipua
1612 3062 1865 3133 Sigiberti

289 3156 339 3211 in
367 3156 615 3212 eumdem
639 3156 985 3211 humanitatis
1011 3171 1074 3211 ac
1103 3156 1473 3211 beneficentia:
1500 3154 1671 3211 oflicia
1697 3157 1864 3211 exsti-

279 3257 417 3315 tere,
446 3247 514 3303 de
546 3248 775 3317 ipsoque
795 3256 851 3302 et
885 3244 1007 3313 fuit,
1043 3255 1096 3302 et
1126 3245 1226 3300 erit
1254 3246 1451 3316 saepius
1480 3262 1680 3314 sermo,
1724 3247 1863 3303 haud

279 3340 512 3395 alienum
543 3338 609 3394 sit
636 3339 705 3395 de
731 3338 921 3394 eodem
967 3338 1190 3408 ejusque
1229 3353 1415 3408 regno,
1450 3354 1550 3393 nec
1582 3355 1688 3393 non
1721 3339 1867 3409 regia

278 3432 449 3501 stirpe
486 3446 550 3485 ac
593 3431 934 3500 cognatione,
984 3430 1181 3500 aliquid
1244 3428 1345 3485 hoc
1397 3428 1519 3485 loco
1566 3433 1767 3488 dicere.
1818 3430 1868 3486 Is

278 3521 462 3593 itaque
487 3520 627 3577 illius
652 3520 752 3576 fuit
773 3520 991 3577 Clotarii
1018 3522 1059 3589 Ι,
1086 3521 1413 3577 Francorum
1436 3523 1598 3592 regis,
1626 3524 1865 3579 omnium

280 3630 379 3670 sua
430 3626 591 3671 aetate
643 3616 1027 3685 potentissimi,
1089 3614 1180 3686 qui
1238 3628 1356 3685 post
1402 3616 1655 3674 Clodovei
1701 3620 1869 3689 patris

282 3708 493 3761 obitum
534 3722 762 3778 regnare
815 3717 1074 3775 rmperat,
1130 3716 1354 3775 paterno
1409 3723 1575 3779 regno
1603 3725 1783 3781 aquas
1815 3713 1868 3767 in

283 3814 463 3871 partes
502 3800 672 3855 diviso
723 3815 845 3855 cum
895 3800 1066 3855 tribus
1108 3797 1359 3854 fratribus
1407 3798 1587 3873 (Greg.
1643 3801 1866 3871 Turon.,

283 3896 320 3950 l.
345 3911 403 3951 Ill
434 3894 574 3951 Hist.
609 3893 830 3961 Frena,
859 3912 908 3950 ε.
946 3896 997 3966 1)
1019 3912 1033 3961 ;
1058 3895 1250 3965 quibus
1282 3896 1384 3949 vita
1407 3895 1624 3962 functis,
1654 3898 1867 3952 univcr-

283 4005 403 4044 sum
431 3989 533 4045 sibi
563 3988 889 4045 Francorum
934 3990 1242 4058 imperium,
1300 3990 1493 4060 partim
1527 3988 1865 4056 haereditate,

287 4081 479 4153 partim
530 4086 695 4137 armis
744 4096 809 4137 ac
852 4081 1112 4152 potentia,
1166 4080 1549 4137 vindicaverat.
1592 4079 1710 4151 Ipse
1742 4096 1868 4137 vero

281 4174 554 4230 Clotarius
604 4175 842 4231 moriens
888 4182 1117 4246 quatuor
1163 4186 1279 4245 post
1328 4190 1390 4231 se
1438 4174 1577 4230 filios
1628 4174 1864 4242 reliquit,

282 4264 686 4334 Cbaribertum,
738 4265 1149 4333 Guntramnum,
1198 4266 1579 4334 Ghilpcricum,
1631 4266 1868 4336 Sigiber-

287 4369 425 4425 tnm,
455 4360 545 4431 qui
569 4375 790 4430 regnum
823 4360 963 4415 inter
995 4376 1074 4426 se,
1100 4361 1241 4431 jacta
1270 4372 1435 4429 sorte,
1458 4361 1777 4426 diviserunt,
1806 4374 1869 4416 ac

284 4452 555 4522 Sigiberto
587 4452 668 4522 (ut
698 4452 878 4507 verbis
908 4460 1026 4507 utar
1047 4450 1310 4521 Gregorii,
1339 4451 1375 4507 l.
1402 4467 1451 4507 tv
1474 4451 1611 4508 llist.
1646 4451 1867 4515 Franc.,

1967 571 2094 610 cum
2128 557 2495 624 impetrasset,
2526 557 2701 611 eidem
2732 558 2912 628 nupsit
2964 559 3107 628 regia
3158 575 3350 629 pompa
3383 573 3435 616 et
3463 577 3558 632 ap-

1975 661 2191 716 paratu,
2218 651 2491 716 totiusque
2520 649 2671 718 regni
2696 664 2819 704 cum
2844 666 3051 705 summa
3086 654 3266 707 laetitia
3293 668 3354 708 ac
3383 664 3565 724 gratu-

1968 738 2166 791 latione
2195 738 2373 810 (Greg.
2411 739 2562 807 Tur.,
2595 742 2634 797 ι.
2666 756 2738 808 Iv,
2765 757 2815 797 ε.
2844 742 2960 813 2'7).
2997 742 3157 799 Hisce
3203 746 3405 813 nuptiis
3447 746 3563 815 epi—
3640 754 3643 757 '

1970 828 2287 884 thalamiqu
2307 829 2503 885 cecinit
2529 830 2872 899 Fortunatus,
2903 834 2969 888 de
2997 850 3105 905 quo
3149 851 3333 902 supra,
3376 852 3427 890 n.
3464 835 3557 905 34,

1968 922 2134 976 loculi
2163 938 2383 991 sumus;
2419 923 2671 995 idemque
2701 925 2950 980 scribens
2993 929 3061 981 ad
3113 926 3414 999 Gogonem,
3442 945 3556 985 retu

1968 1028 2156 1069 recens
2185 1024 2390 1085 gestam
2417 1015 2655 1071 declarat
2685 1017 2766 1073 bis
2793 1019 2971 1074 verbis
2998 1037 3012 1073 :

2092 1103 2261 1179 Nuper
2278 1106 2337 1179 ab
2354 1106 2585 1179 Hispanis
2617 1122 2704 1179 per
2720 1108 2868 1157 multa
2894 1111 3107 1179 pericula
3133 1115 3301 1176 terris,

2156 1167 2373 1229 Egregia
2396 1167 2506 1230 regi
2542 1167 2714 1232 gaudia
2734 1167 2919 1222 summa
2945 1175 3103 1225 vobis.

2045 1246 2129 1303 £5.
2183 1250 2552 1319 Cbilperlcus,
2604 1252 2857 1323 Sigiberti
2914 1254 3117 1323 frater,
3166 1258 3289 1327 ejus
3337 1259 3552 1331 nuptias

1967 1341 2271 1409 mmulatus,
2328 1346 2471 1399 misit
2507 1354 2560 1401 et
2609 1346 2724 1415 ipse
2782 1349 2833 1403 in
2886 1349 3199 1419 Hispaniam
3254 1354 3342 1423 qui
3397 1354 3558 1410 Gele-

1968 1437 2264 1502 suintham,
2313 1438 2674 1495 Brunicbildis
2703 1457 2966 1511 sororem,
3016 1445 3119 1500 sibi
3170 1456 3432 1513 peterent,
3468 1449 3555 1503 cui

1971 1525 2218 1593 nuberet,
2249 1544 2407 1598 quam
2439 1544 2582 1584 anno
2607 1530 2719 1588 fere
2748 1544 2869 1602 post
2898 1550 3053 1604 quam
3087 1536 3386 1606 Sigibertus
3424 1539 3556 1593 Bru-

1971 1617 2259 1673 nicliildem
2311 1620 2411 1675 sibi
2463 1623 2807 1689 copulaverat
2855 1625 3007 1682 duxit
3058 1644 3305 1695 uxorem,
3355 1629 3557 1688 Frede-

1970 1710 2165 1781 gnnile,
2210 1712 2364 1782 cujus
2390 1714 2664 1771 amoribus
2695 1716 3000 1785 tenebatur,
3034 1720 3202 1776 inllmi
3244 1725 3458 1795 generis
3490 1742 3554 1781 ac

1972 1803 2158 1857 servili
2185 1819 2249 1858 ex
2288 1806 2593 1861 conditione
2623 1808 2847 1864 muliere
2892 1812 3109 1882 rejecta.
3143 1816 3211 1870 At
3256 1834 3359 1872 non
3391 1820 3560 1875 multo

1978 1906 2264 1965 [)OSI,Cllm
2293 1899 2659 1968 Gelesuintlta,
2711 1903 2996 1973 Cbilperici
3048 1908 3270 1975 perﬁdia
3324 1910 3552 1979 oﬂ‘ensa,

1974 1991 2199 2045 reditum
2231 1993 2283 2047 in
2328 1993 2634 2063 HiSpaniam
2686 2007 2915 2066 pararet,
2956 2000 3074 2069 ejus
3100 2001 3279 2071 jussu,
3327 2005 3451 2059 dum
3504 2008 3555 2062 in

1974 2081 2171 2139 lectulo
2196 2087 2438 2154 cubaret,
2484 2087 2763 2143 interfecta
2792 2099 2912 2157 est;
2964 2104 3124 2162 atque
3183 2110 3382 2164 paucos
3435 2111 3553 2166 post

1970 2176 2085 2231 dies
2103 2177 2433 2247 Chilpericus
2458 2179 2863 2249 Fredegundem
2900 2182 3123 2254 recepit,
3160 2187 3313 2256 cujus
3357 2190 3554 2245 deinde

1969 2265 2157 2324 fraude
2204 2280 2259 2324 et
2296 2270 2500 2327 insidiis
2539 2285 2663 2327 cum
2692 2273 3014 2343 Sigibertus,
3068 2287 3177 2332 tum
3222 2279 3555 2350 Cllilpericus

1970 2359 2120 2427 ipse,
2175 2360 2338 2416 occisi
2389 2373 2532 2416 sunt.
2597 2362 3037 2435 Gelesuintbam,
3091 2378 3550 2438 pertrattseuntem

1970 2450 2219 2517 Rctavis,
2251 2453 2383 2507 vilit
2416 2453 2759 2519 Fortunatus.
2803 2472 2927 2512 cum
2974 2459 3148 2516 adhuc
3198 2476 3259 2517 ea
3317 2463 3371 2518 in
3418 2466 3554 2521 urbe

1969 2560 2141 2599 novus
2181 2554 2346 2612 esset,
2395 2553 2451 2601 et
2502 2546 2619 2617 ejus
2671 2546 2832 2604 funus
2876 2552 3280 2609 acerbissimum
3338 2555 3549 2626 lugubri

1968 2640 2209 2694 carmine
2232 2641 2516 2709 expressit,
2546 2643 2687 2710 quod
2716 2644 2895 2712 legere
2916 2655 2997 2698 e-t
3031 2647 3067 2700 Ι.
3102 2660 3177 2710 vt,
3207 2662 3257 2701 c.
3292 2648 3349 2706 7.

1986 2769 2003 2785 .
2042 2729 2132 2784 46.
2180 2728 2478 2800 Sigibertus
2528 2733 2707 2801 itaque
2755 2734 2837 2803 (ut
2868 2736 2933 2788 ad
2976 2735 3030 2790 id
3061 2739 3203 2793 unde
3232 2738 3553 2798 deﬂexituus

1972 2824 2335 2895 revertamur)
2370 2824 2735 2881 nobilissimus
2766 2830 2829 2883 iis
2852 2832 3201 2900 temporibus,
3226 2848 3289 2887 ac
3314 2837 3552 2903 pruden-

1972 2916 2207 2970 tissimus
2238 2933 2325 2971 rex
2362 2919 2539 2987 (cujus
2564 2921 2792 2976 virtutes
2851 2922 3047 2991 passim
3105 2924 3381 2981 celebrant
3426 2926 3555 2981 For-

1971 3019 2186 3065 tunatus
2212 3020 2268 3065 ct
2290 3012 2455 3084 Greg.
2488 3012 2646 3082 Tur.,
2677 3013 2874 3085 aliique
2907 3014 3109 3086 plures)
3139 3021 3387 3074 eumdem
3415 3020 3552 3077 For-

1971 3109 2237 3170 tunatum,
2267 3102 2320 3158 in
2348 3105 2575 3159 Galliam
2636 3108 2961 3176 venientem,
3014 3109 3405 3178 perbonorilice
3456 3130 3556 3169 es-

1898 3197 1945 3263 C
1977 3197 2157 3266 cepit,
2218 3209 2379 3269 atque
2406 3198 2481 3255 illi
2527 3200 2834 3270 Sigoaldum
2890 3206 3141 3259 comitem
3197 3221 3293 3275 pro
3314 3208 3460 3262 socio
3491 3224 3556 3264 ac

1970 3291 2110 3346 duce
2156 3291 2404 3347 itinerum
2435 3310 2555 3363 quae
2585 3312 2678 3364 per
2706 3297 2932 3351 Galliam
2964 3299 3170 3369 agenda
3205 3301 3302 3367 ipsi
3341 3300 3558 3357 fuerant

1969 3384 2139 3450 dedit,
2168 3401 2275 3456 quo
2298 3387 2507 3442 scilicet
2535 3404 2751 3457 operam
2782 3406 2957 3459 suam,
3000 3402 3054 3447 et
3080 3394 3469 3458 assiduitatem.
3502 3407 3557 3452 et

1972 3478 2190 3533 tutelam
2242 3480 2439 3547 eidem,
2488 3482 2603 3537 sive
2641 3482 2888 3538 Tmolius
2936 3483 3174 3550 adeunti,
3225 3486 3342 3543 sive
3394 3490 3554 3544 urbes

1968 3568 2125 3637 alias,
2153 3584 2215 3624 ac
2245 3572 2490 3640 regiones
2519 3572 2701 3629 Gallia:
2734 3576 3055 3644 peragranti,
3106 3587 3402 3647 praestaret.
3437 3580 3547 3635 llnc

1970 3677 2035 3719 ex
2060 3663 2177 3733 ipso
2207 3667 2452 3721 novimus
2482 3665 2793 3732 Fortunato,
2823 3669 2937 3741 qui,
2972 3669 3008 3723 l.
3037 3685 3088 3737 ι,
3115 3684 3163 3725 c.
3207 3670 3297 3737 20,
3351 3673 3418 3728 ad
3464 3673 3549 3729 Si-

1971 3758 2219 3827 goaldum
2242 3757 2426 3813 scribit
2457 3759 2541 3813 bis
2561 3759 2742 3815 verbis
2776 3778 2788 3813 :

2096 3847 2473 3922 Figibusnlllalia
2495 3855 2831 3922 comprimunt
2854 3855 2914 3922 ad
2932 3868 3086 3917 regna
3114 3858 3355 3922 venirem,

2156 3913 2227 3979 'l‘e
2252 3914 2370 3962 mihi
2389 3916 2640 3979 constituit
2657 3929 2747 3965 rex
2774 3931 2791 3961 τ
2810 3913 3056 3977 igibertus
3076 3931 3241 3979 ojcm,

2094 3971 2267 4046 Tutior
2293 3985 2345 4023 ut
2362 3978 2799 4046 graderer,gt_ernm
2825 3971 3121 4046 coniitaudo;
3132 3971 3318 4046 uiator,

2154 4036 2317 4104 Atque
2343 4036 2729 4104 parareturliinc
2752 4053 2929 4104 equus,
2954 4043 3066 4092 inde
3082 4045 3240 4095 cibus.

2097 4096 2316 4161 Implesti
2340 4096 2549 4151 otiicium
2566 4096 2815 4165 (etc.)....§

2047 4186 2133 4240 Η.
2162 4185 2421 4241 Eutndem
2464 4202 2594 4242 vero
2642 4188 2873 4243 Turonis
2928 4190 3246 4262 confestim,
3288 4208 3409 4250 cum
3461 4210 3558 4266 per

1972 4290 2154 4346 regem
2184 4278 2504 4349 Sigibertum
2538 4280 2704 4347 licuit,
2735 4283 2800 4335 ad
2828 4284 2997 4340 sancti
3018 4285 3224 4341 Martini
3244 4290 3546 4357 sepulcrum

1971 4371 2337 4426 venerandum
2366 4374 2705 4441 perrexisse,
2736 4376 3064 4431 credendum
3124 4388 3243 4447 est,
3293 4389 3352 4435 ut
3398 4396 3556 4452 quem

1972 4458 2240 4517 Ravenna:
2267 4473 2370 4517 tam
2404 4468 2659 4533 pneclare
2688 4468 2755 4522 de
2794 4483 2854 4523 se
2884 4469 3133 4525 meritum
3178 4484 3432 4541 noverat,
3462 4490 3556 4529 eu-

284 4559 339 4600 c.
370 4542 466 4615 22)
512 4560 725 4616 regnum
782 4542 1089 4599 Theudorici
1130 4543 1374 4617 (Clotarii
1419 4543 1621 4613 fratris)
1669 4544 1865 4613 obtigit,
1898 4565 1952 4629 ι)
1974 4552 2173 4623 jusque
2195 4567 2355 4607 causa
2379 4556 2430 4609 in
2463 4553 2689 4611 Gallium
2711 4557 3021 4627 advenerat,
3044 4560 3156 4627 eius
3186 4561 3396 4618 ςίηετεε
3419 4578 3558 4632 pm-

281 4636 554 4706 aedemque
576 4634 760 4690 habere
780 4633 1130 4692 Iihemcnsein.
1154 4637 1317 4691 Porro
1345 4650 1527 4707 regum
1554 4635 1863 4703 Austrasite,

282 4728 375 4798 qui
403 4725 626 4782 Rhemis
655 4726 943 4791 sedebant,
970 4726 1253 4796 imperium
1286 4728 1373 4782 vel
1422 4729 1473 4781 in
1523 4727 1864 4783 Germaniam

282 4821 447 4889 longe
468 4820 853 4890 procurrebat;
876 4819 943 4874 de
972 4836 1077 4891 quo
1107 4822 1223 4889 lege
1265 4819 1441 4887 Fort.,
1502 4820 1594 4876 lib.
1628 4835 1703 4887 vt,
1729 4837 1776 4877 c.
1805 4820 1862 4889 2,

281 4924 337 4970 et
371 4914 554 4978 Ruin.,
588 4914 641 4969 in
676 4914 815 4967 notis
840 4913 903 4967 ad
936 4913 1100 4984 Greg.
1133 4914 1285 4978 Tur.,
1321 4915 1357 4969 l.
1384 4930 1433 4968 tv
1468 4913 1631 4979 Hist.,
1661 4929 1711 4969 c.
1734 4914 1827 4969 22.

356 5005 446 5059 44.
482 5005 686 5061 Interea
718 5005 1035 5076 Sigibertus,
1070 5020 1191 5059 cum
1229 5005 1423 5061 fratres
1451 5021 1575 5059 suos
1606 5020 1763 5077 rcges
1791 5006 1867 5060 vi.

282 5099 453 5153 disset
502 5095 684 5151 infima
736 5105 791 5151 et
839 5097 1021 5151 servili
1068 5097 1373 5152 conditione
1403 5097 1722 5153 mulieribus
1770 5111 1867 5152 nu-

287 5192 479 5261 psisse,
520 5187 717 5245 oblitos
746 5194 958 5257 generis
986 5204 1050 5245 ac
1096 5188 1368 5259 dignitatis
1407 5204 1539 5258 sum,
1572 5192 1720 5259 regio
1747 5191 1866 5259 ipse

283 5284 466 5337 animo
493 5290 549 5337 et
576 5282 805 5337 consilio
834 5297 1057 5337 uxorem
1111 5282 1275 5349 regali
1305 5296 1337 5337 e
1367 5283 1534 5348 stirpe
1563 5281 1864 5337 ducendam

282 5376 514 5430 censuit.
549 5375 719 5441 Quam
764 5374 831 5428 ad
864 5390 976 5430 rem
1022 5373 1224 5443 legatos
1251 5376 1395 5429 misit
1440 5373 1491 5428 in
1535 5373 1863 5441 Hispaniam,

282 5468 377 5537 qui
433 5465 864 5532 Brunichildem,
912 5464 1256 5535 Athanagildi
1310 5466 1453 5536 regis
1501 5467 1554 5521 in
1605 5464 1863 5536 Hispania

285 5559 474 5624 filiam,
499 5558 601 5613 sibi
632 5568 876 5627 peterent
902 5557 968 5612 ad
1000 5557 1236 5627 nuptias,
1265 5558 1491 5627 puellam
1519 5573 1643 5614 eum
1696 5558 1868 5616 forma

286 5650 550 5719 corporis,
581 5657 693 5705 tum
718 5647 977 5703 industria
995 5656 1050 5703 et
1077 5662 1288 5703 morum
1316 5649 1625 5717 honestate,
1649 5651 1869 5706 consilii

1977 4662 2104 4704 sens
2144 4648 2368 4717 coleret,
2416 4664 2481 4706 ac
2527 4660 2707 4706 votum
2736 4667 2889 4708 suum
2941 4656 3267 4711 exsolveret.
3321 4656 3558 4712 Praeerat

1979 4750 2104 4798 tunc
2144 4745 2399 4814 temporis
2458 4744 2705 4801 Ecclesia:
2753 4746 3047 4803 Turonensi
3094 4755 3123 4783 ἰ
3174 4747 3554 4817 Euphronius,

1978 4850 2144 4906 nepos
2174 4838 2343 4893 sancti
2378 4838 2561 4909 Greg.,
2593 4838 2826 4911 episcopi
2870 4839 3247 4910 Lingonensis,
3301 4842 3382 4896 vir
3428 4857 3552 4899 cum

1976 4942 2175 4998 genere
2223 4929 2624 4998 nobilissimus,
2678 4939 2788 4986 tum
2847 4933 3132 4989 sanctitate
3183 4934 3549 5005 clarissimus,

1981 5034 2140 5091 quem
2186 5019 2447 5093 deinceps
2493 5022 2795 5079 Fortunato
2818 5024 3075 5094 singulari
3105 5024 3478 5082 benevolentia
3502 5037 3559 5084 et

1978 5110 2230 5167 amicitiae
2260 5114 2655 5170 necessitudine
2684 5113 2849 5170 fuisse
2875 5117 3223 5186 cunjunctum
3246 5158 3262 5183 ,
3297 5124 3559 5173 testantur

1978 5202 2201 5273 hujusce
2250 5205 2318 5259 ad
2372 5205 2517 5260 illum
2550 5207 2762 5277 scripta:
2794 5207 3057 5276 epistolae,
3101 5208 3137 5261 Ι.
3178 5223 3258 5272 Ill,
3283 5222 3335 5265 e.
3366 5210 3389 5264 ί
3418 5220 3473 5264 et
3496 5210 3555 5271 9.

1977 5296 2240 5353 Eumdem
2273 5299 2453 5369 itaque
2477 5311 2600 5355 tunc
2625 5301 2941 5359 convenisse
2966 5302 3288 5361 Fortunatus
3306 5343 3321 5370 ,
3351 5313 3404 5360 et
3432 5306 3551 5376 ejus

1976 5394 2228 5452 amicitiae
2257 5394 2605 5452 fundamenta
2632 5398 2878 5469 quaedam
2905 5396 3133 5469 jecisse,
3183 5414 3304 5471 qua:
3337 5411 3556 5470 postea,

1977 5488 2181 5545 mutuis
2224 5486 2428 5544 officiis
2457 5489 2600 5544 culta
2630 5499 2684 5546 et
2708 5498 2888 5557 aucta,
2922 5505 2989 5546 eo
3020 5491 3284 5561 pervenit,
3336 5502 3393 5547 ut
3442 5490 3557 5562 ipse

1978 5578 2128 5636 illum
2161 5580 2396 5652 parentis
2423 5579 2479 5637 in
2508 5582 2625 5648 loco
2651 5581 2895 5649 haberet,
2927 5581 3186 5638 dicendus
3214 5591 3317 5637 est.

2018 5714 2019 5717 η
2048 5672 2140 5728 48.
2165 5674 2369 5731 Interea
2387 5675 2619 5731 Turonis
2640 5675 2934 5745 digressus,
2964 5691 3107 5740 cum,
3134 5674 3342 5732 itineris
3367 5690 3553 5742 causa,

357 5795 381 5823 ι
422 5786 557 5866 Male
607 5786 786 5866 Brovv.
832 5789 883 5866 i_n
927 5785 1045 5841 Vita
1078 5787 1225 5843 Fort.
1278 5786 1429 5859 ponit
1482 5798 1606 5847 tunc
1657 5788 1916 5860 temporis
1954 5787 2184 5851 Turonis
2227 5792 2437 5850 sedisse
2488 5791 2825 5864 Gregorium,
2883 5794 2969 5866 qui
3032 5792 3247 5848 nonnisi
3305 5807 3394 5847 an.
3430 5793 3549 5848 5'i3

283 5860 430 5921 illam
463 5858 649 5914 sedem
680 5865 765 5913 est
794 5858 1039 5925 adeptus.
