4124 6348
534 381 605 437 55

1067 369 1580 430 PIIOLEGOSIENA
1625 368 1719 426 AD
1753 360 2090 423 VENANTII
2131 363 2289 424 “ON.
2339 363 2541 420 CLEM.
2588 357 2982 418 FORTUNATI
3021 357 3276 414 Oi’EIlA.

3745 345 3821 412 36

537 494 816 550 I’ictavum
849 490 1107 553 venisset,
1137 503 1200 545 ea
1227 489 1281 544 in
1326 485 1458 542 urbe
1499 485 1826 542 domicilium
1859 494 2011 538 suum
2059 491 2124 537 ae
2155 488 2200 544 Α
2229 479 2540 535 exsolverat
2565 483 2707 548 (qua
2730 489 3004 547 principes
3053 474 3230 530 fuerat
3251 485 3414 528 causa
3459 487 3525 527 es
3555 469 3708 530 italia
3759 472 3822 529 In

541 588 726 644 sedem
756 583 1056 642 constituit.
1083 584 1136 638 Id
1166 598 1290 639 cum
1320 593 1384 638 ex
1417 579 1566 638 Pauli
1621 578 1838 635 Diaconi
1881 582 2129 634 testimo-

543 685 631 738 nio
676 676 956 743 discimus,
1009 686 1118 731 tum
1149 677 1266 746 ipse
1296 674 1619 730 Fortunatus
1642 672 1711 728 de
1735 685 1794 727 se
1818 670 2126 742 profitetur,

539 775 576 828 l.
609 774 723 836 viti,
748 787 798 827 c.
833 774 883 832 Ι,
917 772 994 826 sic
1025 770 1314 825 scribens:

635 864 926 914 Fortunatus
950 873 1047 924 ego
1072 862 1182 910 iiine
1204 861 1374 910 humili
1398 868 1569 922 prece,
1597 869 1717 909 voce
1740 853 1900 908 saluto
1926 871 1942 907 :

693 927 842 974 Italiae
869 929 1089 988 genitum
1105 924 1284 972 Gallici
1309 934 1423 971 rura
1447 931 1642 988 tenent.

636 987 842 1037 Pictavls
869 982 1222 1046 Fesidens,-qua
1243 995 1439 1033 sanctus
1464 984 1675 1046 Hilarius
1699 982 1815 1033 olim

695 1049 850 1100 Natus
872 1050 921 1099 In
942 1051 1066 1098 urbe
1082 1045 1192 1111 fuit,
1214 1055 1356 1097 notus
1377 1048 1424 1094 in
1442 1050 1565 1096 orbe
1593 1045 1757 1095 I’ater.

542 1134 793 1202 Quinimo
846 1133 897 1186 id
960 1135 1214 1200 deinceps
1262 1129 1601 1201 promeruit,
1660 1133 1719 1182 ut
1772 1127 1917 1182 illius
1973 1125 2133 1181 Urbis

541 1229 714 1295 clero,
757 1225 1001 1296 quamvis
1047 1225 1283 1289 advena,
1315 1221 1697 1286 aseriberetur,
1731 1235 1795 1274 ac
1824 1218 2133 1274 sacerdotio

543 1320 880 1387 initiaretur,
933 1321 1075 1388 quod
1126 1333 1261 1373 sane
1309 1330 1501 1387 magno
1527 1325 1611 1370 est
1641 1314 1783 1369 illius
1816 1311 2038 1368 virtutis
2071 1327 2136 1367 ac

543 1413 666 1466 vitae
697 1412 1022 1481 integritatis
1051 1419 1107 1465 et
1133 1411 1456 1464 innocentiae
1486 1416 1822 1477 argumento.
1851 1405 1971 1472 Quo
2000 1418 2135 1460 vero

544 1519 688 1559 anno
738 1503 1092 1559 I’ictaviensis
1149 1501 1402 1558 Ecclesia:
1459 1500 1742 1570 presbyter
1810 1499 1983 1553 factos
2030 1497 2134 1563 sit,

548 1596 687 1650 itatrd
719 1596 789 1651 ita
834 1595 990 1652 facile
1030 1604 1112 1652 est
1137 1603 1399 1650 statuere.
1434 1591 1630 1646 Paulus
1663 1592 1965 1659 Diaconos,
1995 1588 2135 1669 dum

545 1697 729 1744 narrat
772 1688 840 1744 de
889 1689 1081 1743 eodem
1133 1688 1275 1758 quod
1332 1685 1602 1741 novissime
1641 1685 1692 1738 in
1719 1685 1896 1738 eadem
1934 1683 2138 1737 civitate

548 1780 793 1851 (scilicet
823 1779 1089 1850 Pictavis)
1124 1778 1348 1851 primum
1389 1777 1673 1850 presbyter,
1706 1777 1893 1830 deinde
1931 1776 2133 1844 episco-

2231 573 2455 628 Galtiam
2502 569 2796 636 veniendi),
2846 567 3024 622 adhuc
3049 563 3351 620 substiterit
3393 565 3448 619 in
3480 562 3686 629 Gallia,
3718 579 3824 621 nec

2231 666 2296 719 ad
2318 679 2442 718 suos
2473 663 2745 718 remearit.
2781 661 2844 718 ι).
2875 661 3181 726 Brovrerus,
3207 670 3330 727 cap.
3362 658 3398 712 2
3427 656 3496 713 de
3521 656 3640 714 Vita
3687 658 3826 714 Fur-

2233 757 2424 824 tnnati,
2459 756 2578 827 ejus
2611 756 2688 810 rei
2717 769 2935 808 causam
2968 749 3136 808 refert
3181 751 3234 806 in
3293 749 3516 805 bellicos
3559 751 3823 804 tumultus

2233 851 2426 918 quibus
2473 847 2622 903 Italia
2674 843 3150 916 Langobardorum
3196 843 3366 897 armis
3416 853 3543 896 tunc
3585 840 3823 897 maxime

2233 940 2431 995 omit-ta
2469 951 2573 996 est.
2605 939 2722 1008 Quo
2749 953 2880 994 sane
2909 946 3154 1006 tempore
3179 935 3506 1000 Tanisium,
3533 935 3818 991 Fortunati

2239 1035 2434 1104 patria,
2469 1043 2521 1087 et
2549 1033 2864 1103 propinquae
2894 1030 3164 1102 regiones,
3195 1033 3381 1100 pnsita:
3413 1031 3463 1083 in
3489 1031 3656 1099 ipsius
3675 1030 3826 1087 Ger-

2237 1129 2431 1182 maniae
2481 1142 2578 1183 ore
2609 1141 2671 1182 ac
2701 1126 2965 1191 lancibus,
3019 1124 3300 1179 hostilibus
3331 1123 3744 1179 excursionibus
3769 1131 3826 1178 et

2235 1218 2445 1289 injuris
2468 1219 2519 1274 in
2554 1217 2738 1286 primis
2766 1225 3007 1286 patuere.
3045 1216 3093 1271 Is
3137 1215 3344 1270 interra
3393 1215 3494 1270 sibi
3546 1213 3602 1270 in
3648 1213 3822 1268 Gallia

2237 1310 2621 1366 subsidendum
2666 1309 2840 1373 duxit,
2893 1310 3103 1374 donec,
3147 1321 3278 1377 pace
3323 1315 3379 1362 et
3431 1300 3830 1375 tranquillitate

2237 1403 2400 1458 Italiae
2439 1403 2663 1468 reddita,
2695 1412 2810 1457 tuto
2839 1411 3114 1472 paternam
3146 1401 3212 1454 ad
3243 1399 3511 1470 regionem
3538 1409 3704 1469 atque
3729 1398 3829 1452 do-

2239 1511 2384 1550 mum
2420 1497 2721 1567 remigrare
2746 1503 2951 1564 posset.
2970 1493 3113 1550 Sane
3142 1491 3284 1547 haud
3317 1493 3432 1563 ipse
3463 1504 3618 1564 atque
3645 1493 3830 1548 animo

2239 1590 2293 1646 in
2341 1589 2509 1644 Gallia
2549 1587 3007 1652 commorabatur,
3052 1601 3150 1641 nee
3202 1597 3482 1656 propterea
3527 1584 3739 1642 videtur
3761 1595 3830 1640 ex

2239 1685 2402 1739 animi
2435 1687 2712 1754 proposito
2763 1682 2992 1737 alienam
3047 1679 3318 1748 regionem
3375 1677 3559 1749 patric
3605 1690 3672 1735 ac
3714 1677 3830 1733 suis

2239 1783 2630 1850 anteposuisse,
2663 1780 2751 1848 qui
2774 1777 3017 1832 scribens
3042 1777 3108 1831 ad
3132 1775 3362 1845 Lupum,
3397 1768 3488 1828 lib.
3510 1786 3606 1838 vn,
3624 1785 3744 1842 cap.
3768 1769 3830 1840 8,

549 1889 647 1943 pus
681 1874 949 1928 ordinatus
989 1873 1086 1941 sit,
1143 1871 1356 1927 videtur
1388 1871 1454 1924 ad
1485 1880 1783 1926 extremum
1812 1870 1932 1938 ejus
1960 1869 2139 1926 :etatis
2171 1854 2212 1922 Β
2245 1875 2360 1927 hate
2387 1873 2454 1927 de
2485 1888 2542 1926 se
2571 1870 2846 1939 loquitur:

549 1976 764 2034 tempus
794 1967 843 2022 id
878 1947 1075 2022 iactum
1125 1965 1356 2024 referre.
1413 1967 1482 2028 At
1538 1980 1662 2020 cum
1713 1965 1873 2036 Greg.
1932 1964 2137 2020 Toron.

549 2061 901 2117 Fortunatum
933 2063 1045 2116 suis
1077 2061 1128 2116 in
1175 2060 1325 2115 libris
1377 2061 1754 2130 presbyterum
1789 2059 1991 2130 passim
2044 2075 2141 2128 ap-

548 2155 737 2225 pellet,
769 2154 926 2210 aliter
958 2153 1173 2208 videtur
1192 2153 1567 2224 iudicandum.
1588 2153 1722 2208 Nam
1752 2153 1787 2208 I.
1816 2170 1831 2208 t
1859 2155 1924 2208 de
1950 2152 2140 2211 Mirac.

548 2247 720 2302 sancti
759 2246 1006 2310 Martini,
1062 2262 1114 2302 c.
1146 2243 1254 2312 15,
1314 2246 1561 2302 eumdem
1617 2256 1800 2312 aperte
1845 2229 2144 2302 ramoraum

550 2357 745 2410 suum,
798 2341 1147 2410 Fortunatam
1208 2343 1554 2413 presbyterum
1583 2353 1758 2398 vocat.
1794 2346 1860 2400 At
1913 2343 2139 2416 Gregor.

550 2434 758 2490 Turon.
793 2433 961 2491 libros
990 2434 1058 2490 de
1077 2417 1260 2491 Mirac.
1282 2436 1454 2491 sancti
1483 2435 1691 2491 Martini
1718 2438 2140 2510 conscripserat,

552 2534 838 2594 antequam
873 2524 1201 2581 Fortunatus
1239 2541 1370 2581 suos
1422 2526 1545 2580 illos
1595 2542 1648 2582 tv
1702 2527 1771 2583 de
1803 2528 1918 2584 Vita
1971 2531 2142 2584 sancti

557 2613 769 2674 Martini
802 2618 1044 2673 versibus
1074 2629 1342 2686 exararet,
1373 2635 1494 2673 cum
1528 2619 1581 2674 in
1608 2620 1834 2689 epistola
1869 2622 1970 2677 illis
2001 2636 2144 2691 pra-

553 2715 655 2772 lixa
695 2711 899 2770 scribat
933 2713 1216 2784 Gregorio,
1248 2724 1329 2782 ut,
1372 2729 1492 2768 cum
1531 2717 1772 2786 jussisset
1828 2731 1957 2786 opus
2009 2716 2147 2771 illud

539 2811 691 2886 ⁸ιιιιοᾴ
738 2807 855 2882 ipse
885 2806 1181 2877 Gregorius
1209 2806 1274 2861 de
1321 2807 1592 2862 virtutibus
1617 2809 1780 2861 sancti
1811 2807 2030 2864 Martini
2055 2825 2146 2863 ea:-

553 2905 808 2973 plictrerat
833 2902 1078 2957 versibus
1104 2898 1354 2969 exprimi,
1411 2900 1516 2955 sibi
1561 2900 1692 2955 illud
1738 2901 2143 2967 transmitteret,

551 2995 694 3068 quod
727 2995 966 3050 carmine
995 2992 1467 3060 complecteretur.
1492 2990 1609 3047 Jam
1646 3008 1775 3047 vero
1809 2992 2135 3049 Fortunatus

554 3085 888 3142 elucubravit
918 3081 1083 3138 libros
1113 3098 1164 3136 tv
1190 3082 1258 3137 de
1290 3082 1406 3136 Vita
1437 3085 1605 3137 sancti
1661 3083 1899 3149 Martini,
1958 3091 2147 3138 sancto

556 3180 850 3244 Germano,
887 3174 1175 3233 Parisiensi
1201 3174 1464 3241 antistite,
1499 3173 1674 3229 adhuc
1701 3175 2012 3244 superstite,
2054 3176 2144 3246 qui

559 3277 650 3330 an.
683 3273 786 3329 576
815 3288 1127 3342 supremum
1165 3272 1310 3327 diem
1339 3273 1492 3339 obiit,
1528 3275 1601 3327 uti
1650 3273 2024 3328 adnotavimus
2078 3275 2144 3328 ad

561 3372 656 3427 lib.
697 3386 748 3425 tv
796 3369 906 3425 Vit.
953 3368 1126 3425 sancti
1179 3367 1408 3433 Martini,
1458 3385 1573 3438 pag.
1625 3368 1752 3422 470.
1813 3368 1893 3422 Ex
1953 3368 2150 3438 quibus

561 3461 844 3520 conficitur
894 3463 1009 3531 jam
1040 3475 1109 3515 ex
1143 3460 1238 3516 illo
1271 3468 1512 3528 tempore
1547 3458 2152 3531 Fol‘lttttatumprcsby-

563 3566 739 3629 terum
772 3553 960 3610 fuisse.
1009 3552 1148 3622 Quin
1181 3563 1236 3608 ut
1267 3553 1366 3608 Itae
1412 3555 1465 3607 in
1510 3569 1568 3608 re
1615 3554 1754 3622 quod
1795 3549 1971 3610 sentio
2029 3568 2151 3621 pro-

564 3649 761 3713 feram,
793 3645 1005 3703 videtur
1033 3645 1161 3700 milii
1210 3644 1534 3700 Fortunatus
1583 3646 1694 3717 jam
1753 3654 1879 3700 tunc
1926 3647 2152 3702 citricus

568 3741 757 3806 fuisse,
779 3753 902 3795 cum
931 3737 1000 3795 ab
1029 3737 1178 3794 Italia
1210 3747 1295 3794 est
1317 3738 1620 3807 profectus;
1649 3738 1806 3810 idque
1829 3755 1892 3794 ex
1923 3753 1988 3792 eo
2017 3753 2152 3793 con-

567 3833 711 3908 jicio,
743 3833 884 3905 quod
916 3833 983 3888 ab
1003 3832 1123 3902 ejus
1152 3847 1333 3888 corevo
1366 3831 1529 3901 Grcg.
1564 3831 1690 3886 Tur.
1724 3829 1997 3900 Presbyter
2037 3828 2153 3884 Ιιιι-

569 3929 703 3982 licus
732 3927 931 3996 passim
959 3925 1290 3994 nominetur,
1322 3939 1481 3995 quem
1511 3923 1723 3979 titulum
1749 3924 1828 3980 vel
1858 3924 1973 3994 ejus
1996 3939 2156 3994 opera

575 4035 685 4091 pra:
717 4035 776 4078 se
809 4019 1014 4075 ferunt.

645 4114 738 4169 69.
766 4113 934 4171 Multo
958 4127 1088 4167 vero
1113 4109 1386 4166 difficilius
1407 4118 1490 4166 est
1511 4116 1746 4165 statuere
1768 4119 2000 4179 quonam
2027 4118 2158 4164 ιειιιο

576 4221 708 4280 pore
755 4206 900 4263 idem
942 4203 1058 4274 ipse
1100 4204 1333 4274 li05pitio
1371 4219 1498 4258 usus
1525 4203 1686 4258 fuerit
1737 4202 2031 4273 Agricolae,
2067 4219 2160 4257 seu

577 4301 906 4374 Agrmculaz,
953 4297 1628 4371 episeopiCsbillonensis,
1680 4298 1813 4363 sive,
1869 4306 1929 4352 ut
1975 4297 2165 4351 verisi‘

579 4397 762 4454 mitius
809 4393 1044 4460 videtur,
1100 4391 1470 4458 Niverncnsis,
1522 4391 1661 4446 sicut
1693 4391 2069 4446 adnotavimus
2099 4391 2164 4447 ad

579 4503 700 4560 cap.
726 4485 798 4541 28
829 4485 922 4542 lib.
945 4495 1001 4539 ιιι
1023 4483 1127 4554 Op.
1154 4483 1300 4539 Fort.
1323 4485 1369 4540 Is
1380 4485 1526 4540 enim
1548 4485 1786 4540 scribens
1808 4486 1873 4541 ad
1895 4489 2165 4551 eumdem,

2369 1961 2520 2013 Exsul
2538 1962 2599 2012 ab
2623 1960 2754 2011 Italia
2781 1971 2927 2022 nono,
2953 1967 3092 2022 puto,
3114 1960 3279 2010 volvor
3297 1959 3349 2008 te
3369 1967 3515 2018 anno.

2431 2025 2629 2076 Littorts
2651 2026 2839 2075 Oceani
2860 2025 3178 2084 contigttante
3208 2022 3326 2070 salo.

2367 2088 2609 2150 Tempora
2628 2095 2698 2138 tot
2720 2085 2938 2150 fugiunt,
2959 2093 3012 2136 et
3028 2087 3186 2134 adhuc
3210 2098 3300 2148 per
3313 2085 3490 2145 scripta
3506 2088 3773 2148 parentum-

2429 2148 2605 2201 Nulius
2634 2150 2694 2198 ab
2711 2148 2929 2199 exclusis
2949 2161 3028 2196 me
3054 2150 3299 2198 recreavit
3319 2157 3465 2210 apex.

2243 2235 2434 2291 Adhuc
2458 2249 2586 2290 vero
2617 2231 2981 2290 miserabilius
3018 2245 3174 2287 suum
3212 2230 3282 2287 ab
3328 2232 3479 2287 Italia
3527 2232 3832 2304 digressum

2246 2331 2569 2384 lamentatur
2596 2326 2692 2382 lib.
2721 2343 2796 2395 rt,
2828 2341 2932 2395 cap
2955 2313 3043 2390 10,
3076 2325 3158 2380 his
3186 2323 3409 2380 verbis?

2337 2420 2552 2470 Tristius
2573 2427 2686 2467 erro
2709 2419 2874 2479 nimis,
2901 2417 3071 2480 patriis
3093 2428 3247 2477 vagus
3269 2416 3411 2466 exsul
3436 2416 3495 2464 ah
3517 2417 3636 2480 oris,

2400 2481 2555 2542 Quam
2578 2483 2642 2532 sit
2658 2477 2928 2544 Apollonius
2944 2477 3208 2543 naufragus
3232 2480 3411 2541 hospes
3430 2479 3584 2542 aquis.

2317 2566 2410 2622 5i.
2458 2568 2642 2638 Neque
2678 2567 2844 2621 altera
2879 2567 3250 2637 pratereunda
3277 2578 3437 2618 causa
3468 2575 3550 2620 est
3570 2563 3642 2618 ob
3671 2579 3832 2634 quam

2246 2661 2290 2716 is
2333 2662 2386 2716 in
2426 2658 2602 2714 Gallia
2633 2659 3013 2731 permanserit,
3045 2673 3144 2714 nec
3185 2657 3254 2712 ad
3296 2673 3424 2714 suos
3471 2657 3698 2731 amplius
3740 2671 3833 2715 ro-

2247 2771 2434 2810 rersns
2464 2757 2558 2811 sit.
2591 2755 2736 2810 lianc
2766 2764 2944 2810 autem
2973 2754 3090 2825 ipse
3118 2753 3273 2809 nobis
3295 2753 3533 2808 declarat
3570 2753 3667 2810 lib.
3699 2767 3817 2819 uti,

2246 2863 2366 2920 cap.
2397 2850 2448 2915 i,
2475 2849 2720 2918 inquiens
2745 2863 2759 2902 :

2344 2940 2598 3012 lartinum
2621 2942 2981 3012 cupiensivoto
3016 2938 3331 3012 Ragegundis
3353 2939 3552 3000 adimat,

2402 3005 2555 3063 Quam
2575 3004 2750 3066 genuit
2772 3001 2897 3053 coelo
2916 3012 3044 3052 terra
3066 3001 3276 3066 'I'oringa
3301 3016 3460 3053 sacro.

2251 3089 2450 3157 idest,
2495 3102 2615 3144 eum
2655 3104 2729 3162 eo.
2765 3090 3066 3144 cuuSilioin
3117 3089 3344 3144 Galliam
3402 3086 3673 3155 venisset,
3728 3104 3836 3160 quo

2252 3187 2422 3239 sancti
2444 3182 2649 3238 Martini
2681 3183 2988 3252 sepulcrum
3014 3183 3288 3251 inviseret,
3311 3197 3372 3238 ac
3396 3199 3505 3238 sure
3534 3198 3660 3256 erga
3685 3184 3836 3238 illum

2257 3277 2436 3347 pietati
2467 3274 2800 3332 satisfaceret
2834 3318 2850 3344 ,
2895 3274 3258 3346 Radegondis,
3291 3277 3548 3348 piissimae
3597 3277 3832 3344 lentime,

2255 3371 2500 3441 precibus
2546 3387 2610 3427 ac
2643 3373 2782 3426 votis
2827 3381 3068 3428 retentus
3097 3381 3202 3436 est,
3231 3374 3519 3441 quominus
3551 3371 3602 3426 in
3629 3369 3836 3426 Italiam

2253 3475 2646 3528 reverteretur;
2679 3479 2741 3519 ac
2779 3462 2906 3518 inde
2949 3463 3146 3520 factum
3191 3476 3245 3520 ut
3275 3463 3329 3519 in
3374 3460 3544 3520 Gallia
3573 3463 3838 3535 reliquum

2255 3555 2376 3611 vitae
2407 3572 2516 3612 sua;
2543 3556 2774 3626 spatium
2799 3557 3120 3613 traduceret.

2328 3651 2418 3706 £12.
2472 3652 2734 3721 Quoniam
2795 3666 2927 3707 vero
2976 3650 3042 3706 de
3111 3649 3439 3721 Radcgttnde
3495 3643 3696 3706 mentio
3760 3657 3844 3702 est

2259 3744 2417 3812 facta,
2442 3742 2595 3815 eujus
2619 3745 2853 3800 maxime
2884 3761 3047 3815 opera
3073 3744 3122 3799 id
3148 3742 3439 3815 praestitum
3472 3741 3592 3808 fuit,
3623 3751 3680 3796 ut
3711 3742 3844 3795 For-

2262 3849 2474 3893 tunatus
2532 3841 2584 3892 in
2635 3836 2806 3893 Gallia
2852 3847 3177 3900 remaneret,
3227 3851 3494 3907 quemque
3543 3835 3633 3891 illa
3678 3829 3846 3890 coluit

2262 3946 2502 4002 semper,
2532 3939 2693 4000 atque
2723 3930 2974 3984 onmibus
3007 3929 3340 3984 liberalitatis
3368 3939 3426 3983 et
3455 3927 3846 3983 benevolentia:

2263 4022 2456 4079 officiis
2490 4033 2572 4078 est
2603 4033 2902 4094 prosecuta,
2936 4023 3078 4077 baud
3127 4023 3231 4077 erit
3289 4021 3523 4076 alienum
3580 4019 3652 4076 de
3699 4020 3848 4088 regio

2263 4117 2380 4188 ejus
2411 4133 2609 4188 genere
2638 4131 2701 4171 ac
2729 4112 2967 4186 fortuna,
3002 4128 3102 4170 nec
3130 4131 3234 4169 non
3280 4115 3348 4170 de
3389 4113 3601 4186 egregia
3649 4114 3849 4170 virtute

2266 4226 2328 4268 ac
2361 4212 2735 4282 sanctinwnia,
2782 4202 3033 4266 nonnulla
3065 4211 3268 4278 dzcere,
3290 4209 3540 4282 cquibus
3573 4207 3637 4262 ad
3674 4204 3852 4265 Vitam

2269 4305 2546 4362 Fortunati
2569 4317 2622 4362 et
2648 4309 2896 4377 pleraque
2943 4309 3059 4376 ejus
3094 4315 3337 4376 poemata
3371 4304 3683 4359 illustranda
3735 4303 3855 4374 piu-

2270 4399 2464 4454 rimntn
2511 4399 2643 4454 locis
2700 4397 2824 4454 addi
2877 4398 3061 4468 pOSsit.
3112 4396 3234 4453 Fuit
3287 4397 3466 4467 itaque
3510 4392 3855 4467 Radegundis

2273 4492 2557 4561 Bertltarii,
2589 4495 2726 4564 regis
2753 4491 3170 4564 Tituringorum,
3201 4491 3334 4558 filia,
3373 4505 3533 4561 quem
3564 4505 3686 4544 cum
3721 4489 3858 4544 lier-

583 4598 688 4640 non
721 4580 893 4636 soluat
926 4592 984 4634 se
1009 4593 1130 4633 cum
1164 4577 1256 4634 illo
1287 4578 1483 4635 vixisse
1512 4594 1620 4647 prae
1641 4595 1698 4634 se
1726 4579 1850 4647 fe“.
1879 4581 1973 4636 80d
2004 4580 2165 4635 ﬂiam
2198 4597 2247 4663 ο
2277 4587 2624 4653 menefridus,
2655 4602 2944 4658 germanus
2976 4587 3217 4656 ejusdem
3246 4585 3428 4652 frater,
3474 4586 3854 4655 oppressisset,

582 4679 651 4733 ab
676 4677 881 4748 optimo
907 4674 1150 4745 ejusdem
1199 4681 1420 4742 parente
1463 4675 1711 4740 doctum,
1763 4675 2063 4729 institutum
2109 4690 2172 4730 ac

585 4781 800 4842 paStum
835 4770 937 4824 fuis
969 4784 1021 4834 e,
1055 4773 1282 4821 testatur
1312 4765 1460 4821 hisce
1485 4766 1732 4822 versibus
1769 4785 1782 4822 :

713 4883 829 4934 Cum
852 4895 960 4930 mea
987 4887 1118 4931 terra
1141 4891 1285 4928 manu
1313 4879 1496 4944 meruit
1515 4879 1757 4944 genitoris
1779 4883 1928 4944 arari,

775 4945 1023 4993 iit-dditur
1043 4945 1141 4992 nati
1169 4955 1370 4991 vomere
1402 4941 1531 4990 culta
1555 4943 1647 4990 sui.
1729 4950 1732 4954 '

713 5008 832 5058 Nam
860 5017 1016 5069 pater,
1037 5005 1215 5054 aﬂ‘eetu
1233 5004 1383 5064 dulci,
1404 5002 1689 5053 mentorabil
1714 5016 1739 5051 ε
1755 5003 1882 5067 orbi,

782 5071 858 5118 Me
882 5070 1127 5118 vobiscum
1153 5077 1250 5116 uno
1273 5069 1387 5116 tov‘tt
1411 5078 1575 5114 amore
1600 5069 1741 5114 duos.

711 5133 870 5198 Corde
898 5144 1091 5198 parens,
1117 5141 1254 5198 paetu
1276 5131 1460 5198 nutris,
1483 5129 1744 5198 bonusore
1766 5130 2021 5194 magister,

781 5190 986 5253 Difesit,
1014 5190 1186 5251 eolu'it,
1211 5193 1362 5252 rexit,
1392 5192 1597 5253 110088“!
1617 5190 1772 5240 dedit.

716 5257 806 5307 Ille
830 5259 908 5314 pio
925 5252 1083 5304 studio
1105 5253 1286 5314 sulcata
1310 5252 1498 5302 novalia
1523 5255 1682 5308 sevit;

781 5312 920 5380 Quod
943 5319 1092 5368 i’ater
1114 5313 1306 5379 eiiudit,
1332 5317 1423 5365 hoc
1445 5316 1566 5365 mihi
1587 5327 1626 5365 si
1647 5327 1759 5366 meo
1781 5312 1880 5368 ale.
1929 5353 1934 5358 .

600 5429 712 5484 iloe
757 5427 939 5496 itaque
982 5409 1216 5496 hospitio
1260 5438 1417 5480 usum
1470 5421 1789 5481 crediderim
1831 5421 2184 5482 Foftnn‘amm

594 5530 886 5590 exaequant
922 5517 1232 5589 nnttcgundi
1271 5518 1371 5591 (de
1415 5527 1514 5587 qua
1564 5524 1688 5572 mox
1731 5518 1835 5573 erit
1863 5515 2086 5591 sermo)
2131 5529 2188 5575 et

601 5613 719 5684 ejus
769 5609 996 5681 negotiis
1044 5611 1394 5667 conficiendis
1447 5627 1508 5667 se
1567 5611 1780 5679 penitus
1823 5611 1994 5678 daret,
2026 5622 2186 5685 aqua

601 5692 794 5761 dt-Inde
819 5705 958 5761 baud
987 5705 1187 5761 diutius
1220 5707 1428 5761 videtur
1457 5704 1716 5762 abfuisse.

674 5798 766 5854 50.
797 5798 928 5855 Illud
961 5815 1092 5856 vero
1123 5800 1224 5857 hoc
1255 5800 1356 5856 loci
1380 5800 1548 5872 quati
1579 5800 1742 5868 solet,
1764 5802 2092 5872 quibusnam
2121 5798 2190 5857 de

604 5892 782 5948 causis
811 5891 1156 5963 Fortunatus,
1190 5904 1537 5964 posteaquam
1566 5903 1748 5951 votum
1771 5911 1926 5952 suum
1953 5896 2188 5952 Turonis

2276 4675 2645 4753 Radegundis,
2676 4683 2854 4736 adhuc
2887 4683 3084 4753 puclla,
3117 4692 3268 4750 patre
3295 4683 3448 4749 orba,
3484 4682 3654 4748 patrui
3688 4681 3739 4736 itt
3775 4690 3858 4736 tu-

2279 4776 2388 4830 tela
2419 4775 2601 4830 relicta
2633 4785 2716 4829 est
2747 4773 2928 4845 (Greg.
2961 4772 3155 4828 Turon.
3192 4789 3245 4829 ιιι
3275 4773 3415 4828 (list.
3449 4770 3668 4840 Frena,
3698 4789 3745 4828 ε.
3777 4771 3859 4845 4).

2280 4867 2470 4924 Postea
2502 4883 2634 4923 vero
2665 4865 3078 4922 Hermenefrido
3129 4868 3244 4937 ipso
3298 4883 3326 4920 a
3357 4865 3687 4923 Francorum
3717 4869 3864 4936 regi-

2280 4960 2378 5015 bus
2431 4960 2667 5018 Clotario
2716 4969 2768 5014 et
2819 4959 3159 5015 Tlteodorico
3210 4972 3463 5026 superato
3516 4968 3569 5014 ct
3618 4959 3863 5027 devicto,

2281 5052 2466 5105 eadem
2493 5051 2543 5105 in
2568 5050 2794 5106 Galliam
2839 5051 3063 5108 adducta
3091 5052 3300 5121 captiva
3331 5061 3446 5118 est;
3488 5051 3558 5107 de
3594 5067 3697 5122 qua
3743 5067 3867 5108 eum

2281 5147 2673 5203 Theodericum
2729 5151 2867 5202 inter
2924 5165 2988 5203 ac
3034 5148 3331 5205 Clotarium
3375 5150 3654 5205 contentio
3681 5148 3872 5203 fuisset

2285 5253 2494 5308 exorta,
2545 5243 2654 5296 utri
2722 5259 2856 5296 uxor
2903 5243 3227 5313 obtingeret,
3289 5245 3417 5298 vicit
3471 5243 3763 5313 Clotarius,
3809 5258 3874 5298 ac

2285 5335 2483 5401 eidem,
2510 5335 2691 5420 statim
2714 5348 2874 5406 atque
2905 5352 2999 5404 per
3021 5347 3232 5391 aetatem
3260 5339 3447 5411 ptte'laa
3472 5337 3647 5404 licuit,
3669 5337 3873 5408 nupsit,

2288 5436 2407 5477 cum
2437 5435 2557 5476 eam
2592 5423 2796 5477 interea
2828 5421 2971 5492 regia
2997 5422 3052 5476 in
3094 5425 3216 5477 villa
3272 5424 3603 5478 educandam
3655 5439 3720 5478 ac
3764 5439 3872 5480 nu-

2289 5509 2557 5570 trientlam
2607 5515 2925 5572 custodibus
2958 5516 3267 5572 tradidisset
3311 5515 3515 5587 (βοτη,
3562 5534 3616 5571 ιι.
3649 5514 3684 5570 2
3743 5515 3878 5571 Vita

2293 5603 2478 5679 RUd-).
2514 5599 2707 5662 Verum
2743 5609 2948 5678 regales
2993 5609 3191 5677 nuptiae
3239 5609 3555 5679 deliciaeque
3595 5609 3734 5664 aula:
3776 5624 3874 5680 ρο-
3969 5662 3972 5666 ,

2294 5703 2609 5758 lentissimae
2639 5702 2765 5757 illud
2798 5701 3012 5773 pietatis
3040 5716 3104 5757 ac
3149 5701 3424 5771 religionis
3467 5699 3702 5758 studium
3733 5703 3876 5773 quod

2293 5803 2348 5858 in
2377 5802 2605 5872 puellula
2635 5797 2747 5870 jam
2785 5800 3058 5866 eiuserat,
3093 5800 3252 5854 sntita
3284 5799 3398 5854 suis
3428 5799 3678 5854 inanibus
3711 5799 3878 5854 imam

2246 5924 2254 5929 -
2295 5895 2547 5952 altarium
2576 5905 2781 5966 partem
2815 5903 3044 5963 tergere,
3093 5901 3146 5952 et
3191 5904 3474 5961 puerorum
3523 5889 3743 5959 choros,
3796 5892 3873 5946 di-
