4124 6382
451 451 519 507 39

453 564 543 618 uiri
576 557 708 631 justi
747 553 892 608 verba
931 552 1067 604 circa
1109 549 1292 601 salutis
1328 541 1586 599 instituta,
1619 539 1673 587 et
1701 531 1838 583 circa
1866 527 2036 596 adipi-

452 652 652 708 scenda:
690 651 804 700 vitae
844 643 1055 698 caelestis
1081 636 1386 693 commercia
1416 626 1758 684 retentabatur
1785 638 1873 690 per
1901 619 2041 671 dies;

455 748 629 812 Atque
674 740 789 794 hzce
833 735 901 791 de
944 727 1312 800 Radcgunde,
1362 723 1486 778 dum
1534 733 1596 773 ea
1645 716 1697 769 in
1744 711 1888 782 regia
1916 708 2036 763 aula

454 841 630 895 adhuc
657 834 881 889 viveret.

530 928 621 983 69.
662 921 863 977 Deinde
903 917 1067 971 multa
1109 926 1218 981 tam
1267 913 1418 964 erant
1463 896 1815 958 Pictaviensis
1849 904 2040 946 mona—

983 425 1497 493 PROLEGOMENA
1544 422 1634 479 AD
1672 413 1999 474 VENANTII
2042 409 2199 466 HON.
2241 405 2446 462 CLEM.
2492 397 2889 459 FORTUNATI
2929 390 3180 450 ΟΡΕΒᾹ.
3646 382 3719 439 ιο

2064 527 2112 583 Α
2140 518 2477 603 retributione
2518 512 2822 580 sempiterna
2863 507 3149 582 restitudti,
3176 515 3264 571 qui
3303 494 3529 566 providet
3569 494 3724 549 aitai-

2145 589 2284 662 lium'
2314 604 2675 675 indigentibus.
2722 599 2927 667 Quibus
2969 611 3035 649 ex
3079 591 3255 646 verbis
3287 595 3460 658 potest
3503 583 3728 652 intelligi

2147 698 2332 768 quoin
2366 674 2485 750 loco
2532 693 2580 746 is
2619 698 2766 745 esset.
2805 686 2946 756 apud
2993 679 3407 751 lladegundem,
3454 683 3510 729 et
3548 674 3730 740 Agne-

2151 801 2290 853 tem,
2324 799 2377 843 et
2405 801 2523 855 quae
2559 783 2751 838 iisdem
2782 779 2962 834 ofﬁcia
2998 779 3300 846 priestaret.

2221 880 2316 936 62.
2361 880 2538 947 Atque
2579 876 2742 931 etiam
2785 887 2852 927 ex
2896 866 3179 924 itineribus
3218 871 3325 929 tam
3370 855 3740 928 frequentibus

530 946 621 983 συ.
662 946 863 977 υυιιωυ
903 946 1067 971 unum
1109 946 1218 981 1μιιιι
1267 946 1418 964 pluu-
1464 946 1810 958 ..υτ--.-ηπ-
2451 946 2460 947 7

465 1021 615 1079 sterii
643 1009 1139 1072 sanetimonialibus
1166 1001 1378 1072 negotia
1407 994 1660 1069 gerenda,
1686 989 1804 1044 sive
1830 999 1948 1055 qua:
1976 981 2044 1035 ad
2149 989 2274 1044 quin
2321 973 2676 1027 Fortunatum
2728 978 2823 1034 per
2871 959 3098 1018 Galliam
3148 954 3595 1019 Germaniamque
3645 946 3740 998 ba-

2158 1069 2168 1079 ⁵
2233 1069 2242 1078 ’
2477 1061 2734 1079 νέκΑίΑηλ-
2793 1052 3060 1079 ἰι-ιῖἶιιι--Δ
3103 1049 3222 1079 “om
3255 1045 3401 1079 πλην.
3446 1040 3509 1079 ,Α
3555 1049 3740 1079 ηιη“³,

468 1117 710 1189 privatas
737 1119 923 1164 earum
955 1115 1112 1156 curas
1136 1105 1191 1151 et
1216 1094 1392 1150 officia
1421 1091 1759 1158 spectarent,
1791 1082 1902 1132 sive
1928 1087 2048 1144 qua:

468 1165 536 1263 ia
567 1202 727 1260 totius
754 1191 1064 1254 monasterii
1096 1202 1207 1243 rem
1236 1200 1298 1239 ac
1324 1190 1521 1237 statum
1551 1176 1912 1246 pertinerent,
1940 1165 2048 1235 qui-

474 1297 573 1352 bus
601 1293 652 1346 in
682 1281 1026 1360 procurandis
1041 1276 1259 1333 alterius
1283 1272 1371 1342 qui
1393 1278 1540 1324 extra
1565 1258 1873 1319 monaSterii
1901 1264 2051 1324 septa

472 1391 675 1441 viveret
712 1377 985 1448 diligentia
1024 1368 1430 1426 desiderabatur
1471 1376 1532 1415 ac
1573 1359 1731 1412 fides.
1784 1354 1892 1418 lta,
1947 1362 2055 1419 quo

472 1492 636 1535 unum
667 1483 756 1528 aut
784 1471 1009 1523 alterum
1041 1460 1347 1528 exemplum
1377 1454 1642 1525 t‘iroferam
1663 1489 1679 1514 ,
1711 1453 1886 1501 exstat
1915 1440 2056 1510 apud

477 1575 700 1641 Gregor.
730 1567 884 1628 Tur.,
917 1561 1010 1616 lib.
1040 1574 1096 1612 ιι
1131 1556 1332 1609 llistor.
1362 1551 1582 1611 Franc.,
1610 1559 1730 1613 cap.
1760 1539 1853 1606 η,
1883 1551 2059 1593 exem-

483 1631 866 1734 plarvepistolre
897 1667 1054 1723 quam
1084 1643 1430 1714 Radegundis
1468 1638 1632 1693 mittit
1670 1635 1736 1689 ad
1778 1631 2062 1702 episcopos

477 1756 684 1819 Gallina,
713 1764 822 1821 Quo
851 1747 1065 1802 illorum
1098 1737 1451 1810 patrocinium
1480 1743 1535 1787 et
1560 1727 1936 1783 auctoritatem
1963 1720 2061 1775 ad-

484 1861 673 1906 versus
699 1858 792 1899 eos
819 1839 909 1910 qui
941 1832 1250 1893 monasterii
1285 1823 1630 1884 Pictavieusis
1657 1821 1776 1890 jura
1809 1817 1894 1871 vel
1929 1815 2063 1868 bona

2156 1069 2341 1122 buisse
2373 1061 2759 1131 comperimus,
2790 1052 3062 1123 conjicere
3102 1049 3226 1103 licet
3255 1045 3404 1114 [dura
3445 1040 3510 1095 ad
3555 1049 3740 1092 mona-

2157 1161 2379 1217 sterium
2406 1155 2744 1212 Pictaviense
2773 1145 3070 1219 spectantia
3103 1139 3312 1210 negetis
3336 1151 3430 1207 per
3451 1134 3626 1200 ipsum
3653 1143 3746 1184 sou

2159 1255 2250 1309 lita
2283 1250 2528 1318 transigi.
2561 1246 2638 1300 Ita
2669 1243 2762 1298 lib.
2801 1218 2852 1295 at
2874 1281 2889 1305 ,
2919 1252 3040 1307 cap.
3069 1233 3137 1288 27
3169 1241 3225 1288 et
3251 1228 3323 1284 28
3346 1272 3361 1296 ,
3403 1224 3647 1282 scribens
3675 1218 3745 1274 ad

2161 1351 2418 1417 Agnetrm
2447 1349 2501 1396 et
2531 1334 2910 1406 Radegnndem
2931 1371 2947 1396 ,
2975 1343 3070 1382 sua
3099 1324 3341 1396 quasdam
3370 1318 3560 1373 itinera
3589 1325 3750 1368 enar-

2163 1448 2277 1503 rat,
2314 1448 2544 1504 quorum
2588 1431 2642 1484 in
2673 1428 2843 1480 alti-ro
2873 1422 2963 1477 ditt
2996 1415 3232 1490 procella
3257 1414 3489 1483 iactatus
3530 1407 3748 1468 fuerat,

2165 1538 2310 1592 unde
2345 1534 2399 1587 in
2443 1543 2605 1600 grave
2645 1525 2769 1578 vitae
2811 1516 3119 1574 amittenda:
3157 1510 3446 1567 discrimen
3488 1507 3748 1560 venerat;

2177 1632 2236 1684 in
2271 1629 2440 1681 altero
2469 1637 2597 1676 vero
2629 1616 2860 1673 hiemale
2889 1613 3052 1682 frigus
3080 1622 3143 1662 ac
3172 1599 3388 1676 pruinas
3429 1611 3491 1652 se
3531 1605 3752 1664 perpes-

2172 1735 2289 1775 sum
2323 1717 2492 1772 fuisse
2521 1710 2810 1773 describit,
2840 1719 2961 1759 cum
2994 1702 3118 1755 nive
3150 1705 3205 1751 et
3230 1693 3403 1764 glacie
3432 1689 3538 1745 late
3567 1682 3747 1740 omnia

2174 1819 2508 1867 tenerentur.
2568 1808 2746 1871 Atque
2795 1802 2909 1867 ipse
2955 1793 3156 1850 indicat
3201 1786 3444 1858 quaedam
3501 1777 3757 1836 habuisse

487 1870 673 1906 Versus
699 1870 792 1899 υυθ
819 1870 909 1910 qua
943 1870 1250 1893 ιιιυιιειοινιιι
1285 1870 1304 1884 ι
1327 1870 1628 1882 ιιι-....ν-.---
1657 1870 1704 1890 δέ
1722 1870 1732 1873 -
1753 1870 1775 1872 η
1823 1870 1827 1871 ν
1853 1870 1864 1871 γ

487 1944 683 2002 licdere
715 1936 1012 1993 voluissent
1038 1925 1238 1996 aliquid
1269 1923 1600 1992 impetraret.
1630 1915 1765 1968 item
1791 1950 1805 1975 ,
1833 1923 1951 1976 cap.
1978 1906 2071 1972 39,
2103 1886 2150 1947 Β
2175 1917 2295 1972 quae
2334 1911 2574 1970 praesens
2613 1870 2734 1948 cum
2767 1888 2875 1945 illis
2902 1884 3172 1942 conferret
3192 1921 3206 1947 ,
3239 1892 3340 1935 nec
3366 1884 3479 1932 tum
3510 1870 3756 1942 epistola:

1996 2001 2001 2002 ’
2356 1990 2409 2002 ὐ
2519 1996 2530 2002 -
2605 1986 2666 2002 ες-
2698 1981 2873 2002 _--_L:-
2906 1997 2917 2002 -

490 2037 682 2110 legitur
719 2029 988 2101 quoddam
1027 2021 1348 2089 rescriptum
1379 2015 1754 2083 episcOporum
1797 2005 1862 2058 ad
1896 2001 2073 2057 Rade-

492 2128 746 2202 gundem,
769 2123 824 2176 in
855 2133 960 2191 quo
981 2113 1236 2170 moniales
1269 2109 1371 2162 illae
1403 2104 1668 2160 feriuntur
1698 2096 2073 2158 anathemate,

494 2239 612 2296 quae
640 2233 871 2290 unquam
901 2230 934 2271 e
963 2206 1284 2267 monasterio
1315 2199 1497 2271 egredi
1528 2204 1616 2251 aut
1645 2193 1859 2249 nubere
1878 2184 2077 2242 voluis-

497 2277 636 2372 sent.
671 2277 794 2366 llaec
822 2309 999 2375 itaque
1020 2344 1036 2367 ,
1069 2313 1119 2356 et
1165 2299 1216 2353 id
1260 2309 1431 2366 genus
1460 2289 1562 2343 alia
1584 2328 1599 2353 ,
1631 2298 1776 2354 saepe
1805 2295 1926 2336 cum
1958 2277 2078 2347 epi-

498 2401 707 2474 sc0pis,
736 2406 828 2452 aut
857 2371 1069 2464 regibus
1089 2429 1104 2454 ,
1135 2395 1190 2443 et
1217 2386 1336 2439 aliis
1369 2376 1700 2450 principibus
1731 2371 1892 2437 viris,
1927 2381 2082 2423 como

501 2459 818 2554 municauda
845 2532 860 2557 ,
891 2459 944 2542 et
973 2498 1068 2553 per
1096 2482 1242 2550 ipsos
1271 2473 1538 2531 interdum
1578 2462 1915 2534 transigenda
1937 2503 1953 2528 ,
1983 2459 2082 2513 ali-

504 2602 685 2660 quem,
711 2587 1056 2654 praestantem
1088 2569 1318 2628 consilio
1347 2563 1674 2632 solertiaque
1703 2558 1876 2612 virum
1907 2551 2085 2624 requi-

503 2659 714 2746 rebant,
739 2675 828 2747 qui
858 2672 1042 2729 eadem
1074 2672 1285 2738 gereret
1309 2675 1373 2716 ac
1404 2659 1736 2728 procuraret.

581 2771 673 2828 6i.
698 2743 846 2836 Quae
884 2776 1007 2819 cum
1047 2762 1119 2815 ita
1149 2758 1298 2820 sint,
1337 2751 1467 2806 illud
1507 2747 1635 2804 mibi
1684 2743 1869 2799 videor
1915 2750 2086 2810 primo

510 2867 780 2924 affirmare
833 2869 996 2930 posse
1067 2845 1442 2918 ltadegundem
1493 2851 1546 2896 et
1599 2844 1854 2906 Aguetem
1929 2830 2088 2885 totius

512 2965 636 3018 vita:
666 2955 1060 3014 moderatorem
1094 2959 1154 2998 ac
1187 2947 1571 3012 praeceptorem
1605 2932 1953 2987 Fortunatam
1996 2921 2090 2977 ha-

509 3057 690 3112 buisse
715 3093 731 3119 ,
767 3048 920 3117 cujus
952 3039 1157 3115 judicio
1197 3045 1355 3105 atque
1398 3028 1625 3085 consilio
1666 3040 1786 3079 cum
1829 3021 1882 3076 in
1930 3020 2090 3072 rebus

510 3147 624 3203 suis
661 3139 883 3216 privatis
924 3127 1220 3203 dirigendis
1245 3167 1260 3190 ,
1305 3137 1414 3179 tum
1459 3115 1768 3175 monasterii
1815 3111 1974 3167 totius
2015 3108 2092 3161 di-

518 3210 742 3310 sciplina
772 3227 1118 3301 temperanda
1151 3229 1452 3276 uterentur.
1485 3212 1636 3280 Quod
1667 3222 1800 3265 sane
1839 3215 1895 3260 et
1933 3210 2093 3257 tanta‘.

519 3326 936 3388 necessitudini,
967 3326 1221 3390 quautam
1267 3313 1404 3365 inter
1447 3309 1620 3376 ipsum
1664 3310 1718 3355 et
1761 3298 1883 3353 illas
1930 3295 2092 3348 inter-

523 3426 688 3482 fuisse
731 3416 1095 3475 ostendimus,
1140 3413 1556 3464 consentaneum
1606 3395 1840 3458 videtur,
1877 3397 1933 3444 et
1960 3384 2096 3441 For-

528 3515 694 3575 tunati
724 3505 1006 3581 religioni,
1038 3499 1327 3564 doctrinae,
1362 3491 1658 3564 prudentiae
1686 3503 1701 3554 ;
1735 3485 1894 3554 idque
1925 3478 2100 3534 Rade-

524 3610 720 3687 gundis
748 3577 989 3663 illa'vota
1018 3597 1182 3652 fuisse
1208 3592 1362 3649 facile
1390 3587 1611 3644 dixerim
1631 3625 1647 3651 ,
1674 3581 1866 3653 quibus
1889 3577 2104 3634 Venan-

529 3667 611 3687 οη

529 3712 636 3767 tius
665 3707 780 3776 ipse
819 3715 878 3756 se
918 3692 1190 3750 adlra'sisse
1229 3690 1443 3750 fatetur,
1487 3680 1772 3751 quominus
1802 3671 1867 3726 ad
1899 3683 2025 3725 suos
2050 3667 2104 3722 in

531 3753 636 3767 υ..-
667 3753 778 3776 τ--
822 3753 873 3756 ,c

530 3802 739 3861 Italiam
790 3792 1187 3865 regrederetur.
1242 3786 1416 3850 Atque
1459 3777 1619 3833 etiam
1668 3771 1861 3826 adsunt
1913 3753 2105 3822 indicia

533 3897 706 3966 aliqua
738 3905 803 3947 ex
839 3857 1052 3954 scriptis
1084 3874 1361 3936 Fortunati
1391 3885 1512 3942 quae
1555 3869 1657 3922 boe
1699 3865 1871 3932 ipsum
1904 3857 2106 3914 confir-

537 3951 705 4047 ment.
739 3985 814 4040 lta
858 3951 963 4035 lib.
988 3991 1078 4041 ιι,
1111 3987 1227 4040 cap.
1259 3969 1326 4034 4,
1359 3974 1546 4020 auctor
1585 3968 1669 4017 est
1710 3951 2021 4024 [ladegundi
2052 3960 2110 4005 ut

539 4082 606 4137 ad
635 4074 972 4133 stomachum
1019 4057 1474 4122 corroborandum
1505 4068 1566 4108 ac
1598 4047 1948 4105 recreandum
1999 4043 2110 4099 vini

538 4161 741 4242 aliquid
780 4168 1055 4226 sumeret,
1097 4153 1379 4226 proferens
1426 4141 1665 4215 Apostoli
1705 4136 2006 4204 exemplum
2057 4142 2114 4188 et

537 4228 914 4323 auctoritatem
937 4298 952 4322 ,
985 4247 1272 4308 'l‘imotlieo
1304 4243 1370 4298 ad
1413 4243 1585 4310 ipsum
1617 4230 1909 4290 suadentis.
1945 4228 2072 4282 Item
2094 4267 2110 4294 ,

540 4320 658 4428 cap.
703 4355 762 4421 7,
807 4351 873 4406 ad
918 4320 1177 4416 Agnctem
1221 4335 1491 4397 scribens,
1534 4337 1684 4399 rogat
1730 4332 1788 4379 ut
1827 4321 1966 4392 quod
1998 4320 2115 4389 ipse

540 4413 857 4518 obsequium
888 4413 989 4496 seu
1013 4432 1318 4507 {antidotum
1347 4425 1541 4480 absens
1571 4414 1881 4485 ltadcgundi
1909 4413 2117 4480 impen-

543 4547 678 4603 dere
694 4508 805 4595 iton
835 4540 1076 4606 poterat,
1102 4541 1197 4598 pro
1225 4539 1284 4579 se
1310 4522 1421 4591 ipsa
1452 4519 1751 4589 praestaret.
1783 4508 1926 4564 idem
1947 4545 1963 4572 ,
1995 4518 2114 4574 cap.

668 4599 864 4704 gratias
914 4626 1027 4697 agit
1071 4616 1260 4690 Agneti
1305 4611 1444 4693 quod
1494 4605 1815 4663 monialibus
1861 4599 2113 4668 epulum,
2148 4617 2203 4679 D

554 4698 739 4799 rogatu
767 4737 897 4787 suo,
924 4713 1270 4774 indulsisset,
1297 4717 1350 4760 et
1380 4710 1528 4773 optat
1554 4698 1620 4754 ad
1651 4706 1982 4756 extremum,
2011 4703 2116 4759 quo

553 4785 732 4893 Agyrtes
772 4823 827 4871 et
871 4785 1208 4878 ltadegundis
1249 4799 1339 4854 diu
1378 4800 1562 4850 essent
1611 4785 1925 4855 superstites
1951 4827 1965 4849 ,
2013 4795 2121 4850 quo

1021 4871 1048 4878 -

550 4925 732 4970 earum
758 4913 922 4978 freno,
951 4916 1044 4956 seu
1074 4893 1412 4952 auctoritate,
1440 4879 1793 4941 Pictaviensis
1816 4871 2121 4932 monasterii

545 5016 719 5063 status
740 5045 755 5069 ,
789 5001 902 5054 sive
945 4990 1221 5056 disciplina
1242 5027 1257 5052 ,
1303 4983 1393 5037 diu
1442 4977 1660 5032 floreret
1687 4988 1750 5026 ae
1780 4978 1944 5025 staret
1973 4966 2121 5021 inco—

556 5057 755 5156 lumis:
795 5093 1104 5150 Postremo,
1148 5081 1241 5136 lib.
1287 5091 1418 5138 vui,
1467 5087 1586 5140 cap.
1636 5068 1725 5132 Π,
1775 5063 2016 5120 scribens
2061 5057 2126 5112 ad

554 5194 780 5263 Gregor.
803 5185 1029 5243 Turon.,
1051 5190 1172 5233 cum
1197 5185 1359 5242 grave
1386 5163 1695 5223 scandalum
1722 5158 1788 5212 ad
1817 5153 2094 5211 dissidium
2111 5190 2129 5217 ,

563 5245 698 5358 pos:
729 5277 934 5334 obitum
973 5277 1170 5324 sanctae
1209 5257 1549 5330 Radegundis
1573 5297 1588 5320 ,
1631 5254 1682 5307 in
1721 5250 1911 5305 eodem
1955 5245 2131 5300 Picta-

566 5342 733 5431 lviensi
761 5360 1088 5425 monasterio
1113 5357 1401 5414 excitatum
1435 5350 1617 5402 fuisset
1640 5387 1656 5414 ,
1698 5342 1873 5397 cidem
1918 5350 2134 5394 causam

555 5462 851 5521 "abbatissae
886 5449 1223 5512 commendat
1263 5447 1343 5499 bis
1381 5441 1558 5497 verbis
1592 5455 1604 5491 :
1662 5435 1857 5490 Mentor
1895 5431 1963 5485 sit
2001 5443 2139 5483 com-

565 5552 900 5613 mendationis
937 5548 1094 5602 beatce
1130 5542 1332 5595 domm:
1371 5548 1494 5589 mea:
1522 5531 1677 5601 filim,
1707 5526 1784 5581 vel
1817 5527 1928 5600 jam
1960 5521 2139 5576 matris

553 5661 773 5713 orum,
805 5647 1005 5700 domnae
1037 5630 1402 5706 fladegnndar,
1435 5641 1527 5696 pro
1558 5624 1656 5678 loci
1683 5621 1766 5676 sui
1786 5663 1800 5690 ,
1833 5616 1911 5672 vel
1963 5629 2142 5689 perso-

569 5763 678 5816 nae,
712 5722 962 5811 totiusque
989 5731 1212 5805 regula,
1242 5723 1516 5782 stabilitate
1543 5717 1676 5790 quod
1722 5712 1898 5786 petiit,
1941 5719 1989 5762 et
2031 5722 2143 5762 uer-

565 5844 744 5898 borum
775 5832 849 5888 vel
879 5803 1124 5886 viscerum
1154 5817 1524 5893 supplicatione
1579 5807 1863 5874 commisit,
1904 5803 1976 5858 ita
2009 5815 2144 5872 pra:-

565 5895 771 6006 ripintia
806 5919 1196 5998 infatigabiliter
1230 5912 1502 5976 laborare,
1533 5903 1752 5978 qualiter
1788 5902 1897 5971 ipse
1929 5896 2063 5953 vobis
2095 5895 2148 5948 in

2175 1990 2572 2049 committeret,
2605 1986 2670 2038 iis
2698 1981 2876 2035 verbis
2905 1997 2918 2033 :

2269 2083 2384 2133 l‘ost
2399 2078 2661 2131 referenda
2680 2072 2824 2124 simul
2849 2079 3096 2120 murmvra
3119 2062 3268 2114 corde
3291 2066 3426 2123 tego.

2254 2166 2387 2226 Item
2418 2164 2509 2218 lib.
2539 2176 2609 2227 vi,
2640 2173 2759 2228 cap.
2793 2155 2880 2218 t0,
2908 2167 3032 2206 cum
3055 2147 3236 2204 Mettio
3267 2141 3606 2206 accessisset,
3637 2151 3762 2193 nar.

2181 2268 2264 2316 rat
2306 2258 2518 2313 lintrem
2550 2265 2657 2320 quo
2685 2246 2978 2303 vehebatur
3001 2256 3032 2295 a
3087 2239 3234 2309 regio
3261 2250 3435 2304 coquo
3462 2231 3565 2288 sibi
3595 2228 3760 2284 fuisse

2182 2354 2468 2410 abductum
2492 2365 2508 2415 ;
2532 2359 2760 2416 cumque
2787 2341 3018 2396 venisset
3046 2333 3389 2396 Nauciacum,
3418 2328 3504 2382 vel
3526 2324 3766 2386 Narium,

2182 2461 2214 2502 a
2253 2445 2515 2516 Sigiberto
2538 2454 2661 2510 rege
2687 2431 3076 2507 perliberaliter
3112 2435 3420 2494 exceptum,
3450 2433 3658 2475 necnon
3702 2416 3770 2470 ab

2183 2538 2300 2608 ejus
2319 2514 2588 2591 ministris
2617 2528 2818 2598 l’apulo
2864 2531 2920 2580 et
2943 2521 3181 2591 Gogoue,
3213 2531 3338 2572 cum
3385 2514 3623 2575 lintrem,
3655 2519 3768 2564 tum

2188 2639 2415 2686 caeteras
2439 2625 2621 2694 copias
2647 2620 2714 2674 ad
2743 2618 2846 2674 iter
2870 2629 3027 2671 suum
3061 2606 3494 2681 prosequendum
3525 2615 3774 2660 necessa-

2195 2721 2328 2787 rias,
2357 2693 2523 2773 refert
2568 2727 2628 2768 se
2656 2709 2948 2778 accepisse.
2973 2702 3140 2765 idem,
3174 2700 3268 2755 lib.
3300 2713 3358 2767 x,
3388 2710 3506 2765 cap.
3540 2693 3627 2761 10,
3673 2694 3774 2748 iter

2191 2829 2344 2870 suum
2365 2852 2381 2876 ,
2405 2807 2545 2865 aliud
2561 2804 2702 2876 quod
2726 2803 2864 2859 circa
2892 2799 3136 2855 libertum
3161 2803 3217 2852 et
3239 2793 3512 2849 Mosellam
3534 2787 3781 2845 confece-

2193 2915 2298 2971 rat,
2322 2903 2462 2956 desea
2479 2901 2572 2954 ibit
2592 2913 2711 2953 cum
2733 2893 2946 2964 quidem
2971 2892 3130 2962 regite
3145 2885 3347 2954 domui,
3370 2884 3422 2938 id
3439 2893 3542 2950 est,
3567 2880 3784 2935 Cbildeo

2194 2993 2348 3049 berto
2377 3001 2429 3046 et
2479 2988 2596 3060 ejus
2626 2986 2780 3041 matri
2824 2979 3150 3038 Brunicbitdi
3180 2978 3370 3034 obvius
3399 2978 3586 3038 laetus,
3615 2983 3671 3028 et
3709 2971 3779 3026 ab

2197 3088 2327 3156 ipsis
2379 3091 2641 3144 retentus,
2692 3085 2747 3133 et
2771 3084 3028 3143 evceptus
3075 3064 3500 3142 perhumaniter,
3559 3061 3778 3119 eosdem

2198 3180 2413 3244 deinde,
2473 3174 2620 3245 regia
2677 3184 2867 3241 pompa
2920 3176 2974 3222 et
3028 3171 3284 3234 apparatu
3339 3162 3441 3216 iter
3495 3158 3782 3220 facientes,

2120 3250 2169 3316 ο
2201 3276 2391 3329 fuisset
2444 3277 2778 3341 prosecutus.
2853 3261 3002 3318 llaud
3057 3254 3409 3315 iuverisimile
3464 3252 3645 3322 itaque
3701 3260 3788 3307 est

2202 3371 2553 3426 Fortunatum
2587 3361 2772 3416 istbtec
2807 3358 2946 3424 loca,
2976 3368 3083 3409 nou
3116 3362 3222 3406 tam
3255 3348 3429 3403 solatii
3481 3347 3564 3401 sui
3594 3358 3782 3411 causa,

2201 3470 2296 3519 aut
2322 3460 2508 3529 privati
2554 3453 2771 3524 negotii,
2803 3451 3019 3512 adiisse,
3050 3446 3143 3500 sed
3177 3452 3233 3498 ut
3286 3455 3469 3497 earum
3524 3437 3788 3494 voluntati

2203 3572 2268 3612 ac
2295 3549 2663 3615 sollicitudini,
2695 3546 2891 3618 quibus
2931 3557 2992 3598 se
3040 3548 3096 3596 et
3125 3551 3343 3609 cperam
3371 3549 3524 3591 suam
3570 3531 3792 3588 addixe-

2207 3656 2311 3713 rat,
2338 3642 2694 3699 satisfaceret.

2279 3740 2369 3795 65.
2402 3737 2474 3792 Ex
2506 3735 2657 3790 hisce
2678 3740 2853 3786 autem
2877 3723 3157 3783 itineribus
3196 3721 3552 3794 (qumcunque
3575 3714 3793 3771 tandem

2209 3846 2394 3889 eorum
2443 3825 2898 3896 suscipiendorum
2956 3832 3114 3875 causa
3156 3822 3212 3870 ct
3269 3809 3403 3868 ratio
3462 3806 3642 3876 fuerit)
3701 3819 3801 3874 per

2213 3938 2456 3994 magnam
2491 3924 2605 3990 ipse
2636 3926 2822 3972 nactus
2848 3907 3300 3982 opportunitatem
3336 3911 3417 3959 est
3456 3898 3798 3972 percelebres

2212 4017 2399 4074 Gallia:
2424 4028 2486 4069 ac
2531 4007 2829 4066 Germania:
2869 4005 3151 4074 episcopos
3193 3996 3444 4064 adeundi,
3495 4002 3551 4050 et
3596 4005 3799 4062 cogno-

2215 4109 2397 4169 seeudi
2449 4106 2759 4176 quibuscum
2790 4096 3118 4155 amicissima
3168 4088 3539 4148 benevolentia
3569 4084 3798 4153 conjnn.

2216 4213 2335 4259 etus
2373 4198 2538 4255 fuisse
2563 4211 2626 4250 ex
2653 4190 2894 4263 ejusdem
2915 4184 3239 4243 carminibus
3271 4181 3474 4252 passim
3496 4175 3801 4246 deprehen-

2219 4298 2378 4353 ditur.
2405 4294 2579 4361 Atque
2604 4297 2659 4344 ut
2688 4302 2753 4342 ex
2790 4285 2854 4340 iis
2882 4279 3172 4338 nonnullos
3196 4266 3642 4337 commemorem,
3668 4284 3806 4339 quo-

2221 4405 2338 4446 rutu
2368 4403 2433 4442 ex
2461 4380 2694 4438 amicitia
2718 4385 2772 4433 ct
2824 4371 3212 4431 consuetudine
3258 4383 3362 4421 non
3392 4363 3627 4430 vulgaris
3656 4375 3807 4432 eom-

2221 4480 2492 4538 mendatio
2519 4469 2838 4530 innocentia:
2881 4483 2942 4523 ac
2971 4463 3182 4521 virtutis
3217 4459 3499 4518 Fortunati
3525 4457 3661 4512 sumi
3713 4469 3810 4525 po-

2231 4584 2355 4638 test,
2383 4579 2601 4626 sanctus
2625 4565 2944 4627 Germanus,
2977 4569 3261 4628 episcotius
3305 4548 3646 4616 Parisiensis,
3680 4562 3804 4617 pro-

2229 4665 2545 4738 pensissinta
2597 4661 2648 4713 in
2698 4653 2946 4714 eumdem
3002 4651 3274 4705 voluntate
3328 4659 3393 4702 ac
3440 4641 3813 4699 benevolentia

2224 4756 2448 4823 exstitit,
2482 4762 2541 4808 ut
2580 4759 2790 4806 constat
2837 4747 2975 4801 inter
3004 4751 3196 4798 cmtera
3235 4754 3309 4795 ex
3333 4739 3426 4794 lib.
3459 4749 3576 4798 vnt,
3605 4750 3722 4803 cap.
3757 4733 3812 4797 2,

2227 4852 2329 4920 Op.
2359 4841 2637 4902 Fortunati
2657 4883 2671 4906 ,
2706 4839 2794 4910 qui
2819 4853 2940 4893 cum
2971 4835 3035 4889 ad
3065 4831 3311 4890 eumdem
3343 4827 3608 4900 proficisci
3633 4826 3816 4892 vellet,

2227 4957 2280 5002 et
2310 4961 2338 4998 a
2371 4937 2693 5008 Ratlegunde
2718 4934 3054 4994 retineretur,
3106 4927 3220 5008 trace
3252 4924 3460 4995 inquit:

2325 5037 2405 5088 lle
2428 5039 2567 5083 vocat
2586 5029 2699 5079 inde
2721 5033 2884 5088 pater,
2907 5023 3102 5072 radians
3127 5011 3401 5088 Germanus
3419 5015 3465 5062 in
3489 5011 3635 5075 urbe,

2386 5081 2514 5146 lline
2538 5081 2731 5142 retinet"
2747 5081 2928 5148 mater,
2956 5098 3035 5135 me
3059 5087 3198 5148 vocat
3224 5081 3341 5148 inde
3357 5088 3514 5148 pater.

2326 5136 2727 5216 niiéii'nié'r'idé
2751 5136 2887 5216 mihi,
2915 5136 3033 5216 'v_ot_o
3050 5136 3382 5216 amplectente
3396 5136 3633 5216 'cobeslt;

2393 5201 2768 5272 iiié'niti'nhoie
2797 5201 2907 5270 Del,
2933 5208 3088 5258 dulcia
3113 5201 3325 5267 uterque
3342 5201 3479 5250 mibi.

2311 5327 2408 5385 llic
2430 5326 2516 5382 ille
2547 5323 2642 5377 fuit
2684 5318 2979 5374 Germanus
3008 5328 3036 5367 a
3085 5303 3190 5380 quo
3220 5311 3418 5378 Agnes,
3471 5297 3818 5364 Pietavleusis

2242 5414 2556 5480 monasterii
2613 5411 2905 5473 abbatissa,
2961 5410 3272 5460 censecrata
3327 5407 3434 5463 est,
3488 5403 3546 5448 ut
3609 5397 3824 5448 constat

2242 5532 2307 5574 ex
2337 5509 2642 5569 testimonio
2671 5501 3009 5571 lladegund's
3037 5498 3174 5567 apud
3200 5492 3424 5562 Gregor.
3474 5488 3704 5551 Turon.,
3731 5484 3822 5539 lib.

2247 5625 2321 5675 Ix,
2351 5619 2470 5676 cap.
2499 5602 2588 5667 Η,
2618 5615 2684 5655 ex
2715 5611 2818 5668 quo
2844 5591 3065 5662 intelligi
3101 5595 3278 5658 potest
3306 5597 3552 5653 magnam
3587 5577 3712 5633 inde
3737 5591 3829 5632 ne-

2247 5697 2586 5759 cessitudinis
2616 5707 2679 5748 ac
2705 5685 3088 5750 benevolentiae
3117 5695 3329 5738 causam
3358 5678 3441 5732 vel
3484 5687 3606 5729 cum
3639 5670 3831 5727 Fortu-

2250 5808 2375 5851 nato
2429 5787 2754 5846 interfuisse.

2323 5885 2410 5943 6t.
2443 5881 2606 5939 Felici
2637 5878 2819 5944 etiam,
2873 5873 3124 5944 episcOpo
3167 5859 3536 5932 Namnetensi,
3570 5859 3686 5916 viro
3709 5867 3830 5914 com
