4124 6374
275 263 335 318 ΙΙ
1462 287 1617 345 ἮΤᾹ
1662 294 1987 355 νΕΝΑΝτιι
2028 300 2445 367 ῩΟΗΤΕΝΛΤΙ.
3493 342 3568 394 19.

278 378 553 435 "omium
607 384 866 452 generis’
924 395 1032 443 lum
1081 392 1276 451 νίτίυίθ
1324 399 1486 454 animi
1544 408 1856 475 CONSPiNIO,
1890 416 1935 471 Α
1966 418 2561 487 steritatisjacuissent.
2610 430 2803 497 Quanti
2860 451 2987 492 vero
3019 437 3303 511 Gregorius
3355 450 3559 508 taceret

278 481 527 511 nnnmlnn
556 478 606 511 in
640 476 821 511 npimia
848 494 910 511 an
953 481 1216 511 :........_a..-
1247 489 1338 511 nn.
1429 494 1442 507 -
1472 495 1484 511 ι
1625 499 1637 511 .
1700 500 1733 511 ..

277 481 528 541 acceptus
554 478 606 529 in
640 476 825 544 primis
848 494 911 535 ac
947 481 1216 551 jucundus
1246 489 1341 545 fuit
1376 512 1387 545 :
1429 494 1592 564 idque
1624 499 1864 557 indicant

274 561 469 633 scripta
500 566 565 619 ad
591 566 737 622 illum
764 569 1040 627 Fortunati
1065 579 1325 644 carmina,
1368 592 1422 637 et
1451 561 1591 641 illius
1622 589 1687 643 ad
1722 593 1864 648 hunc

274 654 466 710 littera:
514 672 649 728 quas
690 660 867 731 legere
895 672 977 718 est
1004 664 1036 719 l.
1073 682 1147 733 ιιι,
1176 682 1294 738 cap.
1328 669 1382 738 ιι,
1428 672 1463 727 5
1486 686 1541 731 et
1572 692 1685 747 seq.
1720 681 1862 738 Idem

278 745 417 813 apud
440 746 747 819 Leontium,
776 754 1082 825 episcopum
1126 758 1577 833 Burdigalensent,
1607 745 1660 825 et
1689 771 1864 828 Placi-

278 837 481 903 dinam,
504 839 621 909 ejus
642 841 769 896 olim
800 859 1046 915 uxorem,
1097 851 1374 907 mulierem
1427 870 1492 911 ex
1519 859 1861 928 imperatoria

270 925 498 996 tantilia,
558 929 613 986 in
669 934 859 1002 primis
910 950 1039 992 vero
1094 939 1376 1011 singularis
1435 925 1649 1017 pietatis
1704 954 1859 1010 laude

270 1029 614 1088 prastantem
640 1065 658 1092 ,
689 1040 794 1082 non
842 1028 1086 1087 intimum
1116 1034 1291 1090 locum
1336 1043 1503 1095 tenuit
1533 1043 1860 1103 benevolen-

268 1114 356 1166 tia:
384 1124 439 1168 et
464 1118 672 1185 gratiae,
699 1129 756 1175 ut
782 1132 965 1189 aperte
992 1134 1255 1183 testantur
1277 1146 1444 1187 carm.
1472 1135 1559 1200 15,
1590 1139 1657 1192 16
1682 1150 1735 1196 et
1766 1144 1852 1213 l7,

266 1202 302 1257 Ι.
332 1219 369 1258 ι.
390 1204 552 1264 Libro
577 1225 704 1265 vero
730 1227 801 1276 tv,
830 1229 952 1283 cap.
982 1217 1070 1282 10,
1102 1231 1279 1276 exstat
1328 1240 1539 1295 poema,
1578 1235 1722 1301 quod
1744 1202 1856 1305 ipse

263 1296 481 1367 scripsit
509 1300 562 1356 in
594 1303 754 1360 funus
782 1307 1021 1376 ejusdem
1052 1312 1279 1379 Leontii,
1308 1317 1359 1371 in
1399 1336 1504 1390 quo
1556 1296 1723 1393 ipsius
1764 1296 1857 1399 ge-

266 1392 409 1446 ueris
430 1393 713 1462 nobilitati,
745 1414 808 1453 ac
842 1401 1045 1466 virtuti,
1069 1413 1122 1459 et
1150 1406 1200 1460 in
1224 1423 1439 1481 gregem
1470 1392 1624 1471 suum
1650 1421 1855 1476 seduli-

263 1481 377 1546 tati,
425 1494 538 1539 tum
587 1490 729 1555 apud
785 1508 937 1562 reges
983 1499 1287 1556 auctoritati
1341 1514 1395 1558 et
1450 1510 1634 1578 gratia:
1689 1513 1852 1570 rel‘ert

257 1570 529 1641 egregium
562 1578 948 1635 testimonium.
997 1618 1002 1624 ι

324 1660 415 1720 δε.
447 1662 583 1732 Quid
629 1683 758 1725 vero
787 1671 856 1726 de
904 1673 1215 1743 Euphronio
1243 1678 1441 1752 dicam,
1471 1686 1713 1745 antistite
1742 1689 1850 1746 Tu-

255 1755 519 1811 ronensi?
548 1758 674 1829 quid
703 1761 770 1816 de
798 1762 1024 1833 Nicetio,
1050 1770 1305 1843 episeopo
1345 1775 1679 1849 Trevircnsi,
1727 1793 1838 1849 aut,
1876 1770 1919 1829 Β

253 1845 343 1912 qui
375 1846 526 1903 illum
566 1854 797 1922 excepit,
841 1856 1181 1927 Magnerieo?
1208 1865 1273 1919 ad
1322 1883 1456 1937 quos
1481 1845 1721 1941 singulos
1747 1845 1842 1929 ex;

249 1944 395 1991 stant
422 1941 637 2009 scripta:
664 1942 938 2002 Fortunati
969 1951 1230 2021 epistolae,
1270 1970 1365 2011 seu
1394 1962 1649 2029 carmina,
1682 1965 1719 2019 l.
1750 1965 1839 2033 Ill,

252 2038 410 2097 capp.
439 2030 492 2096 1,
524 2028 581 2098 2,
611 2030 668 2099 3,
698 2032 785 2101 11,
817 2036 884 2091 12
936 2049 989 2092 et
1018 2040 1102 2096 15.
1128 2042 1238 2100 Nec
1268 2062 1395 2104 vero
1443 2028 1841 2119 praztcreuudus

244 2128 461 2176 sanctus
491 2121 770 2190 Martinus,
821 2128 1060 2187 Gallicite
1086 2136 1388 2209 episcopus,
1423 2142 1510 2197 ille
1553 2146 1641 2213 qui
1696 2145 1838 2203 Sue-

252 2224 368 2276 vos,
432 2212 669 2271 Gallici:
703 2218 928 2288 incolas,
982 2238 1013 2278 a
1066 2239 1283 2295 paterna
1343 2212 1719 2303 superstitione
1770 2240 1835 2295 ad

246 2300 607 2361 Christianam
646 2311 954 2381 religionem
984 2300 1421 2387 amplectendam
1455 2332 1737 2399 convertit,
1769 2333 1835 2388 ad

240 2407 399 2460 quem
452 2395 580 2452 item
631 2400 956 2462 Fortunatus
1014 2410 1297 2479 epistolam
1327 2416 1559 2486 scripsit,
1622 2395 1831 2487 plenam

240 2484 551 2543 amicissimi
580 2490 857 2561 desiderii,
902 2508 956 2552 et
980 2514 1192 2569 poema,
1226 2502 1280 2560 in
1306 2522 1411 2573 quo
1453 2510 1695 2577 ejusdem
1728 2516 1832 2571 vir-

238 2584 418 2641 tutes,
462 2588 517 2633 et
568 2595 693 2653 erga
746 2602 963 2657 gregem
1015 2606 1169 2648 suum
1224 2586 1414 2653 merita
1463 2607 1826 2663 commendat.

235 2665 411 2723 llabcs
435 2669 524 2723 illa
561 2672 599 2725 l.
631 2689 683 2742 v,
714 2692 766 2732 ιτ.
795 2676 819 2730 1
854 2679 980 2736 et2.

304 2745 393 2810 66.
430 2759 717 2817 Addendus
748 2768 829 2821 liis
864 2770 1074 2839 Avitus,
1126 2780 1408 2848 episcOpus
1440 2784 1822 2853 Arvernensis,

232 2859 261 2897 a
292 2861 399 2916 quo
429 2849 657 2920 Gregor.
689 2854 892 2913 Turon.
922 2862 988 2916 ad
1016 2866 1251 2921 studium
1301 2870 1599 2930 divinarum
1633 2893 1817 2934 rerum

231 2952 288 2992 se
317 2941 612 2998 excitatum
646 2946 810 3006 fuisse
862 2968 925 3009 ac
956 2970 1301 3027 provocatum
1331 2978 1723 3023 commemorat
1763 2975 1813 3026 in

226 3030 363 3088 libro
380 3034 448 3091 de
477 3036 504 3090 ι
522 3037 606 3094 itis
625 3039 860 3112 Patrum,
884 3061 1001 3116 cap.
1020 3048 1073 3103 2.
1103 3051 1148 3104 is
1176 3055 1333 3121 igitur
1358 3058 1409 3111 in
1434 3061 1617 3126 primis
1635 3060 1818 3119 dilexit

232 3122 602 3196 Fortunatutn,
633 3133 709 3188 uti
734 3134 846 3204 jam
870 3140 1153 3210 conjuncta
1181 3149 1389 3217 utrique
1410 3166 1531 3206 cum
1550 3153 1808 3225 Gregorio

226 3220 568 3277 necessitudo
591 3224 887 3297 efﬂagitare
923 3234 1222 3293 videbatur.
1256 3242 1420 3296 l'orro
1444 3260 1566 3300 cum
1598 3251 1805 3317 Avitus,

221 3320 375 3363 sacro
398 3309 743 3373 Pentecostes
766 3314 870 3387 die,
899 3325 1175 3397 plusquam
1200 3333 1526 3403 quingentos
1550 3340 1807 3401 Hebraeos

224 3403 290 3457 ad
323 3400 600 3465 Christum
660 3417 1029 3486 convertisset,
1066 3421 1167 3478 hoc
1196 3400 1310 3494 ejus
1341 3427 1558 3497 factum,
1603 3438 1810 3504 prolixo

215 3499 477 3567 carmine,
537 3517 852 3570 prosecutus
898 3522 979 3566 est
1010 3513 1354 3590 Fortunatus,
1410 3522 1651 3597 Gregorii
1686 3530 1806 3588 hor-

220 3595 270 3642 ta
277 3598 349 3644 ιιι.

298 3681 389 3739 67.
422 3683 527 3739 Sed
560 3703 627 3744 ne
674 3692 913 3762 singulos
945 3712 1386 3772 commemorem,
1418 3710 1507 3777 qui
1542 3709 1804 3768 Fortuna-

221 3782 332 3827 tum
364 3775 735 3837 benevolentia
784 3795 839 3841 et
885 3786 1075 3845 olliciis
1130 3793 1477 3854 humanitatis
1531 3806 1800 3871 eumplexi

211 3862 372 3922 luisse
396 3868 891 3943 deprehenduntur,
949 3882 1019 3935 sit
1044 3898 1178 3940 unus
1215 3901 1312 3955 pro
1357 3892 1604 3948 omnibus
1634 3862 1702 3961 is,
1731 3896 1800 3952 de

209 3973 313 4025 quo
338 3975 500 4031 supra
530 3968 857 4025 mentionem
900 3970 1143 4039 iecimus,
1176 3975 1482 4051 Gregorius,
1516 3983 1797 4042 Turonen-

207 4053 281 4107 sis
325 4054 573 4133 antistes,
634 4060 716 4114 vir
764 4075 886 4117 cum
933 4065 1063 4121 sede
1088 4082 1150 4122 ac
1176 4067 1320 4135 loco,
1370 4082 1479 4126 tum
1513 4074 1706 4144 pietate
1735 4092 1798 4134 ac

210 4142 453 4200 doctrina
506 4130 865 4207 clarissimus:
885 4157 1055 4221 Quam
1084 4174 1209 4214 vero
1239 4130 1354 4233 ipse
1383 4130 1628 4235 diligeret
1659 4170 1795 4226 For-

205 4242 475 4303 lunatum,
506 4251 569 4293 ac
599 4251 795 4309 quanta
825 4244 967 4301 inter
992 4258 1249 4320 utrosque
1280 4255 1513 4311 amicitia
1544 4273 1606 4313 ac
1638 4260 1792 4316 lami-

204 4325 406 4381 liaritas
437 4328 817 4400 intercederet,
875 4347 980 4392 tam
1012 4342 1188 4397 multae
1216 4354 1273 4398 et
1296 4347 1498 4403 crebra:
1543 4352 1609 4406 ad
1640 4353 1788 4411 illum

206 4416 415 4484 scriptae
445 4418 665 4489 hujusce
688 4422 879 4481 littera:
903 4442 998 4484 seu
1020 4434 1254 4487 carmina
1290 4437 1563 4496 declarant
1588 4443 1639 4498 in
1671 4448 1788 4517 qui-

202 4507 297 4558 bus
322 4507 367 4559 is
388 4506 528 4563 haud
554 4500 710 4568 secus
733 4530 892 4583 quam
922 4519 974 4573 in
1002 4534 1275 4589 parentem
1301 4544 1360 4583 se
1385 4530 1634 4590 allectum
1662 4554 1785 4596 esse

196 4595 452 4662 ostendit,
484 4614 548 4655 ac
585 4605 818 4661 vicissim
865 4608 1003 4665 illius
1055 4619 1381 4685 prtccipttum
1427 4638 1553 4693 erga
1583 4640 1640 4681 se
1669 4638 1779 4684 stuc

193 4686 339 4740 dium
364 4697 417 4742 et
446 4692 865 4753 benevolentiam
918 4716 1269 4764 contestatur.
1300 4712 1433 4767 Cum
1464 4728 1662 4787 autem,
1696 4737 1783 4777 re-

190 4780 411 4843 gionum
442 4783 720 4844 intervallo
761 4791 1054 4864 sejunctas,
1085 4801 1261 4855 minus
1308 4821 1466 4872 quam
1501 4810 1657 4866 vellet
1681 4813 1779 4882 ipsi

186 4872 382 4926 adesse
434 4882 489 4928 et
542 4878 658 4946 ejus
708 4886 991 4950 praesentia
1044 4892 1144 4945 trui
1203 4905 1401 4963 posset,
1456 4872 1776 4964 desiderium

186 4977 344 5017 suum
388 4964 684 5023 litterarum
742 4971 1042 5045 frequentia
1086 4990 1484 5053 compensabat.
1540 4992 1607 5049 Ut
1634 4998 1774 5053 enim

186 5053 302 5119 ipse
354 5056 423 5109 de
449 5072 507 5112 se
541 5062 838 5131 prolitetur,
872 5068 916 5123 Ι,
957 5086 1009 5135 v,
1042 5086 1088 5125 c.
1128 5073 1215 5141 14,
1266 5080 1506 5137 scribens
1531 5086 1594 5140 ad
1624 5104 1775 5145 eunt-

183 5146 305 5198 dem
339 5143 651 5218 Gregorium
684 5167 699 5206 :

278 5261 469 5352 Ju‘giter
492 5273 607 5325 opto
630 5266 806 5352 libens,
830 5286 971 5323 sacer
989 5278 1332 5352 amplectende
1356 5285 1585 5352 Gregori,

336 5328 554 5399 (gi-ruere
579 5342 662 5378 vos
684 5328 855 5399 oculis,
874 5328 1100 5397 quaerere
1124 5328 1372 5399 litterulis:

273 5387 429 5474 Duglee
453 5390 621 5474 vide-re
648 5394 781 5474 mihi,
806 5387 860 5474 ac
950 5387 1240 5474 desit—copia
1262 5387 1421 5474 cerni,

333 5451 463 5511 Spes
488 5458 584 5501 erit
604 5451 863 5508 oranti'vel
890 5461 1009 5509 dare
1036 5451 1184 5513 versa
1201 5451 1359 5521 inii."

247 5555 333 5611 68.
373 5555 542 5627 llujus
574 5573 734 5613 suasu
765 5564 914 5629 plura
954 5570 1175 5638 scripsit
1226 5585 1317 5628 aut
1361 5577 1530 5634 edidit
1574 5583 1765 5639 Fortu-

176 5664 348 5721 natus,
383 5668 526 5725 qum,
562 5654 661 5707 nisi
694 5655 806 5722 ejus
848 5662 1086 5715 hortatus
1130 5675 1184 5719 et
1211 5668 1468 5738 impulsus
1501 5680 1762 5734 accessis-

168 5755 268 5807 set,
303 5747 532 5803 lortasse
567 5750 833 5816 perpetuis
871 5752 923 5807 in
980 5757 1217 5815 tenebris
1261 5779 1323 5819 ac
1370 5766 1636 5828 obfivionc
1668 5789 1760 5844 po-

456 5842 736 5904 Ρηιιοι..
783 5846 1194 5917 LXXXVIII.

1971 511 2169 580 scripta
2218 514 2517 585 Fortunati,
2569 537 2631 578 ac
2677 530 2855 593 quanti
2910 530 3167 589 interesse
3204 540 3554 601 arbitraretur

1970 602 2153 659 eadem
2181 609 2445 675 publicam
2476 611 2525 665 iu
2556 614 2727 671 lucem
2762 620 3010 688 proferri,
3046 626 3167 682 inde
3198 629 3421 706 intelligi
3454 655 3548 707 po-

1968 700 2090 760 test,
2122 700 2262 767 quod
2296 717 2400 758 non
2433 704 2621 762 leviter
2660 724 2780 764 cum
2833 712 2950 781 ipso
2997 721 3222 787 agendo,
3269 700 3557 788 sed-obte-

1968 789 2166 841 stando
2196 800 2250 844 et
2275 794 2574 862 adjurando
2598 801 2665 854 ab
2695 818 2761 854 co
2786 808 3145 876 contenderit,
3176 828 3282 883 quo
3311 823 3548 878 cartuitta

1964 888 2060 929 sua
2115 886 2171 932 et
2217 881 2319 936 alia
2368 886 2631 955 Opttscula
2682 892 2736 947 in
2789 910 2950 951 unum
3000 902 3248 960 volumen
3304 912 3549 984 colligata

1962 969 2259 1039 evulgaret.
2294 972 2349 1029 ld
2398 990 2463 1032 ex
2514 981 2679 1049 ipsius
2731 983 3007 1043 Fortunati
3040 994 3345 1053 testimonio
3391 969 3553 1060 disci-

1924 1070 1933 1073 λ
1965 1075 2108 1131 mus,
2141 1065 2211 1119 ita
2244 1071 2532 1127 scribentis
2561 1076 2627 1127 ad
2659 1076 2846 1147 Greg.,
2876 1080 2970 1137 lib.
3025 1100 3061 1151 ι,
3114 1103 3234 1158 cap.
3266 1093 3285 1146 l
3328 1113 3342 1149 :
3384 1095 3547 1163 Unde,

1960 1152 2037 1203 vir
2063 1159 2359 1227 apostolica,
2394 1163 2725 1230 prrt’dicande
2750 1187 2884 1241 papa
2915 1173 3150 1246 Gregori,
3181 1152 3302 1251 quia
3339 1152 3551 1243 viriliter

1956 1243 2167 1313 ﬂagitas
2212 1261 2271 1303 ut
2313 1258 2548 1323 qttwdam
2599 1274 2664 1311 ex
2705 1264 2963 1327 apusculis
3008 1243 3275 1337 imperitia:
3314 1280 3549 1332 utea-tibi

1957 1338 2313 1406 transferenda
2340 1354 2648 1415 proferrem,
2682 1365 2912 1406 mearum
2956 1372 3204 1427 nugarum
3247 1367 3475 1421 admiror
3500 1384 3546 1426 le

1954 1442 2130 1483 amore
2153 1433 2361 1501 seduci;
2397 1452 2460 1493 ac
2496 1453 2685 1494 rursus
2718 1459 2732 1495 :
2768 1444 2877 1498 Sed
2896 1452 3135 1515 quoniam
3165 1454 3408 1515 humilem
3448 1465 3541 1517 im-

1952 1518 2178 1591 pulsum,
2208 1525 2454 1580 alacrittr
2496 1530 2669 1585 acrius
2697 1536 3018 1602 renitentem,
3050 1545 3142 1598 sub
3187 1553 3542 1614 testiﬁcatione

1950 1604 2112 1661 divini
2143 1618 2393 1684 mysterii,
2425 1625 2472 1668 et
2500 1619 2772 1686 splendore
2800 1627 3045 1684 virtutum
3077 1637 3351 1693 beatissimi
3390 1642 3533 1699 Mar-

1949 1806 2113 1845 meam
2143 1795 2370 1853 deducor
2414 1803 2469 1855 in
2502 1802 2790 1873 publicum,
2822 1819 2924 1865 etc.
2962 1811 3122 1870 Libro
3150 1795 3297 1877 vero.
3320 1839 3370 1890 v,
3412 1843 3533 1898 Cap.

1946 1880 2000 1946 5,
2034 1898 2094 1940 se
2122 1888 2247 1943 item
2281 1892 2347 1945 ab
2374 1909 2438 1950 co
2471 1892 2535 1946 ad
2569 1897 2905 1957 scribendum
2947 1907 3222 1967 incitatum
3260 1922 3444 1976 scribit
3469 1880 3534 1977 iris

1945 1976 2125 2033 verbis
2162 1997 2176 2035 ;
2208 1982 2449 2055 Ιηδιὶςηε,
2493 1983 2647 2041 Pater
2677 1994 2886 2061 Optime,
2918 2002 3051 2053 seria
3072 2008 3383 2075 curiositate,
3428 2016 3531 2069 sin-

1942 2085 2058 2123 cera
2088 2082 2255 2128 tanien
2287 2080 2579 2148 dulcedine,
2625 2089 2853 2143 carmine
2897 2093 3145 2163 elingttmt
3196 2106 3451 2175 proloqui,
3484 2122 3530 2161 rt

1940 2175 2141 2215 currere
2189 2169 2427 2238 pinguem
2474 2190 2617 2229 versu
2668 2180 2909 2245 pedestri.
2950 2184 3140 2240 Eadem
3184 2191 3293 2247 lere
3320 2199 3525 2264 scribit,

1939 2249 1977 2308 l.
2010 2268 2085 2319 ιι,
2115 2272 2163 2311 e.
2190 2259 2240 2313 6.

2009 2346 2094 2399 69.
2129 2350 2302 2422 Atque
2332 2355 2447 2412 htcc
2478 2360 2618 2416 inter
2645 2367 2885 2423 carmina
2910 2385 3027 2441 qua:
3059 2383 3180 2431 tunc
3202 2380 3367 2435 edidit
3396 2383 3525 2437 For-

1938 2447 2153 2497 tunatus
2185 2446 2332 2515 plura
2363 2462 2488 2507 sunt
2515 2470 2631 2524 quae
2661 2460 2727 2513 ad
2760 2460 3073 2532 Gregorium
3107 2469 3279 2540 ipsum
3324 2477 3520 2547 scrip'a

1934 2530 2173 2602 luerunt,
2207 2551 2366 2611 atque
2412 2545 2530 2615 ejus
2564 2549 2816 2607 virtutum
2850 2557 3057 2613 laudem
3089 2572 3145 2617 et
3180 2570 3520 2621 commenda.

1933 2624 2130 2681 tionem
2164 2634 2616 2702 complectuntur.
2649 2640 2729 2698 Ac
2758 2644 2897 2701 inter
2923 2660 3113 2707 caetera
3162 2655 3289 2711 illud
3318 2661 3514 2717 eminet

1931 2718 1982 2769 in
2017 2720 2222 2789 primis,
2260 2731 2400 2794 quod
2432 2745 2607 2789 exstat
2657 2737 2749 2792 lib.
2788 2756 2840 2807 v,
2885 2758 3005 2813 cap.
3052 2748 3107 2812 3,
3154 2749 3408 2820 scripturn
3450 2758 3513 2808 ad

1931 2809 2082 2865 cives
2114 2813 2478 2891 Turonenses,
2524 2841 2629 2894 quo
2660 2829 2845 2884 iisdem
2882 2832 3169 2892 Venantins
3195 2846 3510 2913 gratulatur,

1926 2902 2068 2969 quod
2116 2903 2408 2979 Gregorius
2456 2916 2715 2974 Ecclesiae
2776 2923 2919 2979 illius
2965 2928 3248 3000 episcopus
3300 2947 3512 2993 creatus

1927 2990 2141 3063 fuisset,
2176 3014 2238 3053 ac
2268 3001 2405 3059 bona
2436 3006 2501 3062 iis
2532 3014 2712 3066 omnia
2744 3028 2805 3069 ex
2849 3019 3115 3085 pontiﬁcis
3160 3025 3241 3078 sui
3273 3027 3506 3085 adventu

1843 3129 1891 3193 c
1925 3099 1988 3139 ac
2019 3095 2305 3156 praesentia
2337 3099 2627 3161 ominatur.

1990 3179 2079 3236 70.
2128 3183 2240 3251 Qua
2284 3203 2415 3243 vero
2475 3192 2529 3247 in
2583 3211 2643 3251 se
2686 3201 3049 3260 muniﬁcentia
3090 3224 3152 3264 ac
3189 3211 3505 3272 liberalitate

1916 3269 2057 3326 idem
2086 3272 2380 3347 Gregorius
2411 3295 2578 3353 esset,
2608 3292 2801 3357 passim
2828 3296 2943 3351 suis
2974 3298 3025 3353 in
3055 3304 3382 3361 carminibus
3411 3309 3501 3362 de-

1913 3364 2103 3435 clarat,
2136 3383 2300 3444 atque
2330 3386 2387 3432 ut
2417 3379 2485 3435 de
2515 3384 2728 3440 carteris
2752 3396 2980 3459 taceam,
3006 3396 3098 3450 lib.
3126 3412 3235 3465 vtu,
3259 3416 3378 3471 cap.
3406 3405 3497 3470 $5,

1912 3473 2180 3518 memorat
2212 3467 2316 3522 sibi
2348 3469 2416 3525 ab
2466 3472 2560 3528 illo
2608 3479 2841 3548 agellum
2891 3490 3185 3553 praestitum
3232 3467 3397 3550 fuisse
3433 3467 3499 3551 ad

1909 3552 2221 3611 alimoniam
2270 3574 2333 3615 ac
2376 3574 2605 3625 caeteros
2632 3584 2898 3643 sumptus,
2933 3578 2985 3632 in
3033 3596 3139 3649 quo
3184 3588 3499 3643 munificen-

1913 3642 2038 3698 tiatn
2094 3647 2331 3715 ejusdem
2376 3658 2587 3713 confert
2636 3678 2755 3717 cum
2802 3666 3125 3729 liberalitate
3154 3679 3322 3733 sancti
3362 3681 3497 3735 Mar-

1910 3734 2025 3799 tini,
2078 3753 2196 3793 cum
2251 3744 2338 3798 hic
2387 3748 2453 3802 de
2500 3763 2648 3817 parte
2695 3755 2996 3829 chlamydis
3041 3779 3152 3820 sua:
3198 3770 3395 3825 nudum
3439 3786 3493 3829 et

1905 3838 2152 3895 egentem
2186 3838 2441 3903 Contexit,
2477 3840 2557 3894 his
2589 3847 2832 3902 versibus
2866 3867 2878 3902 :

1998 3918 2674 4007 lupa-99-F?[?3l:a!l3.qaruﬂi
2700 3949 2860 4007 gesta,
2884 3942 3113 4007 Gregort,

2055 3982 2204 4063 Τεξξὶι
2220 3995 2273 4035 ut
2286 3982 2383 4063 :ille
2405 3982 2604 4063 habitu,
2621 3982 2939 4063 ﬂosculis—ipse

1997 4041 2378 4141 lltnc'hla'mydetit
2405 4053 2487 4103 ille
2510 4041 2755 4117 priits,‘sic
2774 4071 2826 4141 tu
2844 4041 3298 4141 partirisggellum;

2116 4122 2144 4141 μ
2200 4124 2341 4141 οη...
2366 4130 2393 4141 ..
2419 4126 2591 4141 ηιμ.--
2636 4128 2719 4141 .-__
2746 4139 2781 4141 ,_
2837 4140 2841 4141 ν

2054 4105 2144 4157 llle
2180 4105 2394 4173 tegendo
2418 4105 2609 4178 potens,
2625 4105 3233 4185 't'uiiiéiorv'éiiiié'dii’ciaii's':

1898 4182 2065 4257 Cujus
2110 4191 2325 4259 quidem
2377 4199 2535 4267 agelli
2579 4182 2738 4259 situm
2781 4218 2832 4263 et
2882 4215 3248 4275 ammttitatem
3278 4222 3478 4282 descri-

1895 4274 2050 4343 hens,
2083 4295 2132 4333 c.
2158 4280 2229 4336 24
2258 4286 2498 4353 ejusdem
2534 4292 2674 4359 libri,
2708 4295 2822 4353 haec
2852 4300 2927 4353 ait
2958 4319 2972 4355 :

1988 4366 2063 4455 In.
2064 4382 2170 4455 1qua
2183 4384 2326 4455 ‘s’orte
2348 4377 2443 4455 loci
2468 4381 2586 4430 facta
2613 4392 2687 4455 est
2708 4388 2840 4455 colla?
2855 4392 2900 4438 io
2920 4392 3051 4455 doni,

2050 4432 2155 4519 Quit
2183 4436 2404 4498 Vigcttna
2418 4453 2600 4519 procax
2625 4432 2992 4519 littorel'rangit
3014 4433 3181 4519 a’quas.

2548 4490 2554 4491 κ
2577 4490 2600 4492 ﬂ
2626 4490 2747 4496 ,-._'-
2764 4490 2789 4497 _
2812 4490 2911 4499 -.ι-ιιι
2957 4490 2992 4503 ιι
3014 4490 3053 4503 σι
3078 4490 3181 4508 una.

1988 4490 2222 4603 Lapathus
2244 4490 2297 4547 Et
2325 4490 2519 4553 tumidis
2540 4506 2653 4555 dum
2671 4509 2827 4559 fertur
2847 4490 2989 4565 natita
3016 4490 3207 4583 ca'rtnis,

2078 4569 2230 4603 uaera
2256 4562 2385 4603 nulla
2415 4566 2543 4603 vian
2591 4574 2781 4603 ιιιιοηδη
2804 4576 3024 4603 manu..-
3048 4584 3169 4603 ,ιι-ιε-

2078 4569 2230 4619 ugera
2256 4562 2387 4612 culta
2415 4566 2565 4627 videt,
2591 4574 2781 4630 quando
2804 4562 3192 4632 celeuma'eanit'.

1958 4635 2047 4692 71.
2080 4639 2335 4710 Ejusdem
2368 4661 2499 4701 vero
2525 4650 2575 4705 in
2601 4641 2878 4711 se°collata
2923 4675 3142 4718 munera
3173 4681 3236 4722 ac
3264 4671 3467 4728 beneli»

1886 4728 1966 4781 cia
2008 4735 2315 4791 summatim
2369 4744 2754 4815 complectens,
2800 4749 2837 4804 l.
2886 4766 2999 4817 vui,
3049 4770 3099 4811 c.
3146 4758 3237 4825 23,
3280 4778 3465 4821 eorum

1886 4824 2309 4890 magnitudinem
2336 4846 2399 4883 ac
2431 4848 2709 4891 numerum
2739 4842 3010 4911 exprimit,
3042 4847 3288 4918 inquiens
3319 4871 3333 4908 :

1978 4915 2537 5003 maremari
2558 4928 2725 5003 lingua
2750 4934 2931 4983 ﬂuenta
2956 4939 3165 5003 rigaret,

2038 4978 2075 5062 :1'
2082 4982 2252 5031 urbiue
2278 4990 2513 5055 torrentis
2538 4991 2615 5039 vel
2631 4978 2903 5062 imperetur
2925 4978 3079 5062 aijucis,

1975 5040 2158 5128 Adntu:
2176 5049 2683 5128 pitecipue-praaco‘nia
2702 5040 2909 5127 iniiinii,
2926 5040 3161 5128 Ege-gini,

2034 5102 2159 5178 Dum
2176 5102 2279 5155 'non
2301 5102 2361 5156 εἰ
2371 5102 2554 5178 ple'rem
2584 5102 2963 5178 ﬂumitteIVg—uita
2977 5102 3157 5175 ’tbi’éiiif

1971 5161 2349 5256 Mugilictitnque
2371 5161 2809 5256 Patremf’quarci
2825 5161 2927 5256 nec
2956 5184 3090 5256 Musa
3109 5190 3340 5256 Maronis,

2034 5225 2159 5276 Fers
2176 5225 2300 5278 bona
2320 5244 2497 5293 quanta
2524 5225 2663 5298 mihi:
2688 5225 2943 5301 quisa—alet
2956 5225 3237 5312 365633}?

1948 5305 2037 5361 72.
2063 5308 2198 5376 Quid
2217 5324 2394 5370 autem
2419 5321 2652 5389 reliquos
2674 5338 2980 5383 enumerem
2999 5348 3132 5401 quos
3154 5343 3234 5391 sui
3257 5341 3457 5396 amicos

1871 5410 1933 5449 ac
1964 5410 2220 5467 patronos
2252 5404 2435 5464 habuit
2460 5411 2510 5464 in
2541 5412 2705 5469 Gallis
2733 5415 3087 5476 Fortunatus?
3128 5425 3304 5497 Reges
3334 5431 3455 5488 dico

1871 5501 1932 5540 ac
1962 5490 2227 5560 principes
2252 5497 2416 5562 viros,
2452 5504 2644 5570 quibus
2676 5515 2780 5561 tam
2808 5524 3081 5580 acceptum
3113 5526 3273 5585 atque
3302 5532 3447 5578 omni

1870 5588 2110 5650 tempore
2137 5584 2433 5653 jucundum
2467 5604 2521 5647 et
2551 5596 2773 5652 charum
2805 5606 3054 5660 eumdem
3103 5608 3286 5677 fuisse,
3334 5630 3451 5682 per-

1866 5686 2139 5741 magnum,
2171 5694 2290 5731 meo
2320 5684 2536 5749 quidem
2562 5686 2787 5758 judicio,
2831 5709 2950 5750 cum
2984 5698 3179 5770 ingenii
3229 5706 3349 5771 ejus
3395 5718 3449 5762 et

1866 5764 2143 5836 doctrinm,
2184 5780 2293 5827 tum
2326 5776 2445 5831 vita:
2480 5781 2818 5853 integritatis,
2851 5800 3009 5858 atque
3055 5795 3215 5850 etiam
3257 5798 3441 5868 cujus—-

2930 5883 2969 5942 2
