4124 6348
554 231 628 286 83
1095 225 1612 282 PBOLEGOMENA
1664 227 1751 281 AD
1796 227 2117 284 VENANTH
2167 229 2321 284 “0N.
2367 229 3007 287 CLEMuFOIiTU'NATI
3047 230 3297 285 OPERA.
3750 229 3841 287 44

553 347 679 398 dam
728 343 778 395 in
812 338 1054 394 lattiiliari
1096 338 1482 393 consuetudine
1523 339 1839 394 urbanitatis
1888 355 1951 395 ac
1997 340 2145 394 festi-
2178 348 2224 404 Α
2253 343 2570 411 εξωωεὲαύε
2601 345 2762 397 inisse
2810 353 2867 397 ut
2911 359 3006 412 per
3053 359 3272 408 anmuu,
3306 359 3370 398 ac
3415 348 3580 400 sacro
3603 349 3844 401 maxime

555 435 756 500 vitalis,
789 441 870 486 est
899 431 1282 485 testimonium.
1315 428 1483 498 Supra
1513 428 1621 499 jam
1653 428 1888 483 diximus
1920 446 2076 499 quam
2103 432 2145 484 is

556 532 845 602 Sigiberto,
883 526 991 592 regi
1024 523 1339 588 Austrasiae,
1367 535 1552 593 gratus
1581 532 1726 576 esset
1753 532 1806 576 et
1834 523 2100 590 iucundus
2129 541 2139 576 :

553 623 640 676 cui
672 619 899 674 addendi
935 617 1172 686 ejusdem
1203 614 1415 676 fratres,
1447 613 1812 675 Cliaribertus,
1846 614 2140 667 Gttntram-

556 730 678 780 ειυς,
704 711 1071 781 Cbilpericus,
1103 718 1158 764 et
1196 706 1445 776 Sigiberti
1481 705 1619 759 (ilius
1650 704 1762 775 (qni
1795 715 1978 775 postea
2031 707 2139 758 Au-

553 810 762 861 strasize
815 818 1034 873 regnum
1085 799 1306 868 tenuit),
1348 797 1738 861 Childebertns,
1787 810 1904 849 cum
1948 797 2148 866 reginis

554 876 665 954 suis
717 895 1079 958 Brun'rcbilde,
1130 891 1502 953 Gelesuintlia,
1539 886 1915 958 Fredcgum'z,
1961 904 2022 942 ac
2061 898 2144 941 re-

555 989 654 1057 gzis
703 985 942 1048 familiis,
975 982 1113 1050 apud
1161 995 1296 1050 quos
1346 979 1693 1046 Fortunatum
1751 982 1801 1033 in
1854 981 2056 1033 honore
2086 993 2147 1030 ac

554 1082 724 1152 pretio
756 1078 942 1142 fuisse,
977 1084 1054 1131 tot
1081 1075 1148 1128 de
1181 1074 1261 1128 bis
1292 1082 1449 1143 atque
1489 1073 1552 1126 ad
1587 1072 1741 1146 ipsos
1770 1075 1966 1143 scripta
2019 1087 2145 1141 poe-

550 1186 687 1228 mata
723 1174 913 1241 pnssitt‘.
952 1177 1238 1219 testantur.

621 1267 708 1320 75.
741 1264 856 1317 Jaut
892 1278 1018 1314 veru
1050 1268 1244 1325 prieter
1285 1253 1593 1322 Gngonem,
1630 1256 1858 1325 Lupum,
1913 1254 2145 1323 Magnul-

549 1359 732 1427 phum,
765 1354 1037 1419 .iOt'ille,
1065 1361 1115 1403 et
1145 1347 1278 1401 alios
1309 1346 1375 1398 de
1404 1343 1595 1415 quibus
1628 1363 1784 1416 supra
1821 1349 2144 1400 mentionem

549 1451 672 1519 leci,
705 1446 1101 1504 Munitnulenus
1133 1442 1318 1505 etiam,
1351 1440 1431 1491 vir
1471 1436 1580 1490 illis
1611 1441 1945 1510 l-mjpojjbus
1975 1439 2148 1508 mgni-

549 1558 656 1600 Iule
687 1552 969 1614 ιιι-ωςιιιιιε,
1005 1550 1056 1593 οι
1089 1538 1226 1592 inter
1276 1547 1403 1586 bIJOS
1447 1529 1836 1602 llObiiibsimus’
1888 1533 2147 1587 aujicissi-

548 1655 668 1693 mus
696 1632 968 1692 Fortunati
997 1631 1116 1684 l'uit.
1152 1627 1252 1688 llic
1281 1625 1432 1678 illum
1478 1633 1698 1698 egregie
1751 1629 1929 1684 laudat
1980 1627 2016 1681 Ι.
2049 1641 2144 1691 vn,

2255 436 2710 503 quatlragesitnali
2742 447 3004 504 teinpore,
3035 437 3089 488 in
3123 438 3295 488 locum
3325 438 3627 506 quempiam
3649 440 3720 494 ab
3748 440 3840 494 lto-

2252 525 2454 577 minum
2489 527 2786 593 frequentia
2819 540 3085 580 remonuit
3125 529 3462 593 accederent,
3498 531 3549 584 in
3577 546 3685 598 quo
3715 547 3838 601 pre-

2227 615 2408 670 .cibus
2440 616 2872 685 solisaejejuniis
2906 629 3178 674 vacarent.
3215 619 3284 673 Ita
3317 621 3383 673 de
3409 630 3599 676 sancto
3623 623 3842 681 Senocb

2252 721 2431 764 narrat
2462 712 2620 780 Greg.
2655 714 2811 778 'l'ur.,
2871 715 2962 768 lib.
3015 717 3080 769 de
3110 716 3148 768 ν
3181 717 3247 770 tis
3298 717 3536 786 Patrum,
3579 736 3696 791 cap.
3751 723 3842 788 15,

2251 803 2390 870 quod
2425 820 2451 855 a
2484 804 2571 857 die
2600 806 2773 858 sancti
2808 805 3045 869 Martini,
3077 821 3245 875 usque
3272 809 3336 860 ad
3368 808 3610 864 Natalem
3647 811 3843 866 Christi

2250 895 2414 960 diem,
2443 905 2492 948 et
2527 911 2719 949 rursus
2752 897 3100 966 quadraginta
3132 910 3259 951 ante
3289 899 3486 953 Pascha
3514 902 3702 956 diebus
3729 905 3811 957 cel

2251 987 2353 1040 Inla
2386 989 2599 1042 vivebat
2633 991 2904 1056 inclusus;
2938 992 3171 1058 itemque
3201 991 3269 1046 de
3301 994 3610 1048 uerecundo
3641 997 3689 1062 ³,
3719 1011 3822 1064 pou

2253 1081 2395 1135 tilite
2441 1081 2788 1136 Ambiancnsi
2834 1093 3016 1136 narrat
3064 1093 3250 1138 auctor
3301 1083 3558 1155 Gregorio
3603 1101 3841 1152 coaevus,

2255 1173 2395 1241 ψιού
2423 1185 2692 1228 secretum
2723 1177 2776 1228 in
2812 1175 2984 1229 locum
3014 1175 3320 1239 recedebat,
3352 1187 3408 1230 ut
3433 1191 3587 1232 sacro
3613 1181 3843 1247 quadra-

2249 1264 2492 1333 gesimali
2548 1273 2791 1334 tempore
2841 1265 3143 1320 divinarum
3184 1281 3363 1320 rerum
3402 1269 3842 1335 contemplationi

2251 1357 2804 1425 vacaretimpensius.

2325 1446 2412 1500 76.
2449 1448 2617 1503 Porro
2647 1463 2765 1503 eam
2793 1451 2859 1502 ad
2892 1465 3006 1503 rem
3040 1450 3334 1519 aptissima:
3375 1451 3725 1506 occurrebant
3759 1451 3839 1504 in-

2252 1542 2413 1605 sulae,
2449 1556 2591 1611 qme,
2626 1544 2761 1594 mari
2794 1542 3026 1612 undique
3055 1543 3412 1608 circumfusa,
3458 1543 3844 1613 frequentiores

2255 1635 2528 1688 hominum
2561 1636 2817 1689 arcebant
2845 1650 3117 1691 accessus.
3151 1634 3193 1690 ﬂ
3220 1651 3285 1689 ne
3312 1637 3380 1690 de
3410 1636 3665 1700 Palladio,
3696 1635 3846 1690 San-

546 1747 595 1785 c.
633 1729 717 1795 li,
752 1743 813 1782 ac
844 1727 879 1780 Ι.
911 1742 984 1791 ix,
1016 1739 1065 1778 c.
1094 1719 1153 1786 2,
1206 1717 1396 1776 scribit
1446 1715 1512 1768 ad
1544 1720 1794 1776 eumdem
1841 1718 2143 1772 consolato-

2265 1727 2479 1782 tonebsi
2529 1729 2810 1796 episcopo,
2861 1739 3042 1782 narrat
3076 1728 3390 1799 Gregorius,
3440 1729 3531 1783 lib.
3581 1743 3672 1784 vm
3703 1729 3842 1784 Hist.

547 1825 680 1878 nam
731 1821 1014 1889 epistolam
1061 1829 1155 1886 pro
1190 1821 1364 1867 morte
1396 1807 1590 1878 puella?
1638 1816 1782 1868 tiliae.
1818 1814 1944 1867 Item
1976 1813 2145 1879 Papu-

549 1924 665 1980 lllS,
720 1917 799 1970 \‘ll‘
845 1913 984 1983 apud
1032 1909 1356 1980 Sigibertum
1409 1911 1836 1974 Mlenlissimus,
1883 1907 2145 1972 lterum“,

540 1992 755 2074 Cautio,
789 2006 1152 2072 Gundnarius,
1204 2005 1364 2060 Boso.
1419 1996 1776 2070 Galactorius,
1818 2000 2143 2063 Clirodinus,

549 2101 891 2162 lllunuuolus,
922 2107 977 2152 et
1022 2095 1111 2150 alii
1139 2109 1262 2152 cum
1294 2093 1420 2152 virtt
1443 2105 1495 2150 te
1543 2109 1604 2152 ac
1634 2094 1892 2163 dignitate
1927 2090 2142 2159 praecelo

551 2197 723 2248 lentes
771 2190 892 2254 viri,
951 2198 1060 2242 ttttn
1111 2185 1249 2254 apud
1301 2202 1453 2254 reges
1485 2203 1612 2240 suos
1644 2185 1889 2240 honorati
1940 2193 1992 2237 et
2021 2196 2144 2251 grao

553 2287 697 2351 tiosi,
736 2285 1004 2356 pra-cipua
1054 2281 1424 2336 benevolentia
1466 2281 1715 2336 eumdem
1760 2278 2022 2349 prosecuti
2050 2277 2146 2332 de-

548 2378 970 2450 prehenduntur.
1023 2373 1174 2442 Quod
1228 2383 1407 2428 autem
1459 2373 1522 2427 ad
1572 2376 1689 2442 ejus
1723 2369 2145 2426 commendatio—

551 2487 696 2536 nem,
743 2485 866 2525 meo
895 2467 1113 2538 quidem
1141 2465 1370 2535 judicio,
1403 2466 1584 2521 valere
1633 2465 1922 2536 plurimum
1965 2461 2144 2527 debet,

552 2563 683 2617 illud
717 2571 820 2628 est,
855 2561 996 2630 quod
1024 2575 1146 2614 cum
1178 2560 1393 2614 illorum
1424 2573 1556 2628 quos
1603 2557 1874 2614 nominavi
1907 2558 2150 2627 plerique

548 2655 698 2708 varia
753 2653 963 2708 fortuna
998 2653 1077 2706 usi
1128 2651 1401 2708 interdum
1435 2654 1561 2715 sint,
1596 2666 1658 2704 ac
1687 2651 1930 2705 nonnulli
1981 2651 2065 2705 vel
2089 2653 2142 2703 in

549 2765 704 2818 rcges
736 2749 882 2818 ipsos
913 2746 1365 2815 conspiraverint,
1399 2755 1489 2798 aut
1517 2745 1582 2797 ab
1609 2744 1797 2798 iisdem
1827 2743 2143 2810 defecerint,

549 2843 639 2896 aiti
692 2840 943 2911 gravibus
992 2839 1060 2892 de
1106 2839 1284 2892 causis
1340 2836 1575 2907 suspecti
1625 2846 1677 2889 et
1725 2834 1912 2889 oll'ensi
1969 2836 2141 2889 locum

545 2951 699 2989 suum
721 2944 775 2989 et
797 2934 1023 3003 gradum
1049 2932 1348 2996 amiserint,
1378 2940 1433 2987 et
1461 2930 1656 2984 exsilio
1685 2938 1779 2982 aut
1804 2937 1974 2982 morte
1999 2927 2141 2982 mul-

547 3028 642 3081 tati
690 3025 994 3081 miserrime
1039 3024 1364 3088 interierint,
1419 3036 1557 3076 unus
1605 3034 1740 3090 pene
1790 3019 2134 3085 Fortunatus,

549 3117 692 3172 nulla
724 3131 958 3184 unquam
990 3115 1060 3170 de
1089 3129 1251 3170 causa
1284 3113 1577 3168 accersitus
1607 3118 1699 3165 aut
1744 3123 2023 3179 SllspeClllB
2066 3110 2137 3164 le-

547 3211 690 3279 gitur
722 3208 910 3272 luisse,
941 3222 1041 3261 uec
1069 3221 1253 3260 eorum
1288 3222 1425 3276 quos
1453 3204 1808 3262 amicissimos
1835 3215 1889 3259 et
1913 3203 2140 3273 conjun-

550 3300 820 3354 CllSSltthS
868 3297 1103 3357 habebat
1153 3299 1430 3351 calamitas
1485 3294 1562 3349 illi
1619 3311 1723 3364 qua
1771 3294 1911 3364 apud
1969 3294 2143 3363 Reges

550 3393 826 3446 lruebatur
855 3390 1040 3460 gratiae
1088 3388 1269 3442 ollecit
1295 3387 1582 3457 aliquando
1617 3405 1629 3441 :
1663 3386 1802 3455 quod
1843 3401 2035 3457 magno
2065 3385 2142 3440 itt-

552 3487 688 3541 dicio
716 3495 798 3540 est
828 3485 898 3539 ita
930 3483 1182 3540 eumdem
1231 3482 1690 3538 nobilissimorum
1741 3481 1976 3536 virorum
2008 3481 2140 3554 ami-

547 3581 701 3634 citias
751 3578 1003 3644 coluisse,
1055 3588 1112 3631 ut
1155 3577 1294 3631 idem
1343 3577 1536 3630 alienis
1589 3591 1619 3630 a
1669 3588 1894 3644 persona
1946 3588 2040 3629 sua
2088 3583 2141 3627 et

548 3673 714 3743 gradu
749 3670 980 3742 negotiis
1009 3685 1128 3725 sese
1157 3685 1262 3724 non
1303 3669 1652 3733 immisceret,
1686 3676 1866 3739 atque,
1897 3671 1964 3721 ab
1995 3667 2141 3722 omni

555 3768 782 3833 partium
817 3767 994 3819 studio
1020 3764 1249 3829 alienus,
1281 3762 1422 3832 quod
1451 3777 1606 3815 suum
1637 3771 1756 3815 erat
1798 3776 1934 3829 Opus
1963 3774 2143 3830 perse-

543 3865 821 3926 queretur,
853 3857 996 3925 pacis
1027 3863 1187 3920 atque
1211 3853 1305 3907 otii
1337 3854 1567 3909 amicus.

619 3948 709 4003 7i.
746 3948 989 4017 Spatium
1028 3962 1156 4000 vero
1189 3945 1444 4013 temporis
1473 3943 1687 4014 aliquod
1722 3941 1978 3997 habitavit
2005 3941 2139 3995 For-

551 4050 766 4093 tunatus
792 4041 843 4091 in
871 4052 933 4091 ea
969 4036 1255 4090 Britannia:
1298 4037 1519 4090 minoris
1551 4045 1701 4104 parte
1732 4051 1848 4103 qua:
1877 4037 1944 4089 ad
1972 4037 2141 4088 Ocea-

544 4145 673 4184 num
720 4131 916 4199 posita,
965 4128 1081 4196 ejus
1132 4128 1383 4182 ﬂuctibus
1416 4126 1631 4181 alluitur
1662 4142 1724 4180 ac
1754 4128 2004 4195 cingitur.
2057 4127 2145 4180 Sic

548 4221 689 4275 enim
746 4221 862 4289 ipse
892 4221 1080 4274 scribit
1127 4220 1193 4274 ad
1240 4220 1473 4274 Felicem
1506 4219 1948 4286 Namnetensetn,
1983 4220 2019 4272 1.
2064 4235 2142 4286 tit,

548 4329 665 4382 cap.
683 4312 718 4366 4
745 4329 757 4365 :
789 4312 1048 4365 Uscitante
1075 4327 1152 4365 me
1180 4329 1337 4383 prope
1357 4312 1577 4380 ﬁnitima
1603 4314 1774 4383 pelagi
1799 4313 2146 4367 blandimento

2166 3066 2214 3128 C

2254 1819 2478 1882 Franc.,
2508 1834 2629 1886 cap.
2662 1818 2751 1884 45,
2786 1820 2924 1887 quod
2956 1819 3070 1889 ipse
3103 1820 3520 1890 Quadragesiune
3544 1831 3766 1891 tempore
3789 1822 3843 1875 in

2239 1909 2470 1961 insulam
2511 1911 2702 1974 utaris,
2745 1910 2999 1963 orationis
3045 1925 3231 1976 causa,
3278 1911 3580 1965 secessisset.
3617 1911 3846 1966 Sanctus

2253 1999 2533 2054 Marcellus
2565 2001 2750 2060 etiam.
2781 2002 2950 2056 abbas
2998 2000 3302 2066 Nantensis,
3350 2003 3402 2056 in
3444 2003 3725 2065 quamdam
3766 2003 3845 2055 in-

2255 2093 2424 2146 sulam
2459 2095 2743 2162 quotannis
2774 2094 3137 2164 confugiebat,
3167 2106 3413 2162 quatenus
3440 2096 3510 2148 tbi
3539 2111 3691 2166 super
3713 2097 3846 2150 illud

2251 2201 2454 2239 sacrum
2488 2197 2688 2255 tempus
2731 2189 3194 2258 quadrngenarium
3232 2203 3418 2258 corpus
3448 2187 3664 2257 rigidius
3693 2182 3846 2242 solito

2248 2288 2558 2344 maceraret,
2585 2290 2632 2332 et
2670 2297 2772 2348 quo
2813 2279 2876 2333 ab
2918 2279 3181 2333 hominum
3211 2292 3485 2348 conspectu
3515 2289 3642 2334 esset
3680 2295 3840 2334 rente-

2249 2374 2369 2437 tior,
2410 2388 2468 2425 eo
2498 2373 2565 2425 ad
2594 2371 2828 2441 vigilias,
2872 2373 3178 2440 orationem,
3221 2373 3528 2444 jejuniaque
3567 2374 3846 2426 exercenda

2247 2469 2436 2535 aptior,
2467 2476 2622 2536 atque
2669 2465 2955 2533 expeditior
3007 2477 3155 2526 esset,
3204 2477 3260 2518 ut
3292 2465 3484 2533 legitur
3505 2465 3557 2518 in
3603 2463 3846 2533 ejusdem

2248 2556 2390 2623 Vita,
2427 2573 2479 2610 η.
2510 2557 2596 2622 η,
2627 2554 2753 2626 qure'
2780 2559 2946 2610 relata
2975 2565 3059 2611 est
3099 2571 3226 2611 sae.
3261 2571 3278 2609 ι
3308 2555 3532 2621 Bened,
3568 2571 3685 2624 pag.
3721 2555 3843 2614 128.

2248 2648 2413 2703 Porro
2462 2649 2542 2704 vel
2603 2658 2760 2702 relate
2820 2649 2930 2701 divi
2975 2647 3245 2704 Ambrosii
3295 2663 3452 2717 quam
3523 2647 3846 2718 frequentari

2249 2738 2435 2792 ittSni:B
2468 2739 2703 2793 solerent
2728 2737 2796 2791 ab
2822 2737 2904 2792 bis
2930 2738 3041 2806 qui,
3071 2737 3285 2806 pietatis
3313 2753 3494 2803 causa,
3526 2739 3639 2791 sola
3668 2752 3732 2792 ac
3760 2752 3844 2793 se-

2246 2843 2396 2882 creta
2430 2830 2480 2883 in
2515 2829 2629 2883 loca
2661 2828 2948 2896 cupiebant
2977 2829 3249 2894 secedere,
3304 2829 3502 2882 indicat
3553 2831 3666 2896 ipse
3715 2833 3847 2882 Am-

2246 2922 2459 2976 brosius
2488 2920 2543 2975 in
2578 2921 2805 2974 ﬂexam.
2839 2920 2875 2974 Ι.
2905 2936 2982 2987 Ill,
3023 2935 3072 2975 c.
3106 2919 3158 2986 5,
3207 2921 3271 2974 iis
3301 2921 3478 2975 verbis
3509 2938 3522 2972 :
3556 2920 3692 2985 Quid
3721 2936 3847 2974 enu-

2245 3030 2433 3067 merem
2472 3014 2737 3066 insulas...
2771 3013 2824 3067 in
2853 3014 3036 3082 quibus
3081 3013 3120 3066 ii
3161 3014 3246 3081 qui
3293 3029 3349 3066 se
3382 3012 3619 3066 abdicavit
3665 3013 3846 3065 intem-

2245 3106 2492 3171 perantia:
2513 3105 2775 3159 sa‘cularis
2795 3103 3064 3171 illecebris,
3084 3104 3186 3172 [ide
3209 3105 3534 3158 continentur
3558 3106 3841 3173 proposito,

2242 3196 2438 3272 eligunt
2471 3197 2666 3251 mundo
2696 3199 2872 3262 latere,
2918 3206 2963 3250 et
3008 3198 3124 3252 uitta
3166 3197 3324 3268 hujus
3365 3197 3626 3251 declinare
3663 3198 3846 3252 dubios

2242 3291 2556 3358 anfractus?
2589 3290 2733 3345 Mare
2762 3301 2835 3346 est
2863 3306 2983 3361 ergo
3020 3302 3265 3345 secretum
3299 3302 3480 3359 tempe:
3493 3293 3668 3362 antire,
3702 3309 3842 3346 exer-

2243 3386 2420 3438 citium
2446 3385 2794 3450 continentiw,
2822 3386 3087 3456 gravitatis
3120 3401 3366 3451 secessus,
3392 3395 3565 3456 portus
3593 3391 3843 3440 securita-

2244 3481 2327 3540 tis,
2361 3478 2709 3546 tranquillitas
2756 3479 2958 3543 sa’culi,
3006 3478 3186 3531 mundi
3231 3477 3389 3549 hujus
3433 3480 3706 3547 sobrietas,
3733 3486 3843 3531 tum

2242 3568 2482 3637 ﬁdelibus
2515 3573 2634 3624 viris
2681 3580 2831 3639 atque
2859 3571 3050 3624 devotis
3099 3572 3402 3625 incentivum
3451 3573 3756 3635 devotionis,
3789 3585 3844 3628 ut

2243 3679 2358 3715 cum
2403 3665 2662 3715 undarum
2712 3664 2892 3715 leniter
2921 3662 3224 3716 alluentium
3269 3681 3397 3718 sono
3437 3678 3628 3719 certent
3665 3679 3845 3721 tantus

2243 3753 2596 3822 psallentium,
2629 3753 2876 3822 plaudunt
2906 3754 3088 3808 insuer
3125 3757 3404 3823 tranquillo
3445 3759 3696 3824 [luctuum
3725 3774 3846 3811 san-

2243 3856 2441 3899 ctorum
2462 3846 2640 3914 choro,
2675 3846 2879 3915 hymnis
2913 3855 3206 3899 sanctorum
3233 3849 3520 3916 personant.

2318 3937 2408 3990 77.
2442 3939 2574 4003 Quae
2595 3953 2719 3992 cum
2753 3941 2819 3990 ita
2847 3940 2974 4004 sint,
3007 3938 3244 3993 adducor
3273 3953 3324 3993 ut
3355 3945 3568 3995 credam
3605 3945 3684 3998 vel
3714 3943 3838 3998 Fon-

2253 4039 2501 4084 tunatum
2551 4045 2603 4083 tn
2647 4035 2953 4099 quampiam
3005 4031 3231 4085 insulam
3264 4035 3515 4089 secedere
3560 4037 3845 4103 aliquando

2245 4121 2608 4185 consuevisse,
2643 4122 2800 4190 idque
2830 4124 2964 4175 torte
3011 4136 3167 4176 sacro
3217 4124 3656 4192 Quadragesima:
3695 4135 3838 4178 tent-

2249 4227 2396 4282 pore,
2452 4216 2502 4266 in
2552 4229 2676 4282 qua,
2728 4215 2794 4267 ab
2843 4213 3121 4268 hominum
3173 4218 3328 4268 turba
3378 4230 3640 4284 remotus,
3684 4227 3844 4288 atque

2248 4306 2498 4358 omnibus
2530 4319 2733 4359 vacuus
2778 4308 3030 4375 negotiis,
3077 4304 3301 4382 jejuuiis
3345 4322 3409 4362 ac
3441 4310 3686 4376 precibus
3733 4325 3844 4364 ειυς

547 4407 806 4460 uaturalis
833 4397 1053 4474 torporis
1084 4407 1136 4456 in
1164 4405 1316 4471 lecto,
1360 4416 1406 4457 et
1435 4404 1654 4458 littorali
1684 4406 1876 4459 diutius
1923 4407 1973 4457 in
2005 4422 2143 4458 mar-

2254 4395 2457 4448 ditsius
2509 4396 2753 4449 instaret.
2799 4397 2952 4460 Quod
3003 4399 3147 4451 enim
3200 4400 3313 4466 ipse
3363 4399 3413 4451 in
3457 4401 3631 4467 aliqua
3673 4403 3843 4454 insula

547 4503 665 4570 gine
708 4499 1023 4564 decubanle,
1070 4497 1236 4551 subito
1287 4513 1375 4566 per
1426 4497 1726 4567 undifrugos
1771 4499 1920 4550 vestri
1950 4499 2139 4567 ﬂuctus

548 4593 760 4662 eloquii,
792 4593 940 4660 quasi
965 4591 1191 4659 scapulis
1235 4590 1610 4643 incurrentibus
1647 4589 1792 4652 elisa,
1834 4591 1957 4643 sals
1986 4606 2138 4660 spas-

546 4689 666 4760 gine
694 4702 772 4739 me
801 4684 1014 4756 contigit
1038 4684 1277 4736 ἕπου-ανῆ.
1304 4682 1448 4735 Idem
1475 4682 1714 4736 scribens
1743 4683 1807 4737 ad
1844 4683 2139 4738 Druconem

550 4780 728 4846 Diac.,
761 4779 854 4834 lib.
882 4793 964 4839 tu,
997 4791 1114 4846 cap.
1151 4777 1239 4842 '53,
1272 4776 1386 4830 haec
1407 4777 1480 4829 ait
1516 4793 1528 4827 :

640 4895 740 4946 Nos
764 4896 914 4944 maris
933 4893 1114 4944 Oceani
1138 4893 1372 4941 tumidum
1392 4892 1683 4942 circumﬂuit
1701 4908 1891 4954 aequor,

701 4957 777 5006 'l‘e
800 4970 998 5018 quoque
1027 4957 1261 5010 Parisius,
1287 4957 1438 5002 cbare
1462 4969 1516 5002 so
1536 4960 1663 5014 lu'is,
1695 4960 1864 5006 habet.

642 5021 873 5080 Sequana
902 5030 951 5066 tu
974 5021 1179 5082 retinet.
1208 5031 1296 5066 n05
1324 5018 1448 5066 unda
1483 5018 1759 5067 Britannica
1779 5019 1952 5082 cingit.

705 5082 900 5131 Divisos
926 5083 1089 5135 terris,
1115 5080 1280 5138 alligat
1306 5091 1432 5126 unus
1457 5093 1610 5127 amor.

638 5144 745 5194 Non
773 5143 903 5191 furor
933 5143 1008 5189 h.c
1038 5143 1200 5200 l’olagt
1230 5144 1411 5189 vultum
1435 5144 1554 5189 mihi
1597 5143 1839 5191 subtrahit
1863 5142 2016 5201 illum,

705 5206 807 5255 Nec
834 5204 1017 5254 Boreas
1038 5208 1197 5253 aul'ert
1223 5217 1417 5264 nomen,
1447 5204 1621 5262 amice,
1647 5213 1800 5253 tuum.

630 5309 723 5365 75.
774 5305 1132 5374 Quaerendum
1181 5315 1358 5361 antctn
1413 5308 1618 5362 videtur
1648 5322 1876 5376 quanam
1921 5308 2152 5369 maxime

554 5401 620 5456 tle
651 5415 810 5455 causa
842 5400 980 5452 idem
1007 5401 1056 5451 in
1085 5413 1205 5452 oras
1233 5400 1348 5452 illas
1371 5415 1434 5453 ac
1467 5400 1642 5453 littora
1663 5396 2011 5453 secessisset?
2041 5398 2152 5465 Qua

555 5493 609 5547 iit
630 5509 688 5549 re
716 5492 758 5548 si
793 5492 916 5548 licet
947 5492 1216 5560 conjicere
1246 5491 1468 5560 aliquid,
1496 5493 1622 5545 illud
1652 5492 1884 5561 primum
1908 5493 2152 5546 animad-

555 5596 725 5649 verto,
769 5587 1008 5642 solemne
1061 5594 1190 5638 tunc
1239 5585 1498 5651 temporis
1552 5585 1821 5655 plerisque
1874 5584 1998 5640 viris
2030 5584 2152 5641 reli-

623 5711 644 5736 "
679 5702 816 5772 Lege
846 5699 998 5770 przt'l'.
1030 5700 1097 5754 ad
1125 5715 1268 5752 saec.
1302 5699 1340 5760 i,
1378 5718 1429 5749 n.
1465 5698 1585 5752 ill.

2252 4488 2463 4550 vixerit,
2496 4503 2559 4551 ex
2593 4488 2833 4557 ejusdem
2860 4489 3037 4543 verbis
3071 4491 3286 4560 intelligi
3327 4501 3524 4559 potest,
3557 4493 3750 4561 quibus
3780 4495 3843 4548 ad

2249 4583 2572 4638 l’lacidinam
2603 4583 2811 4648 scribit,
2841 4583 2928 4637 lib.
2965 4599 3000 4646 ι,
3029 4599 3150 4653 cap.
3181 4585 3270 4651 Π,
3299 4584 3400 4642 hoc
3421 4587 3580 4639 modo
3610 4602 3622 4638 :

2345 4677 2545 4726 Mniwra
2569 4687 2713 4741 parva
2740 4675 2900 4741 nimis,
2928 4678 3028 4737 pia,
3050 4679 3270 4739 suscipe,
3299 4690 3485 4740 quaeso,
3516 4679 3751 4741 libenter,

2407 4742 2525 4794 Qua:
2549 4739 2704 4796 magis
2723 4743 2822 4796 ipsa
2844 4738 3050 4799 decens,
3074 4752 3252 4788 munus
3270 4738 3460 4790 inorbo
3474 4738 3654 4792 micas.

2345 4799 2599 4864 Flm-ttbus
2627 4813 2654 4846 e
2680 4801 2856 4864 mediis
2876 4802 2976 4847 ba’c
2995 4809 3050 4849 ut
3071 4801 3210 4849 daret
3234 4801 3389 4851 insula
3411 4805 3568 4864 vobis,

2408 4862 2636 4910 Oceanus
2663 4862 2862 4909 tumidis
2883 4874 3135 4911 mut-inure
3160 4873 3359 4923 praestat
3383 4877 3540 4926 squis.

2326 4950 2412 5002 78.
2438 4949 2755 5015 Quanquam
2786 4947 2868 5002 vel
2897 4963 2959 5001 ea
2992 4946 3224 5002 fortasse
3255 4947 3353 5001 luit
3379 4963 3538 5002 causa
3586 4964 3682 5002 cnr
3714 4949 3845 5006 For-

2259 5050 2475 5094 tunatus
2527 5041 2751 5102 insulas,
2794 5041 2907 5094 sive
2963 5039 3067 5093 alia
3119 5039 3390 5094 maritima
3451 5044 3585 5105 loca,
3641 5054 3848 5112 peteret

2258 5134 2571 5202 aliquando,
2626 5133 2767 5202 quod
2816 5135 2860 5187 is
2908 5133 3376 5187 sanctissimorum
3422 5134 3718 5203 hominum,
3760 5137 3848 5206 qui

2257 5228 2364 5282 illis
2399 5228 2454 5280 in
2486 5227 2793 5295 regionibus
2825 5225 3221 5287 habitaverant,
3259 5241 3321 5278 ac
3354 5241 3530 5280 rerum
3561 5227 3628 5279 ab
3659 5227 3846 5283 iisdem

2257 5328 2527 5390 gestarum
2561 5329 2905 5373 monumenta
2935 5327 3229 5387 qnzcreret,
3263 5318 3455 5388 quibus
3481 5333 3600 5373 cum
3631 5321 3696 5374 ad
3743 5324 3846 5388 pie-

2258 5424 2423 5470 tatem
2460 5416 2864 5475 accenderetur,
2897 5423 2951 5467 et
2980 5425 3262 5468 acueretur
3293 5415 3358 5466 ad
3384 5413 3733 5468 imitationem
3775 5417 3848 5468 si-

2259 5509 2561 5563 militudine
2609 5507 2999 5575 exemplorum,
3051 5516 3159 5560 tum
3204 5517 3349 5558 actas
3382 5507 3448 5560 ab
3479 5505 3668 5559 iisdem
3703 5505 3848 5560 Vitas

2256 5601 2642 5658 conscriberet.
2675 5599 2823 5669 Quod
2858 5602 2908 5656 in
2944 5602 3128 5670 primis
3160 5601 3403 5657 SUicnllle
3449 5601 3626 5657 eidem
3661 5602 3840 5664 luisse.
