4124 6352
592 303 658 360 Η
1114 305 1624 367 PROLEGOMENA
1675 308 1764 364 AD
1805 305 2130 363 VENANTII
2176 305 2336 359 "0N.
2381 306 2585 363 CLEM.
2629 307 3022 364 FORTUNATI
3053 310 3311 367 UPEllA.
3804 309 3872 364 48

591 421 936 476 Ρςιιιωιιαιυηι
972 429 1213 475 nostrum
1259 424 1588 494 episcopum,
1636 435 1686 478 et
1735 425 1948 490 quidem
1999 425 2174 478 l’icta-
2208 424 2256 482 Α
2290 422 2340 474 in
2365 422 2579 486 Gallias,
2614 441 2675 476 ac
2708 425 2921 493 triginta
2970 435 3198 494 quatuor
3241 425 3376 479 alios
3419 435 3656 496 exegerit
3687 429 3738 481 in
3770 429 3872 480 huc

587 522 824 566 vteuscm
877 514 1059 568 fuisse.
1111 513 1242 567 Nam
1294 516 1464 583 primo
1517 517 1863 580 Baudunivia,
1931 515 2178 570 tuonialis

587 605 903 660 tnonastetii
951 605 1342 670 Pictaviensis,
1390 624 1568 663 coteva
1619 609 1949 676 Fortunato,
1994 611 2072 666 sic
2112 610 2180 667 de

588 699 706 762 ipso
751 698 938 753 scribit
985 700 1038 753 in
1085 700 1292 769 prolog.
1351 701 1480 755 Vita:
1522 716 1720 758 sancta:
1767 705 2110 773 Ratleguntlis
2163 725 2176 759 :

589 789 712 843 Non
733 808 794 845 ea
822 807 935 859 quae
963 793 1039 844 uir
1066 793 1401 859 apostolicus,
1436 792 1751 849 Fortunatus
1787 796 2080 862 episcOpus,
2117 799 2181 849 de

586 882 744 934 beata:
785 879 899 933 Vita
948 882 1235 949 composuit
1276 884 1537 936 iteramus.
1588 885 1717 950 Quis
1755 893 1932 939 autem
1977 895 2182 940 asserat

595 971 765 1025 Vitam
794 972 966 1026 beata:
999 972 1358 1041 liadeguudis,
1392 990 1514 1042 qua:
1546 976 1697 1030 alteri
1731 978 1945 1045 scriptae
1984 974 2012 1030 ἐι
2045 979 2181 1032 Bau-

585 1060 800 1116 Gonivia
831 1064 971 1117 solet
999 1065 1228 1135 prta-ﬁgi,
1255 1079 1283 1116 a
1332 1076 1518 1119 nostro
1569 1067 1831 1122 Venantio
1880 1070 2175 1125 Fortunato

587 1169 691 1209 non
723 1154 886 1211 fuisse
915 1157 1305 1225 conscriptam?
1338 1159 1542 1212 Deinde
1572 1159 1768 1215 Paulus
1801 1161 1971 1224 Diac.,
2007 1163 2098 1219 lib.
2143 1181 2182 1218 tt

587 1249 722 1302 llist.
755 1248 949 1318 Long,
975 1263 1095 1317 cap.
1133 1247 1221 1313 15,
1250 1251 1329 1303 sic
1358 1251 1424 1302 de
1457 1251 1573 1314 ipso
1595 1253 1781 1306 scribit
1813 1270 1826 1306 τ
1863 1252 2178 1310 Novissime-

583 1358 682 1405 que
724 1341 778 1393 in
820 1343 997 1393 eadem
1039 1341 1242 1394 civitate
1285 1341 1562 1413 (i’ictavis)
1614 1346 1838 1414 primum
1887 1348 2177 1418 presbyter,

587 1433 774 1487 deinde
801 1434 1068 1504 episcopus
1103 1433 1371 1488 ordinatus
1408 1445 1501 1490 est.
1533 1433 1652 1489 Jam
1686 1453 1812 1490 vero
1846 1438 2042 1493 Paulus
2068 1441 2184 1493 dia-

585 1537 753 1578 conus
783 1539 812 1577 a
858 1522 1052 1578 Carolo
1099 1524 1309 1594 Magno,
1343 1536 1622 1596 postquam
1669 1529 1753 1583 Itic
1800 1529 2183 1602 Longobardo-

585 1631 703 1669 rum
730 1630 950 1682 regnum
982 1616 1035 1670 itt
1063 1617 1206 1669 italia
1228 1619 1857 1684 exstinxerat,abductus
1881 1623 1930 1675 in
1960 1621 2181 1688 Gallias,

585 1721 706 1760 cum
751 1714 808 1761 et
855 1705 1127 1760 Pictavum
1172 1708 1237 1762 ad
1272 1711 1541 1764 tumulum
1591 1711 1864 1768 Fortunati
1925 1718 2179 1787 venisset,

584 1814 649 1853 ex
683 1801 846 1854 certis
877 1803 1238 1856 monumentis
1270 1818 1380 1856 rem
1409 1820 1626 1858 onmem
1654 1806 1860 1862 discere
1885 1808 2093 1880 potuit._

659 1889 753 1946 88.
782 1891 933 1958 Quod
969 1907 1096 1946 vero
1126 1893 1289 1963 Grcg.
1315 1894 1650 1952 Turonensis
1681 1899 1890 1953 nonnisi
1918 1901 2187 1972 presbyte-

591 2001 706 2038 rum
753 2000 876 2040 eum
925 1977 1178 2054 appellet,
1233 1987 1361 2041 nihil
1413 1989 1611 2059 negotii
1657 2007 1718 2045 ea
1765 2007 1854 2047 res
1886 1993 2030 2056 facit.
2063 2010 2184 2050 eum

594 2077 922 2130 Fortunatus
971 2079 1184 2132 nonnisi
1235 2090 1480 2135 extremo
1513 2083 1635 2136 vitae
1680 2098 1792 2139 sua:
1835 2097 2096 2152 tempore,
2130 2099 2187 2142 ut

597 2167 731 2223 inira
775 2170 1034 2234 dicemus,
1095 2170 1448 2228 Pictaviensis
1495 2173 1779 2242 episc0pus
1821 2189 2032 2231 creatus
2080 2180 2183 2246 sit,

590 2277 695 2329 quo
748 2271 991 2331 tempore
1032 2261 1324 2333 Gregorius
1370 2281 1478 2320 non
1529 2268 1701 2321 solum
1747 2269 1986 2324 ediderat
2025 2271 2187 2327 libros

589 2368 754 2418 suos,
809 2356 900 2411 sed
951 2357 1112 2410 etiam
1162 2358 1266 2410 vita
1320 2358 1532 2414 iunonis
1579 2362 1768 2428 fuerat,
1821 2373 1878 2417 ut
1927 2379 2025 2418 suo
2070 2365 2187 2420 loco

592 2448 965 2504 ostendi-mus.
1006 2451 1180 2519 Atque
1216 2451 1399 2508 istlta-c
1430 2452 1527 2508 iuit
1559 2469 1721 2508 causa
1753 2473 1847 2510 cur
1877 2456 1990 2526 ejus
2026 2473 2186 2526 Opera

593 2537 856 2608 tirrgorio
901 2539 1107 2595 Tornu.
1159 2556 1458 2614 nuncupata
1505 2547 1784 2620 presbyteri
1835 2547 2027 2616 Italici,
2079 2568 2184 2606 non

592 2633 818 2701 episcopi
851 2630 1204 2700 Pictavieusis,
1232 2651 1424 2690 nomen
1447 2638 1756 2706 praeferant.

667 2722 758 2778 89.
793 2724 909 2792 Quo
943 2741 1070 2779 vero
1101 2741 1242 2780 anno
1286 2726 1613 2784 Fortunatus
1661 2732 1844 2786 sedem
1887 2732 2184 2788 Pictavien-

591 2828 706 2870 sein
733 2816 1133 2881 cttnscentlerit,
1160 2817 1383 2874 difﬁcile
1411 2832 1495 2876 est
1522 2820 1750 2877 delinire
1773 2835 1820 2877 δ.
1846 2827 1959 2892 Quo
1982 2828 2188 2882 scilicet

591 2919 834 2973 tempore
875 2909 1110 2964 decessit
1157 2911 1497 2982 iladcgundis
1541 2914 1685 2984 (qua:
1731 2915 1862 2968 obiit
1914 2935 2002 2970 an.
2055 2916 2185 2981 587,

593 3014 730 3056 teste
768 3002 994 3073 Gregnr.
1030 3004 1256 3072 Turon.,
1309 3007 1401 3061 lib.
1439 3022 1490 3062 ιι
1539 3008 1673 3063 llist.
1723 3010 1936 3078 Frauc.,
1981 3029 2101 3083 cap.
2127 3012 2187 3086 2)

2288 527 2476 581 regno,
2511 525 2795 583 antequam
2842 517 3131 584 episc0pns
3170 516 3346 584 fieret,
3367 528 3579 571 constat
3619 518 3687 572 ad
3718 517 3872 573 illum

2286 603 2596 668 pervenisse
2627 603 2904 674 dignitatis
2927 606 3176 677 gradum,
3199 621 3321 662 cum
3341 607 3452 677 jam
3471 608 3711 664 devexus
3730 619 3878 665 esset

2284 695 2349 747 ad
2379 707 2733 752 senectutem.

2356 787 2450 842 9t.
2499 789 2698 843 Locum
2739 790 2888 843 illum
2927 791 3154 860 adeptus
3203 789 3552 859 Fortunatus.
3591 809 3716 848 cum
3753 794 3878 848 vitae

2286 876 2588 932 innocentia
2622 890 2675 933 et
2706 881 2958 934 virtutum
2991 883 3264 950 exemplo,
3294 892 3405 936 tum
3435 882 3680 938 doctrina
3713 885 3880 955 pluri-

2286 986 2454 1032 tnum,
2499 973 2648 1043 gregi
2680 987 2778 1028 suo
2810 973 3030 1043 proluit.
3063 973 3291 1029 Exstant
3332 975 3443 1044 jam
3487 975 3730 1047 ejusdem
3773 980 3882 1033 Ex-

2289 1063 2592 1130 positioues
2633 1067 2683 1119 in
2730 1066 3044 1138 Symbolum
3095 1080 3148 1121 et
3187 1069 3499 1123 Otationetn
3546 1069 3878 1126 Dominicaut

2287 1154 2374 1225 (L.
2410 1173 2458 1220 x,
2493 1172 2542 1210 c.
2578 1159 2628 1222 l,
2654 1157 2735 1226 2),
2771 1173 2907 1228 quas
2937 1159 3026 1215 ille
3065 1160 3128 1213 ad
3172 1176 3291 1213 eum
3328 1165 3486 1216 linem
3532 1164 3880 1218 elucubrasst-

2288 1247 2521 1314 videtur,
2557 1259 2613 1302 ut
2641 1265 2733 1303 eas
2763 1250 2900 1317 plebi
2933 1265 3045 1304 sua:
3071 1251 3342 1314 recitaret,
3373 1268 3596 1320 quarum
3631 1255 3681 1306 in
3710 1255 3879 1308 altera

2289 1343 2404 1395 haec
2444 1345 2518 1396 ait
2549 1345 2686 1397 inter
2716 1359 2782 1398 ca
2799 1355 2909 1398 tera
2945 1362 2957 1397 :
2993 1343 3126 1398 Inde
3151 1348 3425 1400 retinentes
3450 1350 3561 1418 ejus
3591 1350 3883 1418 (Orationis

2288 1432 2601 1506 Doutiuicm)
2638 1439 2900 1506 mysteria,
2930 1446 2980 1491 et
3005 1454 3158 1506 quant
3204 1438 3370 1491 multa
3396 1442 3496 1494 sint
3545 1442 3600 1494 in
3646 1442 3885 1496 brevitate

2285 1527 2495 1595 collata,
2530 1541 2737 1596 propter
2776 1530 3170 1597 tcdiﬁcationem
3203 1530 3470 1596 Ecclesia,
3501 1535 3678 1600 paucis
3727 1541 3882 1587 doce-

2287 1635 2401 1672 ntur
2428 1621 2704 1690 explicare,
2733 1624 2853 1691 quia
2878 1632 2998 1675 tunc
3019 1624 3161 1677 nobis
3183 1625 3361 1678 melius
3387 1625 3654 1694 placebunt
3677 1629 3882 1688 auditu,

2287 1728 2403 1766 cum
2447 1717 2706 1783 potuerint
2749 1716 3030 1774 intellectu.
3076 1715 3261 1785 Itaque
3304 1719 3372 1770 ad
3418 1718 3588 1790 ipsum
3627 1722 3888 1774 veniamus

2288 1815 2479 1859 sancta:
2528 1806 2790 1860 Orationis
2835 1823 3122 1862 sermonem
3148 1851 3162 1874 ,
3214 1821 3321 1865 etc.
3365 1809 3571 1877 Quibus
3614 1810 3666 1864 in
3707 1811 3888 1866 verbis

2293 1899 2529 1954 Pastoris
2589 1915 2805 1971 gregem
2857 1916 3012 1956 suum
3076 1902 3410 1958 instituentis
3468 1917 3698 1974 persona
3753 1906 3888 1958 satis

2289 1991 2607 2043 ostenditur.

2360 2078 2448 2133 92.
2484 2082 2597 2134 Non
2630 2083 2825 2135 multos
2878 2096 3009 2136 vero
3058 2096 3230 2137 annos
3279 2082 3596 2140 Pictaviensi
3633 2081 3889 2142 Ecclesia:

2291 2167 2500 2235 praefuit
2534 2167 2879 2231 Fortunatus,
2913 2185 3036 2222 cum
3065 2168 3239 2223 eidem
3276 2170 3388 2237 jatn
3434 2169 3719 2226 demortuo
3765 2187 3890 2229 suc-

2288 2257 2513 2311 cesserit
2542 2258 2890 2327 Caregisilus,
2943 2269 2997 2314 et
3045 2259 3186 2315 hunc
3238 2261 3548 2318 Ennoaldus
3592 2267 3889 2334 exceperit,

2287 2350 2376 2419 qui
2417 2349 2482 2402 ad
2515 2364 2606 2402 an.
2641 2349 2746 2403 6ιὸ
2783 2350 3169 2406 Pictaviensem
3205 2353 3501 2409 Ecclesiam
3552 2356 3793 2424 regebat,
3819 2359 3888 2415 de

2288 2455 2394 2509 quo
2445 2441 2702 2510 legendus
2744 2442 2987 2498 Cnintius
3034 2445 3098 2497 ad
3146 2442 3287 2498 ltnnc
3327 2460 3550 2513 annum,
3603 2463 3752 2503 num.
3791 2448 3886 2507 27.

2288 2532 2614 2591 Fortunatus
2658 2535 2855 2602 itaque,
2907 2534 3135 2603 septimo
3188 2536 3406 2590 incaute
3453 2536 3674 2603 saeculo,
3717 2551 3750 2595 ο
3779 2539 3890 2594 vita

2288 2625 2591 2680 excessisse
2623 2625 2883 2680 dicendus
2909 2635 2994 2681 est
3016 2643 3030 2691 ;
3065 2641 3127 2680 ac
3155 2627 3388 2683 Pictavis
3410 2629 3464 2683 in
3487 2629 3698 2686 basilica
3724 2636 3888 2689 sancti

2291 2713 2483 2768 Hilarii
2532 2715 2616 2786 (ut
2668 2723 2851 2771 narrat
2881 2715 3077 2772 Paulus
3133 2717 3280 2774 Diac.
3315 2719 3435 2776 loco
3474 2721 3670 2792 sapius
3699 2729 3887 2796 cttato)

2285 2809 2443 2882 digno
2492 2809 2779 2863 tumulatus
2809 2808 3001 2864 honore
3032 2811 3266 2876 quiescit.
3297 2811 3463 2882 Cujus
3511 2813 3577 2868 ad
3621 2815 3886 2872 tumulum

2290 2915 2413 2955 cum
2446 2899 2587 2955 idem
2621 2900 2838 2965 Paulus,
2865 2904 3232 2956 venerationis
3257 2917 3319 2957 ac
3349 2905 3564 2972 pietatis
3584 2919 3767 2972 causa,
3797 2922 3888 2962 ac-

2287 2991 2562 3058 cessisset,
2590 3005 2824 3060 sequcns
2851 2993 3244 3063 epitltapbium,
3274 3005 3457 3064 rogatu
3477 2997 3624 3064 Apri,
3645 2997 3758 3067 ejus
3785 2999 3887 3054 loci

601 3095 990 3150 l'ictavicnseut
1025 3097 1320 3152 Ecclesiatn
1363 3098 1540 3154 adhuc
1584 3102 1800 3171 regebat
1849 3082 2184 3173 Maurovetts,

2293 3082 2484 3137 abbatis
2512 3082 2592 3154 (ut
2621 3083 2739 3152 ipse
2769 3082 2932 3139 reicit
2959 3084 3026 3138 de
3059 3082 3205 3155 sese)
3238 3086 3560 3142 scribendum
3587 3090 3890 3146 contexuit:

595 3200 659 3237 ex
690 3187 996 3240 testimonio
1028 3187 1196 3254 ipsius
1235 3187 1502 3256 Gregorii,
1544 3190 1634 3260 qui
1687 3205 1800 3260 cap.
1841 3193 1942 3246 106
1989 3194 2082 3250 lib.
2121 3195 2188 3249 de

592 3275 780 3331 Gloria
804 3275 978 3344 coni.,
1018 3287 1240 3332 testatur
1268 3294 1348 3346 se,
1383 3279 1672 3336 Mauroveo
1697 3284 1939 3346 absente.
1972 3298 2190 3339 curasse

597 3376 758 3426 tunus
784 3385 848 3426 ac
877 3372 1207 3441 sepulturam
1239 3372 1412 3426 licata:
1442 3371 1804 3446 Radeguudis.
1841 3375 2189 3430 Mauroveum

591 3464 807 3535 excepit
846 3465 995 3520 Plato
1039 3479 1128 3520 an.
1173 3465 1301 3531 592,
1333 3467 1420 3536 qui
1452 3471 1519 3521 ad
1559 3467 1704 3522 illam
1747 3469 1931 3523 sedem
1975 3484 2192 3524 erectus

589 3567 694 3622 est,
727 3555 906 3611 adhuc
923 3555 1218 3628 superstite
1244 3556 1527 3628 Gregorio,
1561 3557 1717 3626 cujus
1745 3557 1922 3614 fuerat
1949 3559 2190 3628 discipu-

600 3650 704 3703 lus.
737 3650 874 3706 Hinc
905 3664 1014 3722 quo
1041 3649 1128 3704 die
1157 3649 1313 3705 Plato
1354 3650 1706 3706 Pictavicnsis
1734 3653 2017 3722 episcopus
2058 3667 2190 3706 con-

592 3740 811 3797 saitutus
847 3751 953 3810 est,
988 3742 1071 3798 sic
1115 3740 1185 3799 de
1229 3741 1325 3798 illo
1355 3743 1557 3799 cecinit
1588 3729 1929 3799 Fortunatus
1974 3745 2068 3800 lib.
2101 3744 2191 3812 10,

592 3835 835 3904 eap.18.

717 3921 1039 3990 Gaudia-laeta
1064 3931 1203 3988 paret
1228 3925 1488 3990 presentia
1510 3925 1929 3990 sanctaGregori,

784 3984 847 4034 Et
871 3984 1094 4049 geminas
1116 3984 1276 4049 urbes
1289 3988 1488 4049 adjuvet
1512 4001 1610 4037 una
1633 3989 1771 4037 tides.

720 4044 813 4112 Qui
841 4044 982 4112 modo
1002 4047 1238 4112 discipulo
1257 4044 1486 4112 Platone,
1507 4050 1727 4112 antistite
1748 4063 1940 4098 summo
1957 4088 1973 4112 ,

778 4108 1063 4159 Solemuem
1086 4108 1320 4160 Ecclesia
1347 4111 1426 4161 hic
1447 4108 1584 4160 dedit
1610 4123 1723 4160 esse
1747 4114 1897 4161 diem.

594 4191 732 4248 Sunt
753 4194 843 4262 qui
872 4192 997 4248 huic
1015 4193 1226 4248 Platoni
1253 4194 1528 4250 Placidum
1552 4193 1830 4249 sun'ectum
1858 4194 2023 4249 fuisse
2047 4209 2197 4250 asse-

599 4298 720 4339 runt
763 4286 816 4339 in
863 4285 995 4340 sede
1033 4285 1386 4354 Pictaviensi;
1435 4289 1527 4342 sed
1574 4287 1659 4342 ltic
1703 4303 1808 4342 non
1860 4288 1996 4343 alius
2043 4289 2196 4343 [uita

603 4377 825 4430 l’latone
849 4376 987 4445 ipso,
1017 4387 1076 4431 ut
1106 4376 1328 4431 adnotat
1353 4377 1422 4432 cl.
1451 4376 1642 4444 Ruin.,
1669 4377 1736 4432 ad
1765 4377 1865 4449 Op.
1899 4377 2063 4447 Greg.
2095 4379 2198 4433 Tu-

2420 3194 2626 3262 lngcnio
2643 3194 2826 3262 clarus,
2845 3209 2993 3262 sensu
3016 3198 3173 3256 celer,
3199 3211 3288 3262 ore
3310 3201 3490 3262 suavis,

2476 3258 2622 3318 Cujus
2641 3259 2786 3307 dulce
2810 3258 2965 3308 ineius
2988 3263 3162 3321 pagina
3189 3260 3338 3310 multa
3364 3258 3508 3312 cattit.

2416 3319 2711 3387 Fortunatus
2736 3335 2860 3379 apex
2890 3319 3072 3387 vatum,
3100 3322 3397 3387 venerabilis
3420 3333 3557 3387 actu,

2478 3384 2689 3432 Ausonia
2715 3392 2935 3445 genitus,
2964 3383 3339 3434 liac'tumulatur
3361 3387 3525 3437 humo.

2419 3443 2576 3509 Hujus
2597 3447 2658 3493 ab
2683 3443 2771 3494 ore
2793 3458 2933 3494 sacro
2955 3457 3230 3494 sanctorum
3256 3456 3397 3508 gesta
3424 3450 3637 3509 priorum

2479 3507 2724 3556 Discimus
2746 3521 2757 3555 :
2779 3509 2884 3556 Iitec
2908 3516 3180 3557 menstrant
3201 3507 3410 3568 carpere
3426 3507 3558 3559 lucis
3585 3515 3699 3562 iter.

2418 3568 2581 3635 Felix,
2605 3582 2718 3635 quae
2744 3577 2891 3618 tantis
2910 3571 3379 3635 decoraris,l_laltia,
3405 3575 3637 3635 gemmis,

2477 3631 2684 3696 Lumine
2711 3634 2774 3680 de
2794 3644 2997 3692 quarum
3027 3645 3118 3696 uox
3146 3633 3231 3682 tibi
3258 3642 3386 3682 tetra
3411 3631 3559 3696 iugit.

2419 3691 2520 3764 Hos
2543 3694 2758 3764 modicos
2784 3691 2991 3764 prompsi
3018 3692 3214 3764 plebeio
3234 3698 3453 3764 carmine
3468 3691 3678 3764 'versus,

2484 3755 2559 3804 Ne
2577 3763 2690 3803 tuus
2717 3757 2767 3804 in
2788 3757 3001 3816 pepulis,
3031 3762 3215 3815 sancte,
3242 3757 3421 3806 lateret
3442 3760 3616 3810 honor.

2415 3814 2589 3888 Redde
2615 3817 2774 3888 vicem
2791 3814 2995 3888 misero,
3022 3828 3085 3865 ne
3105 3814 3267 3888 judice
3289 3831 3493 3879 spernar
3515 3824 3577 3870 ab
3597 3834 3764 3888 aequo,

2476 3878 2681 3930 Eximi'ts
2702 3881 2894 3929 meritis
2914 3892 3084 3941 powe,
3101 3881 3272 3942 beate,
3302 3878 3492 3943 precor.

2367 4006 2457 4061 95.
2490 4003 2662 4061 Porro
2691 4004 3013 4062 Fortunatus
3052 4020 3174 4061 cum
3205 4005 3276 4061 ob
3319 4007 3576 4076 pietatem
3606 4025 3670 4065 ac
3694 4015 3895 4069 sancti-

2295 4098 2551 4163 moniam,
2577 4105 2689 4152 tum
2720 4098 2790 4151 ob
2818 4107 3132 4153 ornamenta
3167 4098 3366 4169 ingenii
3399 4111 3560 4171 atque
3609 4103 3892 4174 doctrinm,

2293 4191 2658 4245 commendari
2687 4190 2971 4261 plurimum
3001 4193 3304 4258 consuevit,
3338 4201 3396 4248 ut
3422 4204 3502 4248 tot
3523 4209 3659 4262 pene
3691 4197 3894 4255 habue-

2299 4286 2366 4340 rit
2396 4286 2604 4340 virtutis
2634 4300 2746 4339 suae
2779 4300 3074 4355 prascmtes,
3103 4300 3164 4340 ac
3187 4296 3374 4350 testes,
3407 4297 3536 4358 quot
3559 4287 3626 4343 de
3651 4290 3743 4345 illo
3761 4293 3896 4345 scri-

2299 4392 2478 4448 psere.
2510 4379 2670 4432 Certe
2723 4386 2798 4431 tot
2844 4376 2897 4430 in
2945 4377 3120 4431 Gallia
3168 4377 3560 4448 Germaniaque
3609 4380 3894 4436 clarissimi

601 4484 745 4534 ron.,
775 4468 871 4521 ltb.
908 4481 958 4521 tv
985 4467 1056 4521 de
1083 4465 1198 4523 Μὶν.
1235 4469 1404 4522 sancti
1449 4467 1684 4532 Martini,
1713 4481 1834 4536 cap.
1865 4465 1954 4524 52.
1981 4468 2192 4525 Platoni
2228 4491 2276 4550 ο
2303 4471 2585 4524 sanctitate
2630 4469 2750 4531 viri,
2775 4467 2915 4523 inter
2960 4483 3093 4537 quos
3142 4468 3483 4523 celeberrimi
3531 4471 3674 4526 illius
3719 4477 3898 4528 astatis

600 4576 777 4627 itaque
803 4562 908 4616 vita
943 4560 1149 4626 iuncto,
1193 4576 1299 4615 non
1339 4562 1476 4615 alius
1520 4563 1780 4615 successit
1809 4576 1968 4631 quam
1999 4561 2196 4616 Fortu-

600 4666 785 4722 natus;
823 4669 1059 4725 cumque
1100 4653 1279 4709 obitus
1325 4652 1567 4709 Platonis
1609 4653 1873 4708 referatur
1897 4652 1967 4710 ad
1996 4669 2195 4709 annum

597 4747 814 4800 circiter
852 4744 984 4811 599,
1023 4745 1216 4798 eodem
1251 4742 1421 4798 ferme
1463 4751 1703 4813 tempore
1726 4741 2055 4798 Fortunatus
2084 4743 2199 4813 epi-

601 4853 797 4908 scopus
828 4838 1183 4895 Pictaviensis
1214 4846 1426 4891 creatus
1456 4836 1626 4892 fuisse
1654 4836 1914 4891 dicendus
1943 4846 2046 4902 est,
2075 4851 2196 4893 cum

603 4929 764 4998 ιὶτρε.
797 4930 840 4983 Τ
845 4945 926 4983 ur.
959 4929 1024 4981 ad
1055 4943 1147 4982 an.
1175 4926 1282 4983 595
1307 4927 1450 4981 diem
1474 4942 1626 4981 suum
1652 4927 1763 4997 jam
1793 4927 2034 4986 obiisset.

674 5027 764 5076 tm.
797 5023 984 5074 Exstat
1009 5021 1103 5074 lib.
1134 5035 1185 5074 tv
1225 5020 1325 5087 Op.
1355 5019 1532 5084 Fort.,
1577 5035 1696 5087 cap.
1729 5019 1823 5084 25,
1855 5035 2042 5090 poema
2066 5022 2197 5076 scri-

605 5126 753 5184 ptum
797 5115 862 5167 ab
892 5128 957 5167 eo
994 5114 1044 5166 in
1074 5111 1237 5166 funus
1283 5110 1699 5167 Tlteodecltildis
1732 5113 1953 5182 regium,
1983 5130 2102 5182 qua:
2130 5115 2197 5167 ad

603 5224 694 5262 an.
728 5205 834 5263 598
864 5204 975 5260 lato
1001 5207 1263 5260 exstincta
1295 5214 1398 5268 est,
1428 5213 1485 5258 ut
1515 5205 1749 5258 ostendit
1779 5207 1848 5257 cl.
1880 5205 2095 5274 Pagius,
2127 5204 2192 5259 ad

605 5302 754 5357 .llnm
795 5317 1020 5367 annum,
1060 5316 1209 5355 num.
1259 5299 1314 5353 4.
1349 5301 1462 5354 Non
1494 5300 1662 5355 t‘nulto
1705 5301 1882 5372 itaque
1911 5314 2198 5373 postquam

607 5394 739 5448 illud
765 5391 1138 5462 epitbnpltium
1163 5392 1402 5460 scripsit,
1442 5392 1775 5446 renuntiatus
1807 5403 1890 5448 est
1913 5394 2200 5462 cpiscopus

605 5484 994 5550 Pictaviensis,
1039 5484 1151 5555 jam
1200 5486 1449 5539 inclinata
1499 5485 1565 5538 ad
1626 5495 1958 5538 senectutem
2017 5494 2197 5541 a-tate.

604 5575 737 5632 Cum
768 5574 912 5631 enim
937 5576 981 5628 is
1004 5589 1176 5631 annos
1204 5575 1419 5630 circiter
1446 5575 1657 5644 triginta
1683 5587 1780 5628 sex
1814 5579 1969 5628 natus
1992 5578 2202 5630 venerit

678 5708 704 5745 δ
738 5709 874 5766 Vide
900 5709 1050 5780 Pag,
1077 5711 1142 5764 ad
1184 5726 1273 5765 an.
1304 5708 1429 5765 590.
1464 5709 1602 5775 Lege
1629 5708 1787 5776 Grca.
1820 5708 1976 5774 Tur.,
2011 5710 2077 5766 de
2111 5712 2198 5770 Gl.

608 5781 774 5850 conti,
811 5795 861 5837 c.
897 5782 1011 5850 96.,
1049 5793 1103 5837 et
1141 5782 1179 5836 l.
1223 5797 1272 5836 tv
1312 5782 1378 5836 de
1411 5781 1528 5835 Μὶν.
1569 5782 1609 5837 S
1666 5781 1896 5848 Martini,
1937 5798 1986 5836 c.
2020 5781 2119 5848 32;
2147 5794 2200 5838 et

2303 4563 2560 4633 episc0pi,
2593 4576 2713 4615 cum
2747 4559 3040 4614 Fortunato
3070 4561 3254 4614 intima
3284 4561 3517 4614 amicitia
3563 4575 3626 4616 ac
3670 4564 3898 4617 familia-

2302 4658 2459 4710 ritate
2481 4654 2774 4722 conjuncti,
2794 4654 2845 4706 in
2873 4653 3057 4721 primis
3082 4668 3206 4707 vero
3228 4651 3891 4724 RadegundisetAgnetis.

2302 4764 2421 4818 qua:
2453 4757 2556 4800 tam
2591 4747 2878 4814 singularis
2908 4744 3121 4812 pietatis
3147 4745 3300 4798 laude
3321 4744 3428 4798 illis
3447 4747 3776 4814 temporibus
3793 4749 3895 4802 [lo-

2307 4845 2553 4898 ruerunt,
2573 4843 2716 4887 tanta
2742 4847 2865 4887 cum
2884 4831 3182 4886 Fortunato
3209 4831 3550 4885 necessitudo
3565 4840 3619 4886 et
3636 4833 3894 4898 cltaritas,

2302 4926 2432 4980 satis
2458 4927 2735 4978 declarant
2774 4937 2878 4990 qua
2927 4926 2969 4974 is
3001 4921 3398 4976 existimatione
3426 4931 3570 4976 esset
3595 4920 3651 4975 in
3683 4921 3895 4991 Galliis,

2301 5033 2529 5090 qumque
2557 5018 2624 5072 de
2651 5016 2894 5086 ejusdem
2927 5014 3126 5069 virtute
3155 5023 3302 5068 esset
3327 5014 3564 5067 omnium
3595 5014 3803 5083 opinio.

2373 5111 2462 5168 94.
2508 5112 2687 5178 Itaque
2711 5107 3015 5163 mirandum
3051 5121 3156 5160 non
3182 5105 3253 5159 sit
3284 5103 3668 5159 Baudoniviam
3695 5117 3898 5175 aposto-

2303 5203 2458 5256 licum
2490 5202 2633 5255 illum
2667 5202 2837 5253 virum
2893 5198 3228 5267 appellasse:
3289 5196 3514 5251 Paulum
3558 5196 3851 5253 Diaconutn
3876 5241 3895 5266 ,

2302 5313 2422 5351 cum
2475 5297 2713 5349 venisset
2753 5295 2805 5348 in
2855 5292 3079 5357 Gallias,
3109 5290 3347 5359 ejusdem
3381 5289 3668 5356 tumulum,
3693 5301 3750 5346 ut
3781 5294 3898 5361 ipse

2303 5391 2370 5446 de
2418 5406 2477 5446 se
2530 5393 2838 5458 proﬁtetur,
2889 5389 3136 5442 orationis
3189 5403 3346 5440 causa
3395 5387 3683 5454 inrisisse,
3733 5398 3897 5459 atque

2303 5484 2550 5537 eumdem
2579 5495 2811 5534 sanctum
2841 5495 2893 5534 et
2920 5478 3123 5532 beatum
3157 5480 3208 5532 in
3233 5478 3322 5532 illo
3353 5479 3590 5531 carmine
3635 5480 3776 5546 quod
3826 5483 3895 5535 ad

2303 5575 2423 5645 ejus
2478 5574 2785 5643 sepulcrum
2825 5571 3165 5628 elucubravit
3208 5570 3558 5634 nominasse.
3592 5586 3656 5626 ac
3701 5572 3900 5642 implo-

2302 5712 2506 5775 Coint.,
2530 5709 2592 5762 ad
2615 5725 2703 5761 an.
2729 5709 2857 5776 599.,
2893 5725 2946 5765 II.
2971 5708 3033 5774 5;
3065 5719 3117 5763 et
3148 5707 3326 5772 l1uin.,
3363 5707 3412 5760 in
3452 5705 3592 5760 notis
3623 5706 3686 5761 ad
3729 5710 3894 5781 Greg.

2305 5784 2462 5851 Tur.,
2485 5781 2576 5836 cit.
2606 5781 2744 5836 lcco.
