4124 6344
567 317 627 369 Si
1132 319 1648 378 PBOLEGOMENA
1686 321 1780 377 ΛΒ
1823 316 2145 374 ὶἘΝΔΝΤΙΙ

2263 313 2339 369 tN.
2371 313 2582 373 CLEM.
2622 313 3021 372 FORTUNATI
3064 313 3319 372 OPEBA.
3792 315 3860 368 5’3

573 439 810 507 Martini)
857 455 1001 492 versu
1029 440 1164 493 intra
1192 443 1287 494 Iret:
1312 440 1552 496 trimestre
1571 439 1818 512 spatium,
1848 438 2024 493 audax
2053 451 2163 488 ωηο
2189 431 2245 491 Δ
2273 429 2486 486 Domini
2509 434 2769 502 scriptum
2798 442 2903 498 est,
2927 433 3057 488 satis
3077 431 3314 487 ostendit
3349 438 3507 502 quam
3539 432 3584 489 is
3612 448 3861 493 versatus

569 533 647 600 gis
677 548 832 599 quam
860 533 1066 596 loquax,
1099 547 1195 587 nec
1220 533 1429 602 efﬁcax,
1457 533 1650 586 cursim
1680 540 1729 585 et
1755 529 2005 602 impolite,
2032 529 2167 583 inter

572 625 782 697 frivolas
805 627 1184 694 occupationes,
1203 625 1419 680 sulcari.
1467 625 1610 680 Idem
1642 623 1852 678 veniam
1901 631 2056 691 rogat
2098 621 2165 673 ad

570 729 893 777 extremum,
910 718 1052 785 quod
1078 732 1320 786 magnam
1343 717 1582 783 lituratn,
1604 716 1659 770 in
1688 729 1860 771 messe
1881 712 2163 779 scribenti,

575 813 748 881 pluvia
801 812 1216 886 superfudisset.
1267 812 1399 867 item
1455 812 1720 882 prolixum
1778 825 1993 881 poema,
2022 809 2164 879 quod

572 914 746 961 exstat
774 906 871 963 lib.
907 923 958 970 ν,
982 887 1108 975 cap.
1138 903 1197 969 5,
1229 905 1486 972 scriptum
1519 913 1706 976 rogatu
1735 903 1975 975 ejusdem
2022 904 2161 958 Gre-

571 1000 706 1070 gorii
738 1002 789 1054 in
832 998 1050 1053 laudem
1093 998 1260 1062 Aviti,
1295 996 1562 1065 pontificis
1613 996 1992 1060 Arvernensis,
2023 993 2163 1049 intra

578 1095 706 1147 .lnos
737 1106 836 1168 nec
874 1092 1111 1161 integros
1140 1089 1278 1157 dies,
1315 1104 1376 1145 se
1430 1090 1729 1146 absolvisse
1781 1091 1991 1156 scribit,
2036 1104 2162 1145 cum

574 1184 768 1239 'nstans
785 1184 1002 1253 portitor
1029 1184 1110 1253 (ut
1141 1183 1255 1252 ipse
1282 1181 1381 1252 ait)
1411 1197 1502 1250 per
1523 1182 1691 1249 verba,
1711 1181 1974 1253 sigillatim
1996 1180 2162 1235 Itianti

571 1279 716 1342 fauce
758 1279 1014 1345 cadentia,
1042 1279 1190 1348 quasi
1241 1279 1412 1348 gravis
1459 1288 1687 1341 exactor,
1713 1293 1815 1330 non
1841 1276 1894 1330 in
1939 1291 2020 1329 me
2054 1284 2160 1329 lant

571 1373 743 1442 fenero
770 1369 962 1426 soluere
987 1377 1211 1440 cogeret,
1236 1387 1389 1442 quam
1421 1386 1656 1443 pensare.

640 1465 767 1522 illi.
801 1467 876 1521 Ex
907 1465 1098 1534 quibus
1127 1464 1280 1519 facile
1301 1463 1529 1534 perspici
1568 1474 1743 1533 potest
1779 1461 2161 1526 Fortunatam,

567 1559 694 1613 dum
723 1557 842 1612 aliis
875 1559 986 1612 fere
1011 1557 1244 1627 negotiis
1267 1556 1640 1622 distineretur,
1665 1566 1756 1609 aut
1797 1571 1917 1608 cum
1948 1569 2161 1623 preme-

570 1661 717 1708 retur
740 1653 998 1722 temporis
1025 1650 1290 1720 angustia,
1324 1657 1570 1716 poemata
1598 1663 1693 1703 sua
1735 1645 1956 1703 fudisse.
2009 1646 2160 1714 Quo-

566 1747 708 1802 circa
742 1745 869 1800 ltinc
898 1744 1122 1815 quisque
1166 1743 1324 1800 facile
1370 1744 1738 1812 conjecturam
1767 1742 1946 1798 facere
1996 1740 2160 1797 debet

2265 533 2411 580 esset
2442 525 2495 579 in
2527 525 2840 594 theologicis
2862 525 3182 594 disciplinis.
3236 524 3286 580 Is
3313 536 3494 580 tamen
3521 528 3733 583 videtur
3760 529 3860 585 hu—

2261 616 2416 685 jusce
2453 615 2692 674 scientia:
2725 617 2936 673 laudem
2977 632 3009 671 a
3054 633 3114 672 se
3145 631 3423 672 removere
3450 619 3756 685 ,-scribens
3789 620 3858 675 ad

2267 711 2551 765 Martinutn
2597 711 2834 766 Gallicitc
2884 710 3233 780 episcopum,
3281 711 3375 767 lib.
3409 727 3482 780 v,
3525 728 3645 780 cap.
3679 713 3743 781 l,
3774 716 3861 771 his

2269 805 2445 861 verbis
2470 824 2484 859 :
2515 804 2671 860 Plato
2698 846 2714 871 ,
2747 805 3043 860 Aristoteles
3067 847 3081 871 ,
3116 803 3461 874 Chrysippus,
3491 805 3568 860 vel
3599 804 3855 873 Pittacus,

2264 913 2380 951 cum
2405 897 2528 951 mihi
2555 899 2639 952 uia:
2664 899 2905 967 Opinione
2933 897 3042 952 neti
3073 906 3188 951 sunt
3211 935 3228 964 ,
3258 911 3351 951 nec
3377 898 3563 969 legenti
3597 897 3856 966 Hilarius,

2266 991 2540 1064 Gregorius
2558 1033 2574 1059 ,
2601 990 2900 1045 Ambrosius
2920 1031 2936 1056 ,
2967 989 3288 1060 Augustinus
3305 1029 3324 1068 ε
3349 1005 3495 1058 quos,
3522 991 3567 1043 si
3593 991 3669 1044 rei
3693 990 3746 1044 in
3771 991 3860 1044 oi-

2263 1087 2404 1140 sione
2429 1087 2536 1139 noti
2557 1086 2737 1153 ﬁerent
2763 1082 3089 1147 dormitanti,
3114 1098 3203 1136 nec
3222 1099 3315 1152 ego
3343 1098 3454 1137 vere
3476 1098 3858 1152 cognoscerent.

2265 1177 2373 1235 Sed
2401 1178 2529 1250 quid
2555 1177 2859 1234 mirandum
2885 1186 2969 1232 est
3001 1176 3272 1230 hominem
3304 1174 3490 1229 laudes
3520 1190 3646 1229 suas
3672 1177 3858 1231 occul-

2266 1271 2412 1328 tandi
2439 1269 2851 1341 sagacissimum
2881 1268 2996 1324 haec
3027 1267 3312 1338 scripsisse
3332 1267 3398 1321 ad
3425 1267 3735 1332 Martinam,
3765 1262 3858 1336 qui

2264 1365 2318 1419 in
2349 1378 2447 1418 sua
2489 1362 2722 1434 quadam
2777 1361 2843 1417 ad
2897 1361 3146 1418 eumdem
3186 1359 3415 1429 epistola
3465 1358 3857 1428 scripseratdo

2264 1457 2560 1513 Fortunato
2603 1457 2739 1526 quod
2793 1461 2906 1523 post
2947 1453 3161 1507 stoicum
3211 1451 3696 1522 peripateticamque
3739 1467 3859 1505 cen-

2261 1566 2439 1605 suram
2466 1548 2736 1619 theologica
2762 1562 2824 1600 ac
2847 1545 3060 1600 theorite
3086 1545 3259 1599 studio
3287 1543 3610 1614 mancipatus
3639 1542 3816 1612 fuisset
3835 1542 3862 1597 .’

2262 1643 2421 1699 Certe
2450 1643 2495 1696 is
2528 1641 2808 1712 presbyter
2835 1639 3089 1708 primum,
3123 1637 3317 1693 deinde
3345 1638 3428 1692 vel
3457 1634 3744 1706 episcopus
3772 1650 3861 1692 re-

2265 1732 2545 1789 nuntiatus
2567 1775 2583 1799 ,
2617 1732 2820 1788 diutius
2861 1730 2951 1787 illa
2983 1729 3208 1786 scientia
3239 1745 3427 1784 carere
3459 1745 3566 1784 non
3598 1729 3768 1798 potuit
3791 1727 3864 1783 ad

564 1839 740 1908 quatis
792 1846 848 1893 et
897 1849 1134 1907 quantus
1185 1848 1342 1908 poeta
1400 1837 1720 1903 exstitisset,
1749 1837 1794 1890 si
1845 1797 2237 1890 melioribusB
2268 1840 2427 1897 quam
2474 1823 2574 1880 sibi
2610 1823 3031 1892 comparandam
3084 1819 3168 1876 vel
3214 1821 3464 1890 exemplo
3517 1816 3864 1888 Radegundis

568 1929 902 1999 temporibus
941 1928 1132 1985 fuisset
1161 1938 1335 2008 natus,
1359 1945 1422 1984 ac
1448 1943 1650 1984 vacuus
1703 1927 1932 1999 negotiis
1988 1926 2164 1981 Musas

563 2025 712 2079 domi
737 2024 919 2080 colere
949 2025 1121 2079 otiose
1151 2023 1436 2094 potuisset,
1463 2039 1583 2079 cum
1617 2024 1670 2078 in
1720 2031 1865 2078 tanta
1915 2020 2163 2076 barbarie

569 2118 783 2188 vitaque
813 2128 919 2171 tam
949 2124 1219 2186 occupata
1256 2131 1365 2171 non
1415 2115 1578 2171 modo
1622 2120 1728 2171 non
1785 2116 2042 2186 vulgaris,
2072 2120 2167 2167 aut

572 2211 877 2278 inediocris,
909 2211 1004 2266 sed
1033 2213 1188 2284 plane
1216 2211 1391 2266 bonus
1418 2220 1572 2284 poeta
1601 2223 1663 2264 ac
1686 2202 1781 2264 sua
1811 2219 1968 2264 relate
1999 2207 2162 2264 facile

570 2307 819 2378 princeps
840 2307 1092 2362 evaSarit.

637 2399 763 2457 ΝΞ.
806 2399 942 2468 Quid
993 2409 1174 2455 autem
1238 2411 1450 2457 reteres
1490 2388 1781 2457 senserint
1829 2397 1897 2454 de
1946 2399 2161 2468 ingenio

564 2493 913 2565 doctrinaque
949 2492 1256 2561 Fortunati,
1280 2508 1345 2549 ex
1371 2508 1561 2548 eorum
1590 2493 1914 2548 testimoniis
1937 2491 2158 2563 intelligi

520 2631 524 2635 .
563 2595 761 2657 potest,
779 2602 900 2658 qua:
923 2599 1021 2640 suo
1046 2585 1165 2641 loco
1189 2602 1217 2640 a
1243 2586 1399 2643 nobis
1430 2586 1673 2656 ponenda
1697 2595 1843 2640 sunt.
1867 2585 1961 2648 llic
1982 2584 2158 2640 solum

569 2680 804 2752 slusdem
838 2681 1157 2736 amicissimi
1183 2689 1239 2738 et
1263 2682 1489 2752 aqualis
1533 2680 1780 2750 Gregorii
1825 2679 2161 2736 Turonensis

562 2774 930 2830 testimonium
989 2775 1152 2831 liceat
1196 2773 1427 2839 aﬂ'crre,
1471 2775 1562 2844 qui
1613 2775 1664 2829 in
1720 2773 1968 2844 epistola,
1996 2788 2160 2845 quam

517 2889 527 2905 -
561 2871 808 2939 praetexit
830 2881 1060 2939 quatuor
1087 2870 1238 2926 libris
1264 2869 1333 2926 de
1381 2869 1670 2926 virtutibus
1700 2870 1871 2925 sancti
1921 2865 2157 2934 Martini,

558 2979 682 3018 cum
704 2971 862 3018 tanto
904 2961 1054 3031 eperi
1079 2962 1221 3032 quod
1263 2968 1548 3037 aggressus
1606 2960 1784 3018 fuerat
1832 2959 2163 3030 perficiendo

557 3065 731 3111 semet
751 3057 1016 3129 imparem
1045 3056 1271 3111 dixisset
1319 3074 1333 3109 :
1395 3054 1629 3122 Utinam,
1661 3055 1736 3108 ait
1761 3094 1777 3122 ,
1805 3053 2025 3110 Severus
2071 3060 2160 3106 aut

562 3121 829 3206 Paulinus.
850 3153 1092 3218 uiuerent,
1122 3161 1214 3205 aut
1257 3160 1388 3206 certe
1432 3146 1754 3224 Fortunatus
1802 3148 2021 3210 adesset,
2070 3144 2158 3216 qui
2185 3154 2234 3221 α
2266 3149 2412 3193 Nn»
2447 3130 2526 3185 δίε
2549 3119 3172 3224 ειοτρίιυτερῖεξξιξεωι
3204 3114 3511 3224 Ρίξίίε

560 3245 660 3298 ista
685 3243 1046 3298 describerent.
1080 3244 1227 3299 idem
1260 3242 1608 3299 Fortunatum
1637 3240 1904 3312 adjuravit
1928 3239 2020 3294 sub
2053 3249 2156 3291 tes-

560 3338 843 3407 tiﬁcatione
870 3340 1031 3393 divini
1058 3340 1304 3410 mysterii,
1329 3349 1378 3392 et
1401 3339 1676 3406 splendore
1705 3339 1952 3392 uirtutum
1973 3335 2160 3390 beatis-

559 3435 677 3488 simi
706 3431 944 3501 Martini,
965 3442 1022 3488 ut
1045 3443 1292 3504 poemata
1320 3447 1417 3488 sua
1444 3434 1495 3486 in
1528 3444 1695 3486 unum
1741 3430 1967 3485 collecta
2010 3428 2158 3482 volu-

560 3531 914 3593 menederet,
947 3530 1130 3599 utique
1158 3526 1371 3598 plurimi
1423 3527 1689 3583 interesse
1728 3523 2044 3580 existimans
2089 3537 2159 3576 ne

559 3622 763 3677 diutius
789 3622 842 3676 itt
881 3619 1095 3677 silentio
1139 3636 1202 3677 ac
1232 3620 1473 3677 tenebris
1514 3620 1766 3684 laterent,
1805 3616 1899 3673 sed
1924 3618 1977 3672 in
2006 3630 2158 3672 com-

561 3731 777 3772 munem
809 3714 1036 3772 fructum
1067 3715 1454 3786 proferrentur.
1485 3714 1670 3771 Eidem
1701 3712 1980 3768 addendos
2003 3711 2156 3766 Felix

559 3810 935 3866 Namnetensis
964 3809 1272 3883 episcopus,
1304 3808 1396 3881 qui
1424 3808 1716 3879 scripserat
1765 3806 1831 3862 ad
1887 3805 2152 3861 Fortuna-

560 3910 671 3953 tunt
703 3902 816 3966 eius
839 3916 1011 3954 vocem
1040 3915 1133 3955 nec
1179 3900 1552 3956 acclamatione
1595 3897 1812 3953 laudum
1859 3904 2157 3966 superatam

558 3993 611 4044 in
638 3992 817 4045 ultimo
849 3992 982 4047 orbis
1008 3991 1201 4064 angulo
1235 4008 1552 4059 personasse.
1607 3991 1812 4057 Quibus
1855 4005 1922 4046 ex
1975 3987 2157 4045 verbis

525 4130 528 4133 .
561 4084 790 4153 intelligi
832 4094 1006 4154 potest
1031 4099 1281 4156 quanam
1312 4084 1364 4140 iu
1397 4094 1506 4141 tcta
1532 4083 1708 4138 Gallia
1738 4091 1885 4138 esset
1911 4083 1979 4138 de
2002 4084 2158 4152 lugeo

558 4178 648 4234 nio
669 4179 787 4246 ejus
816 4194 881 4234 ac
905 4178 1096 4234 litteris
1117 4179 1421 4235 communis
1445 4177 1584 4232 fama
1611 4187 1667 4233 et
1694 4175 2044 4233 existimatio.

547 4263 552 4268 ”
631 4270 755 4328 105.
777 4271 958 4342 Neque
991 4289 1119 4328 vero
1139 4271 1385 4341 ejusdem
1407 4285 1571 4339 opera
1594 4268 1649 4323 in
1667 4267 1999 4324 carminibus
2022 4280 2160 4336 pan-

560 4369 748 4438 gendis
776 4367 1148 4421 tantummodo
1169 4373 1263 4419 aut
1283 4375 1592 4420 sanctorum
1622 4361 1758 4417 Vitis
1781 4359 2154 4415 describendis

563 4458 841 4530 praestitit,
873 4458 966 4513 sed
997 4458 1136 4513 idem
1183 4473 1254 4515 ne
1282 4472 1311 4511 a
1353 4454 1669 4524 tbeologicis
1704 4453 1920 4523 quidem
1961 4450 2156 4507 studiis

561 4512 770 4611 ;lietltt§
796 4554 916 4608 fuit.
949 4551 1091 4608 Sane
1121 4551 1363 4622 ejusdem
1399 4550 1452 4604 in
1481 4512 1790 4605 Oruatione'm
1821 4545 2153 4601 Dominicsm
2185 4535 2240 4597 Β
2340 4532 2406 4590 Ui
2433 4538 2612 4586 amem
2642 4527 2732 4622 3"?
2770 4540 2888 4595 τιυω
2919 4523 2970 4577 in
2999 4515 3265 4622 θίγε-νίζε
3298 4512 3612 4622 Tituli-mus.

558 4650 863 4722 explanatio
890 4665 1000 4717 pra:
1029 4645 1240 4701 casteria
1269 4640 1512 4697 declarat
1550 4655 1658 4709 quo
1705 4641 1749 4694 is
1781 4654 1944 4694 sensu
1974 4651 2037 4692 ac
2063 4635 2155 4707 ju-

562 4742 703 4798 dicio
733 4751 877 4798 esset
907 4737 1228 4811 tbeologicis
1271 4735 1326 4790 in
1368 4734 1552 4789 rebus.
1593 4733 1725 4788 Item
1749 4746 1966 4786 carmen
1999 4730 2030 4784 7
2062 4730 2155 4788 lib.

563 4852 653 4892 \‘tll
676 4875 692 4904 ,
722 4835 864 4907 quod
896 4835 952 4892 in
981 4829 1187 4887 laudem
1212 4839 1404 4886 sanctis
1427 4825 1614 4882 Maria
1642 4825 1854 4898 uirginis
1890 4832 1937 4878 et
1969 4821 2156 4878 Matris

2269 1920 2482 1976 incendi
2517 1926 2743 1989 poterat,
2773 1916 2842 1970 de
2865 1930 2994 1986 qua,
3019 1922 3078 1968 ut
3098 1911 3266 1968 refert
3292 1910 3627 1966 Baudonivia
3660 1911 3712 1965 in
3743 1914 3862 1978 ejus

2269 2016 2385 2071 Vita
2408 2055 2425 2082 ,
2454 2030 2602 2070 num.
2635 2012 2703 2080 9,
2741 2008 2959 2066 assidua
2990 2023 3170 2064 rerum
3199 2006 3501 2061 divinarum
3553 2003 3605 2057 in
3637 2002 3863 2057 medita-

2268 2109 2414 2162 tione
2438 2105 2763 2174 assiduaque
2787 2102 3020 2158 lectione
3043 2099 3132 2155 diu
3156 2108 3423 2167 noctuque
3453 2095 3788 2151 versabatur.

2342 2199 2468 2256 10$.
2508 2198 2656 2253 idem
2685 2194 2849 2250 etiam
2880 2192 2976 2265 (ut
3002 2198 3189 2246 censet
3215 2188 3371 2243 Joan.
3405 2184 3629 2255 Josepb.
3669 2181 3864 2254 Liruti)

2274 2293 2580 2351 Graecarum
2613 2292 2912 2346 litterarum
2943 2299 3141 2356 expers
3165 2298 3273 2338 non
3307 2280 3403 2335 fuit
3431 2295 3564 2349 quas
3591 2279 3728 2332 forte
3759 2276 3866 2332 Ra-

2272 2403 2482 2453 vennte,
2503 2388 2555 2442 in
2575 2386 2668 2442 illo
2691 2380 3046 2441 scientiarum
3069 2378 3310 2432 omnium
3335 2376 3552 2445 l.yca+o,
3575 2372 3860 2438 didicerat,

2267 2500 2330 2541 ac
2359 2485 2413 2540 in
2446 2481 2671 2536 Galliam
2700 2478 3033 2547 deportarat.
3064 2471 3195 2542 Ejus
3223 2482 3351 2538 vero
3382 2467 3457 2521 rei
3485 2473 3865 2535 argumentum

2265 2578 2334 2633 ab
2360 2576 2478 2644 ipso
2507 2571 2800 2643 profertur,
2831 2565 2976 2640 quod
3004 2562 3050 2620 is
3078 2561 3325 2618 scribens
3349 2559 3416 2613 ad
3443 2557 3696 2622 Felicem,
3731 2554 3863 2626 Epio

2264 2683 2485 2738 scopum
2511 2667 2951 2725 Namnetensem,
2973 2656 3129 2726 cujus
3149 2651 3471 2723 eloquentiae
3502 2645 3866 2703 admiratione

2265 2778 2324 2818 se
2351 2759 2655 2833 perculsum
2709 2753 2878 2810 fuisse
2928 2756 3153 2818 narrat,
3204 2745 3320 2800 bace
3361 2741 3543 2797 dicat:
3577 2737 3867 2794 Credebant

2262 2832 2407 2927 quasi
2435 2868 2561 2908 sono
2595 2848 2875 2904 Pindarico
2922 2849 3216 2910 compactos
3248 2833 3615 2906 tetrastmphos
3635 2832 3862 2927 pedestri

2262 2921 2459 3020 glutine
2504 2942 2787 3016 suggilalos
2840 2935 3122 3011 (Epistota
3164 2931 3368 3003 prie/ix.
3417 2929 3571 3020 tib.)
3632 2921 3861 3020 Viue—8.

2265 3015 2473 3110 Marc).
2507 3015 2585 3092 Ac
2614 3032 2859 3105 profecto
2897 3030 2942 3084 is
2971 3027 3086 3097 qui,
3115 3023 3363 3079 scribens
3385 3023 3455 3101 ad
3491 3017 3719 3121 Gregor.
3745 3015 3859 3069 Tu-
3889 3084 3892 3088 .

3523 3121 3584 3165 tts
3607 3123 3858 3172 nmmum,

2261 3224 2401 3296 quod
2445 3236 2596 3292 opere
2621 3219 2790 3271 minus
2833 3210 3162 3275 inscribitur,
3193 3203 3481 3261 dilectionis
3514 3201 3702 3256 intuitu
3728 3199 3861 3253 dila-

2259 3327 2422 3371 tatur.
2459 3312 2596 3367 Nam
2642 3313 3082 3366 EfilXEfPuMATA
3108 3307 3285 3358 At:th
3315 3303 3618 3354 AlAEPEClC
3664 3300 3866 3349 naru-

2261 3419 2444 3466 NECIC
2472 3415 2518 3462 et
2550 3405 2753 3476 reliqua
2779 3399 3069 3456 oratmibus
3090 3402 3136 3450 et
3164 3391 3446 3449 dialecticis
3475 3389 3859 3472 permittuntur,

2259 3513 2391 3560 etc..
2422 3499 2561 3556 haud
2591 3498 2803 3553 videtur
2825 3491 3133 3548 Grtecarum
3161 3487 3456 3542 litterarum
3486 3482 3704 3551 ignarus
3729 3476 3866 3535 fuis-

2259 3612 2340 3655 se.
2375 3597 2674 3660 Postremo,
2698 3587 2840 3660 quod
2865 3602 2984 3644 meo
3001 3583 3207 3656 judicio
3227 3579 3465 3636 maxime
3487 3575 3613 3630 facit
3630 3573 3695 3628 ad
3718 3587 3860 3639 rem,

2262 3693 2418 3766 plura
2449 3695 2574 3746 sunt
2601 3687 2655 3743 in
2684 3683 2803 3755 ejus
2830 3679 3048 3750 scriptis
3097 3689 3217 3747 quae
3247 3671 3492 3728 Graecum
3526 3664 3746 3766 dicendi
3772 3667 3861 3720 le-

2260 3761 2445 3860 porem
2489 3799 2553 3839 ac
2605 3781 2824 3838 modum
2876 3775 3076 3845 passim
3127 3769 3384 3825 referant.
3438 3764 3635 3820 Merito
3679 3761 3860 3860 itaque

2261 3851 2740 3951 reprehendendus
2765 3869 3054 3926 llilduinus
3085 3863 3274 3927 abbas,
3296 3860 3407 3930 qui,
3442 3859 3498 3914 in
3529 3855 3758 3951 epistola
3787 3851 3863 3951 ad

2261 3945 2597 4031 Ludovicum
2624 3965 2814 4029 Pium,
2843 3959 3048 4018 idcirco
3080 3957 3227 4012 illum
3259 3954 3330 4008 de
3360 3951 3582 4007 natione
3611 3945 3857 4017 Dionysii

2259 4064 2619 4134 AreOpagitte,
2643 4059 2709 4116 de
2731 4074 2838 4130 quo
2861 4055 3109 4127 hymnum
3134 4048 3538 4122 pulcherrimum
3560 4044 3862 4113 scripserat,

2258 4169 2308 4214 et
2333 4154 2660 4212 ordinatione
2681 4150 3009 4222 episcopatus
3054 4145 3362 4198 mentionem
3393 4155 3494 4192 non
3523 4134 3703 4207 fecisse
3728 4149 3858 4187 uar-

2261 4264 2382 4320 rat,
2418 4252 2539 4322 quia
2567 4247 2765 4306 ercte
2808 4246 3002 4316 lingua
3046 4239 3247 4308 penitus
3293 4249 3472 4304 expers
3508 4230 3633 4322 fuit.
3684 4230 3861 4322 Atque

2261 4318 2379 4402 haec
2409 4318 2477 4401 de
2506 4342 2726 4415 pietate,
2757 4346 2870 4397 tum
2899 4332 3122 4389 scicntia
3174 4327 3450 4384 Fortunati
3507 4334 3560 4380 et
3615 4318 3866 4392 ingenio,

2261 4441 2392 4496 satis
2420 4455 2450 4493 a
2484 4453 2571 4494 me
2591 4435 2736 4490 dicta
2758 4430 3032 4488 existimo.
3764 4498 3766 4500 ν

2340 4532 2402 4562 ιι.
2436 4538 2610 4562 nam...
2642 4527 2730 4562 tu.
2770 4540 2888 4562 ηηηη
2919 4523 2970 4562 in
2999 4519 3116 4562 οἴης
3149 4515 3264 4562 Vita
3298 4512 3612 4562 retulimus.
3642 4507 3726 4562 vel
3756 4505 3771 4562 l

3642 4521 3726 4562 vet
3758 4521 3860 4562 ιιο-

2268 4628 2472 4682 minum
2507 4621 2945 4678 doctissimorum
2979 4612 3068 4683 qui
3112 4611 3178 4662 de
3207 4609 3501 4664 Fortunato
3523 4648 3536 4670 ,
3571 4600 3716 4657 omni
3750 4599 3867 4686 fere

2264 4731 2444 4784 aetate,
2469 4715 2684 4788 aliquid
2711 4713 3046 4782 scripserunt
3088 4703 3409 4760 auctoritate
3439 4714 3501 4755 ac
3534 4693 3864 4767 testimoniis

2265 4814 2708 4886 comprobantur,
2731 4809 2908 4878 placet
2936 4802 3022 4857 hic
3047 4787 3327 4855 elenchum
3355 4807 3543 4850 eorum
3566 4787 3859 4874 subjicere.

1019 4912 3859 4980 MM

1279 5075 1923 5156 TESTIMONIA
1953 5060 2426 5151 VIRORUM
2485 5040 3130 5136 ILLUSTRIUM

1774 5210 1859 5262 DE
1891 5209 1928 5258 γ
1939 5203 2216 5259 ΕΝΑΝἸΊΟ
2252 5197 2416 5251 FORT
2427 5191 2659 5247 UNATO.

771 5324 932 5397 Greg.
964 5325 1119 5391 Tum,
1138 5321 1234 5378 lib.
1257 5336 1286 5372 v
1315 5319 1459 5374 Hist.
1489 5299 1714 5383 Frena,
1741 5332 1858 5384 cap.
1885 5311 1939 5366 8.

633 5461 689 5518 Si
718 5460 841 5529 quis
893 5469 1146 5514 strenuus
1199 5455 1424 5510 virtutes
1473 5452 1619 5508 illius
1654 5447 1864 5528 (sancti
1900 5443 2152 5502 Germani

569 5553 945 5624 Parisiensis),
998 5566 1132 5622 quas
1183 5551 1238 5605 in
1288 5563 1524 5617 corpore
1548 5545 1722 5610 fecit,
1776 5539 2006 5597 sollicite
2042 5537 2157 5590 vult

561 5650 851 5720 inquirere,
876 5646 1073 5702 librutn
1095 5645 1215 5701 vita:
1242 5641 1405 5709 illius,
1427 5639 1519 5712 qui
1551 5655 1580 5690 a
1612 5637 1907 5692 Fortunato
1935 5632 2156 5703 presby-

563 5753 679 5799 tero
707 5741 1040 5812 compositus
1067 5748 1177 5802 est,
1210 5735 1416 5807 legens,
1439 5740 1631 5787 cuncta
1663 5728 1915 5799 reperiet.

555 5879 702 5938 idem
764 5877 856 5935 lib.
884 5891 901 5933 t
927 5877 993 5932 die
1017 5875 1165 5930 ϐιοῖ.
1199 5881 1441 5941 manna,
1468 5884 1586 5936 cap.
1621 5863 1719 5930 42,
1749 5877 1906 5936 agens
1941 5864 2006 5916 ds
2030 5872 2152 5915 tetu-

2337 5300 2427 5370 plo
2447 5295 2612 5353 sancti
2644 5285 2912 5370 Laurentii
2948 5281 3100 5370 apud
3118 5277 3467 5370 infestabit
3493 5267 3861 5370 {113036.

2337 5340 2424 5442 Ea;
2786 5340 3030 5422 crevere},
3055 5362 3150 5416 etc,
3173 5365 3274 5416 qua
3299 5340 3467 5418 [rima
3493 5340 3864 5397 ιπὶάεὺοηικν

2333 5433 2401 5497 ad
2432 5441 2633 5494 morbos
2658 5433 2915 5508 curandos
2941 5443 2961 5482 :

2338 5591 2358 5626 ο
2396 5569 2593 5641 Quod,
2623 5567 2739 5630 ait.
2787 5562 3110 5617 Fortunatus
3157 5552 3439 5623 presbyter
3484 5547 3571 5602 bis
3617 5543 3862 5641 versibus

2265 5635 2585 5736 prosa-ntus
2613 5666 2738 5714 est:
2769 5651 3040 5711 Laurentii
3067 5651 3284 5712 merito,
3315 5655 3450 5705 etc...
3483 5638 3652 5695 multo
3678 5635 3860 5740 plu-ros

2262 5755 2461 5812 exinde
2517 5750 2734 5819 scripsit
2790 5744 3118 5806 versiculos,
3169 5753 3306 5808 quos
3350 5751 3451 5805 ego
3507 5740 3856 5802 pra-ternum,

2261 5851 2362 5907 his
2392 5829 2597 5904 tantum
2621 5858 2727 5922 pro
2753 5837 3065 5898 testimonio
3091 5833 3199 5890 veri
3227 5847 3302 5887 sci
3320 5829 3492 5891 ibcns,
3513 5837 3624 5882 etc.
3651 5837 3676 5877 s
