4124 6394
326 370 397 432 53
1468 385 1620 441 νιτΑ
1669 386 1888 441 ΥΕΝΔῢ

2029 386 2446 446 ροητυκλτι.
3527 397 3593 452 5⁸

401 490 542 558 [dent
565 493 614 544 in
643 495 856 560 cpistola
882 494 1094 562 prazﬁxa
1124 495 1212 547 lib.
1239 506 1456 564 quatuor
1484 496 1546 550 de
1573 497 1842 550 virtutibus

875 576 882 583 '
919 567 1079 618 sancti
1113 567 1343 619 Martini.

401 652 634 716 l'tinam,
659 656 840 724 inquit,
863 658 1115 724 Severus,
1140 666 1231 711 aut
1263 658 1511 713 Paulinus
1541 649 1798 724 viverent,
1823 669 1913 714 aut

326 757 470 796 certe
506 742 828 798 Fortunatus
858 749 1090 814 adesset,
1124 749 1210 818 qui
1247 750 1344 803 ista
1385 749 1773 817 describerent,
1805 763 1907 806 etc.

329 834 402 887 De
429 837 603 889 eodem
635 836 919 891 Fortunato
951 840 1028 893 vel
1065 840 1182 892 aliis
1211 841 1260 893 in
1287 842 1412 895 locis
1437 843 1737 896 mentionem
1766 843 1909 909 facit.

397 925 720 982 Bundonivia
768 932 1207 994 sanctimonialis,
1239 934 1288 984 in
1313 934 1523 1002 prologo
1564 935 1631 986 ad
1667 933 1838 988 Vitam

841 1012 1028 1055 sanctae
1063 1002 1410 1074 liadrgundis.

395 1090 509 1145 Non
540 1108 624 1157 ea,
657 1109 778 1160 qua!
806 1095 888 1146 vir
920 1095 1245 1162 apostolicus
1277 1093 1597 1150 Fortunatus
1627 1097 1909 1168 episcOpus

325 1181 391 1242 de
421 1182 590 1236 beatae
617 1183 728 1237 Vita
757 1187 1074 1256 composuit,
1108 1189 1386 1252 iteramus,
1416 1199 1524 1245 etc.

331 1274 526 1330 Paulus
556 1275 836 1340 Dioconus,
864 1280 926 1332 de
951 1278 1116 1333 Garris
1145 1280 1458 1351 Longobar.,
1478 1283 1564 1336 (ib.
1592 1299 1648 1350 ιι,
1668 1299 1781 1352 cap.
1819 1285 1905 1341 1'5.

396 1370 538 1425 Sane
568 1372 686 1439 quia
717 1371 871 1442 hujus
915 1372 1104 1428 Felicis
1137 1374 1355 1431 fecimus
1389 1379 1715 1434 mentionem
1737 1422 1751 1446 ,
1781 1380 1907 1434 libet

324 1479 536 1531 quoque
565 1482 726 1530 rauca
756 1482 851 1519 nos
875 1467 940 1520 de
973 1469 1259 1524 venerabili
1286 1480 1340 1526 et
1366 1472 1764 1540 sapientissimo
1790 1475 1916 1529 vim

325 1553 615 1610 Fortunato
644 1569 920 1623 retexere,
954 1559 1040 1626 qui
1076 1560 1216 1616 hunc
1246 1561 1481 1617 Felicem
1512 1556 1663 1618 suum
1692 1579 1904 1621 asseve-

321 1652 403 1697 rat
430 1643 633 1698 socium
679 1645 865 1703 fuisse.
916 1649 1160 1719 Denique
1207 1651 1292 1706 hic
1315 1691 1331 1717 ,
1359 1652 1427 1707 de
1455 1668 1558 1722 quo
1605 1654 1900 1721 loquimur,

321 1733 674 1804 Fertunatus,
709 1748 866 1794 natus
896 1740 1110 1810 quidem
1157 1743 1208 1795 in
1237 1743 1354 1798 loco
1376 1745 1461 1813 qui
1488 1745 1780 1813 Duplavilis
1817 1747 1901 1801 di-

316 1827 475 1892 citur,
506 1826 602 1882 fuit
635 1846 654 1884 :
681 1830 772 1899 qui
801 1831 948 1886 locus
986 1833 1125 1887 haud
1156 1833 1311 1906 longe
1342 1851 1370 1888 a
1407 1836 1675 1892 Cenitensi
1699 1849 1897 1904 castro,
1931 1864 1976 1923 Β

321 1917 399 1972 vel
433 1917 743 1974 'l'a'rvisiana
786 1921 950 1977 distat
995 1925 1246 1990 civitate;
1281 1928 1370 1981 sed
1397 1936 1575 1983 tamen
1628 1930 1898 1985 Ravenna:

321 2011 552 2063 nutritus
580 2021 634 2066 et
659 2011 844 2067 doctus
864 2056 879 2079 ,
910 2017 961 2069 in
992 2026 1107 2071 arte
1151 2023 1493 2085 grammatica
1517 2061 1532 2084 ,
1568 2023 1682 2076 sive
1712 2025 1894 2079 rheto-

314 2101 441 2163 rica,
475 2101 588 2159 sive
611 2103 769 2159 etiam
797 2107 1039 2174 metrica,
1063 2107 1390 2164 clarissimus
1418 2114 1640 2168 exstitit.
1669 2114 1763 2168 Hic
1777 2131 1895 2170 cum

313 2193 592 2248 oculorum
634 2197 875 2252 dolorem
927 2201 1458 2258 vehementissimum
1505 2216 1809 2274 pateretur,
1842 2217 1898 2262 et

315 2279 666 2340 nihilominus
698 2286 846 2341 Felix
876 2289 998 2357 iste,
1029 2289 1193 2356 ipsius
1220 2293 1418 2359 socius,
1446 2299 1556 2363 pari
1586 2297 1742 2352 modo
1770 2313 1897 2350 ocu-

311 2377 392 2432 los
440 2377 678 2445 doleret,
721 2389 949 2450 uterque
990 2381 1056 2434 ad
1107 2382 1380 2438 ba~ilicam
1427 2385 1703 2442 beatorum
1749 2388 1893 2444 Pauli

309 2480 469 2535 atque
496 2469 744 2538 Joannis,
777 2487 895 2541 qua:
943 2475 1078 2527 intra
1126 2477 1368 2532 eamdem
1414 2480 1597 2535 urbem
1645 2481 1743 2536 sila
1773 2494 1888 2547 est,

311 2571 665 2625 perrexerunt
695 2564 747 2618 in
777 2580 879 2633 qua
911 2567 1073 2620 etiam
1105 2568 1349 2625 altarium
1383 2572 1433 2626 in
1460 2572 1716 2628 honorem
1748 2576 1893 2630 beati

313 2649 520 2705 Martini
562 2648 887 2709 confessoris
931 2667 1295 2714 constructum
1353 2666 1698 2734 propinquam
1735 2665 1893 2739 habet

311 2738 622 2807 fenestram,
657 2743 710 2796 in
737 2758 842 2813 qua
876 2744 1088 2802 lucerna
1119 2749 1186 2803 ad
1212 2751 1570 2808 exhibendum
1605 2755 1782 2810 lumen
1808 2766 1893 2812 est

249 2833 255 2837 ’
307 2835 595 2889 constituta
616 2879 633 2905 ,
665 2835 734 2891 de
762 2838 916 2908 cujus
946 2841 1068 2897 oleo
1109 2859 1232 2898 mox
1269 2846 1370 2901 sibi
1413 2848 1535 2917 isti,
1565 2849 1890 2908 Fortunatus

306 2925 515 2981 scilicet
551 2917 608 2982 et
637 2927 820 2996 Felix,
850 2928 1087 2986 dolentia
1131 2933 1331 2991 lumina
1380 2939 1703 3008 tetigerunt:
1744 2942 1890 2998 illico

303 3016 489 3072 dolore
531 3017 751 3089 fugato,
805 3023 1128 3093 sanitatem,
1174 3043 1330 3098 quam
1371 3034 1663 3100 aptabant,
1711 3035 1888 3102 adepti

302 3115 446 3160 sunt.
494 3106 609 3175 Qua
652 3109 721 3163 de
747 3124 905 3166 causa
959 3114 1280 3173 Fortunatus
1329 3122 1380 3174 in
1425 3133 1627 3178 tantum
1672 3125 1886 3182 beatqu

305 3196 585 3254 Martinnm
615 3213 897 3258 veneratus
927 3217 1033 3273 est,
1064 3219 1138 3275 ut,
1167 3213 1349 3266 relicta
1381 3215 1574 3282 patria,
1610 3219 1767 3285 paulo
1790 3235 1884 3274 an-
1912 3225 1960 3291 ο

304 3298 516 3360 tequam
547 3291 885 3362 Langobardi
934 3298 1134 3354 Italiam
1167 3301 1481 3362 invaderent
1508 3353 1522 3377 ,
1557 3309 1789 3367 Turonis
1818 3315 1883 3367 ad

301 3382 544 3449 ejusdem
575 3387 716 3442 beati
762 3391 861 3443 viri
895 3394 1198 3458 sepulcrum
1228 3412 1562 3466 preperaret.
1611 3405 1711 3470 Qui
1745 3407 1886 3474 sibi,

299 3483 355 3528 ut
390 3475 442 3528 in
472 3477 585 3531 suis
632 3477 750 3545 ipse
792 3483 1116 3539 carminibus
1160 3487 1367 3558 refert,
1400 3492 1523 3547 illnc
1576 3497 1884 3564 properanti

299 3581 395 3635 per
426 3568 680 3624 lluentllia
711 3575 901 3638 menti,
927 3583 981 3628 et
1011 3577 1273 3649 llounsm,
1307 3593 1512 3651 perque
1542 3587 1800 3658 Osopum,
1833 3599 1883 3647 et

297 3660 485 3728 Alpem
510 3658 724 3730 Juliam,
769 3681 966 3737 perque
1003 3673 1273 3742 Aguntum
1317 3690 1574 3748 castrum,
1623 3683 1880 3741 Dravum-

295 3767 399 3818 une
422 3793 438 3820 ,
471 3762 527 3808 et
557 3756 777 3827 Byrrum
828 3758 1017 3815 ﬂuvios
1041 3801 1057 3828 ,
1091 3779 1154 3820 ac
1196 3766 1416 3824 Brioues
1441 3812 1456 3835 ,
1489 3781 1545 3826 et
1591 3775 1881 3845 Augustam

297 3844 590 3914 civitatem,
627 3865 786 3917 quam
827 3851 985 3907 Virdo
1015 3865 1069 3910 et
1097 3856 1236 3912 Lech
1266 3857 1545 3929 ﬂuentant,
1577 3844 1688 3921 iter
1718 3868 1885 3925 fuisse

295 3938 573 3994 describit.
623 3940 724 4006 Qui
779 3952 1056 4015 postquam
1110 3948 1428 4021 Tumuum,
1473 3953 1632 4025 juxta
1693 3968 1875 4016 votum

297 4035 591 4101 proprium,
625 4035 862 4100 advenit,
893 4038 1124 4094 Pictavis
1151 4046 1516 4108 pertransieus
1543 4093 1557 4116 ,
1597 4049 1702 4105 illic
1727 4052 1879 4107 habi-

295 4126 423 4176 tavit
449 4165 464 4188 ,
495 4136 548 4179 et
581 4127 872 4183 multorum
902 4130 1095 4186 ibidem
1129 4145 1437 4192 sanctorum
1466 4151 1616 4208 gesta
1644 4187 1656 4210 ,
1686 4147 1879 4214 partim

291 4229 445 4277 torosa
465 4253 480 4276 ,
513 4215 699 4282 partim
732 4220 936 4274 metraii
965 4222 1206 4280 oratione
1229 4267 1244 4292 ,
1287 4233 1647 4298 conscripsit;
1697 4237 1880 4291 novis-

287 4305 529 4374 simeque
553 4307 604 4359 in
627 4308 812 4362 eadem
839 4313 1056 4367 civitate
1081 4321 1307 4380 primum
1337 4321 1615 4392 presbyter
1637 4364 1652 4388 ,
1685 4327 1878 4383 deinde

287 4395 566 4463 episcopus
583 4400 859 4455 ordinatus
874 4411 1152 4472 est,atque
1179 4407 1227 4460 in
1255 4410 1441 4465 eodem
1465 4413 1587 4468 loco
1611 4415 1773 4485 digno
1801 4427 1883 4472 tu-

288 4489 423 4541 mula
437 4499 517 4542 tus
538 4489 739 4546 honore
757 4495 1002 4563 quiescit.
1027 4497 1123 4552 llic
1142 4500 1279 4555 beati
1302 4505 1511 4559 Martini
1536 4506 1726 4573 Vitam,
1749 4526 1876 4581 qua-

1941 500 1988 558 Α
2017 500 2151 554 adeo
2175 503 2416 569 quaedam
2444 504 2668 558 solerter
2689 520 2811 560 eum
2838 505 3181 574 investigasse
3201 553 3213 574 ,
3241 523 3362 564 cum
3389 512 3434 563 ci
3458 527 3592 566 cou-

2019 597 2322 662 temporalis
2372 597 2608 651 existens
2637 600 2715 656 vir
2747 599 2975 666 prudens
3006 612 3059 654 ot
3088 604 3593 661 scholasticissimus

2016 683 2360 753 Fortunatus,
2374 690 2460 755 qui
2481 689 2626 754 plura
2653 703 2706 744 et
2729 689 3035 760 frequenter
3053 694 3118 748 ad
3141 710 3261 748 eum
3279 700 3589 767 scripserat,

2015 775 2282 846 Hymuum
2315 783 2634 856 rhythmicte
2651 782 3058 851 compositionis
3091 786 3506 853 pulcherrimum
3524 795 3592 848 de

2013 866 2115 921 isto
2144 870 2536 938 gloriosissimo
2559 885 2794 944 martyre
2815 879 3198 946 composuerit.
3229 879 3282 933 ln
3306 896 3413 950 quo
3437 897 3591 938 curuo

2011 968 2273 1014 memorat
2299 976 2422 1018 eum
2453 978 2481 1015 a
2512 964 2672 1019 beato
2699 964 2976 1024 Clemente
3001 972 3343 1040 destinatum,
3375 976 3512 1031 sicut
3539 977 3590 1031 iu

2013 1049 2318 1108 Latinorum
2353 1057 2559 1126 paginis
2580 1058 2787 1114 didicit.
2839 1059 2915 1115 De
2947 1063 3164 1118 natione
3187 1075 3365 1120 autem
3394 1065 3508 1136 ejus
3539 1080 3593 1122 et

2012 1145 2348 1202 ordinatione
2395 1135 2733 1219 episcopatus
2782 1155 3108 1211 mentionem
3140 1173 3245 1212 non
3275 1157 3439 1226 facit,
3470 1161 3592 1229 quia

2013 1233 2205 1303 linguae
2227 1235 2429 1292 Graecae
2465 1245 2670 1308 penitus
2698 1259 2893 1312 expers
2919 1245 3036 1303 fuit.

2013 1325 2350 1396 Uinemarus,
2369 1333 2419 1384 in
2462 1332 2573 1412 Vite
2600 1337 2764 1412 sancti
2800 1337 3024 1412 Remigii
3039 1342 3264 1412 episcopi
3290 1342 3590 1401 Rhemnsia

2542 1407 2592 1458 in
2619 1411 2798 1476 prw[.,
2830 1407 2970 1463 nunt.
3003 1411 3059 1466 2.

2080 1491 2318 1562 Egidius,
2354 1506 2470 1564 post
2517 1498 2729 1552 beatum
2779 1500 3119 1573 Remigium,
3170 1517 3389 1574 quartus
3437 1510 3591 1564 istius

2007 1586 2239 1641 civitatis
2287 1589 2566 1658 episcopus
2607 1595 2892 1659 quemdam
2936 1594 3104 1650 virum
3138 1600 3462 1668 religiosum,
3496 1617 3592 1656 no-

2009 1677 2152 1732 tuine
2183 1677 2530 1735 Fortunatum
2558 1725 2572 1748 ,
2607 1687 2846 1740 metricis
2881 1688 3119 1742 versibus
3145 1689 3428 1761 insignem,
3463 1693 3585 1773 quia

2007 1769 2188 1824 multis
2220 1773 2524 1836 potentibus
2547 1785 2601 1830 et
2630 1778 3029 1836 uenerabilibus
3086 1783 3238 1852 viris,
3268 1784 3318 1838 iu
3354 1783 3438 1840 bis
3459 1770 3586 1842 Gall-

2003 1859 2118 1917 licis
2146 1874 2199 1918 et
2229 1865 2448 1934 Belgicis
2495 1870 2820 1940 regionibus,
2873 1892 2966 1944 per
3019 1877 3229 1954 diversa
3265 1879 3402 1947 loca,
3459 1891 3586 1935 tunc

2001 1953 2120 2004 vino
2149 1966 2210 2008 ac
2239 1956 2475 2011 s'cientia:
2533 1975 2645 2015 suae
2697 1965 2888 2019 merito
2939 1966 3290 2037 invitabatur,
3349 1972 3498 2039 petiit
3521 1973 3590 2026 de

1999 2046 2189 2101 eodem
2219 2049 2374 2115 libro,
2409 2055 2674 2108 cothurno
2697 2055 2971 2112 Gallicano
3001 2061 3223 2128 dictato,
3249 2074 3434 2131 aperto
3462 2079 3579 2118 ser-

1998 2156 2160 2197 mone
2205 2145 2380 2216 aliqua
2417 2149 2665 2205 miracula
2687 2193 2702 2218 ,
2734 2169 2852 2226 quae
2881 2153 2932 2208 in
2968 2156 3162 2225 pupqu
3208 2159 3587 2223 recitarentur,

1997 2233 2262 2302 excipere,
2291 2247 2396 2296 etc.
3250 2244 3253 2247 ’

1999 2341 2144 2398 Inter
2190 2349 2546 2434 inscriptiones
2603 2336 3210 2434 benti-If'ln'ccidtcuini
3258 2365 3311 2418 in
3361 2368 3579 2434 quodam

2067 2423 2603 2505 monasteriootForte,
2639 2425 3009 2501 Nobiliacensi)
3030 2449 3239 2505 sequens
3261 2423 3461 2491 carmen
3494 2440 3585 2491 Iut-

2066 2489 2212 2543 betur
2235 2493 2534 2563 inscriptum
2549 2511 2569 2550 :

2164 2628 2485 2672 EPITAPHIL‘I
2527 2633 2824 2676 FOBTUNATI
2866 2638 3050 2680 Ροετιε
3089 2642 3409 2683 CllRlSTIAVI.

2064 2700 2178 2759 liae
2219 2721 2428 2776 quoque
2460 2713 2707 2778 praesenti
2738 2716 2931 2782 praesul
2963 2719 3247 2787 requiescit
3278 2721 3330 2774 in
3362 2722 3504 2790 aula,

2139 2793 2462 2854 Fortunatus
2488 2801 2630 2858 enim
2661 2805 2760 2870 vir,
2793 2805 2955 2862 decus
2986 2809 3273 2878 Ecclesia;

2063 2887 2293 2945 Plurima
2325 2893 2415 2962 qui
2444 2878 2577 2949 fecit
2602 2908 2910 2954 sanctorum
2938 2902 3174 2958 carmina
3203 2913 3425 2971 metro...

2135 2979 2531 3040 Concelebrans
2562 2997 2776 3044 sanctos
2804 2990 3052 3047 laudibus
3083 2995 3430 3065 bymnidicis'

2061 3072 2158 3139 Qui
2187 3090 2434 3131 sermone
2464 3079 2560 3132 fuit
2589 3081 2808 3151 nitidus,
2841 3087 3112 3153 sensuque
3145 3087 3312 3143 ﬁdelis

2131 3166 2348 3238 Ingenio
2375 3170 2600 3240 calidus,
2628 3186 2906 3246 promptus
2927 3187 2981 3234 et
3009 3191 3102 3235 ore
3131 3196 3250 3236 suo.

2066 3277 2135 3329 Ita
2161 3282 2425 3349 reperitur
2454 3283 2671 3338 allatum
2724 3303 2913 3355 poema
2947 3291 2996 3345 in
3032 3291 3169 3348 Edit.
3206 3295 3440 3362 Ratisb.,
3478 3316 3568 3353 an.

1994 3367 2166 3436 1777,
2216 3373 2471 3429 adornata
2520 3391 2617 3446 per
2663 3379 3079 3439 illustrissimum
3131 3395 3184 3439 et
3233 3394 3570 3445 reverendis-

1992 3468 2184 3520 simum
2233 3469 2401 3526 virum
2437 3460 2761 3530 Frobenium
2792 3476 2848 3531 S.
2881 3479 2943 3532 lt.
2977 3478 3015 3533 l.
3053 3482 3367 3552 principem,
3401 3497 3451 3540 et
3480 3489 3568 3541 αἱ).

1992 3557 2056 3612 ad
2081 3568 2328 3615 sanctum
2357 3562 2782 3620 Emmeramum.

2138 3650 2494 3723 Flodoardus,
2539 3657 2680 3713 Hist.
2708 3661 2891 3717 Rhein.
2935 3663 3103 3733 Each,
3130 3667 3166 3722 l.
3203 3657 3269 3734 tt,
3291 3686 3335 3726 c.
3367 3670 3421 3724 2.

2063 3741 2387 3800 Fortunatus
2436 3746 2649 3804 ltalicus
2695 3753 2835 3822 apud
2881 3753 3082 3812 Gallias
3114 3759 3164 3812 in
3193 3769 3411 3815 metrica
3445 3764 3572 3818 insi.

1987 3833 2105 3902 gnis
2136 3835 2455 3891 habebatur.

2251 3928 2541 3999 Aimoinus,
2570 3931 2608 3985 ι.
2644 3948 2698 3987 m
2728 3917 2866 3989 Hm.
2904 3936 3118 4006 Praua,
3144 3958 3188 3994 τ.
3219 3925 3318 3996 is.

2063 4019 2413 4091 Fortunatus,
2459 4027 2548 4094 qui
2581 4029 2631 4079 in
2674 4027 2940 4084 rhetorica
2986 4035 3314 4107 metricaque
3341 4051 3454 4092 arte
3486 4039 3567 4093 fa-

1988 4127 2170 4167 mosus
2215 4113 2533 4181 habebatur,
2565 4118 2631 4172 ab
2673 4113 2926 4188 HeSpcria
2961 4125 3010 4178 in
3043 4112 3241 4180 Gallias
3275 4132 3564 4199 transiens,

1986 4205 2216 4260 PECtavis
2258 4207 2542 4278 episcopus
2587 4213 2878 4268 ordinatur.
2927 4217 3031 4272 llic
3085 4211 3372 4276 multorum
3425 4223 3571 4278 Vitas

1990 4299 2342 4367 passioncsve
2363 4313 2692 4370 Sanctorum,
2723 4310 2914 4376 partim
2951 4327 3130 4380 prosa,
3151 4316 3338 4382 partior
3373 4304 3567 4383 metro,

1987 4394 2308 4460 composuit,
2343 4395 2406 4447 ad
2441 4397 2641 4451 amicos
2702 4413 2914 4469 quoque
2951 4403 3154 4471 singula
3200 4407 3426 4462 disticha
3458 4411 3561 4465 ele-

1985 4500 2115 4553 gans
2145 4497 2325 4541 orator
2354 4491 2696 4560 conscripsit.
2749 4493 2896 4548 Unde
2926 4497 3196 4568 Sigiberto
3226 4503 3335 4570 regi
3366 4506 3567 4573 elegia-

287 4589 403 4632 mm.
431 4582 481 4632 in
508 4582 675 4647 “bris.
704 4584 919 4640 heroico
963 4587 1013 4640 in
1060 4604 1241 4656 versu,
1275 4598 1548 4650 comem“
1575 4638 1590 4660 θ
1627 4609 1681 4653 ει
1713 4578 1875 4657 mima
1911 4596 1957 4654 ο
1984 4593 2102 4632 cum
2144 4578 2288 4632 misit
2338 4597 2578 4647 carmen,
2622 4587 2999 4654 congratulans
3026 4592 3074 4642 ei
3104 4592 3154 4643 in
3185 4595 3385 4663 nuptiis
3438 4598 3566 4648 llrn—

285 4670 404 4730 alia,
446 4674 786 4743 rnaximeque
814 4676 1039 4744 hymnos
1063 4681 1391 4752 singularum
1426 4686 1793 4756 lestivitatum,
1827 4702 1881 4747 et

285 4763 552 4831 praecipue
583 4764 651 4817 ad
676 4766 914 4835 singulos
943 4771 1147 4826 amicos
1180 4775 1495 4844 versiculos,
1526 4779 1658 4835 nulli
1685 4795 1870 4850 poeta-

286 4872 398 4910 rum
431 4861 722 4925 secnndus,
753 4865 904 4916 suavi
977 4875 993 4916 t
1026 4866 1234 4920 diserto
1264 4882 1518 4925 sermone
1545 4876 1874 4942 composuit.

286 4948 360 5000 Ad
392 4947 548 5019 cujus
577 4965 679 5018 ego
707 4956 967 5008 tumulum
997 4993 1009 5015 .
1044 4971 1162 5010 cum
1187 4957 1312 5012 illuc
1335 5003 1349 5026 ,
1381 4961 1645 5018 orationis
1674 4967 1868 5037 gratia,

281 5040 652 5098 adventassem
679 5087 693 5110 ,
747 5045 848 5099 hoc
887 5051 1261 5130 epitaphium,
1309 5061 1526 5121 rogatus
1571 5055 1640 5107 ab
1685 5057 1867 5126 Apro,

281 5137 517 5205 ejusdem
549 5139 646 5194 loci
672 5141 880 5198 abbate.
923 5145 1251 5215 Μῇῐηδητίιιηι
1275 5152 1524 5205 contexui
1571 5163 1676 5208 etc.
1711 5154 1870 5224 (Vide

283 5231 370 5283 hoc
399 5246 603 5284 carmen
631 5232 684 5285 in
721 5232 836 5286 Vita
867 5235 1046 5298 Γονι..
1077 5255 1222 5290 num.
1255 5237 1372 5308 9:2.)

286 5323 566 5378 Hildut'nus
588 5325 763 5391 abbas,
785 5329 839 5407 in
865 5329 1169 5407 epistoload
1189 5330 1504 5407 Ludovicum
1531 5334 1706 5402 Pium,
1731 5342 1870 5407 apud

777 5397 1010 5464 Surium,
1037 5404 1118 5454 die
1134 5404 1165 5457 9
1188 5403 1366 5460 Ucttb.

345 5486 609 5542 Caeterum
659 5492 981 5556 parcendum
1010 5503 1092 5547 est
1129 5495 1453 5564 simplicitati
1481 5499 1575 5553 viri
1626 5502 1857 5571 religiosi

281 5578 518 5648 Gregorii
566 5581 890 5638 Turonensis
918 5586 1179 5656 episcopi,
1210 5590 1296 5657 qui
1327 5593 1489 5647 multa
1522 5596 1675 5648 aliter
1704 5613 1860 5665 quam

276 5686 332 5726 se
357 5673 552 5726 veritas
577 5670 789 5736 habeat,
811 5675 1107 5744 ars-limans,
1133 5694 1236 5730 non
1267 5680 1573 5738 calliditatis
1603 5695 1742 5751 astu,
1767 5689 1860 5742 sed

277 5765 620 5832 ικοηὶκηὶιδιίε
669 5779 733 5818 ac
770 5766 1124 5835 simplicitatis
1162 5779 1313 5837 voto,
1357 5774 1547 5830 litteris
1583 5792 1858 5832 commen-

277 5856 434 5913 davit.
489 5853 739 5914 Palenler
767 5869 820 5914 et
847 5859 1058 5930 quidem
1119 5878 1340 5919 noscere
1398 5882 1697 5934 possumus,
1751 5888 1854 5927 non

1987 4672 2254 4727 nicliildis.
2287 4673 2453 4739 Quem
2487 4691 2607 4733 cum
2632 4694 2747 4731 sors
2779 4680 2992 4746 librum,
3031 4685 3096 4736 ad
3125 4685 3367 4741 diversos
3398 4690 3465 4743 ah
3496 4709 3563 4744 eo

1981 4763 2081 4814 sibi
2113 4763 2400 4820 familiares
2429 4770 2808 4836 conscriptum,
2839 4773 3081 4835 manibus
3106 4776 3374 4832 intulis~ct
3408 4783 3560 4841 meis.

1981 4854 2032 4909 in
2051 4870 2118 4910 eo
2147 4856 2530 4914 fecuuditatem
2557 4863 2674 4929 viri,
2700 4862 3020 4932 dulcemque
3046 4866 3408 4926 alfaliilitatein
3435 4877 3562 4931 εηιίδ

1977 4947 2271 5001 admiratus
2300 4965 2436 5004 sum.
2501 4971 2504 4974 ·
3078 4967 3080 4969 ’

2332 5099 2333 5102 η
2433 5044 2644 5113 Regina,
2680 5048 2732 5098 in
2762 5045 2975 5114 Chrom,
3009 5052 3044 5104 Ι.
3073 5068 3104 5105 t.

2052 5129 2373 5185 Fortunatus
2403 5149 2554 5202 poeta
2587 5138 2636 5189 in
2669 5139 2854 5194 Galliis
2884 5142 3109 5214 insignis
3144 5146 3392 5202 habetur.

2262 5225 2569 5295 Sigibertus,
2605 5229 2655 5280 in
2688 5228 2902 5298 Claram,
2932 5237 2998 5287 ad
3027 5252 3115 5290 an.
3142 5236 3267 5294 575.

2049 5312 2368 5369 Fortunatus
2393 5331 2544 5385 poeta
2571 5323 2790 5376 veniens
2816 5325 2882 5378 ab
2915 5310 3056 5382 italia
3083 5330 3246 5385 claret
3273 5334 3324 5388 iu
3357 5335 3548 5394 Gallia-

2330 5408 2496 5476 Idem,
2533 5413 2594 5464 de
2617 5412 2811 5480 Script.
2842 5414 3008 5484 Eccl.,
3036 5437 3080 5472 ε.
3104 5423 3194 5476 45.

2042 5500 2391 5568 Fortunatus,
2446 5505 2660 5560 natione
2718 5507 2916 5576 Italus,
2967 5512 3269 5573 liberalibus
3347 5524 3549 5578 artibus

1967 5591 2281 5656 eruditus,a
2313 5592 2496 5646 dolore
2546 5597 2822 5652 oeulorum
2869 5602 3064 5658 virtute
3112 5607 3318 5662 Martini
3373 5611 3545 5665 Turo-

1967 5681 2148 5736 nensis
2173 5683 2409 5752 episcopi
2434 5694 2675 5752 sanatus,
2709 5701 2760 5744 et
2790 5706 2886 5760 pro
2909 5693 3007 5748 hac
3029 5711 3183 5750 causa
3218 5700 3281 5752 ad
3305 5700 3554 5756 Turones

1964 5776 2127 5837 venit;
2159 5784 2214 5830 et
2241 5776 2306 5830 ad
2363 5775 2607 5832 Pictavos
2640 5792 2974 5853 progressus,
3023 5790 3192 5856 primo
3225 5792 3291 5844 ibi
3321 5795 3537 5866 presby-

1966 5877 2067 5932 lcr,
2089 5866 2284 5922 deinde
2304 5871 2583 5939 episcopus
2599 5886 2780 5931 cense:
2802 5888 2944 5934 ratus
2960 5891 3058 5936 est.
3079 5883 3301 5953 Scripsit
3319 5887 3533 5940 metrire
