  <div class='ocr_page' id='page_1' title='image "/cluster/home/n/w/nwhite01/storage/ocr_20150623/88/umn.31951p01109758w/035.png"; bbox 0 0 4124 6362; ppageno 0'>
   <div class='ocr_carea' id='block_1_1' title="bbox 561 351 3848 424">
    <p class='ocr_par' dir='ltr' id='par_1_1' title="bbox 561 351 3848 424">
     <span class='ocr_line' id='line_1_1' title="bbox 561 351 3848 424; baseline 0 -10"><span class='ocrx_word' id='word_1_1' title='bbox 561 358 635 414; x_wconf 79' lang='lat'><strong>55</strong></span> <span class='ocrx_word' id='word_1_2' title='bbox 1097 354 1620 412; x_wconf 74' lang='lat' dir='ltr'><strong>PROLEGOMENA</strong></span> <span class='ocrx_word' id='word_1_3' title='bbox 1662 354 1755 410; x_wconf 82' lang='lat' dir='ltr'><strong>AD</strong></span> <span class='ocrx_word' id='word_1_4' title='bbox 1797 353 2127 411; x_wconf 73' lang='lat' dir='ltr'><strong>VENAN&#39;I‘Il</strong></span> <span class='ocrx_word' id='word_1_5' title='bbox 2164 351 2323 408; x_wconf 74' lang='lat' dir='ltr'><strong>“ON.</strong></span> <span class='ocrx_word' id='word_1_6' title='bbox 2365 351 2577 411; x_wconf 73' lang='lat' dir='ltr'><strong>CLEM.</strong></span> <span class='ocrx_word' id='word_1_7' title='bbox 2620 353 3015 413; x_wconf 73' lang='lat' dir='ltr'><strong>FORTUNATI</strong></span> <span class='ocrx_word' id='word_1_8' title='bbox 3056 355 3307 414; x_wconf 77' lang='lat' dir='ltr'><strong>OPERA.</strong></span> <span class='ocrx_word' id='word_1_9' title='bbox 3775 359 3848 424; x_wconf 77' lang='lat'><strong><em>56</em></strong></span> 
     </span>
    </p>
   </div>
   <div class='ocr_carea' id='block_1_2' title="bbox 563 468 3848 548">
    <p class='ocr_par' dir='ltr' id='par_1_2' title="bbox 563 468 3848 548">
     <span class='ocr_line' id='line_1_2' title="bbox 563 468 3848 548; baseline 0.002 -20"><span class='ocrx_word' id='word_1_10' title='bbox 563 471 992 542; x_wconf 81' lang='lat' dir='ltr'><strong>ll&#39;odoepericum</strong></span> <span class='ocrx_word' id='word_1_11' title='bbox 1023 470 1699 540; x_wconf 85' lang='lat' dir='ltr'><strong>suutn;scripsitmetrice</strong></span> <span class='ocrx_word' id='word_1_12' title='bbox 1717 479 1955 538; x_wconf 76' lang='lat' dir='ltr'><strong>quatuor</strong></span> <span class='ocrx_word' id='word_1_13' title='bbox 1983 469 2152 523; x_wconf 80' lang='lat' dir='ltr'><strong>libros</strong></span> <span class='ocrx_word' id='word_1_14' title='bbox 2191 470 2239 530; x_wconf 78' lang='grc' dir='ltr'><strong>Λ</strong></span> <span class='ocrx_word' id='word_1_15' title='bbox 2268 468 2409 523; x_wconf 91' lang='lat' dir='ltr'><strong>nolui</strong></span> <span class='ocrx_word' id='word_1_16' title='bbox 2459 471 2800 541; x_wconf 85' lang='lat' dir='ltr'><strong>consignare.</strong></span> <span class='ocrx_word' id='word_1_17' title='bbox 2847 470 3006 527; x_wconf 78' lang='lat' dir='ltr'><strong>l’lnra</strong></span> <span class='ocrx_word' id='word_1_18' title='bbox 3046 478 3187 528; x_wconf 87' lang='lat' dir='ltr'><strong>enim</strong></span> <span class='ocrx_word' id='word_1_19' title='bbox 3246 477 3512 548; x_wconf 86' lang='lat' dir='ltr'><strong>epitapltia</strong></span> <span class='ocrx_word' id='word_1_20' title='bbox 3556 491 3610 538; x_wconf 89' lang='lat' dir='ltr'><strong>ct</strong></span> <span class='ocrx_word' id='word_1_21' title='bbox 3660 499 3848 542; x_wconf 67' lang='lat' dir='ltr'><strong>versus</strong></span> 
     </span>
    </p>
   </div>
   <div class='ocr_carea' id='block_1_3' title="bbox 563 564 2161 631">
    <p class='ocr_par' dir='ltr' id='par_1_3' title="bbox 563 564 2161 631">
     <span class='ocr_line' id='line_1_3' title="bbox 563 564 2161 631; baseline -0.005 -7"><span class='ocrx_word' id='word_1_22' title='bbox 563 571 633 624; x_wconf 76' lang='lat' dir='ltr'><strong>de</strong></span> <span class='ocrx_word' id='word_1_23' title='bbox 682 564 800 622; x_wconf 74' lang='lat' dir='ltr'><strong>Vita</strong></span> <span class='ocrx_word' id='word_1_24' title='bbox 846 569 1014 620; x_wconf 93' lang='lat' dir='ltr'><strong>sancti</strong></span> <span class='ocrx_word' id='word_1_25' title='bbox 1065 565 1304 631; x_wconf 72' lang='lat' dir='ltr'><strong>Martini,</strong></span> <span class='ocrx_word' id='word_1_26' title='bbox 1351 574 1407 619; x_wconf 86' lang='lat' dir='ltr'><strong>et</strong></span> <span class='ocrx_word' id='word_1_27' title='bbox 1447 564 1614 620; x_wconf 86' lang='lat' dir='ltr'><strong>multa</strong></span> <span class='ocrx_word' id='word_1_28' title='bbox 1653 564 1783 629; x_wconf 89' lang='lat' dir='ltr'><strong>alia,</strong></span> <span class='ocrx_word' id='word_1_29' title='bbox 1826 572 1881 618; x_wconf 91' lang='lat' dir='ltr'><strong>et</strong></span> <span class='ocrx_word' id='word_1_30' title='bbox 1925 564 2161 618; x_wconf 79' lang='lat' dir='ltr'><strong>maxime</strong></span> 
     </span>
    </p>
   </div>
   <div class='ocr_carea' id='block_1_4' title="bbox 565 653 2163 734">
    <p class='ocr_par' dir='ltr' id='par_1_4' title="bbox 565 653 2163 734">
     <span class='ocr_line' id='line_1_4' title="bbox 565 653 2163 734; baseline -0.004 -19"><span class='ocrx_word' id='word_1_31' title='bbox 565 665 798 734; x_wconf 78' lang='lat' dir='ltr'><strong>hymnos</strong></span> <span class='ocrx_word' id='word_1_32' title='bbox 842 660 1179 728; x_wconf 78' lang='lat' dir='ltr'><strong>singularum</strong></span> <span class='ocrx_word' id='word_1_33' title='bbox 1228 656 1599 713; x_wconf 80' lang='lat' dir='ltr'><strong>festivitatum.</strong></span> <span class='ocrx_word' id='word_1_34' title='bbox 1634 654 1715 709; x_wconf 84' lang='lat' dir='ltr'><strong>Ad</strong></span> <span class='ocrx_word' id='word_1_35' title='bbox 1760 653 2000 724; x_wconf 86' lang='lat' dir='ltr'><strong>singulos</strong></span> <span class='ocrx_word' id='word_1_36' title='bbox 2028 653 2163 708; x_wconf 77' lang='lat' dir='ltr'><strong>ami-</strong></span> 
     </span>
    </p>
   </div>
   <div class='ocr_carea' id='block_1_5' title="bbox 566 744 2009 816">
    <p class='ocr_par' dir='ltr' id='par_1_5' title="bbox 566 744 2009 816">
     <span class='ocr_line' id='line_1_5' title="bbox 566 744 2009 816; baseline -0.005 -12"><span class='ocrx_word' id='word_1_37' title='bbox 566 765 661 806; x_wconf 90' lang='lat' dir='ltr'><strong>cos</strong></span> <span class='ocrx_word' id='word_1_38' title='bbox 689 750 994 816; x_wconf 79' lang='lat' dir='ltr'><strong>compesuit</strong></span> <span class='ocrx_word' id='word_1_39' title='bbox 1017 762 1210 803; x_wconf 87' lang='lat' dir='ltr'><strong>versus</strong></span> <span class='ocrx_word' id='word_1_40' title='bbox 1235 746 1387 802; x_wconf 80' lang='lat' dir='ltr'><strong>suavi</strong></span> <span class='ocrx_word' id='word_1_41' title='bbox 1419 755 1474 800; x_wconf 90' lang='lat' dir='ltr'><strong>et</strong></span> <span class='ocrx_word' id='word_1_42' title='bbox 1503 744 1707 801; x_wconf 88' lang='lat' dir='ltr'><strong>diserto</strong></span> <span class='ocrx_word' id='word_1_43' title='bbox 1733 756 2009 798; x_wconf 77' lang='lat' dir='ltr'><strong>sermone.</strong></span> 
     </span>
    </p>
   </div>
   <div class='ocr_carea' id='block_1_6' title="bbox 649 831 2088 909">
    <p class='ocr_par' dir='ltr' id='par_1_6' title="bbox 649 831 2088 909">
     <span class='ocr_line' id='line_1_6' title="bbox 649 831 2088 909; baseline -0.003 -20"><span class='ocrx_word' id='word_1_44' title='bbox 649 837 912 902; x_wconf 80' lang='lat' dir='ltr'><strong>l&#39;iuccnt.,</strong></span> <span class='ocrx_word' id='word_1_45' title='bbox 938 837 1095 909; x_wconf 73' lang='lat' dir='ltr'><strong>Spes.</strong></span> <span class='ocrx_word' id='word_1_46' title='bbox 1115 837 1205 892; x_wconf 83' lang='lat' dir='ltr'><strong>lib.</strong></span> <span class='ocrx_word' id='word_1_47' title='bbox 1232 850 1365 902; x_wconf 81' lang='lat' dir='ltr'><strong>uti,</strong></span> <span class='ocrx_word' id='word_1_48' title='bbox 1382 853 1432 889; x_wconf 89' lang='lat' dir='ltr'><strong>c.</strong></span> <span class='ocrx_word' id='word_1_49' title='bbox 1452 834 1659 903; x_wconf 67' lang='lat' dir='ltr'><strong>l26,ea:</strong></span> <span class='ocrx_word' id='word_1_50' title='bbox 1688 833 1835 906; x_wconf 82' lang='lat' dir='ltr'><strong>Hug.</strong></span> <span class='ocrx_word' id='word_1_51' title='bbox 1855 831 2088 888; x_wconf 83' lang='lat' dir='ltr'><strong>Florioc.</strong></span> 
     </span>
    </p>
   </div>
   <div class='ocr_carea' id='block_1_7' title="bbox 645 926 1393 1000">
    <p class='ocr_par' dir='ltr' id='par_1_7' title="bbox 645 926 1393 1000">
     <span class='ocr_line' id='line_1_7' title="bbox 645 926 1393 1000; baseline -0.003 -16"><span class='ocrx_word' id='word_1_52' title='bbox 645 929 976 986; x_wconf 67' lang='lat' dir='ltr'><strong>Fortunatus</strong></span> <span class='ocrx_word' id='word_1_53' title='bbox 1005 929 1090 983; x_wconf 90' lang='lat' dir='ltr'><strong>vir</strong></span> <span class='ocrx_word' id='word_1_54' title='bbox 1120 926 1393 1000; x_wconf 82' lang='lat' dir='ltr'><strong>egregius,</strong></span> 
     </span>
    </p>
   </div>
   <div class='ocr_carea' id='block_1_8' title="bbox 819 1017 1899 1083">
    <p class='ocr_par' dir='ltr' id='par_1_8' title="bbox 819 1017 1899 1083">
     <span class='ocr_line' id='line_1_8' title="bbox 819 1017 1899 1083; baseline -0.003 -13"><span class='ocrx_word' id='word_1_55' title='bbox 819 1020 1032 1083; x_wconf 80' lang='lat' dir='ltr'><strong>Ingento</strong></span> <span class='ocrx_word' id='word_1_56' title='bbox 1051 1019 1236 1081; x_wconf 86' lang='lat' dir='ltr'><strong>clarus,</strong></span> <span class='ocrx_word' id='word_1_57' title='bbox 1259 1031 1409 1068; x_wconf 86' lang='lat' dir='ltr'><strong>sensu</strong></span> <span class='ocrx_word' id='word_1_58' title='bbox 1433 1019 1592 1079; x_wconf 88' lang='lat' dir='ltr'><strong>celer,</strong></span> <span class='ocrx_word' id='word_1_59' title='bbox 1619 1028 1710 1068; x_wconf 87' lang='lat' dir='ltr'><strong>ore</strong></span> <span class='ocrx_word' id='word_1_60' title='bbox 1734 1017 1899 1069; x_wconf 86' lang='lat' dir='ltr'><strong>suavis</strong></span> 
     </span>
    </p>
   </div>
   <div class='ocr_carea' id='block_1_9' title="bbox 643 1118 2170 1192">
    <p class='ocr_par' dir='ltr' id='par_1_9' title="bbox 643 1118 2170 1192">
     <span class='ocr_line' id='line_1_9' title="bbox 643 1118 2170 1192; baseline -0.002 -15"><span class='ocrx_word' id='word_1_61' title='bbox 643 1122 745 1192; x_wconf 79' lang='lat' dir='ltr'><strong>Qui</strong></span> <span class='ocrx_word' id='word_1_62' title='bbox 775 1123 844 1179; x_wconf 90' lang='lat' dir='ltr'><strong>ab</strong></span> <span class='ocrx_word' id='word_1_63' title='bbox 868 1123 1016 1178; x_wconf 92' lang='lat' dir='ltr'><strong>ltalia</strong></span> <span class='ocrx_word' id='word_1_64' title='bbox 1050 1124 1298 1178; x_wconf 86' lang='lat' dir='ltr'><strong>Turonos</strong></span> <span class='ocrx_word' id='word_1_65' title='bbox 1347 1123 1662 1185; x_wconf 85' lang='lat' dir='ltr'><strong>adveniens,</strong></span> <span class='ocrx_word' id='word_1_66' title='bbox 1687 1129 1838 1176; x_wconf 83' lang='lat' dir='ltr'><strong>actus</strong></span> <span class='ocrx_word' id='word_1_67' title='bbox 1867 1120 2008 1176; x_wconf 87' lang='lat' dir='ltr'><strong>beati</strong></span> <span class='ocrx_word' id='word_1_68' title='bbox 2031 1118 2170 1174; x_wconf 80' lang='lat' dir='ltr'><strong>Mar-</strong></span> 
     </span>
    </p>
   </div>
   <div class='ocr_carea' id='block_1_10' title="bbox 577 1208 2171 1281">
    <p class='ocr_par' dir='ltr' id='par_1_10' title="bbox 577 1208 2171 1281">
     <span class='ocr_line' id='line_1_10' title="bbox 577 1208 2171 1281; baseline -0.003 -14"><span class='ocrx_word' id='word_1_69' title='bbox 577 1215 673 1268; x_wconf 90' lang='lat' dir='ltr'><strong>tini</strong></span> <span class='ocrx_word' id='word_1_70' title='bbox 701 1229 754 1268; x_wconf 97' lang='lat' dir='ltr'><strong>tv</strong></span> <span class='ocrx_word' id='word_1_71' title='bbox 783 1212 958 1281; x_wconf 84' lang='lat' dir='ltr'><strong>libris,</strong></span> <span class='ocrx_word' id='word_1_72' title='bbox 995 1213 1218 1270; x_wconf 85' lang='lat' dir='ltr'><strong>heroico</strong></span> <span class='ocrx_word' id='word_1_73' title='bbox 1262 1215 1543 1270; x_wconf 80' lang='lat' dir='ltr'><strong>contexuit</strong></span> <span class='ocrx_word' id='word_1_74' title='bbox 1571 1221 1765 1268; x_wconf 90' lang='lat' dir='ltr'><strong>metro.</strong></span> <span class='ocrx_word' id='word_1_75' title='bbox 1818 1209 2014 1267; x_wconf 76' lang='lat' dir='ltr'><strong>Verum</strong></span> <span class='ocrx_word' id='word_1_76' title='bbox 2040 1208 2171 1264; x_wconf 89' lang='lat' dir='ltr'><strong>inde</strong></span> 
     </span>
    </p>
   </div>
   <div class='ocr_carea' id='block_1_11' title="bbox 570 1305 2167 1379">
    <p class='ocr_par' dir='ltr' id='par_1_11' title="bbox 570 1305 2167 1379">
     <span class='ocr_line' id='line_1_11' title="bbox 570 1305 2167 1379; baseline -0.003 -17"><span class='ocrx_word' id='word_1_77' title='bbox 570 1315 912 1379; x_wconf 76' lang='lat' dir='ltr'><strong>assumptus,</strong></span> <span class='ocrx_word' id='word_1_78' title='bbox 978 1307 1320 1364; x_wconf 84' lang='lat' dir='ltr'><strong>Pictavorum</strong></span> <span class='ocrx_word' id='word_1_79' title='bbox 1386 1307 1668 1363; x_wconf 88' lang='lat' dir='ltr'><strong>ordinatus</strong></span> <span class='ocrx_word' id='word_1_80' title='bbox 1717 1314 1802 1362; x_wconf 90' lang='lat' dir='ltr'><strong>est</strong></span> <span class='ocrx_word' id='word_1_81' title='bbox 1859 1305 2167 1373; x_wconf 89' lang='lat' dir='ltr'><strong>episcopus.</strong></span> 
     </span>
    </p>
   </div>
   <div class='ocr_carea' id='block_1_12' title="bbox 572 1395 2173 1472">
    <p class='ocr_par' dir='ltr' id='par_1_12' title="bbox 572 1395 2173 1472">
     <span class='ocr_line' id='line_1_12' title="bbox 572 1395 2173 1472; baseline -0.006 -15"><span class='ocrx_word' id='word_1_82' title='bbox 572 1401 796 1472; x_wconf 80' lang='lat' dir='ltr'><strong>Scripsit</strong></span> <span class='ocrx_word' id='word_1_83' title='bbox 837 1409 1016 1456; x_wconf 89' lang='lat' dir='ltr'><strong>autem</strong></span> <span class='ocrx_word' id='word_1_84' title='bbox 1047 1400 1208 1456; x_wconf 90' lang='lat' dir='ltr'><strong>etiam</strong></span> <span class='ocrx_word' id='word_1_85' title='bbox 1256 1396 1428 1454; x_wconf 75' lang='lat' dir='ltr'><strong>Vitam</strong></span> <span class='ocrx_word' id='word_1_86' title='bbox 1459 1397 1600 1454; x_wconf 86' lang='lat' dir='ltr'><strong>beati</strong></span> <span class='ocrx_word' id='word_1_87' title='bbox 1629 1396 1816 1452; x_wconf 81' lang='lat' dir='ltr'><strong>Hilarii</strong></span> <span class='ocrx_word' id='word_1_88' title='bbox 1869 1395 2173 1450; x_wconf 87' lang='lat' dir='ltr'><strong>Pictavicn-</strong></span> 
     </span>
    </p>
   </div>
   <div class='ocr_carea' id='block_1_13' title="bbox 575 1488 2173 1562">
    <p class='ocr_par' dir='ltr' id='par_1_13' title="bbox 575 1488 2173 1562">
     <span class='ocr_line' id='line_1_13' title="bbox 575 1488 2173 1562; baseline -0.005 -11"><span class='ocrx_word' id='word_1_89' title='bbox 575 1496 673 1562; x_wconf 89' lang='lat' dir='ltr'><strong>sis,</strong></span> <span class='ocrx_word' id='word_1_90' title='bbox 703 1504 758 1551; x_wconf 90' lang='lat' dir='ltr'><strong>et</strong></span> <span class='ocrx_word' id='word_1_91' title='bbox 786 1494 976 1552; x_wconf 68' lang='lat' dir='ltr'><strong>Vitam.</strong></span> <span class='ocrx_word' id='word_1_92' title='bbox 995 1492 1139 1551; x_wconf 90' lang='lat' dir='ltr'><strong>beati</strong></span> <span class='ocrx_word' id='word_1_93' title='bbox 1165 1492 1391 1550; x_wconf 78' lang='lat' dir='ltr'><strong>Maurilii</strong></span> <span class='ocrx_word' id='word_1_94' title='bbox 1433 1488 1859 1562; x_wconf 81' lang='lat' dir='ltr'><strong>Andegavensis.</strong></span> <span class='ocrx_word' id='word_1_95' title='bbox 1892 1488 2062 1560; x_wconf 85' lang='lat' dir='ltr'><strong>Hujus</strong></span> <span class='ocrx_word' id='word_1_96' title='bbox 2091 1498 2173 1543; x_wconf 87' lang='lat' dir='ltr'><strong>est</strong></span> 
     </span>
    </p>
   </div>
   <div class='ocr_carea' id='block_1_14' title="bbox 581 1585 1477 1646">
    <p class='ocr_par' dir='ltr' id='par_1_14' title="bbox 581 1585 1477 1646">
     <span class='ocr_line' id='line_1_14' title="bbox 581 1585 1477 1646; baseline -0.008 0"><span class='ocrx_word' id='word_1_97' title='bbox 581 1589 968 1646; x_wconf 86' lang='lat' dir='ltr'><strong>illasententi&#39;a</strong></span> <span class='ocrx_word' id='word_1_98' title='bbox 1001 1588 1179 1644; x_wconf 82' lang='lat' dir='ltr'><strong>brevis</strong></span> <span class='ocrx_word' id='word_1_99' title='bbox 1207 1596 1263 1644; x_wconf 85' lang='lat' dir='ltr'><strong>et</strong></span> <span class='ocrx_word' id='word_1_100' title='bbox 1292 1585 1436 1642; x_wconf 88' lang='lat' dir='ltr'><strong>utilis</strong></span> <span class='ocrx_word' id='word_1_101' title='bbox 1462 1604 1477 1640; x_wconf 88' lang='lat'><strong>:</strong></span> 
     </span>
    </p>
   </div>
   <div class='ocr_carea' id='block_1_15' title="bbox 801 1694 1947 1766">
    <p class='ocr_par' dir='ltr' id='par_1_15' title="bbox 801 1694 1947 1766">
     <span class='ocr_line' id='line_1_15' title="bbox 801 1694 1947 1766; baseline -0.007 -14"><span class='ocrx_word' id='word_1_102' title='bbox 801 1701 998 1766; x_wconf 85' lang='lat' dir='ltr'><strong>Pauper</strong></span> <span class='ocrx_word' id='word_1_103' title='bbox 1019 1699 1071 1751; x_wconf 89' lang='lat' dir='ltr'><strong>in</strong></span> <span class='ocrx_word' id='word_1_104' title='bbox 1092 1707 1300 1764; x_wconf 82' lang='lat' dir='ltr'><strong>angusto</strong></span> <span class='ocrx_word' id='word_1_105' title='bbox 1320 1703 1498 1766; x_wconf 72' lang='lat' dir='ltr'><strong>regnat</strong></span> <span class='ocrx_word' id='word_1_106' title='bbox 1520 1695 1746 1766; x_wconf 78' lang='lat' dir='ltr'><strong>habendo</strong></span> <span class='ocrx_word' id='word_1_107' title='bbox 1767 1694 1947 1766; x_wconf 80' lang='lat' dir='ltr'><strong>Deum.</strong></span> 
     </span>
    </p>
   </div>
   <div class='ocr_carea' id='block_1_16' title="bbox 2265 561 3848 648">
    <p class='ocr_par' dir='ltr' id='par_1_16' title="bbox 2265 561 3848 648">
     <span class='ocr_line' id='line_1_16' title="bbox 2265 561 3848 648; baseline 0.013 -33"><span class='ocrx_word' id='word_1_108' title='bbox 2265 561 2470 621; x_wconf 77' lang='lat' dir='ltr'><strong>breves</strong></span> <span class='ocrx_word' id='word_1_109' title='bbox 2482 563 2720 632; x_wconf 82' lang='lat' dir='ltr'><strong>scripsit,</strong></span> <span class='ocrx_word' id='word_1_110' title='bbox 2745 580 2879 634; x_wconf 77' lang='lat' dir='ltr'><strong>quos</strong></span> <span class='ocrx_word' id='word_1_111' title='bbox 2905 566 3028 623; x_wconf 82' lang='lat' dir='ltr'><strong>vidi.</strong></span> <span class='ocrx_word' id='word_1_112' title='bbox 3059 566 3260 624; x_wconf 86' lang='lat' dir='ltr'><strong>Claruit</strong></span> <span class='ocrx_word' id='word_1_113' title='bbox 3282 570 3380 626; x_wconf 86' lang='lat' dir='ltr'><strong>sub</strong></span> <span class='ocrx_word' id='word_1_114' title='bbox 3403 571 3612 631; x_wconf 84' lang='lat' dir='ltr'><strong>Justino</strong></span> <span class='ocrx_word' id='word_1_115' title='bbox 3629 574 3848 648; x_wconf 88' lang='lat' dir='ltr'><strong>juniore</strong></span> 
     </span>
    </p>
   </div>
   <div class='ocr_carea' id='block_1_17' title="bbox 2266 655 2942 724">
    <p class='ocr_par' dir='ltr' id='par_1_17' title="bbox 2266 655 2942 724">
     <span class='ocr_line' id='line_1_17' title="bbox 2266 655 2942 724; baseline 0.004 -17"><span class='ocrx_word' id='word_1_116' title='bbox 2266 657 2430 724; x_wconf 87' lang='lat' dir='ltr'><strong>Aug.,</strong></span> <span class='ocrx_word' id='word_1_117' title='bbox 2459 670 2552 708; x_wconf 90' lang='lat' dir='ltr'><strong>an.</strong></span> <span class='ocrx_word' id='word_1_118' title='bbox 2579 655 2788 710; x_wconf 86' lang='lat' dir='ltr'><strong>Domini</strong></span> <span class='ocrx_word' id='word_1_119' title='bbox 2817 655 2942 711; x_wconf 82' lang='lat'><strong>570.</strong></span> 
     </span>
    </p>
   </div>
   <div class='ocr_carea' id='block_1_18' title="bbox 2372 744 3732 820">
    <p class='ocr_par' dir='ltr' id='par_1_18' title="bbox 2372 744 3732 820">
     <span class='ocr_line' id='line_1_18' title="bbox 2372 744 3732 820; baseline 0.008 -21"><span class='ocrx_word' id='word_1_120' title='bbox 2372 744 2555 801; x_wconf 87' lang='lat' dir='ltr'><strong>Petrus</strong></span> <span class='ocrx_word' id='word_1_121' title='bbox 2577 745 2828 813; x_wconf 86' lang='lat' dir='ltr'><strong>Crinitus,</strong></span> <span class='ocrx_word' id='word_1_122' title='bbox 2860 749 2990 804; x_wconf 85' lang='lat' dir='ltr'><strong>libro</strong></span> <span class='ocrx_word' id='word_1_123' title='bbox 3011 751 3194 820; x_wconf 84' lang='lat' dir='ltr'><strong>quinto</strong></span> <span class='ocrx_word' id='word_1_124' title='bbox 3224 754 3287 809; x_wconf 82' lang='lat' dir='ltr'><strong>de</strong></span> <span class='ocrx_word' id='word_1_125' title='bbox 3312 752 3482 810; x_wconf 83' lang='lat' dir='ltr'><strong>Poetis</strong></span> <span class='ocrx_word' id='word_1_126' title='bbox 3505 755 3732 813; x_wconf 36' lang='lat' dir='ltr'><strong>Latinis.</strong></span> 
     </span>
    </p>
   </div>
   <div class='ocr_carea' id='block_1_19' title="bbox 2341 838 3852 906">
    <p class='ocr_par' dir='ltr' id='par_1_19' title="bbox 2341 838 3852 906">
     <span class='ocr_line' id='line_1_19' title="bbox 2341 838 3852 906; baseline 0.009 -13"><span class='ocrx_word' id='word_1_127' title='bbox 2341 838 2638 896; x_wconf 81' lang='lat' dir='ltr'><strong>Venantius</strong></span> <span class='ocrx_word' id='word_1_128' title='bbox 2670 839 2935 896; x_wconf 84' lang='lat' dir='ltr'><strong>Honorius</strong></span> <span class='ocrx_word' id='word_1_129' title='bbox 2970 841 3293 900; x_wconf 80' lang='lat' dir='ltr'><strong>Fortunatus</strong></span> <span class='ocrx_word' id='word_1_130' title='bbox 3345 847 3486 902; x_wconf 89' lang='lat' dir='ltr'><strong>inter</strong></span> <span class='ocrx_word' id='word_1_131' title='bbox 3515 849 3852 906; x_wconf 86' lang='lat' dir='ltr'><strong>Christianos</strong></span> 
     </span>
    </p>
   </div>
   <div class='ocr_carea' id='block_1_20' title="bbox 2268 933 3854 1010">
    <p class='ocr_par' dir='ltr' id='par_1_20' title="bbox 2268 933 3854 1010">
     <span class='ocr_line' id='line_1_20' title="bbox 2268 933 3854 1010; baseline 0.006 -24"><span class='ocrx_word' id='word_1_132' title='bbox 2268 941 2459 1002; x_wconf 86' lang='lat' dir='ltr'><strong>poetas</strong></span> <span class='ocrx_word' id='word_1_133' title='bbox 2487 933 2686 988; x_wconf 87' lang='lat' dir='ltr'><strong>relatus</strong></span> <span class='ocrx_word' id='word_1_134' title='bbox 2714 941 2798 988; x_wconf 88' lang='lat' dir='ltr'><strong>est</strong></span> <span class='ocrx_word' id='word_1_135' title='bbox 2822 948 2843 998; x_wconf 67' lang='grc' dir='ltr'><strong>ς</strong></span> <span class='ocrx_word' id='word_1_136' title='bbox 2898 945 2953 989; x_wconf 91' lang='lat' dir='ltr'><strong>et</strong></span> <span class='ocrx_word' id='word_1_137' title='bbox 2983 948 3104 988; x_wconf 91' lang='lat' dir='ltr'><strong>cum</strong></span> <span class='ocrx_word' id='word_1_138' title='bbox 3134 935 3349 1006; x_wconf 88' lang='lat' dir='ltr'><strong>ingenio</strong></span> <span class='ocrx_word' id='word_1_139' title='bbox 3378 980 3392 1004; x_wconf 86' lang='lat'><strong>,</strong></span> <span class='ocrx_word' id='word_1_140' title='bbox 3421 949 3581 1010; x_wconf 86' lang='lat' dir='ltr'><strong>atque</strong></span> <span class='ocrx_word' id='word_1_141' title='bbox 3613 943 3854 998; x_wconf 83' lang='lat' dir='ltr'><strong>moribus</strong></span> 
     </span>
    </p>
   </div>
   <div class='ocr_carea' id='block_1_21' title="bbox 2271 1023 3853 1102">
    <p class='ocr_par' dir='ltr' id='par_1_21' title="bbox 2271 1023 3853 1102">
     <span class='ocr_line' id='line_1_21' title="bbox 2271 1023 3853 1102; baseline 0.005 -26"><span class='ocrx_word' id='word_1_142' title='bbox 2271 1029 2427 1092; x_wconf 83' lang='lat' dir='ltr'><strong>longe</strong></span> <span class='ocrx_word' id='word_1_143' title='bbox 2457 1031 2755 1093; x_wconf 75' lang='lat' dir='ltr'><strong>pratslarct,</strong></span> <span class='ocrx_word' id='word_1_144' title='bbox 2791 1023 3313 1083; x_wconf 75' lang='lat' dir='ltr'><strong>Ravennateruditus</strong></span> <span class='ocrx_word' id='word_1_145' title='bbox 3345 1030 3598 1098; x_wconf 79' lang='lat' dir='ltr'><strong>traditur,</strong></span> <span class='ocrx_word' id='word_1_146' title='bbox 3628 1047 3853 1102; x_wconf 85' lang='lat' dir='ltr'><strong>magna-</strong></span> 
     </span>
    </p>
   </div>
   <div class='ocr_carea' id='block_1_22' title="bbox 2270 1115 3856 1186">
    <p class='ocr_par' dir='ltr' id='par_1_22' title="bbox 2270 1115 3856 1186">
     <span class='ocr_line' id='line_1_22' title="bbox 2270 1115 3856 1186; baseline 0.009 -19"><span class='ocrx_word' id='word_1_147' title='bbox 2270 1129 2378 1184; x_wconf 83' lang='lat' dir='ltr'><strong>que</strong></span> <span class='ocrx_word' id='word_1_148' title='bbox 2427 1115 2698 1186; x_wconf 75' lang='lat' dir='ltr'><strong>diligentia</strong></span> <span class='ocrx_word' id='word_1_149' title='bbox 2755 1117 2812 1173; x_wconf 91' lang='lat' dir='ltr'><strong>in</strong></span> <span class='ocrx_word' id='word_1_150' title='bbox 2842 1116 3046 1174; x_wconf 80' lang='lat' dir='ltr'><strong>Latinis</strong></span> <span class='ocrx_word' id='word_1_151' title='bbox 3075 1117 3270 1176; x_wconf 85' lang='lat' dir='ltr'><strong>litteris</strong></span> <span class='ocrx_word' id='word_1_152' title='bbox 3323 1122 3615 1180; x_wconf 75' lang='lat' dir='ltr'><strong>inatitutus.</strong></span> <span class='ocrx_word' id='word_1_153' title='bbox 3649 1126 3725 1182; x_wconf 90' lang='lat' dir='ltr'><strong>De</strong></span> <span class='ocrx_word' id='word_1_154' title='bbox 3754 1127 3856 1182; x_wconf 86' lang='lat' dir='ltr'><strong>hoc</strong></span> 
     </span>
    </p>
   </div>
   <div class='ocr_carea' id='block_1_23' title="bbox 2273 1208 3858 1283">
    <p class='ocr_par' dir='ltr' id='par_1_23' title="bbox 2273 1208 3858 1283">
     <span class='ocr_line' id='line_1_23' title="bbox 2273 1208 3858 1283; baseline 0.007 -19"><span class='ocrx_word' id='word_1_155' title='bbox 2273 1208 2566 1264; x_wconf 86' lang='lat' dir='ltr'><strong>Fortunato</strong></span> <span class='ocrx_word' id='word_1_156' title='bbox 2631 1208 2934 1265; x_wconf 86' lang='lat' dir='ltr'><strong>releruntur</strong></span> <span class='ocrx_word' id='word_1_157' title='bbox 2983 1212 3240 1282; x_wconf 86' lang='lat' dir='ltr'><strong>permulta</strong></span> <span class='ocrx_word' id='word_1_158' title='bbox 3295 1216 3433 1283; x_wconf 91' lang='lat' dir='ltr'><strong>apud</strong></span> <span class='ocrx_word' id='word_1_159' title='bbox 3461 1231 3555 1273; x_wconf 89' lang='lat' dir='ltr'><strong>eos</strong></span> <span class='ocrx_word' id='word_1_160' title='bbox 3608 1228 3858 1276; x_wconf 74' lang='lat' dir='ltr'><strong>auctores</strong></span> 
     </span>
    </p>
   </div>
   <div class='ocr_carea' id='block_1_24' title="bbox 2272 1297 3858 1380">
    <p class='ocr_par' dir='ltr' id='par_1_24' title="bbox 2272 1297 3858 1380">
     <span class='ocr_line' id='line_1_24' title="bbox 2272 1297 3858 1380; baseline 0.008 -27"><span class='ocrx_word' id='word_1_161' title='bbox 2272 1299 2364 1369; x_wconf 87' lang='lat' dir='ltr'><strong>qui</strong></span> <span class='ocrx_word' id='word_1_162' title='bbox 2393 1300 2462 1354; x_wconf 89' lang='lat' dir='ltr'><strong>de</strong></span> <span class='ocrx_word' id='word_1_163' title='bbox 2479 1298 2647 1370; x_wconf 89' lang='lat' dir='ltr'><strong>gestis</strong></span> <span class='ocrx_word' id='word_1_164' title='bbox 2669 1297 2943 1356; x_wconf 85' lang='lat' dir='ltr'><strong>Gallorum</strong></span> <span class='ocrx_word' id='word_1_165' title='bbox 2967 1303 3188 1358; x_wconf 79' lang='lat' dir='ltr'><strong>annales</strong></span> <span class='ocrx_word' id='word_1_166' title='bbox 3209 1318 3649 1375; x_wconf 90' lang='lat' dir='ltr'><strong>composuerunt.</strong></span> <span class='ocrx_word' id='word_1_167' title='bbox 3673 1308 3858 1380; x_wconf 80' lang='lat' dir='ltr'><strong>Neque</strong></span> 
     </span>
    </p>
   </div>
   <div class='ocr_carea' id='block_1_25' title="bbox 2273 1389 3857 1466">
    <p class='ocr_par' dir='ltr' id='par_1_25' title="bbox 2273 1389 3857 1466">
     <span class='ocr_line' id='line_1_25' title="bbox 2273 1389 3857 1466; baseline 0.006 -19"><span class='ocrx_word' id='word_1_168' title='bbox 2273 1390 2468 1447; x_wconf 84' lang='lat' dir='ltr'><strong>desunt</strong></span> <span class='ocrx_word' id='word_1_169' title='bbox 2494 1389 2586 1462; x_wconf 88' lang='lat' dir='ltr'><strong>qui</strong></span> <span class='ocrx_word' id='word_1_170' title='bbox 2613 1391 2855 1449; x_wconf 82' lang='lat' dir='ltr'><strong>scribant</strong></span> <span class='ocrx_word' id='word_1_171' title='bbox 2880 1392 3027 1448; x_wconf 90' lang='lat' dir='ltr'><strong>illum</strong></span> <span class='ocrx_word' id='word_1_172' title='bbox 3058 1393 3150 1450; x_wconf 91' lang='lat' dir='ltr'><strong>diu</strong></span> <span class='ocrx_word' id='word_1_173' title='bbox 3175 1406 3442 1452; x_wconf 88' lang='lat' dir='ltr'><strong>versatum</strong></span> <span class='ocrx_word' id='word_1_174' title='bbox 3492 1400 3543 1453; x_wconf 87' lang='lat' dir='ltr'><strong>in</strong></span> <span class='ocrx_word' id='word_1_175' title='bbox 3573 1400 3771 1466; x_wconf 81' lang='lat' dir='ltr'><strong>Gallia,</strong></span> <span class='ocrx_word' id='word_1_176' title='bbox 3803 1414 3857 1457; x_wconf 87' lang='lat' dir='ltr'><strong>et</strong></span> 
     </span>
    </p>
   </div>
   <div class='ocr_carea' id='block_1_26' title="bbox 2274 1484 3856 1567">
    <p class='ocr_par' dir='ltr' id='par_1_26' title="bbox 2274 1484 3856 1567">
     <span class='ocr_line' id='line_1_26' title="bbox 2274 1484 3856 1567; baseline 0.004 -27"><span class='ocrx_word' id='word_1_177' title='bbox 2274 1484 2347 1540; x_wconf 91' lang='lat' dir='ltr'><strong>ob</strong></span> <span class='ocrx_word' id='word_1_178' title='bbox 2400 1485 2670 1557; x_wconf 74' lang='lat' dir='ltr'><strong>egregiam</strong></span> <span class='ocrx_word' id='word_1_179' title='bbox 2735 1486 3090 1544; x_wconf 87' lang='lat' dir='ltr'><strong>eruditionem</strong></span> <span class='ocrx_word' id='word_1_180' title='bbox 3155 1490 3524 1562; x_wconf 83' lang='lat' dir='ltr'><strong>optimumque</strong></span> <span class='ocrx_word' id='word_1_181' title='bbox 3580 1493 3856 1567; x_wconf 74' lang='lat' dir='ltr'><strong>ingenium</strong></span> 
     </span>
    </p>
   </div>
   <div class='ocr_carea' id='block_1_27' title="bbox 2275 1577 3860 1656">
    <p class='ocr_par' dir='ltr' id='par_1_27' title="bbox 2275 1577 3860 1656">
     <span class='ocr_line' id='line_1_27' title="bbox 2275 1577 3860 1656; baseline 0.004 -24"><span class='ocrx_word' id='word_1_182' title='bbox 2275 1578 2581 1652; x_wconf 78' lang='lat' dir='ltr'><strong>pontiﬁcem</strong></span> <span class='ocrx_word' id='word_1_183' title='bbox 2617 1579 2956 1636; x_wconf 83' lang='lat' dir='ltr'><strong>Pictavorum</strong></span> <span class='ocrx_word' id='word_1_184' title='bbox 2981 1577 3201 1636; x_wconf 82' lang='lat' dir='ltr'><strong>factum.</strong></span> <span class='ocrx_word' id='word_1_185' title='bbox 3228 1582 3383 1638; x_wconf 82' lang='lat' dir='ltr'><strong>Plura</strong></span> <span class='ocrx_word' id='word_1_186' title='bbox 3429 1598 3493 1639; x_wconf 86' lang='lat' dir='ltr'><strong>ac</strong></span> <span class='ocrx_word' id='word_1_187' title='bbox 3516 1585 3662 1640; x_wconf 88' lang='lat' dir='ltr'><strong>varia</strong></span> <span class='ocrx_word' id='word_1_188' title='bbox 3693 1601 3860 1656; x_wconf 85' lang='lat' dir='ltr'><strong>opera</strong></span> 
     </span>
    </p>
   </div>
   <div class='ocr_carea' id='block_1_28' title="bbox 2276 1672 3861 1747">
    <p class='ocr_par' dir='ltr' id='par_1_28' title="bbox 2276 1672 3861 1747">
     <span class='ocr_line' id='line_1_28' title="bbox 2276 1672 3861 1747; baseline 0.003 -19"><span class='ocrx_word' id='word_1_189' title='bbox 2276 1672 2460 1739; x_wconf 88' lang='lat' dir='ltr'><strong>edidit,</strong></span> <span class='ocrx_word' id='word_1_190' title='bbox 2491 1672 2685 1743; x_wconf 84' lang='lat' dir='ltr'><strong>quibus</strong></span> <span class='ocrx_word' id='word_1_191' title='bbox 2731 1673 2928 1744; x_wconf 81' lang='lat' dir='ltr'><strong>ingenii</strong></span> <span class='ocrx_word' id='word_1_192' title='bbox 2959 1673 3292 1740; x_wconf 70' lang='lat' dir='ltr'><strong>facilitatem,</strong></span> <span class='ocrx_word' id='word_1_193' title='bbox 3334 1676 3660 1747; x_wconf 87' lang='lat' dir='ltr'><strong>minimeque</strong></span> <span class='ocrx_word' id='word_1_194' title='bbox 3690 1677 3861 1744; x_wconf 84' lang='lat' dir='ltr'><strong>impa-</strong></span> 
     </span>
    </p>
   </div>
   <div class='ocr_carea' id='block_1_29' title="bbox 1309 1753 3865 1842">
    <p class='ocr_par' dir='ltr' id='par_1_29' title="bbox 1309 1753 3865 1842">
     <span class='ocr_line' id='line_1_29' title="bbox 1309 1753 3865 1842; baseline 0.002 -20"><span class='ocrx_word' id='word_1_195' title='bbox 1309 1753 1542 1834; x_wconf 58' lang='grc' dir='ltr'><strong>(Παίων</strong></span> <span class='ocrx_word' id='word_1_196' title='bbox 1574 1761 1611 1815; x_wconf 70' lang='grc'><strong><em>⁸-</em></strong></span> <span class='ocrx_word' id='word_1_197' title='bbox 1648 1774 1760 1824; x_wconf 71' lang='lat' dir='ltr'><strong>Vl&quot;.</strong></span> <span class='ocrx_word' id='word_1_198' title='bbox 1783 1775 1832 1814; x_wconf 70' lang='grc' dir='ltr'><strong>ιο</strong></span> <span class='ocrx_word' id='word_1_199' title='bbox 1865 1760 1920 1823; x_wconf 71' lang='grc' dir='ltr'><strong>δν</strong></span> <span class='ocrx_word' id='word_1_200' title='bbox 1949 1773 1997 1811; x_wconf 79' lang='grc' dir='ltr'><strong>υ·</strong></span> <span class='ocrx_word' id='word_1_201' title='bbox 2021 1753 2174 1826; x_wconf 71' lang='lat'><strong>396-)</strong></span> <span class='ocrx_word' id='word_1_202' title='bbox 2205 1834 2246 1842; x_wconf 80' lang='lat'>_</span> <span class='ocrx_word' id='word_1_203' title='bbox 2283 1782 2396 1822; x_wconf 89' lang='lat' dir='ltr'><strong>rem</strong></span> <span class='ocrx_word' id='word_1_204' title='bbox 2458 1767 2780 1833; x_wconf 83' lang='lat' dir='ltr'><strong>doctrinam,</strong></span> <span class='ocrx_word' id='word_1_205' title='bbox 2807 1768 3164 1824; x_wconf 77' lang='lat' dir='ltr'><strong>demonstrat.</strong></span> <span class='ocrx_word' id='word_1_206' title='bbox 3206 1767 3488 1840; x_wconf 82' lang='lat' dir='ltr'><strong>Leguntur</strong></span> <span class='ocrx_word' id='word_1_207' title='bbox 3516 1769 3691 1826; x_wconf 83' lang='lat' dir='ltr'><strong>adhuc</strong></span> <span class='ocrx_word' id='word_1_208' title='bbox 3745 1769 3865 1842; x_wconf 86' lang='lat' dir='ltr'><strong>ejus</strong></span> 
     </span>
    </p>
   </div>
   <div class='ocr_carea' id='block_1_30' title="bbox 585 1834 2182 1942">
    <p class='ocr_par' dir='ltr' id='par_1_30' title="bbox 585 1863 2178 1942">
     <span class='ocr_line' id='line_1_30' title="bbox 585 1863 2178 1942; baseline -0.004 -9"><span class='ocrx_word' id='word_1_209' title='bbox 585 1877 771 1935; x_wconf 81' lang='lat' dir='ltr'><strong>Petrus</strong></span> <span class='ocrx_word' id='word_1_210' title='bbox 790 1877 854 1933; x_wconf 83' lang='lat' dir='ltr'><strong>de</strong></span> <span class='ocrx_word' id='word_1_211' title='bbox 877 1876 1175 1942; x_wconf 61' lang='lat' dir='ltr'><strong>Naulibus,</strong></span> <span class='ocrx_word' id='word_1_212' title='bbox 1203 1876 1258 1930; x_wconf 85' lang='lat' dir='ltr'><strong>in</strong></span> <span class='ocrx_word' id='word_1_213' title='bbox 1279 1863 1438 1930; x_wconf 74' lang='lat' dir='ltr'><strong>catol.</strong></span> <span class='ocrx_word' id='word_1_214' title='bbox 1468 1873 1675 1936; x_wconf 83' lang='lat' dir='ltr'><strong>Sanct.,</strong></span> <span class='ocrx_word' id='word_1_215' title='bbox 1701 1871 1792 1926; x_wconf 86' lang='lat' dir='ltr'><strong>l.b.</strong></span> <span class='ocrx_word' id='word_1_216' title='bbox 1827 1887 1905 1937; x_wconf 77' lang='lat' dir='ltr'><strong>lx,</strong></span> <span class='ocrx_word' id='word_1_217' title='bbox 1935 1887 2058 1938; x_wconf 70' lang='lat' dir='ltr'><strong>cap.</strong></span> <span class='ocrx_word' id='word_1_218' title='bbox 2081 1869 2178 1927; x_wconf 81' lang='lat'><strong>65..</strong></span> 
     </span>
    </p>
   </div>
   <div class='ocr_carea' id='block_1_31' title="bbox 2279 1834 3868 1942">
    <p class='ocr_par' dir='ltr' id='par_1_31' title="bbox 2283 1834 3868 1934">
     <span class='ocr_line' id='line_1_31' title="bbox 2283 1834 3868 1934; baseline 0.004 -22"><span class='ocrx_word' id='word_1_219' title='bbox 2283 1870 2527 1930; x_wconf 79' lang='lat' dir='ltr'><strong>poemata</strong></span> <span class='ocrx_word' id='word_1_220' title='bbox 2562 1867 2619 1915; x_wconf 89' lang='lat' dir='ltr'><strong>ct</strong></span> <span class='ocrx_word' id='word_1_221' title='bbox 2659 1859 2846 1933; x_wconf 84' lang='lat' dir='ltr'><strong>hymni</strong></span> <span class='ocrx_word' id='word_1_222' title='bbox 2871 1861 3199 1931; x_wconf 87' lang='lat' dir='ltr'><strong>complures,</strong></span> <span class='ocrx_word' id='word_1_223' title='bbox 3223 1834 3319 1930; x_wconf 79' lang='lat' dir='ltr'><strong>qui</strong></span> <span class='ocrx_word' id='word_1_224' title='bbox 3368 1876 3691 1934; x_wconf 84' lang='lat' dir='ltr'><strong>magnopere</strong></span> <span class='ocrx_word' id='word_1_225' title='bbox 3717 1834 3868 1920; x_wconf 56' lang='lat' dir='ltr'><strong>cuin-</strong></span> 
     </span>
    </p>
   </div>
   <div class='ocr_carea' id='block_1_32' title="bbox 650 1963 2178 2037">
    <p class='ocr_par' dir='ltr' id='par_1_32' title="bbox 650 1963 2178 2037">
     <span class='ocr_line' id='line_1_32' title="bbox 650 1963 2178 2037; baseline -0.006 -12"><span class='ocrx_word' id='word_1_226' title='bbox 650 1970 998 2033; x_wconf 83' lang='lat' dir='ltr'><strong>Fortunatus,</strong></span> <span class='ocrx_word' id='word_1_227' title='bbox 1059 1969 1346 2037; x_wconf 78' lang='lat' dir='ltr'><strong>episcOpus</strong></span> <span class='ocrx_word' id='word_1_228' title='bbox 1401 1964 1774 2030; x_wconf 86' lang='lat' dir='ltr'><strong>Pictaviensis,</strong></span> <span class='ocrx_word' id='word_1_229' title='bbox 1823 1963 2016 2018; x_wconf 88' lang='lat' dir='ltr'><strong>claruit</strong></span> <span class='ocrx_word' id='word_1_230' title='bbox 2044 1970 2178 2016; x_wconf 83' lang='lat' dir='ltr'><strong>tent-</strong></span> 
     </span>
    </p>
   </div>
   <div class='ocr_carea' id='block_1_33' title="bbox 581 2054 2176 2134">
    <p class='ocr_par' dir='ltr' id='par_1_33' title="bbox 581 2054 2176 2134">
     <span class='ocr_line' id='line_1_33' title="bbox 581 2054 2176 2134; baseline -0.005 -18"><span class='ocrx_word' id='word_1_231' title='bbox 581 2077 714 2134; x_wconf 88' lang='lat' dir='ltr'><strong>pore</strong></span> <span class='ocrx_word' id='word_1_232' title='bbox 744 2059 942 2118; x_wconf 82' lang='lat' dir='ltr'><strong>Justini</strong></span> <span class='ocrx_word' id='word_1_233' title='bbox 973 2059 1318 2128; x_wconf 83' lang='lat' dir='ltr'><strong>imperatoris</strong></span> <span class='ocrx_word' id='word_1_234' title='bbox 1339 2057 1586 2128; x_wconf 85' lang='lat' dir='ltr'><strong>junioris.</strong></span> <span class='ocrx_word' id='word_1_235' title='bbox 1625 2056 1725 2123; x_wconf 86' lang='lat' dir='ltr'><strong>Qui</strong></span> <span class='ocrx_word' id='word_1_236' title='bbox 1752 2055 1971 2111; x_wconf 91' lang='lat' dir='ltr'><strong>natione</strong></span> <span class='ocrx_word' id='word_1_237' title='bbox 1993 2054 2176 2119; x_wconf 71' lang='lat' dir='ltr'><strong>Italus,</strong></span> 
     </span>
    </p>
   </div>
   <div class='ocr_carea' id='block_1_34' title="bbox 584 2148 2176 2222">
    <p class='ocr_par' dir='ltr' id='par_1_34' title="bbox 584 2148 2176 2222">
     <span class='ocr_line' id='line_1_34' title="bbox 584 2148 2176 2222; baseline -0.003 -15"><span class='ocrx_word' id='word_1_238' title='bbox 584 2153 762 2222; x_wconf 87' lang='lat' dir='ltr'><strong>primo</strong></span> <span class='ocrx_word' id='word_1_239' title='bbox 802 2161 982 2222; x_wconf 78' lang='lat' dir='ltr'><strong>poeta,</strong></span> <span class='ocrx_word' id='word_1_240' title='bbox 1033 2150 1230 2206; x_wconf 88' lang='lat' dir='ltr'><strong>deinde</strong></span> <span class='ocrx_word' id='word_1_241' title='bbox 1259 2151 1313 2204; x_wconf 92' lang='lat' dir='ltr'><strong>in</strong></span> <span class='ocrx_word' id='word_1_242' title='bbox 1343 2149 1580 2217; x_wconf 60' lang='lat' dir='ltr'><strong>[tralatae</strong></span> <span class='ocrx_word' id='word_1_243' title='bbox 1610 2148 1761 2204; x_wconf 86' lang='lat' dir='ltr'><strong>urbis</strong></span> <span class='ocrx_word' id='word_1_244' title='bbox 1808 2149 2176 2217; x_wconf 87' lang='lat' dir='ltr'><strong>episcopatum</strong></span> 
     </span>
    </p>
   </div>
   <div class='ocr_carea' id='block_1_35' title="bbox 579 2239 2176 2314">
    <p class='ocr_par' dir='ltr' id='par_1_35' title="bbox 579 2239 2176 2314">
     <span class='ocr_line' id='line_1_35' title="bbox 579 2239 2176 2314; baseline -0.004 -14"><span class='ocrx_word' id='word_1_245' title='bbox 579 2244 923 2310; x_wconf 85' lang='lat' dir='ltr'><strong>sublimatus,</strong></span> <span class='ocrx_word' id='word_1_246' title='bbox 950 2245 1032 2299; x_wconf 90' lang='lat' dir='ltr'><strong>vir</strong></span> <span class='ocrx_word' id='word_1_247' title='bbox 1058 2242 1332 2314; x_wconf 82' lang='lat' dir='ltr'><strong>egregius.</strong></span> <span class='ocrx_word' id='word_1_248' title='bbox 1359 2242 1571 2312; x_wconf 76' lang='lat' dir='ltr'><strong>ingenio</strong></span> <span class='ocrx_word' id='word_1_249' title='bbox 1593 2241 1794 2310; x_wconf 87' lang='lat' dir='ltr'><strong>clarus,</strong></span> <span class='ocrx_word' id='word_1_250' title='bbox 1819 2254 1980 2296; x_wconf 88' lang='lat' dir='ltr'><strong>sensu</strong></span> <span class='ocrx_word' id='word_1_251' title='bbox 2010 2239 2176 2305; x_wconf 85' lang='lat' dir='ltr'><strong>celer,</strong></span> 
     </span>
    </p>
   </div>
   <div class='ocr_carea' id='block_1_36' title="bbox 576 2336 899 2393">
    <p class='ocr_par' dir='ltr' id='par_1_36' title="bbox 576 2336 899 2393">
     <span class='ocr_line' id='line_1_36' title="bbox 576 2336 899 2393; baseline -0.003 0"><span class='ocrx_word' id='word_1_252' title='bbox 576 2354 671 2393; x_wconf 83' lang='lat' dir='ltr'><strong>ore</strong></span> <span class='ocrx_word' id='word_1_253' title='bbox 693 2336 899 2393; x_wconf 81' lang='lat' dir='ltr'><strong>suavis.</strong></span> 
     </span>
    </p>
   </div>
   <div class='ocr_carea' id='block_1_37' title="bbox 821 2422 1933 2497">
    <p class='ocr_par' dir='ltr' id='par_1_37' title="bbox 821 2422 1933 2497">
     <span class='ocr_line' id='line_1_37' title="bbox 821 2422 1933 2497; baseline -0.003 -13"><span class='ocrx_word' id='word_1_254' title='bbox 821 2427 1053 2495; x_wconf 78' lang='lat' dir='ltr'><strong>Plotina,</strong></span> <span class='ocrx_word' id='word_1_255' title='bbox 1087 2429 1140 2483; x_wconf 85' lang='lat' dir='ltr'><strong>in</strong></span> <span class='ocrx_word' id='word_1_256' title='bbox 1182 2427 1294 2482; x_wconf 77' lang='lat' dir='ltr'><strong>Vita</strong></span> <span class='ocrx_word' id='word_1_257' title='bbox 1319 2422 1540 2482; x_wconf 70' lang='lat' dir='ltr'><strong>Joannis</strong></span> <span class='ocrx_word' id='word_1_258' title='bbox 1567 2427 1732 2482; x_wconf 81' lang='lat' dir='ltr'><strong>Tertit&#39;</strong></span> <span class='ocrx_word' id='word_1_259' title='bbox 1760 2441 1933 2497; x_wconf 69' lang='lat' dir='ltr'><strong>papa.</strong></span> 
     </span>
    </p>
   </div>
   <div class='ocr_carea' id='block_1_38' title="bbox 655 2535 2176 2608">
    <p class='ocr_par' dir='ltr' id='par_1_38' title="bbox 655 2535 2176 2608">
     <span class='ocr_line' id='line_1_38' title="bbox 655 2535 2176 2608; baseline -0.006 -11"><span class='ocrx_word' id='word_1_260' title='bbox 655 2541 1004 2605; x_wconf 80' lang='lat' dir='ltr'><strong>Fortunatus,</strong></span> <span class='ocrx_word' id='word_1_261' title='bbox 1024 2539 1104 2594; x_wconf 87' lang='lat' dir='ltr'><strong>vir</strong></span> <span class='ocrx_word' id='word_1_262' title='bbox 1120 2537 1411 2608; x_wconf 82' lang='lat' dir='ltr'><strong>singularis</strong></span> <span class='ocrx_word' id='word_1_263' title='bbox 1431 2537 1748 2592; x_wconf 72' lang='lat' dir='ltr'><strong>litteratum</strong></span> <span class='ocrx_word' id='word_1_264' title='bbox 1762 2545 1818 2592; x_wconf 92' lang='lat' dir='ltr'><strong>et</strong></span> <span class='ocrx_word' id='word_1_265' title='bbox 1833 2535 2176 2606; x_wconf 65' lang='lat' dir='ltr'><strong>eloquentia,</strong></span> 
     </span>
    </p>
   </div>
   <div class='ocr_carea' id='block_1_39' title="bbox 581 2630 2178 2701">
    <p class='ocr_par' dir='ltr' id='par_1_39' title="bbox 581 2630 2178 2701">
     <span class='ocr_line' id='line_1_39' title="bbox 581 2630 2178 2701; baseline -0.004 -12"><span class='ocrx_word' id='word_1_266' title='bbox 581 2633 766 2689; x_wconf 83' lang='lat' dir='ltr'><strong>Gallos</strong></span> <span class='ocrx_word' id='word_1_267' title='bbox 796 2631 863 2688; x_wconf 89' lang='lat' dir='ltr'><strong>ad</strong></span> <span class='ocrx_word' id='word_1_268' title='bbox 896 2632 1165 2688; x_wconf 73' lang='lat' dir='ltr'><strong>mitiorem</strong></span> <span class='ocrx_word' id='word_1_269' title='bbox 1188 2632 1389 2687; x_wconf 87' lang='lat' dir='ltr'><strong>cultum</strong></span> <span class='ocrx_word' id='word_1_270' title='bbox 1413 2631 1624 2701; x_wconf 89' lang='lat' dir='ltr'><strong>redegit</strong></span> <span class='ocrx_word' id='word_1_271' title='bbox 1656 2630 1875 2701; x_wconf 87' lang='lat' dir='ltr'><strong>scriptis</strong></span> <span class='ocrx_word' id='word_1_272' title='bbox 1906 2639 1960 2685; x_wconf 90' lang='lat' dir='ltr'><strong>et</strong></span> <span class='ocrx_word' id='word_1_273' title='bbox 1989 2644 2178 2685; x_wconf 75' lang='lat' dir='ltr'><strong>exem-</strong></span> 
     </span>
    </p>
   </div>
   <div class='ocr_carea' id='block_1_40' title="bbox 583 2723 2180 2803">
    <p class='ocr_par' dir='ltr' id='par_1_40' title="bbox 583 2723 2180 2803">
     <span class='ocr_line' id='line_1_40' title="bbox 583 2723 2180 2803; baseline -0.005 -15"><span class='ocrx_word' id='word_1_274' title='bbox 583 2733 693 2803; x_wconf 80' lang='lat' dir='ltr'><strong>plo.</strong></span> <span class='ocrx_word' id='word_1_275' title='bbox 719 2731 799 2787; x_wconf 82' lang='lat' dir='ltr'><strong>Ad</strong></span> <span class='ocrx_word' id='word_1_276' title='bbox 842 2729 1168 2802; x_wconf 81' lang='lat' dir='ltr'><strong>Sigibertum</strong></span> <span class='ocrx_word' id='word_1_277' title='bbox 1194 2729 1337 2784; x_wconf 89' lang='lat' dir='ltr'><strong>enim</strong></span> <span class='ocrx_word' id='word_1_278' title='bbox 1379 2743 1567 2784; x_wconf 89' lang='lat' dir='ltr'><strong>eorum</strong></span> <span class='ocrx_word' id='word_1_279' title='bbox 1614 2742 1795 2797; x_wconf 87' lang='lat' dir='ltr'><strong>regem</strong></span> <span class='ocrx_word' id='word_1_280' title='bbox 1843 2725 2082 2782; x_wconf 87' lang='lat' dir='ltr'><strong>libellum</strong></span> <span class='ocrx_word' id='word_1_281' title='bbox 2111 2723 2180 2780; x_wconf 88' lang='lat' dir='ltr'><strong>de</strong></span> 
     </span>
    </p>
   </div>
   <div class='ocr_carea' id='block_1_41' title="bbox 582 2821 2177 2900">
    <p class='ocr_par' dir='ltr' id='par_1_41' title="bbox 582 2821 2177 2900">
     <span class='ocr_line' id='line_1_41' title="bbox 582 2821 2177 2900; baseline -0.003 -18"><span class='ocrx_word' id='word_1_282' title='bbox 582 2826 932 2900; x_wconf 84' lang='lat' dir='ltr'><strong>gubernando</strong></span> <span class='ocrx_word' id='word_1_283' title='bbox 955 2836 1129 2898; x_wconf 22' lang='lat' dir='ltr'><strong>regno.</strong></span> <span class='ocrx_word' id='word_1_284' title='bbox 1147 2824 1482 2895; x_wconf 86' lang='lat' dir='ltr'><strong>perscripsit,</strong></span> <span class='ocrx_word' id='word_1_285' title='bbox 1517 2839 1579 2881; x_wconf 89' lang='lat' dir='ltr'><strong>ac</strong></span> <span class='ocrx_word' id='word_1_286' title='bbox 1604 2823 1746 2880; x_wconf 83' lang='lat' dir='ltr'><strong>beati</strong></span> <span class='ocrx_word' id='word_1_287' title='bbox 1773 2821 1988 2879; x_wconf 79' lang='lat' dir='ltr'><strong>Martini</strong></span> <span class='ocrx_word' id='word_1_288' title='bbox 2015 2821 2177 2877; x_wconf 82' lang='lat' dir='ltr'><strong>vitam</strong></span> 
     </span>
    </p>
   </div>
   <div class='ocr_carea' id='block_1_42' title="bbox 581 2917 1204 2990">
    <p class='ocr_par' dir='ltr' id='par_1_42' title="bbox 581 2917 1204 2990">
     <span class='ocr_line' id='line_1_42' title="bbox 581 2917 1204 2990; baseline -0.008 -15"><span class='ocrx_word' id='word_1_289' title='bbox 581 2922 857 2990; x_wconf 75' lang='lat' dir='ltr'><strong>eleganter</strong></span> <span class='ocrx_word' id='word_1_290' title='bbox 882 2917 1204 2988; x_wconf 88' lang='lat' dir='ltr'><strong>composuit.</strong></span> 
     </span>
    </p>
   </div>
   <div class='ocr_carea' id='block_1_43' title="bbox 617 3007 2132 3080">
    <p class='ocr_par' dir='ltr' id='par_1_43' title="bbox 617 3007 2132 3080">
     <span class='ocr_line' id='line_1_43' title="bbox 617 3007 2132 3080; baseline -0.005 -12"><span class='ocrx_word' id='word_1_291' title='bbox 617 3011 846 3068; x_wconf 71' lang='lat' dir='ltr'><strong>Joannes</strong></span> <span class='ocrx_word' id='word_1_292' title='bbox 879 3011 1212 3078; x_wconf 77' lang='lat' dir='ltr'><strong>Tritltcntius,</strong></span> <span class='ocrx_word' id='word_1_293' title='bbox 1238 3009 1326 3066; x_wconf 87' lang='lat' dir='ltr'><strong>lib.</strong></span> <span class='ocrx_word' id='word_1_294' title='bbox 1358 3010 1422 3065; x_wconf 80' lang='lat' dir='ltr'><strong>de</strong></span> <span class='ocrx_word' id='word_1_295' title='bbox 1447 3009 1711 3080; x_wconf 82' lang='lat' dir='ltr'><strong>Scriptor.</strong></span> <span class='ocrx_word' id='word_1_296' title='bbox 1741 3007 2132 3064; x_wconf 73' lang='lat' dir='ltr'><strong>Erclrsiosticis.</strong></span> 
     </span>
    </p>
   </div>
   <div class='ocr_carea' id='block_1_44' title="bbox 656 3097 2174 3171">
    <p class='ocr_par' dir='ltr' id='par_1_44' title="bbox 656 3097 2174 3171">
     <span class='ocr_line' id='line_1_44' title="bbox 656 3097 2174 3171; baseline -0.004 -13"><span class='ocrx_word' id='word_1_297' title='bbox 656 3101 982 3158; x_wconf 75' lang='lat' dir='ltr'><strong>Fortunatus</strong></span> <span class='ocrx_word' id='word_1_298' title='bbox 1012 3101 1299 3171; x_wconf 77' lang='lat' dir='ltr'><strong>episcOpus</strong></span> <span class='ocrx_word' id='word_1_299' title='bbox 1325 3100 1678 3158; x_wconf 82' lang='lat' dir='ltr'><strong>Pictaviensis</strong></span> <span class='ocrx_word' id='word_1_300' title='bbox 1699 3142 1716 3166; x_wconf 90' lang='lat'><strong>,</strong></span> <span class='ocrx_word' id='word_1_301' title='bbox 1742 3100 1962 3155; x_wconf 88' lang='lat' dir='ltr'><strong>natione</strong></span> <span class='ocrx_word' id='word_1_302' title='bbox 1989 3097 2174 3166; x_wconf 86' lang='lat' dir='ltr'><strong>Italus,</strong></span> 
     </span>
    </p>
   </div>
   <div class='ocr_carea' id='block_1_45' title="bbox 583 3188 2256 3264">
    <p class='ocr_par' dir='ltr' id='par_1_45' title="bbox 583 3188 2256 3264">
     <span class='ocr_line' id='line_1_45' title="bbox 583 3188 2256 3264; baseline -0.004 -16"><span class='ocrx_word' id='word_1_303' title='bbox 583 3194 665 3249; x_wconf 87' lang='lat' dir='ltr'><strong>vir</strong></span> <span class='ocrx_word' id='word_1_304' title='bbox 695 3195 748 3248; x_wconf 91' lang='lat' dir='ltr'><strong>in</strong></span> <span class='ocrx_word' id='word_1_305' title='bbox 794 3191 991 3248; x_wconf 84' lang='lat' dir='ltr'><strong>divinis</strong></span> <span class='ocrx_word' id='word_1_306' title='bbox 1035 3191 1336 3262; x_wconf 70' lang='lat' dir='ltr'><strong>Scripturis</strong></span> <span class='ocrx_word' id='word_1_307' title='bbox 1382 3190 1606 3255; x_wconf 87' lang='lat' dir='ltr'><strong>doctus,</strong></span> <span class='ocrx_word' id='word_1_308' title='bbox 1634 3199 1690 3246; x_wconf 91' lang='lat' dir='ltr'><strong>et</strong></span> <span class='ocrx_word' id='word_1_309' title='bbox 1732 3190 1784 3243; x_wconf 90' lang='lat' dir='ltr'><strong>in</strong></span> <span class='ocrx_word' id='word_1_310' title='bbox 1828 3188 2176 3246; x_wconf 73' lang='lat' dir='ltr'><strong>sazcularibus</strong></span> <span class='ocrx_word' id='word_1_311' title='bbox 2203 3199 2256 3264; x_wconf 66' lang='grc' dir='ltr'><strong>ς</strong></span> 
     </span>
    </p>
   </div>
   <div class='ocr_carea' id='block_1_46' title="bbox 586 3279 2174 3352">
    <p class='ocr_par' dir='ltr' id='par_1_46' title="bbox 586 3279 2174 3352">
     <span class='ocr_line' id='line_1_46' title="bbox 586 3279 2174 3352; baseline -0.005 -10"><span class='ocrx_word' id='word_1_312' title='bbox 586 3285 784 3342; x_wconf 89' lang='lat' dir='ltr'><strong>litteris</strong></span> <span class='ocrx_word' id='word_1_313' title='bbox 827 3283 1246 3348; x_wconf 68' lang='lat' dir='ltr'><strong>eruditissimus,</strong></span> <span class='ocrx_word' id='word_1_314' title='bbox 1301 3281 1519 3352; x_wconf 87' lang='lat' dir='ltr'><strong>ingenio</strong></span> <span class='ocrx_word' id='word_1_315' title='bbox 1561 3282 1793 3349; x_wconf 86' lang='lat' dir='ltr'><strong>subtilis,</strong></span> <span class='ocrx_word' id='word_1_316' title='bbox 1845 3279 2062 3352; x_wconf 78' lang='lat' dir='ltr'><strong>eloquio</strong></span> <span class='ocrx_word' id='word_1_317' title='bbox 2089 3281 2174 3336; x_wconf 89' lang='lat' dir='ltr'><strong>di-</strong></span> 
     </span>
    </p>
   </div>
   <div class='ocr_carea' id='block_1_47' title="bbox 586 3373 2178 3443">
    <p class='ocr_par' dir='ltr' id='par_1_47' title="bbox 586 3373 2178 3443">
     <span class='ocr_line' id='line_1_47' title="bbox 586 3373 2178 3443; baseline -0.004 -9"><span class='ocrx_word' id='word_1_318' title='bbox 586 3388 762 3434; x_wconf 87' lang='lat' dir='ltr'><strong>sertus</strong></span> <span class='ocrx_word' id='word_1_319' title='bbox 792 3388 841 3433; x_wconf 92' lang='lat' dir='ltr'><strong>et</strong></span> <span class='ocrx_word' id='word_1_320' title='bbox 878 3375 1108 3443; x_wconf 87' lang='lat' dir='ltr'><strong>nitidus,</strong></span> <span class='ocrx_word' id='word_1_321' title='bbox 1137 3373 1377 3430; x_wconf 88' lang='lat' dir='ltr'><strong>carmine</strong></span> <span class='ocrx_word' id='word_1_322' title='bbox 1413 3381 1469 3430; x_wconf 89' lang='lat' dir='ltr'><strong>et</strong></span> <span class='ocrx_word' id='word_1_323' title='bbox 1497 3389 1653 3443; x_wconf 87' lang='lat' dir='ltr'><strong>prosa</strong></span> <span class='ocrx_word' id='word_1_324' title='bbox 1703 3376 2002 3438; x_wconf 80' lang='lat' dir='ltr'><strong>excellens,</strong></span> <span class='ocrx_word' id='word_1_325' title='bbox 2035 3375 2178 3428; x_wconf 87' lang='lat' dir='ltr'><strong>inter</strong></span> 
     </span>
    </p>
   </div>
   <div class='ocr_carea' id='block_1_48' title="bbox 585 3463 2179 3525">
    <p class='ocr_par' dir='ltr' id='par_1_48' title="bbox 585 3463 2179 3525">
     <span class='ocr_line' id='line_1_48' title="bbox 585 3463 2179 3525; baseline -0.003 -2"><span class='ocrx_word' id='word_1_326' title='bbox 585 3478 807 3525; x_wconf 90' lang='lat' dir='ltr'><strong>cunctos</strong></span> <span class='ocrx_word' id='word_1_327' title='bbox 847 3479 959 3521; x_wconf 65' lang='lat' dir='ltr'><strong>suae</strong></span> <span class='ocrx_word' id='word_1_328' title='bbox 1004 3465 1180 3521; x_wconf 69' lang='lat' dir='ltr'><strong>artatis</strong></span> <span class='ocrx_word' id='word_1_329' title='bbox 1228 3463 1479 3520; x_wconf 90' lang='lat' dir='ltr'><strong>doctores</strong></span> <span class='ocrx_word' id='word_1_330' title='bbox 1511 3479 1616 3519; x_wconf 90' lang='lat' dir='ltr'><strong>non</strong></span> <span class='ocrx_word' id='word_1_331' title='bbox 1667 3465 1847 3520; x_wconf 82' lang='lat' dir='ltr'><strong>minus</strong></span> <span class='ocrx_word' id='word_1_332' title='bbox 1893 3465 2179 3519; x_wconf 83' lang='lat' dir='ltr'><strong>sanctitate</strong></span> 
     </span>
    </p>
   </div>
   <div class='ocr_carea' id='block_1_49' title="bbox 587 3555 2180 3629">
    <p class='ocr_par' dir='ltr' id='par_1_49' title="bbox 587 3555 2180 3629">
     <span class='ocr_line' id='line_1_49' title="bbox 587 3555 2180 3629; baseline -0.004 -13"><span class='ocrx_word' id='word_1_333' title='bbox 587 3558 1015 3617; x_wconf 67' lang='lat' dir='ltr'><strong>conversationis</strong></span> <span class='ocrx_word' id='word_1_334' title='bbox 1085 3572 1247 3629; x_wconf 86' lang='lat' dir='ltr'><strong>quam</strong></span> <span class='ocrx_word' id='word_1_335' title='bbox 1328 3557 1552 3613; x_wconf 83' lang='lat' dir='ltr'><strong>scientia</strong></span> <span class='ocrx_word' id='word_1_336' title='bbox 1617 3555 1938 3612; x_wconf 85' lang='lat' dir='ltr'><strong>eruditionis</strong></span> <span class='ocrx_word' id='word_1_337' title='bbox 1999 3555 2180 3611; x_wconf 83' lang='lat' dir='ltr'><strong>clarus</strong></span> 
     </span>
    </p>
   </div>
   <div class='ocr_carea' id='block_1_50' title="bbox 587 3649 2178 3720">
    <p class='ocr_par' dir='ltr' id='par_1_50' title="bbox 587 3649 2178 3720">
     <span class='ocr_line' id='line_1_50' title="bbox 587 3649 2178 3720; baseline -0.005 -9"><span class='ocrx_word' id='word_1_338' title='bbox 587 3655 806 3711; x_wconf 72' lang='lat' dir='ltr'><strong>effulsit.</strong></span> <span class='ocrx_word' id='word_1_339' title='bbox 839 3652 940 3716; x_wconf 86' lang='lat' dir='ltr'><strong>Hic</strong></span> <span class='ocrx_word' id='word_1_340' title='bbox 961 3652 1164 3720; x_wconf 85' lang='lat' dir='ltr'><strong>_virtute</strong></span> <span class='ocrx_word' id='word_1_341' title='bbox 1187 3651 1360 3707; x_wconf 85' lang='lat' dir='ltr'><strong>sancti</strong></span> <span class='ocrx_word' id='word_1_342' title='bbox 1389 3651 1603 3707; x_wconf 81' lang='lat' dir='ltr'><strong>Martini</strong></span> <span class='ocrx_word' id='word_1_343' title='bbox 1627 3666 1655 3705; x_wconf 86' lang='lat' dir='ltr'><strong>a</strong></span> <span class='ocrx_word' id='word_1_344' title='bbox 1681 3650 1872 3707; x_wconf 84' lang='lat' dir='ltr'><strong>dolore</strong></span> <span class='ocrx_word' id='word_1_345' title='bbox 1899 3649 2178 3705; x_wconf 86' lang='lat' dir='ltr'><strong>oculorum</strong></span> 
     </span>
    </p>
   </div>
   <div class='ocr_carea' id='block_1_51' title="bbox 591 3741 2178 3815">
    <p class='ocr_par' dir='ltr' id='par_1_51' title="bbox 591 3741 2178 3815">
     <span class='ocr_line' id='line_1_51' title="bbox 591 3741 2178 3815; baseline -0.003 -16"><span class='ocrx_word' id='word_1_346' title='bbox 591 3743 990 3815; x_wconf 80' lang='lat' dir='ltr'><strong>liberatuspro</strong></span> <span class='ocrx_word' id='word_1_347' title='bbox 1036 3743 1244 3814; x_wconf 88' lang='lat' dir='ltr'><strong>agenda</strong></span> <span class='ocrx_word' id='word_1_348' title='bbox 1283 3742 1573 3814; x_wconf 83' lang='lat' dir='ltr'><strong>gratiarum</strong></span> <span class='ocrx_word' id='word_1_349' title='bbox 1619 3743 1852 3808; x_wconf 89' lang='lat' dir='ltr'><strong>actione,</strong></span> <span class='ocrx_word' id='word_1_350' title='bbox 1904 3741 2178 3796; x_wconf 77' lang='lat' dir='ltr'><strong>Turonum</strong></span> 
     </span>
    </p>
   </div>
   <div class='ocr_carea' id='block_1_52' title="bbox 585 3835 2178 3911">
    <p class='ocr_par' dir='ltr' id='par_1_52' title="bbox 585 3835 2178 3911">
     <span class='ocr_line' id='line_1_52' title="bbox 585 3835 2178 3911; baseline -0.006 -15"><span class='ocrx_word' id='word_1_351' title='bbox 585 3840 656 3898; x_wconf 85' lang='lat' dir='ltr'><strong>ad</strong></span> <span class='ocrx_word' id='word_1_352' title='bbox 695 3841 812 3911; x_wconf 88' lang='lat' dir='ltr'><strong>ejus</strong></span> <span class='ocrx_word' id='word_1_353' title='bbox 853 3839 1162 3908; x_wconf 84' lang='lat' dir='ltr'><strong>sepulcrum</strong></span> <span class='ocrx_word' id='word_1_354' title='bbox 1215 3838 1362 3893; x_wconf 90' lang='lat' dir='ltr'><strong>venit</strong></span> <span class='ocrx_word' id='word_1_355' title='bbox 1386 3878 1403 3900; x_wconf 81' lang='lat'><strong>.</strong></span> <span class='ocrx_word' id='word_1_356' title='bbox 1435 3844 1513 3903; x_wconf 89' lang='lat' dir='ltr'><strong>et,</strong></span> <span class='ocrx_word' id='word_1_357' title='bbox 1541 3835 1794 3892; x_wconf 85' lang='lat' dir='ltr'><strong>Pictavos</strong></span> <span class='ocrx_word' id='word_1_358' title='bbox 1839 3848 2178 3906; x_wconf 78' lang='lat' dir='ltr'><strong>progressus,</strong></span> 
     </span>
    </p>
   </div>
   <div class='ocr_carea' id='block_1_53' title="bbox 589 3929 2176 4008">
    <p class='ocr_par' dir='ltr' id='par_1_53' title="bbox 589 3929 2176 4008">
     <span class='ocr_line' id='line_1_53' title="bbox 589 3929 2176 4008; baseline -0.005 -18"><span class='ocrx_word' id='word_1_359' title='bbox 589 3934 762 4002; x_wconf 90' lang='lat' dir='ltr'><strong>primo</strong></span> <span class='ocrx_word' id='word_1_360' title='bbox 783 3934 1095 4008; x_wconf 80' lang='lat' dir='ltr'><strong>presbyter,</strong></span> <span class='ocrx_word' id='word_1_361' title='bbox 1117 3931 1319 3989; x_wconf 87' lang='lat' dir='ltr'><strong>deinde</strong></span> <span class='ocrx_word' id='word_1_362' title='bbox 1340 3930 1623 4003; x_wconf 87' lang='lat' dir='ltr'><strong>episcopus</strong></span> <span class='ocrx_word' id='word_1_363' title='bbox 1646 3929 1844 3986; x_wconf 87' lang='lat' dir='ltr'><strong>ibidem</strong></span> <span class='ocrx_word' id='word_1_364' title='bbox 1868 3929 2176 3995; x_wconf 84' lang='lat' dir='ltr'><strong>ordinatus,</strong></span> 
     </span>
    </p>
   </div>
   <div class='ocr_carea' id='block_1_54' title="bbox 595 4021 2180 4100">
    <p class='ocr_par' dir='ltr' id='par_1_54' title="bbox 595 4021 2180 4100">
     <span class='ocr_line' id='line_1_54' title="bbox 595 4021 2180 4100; baseline -0.006 -15"><span class='ocrx_word' id='word_1_365' title='bbox 595 4044 782 4100; x_wconf 84' lang='lat' dir='ltr'><strong>magna</strong></span> <span class='ocrx_word' id='word_1_366' title='bbox 810 4027 1056 4084; x_wconf 87' lang='lat' dir='ltr'><strong>doctrina</strong></span> <span class='ocrx_word' id='word_1_367' title='bbox 1076 4037 1130 4083; x_wconf 89' lang='lat' dir='ltr'><strong>et</strong></span> <span class='ocrx_word' id='word_1_368' title='bbox 1161 4025 1422 4096; x_wconf 78' lang='lat' dir='ltr'><strong>religione</strong></span> <span class='ocrx_word' id='word_1_369' title='bbox 1451 4023 1664 4080; x_wconf 84' lang='lat' dir='ltr'><strong>claruit.</strong></span> <span class='ocrx_word' id='word_1_370' title='bbox 1691 4023 1921 4093; x_wconf 84' lang='lat' dir='ltr'><strong>Scripsit</strong></span> <span class='ocrx_word' id='word_1_371' title='bbox 1950 4021 2180 4093; x_wconf 83' lang='lat' dir='ltr'><strong>eleganti</strong></span> 
     </span>
    </p>
   </div>
   <div class='ocr_carea' id='block_1_55' title="bbox 593 4111 2184 4187">
    <p class='ocr_par' dir='ltr' id='par_1_55' title="bbox 593 4111 2184 4187">
     <span class='ocr_line' id='line_1_55' title="bbox 593 4111 2184 4187; baseline -0.007 -9"><span class='ocrx_word' id='word_1_372' title='bbox 593 4123 834 4178; x_wconf 68' lang='lat' dir='ltr'><strong>carmine</strong></span> <span class='ocrx_word' id='word_1_373' title='bbox 882 4122 1051 4177; x_wconf 90' lang='lat' dir='ltr'><strong>multa</strong></span> <span class='ocrx_word' id='word_1_374' title='bbox 1082 4120 1234 4176; x_wconf 87' lang='lat' dir='ltr'><strong>utilia</strong></span> <span class='ocrx_word' id='word_1_375' title='bbox 1266 4129 1318 4175; x_wconf 90' lang='lat' dir='ltr'><strong>et</strong></span> <span class='ocrx_word' id='word_1_376' title='bbox 1349 4119 1549 4175; x_wconf 78' lang='lat' dir='ltr'><strong>devota</strong></span> <span class='ocrx_word' id='word_1_377' title='bbox 1589 4114 1866 4187; x_wconf 88' lang='lat' dir='ltr'><strong>opuscula,</strong></span> <span class='ocrx_word' id='word_1_378' title='bbox 1895 4114 1961 4170; x_wconf 91' lang='lat' dir='ltr'><strong>de</strong></span> <span class='ocrx_word' id='word_1_379' title='bbox 1990 4111 2184 4184; x_wconf 84' lang='lat' dir='ltr'><strong>quibus</strong></span> 
     </span>
    </p>
   </div>
   <div class='ocr_carea' id='block_1_56' title="bbox 594 4212 1363 4288">
    <p class='ocr_par' dir='ltr' id='par_1_56' title="bbox 594 4212 1363 4288">
     <span class='ocr_line' id='line_1_56' title="bbox 594 4212 1363 4288; baseline -0.007 -16"><span class='ocrx_word' id='word_1_380' title='bbox 594 4232 692 4288; x_wconf 81' lang='lat' dir='ltr'><strong>rgo</strong></span> <span class='ocrx_word' id='word_1_381' title='bbox 720 4224 926 4272; x_wconf 88' lang='lat' dir='ltr'><strong>tantum</strong></span> <span class='ocrx_word' id='word_1_382' title='bbox 954 4215 1061 4270; x_wconf 91' lang='lat' dir='ltr'><strong>vidi</strong></span> <span class='ocrx_word' id='word_1_383' title='bbox 1094 4212 1363 4282; x_wconf 82' lang='lat' dir='ltr'><strong>subjecta.</strong></span> 
     </span>
    </p>
   </div>
   <div class='ocr_carea' id='block_1_57' title="bbox 659 4297 2183 4377">
    <p class='ocr_par' dir='ltr' id='par_1_57' title="bbox 659 4297 2183 4377">
     <span class='ocr_line' id='line_1_57' title="bbox 659 4297 2183 4377; baseline -0.009 -11"><span class='ocrx_word' id='word_1_384' title='bbox 659 4312 740 4366; x_wconf 85' lang='lat' dir='ltr'><strong>Ad</strong></span> <span class='ocrx_word' id='word_1_385' title='bbox 794 4317 1036 4365; x_wconf 86' lang='lat' dir='ltr'><strong>sanctam</strong></span> <span class='ocrx_word' id='word_1_386' title='bbox 1095 4305 1531 4377; x_wconf 77' lang='lat' dir='ltr'><strong>Radcgundem,</strong></span> <span class='ocrx_word' id='word_1_387' title='bbox 1578 4303 1725 4376; x_wconf 81' lang='lat' dir='ltr'><strong>regis</strong></span> <span class='ocrx_word' id='word_1_388' title='bbox 1783 4297 2183 4374; x_wconf 84' lang='lat' dir='ltr'><strong>Tlutringorum</strong></span> 
     </span>
    </p>
   </div>
   <div class='ocr_carea' id='block_1_58' title="bbox 589 4394 2182 4473">
    <p class='ocr_par' dir='ltr' id='par_1_58' title="bbox 589 4394 2182 4473">
     <span class='ocr_line' id='line_1_58' title="bbox 589 4394 2182 4473; baseline -0.008 -15"><span class='ocrx_word' id='word_1_389' title='bbox 589 4403 763 4458; x_wconf 85' lang='lat' dir='ltr'><strong>ultimi</strong></span> <span class='ocrx_word' id='word_1_390' title='bbox 806 4402 995 4465; x_wconf 84' lang='lat' dir='ltr'><strong>iiliam,</strong></span> <span class='ocrx_word' id='word_1_391' title='bbox 1023 4409 1081 4456; x_wconf 89' lang='lat' dir='ltr'><strong>et</strong></span> <span class='ocrx_word' id='word_1_392' title='bbox 1107 4399 1249 4473; x_wconf 77' lang='lat' dir='ltr'><strong>regis</strong></span> <span class='ocrx_word' id='word_1_393' title='bbox 1281 4398 1610 4453; x_wconf 89' lang='lat' dir='ltr'><strong>Francorum</strong></span> <span class='ocrx_word' id='word_1_394' title='bbox 1654 4394 1943 4463; x_wconf 86' lang='lat' dir='ltr'><strong>captivam.</strong></span> <span class='ocrx_word' id='word_1_395' title='bbox 1988 4400 2182 4461; x_wconf 86' lang='lat' dir='ltr'><strong>postea</strong></span> 
     </span>
    </p>
   </div>
   <div class='ocr_carea' id='block_1_59' title="bbox 593 4485 2179 4556">
    <p class='ocr_par' dir='ltr' id='par_1_59' title="bbox 593 4485 2179 4556">
     <span class='ocr_line' id='line_1_59' title="bbox 593 4485 2179 4556; baseline -0.011 -4"><span class='ocrx_word' id='word_1_396' title='bbox 593 4495 951 4553; x_wconf 77' lang='lat' dir='ltr'><strong>Pictaviensis</strong></span> <span class='ocrx_word' id='word_1_397' title='bbox 991 4493 1224 4548; x_wconf 72' lang='lat' dir='ltr'><strong>cmnobii</strong></span> <span class='ocrx_word' id='word_1_398' title='bbox 1259 4489 1609 4556; x_wconf 86' lang='lat' dir='ltr'><strong>abbatissam,</strong></span> <span class='ocrx_word' id='word_1_399' title='bbox 1649 4502 1806 4541; x_wconf 87' lang='lat' dir='ltr'><strong>versu</strong></span> <span class='ocrx_word' id='word_1_400' title='bbox 1833 4485 2179 4540; x_wconf 80' lang='lat' dir='ltr'><strong>hexametro:</strong></span> 
     </span>
    </p>
   </div>
   <div class='ocr_carea' id='block_1_60' title="bbox 2279 1952 3868 2025">
    <p class='ocr_par' dir='ltr' id='par_1_60' title="bbox 2279 1952 3868 2025">
     <span class='ocr_line' id='line_1_60' title="bbox 2279 1952 3868 2025; baseline 0.001 -17"><span class='ocrx_word' id='word_1_401' title='bbox 2279 1952 2516 2010; x_wconf 84' lang='lat' dir='ltr'><strong>mendati</strong></span> <span class='ocrx_word' id='word_1_402' title='bbox 2572 1960 2700 2008; x_wconf 87' lang='lat' dir='ltr'><strong>sunt</strong></span> <span class='ocrx_word' id='word_1_403' title='bbox 2725 1968 2755 2007; x_wconf 92' lang='lat' dir='ltr'><strong>a</strong></span> <span class='ocrx_word' id='word_1_404' title='bbox 2789 1953 2989 2009; x_wconf 90' lang='lat' dir='ltr'><strong>nostris</strong></span> <span class='ocrx_word' id='word_1_405' title='bbox 3021 1952 3411 2025; x_wconf 82' lang='lat' dir='ltr'><strong>grammaticis.</strong></span> <span class='ocrx_word' id='word_1_406' title='bbox 3443 1953 3547 2008; x_wconf 86' lang='lat' dir='ltr'><strong>Sed</strong></span> <span class='ocrx_word' id='word_1_407' title='bbox 3593 1964 3650 2008; x_wconf 89' lang='lat' dir='ltr'><strong>et</strong></span> <span class='ocrx_word' id='word_1_408' title='bbox 3697 1954 3868 2010; x_wconf 88' lang='lat' dir='ltr'><strong>libros</strong></span> 
     </span>
    </p>
   </div>
   <div class='ocr_carea' id='block_1_61' title="bbox 2277 2045 3868 2121">
    <p class='ocr_par' dir='ltr' id='par_1_61' title="bbox 2277 2045 3868 2121">
     <span class='ocr_line' id='line_1_61' title="bbox 2277 2045 3868 2121; baseline -0.001 -17"><span class='ocrx_word' id='word_1_409' title='bbox 2277 2058 2508 2121; x_wconf 86' lang='lat' dir='ltr'><strong>quatuor</strong></span> <span class='ocrx_word' id='word_1_410' title='bbox 2541 2046 2670 2104; x_wconf 73' lang='lat' dir='ltr'><strong>fecit</strong></span> <span class='ocrx_word' id='word_1_411' title='bbox 2691 2049 2758 2103; x_wconf 90' lang='lat' dir='ltr'><strong>de</strong></span> <span class='ocrx_word' id='word_1_412' title='bbox 2786 2048 2950 2118; x_wconf 86' lang='lat' dir='ltr'><strong>gestis</strong></span> <span class='ocrx_word' id='word_1_413' title='bbox 2977 2046 3092 2102; x_wconf 85' lang='lat' dir='ltr'><strong>divi</strong></span> <span class='ocrx_word' id='word_1_414' title='bbox 3117 2045 3330 2102; x_wconf 74' lang='lat' dir='ltr'><strong>Martini</strong></span> <span class='ocrx_word' id='word_1_415' title='bbox 3358 2047 3598 2104; x_wconf 86' lang='lat' dir='ltr'><strong>versibus</strong></span> <span class='ocrx_word' id='word_1_416' title='bbox 3613 2047 3868 2103; x_wconf 77' lang='lat' dir='ltr'><strong>hexame-</strong></span> 
     </span>
    </p>
   </div>
   <div class='ocr_carea' id='block_1_62' title="bbox 2281 2137 3866 2210">
    <p class='ocr_par' dir='ltr' id='par_1_62' title="bbox 2281 2137 3866 2210">
     <span class='ocr_line' id='line_1_62' title="bbox 2281 2137 3866 2210; baseline -0.003 -14"><span class='ocrx_word' id='word_1_417' title='bbox 2281 2141 2400 2206; x_wconf 89' lang='lat' dir='ltr'><strong>tris,</strong></span> <span class='ocrx_word' id='word_1_418' title='bbox 2431 2138 2686 2210; x_wconf 67' lang='lat' dir='ltr'><strong>praelatus</strong></span> <span class='ocrx_word' id='word_1_419' title='bbox 2715 2140 2803 2194; x_wconf 90' lang='lat' dir='ltr'><strong>tali</strong></span> <span class='ocrx_word' id='word_1_420' title='bbox 2833 2153 2996 2209; x_wconf 88' lang='lat' dir='ltr'><strong>opere</strong></span> <span class='ocrx_word' id='word_1_421' title='bbox 3046 2152 3107 2194; x_wconf 91' lang='lat' dir='ltr'><strong>se</strong></span> <span class='ocrx_word' id='word_1_422' title='bbox 3141 2137 3339 2193; x_wconf 88' lang='lat' dir='ltr'><strong>imitari</strong></span> <span class='ocrx_word' id='word_1_423' title='bbox 3367 2137 3703 2194; x_wconf 87' lang='lat' dir='ltr'><strong>Christianos</strong></span> <span class='ocrx_word' id='word_1_424' title='bbox 3728 2152 3866 2207; x_wconf 84' lang='lat' dir='ltr'><strong>poe-</strong></span> 
     </span>
    </p>
   </div>
   <div class='ocr_carea' id='block_1_63' title="bbox 2280 2227 3868 2299">
    <p class='ocr_par' dir='ltr' id='par_1_63' title="bbox 2280 2227 3868 2299">
     <span class='ocr_line' id='line_1_63' title="bbox 2280 2227 3868 2299; baseline -0.004 -11"><span class='ocrx_word' id='word_1_425' title='bbox 2280 2242 2381 2299; x_wconf 85' lang='lat' dir='ltr'><strong>tas,</strong></span> <span class='ocrx_word' id='word_1_426' title='bbox 2402 2242 2460 2287; x_wconf 92' lang='lat' dir='ltr'><strong>ut</strong></span> <span class='ocrx_word' id='word_1_427' title='bbox 2477 2230 2806 2294; x_wconf 74' lang='lat' dir='ltr'><strong>Alcltimum,</strong></span> <span class='ocrx_word' id='word_1_428' title='bbox 2832 2229 3200 2296; x_wconf 86' lang='lat' dir='ltr'><strong>Prudentium,</strong></span> <span class='ocrx_word' id='word_1_429' title='bbox 3220 2227 3540 2296; x_wconf 74' lang='lat' dir='ltr'><strong>Iuvencum,</strong></span> <span class='ocrx_word' id='word_1_430' title='bbox 3559 2227 3868 2294; x_wconf 84' lang='lat' dir='ltr'><strong>Paulinum,</strong></span> 
     </span>
    </p>
   </div>
   <div class='ocr_carea' id='block_1_64' title="bbox 2279 2320 3864 2392">
    <p class='ocr_par' dir='ltr' id='par_1_64' title="bbox 2279 2320 3864 2392">
     <span class='ocr_line' id='line_1_64' title="bbox 2279 2320 3864 2392; baseline -0.003 -11"><span class='ocrx_word' id='word_1_431' title='bbox 2279 2334 2335 2382; x_wconf 91' lang='lat' dir='ltr'><strong>et</strong></span> <span class='ocrx_word' id='word_1_432' title='bbox 2362 2326 2496 2381; x_wconf 88' lang='lat' dir='ltr'><strong>alios</strong></span> <span class='ocrx_word' id='word_1_433' title='bbox 2529 2326 2727 2392; x_wconf 85' lang='lat' dir='ltr'><strong>plures.</strong></span> <span class='ocrx_word' id='word_1_434' title='bbox 2775 2323 2921 2379; x_wconf 90' lang='lat' dir='ltr'><strong>Idem</strong></span> <span class='ocrx_word' id='word_1_435' title='bbox 2978 2321 3305 2378; x_wconf 83' lang='lat' dir='ltr'><strong>Fortunatus</strong></span> <span class='ocrx_word' id='word_1_436' title='bbox 3337 2321 3576 2377; x_wconf 75' lang='lat' dir='ltr'><strong>maximo</strong></span> <span class='ocrx_word' id='word_1_437' title='bbox 3628 2320 3864 2389; x_wconf 71' lang='lat' dir='ltr'><strong>allecto,</strong></span> 
     </span>
    </p>
   </div>
   <div class='ocr_carea' id='block_1_65' title="bbox 2279 2413 3870 2488">
    <p class='ocr_par' dir='ltr' id='par_1_65' title="bbox 2279 2413 3870 2488">
     <span class='ocr_line' id='line_1_65' title="bbox 2279 2413 3870 2488; baseline -0.001 -17"><span class='ocrx_word' id='word_1_438' title='bbox 2279 2416 2646 2488; x_wconf 87' lang='lat' dir='ltr'><strong>singularique</strong></span> <span class='ocrx_word' id='word_1_439' title='bbox 2683 2415 3056 2472; x_wconf 85' lang='lat' dir='ltr'><strong>benevolentia</strong></span> <span class='ocrx_word' id='word_1_440' title='bbox 3090 2425 3402 2484; x_wconf 87' lang='lat' dir='ltr'><strong>prosecutus</strong></span> <span class='ocrx_word' id='word_1_441' title='bbox 3440 2424 3525 2470; x_wconf 90' lang='lat' dir='ltr'><strong>est</strong></span> <span class='ocrx_word' id='word_1_442' title='bbox 3545 2413 3870 2486; x_wconf 84' lang='lat' dir='ltr'><strong>Gregorium</strong></span> 
     </span>
    </p>
   </div>
   <div class='ocr_carea' id='block_1_66' title="bbox 2281 2508 3872 2582">
    <p class='ocr_par' dir='ltr' id='par_1_66' title="bbox 2281 2508 3872 2582">
     <span class='ocr_line' id='line_1_66' title="bbox 2281 2508 3872 2582; baseline -0.002 -15"><span class='ocrx_word' id='word_1_443' title='bbox 2281 2510 2616 2582; x_wconf 76' lang='lat' dir='ltr'><strong>pontiﬁcem,</strong></span> <span class='ocrx_word' id='word_1_444' title='bbox 2668 2509 3059 2580; x_wconf 82' lang='lat' dir='ltr'><strong>Euphronium,</strong></span> <span class='ocrx_word' id='word_1_445' title='bbox 3117 2519 3277 2578; x_wconf 89' lang='lat' dir='ltr'><strong>atque</strong></span> <span class='ocrx_word' id='word_1_446' title='bbox 3322 2508 3598 2576; x_wconf 85' lang='lat' dir='ltr'><strong>Felicem,</strong></span> <span class='ocrx_word' id='word_1_447' title='bbox 3632 2519 3692 2564; x_wconf 90' lang='lat' dir='ltr'><strong>ut</strong></span> <span class='ocrx_word' id='word_1_448' title='bbox 3737 2509 3872 2564; x_wconf 88' lang='lat' dir='ltr'><strong>alios</strong></span> 
     </span>
    </p>
   </div>
   <div class='ocr_carea' id='block_1_67' title="bbox 2279 2599 3872 2673">
    <p class='ocr_par' dir='ltr' id='par_1_67' title="bbox 2279 2599 3872 2673">
     <span class='ocr_line' id='line_1_67' title="bbox 2279 2599 3872 2673; baseline -0.004 -13"><span class='ocrx_word' id='word_1_449' title='bbox 2279 2603 2612 2660; x_wconf 89' lang='lat' dir='ltr'><strong>omittamus.</strong></span> <span class='ocrx_word' id='word_1_450' title='bbox 2655 2603 2712 2659; x_wconf 94' lang='lat' dir='ltr'><strong>ln</strong></span> <span class='ocrx_word' id='word_1_451' title='bbox 2739 2600 3062 2673; x_wconf 71' lang='lat' dir='ltr'><strong>pervetustis</strong></span> <span class='ocrx_word' id='word_1_452' title='bbox 3094 2601 3494 2672; x_wconf 82' lang='lat' dir='ltr'><strong>exemplaribus</strong></span> <span class='ocrx_word' id='word_1_453' title='bbox 3521 2599 3761 2655; x_wconf 90' lang='lat' dir='ltr'><strong>additum</strong></span> <span class='ocrx_word' id='word_1_454' title='bbox 3789 2613 3872 2654; x_wconf 83' lang='lat' dir='ltr'><strong>est</strong></span> 
     </span>
    </p>
   </div>
   <div class='ocr_carea' id='block_1_68' title="bbox 2281 2689 3874 2764">
    <p class='ocr_par' dir='ltr' id='par_1_68' title="bbox 2281 2689 3874 2764">
     <span class='ocr_line' id='line_1_68' title="bbox 2281 2689 3874 2764; baseline -0.006 -12"><span class='ocrx_word' id='word_1_455' title='bbox 2281 2711 2477 2752; x_wconf 88' lang='lat' dir='ltr'><strong>nomen</strong></span> <span class='ocrx_word' id='word_1_456' title='bbox 2496 2693 2885 2764; x_wconf 87' lang='lat' dir='ltr'><strong>Clementiani,</strong></span> <span class='ocrx_word' id='word_1_457' title='bbox 2911 2692 3054 2764; x_wconf 91' lang='lat' dir='ltr'><strong>quod</strong></span> <span class='ocrx_word' id='word_1_458' title='bbox 3083 2693 3151 2748; x_wconf 88' lang='lat' dir='ltr'><strong>ab</strong></span> <span class='ocrx_word' id='word_1_459' title='bbox 3178 2691 3264 2748; x_wconf 90' lang='lat' dir='ltr'><strong>bis</strong></span> <span class='ocrx_word' id='word_1_460' title='bbox 3294 2689 3510 2762; x_wconf 86' lang='lat' dir='ltr'><strong>probari</strong></span> <span class='ocrx_word' id='word_1_461' title='bbox 3538 2689 3755 2762; x_wconf 87' lang='lat' dir='ltr'><strong>poterit,</strong></span> <span class='ocrx_word' id='word_1_462' title='bbox 3780 2691 3874 2760; x_wconf 88' lang='lat' dir='ltr'><strong>qui</strong></span> 
     </span>
    </p>
   </div>
   <div class='ocr_carea' id='block_1_69' title="bbox 2281 2787 3872 2865">
    <p class='ocr_par' dir='ltr' id='par_1_69' title="bbox 2281 2787 3872 2865">
     <span class='ocr_line' id='line_1_69' title="bbox 2281 2787 3872 2865; baseline -0.004 -16"><span class='ocrx_word' id='word_1_463' title='bbox 2281 2792 2441 2865; x_wconf 90' lang='lat' dir='ltr'><strong>paulo</strong></span> <span class='ocrx_word' id='word_1_464' title='bbox 2477 2792 2785 2849; x_wconf 87' lang='lat' dir='ltr'><strong>accuratius</strong></span> <span class='ocrx_word' id='word_1_465' title='bbox 2813 2791 3186 2862; x_wconf 84' lang='lat' dir='ltr'><strong>antiquitatem</strong></span> <span class='ocrx_word' id='word_1_466' title='bbox 3215 2787 3539 2859; x_wconf 81' lang='lat' dir='ltr'><strong>perscrutari</strong></span> <span class='ocrx_word' id='word_1_467' title='bbox 3581 2787 3872 2845; x_wconf 87' lang='lat' dir='ltr'><strong>voluerint.</strong></span> 
     </span>
    </p>
   </div>
   <div class='ocr_carea' id='block_1_70' title="bbox 2282 2900 3867 2979">
    <p class='ocr_par' dir='ltr' id='par_1_70' title="bbox 2282 2900 3867 2979">
     <span class='ocr_line' id='line_1_70' title="bbox 2282 2900 3867 2979; baseline -0.004 -17"><span class='ocrx_word' id='word_1_468' title='bbox 2282 2907 2638 2979; x_wconf 77' lang='lat' dir='ltr'><strong>Hieronymus</strong></span> <span class='ocrx_word' id='word_1_469' title='bbox 2660 2904 2904 2977; x_wconf 75' lang='lat' dir='ltr'><strong>Bologai,</strong></span> <span class='ocrx_word' id='word_1_470' title='bbox 2928 2905 2982 2959; x_wconf 85' lang='lat' dir='ltr'><strong>in</strong></span> <span class='ocrx_word' id='word_1_471' title='bbox 3020 2903 3195 2959; x_wconf 81' lang='lat' dir='ltr'><strong>electis</strong></span> <span class='ocrx_word' id='word_1_472' title='bbox 3241 2903 3482 2979; x_wconf 64' lang='lat' dir='ltr'><strong>clegjgcis</strong></span> <span class='ocrx_word' id='word_1_473' title='bbox 3536 2917 3600 2957; x_wconf 69' lang='lat' dir='ltr'><strong>ex</strong></span> <span class='ocrx_word' id='word_1_474' title='bbox 3620 2900 3754 2956; x_wconf 77' lang='lat' dir='ltr'><strong>libro</strong></span> <span class='ocrx_word' id='word_1_475' title='bbox 3792 2915 3867 2956; x_wconf 80' lang='lat' dir='ltr'><strong>att</strong></span> 
     </span>
    </p>
   </div>
   <div class='ocr_carea' id='block_1_71' title="bbox 2703 2975 3425 3050">
    <p class='ocr_par' dir='ltr' id='par_1_71' title="bbox 2703 2975 3425 3050">
     <span class='ocr_line' id='line_1_71' title="bbox 2703 2975 3425 3050; baseline -0.008 -17"><span class='ocrx_word' id='word_1_476' title='bbox 2703 2975 3112 3050; x_wconf 52' lang='lat' dir='ltr'><strong>pro&#39;miscuorum</strong></span> <span class='ocrx_word' id='word_1_477' title='bbox 3128 3015 3143 3042; x_wconf 92' lang='lat'><strong>,</strong></span> <span class='ocrx_word' id='word_1_478' title='bbox 3167 2991 3311 3031; x_wconf 83' lang='lat' dir='ltr'><strong>nunt.</strong></span> <span class='ocrx_word' id='word_1_479' title='bbox 3332 2975 3425 3029; x_wconf 71' lang='lat'><strong>25.</strong></span> 
     </span>
    </p>
   </div>
   <div class='ocr_carea' id='block_1_72' title="bbox 2354 3067 3548 3140">
    <p class='ocr_par' dir='ltr' id='par_1_72' title="bbox 2354 3067 3548 3140">
     <span class='ocr_line' id='line_1_72' title="bbox 2354 3067 3548 3140; baseline -0.006 -12"><span class='ocrx_word' id='word_1_480' title='bbox 2354 3070 2672 3140; x_wconf 88' lang='lat' dir='ltr'><strong>Fortunate,</strong></span> <span class='ocrx_word' id='word_1_481' title='bbox 2703 3069 2798 3126; x_wconf 86' lang='lat' dir='ltr'><strong>tibi</strong></span> <span class='ocrx_word' id='word_1_482' title='bbox 2824 3070 2984 3125; x_wconf 88' lang='lat' dir='ltr'><strong>vallis</strong></span> <span class='ocrx_word' id='word_1_483' title='bbox 3015 3067 3309 3139; x_wconf 89' lang='lat' dir='ltr'><strong>Duplabilis</strong></span> <span class='ocrx_word' id='word_1_484' title='bbox 3339 3075 3548 3135; x_wconf 75' lang='lat' dir='ltr'><strong>ortum</strong></span> 
     </span>
    </p>
   </div>
   <div class='ocr_carea' id='block_1_73' title="bbox 2396 3159 3518 3233">
    <p class='ocr_par' dir='ltr' id='par_1_73' title="bbox 2396 3159 3518 3233">
     <span class='ocr_line' id='line_1_73' title="bbox 2396 3159 3518 3233; baseline -0.005 -13"><span class='ocrx_word' id='word_1_485' title='bbox 2396 3224 2401 3227; x_wconf 69' lang='grc'><strong><em>,</em></strong></span> <span class='ocrx_word' id='word_1_486' title='bbox 2431 3164 2486 3220; x_wconf 90' lang='lat' dir='ltr'><strong>In</strong></span> <span class='ocrx_word' id='word_1_487' title='bbox 2516 3162 2794 3218; x_wconf 84' lang='lat' dir='ltr'><strong>Tarvisina</strong></span> <span class='ocrx_word' id='word_1_488' title='bbox 2820 3172 2903 3218; x_wconf 89' lang='lat' dir='ltr'><strong>est</strong></span> <span class='ocrx_word' id='word_1_489' title='bbox 2931 3176 3049 3233; x_wconf 72' lang='lat' dir='ltr'><strong>qum</strong></span> <span class='ocrx_word' id='word_1_490' title='bbox 3078 3160 3321 3230; x_wconf 88' lang='lat' dir='ltr'><strong>regione,</strong></span> <span class='ocrx_word' id='word_1_491' title='bbox 3345 3159 3518 3215; x_wconf 90' lang='lat' dir='ltr'><strong>dedit.</strong></span> 
     </span>
    </p>
   </div>
   <div class='ocr_carea' id='block_1_74' title="bbox 2354 3253 3497 3324">
    <p class='ocr_par' dir='ltr' id='par_1_74' title="bbox 2354 3253 3497 3324">
     <span class='ocr_line' id='line_1_74' title="bbox 2354 3253 3497 3324; baseline -0.003 -10"><span class='ocrx_word' id='word_1_492' title='bbox 2354 3257 2609 3314; x_wconf 75' lang='lat' dir='ltr'><strong>Nascenti</strong></span> <span class='ocrx_word' id='word_1_493' title='bbox 2644 3257 2807 3313; x_wconf 68' lang='lat' dir='ltr'><strong>Musa</strong></span> <span class='ocrx_word' id='word_1_494' title='bbox 2836 3258 3096 3322; x_wconf 87' lang='lat' dir='ltr'><strong>riserunt,</strong></span> <span class='ocrx_word' id='word_1_495' title='bbox 3127 3253 3246 3310; x_wconf 89' lang='lat' dir='ltr'><strong>risit</strong></span> <span class='ocrx_word' id='word_1_496' title='bbox 3265 3254 3497 3324; x_wconf 81' lang='lat' dir='ltr'><strong>Apollo;</strong></span> 
     </span>
    </p>
   </div>
   <div class='ocr_carea' id='block_1_75' title="bbox 2425 3345 3508 3421">
    <p class='ocr_par' dir='ltr' id='par_1_75' title="bbox 2425 3345 3508 3421">
     <span class='ocr_line' id='line_1_75' title="bbox 2425 3345 3508 3421; baseline -0.006 -15"><span class='ocrx_word' id='word_1_497' title='bbox 2425 3350 2645 3421; x_wconf 87' lang='lat' dir='ltr'><strong>Ingenio</strong></span> <span class='ocrx_word' id='word_1_498' title='bbox 2674 3349 2935 3404; x_wconf 85' lang='lat' dir='ltr'><strong>addentes</strong></span> <span class='ocrx_word' id='word_1_499' title='bbox 2962 3361 3185 3402; x_wconf 87' lang='lat' dir='ltr'><strong>munera</strong></span> <span class='ocrx_word' id='word_1_500' title='bbox 3215 3345 3373 3416; x_wconf 88' lang='lat' dir='ltr'><strong>digna</strong></span> <span class='ocrx_word' id='word_1_501' title='bbox 3399 3355 3508 3400; x_wconf 91' lang='lat' dir='ltr'><strong>tuo.</strong></span> 
     </span>
    </p>
   </div>
   <div class='ocr_carea' id='block_1_76' title="bbox 2352 3438 3855 3510">
    <p class='ocr_par' dir='ltr' id='par_1_76' title="bbox 2352 3438 3855 3510">
     <span class='ocr_line' id='line_1_76' title="bbox 2352 3438 3855 3510; baseline -0.002 -11"><span class='ocrx_word' id='word_1_502' title='bbox 2352 3442 2462 3499; x_wconf 83' lang='lat' dir='ltr'><strong>Nec</strong></span> <span class='ocrx_word' id='word_1_503' title='bbox 2487 3457 2659 3507; x_wconf 89' lang='lat' dir='ltr'><strong>mora,</strong></span> <span class='ocrx_word' id='word_1_504' title='bbox 2694 3441 3008 3498; x_wconf 88' lang='lat' dir='ltr'><strong>Pindaricos</strong></span> <span class='ocrx_word' id='word_1_505' title='bbox 3028 3438 3238 3510; x_wconf 89' lang='lat' dir='ltr'><strong>superis</strong></span> <span class='ocrx_word' id='word_1_506' title='bbox 3263 3439 3582 3496; x_wconf 76' lang='lat' dir='ltr'><strong>cmlestibus</strong></span> <span class='ocrx_word' id='word_1_507' title='bbox 3611 3438 3855 3510; x_wconf 72' lang='lat' dir='ltr'><strong>hymnos</strong></span> 
     </span>
    </p>
   </div>
   <div class='ocr_carea' id='block_1_77' title="bbox 2425 3529 3655 3607">
    <p class='ocr_par' dir='ltr' id='par_1_77' title="bbox 2425 3529 3655 3607">
     <span class='ocr_line' id='line_1_77' title="bbox 2425 3529 3655 3607; baseline -0.006 -13"><span class='ocrx_word' id='word_1_508' title='bbox 2425 3536 2724 3607; x_wconf 85' lang='lat' dir='ltr'><strong>Scripsisti,</strong></span> <span class='ocrx_word' id='word_1_509' title='bbox 2758 3545 2811 3592; x_wconf 87' lang='lat' dir='ltr'><strong>et</strong></span> <span class='ocrx_word' id='word_1_510' title='bbox 2839 3534 3012 3590; x_wconf 89' lang='lat' dir='ltr'><strong>variis</strong></span> <span class='ocrx_word' id='word_1_511' title='bbox 3031 3532 3255 3603; x_wconf 77' lang='lat' dir='ltr'><strong>mystica</strong></span> <span class='ocrx_word' id='word_1_512' title='bbox 3283 3548 3435 3589; x_wconf 89' lang='lat' dir='ltr'><strong>sacra</strong></span> <span class='ocrx_word' id='word_1_513' title='bbox 3460 3529 3655 3588; x_wconf 88' lang='lat' dir='ltr'><strong>modis.</strong></span> 
     </span>
    </p>
   </div>
   <div class='ocr_carea' id='block_1_78' title="bbox 2352 3621 3666 3698">
    <p class='ocr_par' dir='ltr' id='par_1_78' title="bbox 2352 3621 3666 3698">
     <span class='ocr_line' id='line_1_78' title="bbox 2352 3621 3666 3698; baseline -0.008 -12"><span class='ocrx_word' id='word_1_514' title='bbox 2352 3630 2561 3697; x_wconf 70' lang='lat' dir='ltr'><strong>Scripta</strong></span> <span class='ocrx_word' id='word_1_515' title='bbox 2584 3641 2800 3698; x_wconf 84' lang='lat' dir='ltr'><strong>quoque</strong></span> <span class='ocrx_word' id='word_1_516' title='bbox 2827 3633 2912 3682; x_wconf 89' lang='lat' dir='ltr'><strong>est</strong></span> <span class='ocrx_word' id='word_1_517' title='bbox 2941 3640 3099 3680; x_wconf 86' lang='lat' dir='ltr'><strong>versu</strong></span> <span class='ocrx_word' id='word_1_518' title='bbox 3129 3622 3338 3678; x_wconf 75' lang='lat' dir='ltr'><strong>Martini</strong></span> <span class='ocrx_word' id='word_1_519' title='bbox 3369 3621 3487 3678; x_wconf 84' lang='lat' dir='ltr'><strong>Vita</strong></span> <span class='ocrx_word' id='word_1_520' title='bbox 3516 3622 3666 3678; x_wconf 87' lang='lat' dir='ltr'><strong>beati</strong></span> 
     </span>
    </p>
   </div>
   <div class='ocr_carea' id='block_1_79' title="bbox 2422 3714 3467 3783">
    <p class='ocr_par' dir='ltr' id='par_1_79' title="bbox 2422 3714 3467 3783">
     <span class='ocr_line' id='line_1_79' title="bbox 2422 3714 3467 3783; baseline -0.01 -3"><span class='ocrx_word' id='word_1_521' title='bbox 2422 3724 2554 3780; x_wconf 75' lang='lat' dir='ltr'><strong>Cum</strong></span> <span class='ocrx_word' id='word_1_522' title='bbox 2582 3722 2675 3778; x_wconf 87' lang='lat' dir='ltr'><strong>tibi</strong></span> <span class='ocrx_word' id='word_1_523' title='bbox 2708 3722 2955 3776; x_wconf 84' lang='lat' dir='ltr'><strong>Turonos</strong></span> <span class='ocrx_word' id='word_1_524' title='bbox 2983 3720 3154 3774; x_wconf 87' lang='lat' dir='ltr'><strong>visere</strong></span> <span class='ocrx_word' id='word_1_525' title='bbox 3180 3731 3307 3772; x_wconf 83' lang='lat' dir='ltr'><strong>cura</strong></span> <span class='ocrx_word' id='word_1_526' title='bbox 3339 3714 3467 3783; x_wconf 74' lang='lat' dir='ltr'><strong>fuit;</strong></span> 
     </span>
    </p>
   </div>
   <div class='ocr_carea' id='block_1_80' title="bbox 2357 3809 3593 3883">
    <p class='ocr_par' dir='ltr' id='par_1_80' title="bbox 2357 3809 3593 3883">
     <span class='ocr_line' id='line_1_80' title="bbox 2357 3809 3593 3883; baseline -0.012 -7"><span class='ocrx_word' id='word_1_527' title='bbox 2357 3815 2556 3876; x_wconf 85' lang='lat' dir='ltr'><strong>Pictavi</strong></span> <span class='ocrx_word' id='word_1_528' title='bbox 2590 3814 2825 3870; x_wconf 89' lang='lat' dir='ltr'><strong>didicere</strong></span> <span class='ocrx_word' id='word_1_529' title='bbox 2851 3812 2993 3883; x_wconf 85' lang='lat' dir='ltr'><strong>pios,</strong></span> <span class='ocrx_word' id='word_1_530' title='bbox 3023 3821 3076 3866; x_wconf 92' lang='lat' dir='ltr'><strong>te</strong></span> <span class='ocrx_word' id='word_1_531' title='bbox 3113 3809 3358 3877; x_wconf 65' lang='lat' dir='ltr'><strong>praesule,</strong></span> <span class='ocrx_word' id='word_1_532' title='bbox 3383 3822 3593 3872; x_wconf 78' lang='lat' dir='ltr'><strong>mores,</strong></span> 
     </span>
    </p>
   </div>
   <div class='ocr_carea' id='block_1_81' title="bbox 2427 3900 3635 3979">
    <p class='ocr_par' dir='ltr' id='par_1_81' title="bbox 2427 3900 3635 3979">
     <span class='ocr_line' id='line_1_81' title="bbox 2427 3900 3635 3979; baseline -0.008 -14"><span class='ocrx_word' id='word_1_533' title='bbox 2427 3909 2541 3979; x_wconf 88' lang='lat' dir='ltr'><strong>Qua</strong></span> <span class='ocrx_word' id='word_1_534' title='bbox 2572 3908 2788 3964; x_wconf 90' lang='lat' dir='ltr'><strong>tandem</strong></span> <span class='ocrx_word' id='word_1_535' title='bbox 2820 3905 3029 3976; x_wconf 81' lang='lat' dir='ltr'><strong>positus</strong></span> <span class='ocrx_word' id='word_1_536' title='bbox 3054 3903 3156 3959; x_wconf 90' lang='lat' dir='ltr'><strong>rite</strong></span> <span class='ocrx_word' id='word_1_537' title='bbox 3185 3901 3419 3972; x_wconf 87' lang='lat' dir='ltr'><strong>quiescis</strong></span> <span class='ocrx_word' id='word_1_538' title='bbox 3449 3900 3635 3955; x_wconf 89' lang='lat' dir='ltr'><strong>humo.</strong></span> 
     </span>
    </p>
   </div>
   <div class='ocr_carea' id='block_1_82' title="bbox 2356 3993 3813 4070">
    <p class='ocr_par' dir='ltr' id='par_1_82' title="bbox 2356 3993 3813 4070">
     <span class='ocr_line' id='line_1_82' title="bbox 2356 3993 3813 4070; baseline -0.008 -11"><span class='ocrx_word' id='word_1_539' title='bbox 2356 4001 2493 4060; x_wconf 83' lang='lat' dir='ltr'><strong>Sese</strong></span> <span class='ocrx_word' id='word_1_540' title='bbox 2522 4003 2744 4070; x_wconf 82' lang='lat' dir='ltr'><strong>Aponus</strong></span> <span class='ocrx_word' id='word_1_541' title='bbox 2766 3997 2922 4054; x_wconf 88' lang='lat' dir='ltr'><strong>stella</strong></span> <span class='ocrx_word' id='word_1_542' title='bbox 2949 4002 3044 4051; x_wconf 90' lang='lat' dir='ltr'><strong>aut</strong></span> <span class='ocrx_word' id='word_1_543' title='bbox 3071 3994 3267 4050; x_wconf 86' lang='lat' dir='ltr'><strong>Flacco</strong></span> <span class='ocrx_word' id='word_1_544' title='bbox 3290 4007 3359 4049; x_wconf 90' lang='lat' dir='ltr'><strong>ne</strong></span> <span class='ocrx_word' id='word_1_545' title='bbox 3380 3993 3546 4064; x_wconf 87' lang='lat' dir='ltr'><strong>jactet</strong></span> <span class='ocrx_word' id='word_1_546' title='bbox 3571 3993 3813 4048; x_wconf 76' lang='lat' dir='ltr'><strong>alumnis</strong></span> 
     </span>
    </p>
   </div>
   <div class='ocr_carea' id='block_1_83' title="bbox 2431 4089 3536 4160">
    <p class='ocr_par' dir='ltr' id='par_1_83' title="bbox 2431 4089 3536 4160">
     <span class='ocr_line' id='line_1_83' title="bbox 2431 4089 3536 4160; baseline -0.009 -8"><span class='ocrx_word' id='word_1_547' title='bbox 2431 4095 2569 4152; x_wconf 86' lang='lat' dir='ltr'><strong>Urbs</strong></span> <span class='ocrx_word' id='word_1_548' title='bbox 2591 4093 2729 4150; x_wconf 87' lang='lat' dir='ltr'><strong>adeo</strong></span> <span class='ocrx_word' id='word_1_549' title='bbox 2758 4091 2898 4148; x_wconf 79' lang='lat' dir='ltr'><strong>fastu</strong></span> <span class='ocrx_word' id='word_1_550' title='bbox 2923 4104 3031 4160; x_wconf 92' lang='lat' dir='ltr'><strong>quo</strong></span> <span class='ocrx_word' id='word_1_551' title='bbox 3059 4089 3311 4143; x_wconf 86' lang='lat' dir='ltr'><strong>Patavina</strong></span> <span class='ocrx_word' id='word_1_552' title='bbox 3340 4094 3536 4142; x_wconf 85' lang='lat' dir='ltr'><strong>tumet.</strong></span> 
     </span>
    </p>
   </div>
   <div class='ocr_carea' id='block_1_84' title="bbox 2355 4179 3693 4260">
    <p class='ocr_par' dir='ltr' id='par_1_84' title="bbox 2355 4179 3693 4260">
     <span class='ocr_line' id='line_1_84' title="bbox 2355 4179 3693 4260; baseline -0.009 -12"><span class='ocrx_word' id='word_1_553' title='bbox 2355 4189 2436 4248; x_wconf 76' lang='lat' dir='ltr'><strong>Tu</strong></span> <span class='ocrx_word' id='word_1_554' title='bbox 2467 4202 2643 4260; x_wconf 87' lang='lat' dir='ltr'><strong>neque</strong></span> <span class='ocrx_word' id='word_1_555' title='bbox 2667 4185 2974 4258; x_wconf 72' lang='lat' dir='ltr'><strong>praedones,</strong></span> <span class='ocrx_word' id='word_1_556' title='bbox 2998 4183 3186 4238; x_wconf 84' lang='lat' dir='ltr'><strong>audaci</strong></span> <span class='ocrx_word' id='word_1_557' title='bbox 3211 4183 3385 4238; x_wconf 88' lang='lat' dir='ltr'><strong>classe</strong></span> <span class='ocrx_word' id='word_1_558' title='bbox 3413 4179 3693 4250; x_wconf 73' lang='lat' dir='ltr'><strong>furentes,-</strong></span> 
     </span>
    </p>
   </div>
   <div class='ocr_carea' id='block_1_85' title="bbox 2427 4273 3644 4349">
    <p class='ocr_par' dir='ltr' id='par_1_85' title="bbox 2427 4273 3644 4349">
     <span class='ocr_line' id='line_1_85' title="bbox 2427 4273 3644 4349; baseline -0.009 -10"><span class='ocrx_word' id='word_1_559' title='bbox 2427 4281 2538 4339; x_wconf 78' lang='lat' dir='ltr'><strong>Nec</strong></span> <span class='ocrx_word' id='word_1_560' title='bbox 2565 4280 2789 4337; x_wconf 80' lang='lat' dir='ltr'><strong>Veneris</strong></span> <span class='ocrx_word' id='word_1_561' title='bbox 2813 4275 2958 4335; x_wconf 72' lang='lat' dir='ltr'><strong>fmda</strong></span> <span class='ocrx_word' id='word_1_562' title='bbox 2984 4276 3177 4349; x_wconf 86' lang='lat' dir='ltr'><strong>probra</strong></span> <span class='ocrx_word' id='word_1_563' title='bbox 3208 4273 3452 4344; x_wconf 87' lang='lat' dir='ltr'><strong>pudenda</strong></span> <span class='ocrx_word' id='word_1_564' title='bbox 3472 4276 3644 4330; x_wconf 87' lang='lat' dir='ltr'><strong>canis.</strong></span> 
     </span>
    </p>
   </div>
   <div class='ocr_carea' id='block_1_86' title="bbox 2357 4367 3725 4444">
    <p class='ocr_par' dir='ltr' id='par_1_86' title="bbox 2357 4367 3725 4444">
     <span class='ocr_line' id='line_1_86' title="bbox 2357 4367 3725 4444; baseline -0.01 -8"><span class='ocrx_word' id='word_1_565' title='bbox 2357 4378 2463 4436; x_wconf 86' lang='lat' dir='ltr'><strong>Per</strong></span> <span class='ocrx_word' id='word_1_566' title='bbox 2491 4388 2565 4443; x_wconf 90' lang='lat' dir='ltr'><strong>te,</strong></span> <span class='ocrx_word' id='word_1_567' title='bbox 2596 4374 2690 4432; x_wconf 90' lang='lat' dir='ltr'><strong>sed</strong></span> <span class='ocrx_word' id='word_1_568' title='bbox 2718 4383 2918 4444; x_wconf 87' lang='lat' dir='ltr'><strong>quanto</strong></span> <span class='ocrx_word' id='word_1_569' title='bbox 2951 4377 3208 4442; x_wconf 71' lang='lat' dir='ltr'><strong>praestant</strong></span> <span class='ocrx_word' id='word_1_570' title='bbox 3235 4367 3417 4424; x_wconf 88' lang='lat' dir='ltr'><strong>divina</strong></span> <span class='ocrx_word' id='word_1_571' title='bbox 3443 4367 3725 4436; x_wconf 75' lang='lat' dir='ltr'><strong>profanis!</strong></span> 
     </span>
    </p>
   </div>
   <div class='ocr_carea' id='block_1_87' title="bbox 2426 4463 3514 4537">
    <p class='ocr_par' dir='ltr' id='par_1_87' title="bbox 2426 4463 3514 4537">
     <span class='ocr_line' id='line_1_87' title="bbox 2426 4463 3514 4537; baseline -0.013 -9"><span class='ocrx_word' id='word_1_572' title='bbox 2426 4469 2677 4528; x_wconf 82' lang='lat' dir='ltr'><strong>Tarvisio</strong></span> <span class='ocrx_word' id='word_1_573' title='bbox 2705 4469 2877 4537; x_wconf 87' lang='lat' dir='ltr'><strong>major</strong></span> <span class='ocrx_word' id='word_1_574' title='bbox 2908 4463 3077 4536; x_wconf 87' lang='lat' dir='ltr'><strong>gloria</strong></span> <span class='ocrx_word' id='word_1_575' title='bbox 3112 4472 3261 4534; x_wconf 82' lang='lat' dir='ltr'><strong>parta</strong></span> <span class='ocrx_word' id='word_1_576' title='bbox 3295 4469 3386 4516; x_wconf 92' lang='lat' dir='ltr'><strong>tuo</strong></span> <span class='ocrx_word' id='word_1_577' title='bbox 3409 4469 3514 4516; x_wconf 89' lang='lat' dir='ltr'><strong>est.</strong></span> 
     </span>
    </p>
   </div>
   <div class='ocr_carea' id='block_1_88' title="bbox 597 4573 2182 4655">
    <p class='ocr_par' dir='ltr' id='par_1_88' title="bbox 597 4575 2178 4655">
     <span class='ocr_line' id='line_1_88' title="bbox 597 4575 2178 4655; baseline -0.011 -10"><span class='ocrx_word' id='word_1_578' title='bbox 597 4588 876 4645; x_wconf 77' lang='lat' dir='ltr'><strong>Excidium</strong></span> <span class='ocrx_word' id='word_1_579' title='bbox 907 4584 1076 4655; x_wconf 74' lang='lat' dir='ltr'><strong>Regni</strong></span> <span class='ocrx_word' id='word_1_580' title='bbox 1102 4581 1528 4654; x_wconf 81' lang='lat' dir='ltr'><strong>Thuringorum,</strong></span> <span class='ocrx_word' id='word_1_581' title='bbox 1557 4581 1592 4633; x_wconf 92' lang='lat' dir='ltr'><strong>l.</strong></span> <span class='ocrx_word' id='word_1_582' title='bbox 1616 4594 1663 4634; x_wconf 91' lang='lat' dir='ltr'><strong>t:</strong></span> <span class='ocrx_word' id='word_1_583' title='bbox 1689 4578 1926 4633; x_wconf 82' lang='lat' dir='ltr'><strong>Conditio</strong></span> <span class='ocrx_word' id='word_1_584' title='bbox 1947 4575 2065 4630; x_wconf 81' lang='lat' dir='ltr'><strong>belli</strong></span> <span class='ocrx_word' id='word_1_585' title='bbox 2086 4575 2178 4630; x_wconf 86' lang='lat' dir='ltr'><strong>tri-</strong></span> 
     </span>
    </p>
   </div>
   <div class='ocr_carea' id='block_1_89' title="bbox 2279 4573 3875 4655">
    <p class='ocr_par' dir='ltr' id='par_1_89' title="bbox 2294 4573 3875 4655">
     <span class='ocr_line' id='line_1_89' title="bbox 2294 4573 3875 4655; baseline -0.008 -11"><span class='ocrx_word' id='word_1_586' title='bbox 2294 4585 2594 4652; x_wconf 81' lang='lat' dir='ltr'><strong>Orlendius,</strong></span> <span class='ocrx_word' id='word_1_587' title='bbox 2628 4581 2780 4637; x_wconf 83' lang='lat' dir='ltr'><strong>Orbis</strong></span> <span class='ocrx_word' id='word_1_588' title='bbox 2821 4579 2956 4636; x_wconf 85' lang='lat' dir='ltr'><strong>sacri</strong></span> <span class='ocrx_word' id='word_1_589' title='bbox 2996 4589 3045 4634; x_wconf 86' lang='lat' dir='ltr'><strong>ct</strong></span> <span class='ocrx_word' id='word_1_590' title='bbox 3085 4576 3294 4655; x_wconf 62' lang='lat' dir='ltr'><strong>profani</strong></span> <span class='ocrx_word' id='word_1_591' title='bbox 3336 4573 3588 4630; x_wconf 81' lang='lat' dir='ltr'><strong>illustrati</strong></span> <span class='ocrx_word' id='word_1_592' title='bbox 3631 4581 3769 4642; x_wconf 84' lang='lat' dir='ltr'><strong>part.</strong></span> <span class='ocrx_word' id='word_1_593' title='bbox 3817 4590 3875 4631; x_wconf 87' lang='lat' dir='ltr'><strong>tt.</strong></span> 
     </span>
    </p>
   </div>
   <div class='ocr_carea' id='block_1_90' title="bbox 588 4665 2182 4743">
    <p class='ocr_par' dir='ltr' id='par_1_90' title="bbox 588 4665 2182 4743">
     <span class='ocr_line' id='line_1_90' title="bbox 588 4665 2182 4743; baseline -0.011 -6"><span class='ocrx_word' id='word_1_594' title='bbox 588 4683 705 4737; x_wconf 84' lang='lat' dir='ltr'><strong>stis.</strong></span> <span class='ocrx_word' id='word_1_595' title='bbox 751 4678 832 4736; x_wconf 82' lang='lat' dir='ltr'><strong>Ad</strong></span> <span class='ocrx_word' id='word_1_596' title='bbox 877 4677 1128 4734; x_wconf 84' lang='lat' dir='ltr'><strong>Jovinunt</strong></span> <span class='ocrx_word' id='word_1_597' title='bbox 1157 4665 1225 4731; x_wconf 87' lang='lat' dir='ltr'><strong>de</strong></span> <span class='ocrx_word' id='word_1_598' title='bbox 1255 4672 1597 4743; x_wconf 73' lang='lat' dir='ltr'><strong>lladegunde.</strong></span> <span class='ocrx_word' id='word_1_599' title='bbox 1623 4673 1660 4726; x_wconf 92' lang='lat' dir='ltr'><strong>l.</strong></span> <span class='ocrx_word' id='word_1_600' title='bbox 1688 4685 1736 4724; x_wconf 93' lang='lat' dir='ltr'><strong>t:</strong></span> <span class='ocrx_word' id='word_1_601' title='bbox 1786 4669 1978 4723; x_wconf 86' lang='lat' dir='ltr'><strong>Aonias</strong></span> <span class='ocrx_word' id='word_1_602' title='bbox 2005 4669 2182 4732; x_wconf 78' lang='lat' dir='ltr'><strong>auido,</strong></span> 
     </span>
    </p>
   </div>
   <div class='ocr_carea' id='block_1_91' title="bbox 590 4758 2183 4844">
    <p class='ocr_par' dir='ltr' id='par_1_91' title="bbox 590 4758 2183 4844">
     <span class='ocr_line' id='line_1_91' title="bbox 590 4758 2183 4844; baseline -0.01 -17"><span class='ocrx_word' id='word_1_603' title='bbox 590 4775 678 4844; x_wconf 81' lang='lat' dir='ltr'><strong>qui</strong></span> <span class='ocrx_word' id='word_1_604' title='bbox 707 4771 866 4826; x_wconf 83' lang='lat' dir='ltr'><strong>lumb.</strong></span> <span class='ocrx_word' id='word_1_605' title='bbox 894 4770 972 4826; x_wconf 78' lang='lat' dir='ltr'><strong>Ad</strong></span> <span class='ocrx_word' id='word_1_606' title='bbox 1003 4767 1270 4824; x_wconf 75' lang='lat' dir='ltr'><strong>Justinum</strong></span> <span class='ocrx_word' id='word_1_607' title='bbox 1290 4764 1584 4837; x_wconf 67' lang='lat' dir='ltr'><strong>iuniorem,</strong></span> <span class='ocrx_word' id='word_1_608' title='bbox 1615 4762 1654 4818; x_wconf 89' lang='grc'><strong>1.</strong></span> <span class='ocrx_word' id='word_1_609' title='bbox 1687 4776 1739 4816; x_wconf 85' lang='lat' dir='ltr'><strong>t:</strong></span> <span class='ocrx_word' id='word_1_610' title='bbox 1772 4758 1956 4815; x_wconf 83' lang='lat' dir='ltr'><strong>Gloria</strong></span> <span class='ocrx_word' id='word_1_611' title='bbox 1981 4773 2183 4813; x_wconf 83' lang='lat' dir='ltr'><strong>summa</strong></span> 
     </span>
    </p>
   </div>
   <div class='ocr_carea' id='block_1_92' title="bbox 596 4850 2185 4934">
    <p class='ocr_par' dir='ltr' id='par_1_92' title="bbox 596 4850 2185 4934">
     <span class='ocr_line' id='line_1_92' title="bbox 596 4850 2185 4934; baseline -0.01 -14"><span class='ocrx_word' id='word_1_612' title='bbox 596 4867 794 4933; x_wconf 79' lang='lat' dir='ltr'><strong>Putris,</strong></span> <span class='ocrx_word' id='word_1_613' title='bbox 843 4861 1094 4934; x_wconf 83' lang='lat' dir='ltr'><strong>Natique.</strong></span> <span class='ocrx_word' id='word_1_614' title='bbox 1127 4859 1208 4914; x_wconf 74' lang='lat' dir='ltr'><strong>Ad</strong></span> <span class='ocrx_word' id='word_1_615' title='bbox 1234 4857 1488 4928; x_wconf 79' lang='lat' dir='ltr'><strong>Suphiam</strong></span> <span class='ocrx_word' id='word_1_616' title='bbox 1541 4859 1856 4925; x_wconf 81' lang='lat' dir='ltr'><strong>Augustam,</strong></span> <span class='ocrx_word' id='word_1_617' title='bbox 1887 4853 1980 4908; x_wconf 88' lang='lat' dir='ltr'><strong>lib.</strong></span> <span class='ocrx_word' id='word_1_618' title='bbox 2009 4867 2056 4907; x_wconf 74' lang='grc' dir='ltr'><strong>ιε</strong></span> <span class='ocrx_word' id='word_1_619' title='bbox 2088 4850 2185 4906; x_wconf 87' lang='lat' dir='ltr'><strong>Cui</strong></span> 
     </span>
    </p>
   </div>
   <div class='ocr_carea' id='block_1_93' title="bbox 594 4943 2188 5028">
    <p class='ocr_par' dir='ltr' id='par_1_93' title="bbox 594 4943 2188 5028">
     <span class='ocr_line' id='line_1_93' title="bbox 594 4943 2188 5028; baseline -0.01 -15"><span class='ocrx_word' id='word_1_620' title='bbox 594 4961 786 5015; x_wconf 72' lang='lat' dir='ltr'><strong>meritis</strong></span> <span class='ocrx_word' id='word_1_621' title='bbox 813 4972 1043 5028; x_wconf 82' lang='lat' dir='ltr'><strong>compar.</strong></span> <span class='ocrx_word' id='word_1_622' title='bbox 1101 4954 1162 5009; x_wconf 87' lang='lat' dir='ltr'><strong>lu</strong></span> <span class='ocrx_word' id='word_1_623' title='bbox 1203 4966 1430 5021; x_wconf 87' lang='lat' dir='ltr'><strong>persona</strong></span> <span class='ocrx_word' id='word_1_624' title='bbox 1480 4948 1848 5019; x_wconf 76' lang='lat' dir='ltr'><strong>Badegundis,</strong></span> <span class='ocrx_word' id='word_1_625' title='bbox 1882 4946 1918 5002; x_wconf 94' lang='lat' dir='ltr'><strong>l.</strong></span> <span class='ocrx_word' id='word_1_626' title='bbox 1952 4961 2006 5001; x_wconf 87' lang='lat' dir='ltr'><strong>t:</strong></span> <span class='ocrx_word' id='word_1_627' title='bbox 2059 4943 2188 4998; x_wconf 83' lang='lat' dir='ltr'><strong>Post</strong></span> 
     </span>
    </p>
   </div>
   <div class='ocr_carea' id='block_1_94' title="bbox 595 5041 2188 5124">
    <p class='ocr_par' dir='ltr' id='par_1_94' title="bbox 595 5041 2188 5124">
     <span class='ocr_line' id='line_1_94' title="bbox 595 5041 2188 5124; baseline -0.009 -13"><span class='ocrx_word' id='word_1_628' title='bbox 595 5057 778 5124; x_wconf 73' lang='grc' dir='ltr'><strong>ῃαινὶω</strong></span> <span class='ocrx_word' id='word_1_629' title='bbox 797 5055 1016 5110; x_wconf 84' lang='lat' dir='ltr'><strong>cineres.</strong></span> <span class='ocrx_word' id='word_1_630' title='bbox 1043 5051 1097 5106; x_wconf 88' lang='lat' dir='ltr'><strong>In</strong></span> <span class='ocrx_word' id='word_1_631' title='bbox 1122 5048 1337 5104; x_wconf 86' lang='lat' dir='ltr'><strong>laudem</strong></span> <span class='ocrx_word' id='word_1_632' title='bbox 1369 5045 1581 5103; x_wconf 78' lang='lat' dir='ltr'><strong>Martini</strong></span> <span class='ocrx_word' id='word_1_633' title='bbox 1637 5045 1898 5116; x_wconf 90' lang='lat' dir='ltr'><strong>episcopi,</strong></span> <span class='ocrx_word' id='word_1_634' title='bbox 1933 5044 1968 5098; x_wconf 93' lang='lat' dir='ltr'><strong>l.</strong></span> <span class='ocrx_word' id='word_1_635' title='bbox 2003 5059 2051 5098; x_wconf 89' lang='lat' dir='ltr'><strong>t:</strong></span> <span class='ocrx_word' id='word_1_636' title='bbox 2085 5041 2188 5097; x_wconf 85' lang='lat' dir='ltr'><strong>Lu-</strong></span> 
     </span>
    </p>
   </div>
   <div class='ocr_carea' id='block_1_95' title="bbox 596 5133 2185 5220">
    <p class='ocr_par' dir='ltr' id='par_1_95' title="bbox 596 5133 2185 5220">
     <span class='ocr_line' id='line_1_95' title="bbox 596 5133 2185 5220; baseline -0.011 -16"><span class='ocrx_word' id='word_1_637' title='bbox 596 5167 711 5206; x_wconf 82' lang='lat' dir='ltr'><strong>men</strong></span> <span class='ocrx_word' id='word_1_638' title='bbox 729 5147 1094 5220; x_wconf 83' lang='lat' dir='ltr'><strong>apostolicum.</strong></span> <span class='ocrx_word' id='word_1_639' title='bbox 1114 5141 1190 5198; x_wconf 89' lang='lat' dir='ltr'><strong>De</strong></span> <span class='ocrx_word' id='word_1_640' title='bbox 1209 5139 1435 5196; x_wconf 82' lang='lat' dir='ltr'><strong>Leontio</strong></span> <span class='ocrx_word' id='word_1_641' title='bbox 1454 5137 1747 5194; x_wconf 86' lang='lat' dir='ltr'><strong>venerabili</strong></span> <span class='ocrx_word' id='word_1_642' title='bbox 1769 5137 2048 5206; x_wconf 85' lang='lat' dir='ltr'><strong>episcopo,</strong></span> <span class='ocrx_word' id='word_1_643' title='bbox 2073 5133 2108 5187; x_wconf 95' lang='lat' dir='ltr'><strong>l.</strong></span> <span class='ocrx_word' id='word_1_644' title='bbox 2136 5147 2185 5188; x_wconf 85' lang='lat' dir='ltr'><strong>t:</strong></span> 
     </span>
    </p>
   </div>
   <div class='ocr_carea' id='block_1_96' title="bbox 601 5228 2188 5312">
    <p class='ocr_par' dir='ltr' id='par_1_96' title="bbox 601 5228 2188 5312">
     <span class='ocr_line' id='line_1_96' title="bbox 601 5228 2188 5312; baseline -0.012 -14"><span class='ocrx_word' id='word_1_645' title='bbox 601 5244 743 5299; x_wconf 83' lang='lat' dir='ltr'><strong>Inter</strong></span> <span class='ocrx_word' id='word_1_646' title='bbox 779 5258 907 5312; x_wconf 78' lang='lat' dir='ltr'><strong>quos</strong></span> <span class='ocrx_word' id='word_1_647' title='bbox 953 5237 1146 5310; x_wconf 80' lang='lat' dir='ltr'><strong>genuit.</strong></span> <span class='ocrx_word' id='word_1_648' title='bbox 1197 5234 1274 5290; x_wconf 81' lang='lat' dir='ltr'><strong>De</strong></span> <span class='ocrx_word' id='word_1_649' title='bbox 1300 5232 1489 5290; x_wconf 89' lang='lat' dir='ltr'><strong>eodem</strong></span> <span class='ocrx_word' id='word_1_650' title='bbox 1531 5230 1727 5298; x_wconf 89' lang='lat' dir='ltr'><strong>laudis,</strong></span> <span class='ocrx_word' id='word_1_651' title='bbox 1757 5229 1794 5284; x_wconf 88' lang='grc' dir='ltr'><strong>Ι.</strong></span> <span class='ocrx_word' id='word_1_652' title='bbox 1825 5244 1870 5283; x_wconf 85' lang='lat' dir='ltr'><strong>t:</strong></span> <span class='ocrx_word' id='word_1_653' title='bbox 1929 5228 2188 5299; x_wconf 77' lang='lat' dir='ltr'><strong>Agnoscat</strong></span> 
     </span>
    </p>
   </div>
   <div class='ocr_carea' id='block_1_97' title="bbox 601 5316 2186 5399">
    <p class='ocr_par' dir='ltr' id='par_1_97' title="bbox 601 5316 2186 5399">
     <span class='ocr_line' id='line_1_97' title="bbox 601 5316 2186 5399; baseline -0.013 -9"><span class='ocrx_word' id='word_1_654' title='bbox 601 5352 750 5390; x_wconf 86' lang='lat' dir='ltr'><strong>omne</strong></span> <span class='ocrx_word' id='word_1_655' title='bbox 772 5331 1038 5388; x_wconf 63' lang='lat' dir='ltr'><strong>suculam.</strong></span> <span class='ocrx_word' id='word_1_656' title='bbox 1074 5328 1406 5399; x_wconf 80' lang='lat' dir='ltr'><strong>Hymnorum</strong></span> <span class='ocrx_word' id='word_1_657' title='bbox 1439 5322 1780 5394; x_wconf 87' lang='lat' dir='ltr'><strong>septuaginta</strong></span> <span class='ocrx_word' id='word_1_658' title='bbox 1803 5326 2037 5390; x_wconf 84' lang='lat' dir='ltr'><strong>septem.</strong></span> <span class='ocrx_word' id='word_1_659' title='bbox 2062 5316 2103 5372; x_wconf 92' lang='lat' dir='ltr'><strong>l.</strong></span> <span class='ocrx_word' id='word_1_660' title='bbox 2137 5331 2186 5371; x_wconf 92' lang='lat' dir='ltr'><strong>t:</strong></span> 
     </span>
    </p>
   </div>
   <div class='ocr_carea' id='block_1_98' title="bbox 604 5410 2188 5502">
    <p class='ocr_par' dir='ltr' id='par_1_98' title="bbox 604 5410 2188 5502">
     <span class='ocr_line' id='line_1_98' title="bbox 604 5410 2188 5502; baseline -0.015 -16"><span class='ocrx_word' id='word_1_661' title='bbox 604 5435 861 5502; x_wconf 81' lang='lat' dir='ltr'><strong>Agnoscat</strong></span> <span class='ocrx_word' id='word_1_662' title='bbox 891 5440 1038 5481; x_wconf 77' lang='lat' dir='ltr'><strong>omne</strong></span> <span class='ocrx_word' id='word_1_663' title='bbox 1063 5420 1333 5480; x_wconf 65' lang='lat' dir='ltr'><strong>saxulum.</strong></span> <span class='ocrx_word' id='word_1_664' title='bbox 1364 5421 1438 5474; x_wconf 89' lang='lat' dir='ltr'><strong>De</strong></span> <span class='ocrx_word' id='word_1_665' title='bbox 1462 5415 1736 5472; x_wconf 86' lang='lat' dir='ltr'><strong>miraculis</strong></span> <span class='ocrx_word' id='word_1_666' title='bbox 1757 5413 1930 5470; x_wconf 87' lang='lat' dir='ltr'><strong>sancti</strong></span> <span class='ocrx_word' id='word_1_667' title='bbox 1953 5410 2188 5474; x_wconf 77' lang='lat' dir='ltr'><strong>Martini,</strong></span> 
     </span>
    </p>
   </div>
   <div class='ocr_carea' id='block_1_99' title="bbox 601 5504 2194 5579">
    <p class='ocr_par' dir='ltr' id='par_1_99' title="bbox 601 5504 2194 5579">
     <span class='ocr_line' id='line_1_99' title="bbox 601 5504 2194 5579; baseline -0.014 -1"><span class='ocrx_word' id='word_1_668' title='bbox 601 5526 637 5578; x_wconf 88' lang='lat' dir='ltr'><strong>l.</strong></span> <span class='ocrx_word' id='word_1_669' title='bbox 670 5538 744 5579; x_wconf 90' lang='lat' dir='ltr'><strong>tv.</strong></span> <span class='ocrx_word' id='word_1_670' title='bbox 777 5521 895 5574; x_wconf 80' lang='lat' dir='ltr'><strong>Vita</strong></span> <span class='ocrx_word' id='word_1_671' title='bbox 933 5516 1102 5572; x_wconf 87' lang='lat' dir='ltr'><strong>sancti</strong></span> <span class='ocrx_word' id='word_1_672' title='bbox 1135 5515 1321 5570; x_wconf 81' lang='lat' dir='ltr'><strong>Hilarii</strong></span> <span class='ocrx_word' id='word_1_673' title='bbox 1354 5508 1723 5571; x_wconf 85' lang='lat' dir='ltr'><strong>Pictaviensis.</strong></span> <span class='ocrx_word' id='word_1_674' title='bbox 1753 5507 1791 5562; x_wconf 92' lang='grc' dir='ltr'><strong>Ι.</strong></span> <span class='ocrx_word' id='word_1_675' title='bbox 1825 5523 1860 5562; x_wconf 86' lang='grc' dir='ltr'><strong>ι.</strong></span> <span class='ocrx_word' id='word_1_676' title='bbox 1907 5504 2194 5573; x_wconf 83' lang='lat' dir='ltr'><strong>Hodoepo-</strong></span> 
     </span>
    </p>
   </div>
   <div class='ocr_carea' id='block_1_100' title="bbox 608 5595 2192 5675">
    <p class='ocr_par' dir='ltr' id='par_1_100' title="bbox 608 5595 2192 5675">
     <span class='ocr_line' id='line_1_100' title="bbox 608 5595 2192 5675; baseline -0.012 -8"><span class='ocrx_word' id='word_1_677' title='bbox 608 5619 776 5671; x_wconf 79' lang='lat' dir='ltr'><strong>ticum</strong></span> <span class='ocrx_word' id='word_1_678' title='bbox 807 5615 906 5668; x_wconf 76' lang='lat' dir='ltr'><strong>via:</strong></span> <span class='ocrx_word' id='word_1_679' title='bbox 930 5625 1061 5675; x_wconf 72' lang='lat' dir='ltr'><strong>sum,</strong></span> <span class='ocrx_word' id='word_1_680' title='bbox 1089 5610 1124 5665; x_wconf 88' lang='grc' dir='ltr'>Ι.</span> <span class='ocrx_word' id='word_1_681' title='bbox 1154 5622 1192 5663; x_wconf 93' lang='lat' dir='ltr'><strong>t.</strong></span> <span class='ocrx_word' id='word_1_682' title='bbox 1217 5607 1333 5662; x_wconf 77' lang='lat' dir='ltr'><strong>Vita</strong></span> <span class='ocrx_word' id='word_1_683' title='bbox 1359 5604 1528 5662; x_wconf 82' lang='lat' dir='ltr'><strong>sancti</strong></span> <span class='ocrx_word' id='word_1_684' title='bbox 1551 5599 1778 5658; x_wconf 80' lang='lat' dir='ltr'><strong>Maurilii</strong></span> <span class='ocrx_word' id='word_1_685' title='bbox 1806 5597 2066 5669; x_wconf 83' lang='lat' dir='ltr'><strong>episcopi,</strong></span> <span class='ocrx_word' id='word_1_686' title='bbox 2092 5595 2127 5649; x_wconf 91' lang='lat' dir='ltr'><strong>l.</strong></span> <span class='ocrx_word' id='word_1_687' title='bbox 2154 5610 2192 5648; x_wconf 91' lang='lat' dir='ltr'><strong>t.</strong></span> 
     </span>
    </p>
   </div>
   <div class='ocr_carea' id='block_1_101' title="bbox 612 5687 2193 5778">
    <p class='ocr_par' dir='ltr' id='par_1_101' title="bbox 612 5687 2193 5778">
     <span class='ocr_line' id='line_1_101' title="bbox 612 5687 2193 5778; baseline -0.015 -13"><span class='ocrx_word' id='word_1_688' title='bbox 612 5709 782 5778; x_wconf 76' lang='lat' dir='ltr'><strong>Epist.</strong></span> <span class='ocrx_word' id='word_1_689' title='bbox 815 5705 881 5760; x_wconf 82' lang='lat' dir='ltr'><strong>ad</strong></span> <span class='ocrx_word' id='word_1_690' title='bbox 931 5701 1197 5772; x_wconf 63' lang='lat' dir='ltr'><strong>diversos,</strong></span> <span class='ocrx_word' id='word_1_691' title='bbox 1232 5700 1269 5754; x_wconf 91' lang='grc' dir='ltr'><strong>Ι.</strong></span> <span class='ocrx_word' id='word_1_692' title='bbox 1298 5715 1336 5755; x_wconf 95' lang='lat' dir='ltr'><strong>t.</strong></span> <span class='ocrx_word' id='word_1_693' title='bbox 1388 5695 1700 5752; x_wconf 82' lang='lat' dir='ltr'><strong>Canninum</strong></span> <span class='ocrx_word' id='word_1_694' title='bbox 1727 5693 1808 5775; x_wconf 37' lang='lat' dir='ltr'><strong>ad.</strong></span> <span class='ocrx_word' id='word_1_695' title='bbox 1844 5693 2048 5745; x_wconf 88' lang='lat' dir='ltr'><strong>amicos</strong></span> <span class='ocrx_word' id='word_1_696' title='bbox 2073 5687 2111 5741; x_wconf 93' lang='lat' dir='ltr'><strong>l.</strong></span> <span class='ocrx_word' id='word_1_697' title='bbox 2144 5703 2193 5742; x_wconf 87' lang='lat' dir='ltr'><strong>t:</strong></span> 
     </span>
    </p>
   </div>
   <div class='ocr_carea' id='block_1_102' title="bbox 609 5783 2190 5872">
    <p class='ocr_par' dir='ltr' id='par_1_102' title="bbox 609 5783 2190 5872">
     <span class='ocr_line' id='line_1_102' title="bbox 609 5783 2190 5872; baseline -0.016 -15"><span class='ocrx_word' id='word_1_698' title='bbox 609 5800 717 5857; x_wconf 73' lang='lat' dir='ltr'><strong>Res</strong></span> <span class='ocrx_word' id='word_1_699' title='bbox 766 5797 988 5872; x_wconf 65' lang='lat' dir='ltr'><strong>regionis</strong></span> <span class='ocrx_word' id='word_1_700' title='bbox 1043 5811 1204 5868; x_wconf 71' lang='lat' dir='ltr'><strong>apex,</strong></span> <span class='ocrx_word' id='word_1_701' title='bbox 1235 5801 1339 5847; x_wconf 80' lang='lat' dir='ltr'><strong>etc.</strong></span> <span class='ocrx_word' id='word_1_702' title='bbox 1362 5792 1481 5847; x_wconf 84' lang='lat' dir='ltr'><strong>Alia</strong></span> <span class='ocrx_word' id='word_1_703' title='bbox 1507 5801 1721 5860; x_wconf 80' lang='lat' dir='ltr'><strong>quoque</strong></span> <span class='ocrx_word' id='word_1_704' title='bbox 1751 5783 1914 5840; x_wconf 87' lang='lat' dir='ltr'><strong>multa</strong></span> <span class='ocrx_word' id='word_1_705' title='bbox 1971 5796 2190 5850; x_wconf 88' lang='lat' dir='ltr'><strong>compn-</strong></span> 
     </span>
    </p>
   </div>
   <div class='ocr_carea' id='block_1_103' title="bbox 609 5875 2197 5969">
    <p class='ocr_par' dir='ltr' id='par_1_103' title="bbox 609 5875 2197 5969">
     <span class='ocr_line' id='line_1_103' title="bbox 609 5875 2197 5969; baseline -0.018 -13"><span class='ocrx_word' id='word_1_706' title='bbox 609 5893 746 5958; x_wconf 60' lang='lat' dir='ltr'><strong>suit.</strong></span> <span class='ocrx_word' id='word_1_707' title='bbox 780 5907 896 5969; x_wconf 62' lang='lat' dir='ltr'><strong>qua:</strong></span> <span class='ocrx_word' id='word_1_708' title='bbox 939 5905 1059 5951; x_wconf 75' lang='lat' dir='ltr'><strong>eum</strong></span> <span class='ocrx_word' id='word_1_709' title='bbox 1109 5886 1287 5948; x_wconf 63' lang='lat' dir='ltr'><strong>brevia</strong></span> <span class='ocrx_word' id='word_1_710' title='bbox 1343 5885 1483 5950; x_wconf 75' lang='lat' dir='ltr'><strong>sint,</strong></span> <span class='ocrx_word' id='word_1_711' title='bbox 1531 5881 1632 5938; x_wconf 82' lang='lat' dir='ltr'><strong>sub</strong></span> <span class='ocrx_word' id='word_1_712' title='bbox 1679 5879 1933 5935; x_wconf 74' lang='lat' dir='ltr'><strong>librorum</strong></span> <span class='ocrx_word' id='word_1_713' title='bbox 1982 5875 2197 5930; x_wconf 85' lang='lat' dir='ltr'><strong>nomine</strong></span> 
     </span>
    </p>
   </div>
   <div class='ocr_carea' id='block_1_104' title="bbox 2971 4649 3164 4707">
    <p class='ocr_par' dir='ltr' id='par_1_104' title="bbox 2971 4649 3164 4707">
     <span class='ocr_line' id='line_1_104' title="bbox 2971 4649 3164 4707; baseline -0.021 0"><span class='ocrx_word' id='word_1_714' title='bbox 2971 4655 3075 4707; x_wconf 71' lang='lat' dir='ltr'><strong>uel.</strong></span> <span class='ocrx_word' id='word_1_715' title='bbox 3112 4649 3164 4703; x_wconf 86' lang='grc' dir='ltr'><strong>Ι.</strong></span> 
     </span>
    </p>
   </div>
   <div class='ocr_carea' id='block_1_105' title="bbox 2361 4735 3871 4819">
    <p class='ocr_par' dir='ltr' id='par_1_105' title="bbox 2361 4735 3871 4819">
     <span class='ocr_line' id='line_1_105' title="bbox 2361 4735 3871 4819; baseline -0.011 -12"><span class='ocrx_word' id='word_1_716' title='bbox 2361 4752 2518 4808; x_wconf 77' lang='lat' dir='ltr'><strong>Viros</strong></span> <span class='ocrx_word' id='word_1_717' title='bbox 2573 4746 3048 4819; x_wconf 72' lang='lat' dir='ltr'><strong>praestantissimos</strong></span> <span class='ocrx_word' id='word_1_718' title='bbox 3098 4736 3417 4814; x_wconf 88' lang='lat' dir='ltr'><strong>(Tarvisius)</strong></span> <span class='ocrx_word' id='word_1_719' title='bbox 3469 4735 3673 4808; x_wconf 87' lang='lat' dir='ltr'><strong>genuit,</strong></span> <span class='ocrx_word' id='word_1_720' title='bbox 3706 4743 3871 4805; x_wconf 79' lang='lat' dir='ltr'><strong>atque</strong></span> 
     </span>
    </p>
   </div>
   <div class='ocr_carea' id='block_1_106' title="bbox 2287 4826 3868 4901">
    <p class='ocr_par' dir='ltr' id='par_1_106' title="bbox 2287 4826 3868 4901">
     <span class='ocr_line' id='line_1_106' title="bbox 2287 4826 3868 4901; baseline -0.015 0"><span class='ocrx_word' id='word_1_721' title='bbox 2287 4847 2341 4901; x_wconf 92' lang='lat' dir='ltr'><strong>in</strong></span> <span class='ocrx_word' id='word_1_722' title='bbox 2372 4846 2436 4900; x_wconf 88' lang='lat' dir='ltr'><strong>iis</strong></span> <span class='ocrx_word' id='word_1_723' title='bbox 2464 4842 2700 4898; x_wconf 78' lang='lat' dir='ltr'><strong>maxime</strong></span> <span class='ocrx_word' id='word_1_724' title='bbox 2727 4838 3190 4895; x_wconf 74' lang='lat' dir='ltr'><strong>excelluerunt....</strong></span> <span class='ocrx_word' id='word_1_725' title='bbox 3252 4831 3545 4886; x_wconf 85' lang='lat' dir='ltr'><strong>Venantius</strong></span> <span class='ocrx_word' id='word_1_726' title='bbox 3599 4826 3868 4882; x_wconf 78' lang='lat' dir='ltr'><strong>Furtum-</strong></span> 
     </span>
    </p>
   </div>
   <div class='ocr_carea' id='block_1_107' title="bbox 2288 4924 3876 5006">
    <p class='ocr_par' dir='ltr' id='par_1_107' title="bbox 2288 4924 3876 5006">
     <span class='ocr_line' id='line_1_107' title="bbox 2288 4924 3876 5006; baseline -0.012 -14"><span class='ocrx_word' id='word_1_727' title='bbox 2288 4948 2394 5002; x_wconf 89' lang='lat' dir='ltr'><strong>tus,</strong></span> <span class='ocrx_word' id='word_1_728' title='bbox 2423 4937 2711 5006; x_wconf 89' lang='lat' dir='ltr'><strong>episcopus</strong></span> <span class='ocrx_word' id='word_1_729' title='bbox 2751 4930 3125 4994; x_wconf 83' lang='lat' dir='ltr'><strong>Pictaviensis,</strong></span> <span class='ocrx_word' id='word_1_730' title='bbox 3166 4924 3485 4981; x_wconf 67' lang='lat' dir='ltr'><strong>Christiana:</strong></span> <span class='ocrx_word' id='word_1_731' title='bbox 3511 4935 3738 4990; x_wconf 83' lang='lat' dir='ltr'><strong>poeseos</strong></span> <span class='ocrx_word' id='word_1_732' title='bbox 3780 4936 3876 4974; x_wconf 81' lang='lat' dir='ltr'><strong>no-</strong></span> 
     </span>
    </p>
   </div>
   <div class='ocr_carea' id='block_1_108' title="bbox 2288 5008 3884 5094">
    <p class='ocr_par' dir='ltr' id='par_1_108' title="bbox 2288 5008 3884 5094">
     <span class='ocr_line' id='line_1_108' title="bbox 2288 5008 3884 5094; baseline -0.013 -10"><span class='ocrx_word' id='word_1_733' title='bbox 2288 5027 2396 5084; x_wconf 86' lang='lat' dir='ltr'><strong>bile</strong></span> <span class='ocrx_word' id='word_1_734' title='bbox 2425 5027 2612 5090; x_wconf 88' lang='lat' dir='ltr'><strong>decus,</strong></span> <span class='ocrx_word' id='word_1_735' title='bbox 2639 5022 2730 5094; x_wconf 86' lang='lat' dir='ltr'><strong>qui</strong></span> <span class='ocrx_word' id='word_1_736' title='bbox 2757 5035 2819 5076; x_wconf 89' lang='lat' dir='ltr'><strong>se</strong></span> <span class='ocrx_word' id='word_1_737' title='bbox 2847 5017 3096 5074; x_wconf 86' lang='lat' dir='ltr'><strong>&#39;l‘arvisio</strong></span> <span class='ocrx_word' id='word_1_738' title='bbox 3119 5013 3408 5071; x_wconf 89' lang='lat' dir='ltr'><strong>oriundum</strong></span> <span class='ocrx_word' id='word_1_739' title='bbox 3434 5010 3583 5065; x_wconf 87' lang='lat' dir='ltr'><strong>hisee</strong></span> <span class='ocrx_word' id='word_1_740' title='bbox 3609 5008 3884 5078; x_wconf 79' lang='lat' dir='ltr'><strong>carmini-</strong></span> 
     </span>
    </p>
   </div>
   <div class='ocr_carea' id='block_1_109' title="bbox 2290 5118 2665 5176">
    <p class='ocr_par' dir='ltr' id='par_1_109' title="bbox 2290 5118 2665 5176">
     <span class='ocr_line' id='line_1_109' title="bbox 2290 5118 2665 5176; baseline -0.019 0"><span class='ocrx_word' id='word_1_741' title='bbox 2290 5121 2393 5176; x_wconf 85' lang='lat' dir='ltr'><strong>bus</strong></span> <span class='ocrx_word' id='word_1_742' title='bbox 2422 5118 2624 5173; x_wconf 83' lang='lat' dir='ltr'><strong>indicat</strong></span> <span class='ocrx_word' id='word_1_743' title='bbox 2652 5132 2665 5169; x_wconf 89' lang='lat'><strong>:</strong></span> 
     </span>
    </p>
   </div>
   <div class='ocr_carea' id='block_1_110' title="bbox 2417 5197 3751 5271">
    <p class='ocr_par' dir='ltr' id='par_1_110' title="bbox 2417 5197 3751 5271">
     <span class='ocr_line' id='line_1_110' title="bbox 2417 5197 3751 5271; baseline -0.013 -10"><span class='ocrx_word' id='word_1_744' title='bbox 2417 5210 2522 5271; x_wconf 81' lang='lat' dir='ltr'><strong>Qua</strong></span> <span class='ocrx_word' id='word_1_745' title='bbox 2545 5221 2656 5259; x_wconf 80' lang='lat' dir='ltr'><strong>mea</strong></span> <span class='ocrx_word' id='word_1_746' title='bbox 2677 5206 2900 5259; x_wconf 88' lang='lat' dir='ltr'><strong>Zarvisus</strong></span> <span class='ocrx_word' id='word_1_747' title='bbox 2921 5203 3126 5263; x_wconf 81' lang='lat' dir='ltr'><strong>residet,</strong></span> <span class='ocrx_word' id='word_1_748' title='bbox 3149 5202 3190 5251; x_wconf 87' lang='lat' dir='ltr'><strong>si</strong></span> <span class='ocrx_word' id='word_1_749' title='bbox 3215 5197 3428 5250; x_wconf 89' lang='lat' dir='ltr'><strong>molliter</strong></span> <span class='ocrx_word' id='word_1_750' title='bbox 3453 5198 3631 5258; x_wconf 82' lang='lat' dir='ltr'><strong>intras,</strong></span> <span class='ocrx_word' id='word_1_751' title='bbox 3652 5201 3751 5244; x_wconf 87' lang='lat' dir='ltr'><strong>etc.</strong></span> 
     </span>
    </p>
   </div>
   <div class='ocr_carea' id='block_1_111' title="bbox 2290 5277 3881 5358">
    <p class='ocr_par' dir='ltr' id='par_1_111' title="bbox 2290 5277 3881 5358">
     <span class='ocr_line' id='line_1_111' title="bbox 2290 5277 3881 5358; baseline -0.015 -4"><span class='ocrx_word' id='word_1_752' title='bbox 2290 5299 2522 5358; x_wconf 72' lang='lat' dir='ltr'><strong>Joannes</strong></span> <span class='ocrx_word' id='word_1_753' title='bbox 2553 5294 2807 5348; x_wconf 77' lang='lat' dir='ltr'><strong>Antonius</strong></span> <span class='ocrx_word' id='word_1_754' title='bbox 2839 5288 3015 5353; x_wconf 76' lang='lat' dir='ltr'><strong>Oliva,</strong></span> <span class='ocrx_word' id='word_1_755' title='bbox 3061 5284 3364 5358; x_wconf 73' lang='lat' dir='ltr'><strong>Taruisitttts</strong></span> <span class='ocrx_word' id='word_1_756' title='bbox 3391 5279 3642 5358; x_wconf 67' lang='lat' dir='ltr'><strong>Bononia:</strong></span> <span class='ocrx_word' id='word_1_757' title='bbox 3667 5277 3881 5358; x_wconf 75' lang='lat' dir='ltr'><strong>artista—</strong></span> 
     </span>
    </p>
   </div>
   <div class='ocr_carea' id='block_1_112' title="bbox 2364 5349 3880 5422">
    <p class='ocr_par' dir='ltr' id='par_1_112' title="bbox 2364 5349 3880 5422">
     <span class='ocr_line' id='line_1_112' title="bbox 2364 5349 3880 5422; baseline -0.014 0"><span class='ocrx_word' id='word_1_758' title='bbox 2364 5349 2478 5422; x_wconf 70' lang='lat' dir='ltr'><strong>rum</strong></span> <span class='ocrx_word' id='word_1_759' title='bbox 2506 5374 2674 5421; x_wconf 55' lang='lat' dir='ltr'><strong>rector</strong></span> <span class='ocrx_word' id='word_1_760' title='bbox 2697 5405 2713 5420; x_wconf 87' lang='lat'><strong>.</strong></span> <span class='ocrx_word' id='word_1_761' title='bbox 2755 5366 2808 5415; x_wconf 73' lang='lat' dir='ltr'><strong>in</strong></span> <span class='ocrx_word' id='word_1_762' title='bbox 2843 5349 3076 5415; x_wconf 82' lang='lat' dir='ltr'><strong>oratione</strong></span> <span class='ocrx_word' id='word_1_763' title='bbox 3101 5358 3169 5410; x_wconf 83' lang='lat' dir='ltr'><strong>ds</strong></span> <span class='ocrx_word' id='word_1_764' title='bbox 3191 5355 3429 5411; x_wconf 74' lang='lat' dir='ltr'><strong>laudibus</strong></span> <span class='ocrx_word' id='word_1_765' title='bbox 3460 5352 3640 5420; x_wconf 78' lang='lat' dir='ltr'><strong>patria</strong></span> <span class='ocrx_word' id='word_1_766' title='bbox 3665 5349 3880 5422; x_wconf 67' lang='lat' dir='ltr'><strong>recitato</strong></span> 
     </span>
    </p>
   </div>
   <div class='ocr_carea' id='block_1_113' title="bbox 2365 5420 3888 5501">
    <p class='ocr_par' dir='ltr' id='par_1_113' title="bbox 2365 5420 3888 5501">
     <span class='ocr_line' id='line_1_113' title="bbox 2365 5420 3888 5501; baseline -0.015 -7"><span class='ocrx_word' id='word_1_767' title='bbox 2365 5420 2454 5494; x_wconf 78' lang='lat' dir='ltr'><strong>an.</strong></span> <span class='ocrx_word' id='word_1_768' title='bbox 2477 5437 2638 5500; x_wconf 72' lang='lat'><strong>1537,</strong></span> <span class='ocrx_word' id='word_1_769' title='bbox 2659 5451 2724 5489; x_wconf 73' lang='lat' dir='ltr'><strong>ea:</strong></span> <span class='ocrx_word' id='word_1_770' title='bbox 2755 5432 2860 5487; x_wconf 77' lang='lat' dir='ltr'><strong>Ms.</strong></span> <span class='ocrx_word' id='word_1_771' title='bbox 2878 5446 2979 5501; x_wconf 80' lang='lat' dir='ltr'><strong>quo</strong></span> <span class='ocrx_word' id='word_1_772' title='bbox 2991 5445 3110 5501; x_wconf 71' lang='lat' dir='ltr'><strong>usus</strong></span> <span class='ocrx_word' id='word_1_773' title='bbox 3138 5436 3213 5481; x_wconf 78' lang='lat' dir='ltr'><strong>est</strong></span> <span class='ocrx_word' id='word_1_774' title='bbox 3231 5424 3624 5501; x_wconf 60' lang='lat' dir='ltr'><strong>doctigimusct</strong></span> <span class='ocrx_word' id='word_1_775' title='bbox 3642 5420 3888 5501; x_wconf 50' lang='lat' dir='ltr'><strong>eruditis-</strong></span> 
     </span>
    </p>
   </div>
   <div class='ocr_carea' id='block_1_114' title="bbox 2367 5489 3886 5566">
    <p class='ocr_par' dir='ltr' id='par_1_114' title="bbox 2367 5489 3886 5566">
     <span class='ocr_line' id='line_1_114' title="bbox 2367 5489 3886 5566; baseline -0.014 -1"><span class='ocrx_word' id='word_1_776' title='bbox 2367 5489 2533 5566; x_wconf 59' lang='lat' dir='ltr'><strong>;iinui</strong></span> <span class='ocrx_word' id='word_1_777' title='bbox 2552 5489 2637 5562; x_wconf 62' lang='lat' dir='ltr'><strong>ur</strong></span> <span class='ocrx_word' id='word_1_778' title='bbox 2653 5489 2973 5559; x_wconf 73' lang='lat' dir='ltr'><strong>Rantbaldus</strong></span> <span class='ocrx_word' id='word_1_779' title='bbox 3000 5500 3064 5554; x_wconf 69' lang='lat' dir='ltr'><strong>de</strong></span> <span class='ocrx_word' id='word_1_780' title='bbox 3087 5497 3348 5562; x_wconf 74' lang='lat' dir='ltr'><strong>Assaniis,</strong></span> <span class='ocrx_word' id='word_1_781' title='bbox 3373 5493 3417 5549; x_wconf 87' lang='grc' dir='ltr'><em>Τ</em></span> <span class='ocrx_word' id='word_1_782' title='bbox 3420 5493 3660 5549; x_wconf 74' lang='lat' dir='ltr'><strong>arvisinor</strong></span> <span class='ocrx_word' id='word_1_783' title='bbox 3685 5489 3886 5566; x_wconf 70' lang='lat' dir='ltr'><strong>Eccle-</strong></span> 
     </span>
    </p>
   </div>
   <div class='ocr_carea' id='block_1_115' title="bbox 2365 5563 3834 5645">
    <p class='ocr_par' dir='ltr' id='par_1_115' title="bbox 2365 5563 3834 5645">
     <span class='ocr_line' id='line_1_115' title="bbox 2365 5563 3834 5645; baseline -0.013 -8"><span class='ocrx_word' id='word_1_784' title='bbox 2365 5563 2456 5637; x_wconf 73' lang='lat' dir='ltr'><strong>sia:</strong></span> <span class='ocrx_word' id='word_1_785' title='bbox 2482 5579 2782 5644; x_wconf 56' lang='lat' dir='ltr'><strong>canon‘icus,</strong></span> <span class='ocrx_word' id='word_1_786' title='bbox 2813 5593 2845 5630; x_wconf 91' lang='lat' dir='ltr'><strong>a</strong></span> <span class='ocrx_word' id='word_1_787' title='bbox 2872 5589 2971 5645; x_wconf 77' lang='lat' dir='ltr'><strong>quo</strong></span> <span class='ocrx_word' id='word_1_788' title='bbox 3000 5573 3098 5626; x_wconf 80' lang='lat' dir='ltr'><strong>hoc</strong></span> <span class='ocrx_word' id='word_1_789' title='bbox 3147 5566 3494 5624; x_wconf 68' lang='lat' dir='ltr'><strong>testimonium</strong></span> <span class='ocrx_word' id='word_1_790' title='bbox 3521 5563 3834 5633; x_wconf 77' lang='lat' dir='ltr'><strong>accepimus.</strong></span> 
     </span>
    </p>
   </div>
   <div class='ocr_carea' id='block_1_116' title="bbox 2372 5657 3884 5733">
    <p class='ocr_par' dir='ltr' id='par_1_116' title="bbox 2372 5657 3884 5733">
     <span class='ocr_line' id='line_1_116' title="bbox 2372 5657 3884 5733; baseline -0.015 0"><span class='ocrx_word' id='word_1_791' title='bbox 2372 5675 2525 5733; x_wconf 88' lang='lat' dir='ltr'><strong>llaud</strong></span> <span class='ocrx_word' id='word_1_792' title='bbox 2555 5682 2638 5731; x_wconf 86' lang='lat' dir='ltr'><strong>est</strong></span> <span class='ocrx_word' id='word_1_793' title='bbox 2663 5669 2883 5728; x_wconf 86' lang='lat' dir='ltr'><strong>silentio</strong></span> <span class='ocrx_word' id='word_1_794' title='bbox 2910 5664 3263 5722; x_wconf 83' lang='lat' dir='ltr'><strong>involvendus</strong></span> <span class='ocrx_word' id='word_1_795' title='bbox 3289 5661 3616 5717; x_wconf 86' lang='lat' dir='ltr'><strong>Fortunatus</strong></span> <span class='ocrx_word' id='word_1_796' title='bbox 3646 5657 3884 5712; x_wconf 80' lang='lat' dir='ltr'><strong>Tarvisi-</strong></span> 
     </span>
    </p>
   </div>
   <div class='ocr_carea' id='block_1_117' title="bbox 2301 5751 3890 5839">
    <p class='ocr_par' dir='ltr' id='par_1_117' title="bbox 2301 5751 3890 5839">
     <span class='ocr_line' id='line_1_117' title="bbox 2301 5751 3890 5839; baseline -0.016 -11"><span class='ocrx_word' id='word_1_797' title='bbox 2301 5787 2423 5839; x_wconf 84' lang='lat' dir='ltr'><strong>nus,</strong></span> <span class='ocrx_word' id='word_1_798' title='bbox 2458 5770 2623 5837; x_wconf 86' lang='lat' dir='ltr'><strong>ipsius</strong></span> <span class='ocrx_word' id='word_1_799' title='bbox 2653 5763 2846 5820; x_wconf 69' lang='lat' dir='ltr'><strong>Frilcls</strong></span> <span class='ocrx_word' id='word_1_800' title='bbox 2873 5761 3052 5816; x_wconf 88' lang='lat' dir='ltr'><strong>socius</strong></span> <span class='ocrx_word' id='word_1_801' title='bbox 3078 5799 3090 5823; x_wconf 84' lang='lat'><strong>,</strong></span> <span class='ocrx_word' id='word_1_802' title='bbox 3119 5771 3277 5828; x_wconf 84' lang='lat' dir='ltr'><strong>quem</strong></span> <span class='ocrx_word' id='word_1_803' title='bbox 3300 5753 3497 5810; x_wconf 86' lang='lat' dir='ltr'><strong>merito</strong></span> <span class='ocrx_word' id='word_1_804' title='bbox 3530 5751 3890 5807; x_wconf 78' lang='lat' dir='ltr'><strong>Fortunatam</strong></span> 
     </span>
    </p>
   </div>
   <div class='ocr_carea' id='block_1_118' title="bbox 2301 5842 3881 5931">
    <p class='ocr_par' dir='ltr' id='par_1_118' title="bbox 2301 5842 3881 5931">
     <span class='ocr_line' id='line_1_118' title="bbox 2301 5842 3881 5931; baseline -0.018 -6"><span class='ocrx_word' id='word_1_805' title='bbox 2301 5877 2605 5925; x_wconf 66' lang='lat' dir='ltr'><strong>armemus.</strong></span> <span class='ocrx_word' id='word_1_806' title='bbox 2635 5859 2958 5931; x_wconf 74' lang='lat' dir='ltr'><strong>Pythagoras</strong></span> <span class='ocrx_word' id='word_1_807' title='bbox 2981 5854 3150 5918; x_wconf 83' lang='lat' dir='ltr'><strong>cnim,</strong></span> <span class='ocrx_word' id='word_1_808' title='bbox 3184 5849 3274 5906; x_wconf 89' lang='lat' dir='ltr'><strong>ille</strong></span> <span class='ocrx_word' id='word_1_809' title='bbox 3307 5848 3508 5921; x_wconf 86' lang='lat' dir='ltr'><strong>primus</strong></span> <span class='ocrx_word' id='word_1_810' title='bbox 3531 5842 3881 5917; x_wconf 76' lang='lat' dir='ltr'><strong>philosoplth</strong></span> 
     </span>
    </p>
   </div>
  </div>
