  <div class='ocr_page' id='page_1' title='image "/cluster/home/n/w/nwhite01/storage/ocr_20150623/88/umn.31951p01109758w/036.png"; bbox 0 0 4124 6376; ppageno 0'>
   <div class='ocr_carea' id='block_1_1' title="bbox 357 400 3633 474">
    <p class='ocr_par' dir='ltr' id='par_1_1' title="bbox 357 400 3633 474">
     <span class='ocr_line' id='line_1_1' title="bbox 357 400 3633 474; baseline 0.002 -13"><span class='ocrx_word' id='word_1_1' title='bbox 357 402 422 461; x_wconf 81' lang='grc'><strong>57</strong></span> <span class='ocrx_word' id='word_1_2' title='bbox 1260 408 1668 465; x_wconf 71' lang='lat' dir='ltr'><strong>TESTIMONJA</strong></span> <span class='ocrx_word' id='word_1_3' title='bbox 1697 406 1784 461; x_wconf 82' lang='lat' dir='ltr'><strong>DE</strong></span> <span class='ocrx_word' id='word_1_4' title='bbox 1820 400 2169 462; x_wconf 78' lang='lat' dir='ltr'><strong>VENANTIO</strong></span> <span class='ocrx_word' id='word_1_5' title='bbox 2197 409 2635 474; x_wconf 75' lang='lat' dir='ltr'><strong>FORTUNATO.</strong></span> <span class='ocrx_word' id='word_1_6' title='bbox 3560 410 3633 467; x_wconf 78' lang='grc'><strong>58</strong></span> 
     </span>
    </p>
   </div>
   <div class='ocr_carea' id='block_1_2' title="bbox 356 518 3630 605">
    <p class='ocr_par' dir='ltr' id='par_1_2' title="bbox 356 518 3630 605">
     <span class='ocr_line' id='line_1_2' title="bbox 356 518 3630 605; baseline -0 -20"><span class='ocrx_word' id='word_1_7' title='bbox 356 527 709 588; x_wconf 65' lang='grc' dir='ltr'><strong>υυηευβαίοτ.</strong></span> <span class='ocrx_word' id='word_1_8' title='bbox 739 518 878 575; x_wconf 60' lang='lat' dir='ltr'><strong>inter</strong></span> <span class='ocrx_word' id='word_1_9' title='bbox 906 519 1131 587; x_wconf 70' lang='lat' dir='ltr'><strong>plurima</strong></span> <span class='ocrx_word' id='word_1_10' title='bbox 1164 538 1282 593; x_wconf 65' lang='lat' dir='ltr'><strong>qua?</strong></span> <span class='ocrx_word' id='word_1_11' title='bbox 1313 524 1546 578; x_wconf 83' lang='lat' dir='ltr'><strong>lmmnuo</strong></span> <span class='ocrx_word' id='word_1_12' title='bbox 1578 523 1762 594; x_wconf 84' lang='lat' dir='ltr'><strong>generi</strong></span> <span class='ocrx_word' id='word_1_13' title='bbox 1798 521 1944 578; x_wconf 81' lang='lat' dir='ltr'><strong>salu-</strong></span> <span class='ocrx_word' id='word_1_14' title='bbox 1970 519 2026 579; x_wconf 77' lang='grc' dir='ltr'><strong>Α</strong></span> <span class='ocrx_word' id='word_1_15' title='bbox 2049 527 2170 583; x_wconf 86' lang='lat' dir='ltr'><strong>dam</strong></span> <span class='ocrx_word' id='word_1_16' title='bbox 2200 530 2509 601; x_wconf 87' lang='lat' dir='ltr'><strong>magistrum</strong></span> <span class='ocrx_word' id='word_1_17' title='bbox 2544 575 2560 597; x_wconf 92' lang='lat'><strong>,</strong></span> <span class='ocrx_word' id='word_1_18' title='bbox 2591 543 2645 588; x_wconf 89' lang='lat' dir='ltr'><strong>et</strong></span> <span class='ocrx_word' id='word_1_19' title='bbox 2673 534 3013 605; x_wconf 70' lang='lat' dir='ltr'><strong>coryphreum</strong></span> <span class='ocrx_word' id='word_1_20' title='bbox 3040 533 3363 589; x_wconf 77' lang='lat' dir='ltr'><strong>musicorum</strong></span> <span class='ocrx_word' id='word_1_21' title='bbox 3389 532 3630 587; x_wconf 77' lang='lat' dir='ltr'><strong>modota-</strong></span> 
     </span>
    </p>
   </div>
   <div class='ocr_carea' id='block_1_3' title="bbox 358 612 1934 684">
    <p class='ocr_par' dir='ltr' id='par_1_3' title="bbox 358 612 1934 684">
     <span class='ocr_line' id='line_1_3' title="bbox 358 612 1934 684; baseline 0.002 -19"><span class='ocrx_word' id='word_1_22' title='bbox 358 613 586 665; x_wconf 86' lang='lat' dir='ltr'><strong>bcrrima</strong></span> <span class='ocrx_word' id='word_1_23' title='bbox 644 612 965 666; x_wconf 70' lang='lat' dir='ltr'><strong>documenta</strong></span> <span class='ocrx_word' id='word_1_24' title='bbox 1018 615 1294 683; x_wconf 71' lang='lat' dir='ltr'><strong>prmcepit,</strong></span> <span class='ocrx_word' id='word_1_25' title='bbox 1370 615 1667 684; x_wconf 68' lang='lat' dir='ltr'><strong>praisertim</strong></span> <span class='ocrx_word' id='word_1_26' title='bbox 1729 622 1934 681; x_wconf 89' lang='lat' dir='ltr'><strong>monet,</strong></span> 
     </span>
    </p>
   </div>
   <div class='ocr_carea' id='block_1_4' title="bbox 359 701 1941 775">
    <p class='ocr_par' dir='ltr' id='par_1_4' title="bbox 359 701 1941 775">
     <span class='ocr_line' id='line_1_4' title="bbox 359 701 1941 775; baseline 0.003 -19"><span class='ocrx_word' id='word_1_27' title='bbox 359 704 523 756; x_wconf 85' lang='lat' dir='ltr'><strong>Deum</strong></span> <span class='ocrx_word' id='word_1_28' title='bbox 554 701 817 772; x_wconf 87' lang='lat' dir='ltr'><strong>religione</strong></span> <span class='ocrx_word' id='word_1_29' title='bbox 866 702 1150 758; x_wconf 87' lang='lat' dir='ltr'><strong>colendum</strong></span> <span class='ocrx_word' id='word_1_30' title='bbox 1182 719 1326 771; x_wconf 87' lang='lat' dir='ltr'><strong>esse,</strong></span> <span class='ocrx_word' id='word_1_31' title='bbox 1373 708 1611 760; x_wconf 90' lang='lat' dir='ltr'><strong>animum</strong></span> <span class='ocrx_word' id='word_1_32' title='bbox 1642 705 1941 775; x_wconf 80' lang='lat' dir='ltr'><strong>disciplinis</strong></span> 
     </span>
    </p>
   </div>
   <div class='ocr_carea' id='block_1_5' title="bbox 354 796 1941 869">
    <p class='ocr_par' dir='ltr' id='par_1_5' title="bbox 354 796 1941 869">
     <span class='ocr_line' id='line_1_5' title="bbox 354 796 1941 869; baseline 0.001 -18"><span class='ocrx_word' id='word_1_33' title='bbox 354 796 703 851; x_wconf 85' lang='lat' dir='ltr'><strong>excolendum</strong></span> <span class='ocrx_word' id='word_1_34' title='bbox 725 835 742 860; x_wconf 91' lang='lat'><strong>,</strong></span> <span class='ocrx_word' id='word_1_35' title='bbox 770 811 890 865; x_wconf 65' lang='lat' dir='ltr'><strong>qua:</strong></span> <span class='ocrx_word' id='word_1_36' title='bbox 909 796 1024 851; x_wconf 88' lang='lat' dir='ltr'><strong>duo</strong></span> <span class='ocrx_word' id='word_1_37' title='bbox 1055 798 1239 851; x_wconf 82' lang='lat' dir='ltr'><strong>sociali</strong></span> <span class='ocrx_word' id='word_1_38' title='bbox 1267 798 1406 852; x_wconf 90' lang='lat' dir='ltr'><strong>nodo</strong></span> <span class='ocrx_word' id='word_1_39' title='bbox 1436 814 1717 865; x_wconf 74' lang='lat' dir='ltr'><strong>connexm,</strong></span> <span class='ocrx_word' id='word_1_40' title='bbox 1752 798 1941 869; x_wconf 89' lang='lat' dir='ltr'><strong>procul</strong></span> 
     </span>
    </p>
   </div>
   <div class='ocr_carea' id='block_1_6' title="bbox 353 886 1937 960">
    <p class='ocr_par' dir='ltr' id='par_1_6' title="bbox 353 886 1937 960">
     <span class='ocr_line' id='line_1_6' title="bbox 353 886 1937 960; baseline 0.003 -19"><span class='ocrx_word' id='word_1_41' title='bbox 353 886 516 943; x_wconf 90' lang='lat' dir='ltr'><strong>dubio</strong></span> <span class='ocrx_word' id='word_1_42' title='bbox 547 890 677 942; x_wconf 88' lang='lat' dir='ltr'><strong>fient</strong></span> <span class='ocrx_word' id='word_1_43' title='bbox 706 886 1057 944; x_wconf 70' lang='lat' dir='ltr'><strong>beatitudinis</strong></span> <span class='ocrx_word' id='word_1_44' title='bbox 1085 888 1384 945; x_wconf 72' lang='lat' dir='ltr'><strong>effectrices</strong></span> <span class='ocrx_word' id='word_1_45' title='bbox 1410 933 1427 956; x_wconf 91' lang='lat'><strong>,</strong></span> <span class='ocrx_word' id='word_1_46' title='bbox 1475 891 1675 960; x_wconf 90' lang='lat' dir='ltr'><strong>quippe</strong></span> <span class='ocrx_word' id='word_1_47' title='bbox 1727 890 1937 959; x_wconf 76' lang='lat' dir='ltr'><strong>religio,</strong></span> 
     </span>
    </p>
   </div>
   <div class='ocr_carea' id='block_1_7' title="bbox 354 982 1944 1053">
    <p class='ocr_par' dir='ltr' id='par_1_7' title="bbox 354 982 1944 1053">
     <span class='ocr_line' id='line_1_7' title="bbox 354 982 1944 1053; baseline 0.001 -16"><span class='ocrx_word' id='word_1_48' title='bbox 354 984 603 1038; x_wconf 81' lang='lat' dir='ltr'><strong>vitiorum</strong></span> <span class='ocrx_word' id='word_1_49' title='bbox 621 983 914 1053; x_wconf 84' lang='lat' dir='ltr'><strong>expultrix,</strong></span> <span class='ocrx_word' id='word_1_50' title='bbox 937 982 1049 1038; x_wconf 88' lang='lat' dir='ltr'><strong>Deo</strong></span> <span class='ocrx_word' id='word_1_51' title='bbox 1072 998 1169 1037; x_wconf 91' lang='lat' dir='ltr'><strong>nos</strong></span> <span class='ocrx_word' id='word_1_52' title='bbox 1192 983 1471 1051; x_wconf 89' lang='lat' dir='ltr'><strong>conciliat,</strong></span> <span class='ocrx_word' id='word_1_53' title='bbox 1496 993 1551 1039; x_wconf 90' lang='lat' dir='ltr'><strong>et</strong></span> <span class='ocrx_word' id='word_1_54' title='bbox 1579 982 1791 1040; x_wconf 83' lang='lat' dir='ltr'><strong>vinculo</strong></span> <span class='ocrx_word' id='word_1_55' title='bbox 1819 984 1944 1053; x_wconf 87' lang='lat' dir='ltr'><strong>pul-</strong></span> 
     </span>
    </p>
   </div>
   <div class='ocr_carea' id='block_1_8' title="bbox 355 1074 1939 1149">
    <p class='ocr_par' dir='ltr' id='par_1_8' title="bbox 355 1074 1939 1149">
     <span class='ocr_line' id='line_1_8' title="bbox 355 1074 1939 1149; baseline 0 -19"><span class='ocrx_word' id='word_1_56' title='bbox 355 1076 624 1131; x_wconf 90' lang='lat' dir='ltr'><strong>cherrimo</strong></span> <span class='ocrx_word' id='word_1_57' title='bbox 648 1077 940 1131; x_wconf 89' lang='lat' dir='ltr'><strong>connectit.</strong></span> <span class='ocrx_word' id='word_1_58' title='bbox 965 1074 1214 1129; x_wconf 81' lang='lat' dir='ltr'><strong>Doctrina</strong></span> <span class='ocrx_word' id='word_1_59' title='bbox 1230 1091 1379 1146; x_wconf 81' lang='lat' dir='ltr'><strong>vero,</strong></span> <span class='ocrx_word' id='word_1_60' title='bbox 1395 1076 1939 1149; x_wconf 84' lang='lat' dir='ltr'><strong>virtutisindagatrix,</strong></span> 
     </span>
    </p>
   </div>
   <div class='ocr_carea' id='block_1_9' title="bbox 355 1169 1942 1242">
    <p class='ocr_par' dir='ltr' id='par_1_9' title="bbox 355 1169 1942 1242">
     <span class='ocr_line' id='line_1_9' title="bbox 355 1169 1942 1242; baseline 0.006 -19"><span class='ocrx_word' id='word_1_61' title='bbox 355 1170 463 1225; x_wconf 91' lang='lat' dir='ltr'><strong>imo</strong></span> <span class='ocrx_word' id='word_1_62' title='bbox 516 1169 631 1238; x_wconf 89' lang='lat' dir='ltr'><strong>ipsa</strong></span> <span class='ocrx_word' id='word_1_63' title='bbox 682 1174 852 1227; x_wconf 83' lang='lat' dir='ltr'><strong>virtus</strong></span> <span class='ocrx_word' id='word_1_64' title='bbox 904 1177 1113 1232; x_wconf 87' lang='lat' dir='ltr'><strong>animos</strong></span> <span class='ocrx_word' id='word_1_65' title='bbox 1168 1186 1381 1233; x_wconf 88' lang='lat' dir='ltr'><strong>nostros</strong></span> <span class='ocrx_word' id='word_1_66' title='bbox 1438 1187 1683 1242; x_wconf 80' lang='lat' dir='ltr'><strong>exornat,</strong></span> <span class='ocrx_word' id='word_1_67' title='bbox 1718 1189 1773 1232; x_wconf 91' lang='lat' dir='ltr'><strong>et</strong></span> <span class='ocrx_word' id='word_1_68' title='bbox 1823 1177 1942 1241; x_wconf 83' lang='lat' dir='ltr'><strong>alit,</strong></span> 
     </span>
    </p>
   </div>
   <div class='ocr_carea' id='block_1_10' title="bbox 358 1262 1939 1339">
    <p class='ocr_par' dir='ltr' id='par_1_10' title="bbox 358 1262 1939 1339">
     <span class='ocr_line' id='line_1_10' title="bbox 358 1262 1939 1339; baseline 0.006 -26"><span class='ocrx_word' id='word_1_69' title='bbox 358 1270 624 1328; x_wconf 78' lang='lat' dir='ltr'><strong>venustat,</strong></span> <span class='ocrx_word' id='word_1_70' title='bbox 660 1262 828 1330; x_wconf 83' lang='lat' dir='ltr'><strong>fovet,</strong></span> <span class='ocrx_word' id='word_1_71' title='bbox 863 1279 927 1321; x_wconf 93' lang='lat' dir='ltr'><strong>ac</strong></span> <span class='ocrx_word' id='word_1_72' title='bbox 956 1268 1290 1323; x_wconf 88' lang='lat' dir='ltr'><strong>moderatur.</strong></span> <span class='ocrx_word' id='word_1_73' title='bbox 1328 1268 1423 1323; x_wconf 81' lang='lat' dir='ltr'><strong>ilic</strong></span> <span class='ocrx_word' id='word_1_74' title='bbox 1444 1269 1718 1339; x_wconf 87' lang='lat' dir='ltr'><strong>utriusque</strong></span> <span class='ocrx_word' id='word_1_75' title='bbox 1758 1267 1939 1323; x_wconf 80' lang='lat' dir='ltr'><strong>admi-</strong></span> 
     </span>
    </p>
   </div>
   <div class='ocr_carea' id='block_1_11' title="bbox 356 1352 1939 1429">
    <p class='ocr_par' dir='ltr' id='par_1_11' title="bbox 356 1352 1939 1429">
     <span class='ocr_line' id='line_1_11' title="bbox 356 1352 1939 1429; baseline 0.004 -21"><span class='ocrx_word' id='word_1_76' title='bbox 356 1352 541 1409; x_wconf 78' lang='lat' dir='ltr'><strong>rabilis</strong></span> <span class='ocrx_word' id='word_1_77' title='bbox 570 1355 745 1411; x_wconf 83' lang='lat' dir='ltr'><strong>cultor</strong></span> <span class='ocrx_word' id='word_1_78' title='bbox 782 1356 852 1411; x_wconf 86' lang='lat' dir='ltr'><strong>ita</strong></span> <span class='ocrx_word' id='word_1_79' title='bbox 883 1358 1128 1428; x_wconf 75' lang='lat' dir='ltr'><strong>religioni</strong></span> <span class='ocrx_word' id='word_1_80' title='bbox 1154 1358 1367 1415; x_wconf 89' lang='lat' dir='ltr'><strong>deditus</strong></span> <span class='ocrx_word' id='word_1_81' title='bbox 1407 1358 1525 1422; x_wconf 85' lang='lat' dir='ltr'><strong>fuit,</strong></span> <span class='ocrx_word' id='word_1_82' title='bbox 1559 1359 1704 1429; x_wconf 90' lang='lat' dir='ltr'><strong>quod</strong></span> <span class='ocrx_word' id='word_1_83' title='bbox 1738 1375 1803 1414; x_wconf 92' lang='lat' dir='ltr'><strong>eo</strong></span> <span class='ocrx_word' id='word_1_84' title='bbox 1828 1358 1939 1427; x_wconf 83' lang='lat' dir='ltr'><strong>epi-</strong></span> 
     </span>
    </p>
   </div>
   <div class='ocr_carea' id='block_1_12' title="bbox 356 1446 1943 1522">
    <p class='ocr_par' dir='ltr' id='par_1_12' title="bbox 356 1446 1943 1522">
     <span class='ocr_line' id='line_1_12' title="bbox 356 1446 1943 1522; baseline 0.002 -19"><span class='ocrx_word' id='word_1_85' title='bbox 356 1460 521 1516; x_wconf 84' lang='lat' dir='ltr'><strong>seopo</strong></span> <span class='ocrx_word' id='word_1_86' title='bbox 550 1446 888 1503; x_wconf 86' lang='lat' dir='ltr'><strong>Pictavorum</strong></span> <span class='ocrx_word' id='word_1_87' title='bbox 918 1464 1049 1521; x_wconf 88' lang='lat' dir='ltr'><strong>gens</strong></span> <span class='ocrx_word' id='word_1_88' title='bbox 1070 1449 1122 1505; x_wconf 91' lang='lat' dir='ltr'><strong>in</strong></span> <span class='ocrx_word' id='word_1_89' title='bbox 1146 1450 1334 1517; x_wconf 86' lang='lat' dir='ltr'><strong>Gallia,</strong></span> <span class='ocrx_word' id='word_1_90' title='bbox 1349 1453 1470 1521; x_wconf 86' lang='lat' dir='ltr'><strong>jure</strong></span> <span class='ocrx_word' id='word_1_91' title='bbox 1496 1452 1722 1521; x_wconf 90' lang='lat' dir='ltr'><strong>optimo,</strong></span> <span class='ocrx_word' id='word_1_92' title='bbox 1746 1451 1943 1522; x_wconf 88' lang='lat' dir='ltr'><strong>gloria-</strong></span> 
     </span>
    </p>
   </div>
   <div class='ocr_carea' id='block_1_13' title="bbox 355 1538 1937 1612">
    <p class='ocr_par' dir='ltr' id='par_1_13' title="bbox 355 1538 1937 1612">
     <span class='ocr_line' id='line_1_13' title="bbox 355 1538 1937 1612; baseline 0.003 -19"><span class='ocrx_word' id='word_1_93' title='bbox 355 1543 444 1593; x_wconf 76' lang='lat' dir='ltr'><strong>tur</strong></span> <span class='ocrx_word' id='word_1_94' title='bbox 468 1554 483 1604; x_wconf 87' lang='lat'><strong>;</strong></span> <span class='ocrx_word' id='word_1_95' title='bbox 512 1538 585 1593; x_wconf 90' lang='lat' dir='ltr'><strong>ita</strong></span> <span class='ocrx_word' id='word_1_96' title='bbox 611 1540 774 1595; x_wconf 89' lang='lat' dir='ltr'><strong>etiam</strong></span> <span class='ocrx_word' id='word_1_97' title='bbox 803 1540 1042 1597; x_wconf 87' lang='lat' dir='ltr'><strong>doctrina</strong></span> <span class='ocrx_word' id='word_1_98' title='bbox 1088 1541 1375 1599; x_wconf 86' lang='lat' dir='ltr'><strong>decoratur</strong></span> <span class='ocrx_word' id='word_1_99' title='bbox 1399 1584 1417 1612; x_wconf 90' lang='lat'><strong>,</strong></span> <span class='ocrx_word' id='word_1_100' title='bbox 1447 1542 1590 1612; x_wconf 90' lang='lat' dir='ltr'><strong>quod</strong></span> <span class='ocrx_word' id='word_1_101' title='bbox 1624 1544 1765 1599; x_wconf 86' lang='lat' dir='ltr'><strong>inter</strong></span> <span class='ocrx_word' id='word_1_102' title='bbox 1822 1543 1937 1598; x_wconf 81' lang='lat' dir='ltr'><strong>elo—</strong></span> 
     </span>
    </p>
   </div>
   <div class='ocr_carea' id='block_1_14' title="bbox 355 1633 1944 1707">
    <p class='ocr_par' dir='ltr' id='par_1_14' title="bbox 355 1633 1944 1707">
     <span class='ocr_line' id='line_1_14' title="bbox 355 1633 1944 1707; baseline 0.004 -23"><span class='ocrx_word' id='word_1_103' title='bbox 355 1633 739 1701; x_wconf 83' lang='lat' dir='ltr'><strong>quentissiuios</strong></span> <span class='ocrx_word' id='word_1_104' title='bbox 762 1642 1005 1691; x_wconf 85' lang='lat' dir='ltr'><strong>oratores</strong></span> <span class='ocrx_word' id='word_1_105' title='bbox 1032 1635 1494 1707; x_wconf 85' lang='lat' dir='ltr'><strong>suavissimosque</strong></span> <span class='ocrx_word' id='word_1_106' title='bbox 1514 1644 1699 1707; x_wconf 90' lang='lat' dir='ltr'><strong>poetas</strong></span> <span class='ocrx_word' id='word_1_107' title='bbox 1722 1650 1827 1691; x_wconf 92' lang='lat' dir='ltr'><strong>non</strong></span> <span class='ocrx_word' id='word_1_108' title='bbox 1849 1649 1944 1705; x_wconf 91' lang='lat' dir='ltr'><strong>po-</strong></span> 
     </span>
    </p>
   </div>
   <div class='ocr_carea' id='block_1_15' title="bbox 358 1726 905 1785">
    <p class='ocr_par' dir='ltr' id='par_1_15' title="bbox 358 1726 905 1785">
     <span class='ocr_line' id='line_1_15' title="bbox 358 1726 905 1785; baseline 0.005 -5"><span class='ocrx_word' id='word_1_109' title='bbox 358 1732 593 1785; x_wconf 87' lang='lat' dir='ltr'><strong>stremus</strong></span> <span class='ocrx_word' id='word_1_110' title='bbox 622 1726 905 1783; x_wconf 85' lang='lat' dir='ltr'><strong>habeatur.</strong></span> 
     </span>
    </p>
   </div>
   <div class='ocr_carea' id='block_1_16' title="bbox 727 1840 1553 1913">
    <p class='ocr_par' dir='ltr' id='par_1_16' title="bbox 727 1840 1553 1913">
     <span class='ocr_line' id='line_1_16' title="bbox 727 1840 1553 1913; baseline 0.002 -16"><span class='ocrx_word' id='word_1_111' title='bbox 727 1842 886 1899; x_wconf 72' lang='lat' dir='ltr'><strong>(Iord.</strong></span> <span class='ocrx_word' id='word_1_112' title='bbox 916 1840 1197 1913; x_wconf 77' lang='lat' dir='ltr'><strong>Barom‘us,</strong></span> <span class='ocrx_word' id='word_1_113' title='bbox 1221 1842 1292 1897; x_wconf 82' lang='lat' dir='ltr'><strong>ad</strong></span> <span class='ocrx_word' id='word_1_114' title='bbox 1310 1861 1399 1899; x_wconf 82' lang='lat' dir='ltr'><strong>an.</strong></span> <span class='ocrx_word' id='word_1_115' title='bbox 1424 1842 1553 1899; x_wconf 70' lang='lat'><strong>825.</strong></span> 
     </span>
    </p>
   </div>
   <div class='ocr_carea' id='block_1_17' title="bbox 425 1932 1944 2008">
    <p class='ocr_par' dir='ltr' id='par_1_17' title="bbox 425 1932 1944 2008">
     <span class='ocr_line' id='line_1_17' title="bbox 425 1932 1944 2008; baseline 0.002 -17"><span class='ocrx_word' id='word_1_116' title='bbox 425 1932 533 1991; x_wconf 87' lang='lat' dir='ltr'><strong>Sed</strong></span> <span class='ocrx_word' id='word_1_117' title='bbox 574 1950 734 2007; x_wconf 90' lang='lat' dir='ltr'><strong>quam</strong></span> <span class='ocrx_word' id='word_1_118' title='bbox 767 1936 907 1991; x_wconf 89' lang='lat' dir='ltr'><strong>male</strong></span> <span class='ocrx_word' id='word_1_119' title='bbox 929 1936 1231 2007; x_wconf 88' lang='lat' dir='ltr'><strong>gloriantur</strong></span> <span class='ocrx_word' id='word_1_120' title='bbox 1254 1937 1325 1993; x_wconf 89' lang='lat' dir='ltr'><strong>de</strong></span> <span class='ocrx_word' id='word_1_121' title='bbox 1353 1938 1614 2008; x_wconf 85' lang='lat' dir='ltr'><strong>majorum</strong></span> <span class='ocrx_word' id='word_1_122' title='bbox 1646 1949 1944 1995; x_wconf 87' lang='lat' dir='ltr'><strong>consuetu-</strong></span> 
     </span>
    </p>
   </div>
   <div class='ocr_carea' id='block_1_18' title="bbox 354 2022 1946 2101">
    <p class='ocr_par' dir='ltr' id='par_1_18' title="bbox 354 2022 1946 2101">
     <span class='ocr_line' id='line_1_18' title="bbox 354 2022 1946 2101; baseline 0.005 -23"><span class='ocrx_word' id='word_1_123' title='bbox 354 2022 479 2079; x_wconf 89' lang='lat' dir='ltr'><strong>dine</strong></span> <span class='ocrx_word' id='word_1_124' title='bbox 507 2022 621 2097; x_wconf 90' lang='lat' dir='ltr'><strong>(qui</strong></span> <span class='ocrx_word' id='word_1_125' title='bbox 648 2027 819 2081; x_wconf 81' lang='lat' dir='ltr'><strong>sacris</strong></span> <span class='ocrx_word' id='word_1_126' title='bbox 866 2026 1189 2101; x_wconf 74' lang='lat' dir='ltr'><strong>imaginibus</strong></span> <span class='ocrx_word' id='word_1_127' title='bbox 1218 2027 1618 2100; x_wconf 75' lang='lat' dir='ltr'><strong>adversantur),</strong></span> <span class='ocrx_word' id='word_1_128' title='bbox 1655 2041 1738 2084; x_wconf 89' lang='lat' dir='ltr'><strong>sat</strong></span> <span class='ocrx_word' id='word_1_129' title='bbox 1768 2031 1870 2085; x_wconf 90' lang='lat' dir='ltr'><strong>erit</strong></span> <span class='ocrx_word' id='word_1_130' title='bbox 1898 2032 1946 2086; x_wconf 95' lang='lat' dir='ltr'><strong>si</strong></span> 
     </span>
    </p>
   </div>
   <div class='ocr_carea' id='block_1_19' title="bbox 357 2115 1948 2183">
    <p class='ocr_par' dir='ltr' id='par_1_19' title="bbox 357 2115 1948 2183">
     <span class='ocr_line' id='line_1_19' title="bbox 357 2115 1948 2183; baseline 0.006 -15"><span class='ocrx_word' id='word_1_131' title='bbox 357 2115 728 2173; x_wconf 58' lang='lat' dir='ltr'><strong>testificatione</strong></span> <span class='ocrx_word' id='word_1_132' title='bbox 768 2117 1093 2173; x_wconf 77' lang='lat' dir='ltr'><strong>sanctissimi</strong></span> <span class='ocrx_word' id='word_1_133' title='bbox 1127 2120 1227 2175; x_wconf 87' lang='lat' dir='ltr'><strong>viri</strong></span> <span class='ocrx_word' id='word_1_134' title='bbox 1258 2119 1467 2176; x_wconf 76' lang='lat' dir='ltr'><strong>Martini</strong></span> <span class='ocrx_word' id='word_1_135' title='bbox 1496 2161 1511 2183; x_wconf 90' lang='lat'><strong>.</strong></span> <span class='ocrx_word' id='word_1_136' title='bbox 1543 2132 1601 2177; x_wconf 93' lang='lat' dir='ltr'><strong>et</strong></span> <span class='ocrx_word' id='word_1_137' title='bbox 1646 2123 1948 2177; x_wconf 86' lang='lat' dir='ltr'><strong>assertione</strong></span> 
     </span>
    </p>
   </div>
   <div class='ocr_carea' id='block_1_20' title="bbox 360 2206 1947 2283">
    <p class='ocr_par' dir='ltr' id='par_1_20' title="bbox 360 2206 1947 2283">
     <span class='ocr_line' id='line_1_20' title="bbox 360 2206 1947 2283; baseline 0.006 -22"><span class='ocrx_word' id='word_1_138' title='bbox 360 2206 603 2264; x_wconf 78' lang='lat' dir='ltr'><strong>Venantii</strong></span> <span class='ocrx_word' id='word_1_139' title='bbox 629 2207 928 2274; x_wconf 81' lang='lat' dir='ltr'><strong>Fortunati,</strong></span> <span class='ocrx_word' id='word_1_140' title='bbox 960 2210 1057 2267; x_wconf 91' lang='lat' dir='ltr'><strong>viri</strong></span> <span class='ocrx_word' id='word_1_141' title='bbox 1082 2212 1296 2283; x_wconf 85' lang='lat' dir='ltr'><strong>quidem</strong></span> <span class='ocrx_word' id='word_1_142' title='bbox 1330 2214 1522 2281; x_wconf 88' lang='lat' dir='ltr'><strong>sancti,</strong></span> <span class='ocrx_word' id='word_1_143' title='bbox 1550 2214 1801 2283; x_wconf 87' lang='lat' dir='ltr'><strong>doctique</strong></span> <span class='ocrx_word' id='word_1_144' title='bbox 1826 2216 1947 2272; x_wconf 78' lang='lat' dir='ltr'><strong>Pic—</strong></span> 
     </span>
    </p>
   </div>
   <div class='ocr_carea' id='block_1_21' title="bbox 357 2302 1945 2375">
    <p class='ocr_par' dir='ltr' id='par_1_21' title="bbox 357 2302 1945 2375">
     <span class='ocr_line' id='line_1_21' title="bbox 357 2302 1945 2375; baseline 0.004 -20"><span class='ocrx_word' id='word_1_145' title='bbox 357 2304 611 2359; x_wconf 82' lang='lat' dir='ltr'><strong>taviensis</strong></span> <span class='ocrx_word' id='word_1_146' title='bbox 630 2302 896 2375; x_wconf 85' lang='lat' dir='ltr'><strong>episcOpi,</strong></span> <span class='ocrx_word' id='word_1_147' title='bbox 928 2306 1017 2374; x_wconf 90' lang='lat' dir='ltr'><strong>qui</strong></span> <span class='ocrx_word' id='word_1_148' title='bbox 1048 2306 1209 2359; x_wconf 88' lang='lat' dir='ltr'><strong>ambo</strong></span> <span class='ocrx_word' id='word_1_149' title='bbox 1239 2304 1565 2361; x_wconf 84' lang='lat' dir='ltr'><strong>Gallicanam</strong></span> <span class='ocrx_word' id='word_1_150' title='bbox 1619 2305 1945 2371; x_wconf 82' lang='lat' dir='ltr'><strong>Ecclesiam,</strong></span> 
     </span>
    </p>
   </div>
   <div class='ocr_carea' id='block_1_22' title="bbox 356 2393 1949 2465">
    <p class='ocr_par' dir='ltr' id='par_1_22' title="bbox 356 2393 1949 2465">
     <span class='ocr_line' id='line_1_22' title="bbox 356 2393 1949 2465; baseline 0.003 -16"><span class='ocrx_word' id='word_1_151' title='bbox 356 2393 715 2463; x_wconf 80' lang='lat' dir='ltr'><strong>illustrarunt,</strong></span> <span class='ocrx_word' id='word_1_152' title='bbox 741 2396 1022 2464; x_wconf 89' lang='lat' dir='ltr'><strong>perspicue</strong></span> <span class='ocrx_word' id='word_1_153' title='bbox 1048 2396 1482 2452; x_wconf 88' lang='lat' dir='ltr'><strong>demonstremus</strong></span> <span class='ocrx_word' id='word_1_154' title='bbox 1510 2408 1782 2465; x_wconf 90' lang='lat' dir='ltr'><strong>receptum</strong></span> <span class='ocrx_word' id='word_1_155' title='bbox 1814 2400 1949 2455; x_wconf 84' lang='lat' dir='ltr'><strong>anti-</strong></span> 
     </span>
    </p>
   </div>
   <div class='ocr_carea' id='block_1_23' title="bbox 356 2483 1952 2562">
    <p class='ocr_par' dir='ltr' id='par_1_23' title="bbox 356 2483 1952 2562">
     <span class='ocr_line' id='line_1_23' title="bbox 356 2483 1952 2562; baseline 0.003 -23"><span class='ocrx_word' id='word_1_156' title='bbox 356 2484 539 2555; x_wconf 89' lang='lat' dir='ltr'><strong>quitus</strong></span> <span class='ocrx_word' id='word_1_157' title='bbox 568 2483 782 2559; x_wconf 84' lang='lat' dir='ltr'><strong>Deoque</strong></span> <span class='ocrx_word' id='word_1_158' title='bbox 809 2496 1019 2559; x_wconf 88' lang='lat' dir='ltr'><strong>gratum</strong></span> <span class='ocrx_word' id='word_1_159' title='bbox 1046 2502 1166 2544; x_wconf 91' lang='lat' dir='ltr'><strong>esse</strong></span> <span class='ocrx_word' id='word_1_160' title='bbox 1184 2490 1386 2544; x_wconf 85' lang='lat' dir='ltr'><strong>cultum</strong></span> <span class='ocrx_word' id='word_1_161' title='bbox 1420 2500 1727 2545; x_wconf 85' lang='lat' dir='ltr'><strong>sanctarum</strong></span> <span class='ocrx_word' id='word_1_162' title='bbox 1757 2491 1952 2562; x_wconf 64' lang='lat' dir='ltr'><strong>imagi.</strong></span> 
     </span>
    </p>
   </div>
   <div class='ocr_carea' id='block_1_24' title="bbox 359 2590 641 2646">
    <p class='ocr_par' dir='ltr' id='par_1_24' title="bbox 359 2590 641 2646">
     <span class='ocr_line' id='line_1_24' title="bbox 359 2590 641 2646; baseline 0 -11"><span class='ocrx_word' id='word_1_163' title='bbox 359 2596 508 2646; x_wconf 89' lang='lat' dir='ltr'><strong>num,</strong></span> <span class='ocrx_word' id='word_1_164' title='bbox 531 2590 641 2637; x_wconf 91' lang='lat' dir='ltr'><strong>etc.</strong></span> 
     </span>
    </p>
   </div>
   <div class='ocr_carea' id='block_1_25' title="bbox 360 2692 1946 2764">
    <p class='ocr_par' dir='ltr' id='par_1_25' title="bbox 360 2692 1946 2764">
     <span class='ocr_line' id='line_1_25' title="bbox 360 2692 1946 2764; baseline 0.001 -15"><span class='ocrx_word' id='word_1_165' title='bbox 360 2692 561 2764; x_wconf 74' lang='lat' dir='ltr'><strong>Gaspar</strong></span> <span class='ocrx_word' id='word_1_166' title='bbox 581 2692 849 2759; x_wconf 78' lang='lat' dir='ltr'><strong>Barthius,</strong></span> <span class='ocrx_word' id='word_1_167' title='bbox 876 2694 929 2748; x_wconf 84' lang='lat' dir='ltr'><strong>in</strong></span> <span class='ocrx_word' id='word_1_168' title='bbox 955 2694 1260 2751; x_wconf 79' lang='lat' dir='ltr'><strong>adversariis</strong></span> <span class='ocrx_word' id='word_1_169' title='bbox 1288 2694 1573 2752; x_wconf 70' lang='lat' dir='ltr'><strong>Comment.</strong></span> <span class='ocrx_word' id='word_1_170' title='bbox 1592 2737 1609 2764; x_wconf 92' lang='lat'><strong>,</strong></span> <span class='ocrx_word' id='word_1_171' title='bbox 1630 2696 1669 2751; x_wconf 81' lang='grc' dir='ltr'><em>ι.</em></span> <span class='ocrx_word' id='word_1_172' title='bbox 1691 2712 1746 2763; x_wconf 79' lang='grc' dir='ltr'><strong>ν,</strong></span> <span class='ocrx_word' id='word_1_173' title='bbox 1777 2713 1825 2751; x_wconf 84' lang='lat' dir='ltr'><strong>c.</strong></span> <span class='ocrx_word' id='word_1_174' title='bbox 1860 2694 1946 2752; x_wconf 70' lang='grc' dir='ltr'><strong>η.</strong></span> 
     </span>
    </p>
   </div>
   <div class='ocr_carea' id='block_1_26' title="bbox 431 2784 1954 2856">
    <p class='ocr_par' dir='ltr' id='par_1_26' title="bbox 431 2784 1954 2856">
     <span class='ocr_line' id='line_1_26' title="bbox 431 2784 1954 2856; baseline 0.002 -16"><span class='ocrx_word' id='word_1_175' title='bbox 431 2784 481 2842; x_wconf 93' lang='lat' dir='ltr'><strong>ls</strong></span> <span class='ocrx_word' id='word_1_176' title='bbox 506 2795 686 2856; x_wconf 90' lang='lat' dir='ltr'><strong>poeta,</strong></span> <span class='ocrx_word' id='word_1_177' title='bbox 720 2786 1037 2842; x_wconf 80' lang='lat' dir='ltr'><strong>Venantium</strong></span> <span class='ocrx_word' id='word_1_178' title='bbox 1068 2787 1188 2843; x_wconf 90' lang='lat' dir='ltr'><strong>dico</strong></span> <span class='ocrx_word' id='word_1_179' title='bbox 1219 2829 1237 2856; x_wconf 94' lang='lat'><strong>,</strong></span> <span class='ocrx_word' id='word_1_180' title='bbox 1284 2788 1511 2843; x_wconf 85' lang='lat' dir='ltr'><strong>tnirilico</strong></span> <span class='ocrx_word' id='word_1_181' title='bbox 1557 2798 1612 2842; x_wconf 90' lang='lat' dir='ltr'><strong>et</strong></span> <span class='ocrx_word' id='word_1_182' title='bbox 1651 2786 1954 2844; x_wconf 85' lang='lat' dir='ltr'><strong>admirabili</strong></span> 
     </span>
    </p>
   </div>
   <div class='ocr_carea' id='block_1_27' title="bbox 361 2878 1953 2952">
    <p class='ocr_par' dir='ltr' id='par_1_27' title="bbox 361 2878 1953 2952">
     <span class='ocr_line' id='line_1_27' title="bbox 361 2878 1953 2952; baseline 0.003 -18"><span class='ocrx_word' id='word_1_183' title='bbox 361 2880 579 2949; x_wconf 81' lang='lat' dir='ltr'><strong>ingenio</strong></span> <span class='ocrx_word' id='word_1_184' title='bbox 609 2878 737 2946; x_wconf 88' lang='lat' dir='ltr'><strong>fuit,</strong></span> <span class='ocrx_word' id='word_1_185' title='bbox 766 2881 1097 2951; x_wconf 88' lang='lat' dir='ltr'><strong>temporibus</strong></span> <span class='ocrx_word' id='word_1_186' title='bbox 1124 2892 1178 2936; x_wconf 91' lang='lat' dir='ltr'><strong>et</strong></span> <span class='ocrx_word' id='word_1_187' title='bbox 1207 2882 1460 2952; x_wconf 88' lang='lat' dir='ltr'><strong>gentibus</strong></span> <span class='ocrx_word' id='word_1_188' title='bbox 1488 2882 1813 2952; x_wconf 71' lang='lat' dir='ltr'><strong>eloquentia:</strong></span> <span class='ocrx_word' id='word_1_189' title='bbox 1848 2881 1953 2938; x_wconf 41' lang='lat' dir='ltr'><strong>ini‘</strong></span> 
     </span>
    </p>
   </div>
   <div class='ocr_carea' id='block_1_28' title="bbox 358 2972 1949 3046">
    <p class='ocr_par' dir='ltr' id='par_1_28' title="bbox 358 2972 1949 3046">
     <span class='ocr_line' id='line_1_28' title="bbox 358 2972 1949 3046; baseline 0 -17"><span class='ocrx_word' id='word_1_190' title='bbox 358 2972 635 3042; x_wconf 87' lang='lat' dir='ltr'><strong>quissimis</strong></span> <span class='ocrx_word' id='word_1_191' title='bbox 661 2973 857 3038; x_wconf 86' lang='lat' dir='ltr'><strong>editus,</strong></span> <span class='ocrx_word' id='word_1_192' title='bbox 890 2984 946 3027; x_wconf 92' lang='lat' dir='ltr'><strong>ut</strong></span> <span class='ocrx_word' id='word_1_193' title='bbox 968 2972 1081 3030; x_wconf 89' lang='lat' dir='ltr'><strong>fere</strong></span> <span class='ocrx_word' id='word_1_194' title='bbox 1108 2974 1187 3042; x_wconf 85' lang='lat' dir='ltr'><strong>fit,</strong></span> <span class='ocrx_word' id='word_1_195' title='bbox 1213 2974 1580 3046; x_wconf 77' lang='lat' dir='ltr'><strong>magnitudine</strong></span> <span class='ocrx_word' id='word_1_196' title='bbox 1603 2974 1801 3046; x_wconf 90' lang='lat' dir='ltr'><strong>ingenii</strong></span> <span class='ocrx_word' id='word_1_197' title='bbox 1835 2990 1949 3030; x_wconf 81' lang='lat' dir='ltr'><strong>ser-</strong></span> 
     </span>
    </p>
   </div>
   <div class='ocr_carea' id='block_1_29' title="bbox 360 3064 1943 3136">
    <p class='ocr_par' dir='ltr' id='par_1_29' title="bbox 360 3064 1943 3136">
     <span class='ocr_line' id='line_1_29' title="bbox 360 3064 1943 3136; baseline 0 -15"><span class='ocrx_word' id='word_1_198' title='bbox 360 3080 575 3121; x_wconf 79' lang='lat' dir='ltr'><strong>mortem</strong></span> <span class='ocrx_word' id='word_1_199' title='bbox 602 3065 760 3121; x_wconf 89' lang='lat' dir='ltr'><strong>etiam</strong></span> <span class='ocrx_word' id='word_1_200' title='bbox 790 3064 941 3136; x_wconf 83' lang='lat' dir='ltr'><strong>pejus</strong></span> <span class='ocrx_word' id='word_1_201' title='bbox 970 3067 1212 3131; x_wconf 73' lang='lat' dir='ltr'><strong>corrupit</strong></span> <span class='ocrx_word' id='word_1_202' title='bbox 1239 3082 1399 3135; x_wconf 87' lang='lat' dir='ltr'><strong>quam</strong></span> <span class='ocrx_word' id='word_1_203' title='bbox 1424 3084 1562 3124; x_wconf 88' lang='lat' dir='ltr'><strong>unus</strong></span> <span class='ocrx_word' id='word_1_204' title='bbox 1583 3078 1639 3125; x_wconf 90' lang='lat' dir='ltr'><strong>et</strong></span> <span class='ocrx_word' id='word_1_205' title='bbox 1667 3070 1802 3124; x_wconf 87' lang='lat' dir='ltr'><strong>alter</strong></span> <span class='ocrx_word' id='word_1_206' title='bbox 1834 3082 1943 3122; x_wconf 89' lang='lat' dir='ltr'><strong>non</strong></span> 
     </span>
    </p>
   </div>
   <div class='ocr_carea' id='block_1_30' title="bbox 359 3156 1956 3226">
    <p class='ocr_par' dir='ltr' id='par_1_30' title="bbox 359 3156 1956 3226">
     <span class='ocr_line' id='line_1_30' title="bbox 359 3156 1956 3226; baseline 0.005 -16"><span class='ocrx_word' id='word_1_207' title='bbox 359 3158 476 3226; x_wconf 87' lang='lat' dir='ltr'><strong>pari</strong></span> <span class='ocrx_word' id='word_1_208' title='bbox 505 3156 759 3213; x_wconf 83' lang='lat' dir='ltr'><strong>felicitate</strong></span> <span class='ocrx_word' id='word_1_209' title='bbox 789 3165 995 3212; x_wconf 76' lang='lat' dir='ltr'><strong>natura:</strong></span> <span class='ocrx_word' id='word_1_210' title='bbox 1021 3159 1176 3214; x_wconf 87' lang='lat' dir='ltr'><strong>editi.</strong></span> <span class='ocrx_word' id='word_1_211' title='bbox 1209 3159 1369 3215; x_wconf 80' lang='lat' dir='ltr'><strong>Multa</strong></span> <span class='ocrx_word' id='word_1_212' title='bbox 1423 3169 1601 3217; x_wconf 90' lang='lat' dir='ltr'><strong>tamen</strong></span> <span class='ocrx_word' id='word_1_213' title='bbox 1636 3161 1792 3218; x_wconf 85' lang='lat' dir='ltr'><strong>habet</strong></span> <span class='ocrx_word' id='word_1_214' title='bbox 1855 3178 1956 3218; x_wconf 83' lang='lat' dir='ltr'><strong>va-</strong></span> 
     </span>
    </p>
   </div>
   <div class='ocr_carea' id='block_1_31' title="bbox 2046 623 3629 695">
    <p class='ocr_par' dir='ltr' id='par_1_31' title="bbox 2046 623 3629 695">
     <span class='ocr_line' id='line_1_31' title="bbox 2046 623 3629 695; baseline 0.002 -21"><span class='ocrx_word' id='word_1_215' title='bbox 2046 623 2271 690; x_wconf 87' lang='lat' dir='ltr'><strong>minum,</strong></span> <span class='ocrx_word' id='word_1_216' title='bbox 2293 626 2526 693; x_wconf 82' lang='lat' dir='ltr'><strong>respexit</strong></span> <span class='ocrx_word' id='word_1_217' title='bbox 2548 626 2726 680; x_wconf 91' lang='lat' dir='ltr'><strong>omnis</strong></span> <span class='ocrx_word' id='word_1_218' title='bbox 2747 628 3082 693; x_wconf 83' lang='lat' dir='ltr'><strong>sequentium</strong></span> <span class='ocrx_word' id='word_1_219' title='bbox 3104 632 3380 695; x_wconf 85' lang='lat' dir='ltr'><strong>poetarum</strong></span> <span class='ocrx_word' id='word_1_220' title='bbox 3402 623 3629 679; x_wconf 83' lang='lat' dir='ltr'><strong>chorus.</strong></span> 
     </span>
    </p>
   </div>
   <div class='ocr_carea' id='block_1_32' title="bbox 2046 713 3629 788">
    <p class='ocr_par' dir='ltr' id='par_1_32' title="bbox 2046 713 3629 788">
     <span class='ocr_line' id='line_1_32' title="bbox 2046 713 3629 788; baseline -0.001 -19"><span class='ocrx_word' id='word_1_221' title='bbox 2046 713 2203 769; x_wconf 83' lang='lat' dir='ltr'><strong>Card.</strong></span> <span class='ocrx_word' id='word_1_222' title='bbox 2228 713 2598 783; x_wconf 82' lang='lat' dir='ltr'><strong>Bellarminus,</strong></span> <span class='ocrx_word' id='word_1_223' title='bbox 2627 716 2678 769; x_wconf 83' lang='lat' dir='ltr'><strong>in</strong></span> <span class='ocrx_word' id='word_1_224' title='bbox 2704 716 2792 771; x_wconf 75' lang='lat' dir='ltr'><strong>lib.</strong></span> <span class='ocrx_word' id='word_1_225' title='bbox 2817 715 2879 770; x_wconf 81' lang='lat' dir='ltr'><strong>de</strong></span> <span class='ocrx_word' id='word_1_226' title='bbox 2911 716 3105 788; x_wconf 83' lang='lat' dir='ltr'><strong>Script.</strong></span> <span class='ocrx_word' id='word_1_227' title='bbox 3123 714 3271 781; x_wconf 60' lang='grc' dir='ltr'><strong>ποίη</strong></span> <span class='ocrx_word' id='word_1_228' title='bbox 3293 716 3363 770; x_wconf 81' lang='lat' dir='ltr'><strong>ad</strong></span> <span class='ocrx_word' id='word_1_229' title='bbox 3389 732 3475 769; x_wconf 85' lang='lat' dir='ltr'><strong>an.</strong></span> <span class='ocrx_word' id='word_1_230' title='bbox 3500 715 3629 771; x_wconf 83' lang='lat'><strong>570.</strong></span> 
     </span>
    </p>
   </div>
   <div class='ocr_carea' id='block_1_33' title="bbox 2120 805 3635 878">
    <p class='ocr_par' dir='ltr' id='par_1_33' title="bbox 2120 805 3635 878">
     <span class='ocr_line' id='line_1_33' title="bbox 2120 805 3635 878; baseline 0.001 -19"><span class='ocrx_word' id='word_1_231' title='bbox 2120 805 2405 863; x_wconf 80' lang='lat' dir='ltr'><strong>Venantius</strong></span> <span class='ocrx_word' id='word_1_232' title='bbox 2420 808 2741 863; x_wconf 82' lang='lat' dir='ltr'><strong>Fortunatus</strong></span> <span class='ocrx_word' id='word_1_233' title='bbox 2771 811 3048 878; x_wconf 76' lang='lat' dir='ltr'><strong>episcouus</strong></span> <span class='ocrx_word' id='word_1_234' title='bbox 3079 806 3423 864; x_wconf 81' lang='lat' dir='ltr'><strong>Pictaviensis</strong></span> <span class='ocrx_word' id='word_1_235' title='bbox 3453 806 3635 861; x_wconf 82' lang='lat' dir='ltr'><strong>ﬂoruit</strong></span> 
     </span>
    </p>
   </div>
   <div class='ocr_carea' id='block_1_34' title="bbox 2047 896 3599 969">
    <p class='ocr_par' dir='ltr' id='par_1_34' title="bbox 2047 896 3599 969">
     <span class='ocr_line' id='line_1_34' title="bbox 2047 896 3599 969; baseline -0.002 -16"><span class='ocrx_word' id='word_1_236' title='bbox 2047 898 2287 953; x_wconf 83' lang='lat' dir='ltr'><strong>doctrina</strong></span> <span class='ocrx_word' id='word_1_237' title='bbox 2318 908 2372 954; x_wconf 90' lang='lat' dir='ltr'><strong>et</strong></span> <span class='ocrx_word' id='word_1_238' title='bbox 2403 900 2682 955; x_wconf 82' lang='lat' dir='ltr'><strong>sanctitate</strong></span> <span class='ocrx_word' id='word_1_239' title='bbox 2704 908 2947 969; x_wconf 87' lang='lat' dir='ltr'><strong>tempore</strong></span> <span class='ocrx_word' id='word_1_240' title='bbox 2978 899 3171 954; x_wconf 84' lang='lat' dir='ltr'><strong>.lustini</strong></span> <span class='ocrx_word' id='word_1_241' title='bbox 3201 896 3457 967; x_wconf 73' lang='lat' dir='ltr'><strong>iunioris,</strong></span> <span class='ocrx_word' id='word_1_242' title='bbox 3492 906 3599 951; x_wconf 87' lang='lat' dir='ltr'><strong>etc.</strong></span> 
     </span>
    </p>
   </div>
   <div class='ocr_carea' id='block_1_35' title="bbox 2047 1009 3626 1080">
    <p class='ocr_par' dir='ltr' id='par_1_35' title="bbox 2047 1009 3626 1080">
     <span class='ocr_line' id='line_1_35' title="bbox 2047 1009 3626 1080; baseline -0.003 -15"><span class='ocrx_word' id='word_1_243' title='bbox 2047 1010 2301 1065; x_wconf 81' lang='lat' dir='ltr'><strong>Antonius</strong></span> <span class='ocrx_word' id='word_1_244' title='bbox 2323 1010 2556 1077; x_wconf 80' lang='lat' dir='ltr'><strong>Godeau,</strong></span> <span class='ocrx_word' id='word_1_245' title='bbox 2594 1010 2726 1066; x_wconf 82' lang='lat' dir='ltr'><strong>Hist.</strong></span> <span class='ocrx_word' id='word_1_246' title='bbox 2766 1010 2911 1066; x_wconf 84' lang='lat' dir='ltr'><strong>Eccl.</strong></span> <span class='ocrx_word' id='word_1_247' title='bbox 2938 1022 2980 1068; x_wconf 85' lang='lat' dir='ltr'><strong>t.</strong></span> <span class='ocrx_word' id='word_1_248' title='bbox 3009 1010 3116 1075; x_wconf 82' lang='grc' dir='ltr'><strong>ιγ,</strong></span> <span class='ocrx_word' id='word_1_249' title='bbox 3142 1009 3234 1065; x_wconf 77' lang='lat' dir='ltr'><strong>lib.</strong></span> <span class='ocrx_word' id='word_1_250' title='bbox 3265 1026 3324 1077; x_wconf 91' lang='lat' dir='ltr'><strong>tt,</strong></span> <span class='ocrx_word' id='word_1_251' title='bbox 3354 1019 3626 1080; x_wconf 73' lang='lat' dir='ltr'><strong>postquam</strong></span> 
     </span>
    </p>
   </div>
   <div class='ocr_carea' id='block_1_36' title="bbox 2119 1079 3629 1153">
    <p class='ocr_par' dir='ltr' id='par_1_36' title="bbox 2119 1079 3629 1153">
     <span class='ocr_line' id='line_1_36' title="bbox 2119 1079 3629 1153; baseline -0.002 -19"><span class='ocrx_word' id='word_1_252' title='bbox 2119 1080 2398 1136; x_wconf 83' lang='lat' dir='ltr'><strong>Fortunati</strong></span> <span class='ocrx_word' id='word_1_253' title='bbox 2443 1086 2665 1152; x_wconf 81' lang='lat' dir='ltr'><strong>patriam</strong></span> <span class='ocrx_word' id='word_1_254' title='bbox 2704 1084 2905 1150; x_wconf 79' lang='lat' dir='ltr'><strong>retulit,</strong></span> <span class='ocrx_word' id='word_1_255' title='bbox 2947 1093 2996 1138; x_wconf 85' lang='lat' dir='ltr'><strong>et</strong></span> <span class='ocrx_word' id='word_1_256' title='bbox 3040 1086 3153 1153; x_wconf 83' lang='lat' dir='ltr'><strong>ejus</strong></span> <span class='ocrx_word' id='word_1_257' title='bbox 3197 1084 3294 1136; x_wconf 78' lang='lat' dir='ltr'><strong>iter</strong></span> <span class='ocrx_word' id='word_1_258' title='bbox 3324 1081 3377 1136; x_wconf 79' lang='lat' dir='ltr'><strong>in</strong></span> <span class='ocrx_word' id='word_1_259' title='bbox 3405 1079 3629 1146; x_wconf 80' lang='lat' dir='ltr'><strong>Gallias,</strong></span> 
     </span>
    </p>
   </div>
   <div class='ocr_carea' id='block_1_37' title="bbox 2121 1155 2473 1209">
    <p class='ocr_par' dir='ltr' id='par_1_37' title="bbox 2121 1155 2473 1209">
     <span class='ocr_line' id='line_1_37' title="bbox 2121 1155 2473 1209; baseline 0.009 -4"><span class='ocrx_word' id='word_1_260' title='bbox 2121 1155 2228 1209; x_wconf 77' lang='lat' dir='ltr'><strong>licet:</strong></span> <span class='ocrx_word' id='word_1_261' title='bbox 2256 1155 2427 1208; x_wconf 79' lang='lat' dir='ltr'><strong>subdit</strong></span> <span class='ocrx_word' id='word_1_262' title='bbox 2454 1170 2473 1208; x_wconf 91' lang='lat'><strong><em>:</em></strong></span> 
     </span>
    </p>
   </div>
   <div class='ocr_carea' id='block_1_38' title="bbox 2124 1262 3632 1335">
    <p class='ocr_par' dir='ltr' id='par_1_38' title="bbox 2124 1262 3632 1335">
     <span class='ocr_line' id='line_1_38' title="bbox 2124 1262 3632 1335; baseline -0.003 -16"><span class='ocrx_word' id='word_1_263' title='bbox 2124 1266 2192 1319; x_wconf 88' lang='lat' dir='ltr'><strong>Sa</strong></span> <span class='ocrx_word' id='word_1_264' title='bbox 2227 1265 2521 1335; x_wconf 83' lang='lat' dir='ltr'><strong>principale</strong></span> <span class='ocrx_word' id='word_1_265' title='bbox 2574 1265 2872 1333; x_wconf 85' lang='lat' dir='ltr'><strong>profession</strong></span> <span class='ocrx_word' id='word_1_266' title='bbox 2904 1265 3037 1321; x_wconf 90' lang='lat' dir='ltr'><strong>dans</strong></span> <span class='ocrx_word' id='word_1_267' title='bbox 3081 1266 3159 1322; x_wconf 87' lang='lat' dir='ltr'><strong>les</strong></span> <span class='ocrx_word' id='word_1_268' title='bbox 3200 1262 3494 1335; x_wconf 91' lang='lat' dir='ltr'><strong>premieres</strong></span> <span class='ocrx_word' id='word_1_269' title='bbox 3534 1276 3632 1316; x_wconf 89' lang='lat' dir='ltr'><strong>an-</strong></span> 
     </span>
    </p>
   </div>
   <div class='ocr_carea' id='block_1_39' title="bbox 2051 1353 3629 1428">
    <p class='ocr_par' dir='ltr' id='par_1_39' title="bbox 2051 1353 3629 1428">
     <span class='ocr_line' id='line_1_39' title="bbox 2051 1353 3629 1428; baseline -0.003 -16"><span class='ocrx_word' id='word_1_270' title='bbox 2051 1358 2180 1413; x_wconf 87' lang='lat' dir='ltr'><strong>nées</strong></span> <span class='ocrx_word' id='word_1_271' title='bbox 2206 1358 2272 1412; x_wconf 92' lang='lat' dir='ltr'><strong>de</strong></span> <span class='ocrx_word' id='word_1_272' title='bbox 2294 1373 2351 1412; x_wconf 91' lang='lat' dir='ltr'><strong>sa</strong></span> <span class='ocrx_word' id='word_1_273' title='bbox 2384 1359 2469 1412; x_wconf 87' lang='lat' dir='ltr'><strong>vie</strong></span> <span class='ocrx_word' id='word_1_274' title='bbox 2498 1357 2574 1411; x_wconf 87' lang='lat' dir='ltr'><strong>fut</strong></span> <span class='ocrx_word' id='word_1_275' title='bbox 2602 1358 2649 1411; x_wconf 87' lang='lat' dir='ltr'><strong>la</strong></span> <span class='ocrx_word' id='word_1_276' title='bbox 2676 1358 2860 1428; x_wconf 88' lang='lat' dir='ltr'><strong>poesie</strong></span> <span class='ocrx_word' id='word_1_277' title='bbox 2894 1357 3078 1423; x_wconf 83' lang='lat' dir='ltr'><strong>latine,</strong></span> <span class='ocrx_word' id='word_1_278' title='bbox 3105 1366 3159 1412; x_wconf 91' lang='lat' dir='ltr'><strong>et</strong></span> <span class='ocrx_word' id='word_1_279' title='bbox 3182 1356 3226 1411; x_wconf 90' lang='lat' dir='ltr'><strong>si</strong></span> <span class='ocrx_word' id='word_1_280' title='bbox 3257 1372 3326 1411; x_wconf 90' lang='lat' dir='ltr'><strong>on</strong></span> <span class='ocrx_word' id='word_1_281' title='bbox 3345 1353 3629 1411; x_wconf 77' lang='lat' dir='ltr'><strong>considere</strong></span> 
     </span>
    </p>
   </div>
   <div class='ocr_carea' id='block_1_40' title="bbox 2052 1448 3630 1520">
    <p class='ocr_par' dir='ltr' id='par_1_40' title="bbox 2052 1448 3630 1520">
     <span class='ocr_line' id='line_1_40' title="bbox 2052 1448 3630 1520; baseline -0.002 -16"><span class='ocrx_word' id='word_1_282' title='bbox 2052 1451 2098 1505; x_wconf 89' lang='lat' dir='ltr'><strong>la</strong></span> <span class='ocrx_word' id='word_1_283' title='bbox 2122 1449 2371 1505; x_wconf 85' lang='lat' dir='ltr'><strong>barbarie</strong></span> <span class='ocrx_word' id='word_1_284' title='bbox 2421 1450 2487 1505; x_wconf 91' lang='lat' dir='ltr'><strong>de</strong></span> <span class='ocrx_word' id='word_1_285' title='bbox 2534 1465 2632 1505; x_wconf 88' lang='lat' dir='ltr'><strong>sou</strong></span> <span class='ocrx_word' id='word_1_286' title='bbox 2685 1460 2881 1520; x_wconf 89' lang='lat' dir='ltr'><strong>temps,</strong></span> <span class='ocrx_word' id='word_1_287' title='bbox 2907 1450 2943 1504; x_wconf 92' lang='lat' dir='ltr'><strong>il</strong></span> <span class='ocrx_word' id='word_1_288' title='bbox 2974 1458 3059 1506; x_wconf 89' lang='lat' dir='ltr'><strong>est</strong></span> <span class='ocrx_word' id='word_1_289' title='bbox 3094 1450 3256 1520; x_wconf 90' lang='lat' dir='ltr'><strong>digne</strong></span> <span class='ocrx_word' id='word_1_290' title='bbox 3298 1450 3364 1503; x_wconf 91' lang='lat' dir='ltr'><strong>de</strong></span> <span class='ocrx_word' id='word_1_291' title='bbox 3404 1448 3630 1519; x_wconf 84' lang='lat' dir='ltr'><strong>quelche</strong></span> 
     </span>
    </p>
   </div>
   <div class='ocr_carea' id='block_1_41' title="bbox 2052 1538 3637 1613">
    <p class='ocr_par' dir='ltr' id='par_1_41' title="bbox 2052 1538 3637 1613">
     <span class='ocr_line' id='line_1_41' title="bbox 2052 1538 3637 1613; baseline -0.001 -18"><span class='ocrx_word' id='word_1_292' title='bbox 2052 1542 2315 1613; x_wconf 70' lang='lat' dir='ltr'><strong>loftange;</strong></span> <span class='ocrx_word' id='word_1_293' title='bbox 2346 1542 2381 1595; x_wconf 89' lang='lat' dir='ltr'><strong>il</strong></span> <span class='ocrx_word' id='word_1_294' title='bbox 2432 1548 2519 1596; x_wconf 88' lang='lat' dir='ltr'><strong>est</strong></span> <span class='ocrx_word' id='word_1_295' title='bbox 2563 1558 2713 1613; x_wconf 80' lang='lat' dir='ltr'><strong>vray,</strong></span> <span class='ocrx_word' id='word_1_296' title='bbox 2744 1557 2849 1611; x_wconf 89' lang='lat' dir='ltr'><strong>que</strong></span> <span class='ocrx_word' id='word_1_297' title='bbox 2891 1543 3001 1597; x_wconf 82' lang='lat' dir='ltr'><strong>l’on</strong></span> <span class='ocrx_word' id='word_1_298' title='bbox 3043 1556 3235 1596; x_wconf 80' lang='lat' dir='ltr'><strong>accuse</strong></span> <span class='ocrx_word' id='word_1_299' title='bbox 3279 1538 3482 1597; x_wconf 84' lang='lat' dir='ltr'><strong>d’avoir</strong></span> <span class='ocrx_word' id='word_1_300' title='bbox 3511 1539 3637 1594; x_wconf 68' lang='lat' dir='ltr'><strong>loin‘:</strong></span> 
     </span>
    </p>
   </div>
   <div class='ocr_carea' id='block_1_42' title="bbox 2051 1631 3634 1702">
    <p class='ocr_par' dir='ltr' id='par_1_42' title="bbox 2051 1631 3634 1702">
     <span class='ocr_line' id='line_1_42' title="bbox 2051 1631 3634 1702; baseline -0.001 -15"><span class='ocrx_word' id='word_1_301' title='bbox 2051 1631 2443 1702; x_wconf 85' lang='lat' dir='ltr'><strong>Fredegonde,</strong></span> <span class='ocrx_word' id='word_1_302' title='bbox 2477 1633 2834 1701; x_wconf 77' lang='lat' dir='ltr'><strong>Brunehaud,</strong></span> <span class='ocrx_word' id='word_1_303' title='bbox 2884 1648 2915 1689; x_wconf 93' lang='lat' dir='ltr'><strong>e</strong></span> <span class='ocrx_word' id='word_1_304' title='bbox 2964 1634 3200 1689; x_wconf 82' lang='lat' dir='ltr'><strong>d‘autrcs</strong></span> <span class='ocrx_word' id='word_1_305' title='bbox 3254 1632 3495 1697; x_wconf 85' lang='lat' dir='ltr'><strong>Prlnces,</strong></span> <span class='ocrx_word' id='word_1_306' title='bbox 3543 1632 3634 1700; x_wconf 86' lang='lat' dir='ltr'><strong>qoi</strong></span> 
     </span>
    </p>
   </div>
   <div class='ocr_carea' id='block_1_43' title="bbox 2050 1724 3645 1798">
    <p class='ocr_par' dir='ltr' id='par_1_43' title="bbox 2050 1724 3645 1798">
     <span class='ocr_line' id='line_1_43' title="bbox 2050 1724 3645 1798; baseline -0.004 -16"><span class='ocrx_word' id='word_1_307' title='bbox 2050 1727 2247 1783; x_wconf 89' lang='lat' dir='ltr'><strong>etaient</strong></span> <span class='ocrx_word' id='word_1_308' title='bbox 2280 1727 2454 1797; x_wconf 79' lang='lat' dir='ltr'><strong>plutot</strong></span> <span class='ocrx_word' id='word_1_309' title='bbox 2482 1728 2668 1798; x_wconf 78' lang='lat' dir='ltr'><strong>dignes</strong></span> <span class='ocrx_word' id='word_1_310' title='bbox 2696 1727 2765 1783; x_wconf 84' lang='lat' dir='ltr'><strong>de</strong></span> <span class='ocrx_word' id='word_1_311' title='bbox 2796 1742 3062 1791; x_wconf 87' lang='lat' dir='ltr'><strong>censure,</strong></span> <span class='ocrx_word' id='word_1_312' title='bbox 3094 1742 3199 1795; x_wconf 87' lang='lat' dir='ltr'><strong>que</strong></span> <span class='ocrx_word' id='word_1_313' title='bbox 3223 1725 3452 1796; x_wconf 83' lang='lat' dir='ltr'><strong>d‘éloge.</strong></span> <span class='ocrx_word' id='word_1_314' title='bbox 3506 1724 3645 1777; x_wconf 78' lang='lat' dir='ltr'><strong>Mais</strong></span> 
     </span>
    </p>
   </div>
   <div class='ocr_carea' id='block_1_44' title="bbox 2054 1812 3641 1882">
    <p class='ocr_par' dir='ltr' id='par_1_44' title="bbox 2054 1812 3641 1882">
     <span class='ocr_line' id='line_1_44' title="bbox 2054 1812 3641 1882; baseline -0.003 -9"><span class='ocrx_word' id='word_1_315' title='bbox 2054 1818 2228 1873; x_wconf 83' lang='lat' dir='ltr'><strong>illaut</strong></span> <span class='ocrx_word' id='word_1_316' title='bbox 2256 1818 2520 1875; x_wconf 85' lang='lat' dir='ltr'><strong>l&#39;excuser</strong></span> <span class='ocrx_word' id='word_1_317' title='bbox 2551 1820 2735 1873; x_wconf 88' lang='lat' dir='ltr'><strong>vivant</strong></span> <span class='ocrx_word' id='word_1_318' title='bbox 2783 1821 2929 1873; x_wconf 88' lang='lat' dir='ltr'><strong>alors</strong></span> <span class='ocrx_word' id='word_1_319' title='bbox 2972 1819 3105 1872; x_wconf 88' lang='lat' dir='ltr'><strong>dans</strong></span> <span class='ocrx_word' id='word_1_320' title='bbox 3148 1816 3267 1872; x_wconf 88' lang='lat' dir='ltr'><strong>leur</strong></span> <span class='ocrx_word' id='word_1_321' title='bbox 3308 1816 3473 1882; x_wconf 84' lang='lat' dir='ltr'><strong>Cour,</strong></span> <span class='ocrx_word' id='word_1_322' title='bbox 3502 1830 3570 1869; x_wconf 89' lang='lat' dir='ltr'><strong>nu</strong></span> <span class='ocrx_word' id='word_1_323' title='bbox 3603 1812 3641 1868; x_wconf 82' lang='lat' dir='ltr'><strong>il</strong></span> 
     </span>
    </p>
   </div>
   <div class='ocr_carea' id='block_1_45' title="bbox 2050 1910 3035 1982">
    <p class='ocr_par' dir='ltr' id='par_1_45' title="bbox 2050 1910 3035 1982">
     <span class='ocr_line' id='line_1_45' title="bbox 2050 1910 3035 1982; baseline -0.002 -15"><span class='ocrx_word' id='word_1_324' title='bbox 2050 1927 2120 1968; x_wconf 86' lang='lat' dir='ltr'><strong>ne</strong></span> <span class='ocrx_word' id='word_1_325' title='bbox 2149 1912 2451 1979; x_wconf 86' lang='lat' dir='ltr'><strong>subsistoit,</strong></span> <span class='ocrx_word' id='word_1_326' title='bbox 2481 1927 2587 1982; x_wconf 90' lang='lat' dir='ltr'><strong>que</strong></span> <span class='ocrx_word' id='word_1_327' title='bbox 2618 1926 2714 1981; x_wconf 75' lang='lat' dir='ltr'><strong>Par</strong></span> <span class='ocrx_word' id='word_1_328' title='bbox 2741 1926 2798 1964; x_wconf 91' lang='lat' dir='ltr'><strong>sa</strong></span> <span class='ocrx_word' id='word_1_329' title='bbox 2836 1910 3035 1979; x_wconf 85' lang='lat' dir='ltr'><strong>plume.</strong></span> 
     </span>
    </p>
   </div>
   <div class='ocr_carea' id='block_1_46' title="bbox 2261 2017 3427 2111">
    <p class='ocr_par' dir='ltr' id='par_1_46' title="bbox 2261 2017 3427 2111">
     <span class='ocr_line' id='line_1_46' title="bbox 2261 2017 3427 2111; baseline -0.006 -30"><span class='ocrx_word' id='word_1_330' title='bbox 2261 2024 2495 2092; x_wconf 77' lang='lat' dir='ltr'><strong>Vossiuti,</strong></span> <span class='ocrx_word' id='word_1_331' title='bbox 2518 2025 2582 2079; x_wconf 80' lang='lat' dir='ltr'><strong>de</strong></span> <span class='ocrx_word' id='word_1_332' title='bbox 2614 2022 2751 2078; x_wconf 79' lang='lat' dir='ltr'><strong>(list.</strong></span> <span class='ocrx_word' id='word_1_333' title='bbox 2780 2022 2922 2092; x_wconf 55' lang='grc' dir='ltr'><strong>ιαμ,</strong></span> <span class='ocrx_word' id='word_1_334' title='bbox 2964 2021 3053 2111; x_wconf 26' lang='grc' dir='ltr'><strong>ιξι.</strong></span> <span class='ocrx_word' id='word_1_335' title='bbox 3086 2037 3159 2084; x_wconf 81' lang='lat' dir='ltr'><strong>xt,</strong></span> <span class='ocrx_word' id='word_1_336' title='bbox 3189 2037 3304 2087; x_wconf 72' lang='grc' dir='ltr'><strong>ευρ.</strong></span> <span class='ocrx_word' id='word_1_337' title='bbox 3337 2017 3427 2074; x_wconf 67' lang='lat'><strong>22.</strong></span> 
     </span>
    </p>
   </div>
   <div class='ocr_carea' id='block_1_47' title="bbox 2125 2135 3633 2208">
    <p class='ocr_par' dir='ltr' id='par_1_47' title="bbox 2125 2135 3633 2208">
     <span class='ocr_line' id='line_1_47' title="bbox 2125 2135 3633 2208; baseline -0.01 -12"><span class='ocrx_word' id='word_1_338' title='bbox 2125 2140 2446 2196; x_wconf 71' lang='lat' dir='ltr'><strong>Fortunatus</strong></span> <span class='ocrx_word' id='word_1_339' title='bbox 2495 2148 2671 2208; x_wconf 85' lang='lat' dir='ltr'><strong>poeta,</strong></span> <span class='ocrx_word' id='word_1_340' title='bbox 2723 2147 2879 2206; x_wconf 90' lang='lat' dir='ltr'><strong>prout</strong></span> <span class='ocrx_word' id='word_1_341' title='bbox 2930 2147 3167 2206; x_wconf 89' lang='lat' dir='ltr'><strong>tempora</strong></span> <span class='ocrx_word' id='word_1_342' title='bbox 3201 2135 3285 2188; x_wconf 91' lang='lat' dir='ltr'><strong>illa</strong></span> <span class='ocrx_word' id='word_1_343' title='bbox 3329 2142 3500 2197; x_wconf 90' lang='lat' dir='ltr'><strong>erant,</strong></span> <span class='ocrx_word' id='word_1_344' title='bbox 3535 2150 3633 2184; x_wconf 82' lang='lat' dir='ltr'><strong>no-</strong></span> 
     </span>
    </p>
   </div>
   <div class='ocr_carea' id='block_1_48' title="bbox 2054 2229 2318 2284">
    <p class='ocr_par' dir='ltr' id='par_1_48' title="bbox 2054 2229 2318 2284">
     <span class='ocr_line' id='line_1_48' title="bbox 2054 2229 2318 2284; baseline -0.011 0"><span class='ocrx_word' id='word_1_345' title='bbox 2054 2229 2176 2284; x_wconf 80' lang='lat' dir='ltr'><strong>bilis</strong></span> <span class='ocrx_word' id='word_1_346' title='bbox 2199 2233 2318 2284; x_wconf 87' lang='lat' dir='ltr'><strong>luit.</strong></span> 
     </span>
    </p>
   </div>
   <div class='ocr_carea' id='block_1_49' title="bbox 2055 2339 3695 2412">
    <p class='ocr_par' dir='ltr' id='par_1_49' title="bbox 2055 2339 3695 2412">
     <span class='ocr_line' id='line_1_49' title="bbox 2055 2339 3695 2412; baseline -0.007 -11"><span class='ocrx_word' id='word_1_347' title='bbox 2055 2348 2284 2401; x_wconf 76' lang='lat' dir='ltr'><strong>Andreas</strong></span> <span class='ocrx_word' id='word_1_348' title='bbox 2314 2346 2376 2397; x_wconf 67' lang='lat' dir='ltr'><strong>de</strong></span> <span class='ocrx_word' id='word_1_349' title='bbox 2406 2343 2657 2412; x_wconf 82' lang='lat' dir='ltr'><strong>Saussay.</strong></span> <span class='ocrx_word' id='word_1_350' title='bbox 2682 2344 2733 2394; x_wconf 84' lang='lat' dir='ltr'><strong>in</strong></span> <span class='ocrx_word' id='word_1_351' title='bbox 2770 2342 2993 2412; x_wconf 57' lang='grc' dir='ltr'><strong>κανων.</strong></span> <span class='ocrx_word' id='word_1_352' title='bbox 3040 2339 3203 2401; x_wconf 80' lang='lat' dir='ltr'><strong>Gall.,</strong></span> <span class='ocrx_word' id='word_1_353' title='bbox 3237 2349 3373 2409; x_wconf 85' lang='lat' dir='ltr'><strong>part.</strong></span> <span class='ocrx_word' id='word_1_354' title='bbox 3432 2353 3493 2405; x_wconf 87' lang='lat' dir='ltr'><strong>tt,</strong></span> <span class='ocrx_word' id='word_1_355' title='bbox 3546 2352 3650 2392; x_wconf 61' lang='grc' dir='ltr'><strong>λιιι</strong></span> <span class='ocrx_word' id='word_1_356' title='bbox 3693 2343 3695 2346; x_wconf 63' lang='lat'><em>‘</em></span> 
     </span>
    </p>
   </div>
   <div class='ocr_carea' id='block_1_50' title="bbox 2639 2411 3035 2468">
    <p class='ocr_par' dir='ltr' id='par_1_50' title="bbox 2639 2411 3035 2468">
     <span class='ocr_line' id='line_1_50' title="bbox 2639 2411 3035 2468; baseline -0.005 -1"><span class='ocrx_word' id='word_1_357' title='bbox 2639 2413 2764 2468; x_wconf 84' lang='lat' dir='ltr'><strong>Kal.</strong></span> <span class='ocrx_word' id='word_1_358' title='bbox 2814 2411 3035 2467; x_wconf 23' lang='lat' dir='ltr'><strong>Jan’unr.</strong></span> 
     </span>
    </p>
   </div>
   <div class='ocr_carea' id='block_1_51' title="bbox 2130 2500 3634 2569">
    <p class='ocr_par' dir='ltr' id='par_1_51' title="bbox 2130 2500 3634 2569">
     <span class='ocr_line' id='line_1_51' title="bbox 2130 2500 3634 2569; baseline -0.007 -5"><span class='ocrx_word' id='word_1_359' title='bbox 2130 2511 2325 2566; x_wconf 86' lang='lat' dir='ltr'><strong>Beatus</strong></span> <span class='ocrx_word' id='word_1_360' title='bbox 2356 2508 2649 2563; x_wconf 84' lang='lat' dir='ltr'><strong>Venantius</strong></span> <span class='ocrx_word' id='word_1_361' title='bbox 2680 2505 3003 2561; x_wconf 77' lang='lat' dir='ltr'><strong>Fortunatus</strong></span> <span class='ocrx_word' id='word_1_362' title='bbox 3036 2501 3384 2557; x_wconf 84' lang='lat' dir='ltr'><strong>Pictaviensis</strong></span> <span class='ocrx_word' id='word_1_363' title='bbox 3426 2500 3570 2569; x_wconf 74' lang='lat' dir='ltr'><strong>cpisc</strong></span> <span class='ocrx_word' id='word_1_364' title='bbox 3596 2524 3634 2536; x_wconf 63' lang='grc' dir='ltr'><strong>ιε</strong></span> 
     </span>
    </p>
   </div>
   <div class='ocr_carea' id='block_1_52' title="bbox 2056 2598 3645 2679">
    <p class='ocr_par' dir='ltr' id='par_1_52' title="bbox 2056 2598 3645 2679">
     <span class='ocr_line' id='line_1_52' title="bbox 2056 2598 3645 2679; baseline -0.011 -15"><span class='ocrx_word' id='word_1_365' title='bbox 2056 2623 2176 2679; x_wconf 91' lang='lat' dir='ltr'><strong>pus,</strong></span> <span class='ocrx_word' id='word_1_366' title='bbox 2208 2608 2295 2663; x_wconf 82' lang='lat' dir='ltr'><strong>vir</strong></span> <span class='ocrx_word' id='word_1_367' title='bbox 2323 2608 2377 2661; x_wconf 90' lang='lat' dir='ltr'><strong>in</strong></span> <span class='ocrx_word' id='word_1_368' title='bbox 2409 2621 2514 2674; x_wconf 88' lang='lat' dir='ltr'><strong>quo</strong></span> <span class='ocrx_word' id='word_1_369' title='bbox 2540 2603 2827 2675; x_wconf 81' lang='lat' dir='ltr'><strong>ambigitur</strong></span> <span class='ocrx_word' id='word_1_370' title='bbox 2871 2601 3039 2672; x_wconf 83' lang='lat' dir='ltr'><strong>magis</strong></span> <span class='ocrx_word' id='word_1_371' title='bbox 3071 2616 3137 2656; x_wconf 91' lang='lat' dir='ltr'><strong>ne</strong></span> <span class='ocrx_word' id='word_1_372' title='bbox 3166 2599 3409 2654; x_wconf 77' lang='lat' dir='ltr'><strong>doctrina</strong></span> <span class='ocrx_word' id='word_1_373' title='bbox 3440 2605 3495 2651; x_wconf 89' lang='lat' dir='ltr'><strong>et</strong></span> <span class='ocrx_word' id='word_1_374' title='bbox 3524 2598 3645 2665; x_wconf 83' lang='lat' dir='ltr'><strong>pul-</strong></span> 
     </span>
    </p>
   </div>
   <div class='ocr_carea' id='block_1_53' title="bbox 2056 2690 3643 2771">
    <p class='ocr_par' dir='ltr' id='par_1_53' title="bbox 2056 2690 3643 2771">
     <span class='ocr_line' id='line_1_53' title="bbox 2056 2690 3643 2771; baseline -0.011 -13"><span class='ocrx_word' id='word_1_375' title='bbox 2056 2701 2311 2759; x_wconf 86' lang='lat' dir='ltr'><strong>cbritudo</strong></span> <span class='ocrx_word' id='word_1_376' title='bbox 2336 2698 2537 2771; x_wconf 81' lang='lat' dir='ltr'><strong>ingenii</strong></span> <span class='ocrx_word' id='word_1_377' title='bbox 2560 2711 2721 2768; x_wconf 86' lang='lat' dir='ltr'><strong>quam</strong></span> <span class='ocrx_word' id='word_1_378' title='bbox 2770 2696 2900 2750; x_wconf 69' lang='lat' dir='ltr'><strong>vita:</strong></span> <span class='ocrx_word' id='word_1_379' title='bbox 2954 2694 3212 2749; x_wconf 87' lang='lat' dir='ltr'><strong>sanctitas</strong></span> <span class='ocrx_word' id='word_1_380' title='bbox 3257 2690 3643 2760; x_wconf 83' lang='lat' dir='ltr'><strong>praecellucrit,</strong></span> 
     </span>
    </p>
   </div>
   <div class='ocr_carea' id='block_1_54' title="bbox 2059 2785 3647 2865">
    <p class='ocr_par' dir='ltr' id='par_1_54' title="bbox 2059 2785 3647 2865">
     <span class='ocr_line' id='line_1_54' title="bbox 2059 2785 3647 2865; baseline -0.01 -15"><span class='ocrx_word' id='word_1_381' title='bbox 2059 2793 2231 2865; x_wconf 91' lang='lat' dir='ltr'><strong>utqui</strong></span> <span class='ocrx_word' id='word_1_382' title='bbox 2256 2792 2616 2849; x_wconf 87' lang='lat' dir='ltr'><strong>encomiastes</strong></span> <span class='ocrx_word' id='word_1_383' title='bbox 2655 2800 2966 2845; x_wconf 86' lang='lat' dir='ltr'><strong>sanctorum</strong></span> <span class='ocrx_word' id='word_1_384' title='bbox 3016 2802 3116 2843; x_wconf 88' lang='lat' dir='ltr'><strong>suo</strong></span> <span class='ocrx_word' id='word_1_385' title='bbox 3148 2802 3263 2841; x_wconf 72' lang='lat' dir='ltr'><strong>aevo</strong></span> <span class='ocrx_word' id='word_1_386' title='bbox 3310 2785 3647 2855; x_wconf 66' lang='lat' dir='ltr'><strong>praecipuus,</strong></span> 
     </span>
    </p>
   </div>
   <div class='ocr_carea' id='block_1_55' title="bbox 2059 2879 3643 2958">
    <p class='ocr_par' dir='ltr' id='par_1_55' title="bbox 2059 2879 3643 2958">
     <span class='ocr_line' id='line_1_55' title="bbox 2059 2879 3643 2958; baseline -0.009 -14"><span class='ocrx_word' id='word_1_387' title='bbox 2059 2889 2485 2958; x_wconf 87' lang='lat' dir='ltr'><strong>eorumdemque</strong></span> <span class='ocrx_word' id='word_1_388' title='bbox 2527 2885 2803 2940; x_wconf 86' lang='lat' dir='ltr'><strong>studiosus</strong></span> <span class='ocrx_word' id='word_1_389' title='bbox 2841 2884 3099 2946; x_wconf 88' lang='lat' dir='ltr'><strong>imitator,</strong></span> <span class='ocrx_word' id='word_1_390' title='bbox 3141 2896 3203 2935; x_wconf 89' lang='lat' dir='ltr'><strong>ac</strong></span> <span class='ocrx_word' id='word_1_391' title='bbox 3232 2879 3643 2950; x_wconf 63' lang='lat' dir='ltr'><strong>omnipotentiae</strong></span> 
     </span>
    </p>
   </div>
   <div class='ocr_carea' id='block_1_56' title="bbox 2057 2976 3647 3053">
    <p class='ocr_par' dir='ltr' id='par_1_56' title="bbox 2057 2976 3647 3053">
     <span class='ocr_line' id='line_1_56' title="bbox 2057 2976 3647 3053; baseline -0.007 -16"><span class='ocrx_word' id='word_1_392' title='bbox 2057 2995 2310 3053; x_wconf 66' lang='lat' dir='ltr'><strong>supernas</strong></span> <span class='ocrx_word' id='word_1_393' title='bbox 2359 2978 2661 3049; x_wconf 75' lang='lat' dir='ltr'><strong>maiestatis</strong></span> <span class='ocrx_word' id='word_1_394' title='bbox 2711 2992 2889 3047; x_wconf 60' lang='lat' dir='ltr'><strong>preco</strong></span> <span class='ocrx_word' id='word_1_395' title='bbox 2939 2976 3273 3047; x_wconf 84' lang='lat' dir='ltr'><strong>perelegans,</strong></span> <span class='ocrx_word' id='word_1_396' title='bbox 3314 2988 3647 3044; x_wconf 85' lang='lat' dir='ltr'><strong>operumque</strong></span> 
     </span>
    </p>
   </div>
   <div class='ocr_carea' id='block_1_57' title="bbox 2065 3065 3643 3138">
    <p class='ocr_par' dir='ltr' id='par_1_57' title="bbox 2065 3065 3643 3138">
     <span class='ocr_line' id='line_1_57' title="bbox 2065 3065 3643 3138; baseline -0.005 -9"><span class='ocrx_word' id='word_1_397' title='bbox 2065 3076 2157 3131; x_wconf 87' lang='lat' dir='ltr'><strong>Dei</strong></span> <span class='ocrx_word' id='word_1_398' title='bbox 2207 3075 2261 3129; x_wconf 92' lang='lat' dir='ltr'><strong>in</strong></span> <span class='ocrx_word' id='word_1_399' title='bbox 2304 3073 2511 3128; x_wconf 86' lang='lat' dir='ltr'><strong>sanctis</strong></span> <span class='ocrx_word' id='word_1_400' title='bbox 2558 3070 2884 3127; x_wconf 89' lang='lat' dir='ltr'><strong>mirabilium</strong></span> <span class='ocrx_word' id='word_1_401' title='bbox 2933 3080 3214 3125; x_wconf 76' lang='lat' dir='ltr'><strong>enarrator</strong></span> <span class='ocrx_word' id='word_1_402' title='bbox 3260 3065 3643 3138; x_wconf 85' lang='lat' dir='ltr'><strong>gravissimus,</strong></span> 
     </span>
    </p>
   </div>
   <div class='ocr_carea' id='block_1_58' title="bbox 2063 3158 3649 3234">
    <p class='ocr_par' dir='ltr' id='par_1_58' title="bbox 2063 3158 3649 3234">
     <span class='ocr_line' id='line_1_58' title="bbox 2063 3158 3649 3234; baseline -0.007 -13"><span class='ocrx_word' id='word_1_403' title='bbox 2063 3174 2249 3221; x_wconf 87' lang='lat' dir='ltr'><strong>exacta</strong></span> <span class='ocrx_word' id='word_1_404' title='bbox 2281 3164 2337 3219; x_wconf 93' lang='lat' dir='ltr'><strong>in</strong></span> <span class='ocrx_word' id='word_1_405' title='bbox 2366 3165 2511 3219; x_wconf 90' lang='lat' dir='ltr'><strong>omni</strong></span> <span class='ocrx_word' id='word_1_406' title='bbox 2546 3163 2763 3234; x_wconf 84' lang='lat' dir='ltr'><strong>pietatis</strong></span> <span class='ocrx_word' id='word_1_407' title='bbox 2804 3161 2986 3216; x_wconf 90' lang='lat' dir='ltr'><strong>studio</strong></span> <span class='ocrx_word' id='word_1_408' title='bbox 3031 3170 3085 3216; x_wconf 91' lang='lat' dir='ltr'><strong>et</strong></span> <span class='ocrx_word' id='word_1_409' title='bbox 3114 3167 3236 3215; x_wconf 87' lang='lat' dir='ltr'><strong>actu</strong></span> <span class='ocrx_word' id='word_1_410' title='bbox 3282 3167 3462 3225; x_wconf 69' lang='lat' dir='ltr'><strong>artate,</strong></span> <span class='ocrx_word' id='word_1_411' title='bbox 3492 3158 3649 3213; x_wconf 77' lang='lat' dir='ltr'><strong>senio</strong></span> 
     </span>
    </p>
   </div>
   <div class='ocr_carea' id='block_1_59' title="bbox 360 3238 1952 3327">
    <p class='ocr_par' dir='ltr' id='par_1_59' title="bbox 360 3250 1951 3323">
     <span class='ocr_line' id='line_1_59' title="bbox 360 3250 1951 3323; baseline 0.004 -19"><span class='ocrx_word' id='word_1_412' title='bbox 360 3250 497 3305; x_wconf 90' lang='lat' dir='ltr'><strong>riam</strong></span> <span class='ocrx_word' id='word_1_413' title='bbox 542 3251 826 3307; x_wconf 88' lang='lat' dir='ltr'><strong>lectionem</strong></span> <span class='ocrx_word' id='word_1_414' title='bbox 856 3254 1156 3323; x_wconf 88' lang='lat' dir='ltr'><strong>arguentia,</strong></span> <span class='ocrx_word' id='word_1_415' title='bbox 1182 3264 1237 3308; x_wconf 92' lang='lat' dir='ltr'><strong>et</strong></span> <span class='ocrx_word' id='word_1_416' title='bbox 1281 3270 1385 3308; x_wconf 89' lang='lat' dir='ltr'><strong>non</strong></span> <span class='ocrx_word' id='word_1_417' title='bbox 1413 3254 1737 3311; x_wconf 83' lang='lat' dir='ltr'><strong>mediocrem</strong></span> <span class='ocrx_word' id='word_1_418' title='bbox 1766 3256 1951 3313; x_wconf 85' lang='lat' dir='ltr'><strong>erudi-</strong></span> 
     </span>
    </p>
   </div>
   <div class='ocr_carea' id='block_1_60' title="bbox 2058 3238 3646 3327">
    <p class='ocr_par' dir='ltr' id='par_1_60' title="bbox 2066 3252 3646 3327">
     <span class='ocr_line' id='line_1_60' title="bbox 2066 3252 3646 3327; baseline -0.008 -12"><span class='ocrx_word' id='word_1_419' title='bbox 2066 3275 2169 3315; x_wconf 92' lang='lat' dir='ltr'><strong>non</strong></span> <span class='ocrx_word' id='word_1_420' title='bbox 2200 3267 2308 3313; x_wconf 88' lang='lat' dir='ltr'><strong>tam</strong></span> <span class='ocrx_word' id='word_1_421' title='bbox 2328 3273 2487 3327; x_wconf 87' lang='lat' dir='ltr'><strong>quam</strong></span> <span class='ocrx_word' id='word_1_422' title='bbox 2509 3258 2710 3312; x_wconf 80' lang='lat' dir='ltr'><strong>sanctis</strong></span> <span class='ocrx_word' id='word_1_423' title='bbox 2740 3252 3214 3311; x_wconf 80' lang='lat' dir='ltr'><strong>exercitationibus</strong></span> <span class='ocrx_word' id='word_1_424' title='bbox 3242 3253 3459 3317; x_wconf 85' lang='lat' dir='ltr'><strong>fractus,</strong></span> <span class='ocrx_word' id='word_1_425' title='bbox 3485 3267 3646 3322; x_wconf 90' lang='lat' dir='ltr'><strong>quam</strong></span> 
     </span>
    </p>
   </div>
   <div class='ocr_carea' id='block_1_61' title="bbox 363 3342 1957 3427">
    <p class='ocr_par' dir='ltr' id='par_1_61' title="bbox 363 3342 1957 3427">
     <span class='ocr_line' id='line_1_61' title="bbox 363 3342 1957 3427; baseline 0.006 -33"><span class='ocrx_word' id='word_1_426' title='bbox 363 3342 587 3427; x_wconf 77' lang='lat' dir='ltr'><strong>tionem,</strong></span> <span class='ocrx_word' id='word_1_427' title='bbox 618 3357 786 3414; x_wconf 90' lang='lat' dir='ltr'><strong>quare</strong></span> <span class='ocrx_word' id='word_1_428' title='bbox 832 3358 937 3399; x_wconf 86' lang='lat' dir='ltr'><strong>non</strong></span> <span class='ocrx_word' id='word_1_429' title='bbox 998 3344 1155 3414; x_wconf 88' lang='lat' dir='ltr'><strong>plane</strong></span> <span class='ocrx_word' id='word_1_430' title='bbox 1186 3346 1340 3401; x_wconf 91' lang='lat' dir='ltr'><strong>nobis</strong></span> <span class='ocrx_word' id='word_1_431' title='bbox 1396 3347 1614 3415; x_wconf 82' lang='lat' dir='ltr'><strong>insuper</strong></span> <span class='ocrx_word' id='word_1_432' title='bbox 1677 3346 1957 3404; x_wconf 87' lang='lat' dir='ltr'><strong>habendus</strong></span> 
     </span>
    </p>
   </div>
   <div class='ocr_carea' id='block_1_62' title="bbox 360 3433 1957 3508">
    <p class='ocr_par' dir='ltr' id='par_1_62' title="bbox 360 3433 1957 3508">
     <span class='ocr_line' id='line_1_62' title="bbox 360 3433 1957 3508; baseline 0.003 -21"><span class='ocrx_word' id='word_1_433' title='bbox 360 3433 890 3491; x_wconf 77' lang='lat' dir='ltr'><strong>videtur.............</strong></span> <span class='ocrx_word' id='word_1_434' title='bbox 928 3435 1005 3490; x_wconf 86' lang='lat' dir='ltr'><strong>De</strong></span> <span class='ocrx_word' id='word_1_435' title='bbox 1027 3436 1329 3492; x_wconf 87' lang='lat' dir='ltr'><strong>eruditione</strong></span> <span class='ocrx_word' id='word_1_436' title='bbox 1354 3446 1530 3492; x_wconf 87' lang='lat' dir='ltr'><strong>autem</strong></span> <span class='ocrx_word' id='word_1_437' title='bbox 1562 3438 1719 3508; x_wconf 82' lang='lat' dir='ltr'><strong>hujus</strong></span> <span class='ocrx_word' id='word_1_438' title='bbox 1752 3454 1957 3508; x_wconf 72' lang='lat' dir='ltr'><strong>prtesu-</strong></span> 
     </span>
    </p>
   </div>
   <div class='ocr_carea' id='block_1_63' title="bbox 363 3525 1955 3601">
    <p class='ocr_par' dir='ltr' id='par_1_63' title="bbox 363 3525 1955 3601">
     <span class='ocr_line' id='line_1_63' title="bbox 363 3525 1955 3601; baseline 0.004 -21"><span class='ocrx_word' id='word_1_439' title='bbox 363 3529 450 3595; x_wconf 79' lang='lat' dir='ltr'><strong>lis,</strong></span> <span class='ocrx_word' id='word_1_440' title='bbox 483 3526 624 3597; x_wconf 89' lang='lat' dir='ltr'><strong>quod</strong></span> <span class='ocrx_word' id='word_1_441' title='bbox 643 3525 777 3593; x_wconf 78' lang='lat' dir='ltr'><strong>dixi,</strong></span> <span class='ocrx_word' id='word_1_442' title='bbox 808 3525 963 3582; x_wconf 78' lang='lat' dir='ltr'><strong>facile</strong></span> <span class='ocrx_word' id='word_1_443' title='bbox 983 3540 1232 3583; x_wconf 88' lang='lat' dir='ltr'><strong>auctores</strong></span> <span class='ocrx_word' id='word_1_444' title='bbox 1262 3530 1513 3599; x_wconf 87' lang='lat' dir='ltr'><strong>probant,</strong></span> <span class='ocrx_word' id='word_1_445' title='bbox 1542 3546 1675 3601; x_wconf 88' lang='lat' dir='ltr'><strong>quos</strong></span> <span class='ocrx_word' id='word_1_446' title='bbox 1705 3531 1955 3586; x_wconf 85' lang='lat' dir='ltr'><strong>nomina-</strong></span> 
     </span>
    </p>
   </div>
   <div class='ocr_carea' id='block_1_64' title="bbox 365 3619 1951 3695">
    <p class='ocr_par' dir='ltr' id='par_1_64' title="bbox 365 3619 1951 3695">
     <span class='ocr_line' id='line_1_64' title="bbox 365 3619 1951 3695; baseline 0.001 -20"><span class='ocrx_word' id='word_1_447' title='bbox 365 3620 457 3678; x_wconf 86' lang='lat' dir='ltr'><strong>titu</strong></span> <span class='ocrx_word' id='word_1_448' title='bbox 484 3620 649 3675; x_wconf 89' lang='lat' dir='ltr'><strong>citat:</strong></span> <span class='ocrx_word' id='word_1_449' title='bbox 685 3619 970 3685; x_wconf 86' lang='lat' dir='ltr'><strong>Homerus,</strong></span> <span class='ocrx_word' id='word_1_450' title='bbox 1004 3621 1319 3689; x_wconf 80' lang='lat' dir='ltr'><strong>Menander,</strong></span> <span class='ocrx_word' id='word_1_451' title='bbox 1339 3622 1726 3688; x_wconf 85' lang='lat' dir='ltr'><strong>Aratus,Catu,</strong></span> <span class='ocrx_word' id='word_1_452' title='bbox 1758 3623 1951 3695; x_wconf 78' lang='lat' dir='ltr'><strong>Pytha-</strong></span> 
     </span>
    </p>
   </div>
   <div class='ocr_carea' id='block_1_65' title="bbox 364 3712 1950 3786">
    <p class='ocr_par' dir='ltr' id='par_1_65' title="bbox 364 3712 1950 3786">
     <span class='ocr_line' id='line_1_65' title="bbox 364 3712 1950 3786; baseline 0.001 -18"><span class='ocrx_word' id='word_1_453' title='bbox 364 3728 543 3785; x_wconf 86' lang='lat' dir='ltr'><strong>goras,</strong></span> <span class='ocrx_word' id='word_1_454' title='bbox 594 3712 947 3783; x_wconf 83' lang='lat' dir='ltr'><strong>Chrysippus,</strong></span> <span class='ocrx_word' id='word_1_455' title='bbox 980 3712 1149 3779; x_wconf 81' lang='lat' dir='ltr'><strong>Piato,</strong></span> <span class='ocrx_word' id='word_1_456' title='bbox 1182 3712 1455 3779; x_wconf 87' lang='lat' dir='ltr'><strong>Cleantes,</strong></span> <span class='ocrx_word' id='word_1_457' title='bbox 1485 3712 1728 3778; x_wconf 85' lang='lat' dir='ltr'><strong>Ovidius,</strong></span> <span class='ocrx_word' id='word_1_458' title='bbox 1781 3714 1950 3786; x_wconf 81' lang='lat' dir='ltr'><strong>Virgi-</strong></span> 
     </span>
    </p>
   </div>
   <div class='ocr_carea' id='block_1_66' title="bbox 368 3801 1956 3878">
    <p class='ocr_par' dir='ltr' id='par_1_66' title="bbox 368 3801 1956 3878">
     <span class='ocr_line' id='line_1_66' title="bbox 368 3801 1956 3878; baseline 0.002 -19"><span class='ocrx_word' id='word_1_459' title='bbox 368 3808 492 3878; x_wconf 85' lang='lat' dir='ltr'><strong>lius,</strong></span> <span class='ocrx_word' id='word_1_460' title='bbox 522 3805 799 3872; x_wconf 84' lang='lat' dir='ltr'><strong>Horatius,</strong></span> <span class='ocrx_word' id='word_1_461' title='bbox 846 3801 1057 3871; x_wconf 89' lang='lat' dir='ltr'><strong>Cicero,</strong></span> <span class='ocrx_word' id='word_1_462' title='bbox 1096 3804 1380 3873; x_wconf 84' lang='lat' dir='ltr'><strong>Pindarus,</strong></span> <span class='ocrx_word' id='word_1_463' title='bbox 1431 3807 1691 3877; x_wconf 83' lang='lat' dir='ltr'><strong>Sappho;</strong></span> <span class='ocrx_word' id='word_1_464' title='bbox 1725 3807 1956 3876; x_wconf 78' lang='lat' dir='ltr'><strong>denique</strong></span> 
     </span>
    </p>
   </div>
   <div class='ocr_carea' id='block_1_67' title="bbox 366 3894 1957 3966">
    <p class='ocr_par' dir='ltr' id='par_1_67' title="bbox 366 3894 1957 3966">
     <span class='ocr_line' id='line_1_67' title="bbox 366 3894 1957 3966; baseline 0.004 -19"><span class='ocrx_word' id='word_1_465' title='bbox 366 3896 672 3966; x_wconf 83' lang='lat' dir='ltr'><strong>quicunque</strong></span> <span class='ocrx_word' id='word_1_466' title='bbox 698 3894 1028 3950; x_wconf 89' lang='lat' dir='ltr'><strong>celebriores</strong></span> <span class='ocrx_word' id='word_1_467' title='bbox 1059 3896 1197 3950; x_wconf 89' lang='lat' dir='ltr'><strong>inter</strong></span> <span class='ocrx_word' id='word_1_468' title='bbox 1226 3895 1467 3960; x_wconf 67' lang='lat' dir='ltr'><strong>Graecos,</strong></span> <span class='ocrx_word' id='word_1_469' title='bbox 1502 3896 1826 3965; x_wconf 86' lang='lat' dir='ltr'><strong>Latinosque</strong></span> <span class='ocrx_word' id='word_1_470' title='bbox 1856 3896 1957 3952; x_wconf 84' lang='lat' dir='ltr'><strong>Pa-</strong></span> 
     </span>
    </p>
   </div>
   <div class='ocr_carea' id='block_1_68' title="bbox 370 3987 1955 4057">
    <p class='ocr_par' dir='ltr' id='par_1_68' title="bbox 370 3987 1955 4057">
     <span class='ocr_line' id='line_1_68' title="bbox 370 3987 1955 4057; baseline 0.002 -16"><span class='ocrx_word' id='word_1_471' title='bbox 370 3999 498 4047; x_wconf 82' lang='lat' dir='ltr'><strong>tres.</strong></span> <span class='ocrx_word' id='word_1_472' title='bbox 531 4001 758 4056; x_wconf 89' lang='lat' dir='ltr'><strong>quorum</strong></span> <span class='ocrx_word' id='word_1_473' title='bbox 778 3996 886 4042; x_wconf 87' lang='lat' dir='ltr'><strong>tam</strong></span> <span class='ocrx_word' id='word_1_474' title='bbox 913 3987 1190 4057; x_wconf 83' lang='lat' dir='ltr'><strong>gentilibm</strong></span> <span class='ocrx_word' id='word_1_475' title='bbox 1210 4003 1368 4056; x_wconf 90' lang='lat' dir='ltr'><strong>quam</strong></span> <span class='ocrx_word' id='word_1_476' title='bbox 1396 3988 1823 4044; x_wconf 79' lang='lat' dir='ltr'><strong>Christianorum</strong></span> <span class='ocrx_word' id='word_1_477' title='bbox 1850 4005 1955 4044; x_wconf 92' lang='lat' dir='ltr'><strong>non</strong></span> 
     </span>
    </p>
   </div>
   <div class='ocr_carea' id='block_1_69' title="bbox 367 4078 1956 4151">
    <p class='ocr_par' dir='ltr' id='par_1_69' title="bbox 367 4078 1956 4151">
     <span class='ocr_line' id='line_1_69' title="bbox 367 4078 1956 4151; baseline -0.001 -16"><span class='ocrx_word' id='word_1_478' title='bbox 367 4081 541 4135; x_wconf 86' lang='lat' dir='ltr'><strong>solum</strong></span> <span class='ocrx_word' id='word_1_479' title='bbox 595 4078 812 4135; x_wconf 88' lang='lat' dir='ltr'><strong>nomina</strong></span> <span class='ocrx_word' id='word_1_480' title='bbox 845 4078 1020 4150; x_wconf 89' lang='lat' dir='ltr'><strong>ponit,</strong></span> <span class='ocrx_word' id='word_1_481' title='bbox 1051 4078 1144 4135; x_wconf 87' lang='lat' dir='ltr'><strong>sed</strong></span> <span class='ocrx_word' id='word_1_482' title='bbox 1191 4079 1429 4151; x_wconf 89' lang='lat' dir='ltr'><strong>phrasim</strong></span> <span class='ocrx_word' id='word_1_483' title='bbox 1458 4080 1655 4149; x_wconf 67' lang='lat' dir='ltr'><strong>saepius</strong></span> <span class='ocrx_word' id='word_1_484' title='bbox 1682 4081 1956 4150; x_wconf 85' lang='lat' dir='ltr'><strong>exprimit,</strong></span> 
     </span>
    </p>
   </div>
   <div class='ocr_carea' id='block_1_70' title="bbox 368 4171 1955 4244">
    <p class='ocr_par' dir='ltr' id='par_1_70' title="bbox 368 4171 1955 4244">
     <span class='ocr_line' id='line_1_70' title="bbox 368 4171 1955 4244; baseline -0.001 -15"><span class='ocrx_word' id='word_1_485' title='bbox 368 4174 776 4244; x_wconf 87' lang='lat' dir='ltr'><strong>doctrinamque</strong></span> <span class='ocrx_word' id='word_1_486' title='bbox 800 4173 1040 4229; x_wconf 88' lang='lat' dir='ltr'><strong>numeris</strong></span> <span class='ocrx_word' id='word_1_487' title='bbox 1061 4172 1355 4228; x_wconf 89' lang='lat' dir='ltr'><strong>concludit.</strong></span> <span class='ocrx_word' id='word_1_488' title='bbox 1380 4171 1532 4228; x_wconf 85' lang='lat' dir='ltr'><strong>Adde</strong></span> <span class='ocrx_word' id='word_1_489' title='bbox 1550 4188 1656 4227; x_wconf 90' lang='lat' dir='ltr'><strong>non</strong></span> <span class='ocrx_word' id='word_1_490' title='bbox 1682 4175 1955 4244; x_wconf 81' lang='lat' dir='ltr'><strong>vulgarem</strong></span> 
     </span>
    </p>
   </div>
   <div class='ocr_carea' id='block_1_71' title="bbox 369 4263 1958 4337">
    <p class='ocr_par' dir='ltr' id='par_1_71' title="bbox 369 4263 1958 4337">
     <span class='ocr_line' id='line_1_71' title="bbox 369 4263 1958 4337; baseline 0.001 -17"><span class='ocrx_word' id='word_1_491' title='bbox 369 4265 608 4321; x_wconf 70' lang='lat' dir='ltr'><strong>historiae</strong></span> <span class='ocrx_word' id='word_1_492' title='bbox 650 4274 706 4320; x_wconf 92' lang='lat' dir='ltr'><strong>et</strong></span> <span class='ocrx_word' id='word_1_493' title='bbox 733 4263 1073 4337; x_wconf 75' lang='lat' dir='ltr'><strong>geographia:</strong></span> <span class='ocrx_word' id='word_1_494' title='bbox 1102 4279 1169 4320; x_wconf 90' lang='lat' dir='ltr'><strong>eo</strong></span> <span class='ocrx_word' id='word_1_495' title='bbox 1203 4273 1447 4335; x_wconf 88' lang='lat' dir='ltr'><strong>tempore</strong></span> <span class='ocrx_word' id='word_1_496' title='bbox 1493 4264 1738 4319; x_wconf 88' lang='lat' dir='ltr'><strong>notitiam</strong></span> <span class='ocrx_word' id='word_1_497' title='bbox 1774 4283 1789 4332; x_wconf 88' lang='lat'><strong>;</strong></span> <span class='ocrx_word' id='word_1_498' title='bbox 1823 4266 1958 4321; x_wconf 88' lang='lat' dir='ltr'><strong>adde</strong></span> 
     </span>
    </p>
   </div>
   <div class='ocr_carea' id='block_1_72' title="bbox 371 4357 1959 4430">
    <p class='ocr_par' dir='ltr' id='par_1_72' title="bbox 371 4357 1959 4430">
     <span class='ocr_line' id='line_1_72' title="bbox 371 4357 1959 4430; baseline 0 -20"><span class='ocrx_word' id='word_1_499' title='bbox 371 4359 620 4430; x_wconf 82' lang='lat' dir='ltr'><strong>physices</strong></span> <span class='ocrx_word' id='word_1_500' title='bbox 649 4372 753 4412; x_wconf 92' lang='lat' dir='ltr'><strong>non</strong></span> <span class='ocrx_word' id='word_1_501' title='bbox 776 4357 961 4414; x_wconf 87' lang='lat' dir='ltr'><strong>infelix</strong></span> <span class='ocrx_word' id='word_1_502' title='bbox 990 4358 1255 4423; x_wconf 89' lang='lat' dir='ltr'><strong>studium,</strong></span> <span class='ocrx_word' id='word_1_503' title='bbox 1291 4368 1347 4411; x_wconf 92' lang='lat' dir='ltr'><strong>ut</strong></span> <span class='ocrx_word' id='word_1_504' title='bbox 1367 4372 1433 4412; x_wconf 87' lang='lat' dir='ltr'><strong>ex</strong></span> <span class='ocrx_word' id='word_1_505' title='bbox 1460 4357 1742 4411; x_wconf 80' lang='lat' dir='ltr'><strong>herbarum</strong></span> <span class='ocrx_word' id='word_1_506' title='bbox 1770 4402 1784 4424; x_wconf 90' lang='lat'><strong>,</strong></span> <span class='ocrx_word' id='word_1_507' title='bbox 1809 4372 1959 4427; x_wconf 85' lang='lat' dir='ltr'><strong>gem-</strong></span> 
     </span>
    </p>
   </div>
   <div class='ocr_carea' id='block_1_73' title="bbox 368 4452 1959 4519">
    <p class='ocr_par' dir='ltr' id='par_1_73' title="bbox 368 4452 1959 4519">
     <span class='ocr_line' id='line_1_73' title="bbox 368 4452 1959 4519; baseline -0.001 -12"><span class='ocrx_word' id='word_1_508' title='bbox 368 4466 597 4517; x_wconf 86' lang='lat' dir='ltr'><strong>marum,</strong></span> <span class='ocrx_word' id='word_1_509' title='bbox 625 4455 876 4506; x_wconf 87' lang='lat' dir='ltr'><strong>arborum</strong></span> <span class='ocrx_word' id='word_1_510' title='bbox 900 4491 918 4517; x_wconf 89' lang='lat'><strong>,</strong></span> <span class='ocrx_word' id='word_1_511' title='bbox 968 4460 1267 4505; x_wconf 85' lang='lat' dir='ltr'><strong>aromatum</strong></span> <span class='ocrx_word' id='word_1_512' title='bbox 1312 4452 1593 4519; x_wconf 86' lang='lat' dir='ltr'><strong>speciebus</strong></span> <span class='ocrx_word' id='word_1_513' title='bbox 1628 4458 1862 4516; x_wconf 70' lang='lat' dir='ltr'><strong>constat,</strong></span> <span class='ocrx_word' id='word_1_514' title='bbox 1890 4452 1959 4506; x_wconf 86' lang='lat' dir='ltr'><strong>de</strong></span> 
     </span>
    </p>
   </div>
   <div class='ocr_carea' id='block_1_74' title="bbox 369 4542 1613 4620">
    <p class='ocr_par' dir='ltr' id='par_1_74' title="bbox 369 4542 1613 4620">
     <span class='ocr_line' id='line_1_74' title="bbox 369 4542 1613 4620; baseline -0.004 -17"><span class='ocrx_word' id='word_1_515' title='bbox 369 4546 566 4620; x_wconf 84' lang='lat' dir='ltr'><strong>quibus</strong></span> <span class='ocrx_word' id='word_1_516' title='bbox 585 4543 872 4601; x_wconf 89' lang='lat' dir='ltr'><strong>commode</strong></span> <span class='ocrx_word' id='word_1_517' title='bbox 902 4552 958 4598; x_wconf 90' lang='lat' dir='ltr'><strong>et</strong></span> <span class='ocrx_word' id='word_1_518' title='bbox 985 4545 1195 4599; x_wconf 85' lang='lat' dir='ltr'><strong>erudite</strong></span> <span class='ocrx_word' id='word_1_519' title='bbox 1224 4542 1480 4613; x_wconf 89' lang='lat' dir='ltr'><strong>loquitur,</strong></span> <span class='ocrx_word' id='word_1_520' title='bbox 1508 4553 1613 4599; x_wconf 91' lang='lat' dir='ltr'><strong>etc.</strong></span> 
     </span>
    </p>
   </div>
   <div class='ocr_carea' id='block_1_75' title="bbox 824 4673 1524 4747">
    <p class='ocr_par' dir='ltr' id='par_1_75' title="bbox 824 4673 1524 4747">
     <span class='ocr_line' id='line_1_75' title="bbox 824 4673 1524 4747; baseline -0.001 -15"><span class='ocrx_word' id='word_1_521' title='bbox 824 4675 973 4732; x_wconf 77' lang='lat' dir='ltr'><strong>Idem</strong></span> <span class='ocrx_word' id='word_1_522' title='bbox 1000 4675 1092 4731; x_wconf 82' lang='lat' dir='ltr'><strong>lib.</strong></span> <span class='ocrx_word' id='word_1_523' title='bbox 1127 4690 1274 4741; x_wconf 75' lang='lat' dir='ltr'><strong>aut,</strong></span> <span class='ocrx_word' id='word_1_524' title='bbox 1310 4690 1425 4747; x_wconf 73' lang='lat' dir='ltr'><strong>cap.</strong></span> <span class='ocrx_word' id='word_1_525' title='bbox 1468 4673 1524 4731; x_wconf 77' lang='lat'><strong>5.</strong></span> 
     </span>
    </p>
   </div>
   <div class='ocr_carea' id='block_1_76' title="bbox 441 4769 1959 4843">
    <p class='ocr_par' dir='ltr' id='par_1_76' title="bbox 441 4769 1959 4843">
     <span class='ocr_line' id='line_1_76' title="bbox 441 4769 1959 4843; baseline -0.002 -17"><span class='ocrx_word' id='word_1_526' title='bbox 441 4772 540 4843; x_wconf 81' lang='lat' dir='ltr'><strong>Qui</strong></span> <span class='ocrx_word' id='word_1_527' title='bbox 592 4771 909 4827; x_wconf 85' lang='lat' dir='ltr'><strong>Venantium</strong></span> <span class='ocrx_word' id='word_1_528' title='bbox 968 4769 1318 4826; x_wconf 82' lang='lat' dir='ltr'><strong>Fortunatam</strong></span> <span class='ocrx_word' id='word_1_529' title='bbox 1367 4770 1675 4836; x_wconf 88' lang='lat' dir='ltr'><strong>ediderunt,</strong></span> <span class='ocrx_word' id='word_1_530' title='bbox 1731 4770 1959 4825; x_wconf 90' lang='lat' dir='ltr'><strong>multum</strong></span> 
     </span>
    </p>
   </div>
   <div class='ocr_carea' id='block_1_77' title="bbox 373 4861 1961 4943">
    <p class='ocr_par' dir='ltr' id='par_1_77' title="bbox 373 4861 1961 4943">
     <span class='ocr_line' id='line_1_77' title="bbox 373 4861 1961 4943; baseline -0.003 -23"><span class='ocrx_word' id='word_1_531' title='bbox 373 4869 559 4943; x_wconf 58' lang='lat' dir='ltr'><strong>gratia:</strong></span> <span class='ocrx_word' id='word_1_532' title='bbox 606 4873 1024 4938; x_wconf 87' lang='lat' dir='ltr'><strong>promeruerunt</strong></span> <span class='ocrx_word' id='word_1_533' title='bbox 1050 4863 1116 4918; x_wconf 87' lang='lat' dir='ltr'><strong>ab</strong></span> <span class='ocrx_word' id='word_1_534' title='bbox 1146 4863 1396 4918; x_wconf 91' lang='lat' dir='ltr'><strong>omnibus</strong></span> <span class='ocrx_word' id='word_1_535' title='bbox 1424 4871 1643 4917; x_wconf 86' lang='lat' dir='ltr'><strong>aetatum</strong></span> <span class='ocrx_word' id='word_1_536' title='bbox 1693 4861 1961 4918; x_wconf 83' lang='lat' dir='ltr'><strong>Christia-</strong></span> 
     </span>
    </p>
   </div>
   <div class='ocr_carea' id='block_1_78' title="bbox 373 4954 1962 5016">
    <p class='ocr_par' dir='ltr' id='par_1_78' title="bbox 373 4954 1962 5016">
     <span class='ocr_line' id='line_1_78' title="bbox 373 4954 1962 5016; baseline -0.005 0"><span class='ocrx_word' id='word_1_537' title='bbox 373 4974 562 5016; x_wconf 88' lang='lat' dir='ltr'><strong>narum</strong></span> <span class='ocrx_word' id='word_1_538' title='bbox 593 4957 909 5014; x_wconf 87' lang='lat' dir='ltr'><strong>lectoribus.</strong></span> <span class='ocrx_word' id='word_1_539' title='bbox 940 4956 1148 5011; x_wconf 88' lang='lat' dir='ltr'><strong>Infinita</strong></span> <span class='ocrx_word' id='word_1_540' title='bbox 1181 4956 1324 5011; x_wconf 79' lang='lat' dir='ltr'><strong>enim</strong></span> <span class='ocrx_word' id='word_1_541' title='bbox 1351 4965 1478 5009; x_wconf 89' lang='lat' dir='ltr'><strong>sunt</strong></span> <span class='ocrx_word' id='word_1_542' title='bbox 1505 4954 1571 5009; x_wconf 88' lang='lat' dir='ltr'><strong>ad</strong></span> <span class='ocrx_word' id='word_1_543' title='bbox 1590 4954 1859 5009; x_wconf 82' lang='lat' dir='ltr'><strong>clarurum</strong></span> <span class='ocrx_word' id='word_1_544' title='bbox 1880 4955 1962 5008; x_wconf 77' lang='lat' dir='ltr'><strong>vi-</strong></span> 
     </span>
    </p>
   </div>
   <div class='ocr_carea' id='block_1_79' title="bbox 374 5051 1993 5126">
    <p class='ocr_par' dir='ltr' id='par_1_79' title="bbox 374 5051 1993 5126">
     <span class='ocr_line' id='line_1_79' title="bbox 374 5051 1993 5126; baseline -0.009 -9"><span class='ocrx_word' id='word_1_545' title='bbox 374 5057 831 5123; x_wconf 84' lang='lat' dir='ltr'><strong>rorum,urbium,</strong></span> <span class='ocrx_word' id='word_1_546' title='bbox 856 5055 1195 5126; x_wconf 84' lang='lat' dir='ltr'><strong>populorum,</strong></span> <span class='ocrx_word' id='word_1_547' title='bbox 1216 5069 1423 5109; x_wconf 92' lang='lat' dir='ltr'><strong>morum</strong></span> <span class='ocrx_word' id='word_1_548' title='bbox 1447 5061 1503 5108; x_wconf 90' lang='lat' dir='ltr'><strong>et</strong></span> <span class='ocrx_word' id='word_1_549' title='bbox 1548 5051 1791 5106; x_wconf 67' lang='lat' dir='ltr'><strong>historiae</strong></span> <span class='ocrx_word' id='word_1_550' title='bbox 1821 5051 1993 5105; x_wconf 79' lang='lat' dir='ltr'><strong>illus--</strong></span> 
     </span>
    </p>
   </div>
   <div class='ocr_carea' id='block_1_80' title="bbox 377 5143 1967 5217">
    <p class='ocr_par' dir='ltr' id='par_1_80' title="bbox 377 5143 1967 5217">
     <span class='ocr_line' id='line_1_80' title="bbox 377 5143 1967 5217; baseline -0.006 -9"><span class='ocrx_word' id='word_1_551' title='bbox 377 5156 688 5214; x_wconf 88' lang='lat' dir='ltr'><strong>trationem,</strong></span> <span class='ocrx_word' id='word_1_552' title='bbox 714 5149 992 5204; x_wconf 87' lang='lat' dir='ltr'><strong>utilissima</strong></span> <span class='ocrx_word' id='word_1_553' title='bbox 1026 5150 1079 5201; x_wconf 92' lang='lat' dir='ltr'><strong>in</strong></span> <span class='ocrx_word' id='word_1_554' title='bbox 1111 5148 1201 5201; x_wconf 91' lang='lat' dir='ltr'><strong>illo</strong></span> <span class='ocrx_word' id='word_1_555' title='bbox 1232 5146 1450 5200; x_wconf 81' lang='lat' dir='ltr'><strong>maximi</strong></span> <span class='ocrx_word' id='word_1_556' title='bbox 1476 5143 1677 5217; x_wconf 84' lang='lat' dir='ltr'><strong>ingenii</strong></span> <span class='ocrx_word' id='word_1_557' title='bbox 1700 5154 1838 5207; x_wconf 87' lang='lat' dir='ltr'><strong>vate,</strong></span> <span class='ocrx_word' id='word_1_558' title='bbox 1864 5158 1967 5200; x_wconf 88' lang='lat' dir='ltr'><strong>nec</strong></span> 
     </span>
    </p>
   </div>
   <div class='ocr_carea' id='block_1_81' title="bbox 374 5235 1963 5308">
    <p class='ocr_par' dir='ltr' id='par_1_81' title="bbox 374 5235 1963 5308">
     <span class='ocr_line' id='line_1_81' title="bbox 374 5235 1963 5308; baseline -0.007 -5"><span class='ocrx_word' id='word_1_559' title='bbox 374 5242 661 5303; x_wconf 88' lang='lat' dir='ltr'><strong>infeliciter</strong></span> <span class='ocrx_word' id='word_1_560' title='bbox 688 5241 762 5297; x_wconf 89' lang='lat' dir='ltr'><strong>ab</strong></span> <span class='ocrx_word' id='word_1_561' title='bbox 789 5240 977 5296; x_wconf 79' lang='lat' dir='ltr'><strong>iisdem</strong></span> <span class='ocrx_word' id='word_1_562' title='bbox 990 5253 1054 5295; x_wconf 84' lang='lat' dir='ltr'><strong>ex</strong></span> <span class='ocrx_word' id='word_1_563' title='bbox 1084 5246 1232 5308; x_wconf 89' lang='lat' dir='ltr'><strong>parte</strong></span> <span class='ocrx_word' id='word_1_564' title='bbox 1254 5246 1503 5292; x_wconf 82' lang='lat' dir='ltr'><strong>enarrata</strong></span> <span class='ocrx_word' id='word_1_565' title='bbox 1520 5247 1682 5307; x_wconf 88' lang='lat' dir='ltr'><strong>atque</strong></span> <span class='ocrx_word' id='word_1_566' title='bbox 1696 5235 1963 5306; x_wconf 82' lang='lat' dir='ltr'><strong>exposita.</strong></span> 
     </span>
    </p>
   </div>
   <div class='ocr_carea' id='block_1_82' title="bbox 376 5326 1967 5399">
    <p class='ocr_par' dir='ltr' id='par_1_82' title="bbox 376 5326 1967 5399">
     <span class='ocr_line' id='line_1_82' title="bbox 376 5326 1967 5399; baseline -0.007 -7"><span class='ocrx_word' id='word_1_567' title='bbox 376 5334 585 5393; x_wconf 78' lang='lat' dir='ltr'><strong>Tamen</strong></span> <span class='ocrx_word' id='word_1_568' title='bbox 631 5347 741 5388; x_wconf 91' lang='lat' dir='ltr'><strong>non</strong></span> <span class='ocrx_word' id='word_1_569' title='bbox 768 5331 885 5387; x_wconf 83' lang='lat' dir='ltr'><strong>sine</strong></span> <span class='ocrx_word' id='word_1_570' title='bbox 912 5339 1037 5385; x_wconf 84' lang='lat' dir='ltr'><strong>nota</strong></span> <span class='ocrx_word' id='word_1_571' title='bbox 1092 5327 1362 5399; x_wconf 87' lang='lat' dir='ltr'><strong>properati</strong></span> <span class='ocrx_word' id='word_1_572' title='bbox 1393 5326 1556 5383; x_wconf 87' lang='lat' dir='ltr'><strong>nimis</strong></span> <span class='ocrx_word' id='word_1_573' title='bbox 1583 5326 1766 5395; x_wconf 85' lang='lat' dir='ltr'><strong>operis</strong></span> <span class='ocrx_word' id='word_1_574' title='bbox 1795 5370 1811 5394; x_wconf 94' lang='lat'><strong>,</strong></span> <span class='ocrx_word' id='word_1_575' title='bbox 1845 5342 1967 5396; x_wconf 74' lang='lat' dir='ltr'><strong>qua:</strong></span> 
     </span>
    </p>
   </div>
   <div class='ocr_carea' id='block_1_83' title="bbox 376 5420 1962 5494">
    <p class='ocr_par' dir='ltr' id='par_1_83' title="bbox 376 5420 1962 5494">
     <span class='ocr_line' id='line_1_83' title="bbox 376 5420 1962 5494; baseline -0.007 -9"><span class='ocrx_word' id='word_1_576' title='bbox 376 5428 443 5485; x_wconf 88' lang='lat' dir='ltr'><strong>ad</strong></span> <span class='ocrx_word' id='word_1_577' title='bbox 467 5427 805 5485; x_wconf 78' lang='lat' dir='ltr'><strong>intellectum</strong></span> <span class='ocrx_word' id='word_1_578' title='bbox 834 5425 952 5493; x_wconf 87' lang='lat' dir='ltr'><strong>ejus</strong></span> <span class='ocrx_word' id='word_1_579' title='bbox 981 5424 1253 5493; x_wconf 89' lang='lat' dir='ltr'><strong>pertinent</strong></span> <span class='ocrx_word' id='word_1_580' title='bbox 1281 5420 1458 5494; x_wconf 87' lang='lat' dir='ltr'><strong>quoad</strong></span> <span class='ocrx_word' id='word_1_581' title='bbox 1498 5434 1697 5490; x_wconf 87' lang='lat' dir='ltr'><strong>genera</strong></span> <span class='ocrx_word' id='word_1_582' title='bbox 1748 5420 1962 5475; x_wconf 83' lang='lat' dir='ltr'><strong>dicendi</strong></span> 
     </span>
    </p>
   </div>
   <div class='ocr_carea' id='block_1_84' title="bbox 372 5513 1962 5593">
    <p class='ocr_par' dir='ltr' id='par_1_84' title="bbox 372 5513 1962 5593">
     <span class='ocr_line' id='line_1_84' title="bbox 372 5513 1962 5593; baseline -0.005 -16"><span class='ocrx_word' id='word_1_583' title='bbox 372 5533 431 5577; x_wconf 85' lang='lat' dir='ltr'><strong>et</strong></span> <span class='ocrx_word' id='word_1_584' title='bbox 458 5519 658 5593; x_wconf 81' lang='lat' dir='ltr'><strong>stylum</strong></span> <span class='ocrx_word' id='word_1_585' title='bbox 689 5515 1067 5588; x_wconf 85' lang='lat' dir='ltr'><strong>ipsum,ctiam</strong></span> <span class='ocrx_word' id='word_1_586' title='bbox 1095 5516 1207 5570; x_wconf 86' lang='lat' dir='ltr'><strong>loca</strong></span> <span class='ocrx_word' id='word_1_587' title='bbox 1241 5513 1453 5569; x_wconf 88' lang='lat' dir='ltr'><strong>mendis</strong></span> <span class='ocrx_word' id='word_1_588' title='bbox 1479 5513 1752 5583; x_wconf 83' lang='lat' dir='ltr'><strong>inquinata</strong></span> <span class='ocrx_word' id='word_1_589' title='bbox 1772 5528 1962 5583; x_wconf 87' lang='lat' dir='ltr'><strong>parum</strong></span> 
     </span>
    </p>
   </div>
   <div class='ocr_carea' id='block_1_85' title="bbox 372 5604 1959 5677">
    <p class='ocr_par' dir='ltr' id='par_1_85' title="bbox 372 5604 1959 5677">
     <span class='ocr_line' id='line_1_85' title="bbox 372 5604 1959 5677; baseline -0.006 -8"><span class='ocrx_word' id='word_1_590' title='bbox 372 5610 548 5669; x_wconf 78' lang='lat' dir='ltr'><strong>eidem</strong></span> <span class='ocrx_word' id='word_1_591' title='bbox 576 5608 945 5664; x_wconf 80' lang='lat' dir='ltr'><strong>contulerunt.</strong></span> <span class='ocrx_word' id='word_1_592' title='bbox 973 5606 1148 5677; x_wconf 84' lang='lat' dir='ltr'><strong>Atque</strong></span> <span class='ocrx_word' id='word_1_593' title='bbox 1198 5605 1318 5660; x_wconf 81' lang='lat' dir='ltr'><strong>talis</strong></span> <span class='ocrx_word' id='word_1_594' title='bbox 1349 5606 1439 5673; x_wconf 90' lang='lat' dir='ltr'><strong>qui</strong></span> <span class='ocrx_word' id='word_1_595' title='bbox 1471 5606 1524 5659; x_wconf 89' lang='lat' dir='ltr'><strong>iu</strong></span> <span class='ocrx_word' id='word_1_596' title='bbox 1576 5604 1715 5659; x_wconf 86' lang='lat' dir='ltr'><strong>hunc</strong></span> <span class='ocrx_word' id='word_1_597' title='bbox 1745 5617 1959 5674; x_wconf 87' lang='lat' dir='ltr'><strong>poetam</strong></span> 
     </span>
    </p>
   </div>
   <div class='ocr_carea' id='block_1_86' title="bbox 375 5695 1965 5769">
    <p class='ocr_par' dir='ltr' id='par_1_86' title="bbox 375 5695 1965 5769">
     <span class='ocr_line' id='line_1_86' title="bbox 375 5695 1965 5769; baseline -0.004 -10"><span class='ocrx_word' id='word_1_598' title='bbox 375 5715 527 5760; x_wconf 81' lang='lat' dir='ltr'><strong>notas</strong></span> <span class='ocrx_word' id='word_1_599' title='bbox 557 5699 919 5757; x_wconf 76' lang='lat' dir='ltr'><strong>elahoraverit</strong></span> <span class='ocrx_word' id='word_1_600' title='bbox 948 5740 968 5766; x_wconf 92' lang='lat'><strong>,</strong></span> <span class='ocrx_word' id='word_1_601' title='bbox 1016 5713 1124 5753; x_wconf 91' lang='lat' dir='ltr'><strong>non</strong></span> <span class='ocrx_word' id='word_1_602' title='bbox 1172 5696 1345 5752; x_wconf 90' lang='lat' dir='ltr'><strong>solum</strong></span> <span class='ocrx_word' id='word_1_603' title='bbox 1406 5695 1583 5769; x_wconf 88' lang='lat' dir='ltr'><strong>ipsum</strong></span> <span class='ocrx_word' id='word_1_604' title='bbox 1614 5736 1629 5761; x_wconf 92' lang='lat'><strong>,</strong></span> <span class='ocrx_word' id='word_1_605' title='bbox 1663 5697 1753 5751; x_wconf 78' lang='lat' dir='ltr'><strong>sed</strong></span> <span class='ocrx_word' id='word_1_606' title='bbox 1804 5710 1965 5753; x_wconf 87' lang='lat' dir='ltr'><strong>omne</strong></span> 
     </span>
    </p>
   </div>
   <div class='ocr_carea' id='block_1_87' title="bbox 372 5789 1959 5870">
    <p class='ocr_par' dir='ltr' id='par_1_87' title="bbox 372 5789 1959 5870">
     <span class='ocr_line' id='line_1_87' title="bbox 372 5789 1959 5870; baseline -0.006 -16"><span class='ocrx_word' id='word_1_607' title='bbox 372 5799 542 5870; x_wconf 72' lang='lat' dir='ltr'><strong>ipsius</strong></span> <span class='ocrx_word' id='word_1_608' title='bbox 571 5793 852 5860; x_wconf 60' lang='lat' dir='ltr'><strong>saxulum,</strong></span> <span class='ocrx_word' id='word_1_609' title='bbox 875 5808 996 5848; x_wconf 84' lang='lat' dir='ltr'><strong>cum</strong></span> <span class='ocrx_word' id='word_1_610' title='bbox 1017 5792 1287 5847; x_wconf 87' lang='lat' dir='ltr'><strong>universis</strong></span> <span class='ocrx_word' id='word_1_611' title='bbox 1305 5789 1654 5860; x_wconf 76' lang='lat' dir='ltr'><strong>sequentibus</strong></span> <span class='ocrx_word' id='word_1_612' title='bbox 1676 5790 1959 5857; x_wconf 76' lang='lat' dir='ltr'><strong>attjnvcrit.</strong></span> 
     </span>
    </p>
   </div>
   <div class='ocr_carea' id='block_1_88' title="bbox 373 5878 1959 5953">
    <p class='ocr_par' dir='ltr' id='par_1_88' title="bbox 373 5878 1959 5953">
     <span class='ocr_line' id='line_1_88' title="bbox 373 5878 1959 5953; baseline -0.009 -4"><span class='ocrx_word' id='word_1_613' title='bbox 373 5897 452 5949; x_wconf 73' lang='lat' dir='ltr'><strong>Ad</strong></span> <span class='ocrx_word' id='word_1_614' title='bbox 480 5892 623 5949; x_wconf 70' lang='lat' dir='ltr'><strong>hunc</strong></span> <span class='ocrx_word' id='word_1_615' title='bbox 644 5887 786 5945; x_wconf 89' lang='lat' dir='ltr'><strong>cnim</strong></span> <span class='ocrx_word' id='word_1_616' title='bbox 811 5881 1415 5946; x_wconf 77' lang='lat' dir='ltr'><strong>Fortunatutn,vclutad</strong></span> <span class='ocrx_word' id='word_1_617' title='bbox 1439 5878 1753 5952; x_wconf 82' lang='lat' dir='ltr'><strong>Calliopium</strong></span> <span class='ocrx_word' id='word_1_618' title='bbox 1778 5896 1959 5953; x_wconf 79' lang='lat' dir='ltr'><strong>quom-</strong></span> 
     </span>
    </p>
   </div>
   <div class='ocr_carea' id='block_1_89' title="bbox 2064 3344 3647 3412">
    <p class='ocr_par' dir='ltr' id='par_1_89' title="bbox 2064 3344 3647 3412">
     <span class='ocr_line' id='line_1_89' title="bbox 2064 3344 3647 3412; baseline -0.006 -6"><span class='ocrx_word' id='word_1_619' title='bbox 2064 3367 2185 3407; x_wconf 90' lang='lat' dir='ltr'><strong>cttm</strong></span> <span class='ocrx_word' id='word_1_620' title='bbox 2216 3352 2269 3406; x_wconf 94' lang='lat' dir='ltr'><strong>in</strong></span> <span class='ocrx_word' id='word_1_621' title='bbox 2299 3350 2515 3406; x_wconf 84' lang='lat' dir='ltr'><strong>assidua</strong></span> <span class='ocrx_word' id='word_1_622' title='bbox 2560 3350 2699 3405; x_wconf 88' lang='lat' dir='ltr'><strong>sacri</strong></span> <span class='ocrx_word' id='word_1_623' title='bbox 2752 3350 2990 3404; x_wconf 88' lang='lat' dir='ltr'><strong>tnuneris</strong></span> <span class='ocrx_word' id='word_1_624' title='bbox 3028 3347 3395 3412; x_wconf 81' lang='lat' dir='ltr'><strong>exsecutione,</strong></span> <span class='ocrx_word' id='word_1_625' title='bbox 3433 3355 3542 3399; x_wconf 90' lang='lat' dir='ltr'><strong>tum</strong></span> <span class='ocrx_word' id='word_1_626' title='bbox 3594 3344 3647 3399; x_wconf 94' lang='lat' dir='ltr'><strong>in</strong></span> 
     </span>
    </p>
   </div>
   <div class='ocr_carea' id='block_1_90' title="bbox 2058 3438 3642 3511">
    <p class='ocr_par' dir='ltr' id='par_1_90' title="bbox 2058 3438 3642 3511">
     <span class='ocr_line' id='line_1_90' title="bbox 2058 3438 3642 3511; baseline -0.007 -13"><span class='ocrx_word' id='word_1_627' title='bbox 2058 3442 2381 3498; x_wconf 75' lang='lat' dir='ltr'><strong>Christiana:</strong></span> <span class='ocrx_word' id='word_1_628' title='bbox 2427 3442 2707 3507; x_wconf 71' lang='lat' dir='ltr'><strong>sapientia:</strong></span> <span class='ocrx_word' id='word_1_629' title='bbox 2752 3440 2896 3494; x_wconf 89' lang='lat' dir='ltr'><strong>cultu</strong></span> <span class='ocrx_word' id='word_1_630' title='bbox 2953 3449 3007 3494; x_wconf 86' lang='lat' dir='ltr'><strong>et</strong></span> <span class='ocrx_word' id='word_1_631' title='bbox 3037 3438 3373 3511; x_wconf 86' lang='lat' dir='ltr'><strong>egregiorum</strong></span> <span class='ocrx_word' id='word_1_632' title='bbox 3420 3452 3642 3505; x_wconf 86' lang='lat' dir='ltr'><strong>operum</strong></span> 
     </span>
    </p>
   </div>
   <div class='ocr_carea' id='block_1_91' title="bbox 2058 3531 3647 3599">
    <p class='ocr_par' dir='ltr' id='par_1_91' title="bbox 2058 3531 3647 3599">
     <span class='ocr_line' id='line_1_91' title="bbox 2058 3531 3647 3599; baseline -0.007 -9"><span class='ocrx_word' id='word_1_633' title='bbox 2058 3534 2370 3590; x_wconf 85' lang='lat' dir='ltr'><strong>exarationc</strong></span> <span class='ocrx_word' id='word_1_634' title='bbox 2419 3534 2606 3599; x_wconf 85' lang='lat' dir='ltr'><strong>suhiit,</strong></span> <span class='ocrx_word' id='word_1_635' title='bbox 2652 3533 2757 3587; x_wconf 88' lang='lat' dir='ltr'><strong>fine</strong></span> <span class='ocrx_word' id='word_1_636' title='bbox 2809 3531 2965 3587; x_wconf 77' lang='lat' dir='ltr'><strong>heito</strong></span> <span class='ocrx_word' id='word_1_637' title='bbox 3016 3540 3443 3594; x_wconf 86' lang='lat' dir='ltr'><strong>consummatur,</strong></span> <span class='ocrx_word' id='word_1_638' title='bbox 3486 3537 3647 3594; x_wconf 85' lang='lat' dir='ltr'><strong>atque</strong></span> 
     </span>
    </p>
   </div>
   <div class='ocr_carea' id='block_1_92' title="bbox 2060 3620 3651 3695">
    <p class='ocr_par' dir='ltr' id='par_1_92' title="bbox 2060 3620 3651 3695">
     <span class='ocr_line' id='line_1_92' title="bbox 2060 3620 3651 3695; baseline -0.007 -13"><span class='ocrx_word' id='word_1_639' title='bbox 2060 3628 2127 3682; x_wconf 90' lang='lat' dir='ltr'><strong>ad</strong></span> <span class='ocrx_word' id='word_1_640' title='bbox 2158 3628 2393 3682; x_wconf 85' lang='lat' dir='ltr'><strong>lauream</strong></span> <span class='ocrx_word' id='word_1_641' title='bbox 2436 3627 2715 3681; x_wconf 68' lang='lat' dir='ltr'><strong>caelestem</strong></span> <span class='ocrx_word' id='word_1_642' title='bbox 2770 3623 3143 3695; x_wconf 90' lang='lat' dir='ltr'><strong>progreditttr,</strong></span> <span class='ocrx_word' id='word_1_643' title='bbox 3188 3623 3255 3675; x_wconf 89' lang='lat' dir='ltr'><strong>ab</strong></span> <span class='ocrx_word' id='word_1_644' title='bbox 3305 3620 3494 3673; x_wconf 86' lang='lat' dir='ltr'><strong>amicis</strong></span> <span class='ocrx_word' id='word_1_645' title='bbox 3544 3620 3651 3672; x_wconf 84' lang='lat' dir='ltr'><strong>illis</strong></span> 
     </span>
    </p>
   </div>
   <div class='ocr_carea' id='block_1_93' title="bbox 2060 3710 3645 3786">
    <p class='ocr_par' dir='ltr' id='par_1_93' title="bbox 2060 3710 3645 3786">
     <span class='ocr_line' id='line_1_93' title="bbox 2060 3710 3645 3786; baseline -0.008 -11"><span class='ocrx_word' id='word_1_646' title='bbox 2060 3732 2259 3775; x_wconf 68' lang='lat' dir='ltr'><strong>mterna</strong></span> <span class='ocrx_word' id='word_1_647' title='bbox 2294 3722 2345 3774; x_wconf 93' lang='lat' dir='ltr'><strong>in</strong></span> <span class='ocrx_word' id='word_1_648' title='bbox 2380 3718 2723 3774; x_wconf 88' lang='lat' dir='ltr'><strong>tabernacula</strong></span> <span class='ocrx_word' id='word_1_649' title='bbox 2756 3715 3107 3786; x_wconf 75' lang='lat' dir='ltr'><strong>excipiendus</strong></span> <span class='ocrx_word' id='word_1_650' title='bbox 3137 3729 3274 3784; x_wconf 70' lang='lat' dir='ltr'><strong>quos</strong></span> <span class='ocrx_word' id='word_1_651' title='bbox 3312 3712 3414 3768; x_wconf 86' lang='lat' dir='ltr'><strong>sibi</strong></span> <span class='ocrx_word' id='word_1_652' title='bbox 3440 3727 3544 3766; x_wconf 91' lang='lat' dir='ltr'><strong>non</strong></span> <span class='ocrx_word' id='word_1_653' title='bbox 3577 3710 3645 3763; x_wconf 80' lang='lat' dir='ltr'><strong>de</strong></span> 
     </span>
    </p>
   </div>
   <div class='ocr_carea' id='block_1_94' title="bbox 2060 3807 3649 3883">
    <p class='ocr_par' dir='ltr' id='par_1_94' title="bbox 2060 3807 3649 3883">
     <span class='ocr_line' id='line_1_94' title="bbox 2060 3807 3649 3883; baseline -0.009 -13"><span class='ocrx_word' id='word_1_654' title='bbox 2060 3814 2359 3883; x_wconf 80' lang='lat' dir='ltr'><strong>iniquitatis</strong></span> <span class='ocrx_word' id='word_1_655' title='bbox 2402 3828 2729 3876; x_wconf 87' lang='lat' dir='ltr'><strong>mammona,</strong></span> <span class='ocrx_word' id='word_1_656' title='bbox 2765 3810 2860 3865; x_wconf 85' lang='lat' dir='ltr'><strong>sed</strong></span> <span class='ocrx_word' id='word_1_657' title='bbox 2894 3824 2962 3865; x_wconf 85' lang='lat' dir='ltr'><strong>ex</strong></span> <span class='ocrx_word' id='word_1_658' title='bbox 3010 3808 3134 3862; x_wconf 92' lang='lat' dir='ltr'><strong>doni</strong></span> <span class='ocrx_word' id='word_1_659' title='bbox 3186 3807 3423 3861; x_wconf 69' lang='lat' dir='ltr'><strong>scientiae</strong></span> <span class='ocrx_word' id='word_1_660' title='bbox 3476 3820 3649 3872; x_wconf 87' lang='lat' dir='ltr'><strong>penu,</strong></span> 
     </span>
    </p>
   </div>
   <div class='ocr_carea' id='block_1_95' title="bbox 2059 3896 3647 3977">
    <p class='ocr_par' dir='ltr' id='par_1_95' title="bbox 2059 3896 3647 3977">
     <span class='ocr_line' id='line_1_95' title="bbox 2059 3896 3647 3977; baseline -0.007 -20"><span class='ocrx_word' id='word_1_661' title='bbox 2059 3907 2354 3977; x_wconf 72' lang='lat' dir='ltr'><strong>gratia-que</strong></span> <span class='ocrx_word' id='word_1_662' title='bbox 2379 3921 2439 3958; x_wconf 90' lang='lat' dir='ltr'><strong>ac</strong></span> <span class='ocrx_word' id='word_1_663' title='bbox 2465 3905 2677 3974; x_wconf 87' lang='lat' dir='ltr'><strong>pictatis</strong></span> <span class='ocrx_word' id='word_1_664' title='bbox 2698 3902 2882 3956; x_wconf 79' lang='lat' dir='ltr'><strong>fenore</strong></span> <span class='ocrx_word' id='word_1_665' title='bbox 2911 3898 3212 3971; x_wconf 82' lang='lat' dir='ltr'><strong>justissima</strong></span> <span class='ocrx_word' id='word_1_666' title='bbox 3250 3896 3647 3965; x_wconf 85' lang='lat' dir='ltr'><strong>comparavit...</strong></span> 
     </span>
    </p>
   </div>
   <div class='ocr_carea' id='block_1_96' title="bbox 2064 3987 3651 4067">
    <p class='ocr_par' dir='ltr' id='par_1_96' title="bbox 2064 3987 3651 4067">
     <span class='ocr_line' id='line_1_96' title="bbox 2064 3987 3651 4067; baseline -0.009 -15"><span class='ocrx_word' id='word_1_667' title='bbox 2064 4014 2169 4067; x_wconf 91' lang='lat' dir='ltr'><strong>quo</strong></span> <span class='ocrx_word' id='word_1_668' title='bbox 2204 3997 2357 4051; x_wconf 90' lang='lat' dir='ltr'><strong>titulo</strong></span> <span class='ocrx_word' id='word_1_669' title='bbox 2386 3996 2572 4062; x_wconf 84' lang='lat' dir='ltr'><strong>sancti,</strong></span> <span class='ocrx_word' id='word_1_670' title='bbox 2604 4004 2663 4050; x_wconf 94' lang='lat' dir='ltr'><strong>et</strong></span> <span class='ocrx_word' id='word_1_671' title='bbox 2691 3995 2735 4049; x_wconf 92' lang='lat' dir='ltr'><strong>si</strong></span> <span class='ocrx_word' id='word_1_672' title='bbox 2770 3992 2993 4047; x_wconf 84' lang='lat' dir='ltr'><strong>minime</strong></span> <span class='ocrx_word' id='word_1_673' title='bbox 3022 4001 3338 4047; x_wconf 84' lang='lat' dir='ltr'><strong>recensetur</strong></span> <span class='ocrx_word' id='word_1_674' title='bbox 3367 3990 3420 4042; x_wconf 90' lang='lat' dir='ltr'><strong>iu</strong></span> <span class='ocrx_word' id='word_1_675' title='bbox 3456 3987 3651 4056; x_wconf 82' lang='lat' dir='ltr'><strong>llagio—</strong></span> 
     </span>
    </p>
   </div>
   <div class='ocr_carea' id='block_1_97' title="bbox 2064 4080 3649 4160">
    <p class='ocr_par' dir='ltr' id='par_1_97' title="bbox 2064 4080 3649 4160">
     <span class='ocr_line' id='line_1_97' title="bbox 2064 4080 3649 4160; baseline -0.008 -16"><span class='ocrx_word' id='word_1_676' title='bbox 2064 4088 2206 4160; x_wconf 82' lang='lat' dir='ltr'><strong>logio</strong></span> <span class='ocrx_word' id='word_1_677' title='bbox 2237 4088 2497 4143; x_wconf 70' lang='lat' dir='ltr'><strong>[lautianm</strong></span> <span class='ocrx_word' id='word_1_678' title='bbox 2528 4086 2806 4148; x_wconf 56' lang='lat' dir='ltr'><strong>Ecclesia.</strong></span> <span class='ocrx_word' id='word_1_679' title='bbox 2837 4086 3033 4140; x_wconf 85' lang='lat' dir='ltr'><strong>merito</strong></span> <span class='ocrx_word' id='word_1_680' title='bbox 3063 4092 3239 4138; x_wconf 87' lang='lat' dir='ltr'><strong>tamen</strong></span> <span class='ocrx_word' id='word_1_681' title='bbox 3284 4082 3482 4136; x_wconf 87' lang='lat' dir='ltr'><strong>dudum</strong></span> <span class='ocrx_word' id='word_1_682' title='bbox 3511 4080 3649 4133; x_wconf 84' lang='lat' dir='ltr'><strong>inter</strong></span> 
     </span>
    </p>
   </div>
   <div class='ocr_carea' id='block_1_98' title="bbox 2065 4173 3650 4244">
    <p class='ocr_par' dir='ltr' id='par_1_98' title="bbox 2065 4173 3650 4244">
     <span class='ocr_line' id='line_1_98' title="bbox 2065 4173 3650 4244; baseline -0.008 -8"><span class='ocrx_word' id='word_1_683' title='bbox 2065 4193 2280 4236; x_wconf 85' lang='lat' dir='ltr'><strong>sanctus</strong></span> <span class='ocrx_word' id='word_1_684' title='bbox 2308 4192 2758 4244; x_wconf 79' lang='lat' dir='ltr'><strong>conuulneratum</strong></span> <span class='ocrx_word' id='word_1_685' title='bbox 2785 4177 3123 4233; x_wconf 86' lang='lat' dir='ltr'><strong>solertissimi</strong></span> <span class='ocrx_word' id='word_1_686' title='bbox 3152 4187 3459 4229; x_wconf 76' lang='lat' dir='ltr'><strong>sallCIOItllll</strong></span> <span class='ocrx_word' id='word_1_687' title='bbox 3502 4173 3650 4226; x_wconf 82' lang='lat' dir='ltr'><strong>inda-</strong></span> 
     </span>
    </p>
   </div>
   <div class='ocr_carea' id='block_1_99' title="bbox 2062 4268 3647 4345">
    <p class='ocr_par' dir='ltr' id='par_1_99' title="bbox 2062 4268 3647 4345">
     <span class='ocr_line' id='line_1_99' title="bbox 2062 4268 3647 4345; baseline -0.008 -17"><span class='ocrx_word' id='word_1_688' title='bbox 2062 4284 2275 4345; x_wconf 85' lang='lat' dir='ltr'><strong>gatores</strong></span> <span class='ocrx_word' id='word_1_689' title='bbox 2302 4282 2587 4329; x_wconf 80' lang='lat' dir='ltr'><strong>teStantur.</strong></span> <span class='ocrx_word' id='word_1_690' title='bbox 2614 4273 2679 4327; x_wconf 79' lang='lat' dir='ltr'><strong>Et</strong></span> <span class='ocrx_word' id='word_1_691' title='bbox 2701 4287 2887 4327; x_wconf 80' lang='lat' dir='ltr'><strong>revera</strong></span> <span class='ocrx_word' id='word_1_692' title='bbox 2922 4270 3124 4339; x_wconf 85' lang='lat' dir='ltr'><strong>pridem</strong></span> <span class='ocrx_word' id='word_1_693' title='bbox 3154 4270 3206 4322; x_wconf 88' lang='lat' dir='ltr'><strong>iu</strong></span> <span class='ocrx_word' id='word_1_694' title='bbox 3241 4268 3519 4338; x_wconf 69' lang='lat' dir='ltr'><strong>Aquitania</strong></span> <span class='ocrx_word' id='word_1_695' title='bbox 3550 4268 3647 4319; x_wconf 81' lang='lat' dir='ltr'><strong>hu-</strong></span> 
     </span>
    </p>
   </div>
   <div class='ocr_carea' id='block_1_100' title="bbox 2062 4361 3619 4435">
    <p class='ocr_par' dir='ltr' id='par_1_100' title="bbox 2062 4361 3619 4435">
     <span class='ocr_line' id='line_1_100' title="bbox 2062 4361 3619 4435; baseline -0.007 -14"><span class='ocrx_word' id='word_1_696' title='bbox 2062 4366 2284 4421; x_wconf 83' lang='lat' dir='ltr'><strong>noribus</strong></span> <span class='ocrx_word' id='word_1_697' title='bbox 2308 4366 2509 4420; x_wconf 88' lang='lat' dir='ltr'><strong>sanctis</strong></span> <span class='ocrx_word' id='word_1_698' title='bbox 2540 4365 2630 4435; x_wconf 91' lang='lat' dir='ltr'><strong>qui</strong></span> <span class='ocrx_word' id='word_1_699' title='bbox 2664 4363 2833 4419; x_wconf 86' lang='lat' dir='ltr'><strong>beatis</strong></span> <span class='ocrx_word' id='word_1_700' title='bbox 2854 4361 3171 4418; x_wconf 80' lang='lat' dir='ltr'><strong>deferuntur</strong></span> <span class='ocrx_word' id='word_1_701' title='bbox 3194 4361 3494 4415; x_wconf 78' lang='lat' dir='ltr'><strong>cciehratus</strong></span> <span class='ocrx_word' id='word_1_702' title='bbox 3518 4371 3619 4410; x_wconf 86' lang='lat' dir='ltr'><strong>est.</strong></span> 
     </span>
    </p>
   </div>
   <div class='ocr_carea' id='block_1_101' title="bbox 2558 4475 3157 4545">
    <p class='ocr_par' dir='ltr' id='par_1_101' title="bbox 2558 4475 3157 4545">
     <span class='ocr_line' id='line_1_101' title="bbox 2558 4475 3157 4545; baseline -0.012 -10"><span class='ocrx_word' id='word_1_703' title='bbox 2558 4481 2808 4545; x_wconf 82' lang='lat' dir='ltr'><strong>Cointtas,</strong></span> <span class='ocrx_word' id='word_1_704' title='bbox 2832 4480 2901 4532; x_wconf 82' lang='lat' dir='ltr'><strong>ad</strong></span> <span class='ocrx_word' id='word_1_705' title='bbox 2924 4494 3011 4532; x_wconf 85' lang='lat' dir='ltr'><strong>an.</strong></span> <span class='ocrx_word' id='word_1_706' title='bbox 3037 4475 3157 4530; x_wconf 75' lang='lat'><strong>599.</strong></span> 
     </span>
    </p>
   </div>
   <div class='ocr_carea' id='block_1_102' title="bbox 1996 4568 3653 4669">
    <p class='ocr_par' dir='ltr' id='par_1_102' title="bbox 1996 4568 3653 4669">
     <span class='ocr_line' id='line_1_102' title="bbox 1996 4568 3653 4669; baseline -0.012 -31"><span class='ocrx_word' id='word_1_707' title='bbox 1996 4608 2047 4669; x_wconf 68' lang='grc' dir='ltr'><strong>ι)</strong></span> <span class='ocrx_word' id='word_1_708' title='bbox 2142 4580 2467 4636; x_wconf 85' lang='lat' dir='ltr'><strong>Fortunatus</strong></span> <span class='ocrx_word' id='word_1_709' title='bbox 2493 4586 2551 4631; x_wconf 88' lang='lat' dir='ltr'><strong>ut</strong></span> <span class='ocrx_word' id='word_1_710' title='bbox 2581 4577 2904 4641; x_wconf 78' lang='lat' dir='ltr'><strong>eruditione,</strong></span> <span class='ocrx_word' id='word_1_711' title='bbox 2948 4575 3016 4628; x_wconf 88' lang='lat' dir='ltr'><strong>ita</strong></span> <span class='ocrx_word' id='word_1_712' title='bbox 3047 4574 3242 4641; x_wconf 86' lang='lat' dir='ltr'><strong>pietate</strong></span> <span class='ocrx_word' id='word_1_713' title='bbox 3271 4570 3488 4625; x_wconf 86' lang='lat' dir='ltr'><strong>emicuit</strong></span> <span class='ocrx_word' id='word_1_714' title='bbox 3512 4610 3525 4632; x_wconf 89' lang='lat'><strong>,</strong></span> <span class='ocrx_word' id='word_1_715' title='bbox 3574 4568 3653 4619; x_wconf 82' lang='lat' dir='ltr'><strong>in-</strong></span> 
     </span>
    </p>
   </div>
   <div class='ocr_carea' id='block_1_103' title="bbox 2069 4661 3649 4743">
    <p class='ocr_par' dir='ltr' id='par_1_103' title="bbox 2069 4661 3649 4743">
     <span class='ocr_line' id='line_1_103' title="bbox 2069 4661 3649 4743; baseline -0.013 -12"><span class='ocrx_word' id='word_1_716' title='bbox 2069 4684 2399 4743; x_wconf 79' lang='lat' dir='ltr'><strong>vocaturque</strong></span> <span class='ocrx_word' id='word_1_717' title='bbox 2431 4674 2482 4725; x_wconf 92' lang='lat' dir='ltr'><strong>in</strong></span> <span class='ocrx_word' id='word_1_718' title='bbox 2514 4669 2712 4725; x_wconf 74' lang='lat' dir='ltr'><strong>litaniis</strong></span> <span class='ocrx_word' id='word_1_719' title='bbox 2744 4666 3053 4722; x_wconf 85' lang='lat' dir='ltr'><strong>monasterii</strong></span> <span class='ocrx_word' id='word_1_720' title='bbox 3085 4663 3253 4719; x_wconf 84' lang='lat' dir='ltr'><strong>sancti</strong></span> <span class='ocrx_word' id='word_1_721' title='bbox 3276 4661 3527 4731; x_wconf 77' lang='lat' dir='ltr'><strong>Cypriani</strong></span> <span class='ocrx_word' id='word_1_722' title='bbox 3554 4676 3649 4711; x_wconf 79' lang='lat' dir='ltr'><strong>cit-</strong></span> 
     </span>
    </p>
   </div>
   <div class='ocr_carea' id='block_1_104' title="bbox 2069 4750 3650 4827">
    <p class='ocr_par' dir='ltr' id='par_1_104' title="bbox 2069 4750 3650 4827">
     <span class='ocr_line' id='line_1_104' title="bbox 2069 4750 3650 4827; baseline -0.014 -1"><span class='ocrx_word' id='word_1_723' title='bbox 2069 4783 2147 4826; x_wconf 88' lang='lat' dir='ltr'><strong>tra</strong></span> <span class='ocrx_word' id='word_1_724' title='bbox 2177 4784 2357 4825; x_wconf 86' lang='lat' dir='ltr'><strong>muros</strong></span> <span class='ocrx_word' id='word_1_725' title='bbox 2386 4766 2769 4827; x_wconf 78' lang='lat' dir='ltr'><strong>Pictavienses,</strong></span> <span class='ocrx_word' id='word_1_726' title='bbox 2807 4772 2861 4815; x_wconf 86' lang='lat' dir='ltr'><strong>ut</strong></span> <span class='ocrx_word' id='word_1_727' title='bbox 2891 4775 2960 4815; x_wconf 85' lang='lat' dir='ltr'><strong>ex</strong></span> <span class='ocrx_word' id='word_1_728' title='bbox 2988 4759 3156 4814; x_wconf 85' lang='lat' dir='ltr'><strong>sacris</strong></span> <span class='ocrx_word' id='word_1_729' title='bbox 3190 4755 3444 4811; x_wconf 68' lang='lat' dir='ltr'><strong>Ecclesia:</strong></span> <span class='ocrx_word' id='word_1_730' title='bbox 3474 4750 3650 4806; x_wconf 79' lang='lat' dir='ltr'><strong>Picta-</strong></span> 
     </span>
    </p>
   </div>
   <div class='ocr_carea' id='block_1_105' title="bbox 2069 4847 3654 4916">
    <p class='ocr_par' dir='ltr' id='par_1_105' title="bbox 2069 4847 3654 4916">
     <span class='ocr_line' id='line_1_105' title="bbox 2069 4847 3654 4916; baseline -0.01 -1"><span class='ocrx_word' id='word_1_731' title='bbox 2069 4862 2268 4916; x_wconf 83' lang='lat' dir='ltr'><strong>vicnsis</strong></span> <span class='ocrx_word' id='word_1_732' title='bbox 2323 4861 2715 4915; x_wconf 62' lang='lat' dir='ltr'><strong>monumentis.</strong></span> <span class='ocrx_word' id='word_1_733' title='bbox 2746 4856 2910 4911; x_wconf 76' lang='lat' dir='ltr'><strong>refert</strong></span> <span class='ocrx_word' id='word_1_734' title='bbox 2950 4853 3195 4909; x_wconf 79' lang='lat' dir='ltr'><strong>Andreas</strong></span> <span class='ocrx_word' id='word_1_735' title='bbox 3253 4847 3535 4905; x_wconf 88' lang='lat' dir='ltr'><strong>Suassaius</strong></span> <span class='ocrx_word' id='word_1_736' title='bbox 3587 4850 3654 4900; x_wconf 85' lang='lat' dir='ltr'><strong>ad</strong></span> 
     </span>
    </p>
   </div>
   <div class='ocr_carea' id='block_1_106' title="bbox 2067 4950 2678 5022">
    <p class='ocr_par' dir='ltr' id='par_1_106' title="bbox 2067 4950 2678 5022">
     <span class='ocr_line' id='line_1_106' title="bbox 2067 4950 2678 5022; baseline -0.015 -11"><span class='ocrx_word' id='word_1_737' title='bbox 2067 4957 2267 5011; x_wconf 85' lang='lat' dir='ltr'><strong>calcem</strong></span> <span class='ocrx_word' id='word_1_738' title='bbox 2296 4953 2514 5022; x_wconf 79' lang='lat' dir='ltr'><strong>Martyr.</strong></span> <span class='ocrx_word' id='word_1_739' title='bbox 2544 4950 2678 5005; x_wconf 63' lang='lat' dir='ltr'><strong>(Sall.</strong></span> 
     </span>
    </p>
   </div>
   <div class='ocr_carea' id='block_1_107' title="bbox 2072 5076 3650 5162">
    <p class='ocr_par' dir='ltr' id='par_1_107' title="bbox 2072 5076 3650 5162">
     <span class='ocr_line' id='line_1_107' title="bbox 2072 5076 3650 5162; baseline -0.009 -17"><span class='ocrx_word' id='word_1_740' title='bbox 2072 5092 2347 5162; x_wconf 78' lang='lat' dir='ltr'><strong>Ditpiuius,</strong></span> <span class='ocrx_word' id='word_1_741' title='bbox 2389 5106 2440 5141; x_wconf 80' lang='grc' dir='ltr'><strong>ιη</strong></span> <span class='ocrx_word' id='word_1_742' title='bbox 2474 5102 2601 5141; x_wconf 75' lang='lat' dir='ltr'><strong>nova</strong></span> <span class='ocrx_word' id='word_1_743' title='bbox 2635 5082 2958 5138; x_wconf 65' lang='lat' dir='ltr'><strong>Biblithcca</strong></span> <span class='ocrx_word' id='word_1_744' title='bbox 2991 5088 3260 5136; x_wconf 78' lang='lat' dir='ltr'><strong>auctorum</strong></span> <span class='ocrx_word' id='word_1_745' title='bbox 3290 5079 3441 5145; x_wconf 84' lang='lat' dir='ltr'><strong>eccl.,</strong></span> <span class='ocrx_word' id='word_1_746' title='bbox 3495 5087 3533 5132; x_wconf 86' lang='lat' dir='ltr'><strong>t.</strong></span> <span class='ocrx_word' id='word_1_747' title='bbox 3586 5076 3650 5131; x_wconf 83' lang='lat' dir='ltr'><strong>V.</strong></span> 
     </span>
    </p>
   </div>
   <div class='ocr_carea' id='block_1_108' title="bbox 2142 5217 3656 5297">
    <p class='ocr_par' dir='ltr' id='par_1_108' title="bbox 2142 5217 3656 5297">
     <span class='ocr_line' id='line_1_108' title="bbox 2142 5217 3656 5297; baseline -0.01 -11"><span class='ocrx_word' id='word_1_748' title='bbox 2142 5231 2455 5286; x_wconf 80' lang='lat' dir='ltr'><strong>Fortunata</strong></span> <span class='ocrx_word' id='word_1_749' title='bbox 2488 5226 2645 5297; x_wconf 69' lang='lat' dir='ltr'><strong>passi:</strong></span> <span class='ocrx_word' id='word_1_750' title='bbox 2680 5238 2747 5280; x_wconf 83' lang='lat' dir='ltr'><strong>en</strong></span> <span class='ocrx_word' id='word_1_751' title='bbox 2788 5238 2885 5279; x_wconf 90' lang='lat' dir='ltr'><strong>son</strong></span> <span class='ocrx_word' id='word_1_752' title='bbox 2909 5236 3082 5292; x_wconf 86' lang='lat' dir='ltr'><strong>temps</strong></span> <span class='ocrx_word' id='word_1_753' title='bbox 3125 5233 3260 5289; x_wconf 90' lang='lat' dir='ltr'><strong>pour</strong></span> <span class='ocrx_word' id='word_1_754' title='bbox 3284 5234 3352 5273; x_wconf 90' lang='lat' dir='ltr'><strong>un</strong></span> <span class='ocrx_word' id='word_1_755' title='bbox 3393 5217 3656 5274; x_wconf 60' lang='lat' dir='ltr'><strong>excellent</strong></span> 
     </span>
    </p>
   </div>
   <div class='ocr_carea' id='block_1_109' title="bbox 2066 5313 3649 5391">
    <p class='ocr_par' dir='ltr' id='par_1_109' title="bbox 2066 5313 3649 5391">
     <span class='ocr_line' id='line_1_109' title="bbox 2066 5313 3649 5391; baseline -0.008 -11"><span class='ocrx_word' id='word_1_756' title='bbox 2066 5324 2300 5380; x_wconf 89' lang='lat' dir='ltr'><strong>Orateur</strong></span> <span class='ocrx_word' id='word_1_757' title='bbox 2326 5330 2381 5377; x_wconf 90' lang='lat' dir='ltr'><strong>et</strong></span> <span class='ocrx_word' id='word_1_758' title='bbox 2407 5335 2544 5391; x_wconf 87' lang='lat' dir='ltr'><strong>ponr</strong></span> <span class='ocrx_word' id='word_1_759' title='bbox 2570 5336 2642 5373; x_wconf 89' lang='lat' dir='ltr'><strong>ttn</strong></span> <span class='ocrx_word' id='word_1_760' title='bbox 2673 5317 2780 5373; x_wconf 90' lang='lat' dir='ltr'><strong>bon</strong></span> <span class='ocrx_word' id='word_1_761' title='bbox 2813 5318 2976 5372; x_wconf 85' lang='lat' dir='ltr'><strong>Poete</strong></span> <span class='ocrx_word' id='word_1_762' title='bbox 3004 5337 3017 5370; x_wconf 86' lang='lat'><strong>;</strong></span> <span class='ocrx_word' id='word_1_763' title='bbox 3047 5326 3099 5371; x_wconf 91' lang='lat' dir='ltr'><strong>et</strong></span> <span class='ocrx_word' id='word_1_764' title='bbox 3130 5330 3192 5370; x_wconf 89' lang='lat' dir='ltr'><strong>ce</strong></span> <span class='ocrx_word' id='word_1_765' title='bbox 3232 5313 3366 5368; x_wconf 82' lang='lat' dir='ltr'><strong>n&#39;est</strong></span> <span class='ocrx_word' id='word_1_766' title='bbox 3399 5327 3495 5383; x_wconf 86' lang='lat' dir='ltr'><strong>pas</strong></span> <span class='ocrx_word' id='word_1_767' title='bbox 3520 5328 3649 5367; x_wconf 76' lang='lat' dir='ltr'><strong>satis</strong></span> 
     </span>
    </p>
   </div>
   <div class='ocr_carea' id='block_1_110' title="bbox 2074 5407 3657 5477">
    <p class='ocr_par' dir='ltr' id='par_1_110' title="bbox 2074 5407 3657 5477">
     <span class='ocr_line' id='line_1_110' title="bbox 2074 5407 3657 5477; baseline -0.009 -4"><span class='ocrx_word' id='word_1_768' title='bbox 2074 5418 2251 5473; x_wconf 83' lang='lat' dir='ltr'><strong>raison</strong></span> <span class='ocrx_word' id='word_1_769' title='bbox 2284 5434 2298 5470; x_wconf 86' lang='lat'><strong>:</strong></span> <span class='ocrx_word' id='word_1_770' title='bbox 2329 5430 2426 5469; x_wconf 88' lang='lat' dir='ltr'><strong>car</strong></span> <span class='ocrx_word' id='word_1_771' title='bbox 2459 5428 2565 5468; x_wconf 91' lang='lat' dir='ltr'><strong>non</strong></span> <span class='ocrx_word' id='word_1_772' title='bbox 2596 5412 2908 5467; x_wconf 80' lang='lat' dir='ltr'><strong>settlement</strong></span> <span class='ocrx_word' id='word_1_773' title='bbox 2937 5409 2971 5464; x_wconf 91' lang='lat' dir='ltr'><strong>il</strong></span> <span class='ocrx_word' id='word_1_774' title='bbox 3009 5422 3263 5477; x_wconf 87' lang='lat' dir='ltr'><strong>surpassc</strong></span> <span class='ocrx_word' id='word_1_775' title='bbox 3295 5416 3413 5461; x_wconf 87' lang='lat' dir='ltr'><strong>tous</strong></span> <span class='ocrx_word' id='word_1_776' title='bbox 3452 5407 3530 5460; x_wconf 83' lang='lat' dir='ltr'><strong>les</strong></span> <span class='ocrx_word' id='word_1_777' title='bbox 3557 5417 3657 5459; x_wconf 86' lang='lat' dir='ltr'><strong>au-</strong></span> 
     </span>
    </p>
   </div>
   <div class='ocr_carea' id='block_1_111' title="bbox 2067 5497 3652 5570">
    <p class='ocr_par' dir='ltr' id='par_1_111' title="bbox 2067 5497 3652 5570">
     <span class='ocr_line' id='line_1_111' title="bbox 2067 5497 3652 5570; baseline -0.008 -5"><span class='ocrx_word' id='word_1_778' title='bbox 2067 5518 2178 5565; x_wconf 86' lang='lat' dir='ltr'><strong>tres</strong></span> <span class='ocrx_word' id='word_1_779' title='bbox 2208 5508 2399 5563; x_wconf 84' lang='lat' dir='ltr'><strong>Poetes</strong></span> <span class='ocrx_word' id='word_1_780' title='bbox 2422 5504 2495 5561; x_wconf 88' lang='lat' dir='ltr'><strong>de</strong></span> <span class='ocrx_word' id='word_1_781' title='bbox 2525 5519 2624 5560; x_wconf 90' lang='lat' dir='ltr'><strong>son</strong></span> <span class='ocrx_word' id='word_1_782' title='bbox 2653 5504 2821 5560; x_wconf 87' lang='lat' dir='ltr'><strong>siccie</strong></span> <span class='ocrx_word' id='word_1_783' title='bbox 2843 5547 2859 5570; x_wconf 92' lang='lat'><strong>,</strong></span> <span class='ocrx_word' id='word_1_784' title='bbox 2893 5499 3028 5557; x_wconf 90' lang='lat' dir='ltr'><strong>mais</strong></span> <span class='ocrx_word' id='word_1_785' title='bbox 3056 5500 3094 5555; x_wconf 90' lang='lat' dir='ltr'><strong>il</strong></span> <span class='ocrx_word' id='word_1_786' title='bbox 3124 5497 3396 5568; x_wconf 83' lang='lat' dir='ltr'><strong>approclte</strong></span> <span class='ocrx_word' id='word_1_787' title='bbox 3418 5497 3484 5552; x_wconf 93' lang='lat' dir='ltr'><strong>de</strong></span> <span class='ocrx_word' id='word_1_788' title='bbox 3513 5513 3652 5553; x_wconf 82' lang='lat' dir='ltr'><strong>ceux</strong></span> 
     </span>
    </p>
   </div>
   <div class='ocr_carea' id='block_1_112' title="bbox 2064 5593 3655 5667">
    <p class='ocr_par' dir='ltr' id='par_1_112' title="bbox 2064 5593 3655 5667">
     <span class='ocr_line' id='line_1_112' title="bbox 2064 5593 3655 5667; baseline -0.009 -8"><span class='ocrx_word' id='word_1_789' title='bbox 2064 5602 2191 5659; x_wconf 86' lang='lat' dir='ltr'><strong>d‘un</strong></span> <span class='ocrx_word' id='word_1_790' title='bbox 2225 5599 2470 5655; x_wconf 88' lang='lat' dir='ltr'><strong>meilleur</strong></span> <span class='ocrx_word' id='word_1_791' title='bbox 2500 5612 2608 5653; x_wconf 90' lang='lat' dir='ltr'><strong>non</strong></span> <span class='ocrx_word' id='word_1_792' title='bbox 2638 5612 2735 5667; x_wconf 90' lang='lat' dir='ltr'><strong>pas</strong></span> <span class='ocrx_word' id='word_1_793' title='bbox 2774 5612 2804 5651; x_wconf 88' lang='lat' dir='ltr'><strong>a</strong></span> <span class='ocrx_word' id='word_1_794' title='bbox 2853 5598 2900 5651; x_wconf 84' lang='lat' dir='ltr'><strong>la</strong></span> <span class='ocrx_word' id='word_1_795' title='bbox 2934 5594 3103 5651; x_wconf 65' lang='lat' dir='ltr'><strong>verita</strong></span> <span class='ocrx_word' id='word_1_796' title='bbox 3129 5608 3223 5663; x_wconf 88' lang='lat' dir='ltr'><strong>par</strong></span> <span class='ocrx_word' id='word_1_797' title='bbox 3254 5593 3303 5647; x_wconf 90' lang='lat' dir='ltr'><strong>la</strong></span> <span class='ocrx_word' id='word_1_798' title='bbox 3341 5599 3527 5663; x_wconf 84' lang='lat' dir='ltr'><strong>purete</strong></span> <span class='ocrx_word' id='word_1_799' title='bbox 3555 5593 3655 5647; x_wconf 74' lang='lat' dir='ltr'><strong>des</strong></span> 
     </span>
    </p>
   </div>
   <div class='ocr_carea' id='block_1_113' title="bbox 2064 5684 3661 5761">
    <p class='ocr_par' dir='ltr' id='par_1_113' title="bbox 2064 5684 3661 5761">
     <span class='ocr_line' id='line_1_113' title="bbox 2064 5684 3661 5761; baseline -0.008 -10"><span class='ocrx_word' id='word_1_800' title='bbox 2064 5691 2427 5761; x_wconf 87' lang='lat' dir='ltr'><strong>expressions,</strong></span> <span class='ocrx_word' id='word_1_801' title='bbox 2454 5689 2509 5743; x_wconf 90' lang='lat' dir='ltr'><strong>ni</strong></span> <span class='ocrx_word' id='word_1_802' title='bbox 2539 5704 2635 5757; x_wconf 88' lang='lat' dir='ltr'><strong>par</strong></span> <span class='ocrx_word' id='word_1_803' title='bbox 2660 5688 2707 5743; x_wconf 91' lang='lat' dir='ltr'><strong>la</strong></span> <span class='ocrx_word' id='word_1_804' title='bbox 2738 5688 2931 5743; x_wconf 68' lang='lat' dir='ltr'><strong>bcaut&#39;e</strong></span> <span class='ocrx_word' id='word_1_805' title='bbox 2961 5687 3053 5741; x_wconf 90' lang='lat' dir='ltr'><strong>des</strong></span> <span class='ocrx_word' id='word_1_806' title='bbox 3102 5700 3245 5752; x_wconf 82' lang='lat' dir='ltr'><strong>vers,</strong></span> <span class='ocrx_word' id='word_1_807' title='bbox 3289 5684 3422 5738; x_wconf 89' lang='lat' dir='ltr'><strong>mais</strong></span> <span class='ocrx_word' id='word_1_808' title='bbox 3467 5697 3561 5750; x_wconf 86' lang='lat' dir='ltr'><strong>par</strong></span> <span class='ocrx_word' id='word_1_809' title='bbox 3604 5684 3661 5739; x_wconf 82' lang='lat' dir='ltr'><strong>lo</strong></span> 
     </span>
    </p>
   </div>
   <div class='ocr_carea' id='block_1_114' title="bbox 2074 5780 3659 5853">
    <p class='ocr_par' dir='ltr' id='par_1_114' title="bbox 2074 5780 3659 5853">
     <span class='ocr_line' id='line_1_114' title="bbox 2074 5780 3659 5853; baseline -0.004 -12"><span class='ocrx_word' id='word_1_810' title='bbox 2074 5797 2197 5841; x_wconf 88' lang='lat' dir='ltr'><strong>tour</strong></span> <span class='ocrx_word' id='word_1_811' title='bbox 2252 5784 2523 5853; x_wconf 79' lang='lat' dir='ltr'><strong>pectique,</strong></span> <span class='ocrx_word' id='word_1_812' title='bbox 2569 5791 2623 5837; x_wconf 85' lang='lat' dir='ltr'><strong>et</strong></span> <span class='ocrx_word' id='word_1_813' title='bbox 2672 5782 2719 5835; x_wconf 87' lang='lat' dir='ltr'><strong>la</strong></span> <span class='ocrx_word' id='word_1_814' title='bbox 2770 5780 2967 5839; x_wconf 76' lang='lat' dir='ltr'><strong>facilité</strong></span> <span class='ocrx_word' id='word_1_815' title='bbox 3012 5780 3387 5836; x_wconf 70' lang='lat' dir='ltr'><strong>mervcillcmc</strong></span> <span class='ocrx_word' id='word_1_816' title='bbox 3418 5792 3547 5832; x_wconf 79' lang='lat' dir='ltr'><strong>avet:</strong></span> <span class='ocrx_word' id='word_1_817' title='bbox 3601 5780 3659 5834; x_wconf 72' lang='lat' dir='ltr'><strong>la</strong></span> 
     </span>
    </p>
   </div>
   <div class='ocr_carea' id='block_1_115' title="bbox 2064 5875 2772 5950">
    <p class='ocr_par' dir='ltr' id='par_1_115' title="bbox 2064 5875 2772 5950">
     <span class='ocr_line' id='line_1_115' title="bbox 2064 5875 2772 5950; baseline -0.006 -19"><span class='ocrx_word' id='word_1_818' title='bbox 2064 5879 2240 5950; x_wconf 86' lang='lat' dir='ltr'><strong>qucllc</strong></span> <span class='ocrx_word' id='word_1_819' title='bbox 2271 5875 2304 5930; x_wconf 93' lang='lat' dir='ltr'><strong>il</strong></span> <span class='ocrx_word' id='word_1_820' title='bbox 2336 5876 2499 5931; x_wconf 75' lang='lat' dir='ltr'><strong>cssrit</strong></span> <span class='ocrx_word' id='word_1_821' title='bbox 2529 5891 2595 5933; x_wconf 83' lang='lat' dir='ltr'><strong>en</strong></span> <span class='ocrx_word' id='word_1_822' title='bbox 2632 5888 2772 5929; x_wconf 86' lang='lat' dir='ltr'><strong>vcrs.</strong></span> 
     </span>
    </p>
   </div>
  </div>
