4124 6396
562 413 631 472 63
1280 407 1593 469 VENANTH
1656 411 1813 468 HON.
1857 412 2066 470 CLEM.
2110 409 2503 469 FOItTUNATI
2554 414 2840 474 OPERUM
2875 417 3053 476 PARS
3091 415 3134 474 I.
3784 408 3848 462 δι

563 531 667 596 uis,
700 542 884 600 poema
916 542 1019 583 non
1051 543 1320 593 canerem,
1377 529 1472 583 sed
1519 528 1810 598 garrirem,
1861 543 1968 599 quo
2017 527 2148 583 resi-
2181 535 2222 589 Α
2255 530 2393 601 gusti
2440 546 2631 586 sensus
2661 534 2933 602 ingenium
2981 549 3042 588 se
3090 543 3364 587 mensuret
3414 545 3669 594 censore,
3705 527 3843 596 quod

559 622 751 680 dentes
779 619 1070 686 auditores,
1106 621 1244 674 inter
1273 619 1499 676 acernea
1532 622 1723 688 pocula
1755 619 1928 675 salute
1963 621 2150 674 biben-

562 725 645 772 tes
677 713 889 778 insana,
939 711 1148 768 Baccho
1190 709 1408 782 judice,
1452 711 1868 767 debaccliarent.
1897 709 2034 779 Quid
2079 710 2150 765 ibi

561 803 763 860 aII'abre
792 801 820 842 υ
852 804 1051 858 dictum
1103 802 1205 867 sit,
1255 802 1346 857 ubi
1395 802 1513 872 quis
1556 817 1722 861 sanus
1757 804 1846 857 vix
1892 801 2147 867 creditur,

566 897 672 953 nisi
726 910 907 952 secum
941 893 1140 963 pariter
1170 908 1191 934 ε
1223 894 1522 950 insanitur?
1563 910 1669 967 quo
1697 896 1949 967 gratulari
1984 898 2152 965 magis

559 997 664 1055 est,
695 988 739 1044 sl
767 990 948 1044 vivere
979 987 1124 1056 licet,
1159 998 1279 1058 post
1324 988 1547 1054 bibere;
1594 990 1663 1045 de
1719 1005 1824 1059 quo
1870 989 2150 1045 convivam

561 1079 890 1154 tltyrsicum,
941 1097 1045 1136 non
1077 1079 1350 1136 fatidicum
1403 1081 1528 1136 licet
1572 1083 1755 1148 exire,
1788 1080 1880 1138 sed
1914 1080 2149 1147 fatuum,

559 1188 680 1230 cum
710 1182 963 1244 quantum
995 1175 1060 1231 ad
1095 1177 1196 1230 mei
1229 1190 1420 1231 sensus
1451 1174 1862 1244 intelligentiam
1896 1177 2152 1244 pertinet,

561 1263 680 1336 quis
711 1281 769 1322 se
796 1267 1003 1339 pigram
1030 1283 1133 1322 non
1165 1265 1398 1336 explicat
1424 1268 1594 1322 bruta:
1623 1268 1841 1331 animm,
1873 1269 1987 1335 ipsa
2013 1267 2154 1337 jeju-

560 1358 646 1413 nia
673 1365 800 1414 sunt
826 1359 996 1415 ebria.
1026 1358 1157 1413 Ilinc
1182 1367 1262 1413 est
1289 1359 1432 1428 quod
1464 1359 1636 1414 latens
1665 1358 2003 1429 apus’culum,
2028 1366 2081 1412 et
2106 1356 2152 1410 si

560 1451 738 1506 minus
797 1453 1004 1506 videtur
1056 1446 1083 1488 ἀ
1142 1451 1402 1517 famosum
1455 1465 1502 1517 ε’,
1562 1451 1680 1521 plus
1746 1460 1829 1518 est
1885 1451 2152 1517 liberum,

559 1539 684 1613 quia
735 1539 803 1598 de
832 1542 1229 1598 examinatione
1267 1540 1284 1579 ί
1325 1559 1428 1597 non
1464 1542 1626 1598 habet
1653 1544 1795 1612 quod
1845 1551 1952 1598 tam
1987 1541 2154 1613 trepi-

559 1634 654 1690 det
680 1633 942 1704 privatum
973 1647 1133 1704 quam
1184 1632 1496 1703 publicum;
1531 1633 1672 1688 unde
1720 1633 2028 1689 necessarie
2056 1648 2159 1687 an-

561 1806 648 1922 :‘st
695 1803 1059 1864 repercutere,
1113 1796 1415 1867 repulsare.
1467 1795 1646 1851 Utitur
1690 1793 1792 1850 hac
1833 1808 1966 1850 voce
2017 1792 2154 1849 alias

607 1876 905 1920 ortnnatus.

588 1866 905 1920 I‘ortnnatus.

634 1945 674 2008 f
712 1935 910 1991 Deraso
970 1938 1097 2008 ﬂore
1159 1936 1426 1991 redditum
1477 1944 1561 1990 est
1628 1951 1695 1989 es
1764 1947 1946 1990 vetere
2011 1951 2144 1989 mss.

559 2005 724 2078 Galli,
757 2008 821 2061 de
846 2005 991 2062 roseo
1018 2009 1166 2078 ﬂore,
1216 2019 1274 2062 ut
1302 2008 1431 2063 olim
1474 2008 1773 2078 legebatur,
1825 2016 2090 2075 expuncto
2118 2021 2148 2061 s

562 2077 739 2131 Brow.
778 2078 978 2134 Faveut
1010 2079 1130 2134 Ituic
1171 2078 1390 2133 lectioni
1420 2091 1476 2132 et
1504 2079 1676 2132 Codd.
1714 2077 1836 2132 Vat.

631 2147 661 2186 ι)
688 2149 835 2202 Unus
866 2149 993 2204 Cod.
1019 2149 1161 2207 Vat..
1190 2148 1314 2215 quid
1345 2149 1412 2203 ibi
1444 2149 1624 2218 fabre?

634 2228 657 2258 ε
696 2219 798 2274 Utt.
827 2219 960 2274 Cud.
995 2219 1138 2284 Vah,
1169 2222 1268 2274 nisi
1297 2236 1464 2273 secum
1489 2221 1764 2274 insanitur.

630 2287 656 2328 ιι
696 2289 752 2342 1η
785 2291 948 2345 dttolt.
979 2292 1148 2345 Codd.
1180 2291 1300 2344 Vat.
1334 2291 1534 2345 videtur
1563 2308 1670 2345 esse
1699 2292 1976 2360 famosum.

633 2371 660 2432 τ
695 2362 832 2415 Edit.
866 2362 1061 2429 Paris.,
1094 2365 1293 2415 videtur
1321 2379 1428 2416 esse
1457 2367 1757 2432 formomm.

631 2430 840 2557 LUuus
889 2432 1029 2488 Cod.
1090 2433 1234 2500 Vat.,
1285 2435 1404 2503 quia
1458 2430 1522 2492 da
1579 2435 1809 2486 examine
1867 2432 2004 2485 alius
2052 2447 2156 2486 non

661 2513 722 2557 st.

559 2505 722 2559 dabit.

633 2584 659 2624 ι
688 2573 834 2631 Unus
870 2573 1004 2631 Cod.
1042 2574 1189 2644 Vat.,
1230 2574 1473 2631 arbitrem
1504 2576 1637 2629 idem
1668 2574 2012 2644 confitentem.

2183 1897 2231 1958 Β

2253 633 2336 678 est
2383 624 2699 680 mittendum
2749 628 2850 679 sub
2903 626 3103 693 judice.
3139 626 3244 681 Sed
3289 626 3540 694 quoniam
3591 623 3843 676 bumilem

2254 714 2541 784 impulsum
2571 717 2824 771 alacriter
2853 719 3032 771 acrius
3064 720 3384 772 retinentem
3441 715 3545 772 sub
3592 716 3842 770 testifica-

2259 806 2404 862 tione
2431 807 2594 863 dzviui
2629 810 2888 880 mysterii,
2921 819 2973 864 et
3019 810 3308 879 splendore
3339 809 3598 863 virtutum
3651 807 3845 862 beatis-

2254 900 2375 955 simi
2428 899 2636 955 Martini
2683 901 2970 972 coujuraus
3020 901 3253 955 hortaris
3303 899 3492 955 sedulo
3543 908 3604 952 ut
3655 907 3842 952 contra

2254 991 2511 1058 pudorem
2565 1007 2745 1047 meum
2801 992 3036 1046 deducar
3086 992 3138 1046 in
3184 992 3480 1062 publicum,
3514 1005 3600 1046 me
3629 991 3680 1043 in
3713 990 3846 1043 meis

2254 1083 2456 1138 frivolis
2490 1084 2694 1139 arbitro
2724 1095 2772 1148 κ,
2809 1084 3046 1138 scabrosi
3090 1084 3270 1152 operis
3319 1082 3678 1152 ignorantiam
3718 1095 3847 1134 cou-

2257 1178 2441 1232 Iltente
2470 1174 2521 1242 ιι,
2552 1178 2692 1246 quod
2741 1176 2861 1231 aliis
2903 1178 3246 1244 poscentibus
3290 1179 3591 1245 patefacere
3636 1174 3841 1238 distuli,

2254 1268 2556 1323 obediendo
2595 1268 2730 1323 cedo
2759 1270 2982 1335 virtuti,
3018 1270 3156 1323 banc
3195 1270 3388 1323 saltem
3438 1265 3845 1335 obtemperandi

2256 1358 2680 1415 vicissitudinem
2735 1359 2752 1397 ι
2811 1375 3168 1428 repensuros,
3223 1369 3280 1414 ut
3319 1360 3441 1430 quia
3495 1358 3612 1413 haec
3666 1357 3847 1412 favore

2256 1453 2426 1523 magis
2471 1453 2786 1522 delegantur
2813 1456 2859 1516 1,
2888 1467 3048 1523 quam
3076 1452 3283 1521 judice,
3320 1461 3413 1506 aut
3440 1449 3537 1505 tibi
3586 1461 3793 1505 tantum
3818 1447 3845 1488 ι

2257 1545 2645 1600 innotesceutia
2679 1546 2909 1616 relegas,
2943 1555 3032 1598 aut
3063 1545 3376 1599 intimorum
3406 1543 3626 1600 auribus
3650 1544 3849 1598 amicae

2258 1634 2382 1692 liter
2412 1635 2460 1704 ι,
2493 1651 2700 1707 quaeso,
2733 1636 2994 1691 collatura
3024 1635 3062 1658 ¹¹⁵
3093 1637 3400 1692 committas
3431 1644 3480 1689 υ.

2333 1791 2360 1828 ll
2386 1791 2528 1846 Edit.
2566 1791 2838 1846 Paris.....
2869 1792 3118 1845 deducam
3150 1809 3229 1846 me
3258 1792 3308 1846 in
3335 1792 3617 1863 publicum,
3651 1809 3847 1848 me.....

2257 1863 2595 1918 arbitrum....
2628 1864 2968 1928 conﬁtentem.

2339 1931 2508 1987 ‘Duo
2561 1935 2732 1989 Codd.
2782 1933 2925 1999 Vat.,
2983 1933 3411 1988 vicissitudinem
3462 1950 3703 2003 repensus
3745 1935 3848 2001 usi,

2260 2007 2538 2059 mendose.

2337 2075 2352 2124 l
2389 2075 2498 2129 Duo
2522 2075 2696 2130 Codd.
2729 2075 2874 2140 Vat.,
2906 2075 3245 2128 delectantur.

2336 2145 2362 2183 ι
2391 2145 2443 2200 Itt
2477 2161 2582 2200 uno
2605 2145 2764 2211 Cod.,
2795 2157 2883 2199 aut
2915 2148 3004 2200 tilti
3034 2145 3406 2199 tantummodo.

2341 2215 2358 2253 ι
2389 2217 2547 2282 lbid.,
2581 2229 2744 2271 tecum
2776 2217 3133 2270 amicabttitcr.

2333 2298 2374 2326 ω
2401 2290 2455 2342 In
2498 2305 2603 2343 uno
2650 2288 2808 2353 Cod,
2851 2304 3023 2357 quaso
3069 2287 3418 2340 consolatura.
3453 2289 3720 2342 Collatura
3752 2303 3848 2355 pro

2263 2362 2609 2418 eouferenda.
2645 2371 2705 2412 ut
2734 2375 2917 2428 supra,
2961 2370 3203 2411 curatura
3236 2375 3331 2427 pro
3374 2367 3632 2412 curanda.
3670 2360 3845 2414 It'atut-

2264 2431 2399 2486 Iiare
2434 2432 2532 2484 hoc
2564 2430 2880 2492 Fortunato,
2915 2439 2970 2484 ut
2993 2431 3371 2484 animadvertit
3405 2432 3461 2484 ι».
3501 2431 3677 2486 IIrow.

2339 2510 2366 2538 ³³
2392 2502 2534 2557 Edtt.
2568 2503 2767 2568 I’aris.,
2801 2504 3075 2571 repeudas.

566 2731 3854 2763 W

1809 2876 2108 2954 LIBER
2164 2869 2581 2950 PRIMUS.

1074 3036 1301 3094 CAPUT
1345 3034 1631 3094 PRIMUM.

793 3131 872 3186 Ad
904 3130 1122 3186 Vitalent
1147 3137 1174 3166 ³
1197 3129 1493 3200 episcopum
1521 3129 1923 3184 Havettnettsem.

2265 3030 2553 3100 Sumpsisti
2583 3046 2610 3083 a
2644 3030 2870 3084 Domino
2901 3030 3137 3096 culmen,
3169 3027 3252 3083 cui
3283 3029 3514 3084 culmina
3545 3033 3760 3100 condis,

2332 3122 2436 3190 Qui
2470 3124 2561 3177 tibi
2586 3122 2746 3192 digna
2783 3122 2950 3186 dedit,
2984 3120 3166 3176 reddis
3189 3121 3394 3177 honore
3425 3123 3621 3178 vicem.

564 3223 877 3302 [Basilicam
905 3223 1076 3302 sapcti
1108 3223 1357 3302 Andreae,
1397 3237 1435 3302 a_
1462 3222 1638 3286 Vitali,
1671 3222 2007 3302 Ravenneusi
2032 3221 2149 3286 epi-
2181 3215 2229 3280 C
2259 3218 2474 3274 Emicat
2502 3218 2620 3270 aula
2650 3226 2860 3286 potens,
2897 3217 3074 3271 solido
3107 3216 3341 3285 perfecta
3375 3219 3616 3280 metallo,

630 3312 820 3364 scopo,
853 3295 1169 3348 aediﬁcatam
1209 3309 1272 3347 ac
1316 3293 1640 3356 dedicatam,
1676 3295 1841 3347 relert
1888 3297 1987 3346 hoc
2030 3308 2146 3346 car-

637 3363 798 3423 mine.
835 3364 1197 3421 Dedicationis
1247 3367 1411 3434 ipsius
1461 3363 1833 3419 celebritatem
1875 3379 1939 3417 ac
1965 3367 2147 3432 singu-

633 3441 747 3494 lare
777 3438 958 3507 populi
990 3437 1041 3490 in
1075 3437 1301 3491 Vitalem
1336 3436 1569 3490 studium
1602 3447 1657 3491 et
1689 3435 2146 3496 benevolentiam,

632 3525 996 3566 Commemorat
1007 3507 1071 3580 t.]

571 3606 811 3660 Antistes
840 3602 1070 3666 domini,
1105 3601 1313 3657 meritis
1345 3600 1398 3655 in
1429 3601 1636 3656 saecula
1655 3602 1866 3664 vivens,

639 3696 842 3752 Gaudia
872 3696 958 3764 qui
991 3695 1192 3750 Christi
1223 3694 1292 3750 de
1319 3710 1484 3765 grege
1516 3704 1699 3763 pastor
1725 3693 1910 3758 babes,

565 3791 697 3844 Cum
728 3797 782 3844 te
815 3788 1040 3842 Vitalem
1074 3787 1243 3840 voluit
1273 3787 1511 3840 vocitare
1540 3794 1806 3852 vetustas,

637 3881 868 3936 Noverat
895 3890 1156 3934 :etvrnum
1185 3888 1235 3931 te
1265 3877 1529 3932 meruisse
1559 3876 1722 3931 diem.

570 3972 772 4042 Dignus
794 3970 1090 4040 apostolica
1128 3969 1448 4039 pra:l‘ulgens
1471 3979 1651 4022 mente
1690 3965 1972 4028 sacerdos,

644 4067 742 4132 Qui
768 4080 922 4118 sacer
953 4063 1180 4116 Andreae.
1209 4071 1317 4114 tam
1353 4062 1433 4130 pia
1469 4060 1664 4130 templa
1691 4061 1857 4115 locas.

575 4157 744 4224 Quam
767 4155 902 4210 bene
933 4168 1031 4222 pro
1062 4150 1271 4206 meritis
1301 4150 1502 4205 domini
1523 4149 1548 4185 δ
1574 4148 1826 4204 consedit.
1848 4149 1899 4202 in
1929 4146 2073 4211 aula,

645 4252 748 4306 Per
774 4266 929 4320 quem
956 4248 1113 4320 digna
1144 4248 1255 4302 Deo
1280 4257 1366 4302 est
1397 4247 1660 4302 aedificata
1689 4247 1901 4300 domus.

645 4362 792 4417 *IIic
843 4361 1050 4423 Vitatis,
1096 4359 1196 4413 etsi
1247 4358 1470 4413 minime
1499 4370 1747 4414 occurrat
1789 4361 1841 4416 in
1890 4361 2152 4430 catalogis

573 4422 946 4502 episcoporum
1001 4422 1370 4486 lt’aveunatum
1416 4435 1498 4498 (ut
1545 4432 1856 4498 iampridem
1913 4422 2159 4487 animad-

573 4505 735 4559 vertit
763 4505 823 4560 P.
872 4503 1204 4565 Browerus),
1250 4505 1296 4554 is
1344 4513 1492 4555 certe
1535 4502 1789 4558 Ecclesia:
1823 4503 2162 4557 Havennensi

2333 3312 2452 3376 Quo
2481 3311 2596 3363 sine
2626 3320 2784 3363 nocte
2810 3317 2988 3363 manet
3011 3308 3318 3363 continuata
3350 3308 3484 3362 dies.

2259 3401 2452 3456 Invitat
2485 3402 2634 3454 locus
2659 3402 2770 3468 ipse
2805 3401 2992 3466 Dctnn,
3017 3399 3120 3454 sub
3148 3401 3267 3454 luce
3296 3399 3547 3468 perenni,

2329 3494 2613 3549 Cressibns
2644 3504 2701 3546 ut
2733 3493 2955 3560 placidis
2997 3494 3162 3546 intret
3202 3492 3433 3546 amando
3469 3493 3629 3547 lares.

2258 3588 2360 3653 Qui
2383 3587 2495 3640 Ioca
2524 3584 2624 3639 das
2651 3585 2880 3655 populis,
2912 3585 3193 3639 Dominum
3219 3598 3570 3653 quo.semper
3604 3587 3853 3654 adorent,

2335 3682 2404 3735 Ut
2435 3680 2650 3748 capiant
2682 3679 2916 3742 veniam,
2951 3690 3002 3732 tu
3039 3679 3168 3733 facis
3198 3688 3221 3716 °
3251 3693 3370 3734 esse
3400 3677 3558 3751 [ipse]
3589 3679 3751 3734 viam.

2265 3772 2469 3835 Gratia,
2505 3787 2682 3835 utens,
2719 3773 2954 3837 nimus,
2981 3771 3218 3840 bonitas,
3250 3769 3469 3826 dilectio
3499 3772 3691 3840 plebis,

2339 3865 2406 3919 Et
2430 3864 2654 3933 gradus,
2683 3874 2736 3919 et
2770 3864 2938 3932 pietas
2969 3874 3019 3918 te
3047 3863 3196 3918 dedit
3219 3877 3340 3918 esse
3371 3875 3599 3931 patrem.

2267 3957 2606 4028 Prosperitas
2626 3955 2654 3993 ά
2683 3972 2742 4011 se
2770 3966 2944 4010 vestra
2972 3957 3188 4025 probat,
3215 3958 3544 4028 qum-gaudia
3575 3959 3852 4027 suppletis,

2339 4051 2524 4106 Intulit
2549 4049 2793 4119 egregios
2829 4049 2894 4104 ad
2926 4059 3014 4104 tua
3044 4061 3165 4104 vota
3194 4051 3360 4105 viros.

2268 4143 2386 4199 Dux
2415 4152 2441 4180 ο
2474 4142 2605 4196 nitet
2638 4141 2762 4195 hinc
2789 4142 2977 4208 armis,
3009 4142 3298 4210 praefectus
3329 4143 3536 4210 legibus
3560 4143 3745 4208 illinc;

2346 4237 2623 4293 Venerunt
2652 4253 2745 4306 per
2775 4252 2907 4307 quos
2932 4253 3178 4292 crescere
3211 4237 3343 4294 festa
3374 4237 3570 4295 solent.

2270 4358 2517 4428 Galliam,
2546 4370 2604 4416 ut
2645 4361 2759 4430 ipse
2790 4361 2966 4415 Brow.
3003 4359 3226 4414 fatetur.
3266 4358 3434 4430 (Nota
3463 4360 3644 4429 prim
3672 4365 3864 4429 eum.)

2268 4461 2339 4474 ——
2372 4432 2590 4498 Ducem,
2620 4433 2710 4500 qni
2754 4443 3208 4486 commemoratur
3252 4429 3285 4485 a
3314 4429 3634 4494 Fortunato,
3673 4433 3774 4487 boc
3807 4434 3862 4486 in

2269 4503 2533 4569 carmine,
2561 4504 2866 4559 interfuisse
2886 4502 3211 4556 dedicationi
3244 4503 3486 4558 basilicm
3514 4504 3577 4560 S.
3600 4503 3862 4567 Andra»,

577 4577 720 4631 circa
752 4575 802 4651 i_d
837 4587 1048 4641 tempus
1073 4571 1802 4651 praefuissedieendus“est,
1834 4589 1944 4651 quo
1975 4574 2163 4651 Ifortu-
2194 4590 2247 4651 ι)
2271 4590 2315 4651 ξι-
2338 4574 2495 4629 Vitali
2549 4574 2884 4651 Itavennensi
2937 4573 3308 4651 exwditic_at:e,
3359 4577 3471 4651 sive
3520 4585 3855 4651 restauratum,

581 4657 739 4703 natus
759 4645 1030 4702 Ravennze
1056 4644 1303 4711 degebat,
1326 4642 1414 4697 ubi
1448 4643 1593 4696 illurn
1620 4644 1929 4714 aliquandiu
1964 4645 2163 4700 vixisse

577 4719 808 4773 diximus
837 4719 886 4771 in
915 4715 1037 4787 ejus
1061 4715 1200 4787 Vita,
1235 4716 1482 4787 num._‘|7
1513 4727 1566 4770 et
1596 4730 1736 4785 seq.,
1779 4717 1934 4785 cujus
1966 4716 2159 4772 Vitalis

579 4804 743 4844 suasu
769 4788 907 4842 forte
937 4785 992 4841 et
1017 4786 1243 4841 consilio
1273 4785 1506 4840 basilica:
1533 4787 1601 4839 ab
1630 4787 1818 4842 eodem
1865 4797 2158 4842 exstructas

577 4859 974 4915 dedicationem
1023 4858 1123 4912 hoc
1171 4868 1418 4924 poemate
1470 4857 1629 4910 fuerit
1689 4869 2028 4924 prosecutus.
2088 4865 2156 4912 At

583 4931 766 4986 Brow.
793 4930 1072 4984 existimat
1102 4927 1328 4981 Vitalem
1360 4927 1517 4981 Petro
1547 4929 1746 4982 seniori
1777 4929 2155 4984 suI'liciendum

581 5015 727 5064 esse,
765 5003 853 5071 qni
885 5017 989 5055 non
1023 4999 1122 5071 nisi
1155 5014 1296 5051 anno
1325 4996 1429 5052 568
1463 4999 1831 5054 Havennensis
1878 5001 2166 5070 episcopus

582 5069 794 5128 creatus
821 5082 934 5135 est;
966 5086 1073 5141 quo
1096 5069 1207 5140 jam
1237 5079 1504 5136 tempore,
1537 5070 1706 5136 ipsius
1735 5069 1978 5126 Broweri
2009 5071 2161 5126 testi-

585 5144 790 5212 monio,
822 5146 874 5197 in
913 5142 1139 5198 Galliam
1192 5151 1513 5210 pervenerat
1558 5141 1905 5198 Fortunatus.
1940 5145 2015 5198 De
2063 5143 2165 5198 hoc

588 5214 746 5270 Vitali
773 5213 897 5285 quid
930 5215 1052 5285 ipse
1081 5213 1509 5285 censeain1infra
1535 5215 1838 5269 ostendam.

657 5285 687 5324 δ
716 5281 818 5343 υιί.
852 5286 986 5341 Cod.
1013 5281 1158 5347 Vat.,
1187 5299 1300 5335 cunt
1325 5281 1534 5337 Domini
1553 5286 1705 5338 sedit.
1733 5299 1876 5340 corr.

655 5369 680 5397 ο
702 5358 856 5412 Alius
883 5356 1016 5411 Cod.
1051 5353 1194 5418 Vat.,
1229 5365 1282 5407 tu
1308 5357 1436 5421 facis
1464 5358 1574 5424 ipse
1605 5358 1759 5413 uiam.

653 5427 679 5466 δ
706 5429 862 5494 lItid.,
895 5428 1206 5498 prosperitas
1235 5442 1411 5478 secura
1440 5427 1640 5492 probat.

656 5510 681 5538 ο
707 5500 767 5555 Ρ.
804 5495 1087 5554 ltrowerus
1131 5498 1384 5566 opinatur
1432 5497 1515 5552 liis
1547 5499 1721 5554 verbis
1755 5499 2049 5555 exarcltum
2085 5495 2167 5554 in-

586 5571 752 5627 dicari
821 5570 911 5639 qui
957 5586 1077 5624 cum
1111 5567 1515 5638 Nomophylace
1556 5571 1880 5626 dedicationi
1931 5569 2166 5625 basilica:

585 5641 914 5699 interfuerit.
945 5644 1014 5696 At
1042 5656 1164 5695 cum
1194 5640 1412 5696 esarclii
1447 5643 1660 5696 nonnisi
1701 5657 1790 5694 an.
1822 5641 1928 5696 568
1957 5642 2165 5695 Raven-

587 5730 672 5769 nae
699 5716 893 5768 sedere
919 5714 1205 5782 cmperint,
1247 5726 1470 5779 quorum
1503 5711 1703 5781 priums
1735 5712 1832 5766 fuit
1867 5711 2164 5782 Longinus.

586 5797 737 5842 certe
774 5785 1038 5840 esarcbus
1087 5801 1192 5836 non
1225 5784 1397 5849 potuit
1429 5785 1688 5838 interesse
1739 5783 1985 5839 ecclesia:
2012 5782 2166 5837 dedi-

586 5858 807 5920 cationi,
839 5873 960 5911 cum
991 5857 1167 5909 adhuc
1200 5855 1474 5923 iterumue
1503 5863 1647 5909 esset
1677 5852 2039 5916 Fortunatus;
2069 5853 2162 5923 qui

589 5945 676 5985 an.
711 5929 835 5999 565,
867 5939 958 5983 aut
1001 5931 1064 5984 ad
1116 5941 1382 5981 sumntum
1414 5922 1540 5994 360,
1586 5926 1855 5998 proiectu:
1887 5928 2060 5982 luerat
2089 5922 2162 5979 ’iu

2271 4645 2552 4700 Narsetem
2577 4648 2826 4700 comitem
2855 4658 2975 4698 esse
3003 4643 3346 4709 crediderim,
3381 4645 3470 4714 qui
3501 4660 3530 4700 a
3557 4645 3865 4700 Iustiniano

2271 4719 2430 4785 imp.,
2463 4728 2519 4769 ut
2550 4718 2886 4770 notissimum
2911 4725 3018 4780 est,
3059 4715 3258 4769 missus
3286 4717 3338 4769 in
3369 4716 3575 4770 Italiam
3605 4731 3693 4769 an.
3726 4715 3858 4780 551,

2272 4789 2338 4841 ad
2371 4788 2732 4857 Ostrogotbos
2779 4785 3152 4851 debellandos,
3199 4787 3468 4840 Itavennae
3500 4789 3767 4852 residere,
3801 4799 3858 4841 et

2272 4859 2528 4918 Basilicas,
2586 4858 2652 4912 de
2695 4873 2796 4926 qua
2843 4857 2928 4910 Itic
2977 4873 3176 4922 sermo,
3221 4858 3548 4911 dedicationi
3596 4859 3863 4912 interesse

2269 4930 2553 4985 commode
2585 4938 2779 4998 potuit.
2814 4929 2956 4998 Idem
2992 4931 3205 4990 Narses,
3235 4940 3517 4983 revocatus
3546 4928 3864 4982 Constanti-

2269 5001 2506 5069 nopolim
2559 4996 2644 5055 est
2691 5015 2831 5053 anno
2864 4996 2969 5054 5‘68
3021 5000 3104 5052 vel
3138 4999 3263 5064 567,
3315 5001 3388 5053 uti
3433 5010 3621 5054 censet
3667 5001 3865 5070 Pagius

2269 5072 2337 5125 ad
2373 5073 2514 5125 hunc
2544 5086 2742 5125 annum
2771 5088 2785 5123 :
2819 5086 2976 5137 quem
3010 5073 3221 5139 excepit
3269 5071 3543 5138 Longinus
3567 5090 3581 5136 ;
3605 5073 3696 5139 qui
3743 5075 3860 5137 pri-

2270 5157 2390 5197 mus
2422 5145 2618 5197 missus
2667 5143 2718 5196 in
2766 5141 2973 5196 Italiam
3029 5151 3111 5195 est
3163 5157 3283 5195 cum
3335 5143 3489 5197 titulo
3539 5152 3592 5195 et
3651 5144 3863 5197 honore

2269 5213 2531 5274 exercita.
2564 5225 2616 5268 et
2649 5214 2919 5266 Itavennte
2947 5213 3148 5267 resedit
3177 5227 3340 5276 anno,
3371 5222 3428 5266 ut
3457 5212 3689 5278 videtur,
3725 5213 3862 5277 568,

2269 5301 2375 5356 quo
2405 5284 2745 5355 Langobardi
2776 5285 2826 5338 in
2858 5283 3062 5356 italiam
3112 5285 3398 5356 it-rupere._
3428 5283 3744 5356 Esquibus
3776 5286 3864 5336 in-

2274 5353 2546 5426 t'elligitur
2583 5367 2817 5426 tempus,
2847 5370 2953 5424 quo
2981 5353 3177 5426 Narses
3209 5356 3262 5408 in
3289 5354 3434 5408 Italia
3479 5353 3633 5420 visit,
3656 5356 3869 5421 optime

2270 5424 2572 5497 congruere
2593 5424 2711 5480 cuni
2740 5440 2830 5489 eo,
2857 5443 2964 5494 quo
2987 5433 3043 5480 et
3058 5424 3392 5497 Fortunatus
3411 5425 3682 5497 Ravennae
3696 5430 3866 5494 degeo

2273 5495 2535 5568 batEquo
2569 5509 2861 5568 ,prmsente
2910 5495 3604 5568 existimantusnbasiIicam
3650 5498 3866 5568 ﬂaven-

2274 5565 2494 5624 nensem
2545 5565 2845 5624 dedicatam
2897 5568 3080 5622 fuisse.
3127 5569 3243 5634 Ipse
3290 5567 3487 5622 Narses
3538 5568 3658 5622 Daz
3684 5565 3869 5622 Italia:

2271 5642 2582 5696 nominatur
2604 5656 2630 5693 a
2655 5639 2815 5707 Greg.
2843 5637 3047 5692 Turon.
3090 5639 3126 5692 I.
3160 5654 3212 5691 v.
3249 5639 3493 5692 Historia:
3527 5639 3862 5693 Francorum

2271 5727 2392 5780 cap.
2422 5711 2495 5765 20
2523 5728 2538 5765 :
2568 5710 2723 5780 cujus
2747 5711 2972 5780 proinde
3000 5725 3270 5780 personui,
3296 5719 3348 5764 et
3379 5711 3618 5779 dignitati
3646 5726 3710 5763 ea
3733 5728 3866 5765 cim-

2270 5782 2493 5838 veniunt
2523 5799 2644 5852 quu‘.
2680 5783 2765 5836 liic
2807 5797 2836 5834 a
2869 5783 3164 5836 Fortunato
3213 5781 3280 5834 de
3309 5781 3400 5835 illo
3429 5796 3865 5836 commemoran-

2273 5865 2357 5912 tur
2392 5874 2404 5910 :
2437 5855 2556 5910 Dux
2588 5855 2710 5910 nitet
2736 5854 2851 5908 hinc
2882 5853 3057 5920 armis,
3093 5863 3197 5908 etc.
3228 5852 3506 5926 (Secunda'
3535 5869 3672 5909 cura
3695 5856 3866 5925 nota.)
