4124 6352
522 284 591 335 67
780 240 785 243 ι
1236 275 1547 332 VENANTII
1595 274 1755 328 HUN.
1801 273 2009 326 CLEM.
2057 268 2446 324 FORTUNA'I’I
2487 268 2767 322 οῬΕΗυΜ
2814 266 2990 322 PARS
3033 271 3070 322 1.
3725 271 3801 329 63

591 394 836 450 Condidit
861 377 1078 460 egregio
1107 391 1309 444 visci-ra
1343 401 1527 446 sancta
1562 392 1700 443 lucu.

518 489 561 545 ί)
586 489 808 542 nimium
839 484 985 548 felix,
1018 495 1277 536 aeternum
1315 485 1364 534 in
1399 486 1574 533 lumen
1604 482 1761 543 iture,

587 580 749 649 Cujus
780 579 886 632 vita
919 591 1015 631 suo
1045 574 1260 646 prolicit
1287 575 1384 628 ista
1421 574 1530 629 Deo
1559 574 1633 646 [in
1667 571 1890 642 studio].

1125 677 1352 732 CAPUT
1394 677 1481 730 111.

873 756 954 813 De
1000 757 1211 811 basilica
1251 757 1428 809 damni
1471 754 1749 822 Stephani.

516 853 715 926 {Sancti
746 851 1024 928 Stephani,
1062 849 1501 928 protomartyris,
1534 850 1584 928 in
1630 859 1800 928 morte
1829 844 2106 928 subeunda

591 939 688 991 pro
716 917 928 977 Christo
963 919 1294 998 triumpbntnn
1337 929 1394 998 et
1421 919 1655 998 gloriam
1681 917 1941 998 describit
1969 935 1980 968 :
2015 932 2109 968 cu-

585 990 672 1064 jus
710 994 763 1048 in
815 990 1129 1050 memoriam
1180 991 1453 1044 Palladius
1504 990 1783 1044 basilicam
1815 990 2106 1042 dedicave-

586 1097 693 1139 rat.

586 1097 693 1139 rat.

519 1083 865 1229 Gloria]celsa
900 1173 1016 1242 pios
1047 1172 1256 1227 Domini
1293 1171 1592 1225 circumdat
1628 1172 1856 1236 amicos,

585 1269 819 1336 Quorum
851 1264 1100 1320 dithtsutn
1133 1265 1266 1318 vivit
1299 1266 1351 1319 in
1382 1265 1512 1320 orbe
1541 1266 1728 1318 decus.

515 1354 738 1416 Pertulit
765 1357 850 1411 hic
882 1366 1087 1426 martyr
1115 1370 1209 1424 pro
1237 1356 1453 1410 Christo
1483 1355 1710 1410 orientis
1761 1355 1812 1408 in
1843 1370 1970 1420 axe,

586 1451 727 1506 Ecce
756 1450 857 1505 sub
883 1464 1076 1503 occasu
1113 1450 1314 1519 templa
1348 1450 1536 1503 beatus
1567 1450 1750 1506 habet.

512 1547 786 1602 Fundatus
812 1546 1003 1599 virtute
1030 1543 1147 1611 Dei,
1174 1544 1244 1598 de
1274 1554 1445 1596 morte
1475 1543 1817 1611 triumphans

587 1639 814 1708 Excepit
840 1639 1072 1707 lapides,
1098 1639 1181 1692 cui
1210 1648 1358 1706 petra
1386 1637 1625 1691 Christus
1649 1645 1787 1690 erat.

514 1733 656 1787 Ceus
685 1733 865 1788 Judma
885 1733 1062 1798 ferox,
1089 1732 1441 1798 Stephanum,
1473 1746 1632 1801 quem
1658 1729 1884 1798 perdere
1905 1729 2103 1798 credis,

587 1823 651 1877 Et
677 1825 719 1875 si
745 1837 928 1886 carne,
959 1831 1134 1876 tamen
1169 1822 1341 1876 nescit
1373 1822 1582 1876 honore
1607 1823 1770 1875 mori.

513 1912 604 1967 Ille
635 1923 777 1966 tenet
811 1911 1040 1981 palmam
1074 1912 1306 1973 meritis,
1335 1921 1391 1964 tu
1423 1912 1655 1969 crimine
1684 1925 1924 1980 pmnam,

584 2005 825 2060 Possidet
849 2004 938 2059 ille
972 2005 1147 2074 polos,
1176 2015 1231 2058 tu
1265 2005 1435 2073 magis
1469 2004 1570 2058 ima
1603 2006 1762 2073 petis.

511 2099 638 2154 Hmc
668 2113 818 2154 sacra
850 2097 1116 2152 Palladius
1149 2105 1174 2133 ³
1209 2097 1410 2152 Levita:
1442 2098 1635 2162 templa
1673 2095 1868 2150 locavit

583 2192 736 2248 Unde
760 2191 862 2247 sibi
893 2191 1019 2247 sciat
1055 2188 1081 2228 δ
1113 2206 1219 2244 non
1253 2191 1492 2257 peritura
1520 2190 1740 2244 domus.

1129 2279 1358 2347 CAPUT
1401 2292 1491 2347 tv.

903 2372 980 2426 De
1019 2373 1230 2426 basilica
1269 2374 1430 2425 sancti
1474 2371 1712 2425 Martini.

513 2467 816 2541 [Basilicam
850 2465 902 2518 in
933 2465 1194 2546 honorem
1228 2464 1400 2546 sancti
1431 2463 1648 2546 Martini
1685 2481 1712 2515 a
1758 2462 1960 2546 Fausto
1988 2464 2106 2530 epi-

581 2548 1036 2607 scopnerectam,
1065 2545 1121 2590 et
1165 2535 1434 2590 celebrem
1485 2535 1771 2604 religione,
1830 2534 1933 2589 hoc
1986 2550 2104 2589 car-

583 2605 727 2664 mine
761 2605 1040 2679 illus:rut.]

516 2701 725 2757 Emicat
756 2699 876 2753 aula
906 2699 1128 2765 decens,
1160 2697 1472 2753 venerando
1503 2696 1556 2751 in
1591 2694 1826 2752 culmine
1853 2695 2036 2764 ducta,

586 2793 815 2849 Nomine
837 2792 1048 2846 Martini
1082 2790 1411 2846 sanctiﬁcata
1442 2791 1575 2845 Deo.

515 2885 609 2941 Cui
642 2887 763 2940 vita:
796 2886 990 2939 nterito
1023 2879 1212 2938 liducia
1241 2891 1382 2937 tanta
1415 2895 1681 2951 coruscat,

587 2978 652 3032 Ut
684 2976 898 3046 pupulis
924 2976 1122 3030 tribuat
1147 2975 1289 3046 quod
1335 2977 1417 3044 pia
1452 2986 1576 3030 vota
1608 2985 1819 3047 rogant.

517 3070 718 3124 Extulit
746 3072 880 3124 hanc
908 3068 1132 3123 Faustus
1169 3081 1189 3108 ι’
1219 3068 1416 3123 devoto
1447 3070 1610 3124 corde
1642 3074 1934 3139 sacerdos;

583 3161 834 3217 Reddidit
861 3171 914 3217 et
947 3163 1171 3215 Domino
1200 3176 1453 3229 prospera
1476 3162 1614 3216 dona
1647 3178 1746 3219 suo
1778 3162 1822 3219 ἀ.

1138 3264 1368 3320 CAPUT
1413 3265 1474 3320 V.

552 3353 614 3406 In
655 3353 899 3407 cellulam
939 3352 1102 3404 sancti
1144 3350 1381 3424 Martini,
1417 3353 1502 3405 ubi
1541 3369 1818 3424 pauperem
1849 3354 2066 3421 vestivit,

901 3431 1114 3496 ragaute
1156 3419 1407 3493 Gregorio
1445 3419 1710 3493 episcopo.

523 3517 724 3587 [Sancti
758 3515 967 3569 Martini
1019 3515 1351 3568 Turonensis
1404 3516 1770 3572 liberalitatem
1825 3517 1876 3571 in
1926 3516 2104 3572 detra-

595 3587 768 3641 benda
801 3587 901 3639 sibi
936 3588 1135 3650 tunica,
1191 3595 1355 3653 atque
1399 3588 1522 3640 inde
1574 3587 1857 3641 vestiendo
1905 3604 2101 3657 egeno,

586 3659 824 3712 celebrat
853 3657 952 3710 hoc
978 3658 1480 3722 carmine,*unaque
1500 3658 1600 3728 loci
1630 3659 1684 3712 in
1718 3674 1824 3728 qtto
1847 3659 1898 3714 id
1923 3671 2101 3714 actum

586 3730 758 3783 fuerat
790 3730 1103 3797 religionem
1135 3727 1528 3799 commendat.]

520 3821 620 3887 Qui
653 3820 897 3875 celerare.
925 3834 1106 3888 paras,
1135 3819 1238 3874 iter
1267 3819 1369 3874 huc
1398 3819 1622 3877 deﬂecte
1649 3821 1847 3889 viator,

585 3908 683 3963 llic
707 3909 854 3963 locus
880 3918 1123 3969 orantem
1165 3906 1373 3961 cautius
1409 3907 1487 3963 ire
1518 3908 1700 3964 docet.

588 4049 612 4076 ⁸
654 4041 943 4105 Palladius,
970 4039 1254 4109 episcopus
1285 4039 1662 4107 Santonensis,
1693 4043 2104 4101 liorebatiatate

520 4112 819 4174 Fontinali,
851 4113 1005 4178 cujus
1034 4125 1177 4178 sazpe
1219 4113 1546 4166 mentionem
1603 4114 1733 4167 facit
1780 4115 1940 4181 Greg.
1974 4115 2104 4174 Tur.

515 4187 573 4236 in
615 4184 751 4236 Hist.
797 4185 985 4235 hanc.
1019 4182 1138 4248 Ipse
1185 4182 1238 4236 in
1291 4183 1786 4255 basilicanrsancti
1838 4186 2104 4255 Eutropii,

519 4264 788 4309 vetustate
818 4254 1156 4324 collapsam,
1186 4267 1250 4324 ac
1298 4255 1521 4319 pristino
1561 4254 1742 4308 decori
1779 4254 2098 4324 restitutam,

511 4326 756 4391 ojiisilcm
787 4326 957 4377 sancti
1017 4323 1283 4389 pontilicis
1328 4324 1540 4379 cineres
1594 4327 1876 4388 intulerat,
1931 4341 1994 4381 ac
2051 4329 2102 4382 iu

519 4399 637 4449 loco
665 4410 822 4463 quem
884 4396 950 4450 ad
1001 4394 1053 4447 id
1109 4405 1388 4462 paraverat
1431 4395 1771 4463 deposuerat,
1826 4407 1882 4451 ut
1923 4408 2102 4454 narrat

2132 3114 2182 3178 ο

2131 398 2178 448 Α
2212 386 2375 439 Exsul
2403 387 2547 439 enim
2580 387 2760 450 ter-iis,
2793 385 2914 440 (δεξιᾶ
2945 387 3112 441 incola
3155 403 3303 456 szepe
3326 390 3537 446 solebat

2283 481 2510 534 Clausus
2536 481 2793 534 Martinus
2827 483 2952 535 hinc
2987 482 3199 548 aperite
3233 483 3406 552 polos.

2214 576 2352 628 [Ede
2385 575 2484 626 sub
2517 576 2615 627 hac
2644 573 2914 639 habitans,
2945 575 3110 630 eremi
3161 586 3368 630 secreta
3401 577 3634 646 tenebat,

2285 665 2385 718 Per
2412 664 2619 718 medios
2650 667 2875 733 populos
2903 666 3228 721 anachoreta
3262 677 3476 736 potens.

2213 753 2332 818 llic,
2362 762 2385 790 ο
2420 769 2480 809 se
2508 755 2732 822 nudato,
2765 755 2942 809 tunica
2972 757 3187 810 vestivit
3229 773 3479 828 egenum,

2286 847 2416 899 Dum
2441 848 2568 915 tegit
2595 848 2888 917 algentem,
2931 850 3052 917 plus
3078 852 3220 903 calet
3248 855 3361 920 ipse
3392 853 3513 908 ﬁde.

2211 937 2346 991 Tum
2377 938 2463 990 vili
2499 940 2673 992 tunica
2707 942 2935 993 vestitur
2965 950 3019 994 et
3047 943 3160 1009 ipse
3184 947 3472 1012 sacerdos;

2284 1030 2664 1097 Processitque
2691 1031 2832 1099 inopi
2878 1034 3113 1101 tegmine
3142 1050 3384 1092 sunnnus
3426 1044 3622 1095 honor.

2211 1122 2308 1186 Qui
2341 1129 2515 1175 tamen
2545 1122 2725 1174 altaris
2752 1137 2906 1176 sacra
2931 1124 3058 1180 dum
3089 1129 3344 1198 mysteria
3379 1139 3595 1200 tractat,

2282 1212 2558 1281 Signando
2581 1215 2826 1281 calicem,
2859 1216 3008 1286 signa
3039 1218 3193 1274 beata
3241 1221 3410 1279 dedit.

2211 1301 2455 1370 Namque
2490 1304 2582 1358 viri
2613 1319 2769 1360 sacro
2797 1306 2862 1361 de
2897 1309 3096 1364 vertice
3127 1310 3344 1366 ﬂamma
3377 1314 3624 1383 refulsit;

2286 1395 2423 1464 Ignis
2451 1407 2505 1450 et
2536 1397 2754 1452 innocui
2783 1402 2958 1469 surgit
2997 1403 3063 1456 ad
3096 1413 3243 1458 astra
3273 1407 3484 1474 globus.

2211 1489 2289 1543 Ac
2323 1487 2570 1543 brevibus
2599 1490 2841 1557 manicis,
2871 1491 3026 1547 fleret
3053 1510 3118 1550 ne
3147 1496 3339 1565 injuria
3372 1499 3601 1569 dextrae,

2355 1580 2626 1635 Teserunt
2650 1598 2892 1651 gemma,
2931 1600 3035 1656 qua
3067 1603 3196 1643 caro
3221 1591 3363 1646 nuda
3392 1591 3513 1653 fuit.

2213 1671 2437 1727 Brachia
2472 1675 2730 1730 nobilium
2760 1676 2998 1746 lapidum
3031 1679 3237 1751 fulgore
3268 1697 3590 1753 coruscant,

2357 1762 2522 1831 Inque
2550 1763 2669 1820 loco
2697 1767 2892 1821 tunica:
2924 1771 3147 1838 pulchra
3174 1775 3494 1844 smaragdus
3524 1788 3662 1833 erat.

2213 1854 2381 1922 Quam
2411 1855 2548 1910 brne
2579 1870 2874 1924 mercatur,
2907 1863 3019 1930 qui,
3052 1862 3179 1918 dum
3210 1867 3422 1921 vestivit
3450 1883 3711 1937 egenum,

2356 1947 2612 2018 Tegmine
2643 1965 2739 2019 pro
2771 1953 2964 2008 tunicte
2988 1953 3203 2010 brachia
3231 1972 3439 2028 gemma
3473 1961 3622 2031 tegit.

2213 2039 2293 2094 Tu
2323 2055 2574 2112 quoque,
2620 2045 2710 2110 qui
2743 2046 2900 2101 caelis
2954 2047 3171 2104 habitas
3198 2093 3212 2115 ,
3259 2053 3484 2111 Martiae
3516 2069 3785 2128 precator,

2367 2135 2470 2191 Pro
2502 2135 2798 2193 Fortunato
2827 2140 2907 2195 fer
2935 2142 3016 2211 pia
3051 2144 3211 2199 verba
3249 2147 3378 2202 Deo.

2211 2224 2458 2297 Imperiis
2486 2244 2673 2298 parere
2709 2227 2728 2268 τ
2757 2232 2890 2296 tuis,
2937 2233 3060 2300 pie,
3107 2237 3270 2292 cbare
3293 2239 3585 2310 sacerdos,

2355 2322 2622 2385 Quantum
2656 2337 2817 2393 posse
2849 2325 3012 2396 valet,
3047 2327 3167 2396 plus
3197 2330 3326 2385 ntihi
3353 2332 3489 2389 velle
3521 2334 3716 2406 placet.

2821 2434 3051 2494 CAPUT
3094 2438 3181 2495 Vl.

2617 2525 2696 2582 De
2721 2529 2932 2583 basilica
2961 2533 3125 2586 sancti
3150 2532 3388 2589 Martini.

2215 2611 2450 2690 [Leontii
2486 2615 2918 2690 Burdegalensis
2961 2622 3231 2690 episcopi,
3265 2625 3317 2680 in
3372 2626 3588 2683 basilica
3635 2633 3807 2687 sancti

2285 2685 2497 2767 Martini
2526 2685 2878 2767 exstruenda.
2908 2701 2963 2767 et
2994 2685 3282 2767 Placidum:
3303 2739 3318 2762 ,
3375 2697 3492 2767 ejus
3520 2703 3646 2754 olim
3675 2685 3809 2758 uia?

2232 2824 2233 2828 η
2292 2759 2389 2820 ris,
2426 2758 2475 2810 iit
2504 2759 2692 2840 eadem
2717 2764 2964 2840 ornanda
2991 2758 3366 2840 liberalitatem
3395 2758 3458 2825 ac
3485 2771 3801 2840 religionem

2290 2829 2656 2905 commendat;
2685 2838 2793 2905 tum
2825 2834 2927 2887 loci
2952 2837 3003 2905 in
3037 2850 3143 2905 quo
3169 2837 3341 2893 luerat
3371 2841 3455 2893 illa
3488 2829 3808 2900 inaediﬁcata

2287 2901 2653 2956 ammiiitatem
2679 2903 2982 2978 describit.]

2213 2990 2312 3061 Qui
2339 2993 2491 3062 cupit
2520 3003 2722 3049 aeterna
2756 2997 2952 3052 sociari
2984 3009 3008 3047 ε
3045 3000 3094 3055 in
3126 3002 3256 3057 sede
3289 3003 3495 3073 beatis,

2360 3087 2469 3140 Hos
2497 3087 2597 3142 sibi
2633 3089 2921 3159 participes
2945 3105 3042 3161 per
3069 3093 3152 3161 pia
3183 3106 3304 3148 vota
3335 3096 3483 3152 facit.

2217 3179 2325 3239 Nec
2356 3181 2556 3250 patitur
2584 3181 2802 3238 dillerre
2831 3184 2950 3254 diu,
2982 3189 3122 3256 quod
3151 3197 3365 3258 oportet
3393 3192 3623 3261 agendo,

2354 3271 2488 3329 Cum
2519 3275 2659 3330 bona
2690 3291 2808 3346 qua:
2839 3276 3051 3333 dederit
3085 3280 3198 3334 haec
3227 3297 3326 3335 sua
3350 3283 3496 3336 lucra
3525 3295 3692 3354 putet.

2209 3365 2467 3423 Condidit
2490 3382 2620 3438 ergo
2647 3371 2794 3425 arvis
2824 3371 3043 3427 delubra
3078 3373 3338 3431 Leontius
3369 3372 3400 3416 1³
3429 3380 3570 3434 alma
3591 3419 3606 3445 ,

2356 3459 2581 3515 Talibus
2610 3460 2829 3525 ofﬁciis,
2864 3463 3026 3518 intret
3052 3473 3111 3519 ut
3143 3465 3257 3536 ipse
3285 3468 3460 3538 polos.

2213 3551 2422 3606 Martini
2454 3554 2661 3608 meritis
2689 3564 2743 3609 et
2772 3556 2993 3611 no;nine
3025 3557 3154 3612 fulta
3185 3575 3463 3615 coruscant
3491 3579 3508 3627 ;

2355 3643 2526 3710 Quem
2555 3655 2764 3701 certum
2799 3658 2882 3702 est
2913 3649 3073 3704 terris
3101 3651 3253 3721 signa
3281 3653 3494 3709 dedisse
3529 3655 3653 3725 poli.

2209 3735 2310 3803 Qui
2339 3738 2504 3806 lepra:
2538 3741 2775 3794 maculas
2813 3739 2828 3777 ί
2869 3742 3134 3796 medicata
3168 3759 3261 3812 per
3291 3747 3472 3801 oscula
3506 3763 3765 3818 purgans,

2356 3827 2510 3882 Pacis
2541 3828 2610 3883 ab
2641 3831 2893 3900 amplexu
2927 3833 3173 3888 morbida
3203 3836 3342 3890 bella
3372 3839 3516 3894 tulit.

2211 3915 2342 3972 H330
2372 3928 2553 3972 tamen
2582 3919 2804 3989 ingenio
2833 3931 2960 3976 sunt
2990 3923 3250 3982 mdilicata
3282 3929 3459 3995 perito
3478 3969 3496 3995 ,

2209 4051 2586 4109 Matisconensi
2617 4070 2654 4117 ιι
2685 4055 2929 4111 interluit
2967 4073 3054 4112 an.
3089 4059 3218 4115 585.
3269 4061 3365 4116 llic
3395 4063 3536 4120 idem
3568 4080 3690 4123 esse
3722 4069 3804 4124 vi-

2209 4125 2368 4178 detur
2397 4127 2466 4180 de
2493 4142 2597 4194 quo
2626 4125 2729 4181 hoc
2759 4129 2811 4180 in
2840 4129 2961 4183 loco
2991 4129 3335 4188 Fortunatus.

2280 4194 2309 4231 ά
2344 4194 2499 4272 prius
2528 4196 2659 4272 Cod.
2680 4197 2842 4272 ;_Vat..
2867 4217 3110 4272 prospera
3134 4205 3270 4258 dona
3295 4222 3412 4262 sua.

2287 4273 2309 4301 ε
2341 4264 2633 4343 Sulpicius,
2664 4264 2999 4343 dialogilibﬁ
3022 4289 3079 4337 tt,
3109 4289 3228 4343 cap.
3257 4276 3309 4341 l,
3349 4289 3530 4333 narrat
3555 4279 3656 4335 hoc
3688 4281 3802 4338 fac-

2212 4347 2323 4392 tum
2366 4340 2658 4416 contigisse
2688 4341 2755 4416 _i_n
2786 4344 3081 4416 secretario
3110 4340 3351 4401 ecclesiae
3382 4364 3396 4401 :
3425 4366 3584 4416 quem
3630 4354 3682 4406 iu
3723 4356 3800 4408 lo-

2211 4423 2333 4491 cutu
2367 4422 2428 4462 se
2459 4411 2656 4491 abdere
2684 4411 2942 4491 Martinus
2968 4429 3321 4491 consueverat
3347 4459 3362 4484 ,
3411 4411 3585 4476 donec
3616 4425 3666 4476 in
3703 4440 3802 4491 po-

516 4466 680 4532 Creg.
712 4465 1064 4549 T.ti.ron.,_lib.
1097 4480 1122 4549 ε
1143 4465 1209 4549 de
1259 4465 1442 4519 Gloria
1461 4475 1805 4549 ninartyrum,
1828 4482 1977 4549 cap...
2005 4470 2094 4524 56.
2125 4485 2179 4546 ι)
2210 4481 2391 4546 pulum
2445 4481 2817 4546 prodeundum
2859 4465 3802 4549 esse?'iitﬁ'iéiii'éaciiﬁvriétéil

520 4546 600 4595 An
633 4543 718 4592 hic
751 4538 892 4591 idem
942 4537 1057 4604 ipse
1103 4535 1250 4588 l'uita
1305 4551 1412 4604 quo
1461 4535 1783 4591 Fortunatus
1825 4535 2100 4594 basilicam

515 4613 687 4666 sancti
720 4607 975 4678 Stephani
1011 4613 1344 4662 exstructam
1377 4606 1540 4661 fuisse
1568 4608 1750 4663 “refert
1779 4610 1831 4663 in
1861 4612 1959 4666 hoc
1985 4627 2102 4665 car-

516 4682 707 4736 mine?

589 4758 657 4804 At
688 4753 972 4805 Browerus
1003 4747 1204 4801 mavult
1247 4748 1412 4821 hunc
1434 4747 1733 4821 Palladium
1787 4750 1955 4806 fuisse
1985 4754 2103 4821 epi-

518 4837 742 4889 scopum
784 4822 1197 4892 Bltnricensem,
1229 4833 1349 4872 cum
1384 4818 1493 4874 duo
1521 4818 1748 4877 Palladii
1779 4824 1832 4874 in
1865 4818 2106 4892 catalogo

517 4888 756 4962 cpiscop.
791 4888 1200 4945 Bituricensium
1252 4899 1656 4962 recenseantur,
1704 4909 1933 4960 quorum
1972 4888 2106 4949 alter

517 4956 718 5018 55ccqu
738 4973 950 5032 quarto.
978 4963 1110 5014 alter
1135 4962 1338 5032 saeculo
1366 4961 1555 5029 quinto
1585 4956 1834 5018 ﬂoruisse
1858 4965 2056 5018 dicitur
2077 4981 2106 5019 a

521 5029 766 5104 ttionst
792 5033 1144 5095 Sarnmarth.,
1177 5032 1237 5104 in
1260 5029 1789 5104 Gallia‘Christiana.
1822 5034 1978 5090 Certe
2012 5037 2109 5089 ili-

521 5102 708 5172 lurigts
731 5105 986 5170 templum
1017 5112 1131 5156 erat
1158 5102 1240 5154 vel
1274 5112 1432 5157 aetate
1472 5102 1635 5171 Greg.
1668 5105 1900 5170 Turon.,
1934 5109 2105 5161 sancti

515 5177 769 5245 Stephani
817 5175 1073 5227 memoria
1123 5186 1522 5239 consecratum,
1553 5175 1791 5245 illudque
1824 5177 2105 5244 religimie,

519 5264 580 5300 ac
605 5245 999 5314 magniﬁcentia
1027 5245 1255 5312 insigne,
1287 5245 1441 5312 cujus
1473 5246 1624 5300 initia
1655 5247 1912 5304 describit
1940 5249 2104 5303 idem

517 5319 682 5387 Creg.
717 5317 807 5369 bb.
841 5330 858 5367 ι
907 5315 1042 5368 Hist.
1064 5315 1445 5387 Franc.,_cap.
1477 5316 1566 5373 ΞΩ.

593 5388 618 5426 b
639 5384 842 5440 'Alicna
873 5401 1030 5439 manu
1062 5386 1263 5438 itlatum
1293 5384 1487 5450 fuerat,
1520 5401 1574 5441 nt
1603 5390 1769 5445 refert
1813 5393 1989 5445 Brow.
2019 5408 2105 5444 ea:-

514 5470 608 5512 stet
637 5469 689 5511 ut
717 5459 839 5509 inde
861 5458 984 5529 sibi.
1007 5458 1089 5529 Es
1109 5457 1343 5524 probatis
1373 5459 1524 5512 libris
1546 5461 1616 5514 ab
1644 5463 1760 5529 ipso
1785 5464 2103 5527 repositum,

515 5530 651 5582 unde
674 5528 770 5582 srbi
797 5529 940 5580 sliat.
973 5527 1026 5580 In
1059 5527 1245 5581 Venet.
1278 5529 1592 5594 Eilit.,unde
1620 5527 1710 5586 tibi
1740 5545 1927 5588 servat.
1969 5536 2107 5589 lﬁdil.

516 5601 712 5666 l’aris.,
748 5597 896 5651 Unde
927 5599 1024 5651 sibi
1052 5598 1166 5668 ﬁat.

591 5681 612 5708 ο
655 5675 817 5742 Creg.
842 5671 1068 5734 Torum,
1102 5672 1192 5722 lth.
1228 5685 1322 5724 vttt
1363 5671 1498 5725 Hist.
1547 5673 1764 5742 [τι-τηυξ,
1792 5693 1842 5734 c.
1874 5675 1966 5737 29,
1993 5692 2109 5732 me-

520 5754 692 5797 mutat
737 5735 987 5794 Faustum
1029 5741 1336 5812 episcopum
1369 5748 1721 5815 Auscensem,
1752 5735 1866 5820 'qui
1897 5735 2102 5821 synodo

2208 4552 2354 4632 dam.
2397 4551 2566 4673 lPlura
2590 4551 2822 4610 diximus
2851 4557 2903 4609 in
2949 4557 3089 4612 notis
3129 4559 3195 4612 ad
3237 4558 3406 4615 Vitam
3439 4567 3609 4617 sancti
3652 4565 3798 4620 Mar-

2211 4633 2305 4673 llﬂl
2333 4663 2347 4673 .
2421 4662 2435 4673 .
2470 4636 2552 4673 111.

2211 4633 2305 4692 ttnt
2333 4663 2369 4692 ,ἑ
2399 4633 2435 4677 I.
2470 4636 2552 4676 ιιι.
3609 4688 3613 4692 η

2288 4691 2314 4774 ξ.
2341 4691 2612 4774 Disticbus
2648 4706 3007 4774 postremusa
3037 4699 3408 4774 superioribus
3441 4691 3737 4774 seiungitur
3763 4723 3792 4762 a

2210 4765 2525 4832 quibusdam
2591 4778 2711 4819 cum
2771 4767 2870 4824 hoc
2935 4765 3148 4824 tituloV:
3202 4770 3335 4826 Item
3401 4765 3774 4833 ad'eu‘ntdem

2214 4837 2392 4911 [ιι-ριν.
2443 4837 2500 4888 1η
2551 4851 2657 4889 uno
2702 4836 2838 4892 Cod.
2888 4838 3007 4911 Vat.
3056 4843 3251 4911 legitur
3293 4859 3414 4899 cum
3463 4847 3564 4902 ltoc
3596 4852 3775 4906 titulo.

2212 4905 2308 4961 Isti
2337 4907 2442 4982 duo
2469 4921 2643 4982 versus
2669 4921 2800 4982 sunt
2819 4913 2888 4982 ad
2920 4905 3246 4982 Gregorium.

2287 4987 2312 5024 ις
2345 4980 2398 5031 lu
2450 4992 2555 5031 uno
2605 4979 2738 5034 Cod.
2794 4981 2914 5036 Vat.
2945 5020 2960 5048 ,
3008 4975 3202 5037 {auare
3251 5001 3304 5039 se
3352 5003 3406 5041 ιη
3451 4991 3570 5043 sede
3599 4989 3799 5054 beatis,

2211 5058 2488 5117 corrupte.
2915 5107 2922 5111 _

2288 5117 2314 5155 ιι
2345 5118 2622 5200 Leontius,
2654 5119 2722 5200 de
2752 5136 2859 5192 quo
2883 5121 2970 5176 hic
2997 5123 3343 5200 Fortunatus,
3376 5140 3491 5185 erat
3512 5134 3797 5200 episcopus

2217 5190 2807 5268 Burdegaleusis,_'_v_ir
2848 5210 2970 5248 cum
3024 5198 3220 5263 pietate
3265 5190 3561 5256 ac'virtute'
3585 5190 3793 5268 auitiii,

2216 5271 2325 5315 tum
2356 5263 2567 5335 generis
2596 5262 2877 5335 nobilitate
2911 5262 3241 5323 clarissimus
3266 5311 3298 5335 ,,
3337 5272 3469 5327 satis
3527 5286 3689 5328 notus
3729 5262 3795 5328 ea

2216 5332 2546 5415 carminibus
2593 5332 2870 5415 Fortunati
2898 5377 2914 5401 ,
2959 5349 3012 5390 et
3060 5353 3124 5392 ex
3185 5332 3508 5415 testirtioiiits
3551 5345 3800 5415 Gregorii

2215 5403 2544 5477 Turoiiensis
2570 5443 2587 5468 ,
2633 5420 2752 5477 qum
2793 5407 2970 5476 legere
2999 5417 3082 5461 est
3113 5411 3310 5477 passim
3346 5416 3397 5466 in
3431 5416 3568 5470 Hist.
3603 5403 3798 5471 Fr'Ziuc.

2215 5476 2358 5529 Ubiit
2408 5490 2547 5549 anno
2595 5476 2813 5549 circiter
2863 5477 2987 5537 567.
3035 5476 3372 5549 ac’proinde
3419 5501 3522 5540 non
3571 5489 3663 5542 diu
3703 5501 3803 5540 su-

2219 5558 2432 5617 perstes
2463 5545 2558 5597 fuit
2589 5559 2706 5612 post
2735 5547 3023 5603 adventum
3055 5545 3333 5609 Fortunati
3363 5558 3413 5608 in
3441 5555 3689 5612 Gilliam.

2297 5615 2310 5650 ί
2353 5617 2848 5703 Narrate-Sulpicius,
2877 5619 2970 5703 lib.
2997 5621 3066 5703 de
3087 5623 3200 5703 Vita
3224 5630 3392 5681 sancti
3415 5629 3662 5703 Martini,
3680 5648 3801 5703 cap.

2218 5687 2317 5749 ις),
2365 5689 2504 5764 quod
2541 5688 2792 5764 Martinus
2824 5697 2960 5759 apud
2995 5694 3234 5750 Parisios
3261 5739 3274 5761 ,
3325 5711 3445 5753 cum
3478 5701 3622 5757 urbis
3646 5687 3808 5764 illitis

2226 5767 2431 5830 ponam
2483 5760 2848 5831 ingrederetur
2873 5805 2886 5831 ,
2942 5765 3156 5821 obvium
3189 5760 3373 5826 habuit
3405 5775 3576 5828 virum
3609 5760 3804 5848 lepra;
