4124 6356
285 375 350 428 77
1488 368 1991 428 MISCELLANEA.
2035 399 2101 412 —-
2141 369 2271 425 LIB.
2313 369 2351 424 l.

1901 485 1951 543 Α
1985 481 2091 536 Nec
2123 489 2375 552 poterant
2404 481 2585 536 subito
2619 481 2710 536 tibi
2733 481 2965 537 culmina
2993 484 3137 540 celsa
3168 487 3363 555 parari,

285 491 437 546 Nunc
470 490 694 544 meliore
720 489 804 541 via
835 487 993 541 viruit
1024 494 1274 541 renovata
1307 495 1562 550 vetustus,

362 581 429 634 Et
459 582 614 634 lassae
648 578 859 632 fabricae
884 577 980 631 llos
1003 576 1280 632 redivivus
1311 577 1439 631 adit.

295 673 446 727 ditas
472 671 722 737 accessit,
755 678 937 723 tamen
962 679 987 706 ι
1013 669 1128 723 lucc
1154 669 1447 738 juvenescit
1483 668 1708 735 honore,

363 763 513 818 Unde
537 777 700 815 senex
735 761 907 824 lieret,
929 759 1107 828 jnnior
1137 762 1260 814 inde
1293 760 1449 814 redit.

287 852 386 908 l'iic
409 853 631 922 scalpta:
658 842 820 915 [Ms.,
845 853 1093 930 scalptas]
1127 867 1358 908 camera:
1381 854 1549 908 decus
1575 854 1879 910 interrasile

1561 947 1807 1019 [pendet,

363 1038 506 1105 Quos
536 1039 740 1106 pictura
771 1037 930 1104 solet,
966 1037 1106 1107 ligna
1134 1035 1330 1094 dedere
1349 1038 1522 1108 jocos.
1570 1085 1574 1088 .

286 1130 524 1198 Sumpsit
553 1129 848 1201 imaginens
876 1131 1051 1197 paries
1071 1131 1376 1186 simulando
1401 1133 1620 1200 ﬁguras,

356 1224 487 1292 Qua:
516 1239 691 1289 neque
720 1235 857 1277 tccta
891 1222 1060 1292 prius,
1093 1223 1209 1278 haec
1239 1223 1399 1279 modo
1423 1226 1559 1293 picta
1591 1227 1781 1282 nitent.

289 1314 447 1371 Urbis
478 1316 817 1370 Sanctonicte
847 1317 1050 1384 primus
1071 1315 1169 1370 fuit
1193 1316 1298 1371 iste
1316 1318 1592 1385 sacerdos,

357 1403 423 1463 Et
453 1409 547 1464 tibi
578 1408 670 1476 qui
700 1424 940 1477 reparas,
960 1410 1084 1476 jure
1108 1408 1281 1480 priora
1312 1409 1341 1449 δ
1368 1411 1535 1467 dedit.

282 1501 420 1557 Cum
450 1515 545 1556 sua
574 1502 770 1569 templa
802 1511 947 1556 tenet
972 1511 1215 1568 sanctus,
1244 1501 1536 1559 habitando
1567 1513 1766 1575 quiete,

357 1593 706 1649 lnstauratori
731 1593 908 1648 reddit
937 1594 1141 1649 honore
1172 1607 1194 1635 ο
1230 1597 1425 1653 vicem.

867 1727 1099 1806 CAPUT
1154 1750 1294 1805 xw.

671 1862 752 1919 De
774 1863 936 1918 calice
957 1862 983 1901 δ
1020 1863 1221 1920 Leontii
1247 1868 1493 1939 episcopi.

281 1973 540 2048 {Calicem
573 1990 602 2029 a
634 1975 858 2030 Leontio
882 1985 936 2030 et
993 1976 1262 2030 Placidina
1291 1978 1395 2033 aedi
1437 1993 1605 2034 sacrae
1634 1979 1871 2034 oblatum

865 2048 1301 2121 cmnmemorat.]

283 2161 541 2219 Summus
567 2164 619 2217 in
648 2177 774 2218 arce
807 2165 897 2220 Det
930 2165 1016 2235 pia
1049 2164 1188 2220 dona
1222 2165 1476 2223 Leontius
1503 2163 1681 2233 oﬂ'ert,

357 2255 508 2311 Votis
531 2256 718 2326 juncta
747 2261 940 2345 sacris,
968 2268 1024 2315 et
1072 2259 1342 2318 Placidina
1372 2261 1552 2317 simul.

285 2346 512 2414 Felices,
541 2363 772 2418 quorum
805 2357 830 2386 ⁶
853 2349 1011 2406 labor
1039 2359 1123 2407 est
1159 2352 1420 2408 altaribus
1448 2363 1623 2424 aptus,

355 2439 624 2510 Tempore
654 2440 744 2510 qui
778 2455 943 2511 parvo
975 2458 1081 2498 non
1113 2445 1352 2511 peritura
1382 2445 1579 2499 lerunt.

895 2637 1120 2695 CdPUT
1160 2639 1277 2694 XV.

757 2752 1069 2837 DepLeantio
1098 2752 1118 2793 τ
1135 2736 1409 2828 episcopo.

287 2886 540 2962 [Leontii
565 2886 902 2962 nobilitatem
961 2901 1194 2962 generis,
1242 2886 1600 2962 episcopalem
1629 2894 1874 2962 gradum,

358 2958 780 3018 munificentiam
829 2959 899 3011 in.
936 2959 1134 3026 templa
1191 2958 1438 3014 celebrat
1460 2959 1563 3016 hoc
1610 2958 1876 3028 carmine,

358 3029 641 3098 eidemque
671 3027 984 3097 Placidinae,
1030 3028 1241 3084 Leontii
1269 3030 1395 3085 olim
1426 3033 1632 3098 uxoris,
1691 3033 1880 3088 laudes

359 3101 642 3170 adjungit.j

288 3215 432 3270 Inter
461 3223 597 3284 quos
625 3213 809 3283 genuit
835 3213 1051 3268 radians
1079 3212 1425 3285 Aquitanicus
1457 3223 1484 3263 ε
1511 3216 1653 3282 axis,

365 3307 605 3377 big-regiis
636 3305 842 3359 meritis
866 3305 1102 3361 culmina
1128 3305 1299 3376 prima
1330 3315 1504 3374 tenes,

286 3397 506 3454 Civibus
529 3411 594 3451 ex
628 3394 726 3470 [te
757 3395 922 3450 Gallis
947 3397 1314 3466 supereminet
1341 3397 1451 3453 alta
1483 3407 1742 3468 potestas,

361 3490 441 3543 Tu
470 3489 648 3558 potior
676 3489 921 3558 reliquis,
953 3489 1133 3545 et'tibi
1160 3506 1322 3547 nemo
1351 3490 1518 3561 prior.

291 3581 557 3636 Prmcedis
587 3580 804 3645 multos,
838 3581 965 3634 nulli
998 3581 1194 3650 minor,
1225 3590 1384 3651 atque
1409 3583 1699 3648 secundus,

362 3673 472 3729 Nec
496 3681 744 3742 superest
772 3671 992 3742 aliquid,
1022 3674 1162 3739 quod
1189 3672 1318 3728 dare
1348 3671 1516 3742 possit
1544 3674 1741 3734 honor.

293 3770 534 3836 Quicum
567 3781 628 3824 se
657 3767 886 3836 primum
910 3764 940 3803 λ
967 3767 1181 3821 vestivit
1209 3767 1341 3823 ﬂore
1366 3767 1643 3836 juventus,

363 3860 564 3916 Parvus
587 3875 706 3914 eras
736 3860 914 3925 annis,
947 3868 1002 3915 et
1021 3861 1288 3930 gravitate
1315 3875 1477 3916 senex
1515 3860 1557 3915 ί.

292 3952 494 4008 Versus
523 3957 589 4006 ad
621 3950 885 4019 Hispanas
912 3952 1058 4006 acies
1080 3966 1201 4006 cum
1233 3966 1357 4021 rege
1383 3967 1574 4008 sereno
1603 3957 1646 4019 ι,

363 4045 564 4100 Militia:
589 4045 759 4100 crevit
785 4045 961 4114 palma
990 4045 1224 4100 secunda
1255 4054 1380 4102 tute.

289 4135 455 4208 Cujus
477 4135 727 4205 primitite
745 4142 893 4190 tanto
914 4136 1162 4203 placuere
1187 4137 1379 4204 relatu,

374 4229 441 4284 Ut
465 4228 670 4284 meritis
699 4237 845 4283 esset
871 4227 1084 4282 debitus
1113 4228 1215 4301 iste
1238 4232 1454 4298 gradus.

362 4370 387 4398 ⁸
421 4361 535 4416 Duo
563 4360 736 4433 codd.
773 4359 915 4426 Vat.,
948 4362 1184 4429 accessit,
1225 4363 1316 4416 sed
1359 4364 1488 4421 ha’c.
1537 4365 1680 4421 Edit.
1713 4366 1879 4433 νειμ,

289 4434 505 4487 accessit
523 4431 612 4485 sed
640 4441 685 4485 et
718 4435 845 4486 haec.

363 4502 390 4542 δ
425 4504 582 4557 llisce
611 4505 812 4567 verbis,
834 4503 959 4571 jure
984 4505 1159 4571 priora
1184 4503 1343 4567 dedit,
1373 4505 1676 4561 declaratur
1705 4508 1884 4563 Leon-

3495 376 3567 432 78
3587 420 3596 428 .

2065 574 2188 627 time
2216 574 2317 652 nisi
2350 573 2508 642 digna
2539 584 2685 628 tuum
2719 576 3102 642 promeruisset
3131 593 3264 647 opus

1987 667 2276 722 Nobilitate
2308 677 2497 736 potens
2536 669 2821 738 prmccllis,
2858 685 2988 739 papa
3021 669 3230 736 Leonti,

2055 761 2249 816 Clarus
2277 761 2344 816 ab
2375 762 2628 830 antiquis,
2660 763 2702 816 si
2731 772 3079 818 numerentur
3106 765 3215 819 avi.

1986 851 2116 906 Nam
2145 866 2332 921 genus,
2365 861 2419 908 et
2441 855 2646 921 proavi,
2677 853 2757 907 vel
2784 854 3044 924 quidquid
3076 855 3129 910 in
3159 857 3351 912 Ordine
3371 859 3572 925 dicam,

2060 942 2163 997 Per
2191 958 2442 1011 proceres
2464 944 2638 998 celsos
2662 948 2833 1000 currit
2856 950 3006 1015 origo
3034 958 3207 1004 vetus.

1985 1035 2250 1104 Tempora
2273 1035 2577 1106 diffugiunt,
2605 1048 2656 1093 et
2690 1048 2796 1091 stat
2827 1050 3004 1095 tamen
3035 1042 3156 1095 aula
3186 1055 3500 1112 parentum:

2056 1127 2170 1184 Nec
2203 1129 2403 1198 patitur
2430 1131 2660 1199 lapsum,
2680 1116 2748 1187 ita
2778 1144 3084 1202 reparante,
3108 1137 3314 1193 domus.

1983 1217 2244 1272 Nobilitas
2271 1219 2458 1288 longos
2488 1233 2594 1274 non
2625 1222 2897 1277 inclinavit
2925 1225 2977 1278 in
3007 1240 3217 1292 annos;

2054 1310 2149 1364 Cui
2180 1312 2348 1379 magis
2378 1327 2658 1368 ascensum
2687 1316 2865 1384 proles
2892 1317 3073 1385 opima
3101 1319 3264 1377 dedit.

1983 1399 2182 1470 Inclyta
2219 1403 2504 1473 progenies
2534 1407 2749 1458 ornavit
2784 1406 2902 1460 luce
2932 1408 3175 1476 priores,

2054 1490 2294 1546 ﬂat-redis
2326 1493 2480 1548 radio
2519 1495 2772 1562 Splendet
2809 1497 2961 1566 origo
2991 1507 3216 1568 patrum.

1984 1581 2058 1636 De
2083 1583 2264 1638 radice
2292 1598 2389 1638 sua
2420 1587 2614 1640 vestita
2640 1599 2724 1641 est
2753 1587 2887 1643 ﬂore
2917 1600 3187 1657 vetustas;

2052 1673 2222 1741 Quam
2253 1677 2444 1731 merito
2474 1686 2666 1745 vestra:
2699 1680 2870 1734 laudis
2890 1681 3172 1738 obumbrat
3203 1685 3394 1742 honor.

1981 1767 2235 1833 Quamvis
2262 1784 2368 1824 non
2398 1772 2592 1838 aliquis
2623 1776 2799 1842 patior
2827 1775 2988 1831 modo
3028 1779 3197 1847 possit
3217 1781 3424 1852 haberi,

1904 1869 1952 1929 Β
2055 1857 2134 1912 Tu
2164 1859 2256 1914 tibi
2285 1863 2566 1929 prrecedis,
2594 1865 2975 1932 amplilicando
3007 1880 3214 1939 patres.

1981 1948 2187 2004 Emicat
2213 1953 2355 2007 altus
2378 1967 2538 2022 apex,
2563 1970 2820 2025 generosa
2845 1970 3128 2015 Stemmata
3162 1966 3423 2033 pandens,

2047 2041 2216 2109 Cujus
2243 2042 2383 2112 apud
2415 2059 2567 2114 reges
2599 2048 2754 2101 unica
2788 2049 2960 2116 palma
2996 2062 3160 2118 patet.

1981 2129 2243 2188 Ecclesia:
2266 2149 2408 2189 nunc
2429 2134 2554 2205 jura
2584 2138 2748 2207 regis,
2779 2144 3085 2199 venerande
3113 2149 3388 2213 sacerdos.

2051 2221 2231 2277 Altera
2261 2225 2513 2281 nobilitas
2542 2229 2757 2284 additur
2786 2231 2910 2288 inde
2953 2234 3068 2288 tibi.

1979 2313 2311 2371 Pontiﬁcalis
2340 2332 2478 2386 apex
2508 2321 2750 2388 quamvis
2780 2321 2847 2376 sit
2886 2325 3063 2379 celsus
3102 2326 3154 2383 in
3203 2329 3334 2386 urbe
3359 2328 3569 2409 [orbe],

2052 2407 2339 2478 Postquam
2365 2419 2418 2464 te
2454 2413 2667 2476 meruit,
2697 2414 2869 2468 crevit
2897 2415 3123 2482 adeptus
3163 2420 3357 2477 honor.

1979 2499 2112 2554 Aula
2143 2499 2263 2568 Dei,
2288 2510 2341 2556 et
2372 2510 2576 2568 pastor,
2611 2503 2938 2564 vicibussibi
2972 2511 3190 2575 praemia
3222 2514 3470 2580 reddunt,

2053 2589 2132 2644 llli
2163 2600 2215 2645 tu
2243 2601 2511 2656 ornatum,
2545 2608 2698 2662 spem
2723 2595 2873 2649 dedit
2901 2596 2989 2650 illa
3030 2601 3145 2654 tibi.

1981 2680 2204 2737 Munere
2232 2681 2416 2738 divino
2441 2683 2647 2752 pariter
2675 2686 2882 2742 ﬂoretis
2914 2693 3146 2760 tttriqtm,

2053 2771 2132 2827 Tu
2164 2775 2413 2831 mercede
2439 2776 2620 2844 places
2639 2817 2655 2839 ,
2690 2776 2778 2832 illa
2804 2779 3000 2835 decore
3027 2784 3178 2838 nitet.

1990 2865 2210 2922 Tertius
2237 2882 2266 2920 a
2295 2869 2504 2924 decimo
2534 2869 2660 2924 huic
2688 2870 2804 2925 urbi
2835 2874 3061 2950 antistes
3090 2875 3323 2940 tiaberis,

2052 2957 2160 3013 Sed
2192 2962 2395 3029 primus
2422 2963 2628 3016 meritis
2658 2967 3056 3022 enumerandus
3081 2971 3210 3023 eris.

1983 3048 2204 3117 Templa
2237 3061 2446 3106 vetusta
2472 3048 2564 3108 Dei
2592 3056 2860 3111 revocasti
2885 3055 2940 3110 in
2966 3059 3203 3116 culmine
3229 3063 3427 3129 prisco,

2056 3143 2290 3215 Postque
2319 3159 2475 3201 suum
2502 3144 2710 3217 lapsum
2738 3165 2883 3206 nunc
2913 3153 3136 3209 meliora
3169 3157 3402 3224 placent.

1903 3231 1950 3290 C
1984 3233 2141 3289 Flore
2162 3234 2475 3306 iuventutis,
2509 3240 2663 3296 senio
2691 3240 2945 3312 fugiente,
2975 3259 3287 3312 coruscant.

2063 3327 2125 3380 Et
2152 3326 2247 3382 tibi
2280 3327 2399 3384 laeta
2433 3328 2633 3397 favent,
2673 3347 2782 3402 quo
2811 3348 3105 3392 renovante
3132 3341 3324 3394 virent.

1990 3417 2055 3472 lit
2083 3429 2135 3472 tu
2167 3419 2284 3487 plus
2311 3433 2520 3491 ageres,
2553 3423 2796 3478 incendia
2826 3433 2964 3481 tecta
2989 3439 3323 3499 cremarnnt,

2057 3509 2125 3563 Et
2153 3526 2296 3565 nunc
2322 3512 2479 3568 laude
2509 3523 2596 3567 tua
2630 3516 2902 3586 pulchrius
2930 3519 3021 3574 illa
3050 3521 3270 3576 micant.

1983 3602 2248 3671 Nullaque
2269 3605 2668 3662 ﬂammicrema
2697 3620 2982 3666 senserunt
3003 3612 3198 3668 damna
3225 3616 3416 3681 ruina,

2054 3694 2184 3760 Qua:
2215 3695 2374 3750 modo
2407 3704 2530 3766 post
2557 3697 2708 3769 ignes
2733 3697 2757 3736 κ
2786 3699 2991 3755 lumine
3019 3702 3177 3769 plena
3207 3704 3398 3759 nitent.

1981 3780 2157 3838 Credo
2180 3786 2318 3853 quod
2349 3801 2412 3839 ex
2445 3801 2568 3861 sese
2599 3786 2891 3843 voluissent
2920 3789 3037 3858 ipsa
3061 3792 3323 3860 cremari,

2055 3875 2124 3930 Ut
2152 3875 2301 3930 labor
2325 3875 2416 3932 ille
2443 3885 2565 3932 tuus
2595 3877 2709 3932 haec
2735 3878 2960 3934 meliora
2988 3879 3145 3935 daret

1984 3964 2110 4019 Post
2134 3966 2343 4020 cineres
2372 3976 2687 4036 consumpta
2715 3981 2862 4034 suos,
2891 3977 3188 4041 tenuesque
3215 3972 3446 4039 favillas,

2053 4055 2143 4110 Sic
2173 4058 2311 4112 solet
2337 4066 2392 4112 et
2420 4057 2644 4113 Phtenix
2682 4057 2701 4097 1
2733 4074 2794 4114 se
2820 4075 3084 4116 renovare
3107 4079 3293 4119 senex.

1986 4144 2280 4202 instaurata
2311 4151 2472 4206 etiam
2501 4155 2640 4210 sacri
2667 4165 2752 4211 est
2785 4158 3118 4226 baptismatis
3138 4159 3257 4214 aula
3287 4170 3348 4226 π’,

2055 4239 2170 4304 Quo
2193 4243 2432 4298 maculas
2463 4255 2673 4302 veteres
2700 4249 2818 4304 fons
2847 4250 2990 4305 lavat
3016 4266 3156 4307 unus
3187 4256 3366 4323 aquis.

1985 4372 2266 4458 ﬁnitimus,
2296 4380 2742 4445 quemadmodum
2779 4392 2839 4458 et
2861 4385 3169 4458 villasque
3214 4406 3244 4445 a
3274 4390 3497 4447 Sidonio
3521 4400 3579 4446 et

1983 4443 2281 4520 Fortunato
2298 4443 2790 4520 commemorantur
2807 4455 3002 4512 domus
3028 4443 3242 4514 illorum
3267 4443 3582 4520 {iniiinii

1987 4517 2228 4600 proprias
2257 4517 2446 4584 fuisse,
2478 4517 2776 4580 similitudo
2800 4540 2985 4582 earum
3008 4529 3221 4600 evincit,
3246 4517 3432 4589 utvsuo
3455 4517 3580 4587 loco.

289 4576 848 4648 tinm_me_tropolitam
889 4574 1254 4648 fuissegcujus
1304 4576 1525 4632 dioecesi
1570 4590 1686 4633 erat
1729 4595 1876 4634 COlll-
1903 4590 1956 4648 ι)
1982 4574 2355 4641 indicabimus.

293 4644 647 4711 provincialis
673 4642 1027 4698 Santonensis
1057 4642 1316 4700 Ecclesia.

360 4729 382 4754 ο
427 4714 561 4770 Tres
600 4713 768 4769 Codd.
803 4715 996 4781 Vatic.,
1029 4717 1195 4770 reddit
1227 4732 1399 4772 amore
1427 4718 1605 4771 vicem.

356 4782 384 4823 ἀ
425 4784 656 4856 Hujusce
685 4786 866 4840 calicis
898 4789 1222 4842 mentionem
1246 4789 1436 4842 iterum
1462 4789 1640 4843 facere
1666 4788 1878 4846 videtur

288 4856 619 4911 Fortunatus
649 4871 766 4926 seq.
793 4857 1057 4924 carmine,
1090 4859 1200 4912 illis
1225 4859 1502 4914 versiculis
1531 4878 1544 4913 :

421 4967 808 5031 Muneribusque
833 4971 926 5032 piis
945 4969 1121 5018 dotasti
1147 4968 1312 5018 altaria
1339 4971 1534 5032 Christi,

479 5032 598 5082 Cum
624 5038 706 5082 tua
733 5043 842 5079 vasa
864 5031 1031 5081 ferunt
1048 5035 1235 5081 viscera
1259 5040 1425 5081 sancta
1450 5033 1571 5085 Dei.

369 5143 393 5171 °
422 5134 693 5210 lnvEdiiis
724 5135 1001 5210 legebatur
1047 5152 1262 5202 quorum
1306 5147 1382 5190 est
1429 5137 1682 5210 altaribus
1731 5150 1881 5210 aptus

296 5215 539 5282 uterque;
568 5207 869 5282 restitutum
900 5224 927 5256 a
960 5206 1162 5272 Brovv.,
1204 5222 1271 5261 ex
1299 5217 1482 5262 vetere
1509 5209 1634 5277 “8.,
1665 5206 1908 5282 quorum.

297 5277 444 5333 labar
471 5289 542 5330 est
567 5275 816 5330 altaribus
853 5288 1025 5346 aptus.

376 5347 392 5384 τ
433 5347 527 5420 Hic
556 5347 811 5420 Leontius
860 5357 1217 5420 successerat
1242 5348 1296 5402 in
1346 5347 1473 5402 sede
1506 5349 1884 5420 Burdegalensi

295 5418 448 5485 alteri
472 5418 714 5488 Leontio,
748 5433 865 5471 cum
897 5418 1033 5486 ipso,
1058 5429 1110 5470 ut
1134 5419 1365 5485 videtur,
1398 5422 1610 5488 generis
1641 5418 1888 5476 nece-si-

299 5489 484 5542 tudiue
513 5487 850 5556 conjunclus.
886 5489 1084 5543 [lorum
1109 5490 1327 5555 stirpem
1358 5501 1411 5545 et
1432 5493 1691 5556 originem
1723 5494 1888 5548 refert

298 5557 474 5614 Brow.
494 5558 562 5612 ad
581 5555 882 5629 prosapiam
909 5555 1273 5625 Paulinorum,
1295 5563 1660 5629 conjecturam
1686 5562 1888 5620 iaciens

293 5643 359 5703 ex
387 5629 626 5703 quodam‘
646 5627 855 5703 Sidonii
901 5630 1229 5703 {Apollinaris
1253 5627 1409 5703 lo_co,’
1443 5632 1535 5685 lib.
1584 5649 1694 5691 vnt.
1726 5636 1883 5703 epist.

294 5700 382 5754 12.
421 5701 584 5773 certe
610 5699 1018 5773 Leontius_ill_e,
1049 5698 1116 5753 de
1144 5715 1249 5769 quo
1285 5699 1539 5773 Sidonius
1579 5705 1733 5772 facile
1761 5698 1888 5773 'pri-

294 5786 407 5821 mus
453 5771 827 5840 Aquitanorum
865 5769 1090 5832 dicitur;
1135 5783 1296 5837 atque
1352 5770 1473 5824 huic
1521 5769 1789 5840 Leontio,
1817 5776 1883 5831 de

293 5852 399 5909 quo
425 5839 516 5897 hic
541 5841 888 5898 Fortunatus.
917 5839 1127 5894 videtnr
1153 5840 1361 5910 origine
1390 5850 1444 5898 et
1483 5843 1684 5900 [aisiilia
1719 5847 1885 5901 fuisse

2055 4666 2080 4735 ξε
2113 4657 2260 4735 Unus
2449 4660 2594 4735 fab,
2623 4663 2930 4735 Aquitania:
2948 4669 3092 4721 ramis.

2054 4724 2082 4805 ξι
2112 4726 2262 4805 Unus
2285 4730 2419 4805 god.
2446 4724 2591 4805 Xan,
2622 4724 2712 4805 qui
2744 4751 2860 4788 cum
2885 4753 2938 4790 se
2966 4741 3150 4804 primo.

2059 4794 2074 4832 ί
2098 4796 2261 4879 _Unu_s
2282 4798 2416 4879 C‘od.
2446 4794 2590 4879 V_at._,_
2618 4794 2667 4857 ἐι
2694 4808 2944 4879 gravitate
2966 4794 3126 4874 senis,
3149 4824 3213 4863 ac
3255 4824 3584 4879 perpetuum

1983 4875 2066 4952 est
2095 4867 2208 4952 fere
2235 4870 2286 4952 in
2316 4871 2420 4927 hoc
2461 4873 2658 4952 Codice
2683 4867 2818 4929 senis
2850 4891 2948 4946 pro
2991 4867 3145 4933 iam
3166 4867 3395 4950 ponere,
3431 4886 3579 4952 quod

1983 4940 2153 4997 semel.
2181 4949 2395 4996 notasse
2421 4944 2667 4999 sniticiat.

2059 5010 2074 5057 ι
2115 5008 2305 5086 Refert
2326 5011 2620 5086 Gregorius
2655 5013 3006 5086 Turonensis,
3031 5019 3234 5077 Hister.
3260 5021 3450 5083 Frane.
3477 5024 3574 5079 lib.

1989 5093 2068 5165 nt,
2097 5093 2216 5147 cap.
2247 5082 2335 5148 10,
2368 5082 2770 5165 Childebertum
2799 5082 3001 5157 regem,
3030 5087 3336 5165 liispania‘d't
3367 5082 3584 5165 ingres-

1986 5163 2103 5233 sum
2149 5165 2270 5233 cum
2312 5153 2581 5233 exercitu,
2622 5153 2900 5224 ejusdem]
2934 5153 3299 5233 occiso'rege,
3346 5153 3577 5233 poiitum.

1987 5218 2172 5276 fuisse.
2199 5222 2322 5276 Haec
2352 5225 2529 5289 itaque
2555 5218 2730 5281 castra
2761 5218 2977 5285 secutus
3014 5231 3178 5286 fuisse
3211 5218 3470 5290 Leontius
3494 5218 3580 5290 die

1986 5290 2187 5368 centius
2215 5301 2318 5356 est,
2341 5294 2448 5368 jam
2473 5305 2600 5368 tunc
2623 5305 2783 5368 aetate
2812 5300 3127 5368 pubescens.
3157 5301 3244 5357 Illa
3273 5314 3449 5361 autem
3478 5321 3580 5360 ex-

1989 5361 2188 5436 peditio
2213 5365 2526 5436 contigitiad
2559 5383 2645 5421 an.
2675 5366 2776 5422 551
2813 5361 3068 5436 ἐῖτ-θηρί’,
3110 5371 3184 5425 uti
3215 5374 3445 5430 diximus
3474 5393 3572 5432 stt-

1991 5446 2105 5509 pro,
2133 5433 2185 5487 in
2217 5433 2448 5509 ttotis’ad
2471 5453 2639 5509 carm.
2661 5437 2727 5490 15
2749 5439 2972 5509 hujusce
3001 5433 3142 5497 libri.
3169 5442 3570 5500 Cliiidebertum

1988 5503 2167 5584 itaque
2191 5504 2293 5584 sub
2339 5507 2556 5584 nomine
2581 5511 2710 5578 regis
2734 5503 2896 5584 sei-Eni
2926 5513 3146 5567 minime
3176 5513 3364 5568 dubito
3386 5518 3577 5584 decia-

1987 5575 2119 5653 rari,
2141 5575 2293 5643 cujus
2323 5575 2725 5653 religionetn'ae
2755 5583 3006 5649 pietatem
3034 5598 3178 5653 sape
3221 5587 3403 5640 laudat
3429 5581 3567 5640 For-

1989 5650 2223 5723 tunatus.
2254 5645 2347 5723 sed
2381 5649 2646 5723 prgcipue
2673 5645 2767 5723 lib.
2797 5666 2868 5715 vt,
2898 5666 3017 5723 cap.
3050 5653 3104 5707 4.

2062 5711 2084 5789 'f
2122 5714 2268 5789 Unus
2294 5711 2427 5789 God.
2455 5711 2598 5789 νέξ..
2628 5735 2717 5783 per
2743 5711 2903 5789 ignes.

2067 5779 2084 5819 ι
2125 5783 2272 5860 Unus
2315 5787 2449 5840 Cod.
2485 5779 2639 5860 Van,
2662 5792 2735 5842 sic
2762 5779 2912 5860 floret
2945 5800 2995 5844 et
3027 5790 3269 5859 Phanis,
3300 5798 3578 5859 corrupto,

2063 5855 2431 5925 InBrovverus,
2490 5857 2541 5914 in
2600 5855 2837 5917 notisad
2889 5861 3034 5919 hunc
3089 5855 3289 5933 locum,
3336 5855 3578 5919 ostendit
