4124 6352
641 356 717 414 -79
1364 357 1693 416 VENANTII
1732 355 1892 415 "0N.
1935 356 2144 415 CLEM.
2189 358 2197 413 1

2290 357 2592 422 RTUNATI
2629 362 2915 422 ορειιωι
2957 363 3130 422 PARS
3162 363 3207 421 Ι.

2265 480 2316 539 Δ
2345 479 2470 537 lla-e
2497 479 2780 553 pussessor
2801 483 2982 550 liabet,
3012 481 3268 555 quidquid
3293 481 3650 539 transmiserit
3677 491 3826 548 ante,

645 480 788 535 Ecce
816 475 971 533 beata
996 491 1165 533 sacra:
1190 476 1424 534 fundasti
1453 480 1650 548 templa
1681 479 1880 546 Maria',

714 569 828 624 Nux
853 569 940 624 ubi
969 568 1108 623 victa
1137 567 1290 640 iugit,
1323 583 1537 637 semper
1559 569 1806 625 habendo
1834 571 1995 626 diem.

644 659 869 717 Lumine
892 661 1044 730 plena
1070 661 1297 725 micans,
1325 661 1530 715 imitata
1560 673 1639 716 est
1663 663 1784 716 aula
1812 660 2055 727 Mariam,

714 752 806 808 Illa
836 760 987 808 utero
1016 752 1189 807 lucem
1218 751 1434 818 clausit,
1466 763 1519 806 et
1546 754 1645 807 ista
1673 753 1815 810 diem
1847 761 1894 808 ³.

638 841 750 900 Nec
780 844 952 900 solum
985 843 1217 910 bic,-sed
1248 843 1446 916 ubique
1473 842 1500 883 δ
1535 845 1736 901 micant
1773 856 1857 899 tua
1889 845 2110 914 templa,
2141 859 2233 900 sa-

1785 933 2019 1010 [cerdos.

710 1026 856 1082 inter
881 1041 1000 1098 qua:
1031 1027 1292 1098 plaudens
1317 1029 1619 1084 Saucionus
1651 1029 1738 1084 illa
1765 1031 1920 1085 docet
1956 1041 2002 1087 θ.

637 1119 740 1186 Qui
769 1120 885 1174 loca
909 1120 1007 1175 das
1038 1121 1267 1192 populis,
1296 1122 1386 1176 ubi
1407 1121 1680 1178 Christum
1709 1123 1908 1196 iugiter
1936 1135 2114 1194 orent,

712 1211 862 1267 [inde
889 1213 1032 1267 salus
1063 1213 1262 1282 veniat,
1290 1224 1342 1268 te
1365 1214 1494 1270 i'acis
1513 1231 1635 1270 esse
1657 1216 1818 1272 viam.

637 1303 998 1372 l—Icciesizeque
1026 1304 1218 1359 domus
1246 1317 1527 1360 crescente
1553 1309 1834 1362 cacumine
1865 1309 2050 1376 pollet,

711 1392 770 1449 Et
801 1395 989 1464 probat
1015 1408 1140 1452 esse
1169 1405 1342 1463 tuum,
1373 1397 1513 1466 quod
1541 1399 1705 1454 modo
1734 1399 1876 1454 culta
1902 1401 2098 1466 placet.

635 1483 680 1542 l"
681 1485 831 1541 eciin
861 1495 918 1540 ut
943 1486 1106 1541 libeat
1129 1494 1352 1542 cunctos
1383 1487 1486 1542 huc
1513 1503 1731 1544 currere
1759 1490 1932 1558 cives,

709 1579 780 1635 Et
801 1581 992 1635 domus
1019 1596 1122 1635 una
1153 1590 1328 1648 vocet,
1357 1583 1612 1652 quidquid
1637 1585 1688 1641 in
1722 1587 1856 1642 urbe
1883 1594 2084 1643 manet.

632 1671 851 1729 Oruasti
881 1673 1132 1743 patriam,
1160 1671 1244 1728 cui
1267 1671 1403 1728 dona
1434 1676 1689 1744 perennia
1716 1684 1961 1746 prmstas,

693 1760 788 1831 ,Tu
812 1777 1026 1832 quoque
1054 1762 1332 1828 dicendus,
1362 1763 1756 1834 Burdegalensc
1783 1765 1968 1821 decus.

3860 365 3935 427 80

2409 574 2534 629 Sola
2565 584 2710 631 tenet
2730 572 2756 614 ¹¹
2787 591 2990 640 secum,
3021 591 3142 647 qua:
3171 576 3319 648 prius
3350 577 3428 631 ire
3455 573 3602 630 facit.

2339 663 2466 722 llaec
2489 665 2581 720 tibi
2605 667 2802 738 templa
2835 669 3059 735 dabunt,
3089 677 3143 724 et
3172 681 3296 722 vasa
3320 679 3549 734 sacrata,
3577 666 3854 734 sacerdos,

2409 755 2474 810 Et
2502 756 2754 828 quidquid
2785 757 3070 828 reliquum,
3094 773 3195 814 nec
3219 771 3504 813 numerare
3532 772 3670 828 queo

2335 846 2591 903 Ecclesiae
2627 849 2876 904 columen
2923 847 3182 921 [culmen]
3213 863 3306 920 per
3335 859 3579 916 tempora
3621 851 3780 919 longa
3819 862 3925 919 gn-

3471 936 3708 1013 thema.

2403 1027 2475 1084 Et
2497 1028 2750 1085 mercede
2776 1029 2860 1100 pia
2890 1029 3093 1085 fructus
3120 1029 3315 1102 ubique
3343 1031 3532 1085 mices.

2331 1117 2508 1191 Cogor
2527 1135 2710 1176 amore
2732 1124 2893 1178 etiam
2926 1123 3212 1178 Placidina:
3235 1136 3398 1191 pauca
3435 1119 3661 1187 reierre,

2400 1211 2532 1278 Qua:
2559 1213 2652 1266 tibi
2685 1223 2807 1267 tunc
2834 1214 3052 1282 conjux,
3079 1221 3158 1269 est
3184 1213 3345 1267 modo
3371 1211 3536 1268 chara
3561 1226 3714 1268 soror
3742 1208 3791 1268 ι.

2331 1300 2534 1358 Lumen
2556 1302 2625 1356 ab
2645 1301 2874 1358 Arcadio
2902 1304 3124 1359 veniens
3145 1302 3387 1372 genitore
3411 1300 3659 1372 refulget,

2399 1395 2516 1463 Quo
2541 1403 2720 1450 manet
2740 1405 3022 1467 augustum
3053 1411 3294 1468 germen,
3320 1397 3492 1461 Avite,
3525 1406 3672 1451 tuum
3698 1413 3715 1450 :

2329 1485 2541 1554 imperii
2565 1485 2581 1536 i
2620 1487 2785 1540 [astus
2804 1484 3018 1558 [iasces]
3045 1497 3156 1541 toto
3175 1487 3263 1556 qui
3287 1487 3424 1542 rexit
3451 1486 3504 1542 in
3530 1488 3701 1554 orbe;

2399 1576 2564 1647 Cujus
2591 1577 2765 1633 adhuc
2793 1579 2998 1647 pollens
3020 1579 3140 1648 jura
3167 1588 3386 1634 unctus
3413 1580 3592 1633 habet.

2330 1665 2558 1722 iinmani
2583 1668 2798 1738 generis
2825 1667 2870 1722 si
2897 1669 3128 1723 culmina
3159 1667 3325 1738 prima
3353 1669 3617 1739 requiras,

2400 1758 2618 1816 Semiue
2645 1759 2894 1814 Caesareo
2923 1757 2947 1798 ¹ι
2980 1760 3052 1815 nil
3080 1774 3364 1830 superesse
3389 1769 3583 1829 potest.

631 1830 900 1922 Quantum
941 1830 1087 1908 inter
1129 1854 1363 1926 reliquas
1411 1830 1570 1925 caput
1617 1857 1732 1912 haec
1761 1854 1788 1894 δ
1819 1871 1982 1926 super
2033 1858 2223 1913 extulit
2257 1830 2304 1891 Β
2328 1849 2434 1906 Sed
2465 1864 2636 1919 genus
2658 1850 2770 1920 ipsa
2795 1866 2950 1906 suum
2980 1865 3173 1907 sensus
3200 1852 3566 1906 moderamine
3591 1850 3747 1919 vicit;

1798 1947 2004 2022 inritos,

701 2035 930 2091 Tantum
956 2034 1243 2093 Pontiﬁces
1265 2037 1438 2092 vincis
1467 2037 1670 2094 honore
1694 2041 1911 2109 grados.

631 2125 888 2181 inferiora
915 2127 1062 2181 velut
1087 2135 1215 2182 sunt
1242 2126 1462 2183 ﬂumina
1489 2139 1680 2183 cuncta
1709 2128 1995 2187 Garumna
2028 2138 2075 2198 ⁸.

704 2215 820 2277 Non
848 2215 1005 2274 aliter
1034 2205 1185 2274 vobis
1212 2219 1453 2289 subiacet
1483 2220 1659 2275 omnis
1682 2237 1842 2291 apex.

628 2306 854 2366 Rhenus
878 2308 948 2364 ab
973 2306 1111 2380 Alpe
1141 2323 1326 2367 means
1355 2323 1530 2382 neque
1559 2312 1720 2368 tantis
1747 2321 1961 2382 spumat
1995 2312 2219 2369 habenis

1657 2425 1665 2432 -
1753 2401 2002 2476 larenisi.

702 2489 914 2547 Fortior
945 2492 1199 2549 Adriacas
1228 2508 1326 2549 nec
1349 2493 1524 2550 Padus
1549 2496 1711 2550 intrat
1733 2509 1930 2564 aquas;

629 2581 902 2639 Dattnbius
933 2599 1030 2655 par
1052 2594 1159 2652 est,
1189 2586 1280 2656 qui
1310 2587 1522 2658 longius
1551 2597 1735 2658 egerat
1765 2585 1784 2626 ί
1819 2587 1990 2642 undas
2017 2599 2036 2638 :

700 2676 826 2731 llaec
855 2690 954 2746 ego
985 2678 1325 2744 transcendi;
1355 2678 1538 2749 judico
1562 2690 1684 2735 nota
1711 2679 1864 2734 mibi.

625 2766 1042 2841 Muneribusque
1065 2769 1168 2840 piis
1195 2769 1390 2826 dotasti
1417 2772 1604 2827 altaria
1634 2771 1856 2834 Christi,

693 2857 831 2912 Cum
861 2867 948 2914 tua
976 2874 1100 2916 vasa
1131 2857 1310 2917 ferunt
1335 2861 1541 2917 viscera
1569 2874 1752 2918 sancta
1785 2863 1900 2919 llei.

621 2945 754 3002 Nam
781 2963 962 3014 cruor,
994 2961 1047 3005 et
1082 2965 1278 3022 corpus
1304 2951 1512 3007 Domini
1542 2954 1791 3008 libamina
1815 2955 2032 3020 summi,

694 3036 819 3095 Rite
847 3039 1148 3096 ministerio
1175 3040 1602 3114 [ministerium].
1633 3052 1686 3099 te
1719 3044 2012 3112 tribuente,
2045 3047 2210 3101 venit.

622 3131 670 3184 0
697 3127 850 3195 felix,
879 3130 1033 3202 cujus
1061 3131 1198 3186 ditat
1222 3131 1306 3200 pla
1341 3134 1538 3204 templa
1568 3133 1812 3199 facultas,

697 3220 797 3275 Cui
828 3238 915 3278 res
943 3223 1041 3278 ista
1074 3223 1246 3296 magis
1272 3240 1376 3280 non
1398 3227 1628 3295 peritura
1655 3237 1858 3282 manet.

624 3312 742 3372 Non
764 3331 946 3384 aerugo
977 3325 1110 3371 teret
1135 3325 1162 3364 ε
1193 3316 1430 3372 mordaci
1459 3317 1618 3373 dente
1647 3320 1926 3383 talentum,

689 3406 799 3462 Nec
835 3415 1019 3461 contra
1051 3405 1166 3461 ltzcc
1196 3405 1343 3461 iures
1366 3421 1511 3461 arma
1537 3406 1720 3462 dolosa
1752 3417 1988 3464 movent.

620 3497 686 3555 Et
708 3498 831 3553 data
864 3513 951 3554 res
978 3497 1129 3564 vivit,
1162 3496 1288 3553 facit
1305 3506 1361 3553 et
1387 3499 1524 3554 bene
1553 3499 1734 3554 vivere
1752 3501 1968 3555 dantem

689 3590 824 3647 Cum
849 3591 1075 3644 moritur
1101 3589 1279 3656 terris,
1309 3588 1521 3645 ducitur
1546 3589 1670 3646 inde
1693 3590 1847 3661 polis.

616 3725 951 3796 baptisteria,
1009 3725 1207 3780 veteris
1263 3723 1518 3781 Ecclesia:
1574 3740 1752 3786 more.
1805 3736 1860 3781 et
1912 3741 2034 3793 usu,
2091 3727 2205 3781 iere

611 3795 840 3852 scursim
871 3811 900 3849 a
933 3795 1171 3852 basilicis
1199 3798 1404 3852 exstrui
1454 3796 1611 3851 solita
1646 3796 1830 3861 fuisse,
1879 3798 2023 3865 quod
2071 3797 2197 3852 item

611 3882 676 3920 es
718 3866 819 3920 hoc
869 3867 1182 3922 testimonio
1229 3866 1504 3922 Fortunati
1551 3869 1920 3921 coniirmatnr.
1972 3869 2202 3923 Sanctus

612 3939 774 4007 Creg.
807 3937 936 3992 Tur.
970 3937 1131 3991 etiam
1177 3939 1272 3992 lib.
1307 3952 1337 3992 ι
1369 3939 1506 3994 liist.
1540 3935 1760 3997 Frauc..
1787 3953 1906 4002 cap.
1939 3939 2029 4004 5i,
2061 3939 2202 3994 inter

611 4021 808 4061 c'etera
850 4022 1036 4076 opera,
1085 4008 1279 4077 quibus
1326 4008 1442 4076 ipse
1495 4009 1791 4063 Ecclesiam
1824 4009 2197 4064 Turonensem

610 4087 917 4142 ornaverat,
949 4077 1317 4146 baptisterium
1350 4086 1616 4144 recenset,
1655 4078 1796 4147 quod
1847 4094 2013 4147 prope
2059 4079 2199 4132 basi-

611 4148 767 4202 licam
796 4159 1078 4202 curaverat
1107 4149 1501 4213 a-diiicandum,
1552 4149 1798 4213 inquiens
1828 4166 1841 4201 :
1874 4167 1893 4199 s
1933 4149 2199 4216 Baptiste-

2239 3179 2288 3244 C

2398 1941 2568 2012 Cujus
2593 1943 2660 1999 ab
2688 1943 2900 2014 eloquio
2924 1942 3096 1998 dulcia
3123 1942 3276 1998 melis
3303 1943 3490 1998 iluuut.

2324 2032 2522 2098 Chara,
2550 2049 2762 2100 serena,
2791 2035 3012 2098 decens,
3037 2035 3229 2100 solt-rs,
3255 2034 3360 2103 pia,
3393 2036 3555 2099 mitis,
3580 2036 3777 2105 opima,

2393 2131 2524 2194 Quae
2551 2126 2691 2181 bona
2713 2135 2903 2181 cuncta
2931 2127 3088 2194 gerit,
3117 2125 3374 2195 quidquid
3406 2126 3611 2182 honore
3641 2127 3832 2194 placet.

2323 2220 2577 2285 Moribus,
2601 2218 2833 2290 ingenio,
2865 2218 3178 2274 meritorum
3207 2219 3324 2275 luce
3352 2234 3662 2286 coruscans,

2392 2311 2614 2367 Ornavit
2636 2325 2823 2366 sexum
2852 2324 3004 2364 mens
3030 2311 3256 2380 pretiosa
3279 2325 3458 2364 suum.

2324 2407 2556 2460 Plurima
2585 2418 2682 2459 cur
2709 2404 2958 2468 reieram,
2985 2403 3198 2472 quantis
3225 2404 3295 2458 sit
3325 2403 3548 2472 prazdita
3579 2403 3761 2470 rebus,

2392 2500 2524 2565 Quae
2552 2497 2723 2567 potuit
2751 2498 2889 2551 votis
2917 2505 3079 2567 nupta
3109 2496 3317 2566 placere
3340 2498 3466 2551 tuis.

2319 2593 2525 2664 Augeat
2555 2591 2669 2646 haec
2687 2591 2838 2646 vobis
2867 2589 3051 2657 vitam,
3076 2588 3164 2644 cui
3191 2591 3386 2658 templa
3415 2587 3661 2656 dedistis,

2387 2683 2824 2756 Cuiminibusque
2849 2681 2962 2736 suis
2990 2681 3220 2736 culmina
3241 2689 3416 2736 vestra
3439 2689 3602 2752 tegat.

2899 2798 3126 2857 CAPUT
3165 2799 3302 2855 XVI.

2667 2885 2908 2958 Hymnus
2945 2889 3008 2942 de
3047 2886 3256 2941 Leontio
3292 2901 3556 2956 episcOpo.

2315 2998 2470 3074 [Cum
2501 2998 2716 3070 quidam
2745 2998 2990 3055 ambiens
3025 2999 3198 3074 locum
3229 2997 3460 3074 Leontii,
3491 3000 3733 3074 episcopi
3767 3001 3895 3058 Bur-

2384 3074 2706 3140 degafensis,
2741 3073 3010 3133 eumdem,
3045 3072 3319 3124 absentem
3360 3070 3496 3141 jam,
3544 3071 3677 3127 falso
3717 3086 3894 3129 morte

2385 3145 2710 3197 exstinctum
2763 3141 2925 3196 fuisse
2970 3141 3316 3211 divulgassct,
3356 3157 3464 3211 quo
3494 3144 3690 3196 mortui
3725 3144 3776 3196 in
3811 3146 3887 3199 lo-

2382 3226 2505 3267 cum
2527 3211 2881 3277 sufficeretur,
2905 3226 2966 3265 ac
2987 3209 3243 3267 Leontius
3263 3227 3326 3265 ex
3353 3209 3621 3276 insperato
3643 3228 3892 3270 reversus

2385 3301 2450 3338 ex
2483 3284 2693 3348 itinere,
2741 3296 2862 3338 sese
2889 3283 3207 3336 incolumem
3236 3285 3383 3353 gregi
3413 3298 3512 3337 suo
3541 3284 3885 3348 ostendisset,

2385 3353 2749 3419 Fortunatus,
2799 3354 3041 3421 sequenti
3095 3353 3372 3418 carmine,
3437 3354 3669 3407 reditum
3725 3356 3891 3420 ipsius

2389 3424 2756 3480 felicissimum
2787 3425 3103 3490 gratulatur,
3128 3438 3286 3492 quem
3321 3431 3468 3477 tanto
3511 3423 3887 3492 iucundiorem

2381 3495 2642 3550 accidisse
2681 3495 2938 3558 al'ilrtnat,
2976 3492 3114 3558 quod
3163 3494 3215 3547 in
3261 3508 3385 3548 eum
3442 3493 3700 3550 inciderat
3745 3497 3888 3551 diem

2382 3579 2489 3636 quo
2517 3570 2561 3620 is
2589 3564 2761 3636 primo
2789 3563 2969 3620 sedem
2996 3563 3156 3618 Burd—
3179 3565 3444 3634 gaiensem
3469 3565 3880 3624 conscenderat.

2385 3697 2400 3738 ί
2442 3699 2532 3753 Ea:
2580 3699 2794 3754 scilicet
2837 3712 2959 3768 qttte
3011 3711 3232 3752 uxorum
3290 3698 3344 3754 in
3390 3699 3509 3753 loco
3555 3709 3709 3754 erant
3761 3711 3888 3758 ante

2305 3770 2693 3840 episcopnzum.
2726 3769 3190 3840 boccegdignitatis
3215 3771 3380 3840 gradu
3399 3771 3572 3825 auctis
3612 3771 3883 3826 habeban-

2308 3849 2392 3894 tur
2423 3855 2519 3910 pro
2547 3839 2842 3910 sororibus.
2872 3839 3058 3909 Neque
3100 3839 3243 3894 enim
3292 3855 3448 3896 secus
3491 3856 3613 3895 cum
3663 3840 3772 3896 illis
3822 3858 3886 3898 ac

2302 3909 2435 3967 cum
2473 3912 2749 3965 sororibus
2796 3909 3066 3975 visebant,
3115 3911 3269 3964 thoro
3319 3912 3474 3980 plane
3519 3913 3770 3980 sejuncti.
3815 3932 3882 3970 ex

2303 3996 2568 4035 canonum
2595 3981 2846 4046 decretis,
2870 3992 2924 4035 et
2954 3981 3127 4044 prisca
3161 3981 3412 4037 Ecclesiae
3461 3983 3875 4038 consuetudine.

2303 4051 2441 4106 Hinc
2466 4052 2814 4108 Constantius
2838 4053 3136 4122 presbyter,
3165 4051 3217 4106 in
3250 4051 3369 4105 Vita
3398 4053 3654 4109 Germani
3690 4055 3879 4108 Aulis.

2301 4123 2652 4188 sindorensis,
2679 4137 2799 4194 cap.
2829 4122 2865 4194 2
2889 4137 3086 4194 amr,
3111 4122 3303 4191 inquit,
3331 4123 3386 4177 in
3409 4139 3636 4179 sororem
3669 4140 3734 4178 ea:
3761 4141 3882 4179 cou-

609 4191 767 4274 his;
798 4191 887 4290 ῖιῖιΔ
915 4191 1083 4286 ipsam
1107 4191 1409 4274 Vbasilica‘ut
1439 4191 1691 4290 sitim-iu
1725 4222 1978 4290 praecepi.
2009 4191 2041 4272 ἶ
2061 4191 2194 4274 item

2290 4198 2418 4290 1399‘
2445 4191 2851 4290 πιξίιεετνο.
2878 4191 3298 4290 ’Ἑάθηιὲίῗῖξῖῗέἓιῐ
3321 4195 3566 4290 ,ίσιὲίιιέπ
3607 4194 3878 4290 ξὲἑιάοο

609 4262 1993 4358 ἱιξιὶἱὶειὶἲῑιὶἕῖἲὶἓιεῦῖιῖἰἑὲῗὶιίὶᾶἆῖ’ὲῖἱιὸιῖίόῖῗιῖιζὶ
2009 4262 2028 4272 ’
2043 4262 2196 4345 si}:

2292 4262 2472 4358 ﬁniunt,
2501 4263 2872 4358 epis‘t‘dii
2903 4262 3348 4358 Vg‘ll_b‘i_:|gtiil‘.l:i2tt§
3372 4263 3772 4358 bfc‘illustrat.

607 4361 885 4428 episcopo,
935 4367 1267 4413 exstructum
1317 4358 1515 4420 fuerat,
1548 4361 1817 4427 propriam
1867 4364 2043 4414 auiam
2097 4362 2193 4413 ita-

607 4430 812 4500 buisse,
840 4444 871 4483 a
901 4428 1143 4500 basilica:
1163 4430 1393 4500 aedificio
1433 4430 1755 4500 sejunctam,
1791 4430 1986 4499 conjici
2017 4443 2195 4498 potest

605 4515 672 4555 ex
703 4499 876 4565 Fort.,
913 4513 965 4554 c.
1005 4498 1096 4564 12,
1134 4499 1172 4555 Ι.
1214 4514 1274 4555 tl.
1322 4497 1584 4570 Denique,
1627 4511 1807 4570 nostra
1856 4497 1959 4556 bac
2005 4497 2165 4557 astate

603 4581 844 4626 veterum
875 4569 1215 4626 basilicarum
1250 4570 1556 4638 baptisteria
1577 4609 1595 4634 ,
1640 4569 1754 4625 iero
1789 4571 1857 4624 ab
1887 4571 2018 4640 ipsis
2046 4572 2189 4626 basi-

606 4641 723 4696 licis
745 4642 971 4696 seorsim
996 4641 1192 4710 posita,
1216 4649 1456 4696 veterem
1485 4640 1629 4696 illam
1658 4642 2103 4698 consuetudinem
2127 4657 2192 4698 ac

605 4725 813 4766 morem
856 4714 987 4765 satis
1013 4711 1310 4766 declarant.

679 4792 706 4818 ι
750 4781 1073 4836 Fortunatus
1138 4781 1226 4834 hic
1291 4779 1530 4837 indicare
1590 4781 1843 4848 videtur,
1911 4783 2190 4839 basilicam

603 4863 808 4906 sancta:
856 4851 1056 4916 Mariae,
1107 4851 1421 4905 :edilicatam
1470 4867 1502 4904 a
1537 4850 1780 4918 Leontio,
1815 4853 2000 4910 vitreis
2048 4855 2193 4910 lene-

602 4924 732 4977 stris
765 4921 1034 4976 oculatam
1080 4919 1267 4986 ittisse,
1314 4922 1453 4976 sicut
1500 4923 1639 4977 idem
1683 4924 1751 4977 de
1800 4923 2066 4979 Parisiaca
2111 4926 2190 4980 lo-

603 5006 773 5064 quens
795 4990 1050 5058 ecclesia,
1077 4991 1175 5046 lib.
1198 5006 1258 5059 tt,
1285 5004 1407 5061 cap.
1432 4991 1522 5058 il,
1547 4993 1661 5062 pari
1688 4994 1846 5049 modo
1872 4995 2008 5050 dixit
2036 5011 2053 5049 :

725 5093 1044 5158 Primaucaplt
1063 5093 1243 5153 radios,
1269 5095 1440 5158 vitreis
1456 5094 1643 5144 oculata
1669 5093 1918 5158 fenestris,

786 5154 1095 5217 Artiﬁcisque
1116 5168 1278 5220 manu,
1301 5155 1476 5206 clausit
1496 5158 1544 5206 iu
1569 5170 1684 5208 arce
1705 5156 1857 5207 diem.

626 5307 653 5322 η
671 5237 867 5322 {Vide
892 5253 1013 5310 qua:
1040 5253 1200 5310 supra
1230 5239 1484 5307 diximus,
1511 5239 1576 5295 ad
1605 5255 1657 5297 c.
1693 5239 1760 5294 12
1785 5249 1841 5296 et
1871 5239 1940 5297 i3
1962 5241 2187 5312 hujusce

603 5308 741 5365 libri.
914 5308 923 5310 ἡ
1112 5308 1119 5310 ἡ

673 5393 698 5420 ο
729 5378 872 5435 Edit.
901 5379 1100 5442 Paris,
1128 5392 1322 5436 mouet.

667 5446 698 5539 ξ
727 5450 881 5539 Ηῃμε
894 5449 1220 5539 ,φθαρείη
1249 5461 1405 5539 caput
1427 5468 1649 5539 Am...pr
1676 5453 1878 5539 εξωιει,

673 5530 699 5559 ο
725 5520 860 5576 Cod.
894 5521 1014 5575 Vat.
1045 5520 1340 5587 Garumna;
1373 5525 1498 5579 item
1531 5520 1674 5580 Edit.
1702 5521 1843 5579 Ven.

673 5589 694 5628 ί
730 5592 873 5646 Edit.
897 5587 1104 5663 _Paris.,
1133 5595 1312 5663 egerit.

667 5673 693 5735 ἐξ
726 5660 1051 5735 F.di_t._Yeu.,
1084 5660 1186 5718 non
1212 5680 1387 5735 mgo
1417 5673 1570 5721 tenet.

667 5733 690 5768 ιι
722 5735 774 5789 In
805 5732 946 5788 Edit.
981 5729 1115 5790 \‘en.
1161 5729 1355 5790 desunt
1401 5736 1454 5792 bi
1486 5737 1592 5794 duo
1637 5749 1866 5792 versus:
1892 5734 2004 5791 sola
2048 5743 2183 5792 tenet

599 5817 784 5872 mium,
812 5815 863 5859 et
893 5819 1005 5876 seq.

2377 4333 2391 4404 i
2430 4333 2576 4390 Unus
2604 4334 2737 4389 Cod.
2767 4333 2911 4398 Vat.,
2934 4334 3161 4399 imperiis
3182 4334 3367 4404 factus,
3395 4347 3536 4391 corr.

2372 4402 2397 4444 ι
2431 4407 2641 4469 Avitus,
2666 4405 2910 4460 Caesarea
2937 4402 3218 4472 dignitate,
3255 4421 3423 4474 genus
3447 4421 3625 4472 suum,
3659 4415 3879 4461 crs-tero-

2298 4475 2428 4544 quin
2477 4477 2889 4539 nobilissimum,
2944 4474 3111 4528 multo
3154 4477 3430 4543 augustius
3477 4489 3638 4546 atque
3679 4479 3877 4533 clarius

2169 4538 2272 4613 ει)
2297 4538 2620 4601 reddiderat.
2667 4546 2716 4601 Is
2765 4538 3020 4600 Arvernis
3061 4538 3515 4601 ortus'Aniciana
3551 4538 3630 4602 ἐκ
3687 4559 3876 4617 gente,

2295 4631 2424 4671 avos
2451 4627 2507 4671 et
2537 4631 2763 4685 proavos
2802 4617 2958 4684 longa
3001 4618 3140 4670 serie
3183 4617 3422 4672 illustres
3461 4617 3781 4686 honoribus,
3810 4634 3876 4676 ac

2295 4688 2756 4758 patricioiordine
2805 4686 3044 4758 insignes
3089 4688 3456 4758 enumerabat.
3511 4688 3585 4744 De
3633 4704 3766 4758 quo,
3817 4705 3873 4746 ttt

2292 4756 2437 4831 canit
2489 4756 2740 4831 Sidonius
2795 4757 3175 4831 Appoilinaris,
3209 4758 3304 4831 Ain,
3339 4756 3668 4831 panegyrieo
3711 4778 3870 4831 quem

2294 4828 2478 4901 [inmte
2507 4828 2748 4901 recitavit
2787 4827 2961 4901 eidem
3011 4828 3170 4901 Avito
3198 4827 3372 4901 (cujus
3421 4827 3584 4885 tiliam
3614 4827 3872 4888 Sidonzus

2292 4897 2408 4968 ipse
2439 4913 2660 4952 uxorem
2687 4897 2956 4966 duxerat),
2989 4900 3061 4952 ait
3088 4916 3102 4952 :

2418 5049 2432 5064 .
2459 5049 2474 5064 .
2501 5052 2514 5064 .
2543 5050 2556 5063 .
2583 5050 2595 5062 .
2623 5048 2637 5063 .
2666 5051 2679 5063 .
2707 5049 2721 5062 .
2747 5012 2905 5062 Butlla
2928 5014 3006 5062 cui
3026 5013 3233 5062 maxima
3256 5013 3438 5063 dudum

2411 5079 2680 5126 Stemmata
2702 5074 3010 5137 complexum
3031 5088 3258 5138 germen,
3282 5074 3722 5138 palmataicucurrit

2413 5138 2514 5187 Per
2532 5150 2755 5212 proavos,
2781 5139 3046 5247 gentisque
3068 5149 3194 5200 suae,
3218 5143 3272 5187 te
3294 5144 3447 5200 teste,
3481 5137 3719 5202 Philagri,

2413 5200 2654 5247 Patricius
2671 5213 2786 5247 resp
2807 5200 2956 5247 eudet
2975 5211 3124 5247 aues.

2411 5200 2654 5252 Patricius
2671 5200 2956 5263 resplendet
2975 5211 3124 5260 apes.

2288 5310 2602 5378 Quanquam
2657 5309 2770 5375 ipse
2823 5307 3046 5372 Avitus,
3090 5305 3200 5376 jam
3255 5303 3866 5378 adcptusﬁlmperium,

2289 5389 2472 5448 postea
2502 5380 2552 5434 in
2599 5395 2666 5432 eo
2705 5379 2940 5449 regendo
2977 5381 3156 5432 minus
3187 5379 3308 5433 ielix
3340 5379 3456 5433 fuit.
3478 5377 3632 5449 Nam,
3657 5393 3780 5432 cum
3817 5382 3868 5433 in

2287 5445 2470 5504 odium
2527 5461 2742 5504 senatus
2771 5445 3103 5514 'incidisset,
3161 5449 3409 5503 exsulare
3461 5445 3702 5517 cogitur;
3764 5465 3869 5517 quo

2289 5531 2528 5586 tempore
2572 5520 2712 5574 idem
2753 5530 2964 5573 creatur
3011 5518 3295 5573 Placentiae
3334 5518 3639 5586 episcenos.
3674 5519 3867 5574 \‘erum

2287 5601 2343 5645 et
2384 5592 2508 5646 inde
2546 5590 2874 5658 profugiens,
2919 5589 3062 5655 quod
3093 5605 3154 5643 se
3181 5589 3415 5658 undique
3439 5589 3680 5652 conquiri
3709 5590 3868 5644 senti-

2289 5669 2369 5716 ret
2391 5663 2455 5715 ad
2488 5676 2698 5724 necem,
2721 5675 2839 5714 cum
2871 5667 3076 5728 peteret
3110 5659 3358 5722 Galliam,
3393 5659 3444 5712 in
3488 5659 3681 5714 itinere
3709 5661 3864 5725 obiit,

2287 5735 2355 5786 de
2405 5747 2512 5802 quo
2562 5732 2684 5788 vide
2728 5731 2890 5801 Ct'cg.
2941 5729 3169 5801 Turun.,
3218 5729 3312 5785 lib.
3362 5744 3401 5784 tt
3459 5729 3594 5785 ilist.
3648 5728 3862 5799 Frauc.,

2289 5817 2404 5874 cap.
2439 5803 2524 5857 ii.
