4124 6370
279 322 347 382 85

280 440 480 509 Captus
507 453 691 494 amore
722 452 823 500 tut,
853 448 1126 505 nunquam
1158 426 1504 484 memoranda
1528 424 1738 488 tacebo,

361 536 437 590 Te
463 549 637 602 neque
663 541 950 601 praetereo,
990 527 1363 595 prmtereuudo
1392 524 1590 576 locum.

289 626 390 693 Qui
415 635 442 662 ι
473 641 594 680 cum
627 624 787 692 digna
811 622 1020 687 loquar,
1041 617 1087 671 si
1111 616 1315 686 syllaba
1343 624 1528 683 quarta
1564 608 1799 672 recedat,

361 719 707 774 Praemiacum
734 714 965 785 pollens,
1003 710 1218 780 prtemia
1247 725 1442 763 nomen
1477 707 1661 760 habes.

295 813 512 866 Deliciis
543 815 799 865 obsessus
827 823 952 877 ager
985 805 1346 860 viridantibus
1375 803 1519 854 arvis

368 904 426 958 Et
454 902 714 956 naturalis
738 901 908 972 gratia
936 899 1077 954 ruris
1101 900 1260 952 inest.

299 996 525 1051 Condita
555 1011 660 1065 quo
690 995 881 1048 domus
906 1001 1009 1058 est,
1045 992 1235 1061 planus
1260 998 1437 1042 tumor
1463 988 1576 1041 exit
1603 985 1657 1040 in
1688 985 1879 1047 altum,

363 1067 476 1140 Nec
506 1087 636 1141 satis
657 1086 801 1139 elato
827 1084 1027 1138 vertice
1059 1088 1245 1151 regnat
1272 1094 1430 1146 apex.

287 1174 400 1239 Qua
434 1187 597 1238 super
627 1170 946 1225 incumbens
977 1171 1129 1225 locus
1162 1178 1266 1232 est,
1297 1170 1534 1223 devexus
1565 1172 1620 1223 in
1648 1184 1887 1224 amnem.

361 1264 548 1317 Florea
581 1270 852 1333 gemmato
879 1260 1124 1331 gramine
1157 1269 1303 1327 prata
1335 1260 1532 1314 virent.

293 1357 509 1411 Leniter
539 1355 796 1423 appulsus
825 1356 1034 1422 quoties
1061 1353 1296 1408 insibilat
1323 1353 1519 1418 Eurus,

365 1449 522 1502 Flexa
554 1447 816 1516 supinatis
843 1445 1066 1500 ﬂuctuat
1097 1446 1257 1499 herba
1290 1446 1482 1500 cernis.

296 1541 430 1595 llinc
457 1540 558 1594 alia
587 1542 654 1593 de
684 1547 834 1607 parte
867 1553 1021 1607 seges
1050 1537 1288 1592 ﬂavescit
1318 1538 1525 1600 aristis,

366 1629 584 1698 Pinguis
612 1641 665 1684 et
695 1630 936 1684 altricem
968 1629 1171 1698 palmes
1199 1637 1392 1696 opacat
1420 1631 1662 1684 humum.

296 1727 538 1784 Piscibus
562 1727 856 1780 innumeris
882 1738 989 1778 non
1019 1721 1198 1778 deﬁcit
1228 1723 1366 1775 unda
1396 1721 1682 1777 Garumnae
1707 1721 1760 1791 δ,

369 1819 477 1873 Ειεί
506 1818 647 1872 desit
669 1817 836 1887 agris,
862 1816 1044 1887 fruges
1066 1814 1304 1870 abundat
1333 1814 1506 1883 aquis.

295 1912 398 1968 Sed
425 1921 474 1965 te
502 1911 818 1979 quaerebant
849 1909 962 1963 hmo
986 1923 1206 1963 munera
1240 1917 1412 1972 tanta,
1436 1906 1649 1975 Leonti,

364 2005 524 2060 Solus
553 2003 821 2066 defueras,
853 2002 942 2071 qui
975 2001 1113 2055 bona
1140 2001 1292 2068 plena
1323 2000 1499 2054 dares.

293 2095 425 2151 Nam
469 2094 610 2166 quod
652 2094 878 2165 pulchra
930 2093 1155 2158 domus,
1191 2089 1333 2159 quod
1379 2101 1525 2161 grata
1574 2091 1782 2145 lavacra
1812 2090 1894 2143 ni-

363 2187 825 2243 Consolidatorem
858 2195 910 2241 te
936 2186 1180 2240 cecinere
1207 2199 1382 2239 suum.
1630 2183 1889 2254 ltescunt,

295 2280 366 2336 Ut
389 2288 570 2334 tamen
606 2280 887 2346 acquirant
916 2286 972 2332 et
1004 2287 1030 2316 ο
1056 2277 1233 2331 adhuc
1275 2277 1582 2331 fabricanda
1610 2277 1880 2342 decorem,

365 2374 721 2444 Temporibus
745 2373 919 2442 longis
947 2373 1063 2426 haec
1094 2382 1179 2425 tua
1212 2371 1351 2427 dona
1385 2386 1559 2441 regas.

882 2479 1112 2536 CAPUT
1151 2479 1292 2535 XXI.

778 2571 856 2628 De
888 2573 1094 2644 Egircio
1119 2570 1148 2610 ἀ
1171 2574 1402 2643 ﬂumine.

326 2689 546 2762 [Egircii
577 2690 811 2747 ﬂuminis
855 2688 1089 2744 indolem
1125 2703 1188 2744 ac
1219 2691 1510 2746 varietates
1537 2688 1841 2762 describit.]

289 2802 431 2859 Laus
457 2802 551 2857 tibi
584 2801 720 2857 forte
749 2803 926 2858 minor
959 2803 1155 2870 fuerat,
1203 2819 1465 2874 generose
1499 2816 1520 2844 °
1547 2805 1839 2871 Garomna,

359 2894 419 2951 Si
454 2910 558 2948 non
583 2897 802 2964 exiguas
829 2895 969 2951 alter
996 2896 1218 2951 haberet
1247 2911 1430 2964 aquas.

292 2986 561 3040 Luhricat
593 2988 679 3040 hic
705 2986 954 3054 quoniam
979 2995 1201 3044 tenuato
1218 2985 1488 3056 Ᾱζείιυείιιε
1515 2987 1533 3025 ί
1564 2989 1777 3052 haustu,

331 3129 334 3131 Α
363 3077 593 3132 Praefert
623 3088 647 3126 ις
677 3077 891 3137 divitias
913 3093 1148 3148 paupere
1175 3077 1323 3134 fonte
1349 3090 1486 3136 tuas.

291 3167 534 3236 Denique
563 3167 882 3226 dissimilem
915 3169 959 3223 si
989 3178 1268 3238 comparet
1293 3170 1430 3225 ullus
1457 3182 1764 3242 utrumque,

361 3259 459 3314 Hic
487 3260 577 3314 ubi
603 3261 660 3314 fit
687 3260 851 3325 rivus,
879 3270 938 3315 tu
962 3268 1108 3329 puto,
1131 3259 1284 3316 Nilus
1311 3262 1438 3316 eris.

285 3355 364 3410 Te
397 3353 662 3410 famulans
695 3358 878 3422 intrat,
908 3354 1002 3410 sed
1030 3354 1131 3408 line
1153 3350 1183 3391 ιι
1214 3367 1303 3409 tua
1327 3368 1493 3424 regna
1518 3355 1815 3422 refrenant,

364 3447 600 3502 Gallicus
633 3445 939 3514 Euphrates
963 3455 1017 3500 tu
1047 3443 1187 3512 ﬂuis,
1214 3445 1323 3501 iste
1349 3447 1497 3501 latet.

293 3540 427 3595 Nam
455 3549 715 3608 quantum
750 3529 1023 3592 Oceanum
1043 3537 1278 3593 tumidus
1305 3547 1358 3592 tu
1387 3538 1634 3594 cursibus
1653 3554 1837 3611 auges,

362 3629 465 3684 Iste
495 3638 615 3684 tuas
643 3639 848 3683 tantum
875 3643 1122 3684 crescere
1153 3638 1371 3697 praestat
1395 3644 1560 3699 aquas
1591 3628 1633 3683 ί.

288 3721 524 3777 Torrida
553 3722 851 3791 praesertim
887 3726 1009 3775 eum
1041 3721 1199 3775 terris
1229 3720 1444 3776 incubat
1480 3733 1661 3788 uastas,

363 3815 460 3877 Ac,
485 3813 704 3865 sitiente
742 3811 880 3878 solo,
913 3811 1080 3866 tristis
1109 3810 1325 3866 anhelat
1354 3828 1502 3882 ager,

290 3898 421 3957 Cum
447 3900 603 3956 Titan
633 3901 793 3956 radiis
821 3900 1146 3957 ferventibus
1173 3913 1358 3957 exarat
1385 3920 1534 3972 arva,

359 3997 426 4049 Et
454 3996 602 4050 calor
629 3995 852 4065 ignifero
879 4010 1104 4054 vomere.
1126 3995 1280 4052 findit
1305 3997 1551 4054 humum.

363 4248 386 4314 ξι
413 4240 570 4314 pnus
593 4239 887 4314 φοξὴ-γει.
917 4248 976 4314 et
997 4238 1131 4294 Ven.
1164 4237 1335 4308 Edit.,
1378 4241 1558 4309 cuique
1583 4245 1760 4314 digna.

358 4309 385 4348 δ
412 4311 558 4367 Unus
582 4310 716 4366 Cod.
745 4310 892 4375 Vah,
935 4308 1214 4365 Garanum.

258 4390 261 4391 '
365 4395 386 4422 ε
423 4383 559 4437 Ante
581 4383 750 4436 adhuc
768 4382 917 4438 deest
943 4392 992 4436 et
1022 4385 1071 4436 in
1096 4395 1202 4437 uno
1224 4380 1493 4438 Cod.Vat.
1522 4386 1829 4446 EditParis.
1852 4433 1866 4446 .

285 4465 512 4508 attamen
540 4455 803 4520 acquirunt
826 4465 900 4507 ut.

359 4522 384 4561 δ
415 4524 634 4601 l_n__\'en.
668 4525 806 4601 Edit.
839 4533 1099 4592 perpetuo
1123 4524 1318 4580 dicitur
1349 4524 1552 4582 Circius
1573 4532 1784 4601 ﬂuvius.
1897 4525 1948 4586 D

365 4604 388 4667 εξ
415 4595 552 4667 Edit.
585 4596 777 4661 Paris.,
809 4611 1069 4667 generosa.

367 4663 390 4705 ί
423 4663 1143 4742 Egircius,_ait'llrower_us,
1192 4667 1518 4726 clarissimos
1567 4673 1866 4742 Aquitano-

288 4753 409 4794 rum
441 4738 666 4804 Auscos,
700 4739 1184 4810 NovempOpulante
1217 4742 1527 4810 provinciae,
1567 4738 1709 4800 nunc
1738 4748 1866 4803 Vas-

290 4811 460 4864 coniaa
495 4809 850 4878 metropolim,
879 4809 1050 4863 alluit.

363 4890 388 4951 β
425 4879 568 4934 Edit.
605 4880 797 4944 Paris.,
829 4882 1046 4951 profert.

364 4947 393 4986 ¹ι
421 4951 600 5006 Monet
643 4952 721 5024 ad
759 4947 898 5006 hunc
925 4947 1120 5024 'locum
1174 4953 1348 5008 Brovv.
1399 4968 1715 5024 perpetuum
1758 4961 1868 5017 fere

293 5035 500 5076 morem
532 5037 652 5077 esse
683 5021 979 5087 Fortunali,
1009 5034 1064 5077 ut
1115 5025 1333 5079 litteram
1383 5021 1428 5081 171
1475 5021 1655 5083 habeat
1705 5031 1868 5086 instar

294 5094 442 5166 [ortis
464 5095 807 5169 consonantis,
828 5110 942 5169 qui:
959 5110 1066 5169 non
1089 5098 1488 5169 evanescansed
1513 5102 1866 5169 synalwpham

289 5164 494 5237 quoque
526 5165 810 5238 prohibeat.
856 5164 1000 5221 Beda
1041 5166 1138 5236 (ait
1168 5167 1323 5238 idem)
1372 5168 1470 5222 Itoc
1511 5164 1866 5228 animadvertit

294 5236 518 5312 arte
543 5236 752 5312 metrica
779 5236 831 5290 in
873 5237 1212 5312 synafgphe),
1243 5236 1360 5293 cum
1397 5241 1450 5293 in
1485 5252 1747 5312 poetarum
1786 5263 1866 5300 ar-

293 5306 442 5361 bitrio
472 5323 578 5360 esse
604 5308 798 5383 scribit,
824 5306 994 5360 utrum
1031 5306 1076 5360 Η
1118 5312 1466 5383 consonantis,
1485 5306 1564 5366 ’θη
1594 5316 1864 5383 aspiratio-

291 5382 371 5434 nis
423 5387 596 5431 notam
633 5379 866 5446 impleat,
914 5381 1190 5450 prresertim
1241 5381 1326 5434 ubi
1356 5384 1452 5434 hac
1490 5379 1661 5438 littera
1701 5403 1866 5443 sermo

291 5465 501 5524 sequens
526 5449 862 5524 iudicaverit.
915 5449 1227 5521 llujusmodi
1274 5455 1518 5522 exempla
1573 5458 1768 5524 passim
1811 5461 1863 5516 in

331 5521 468 5576 netis
489 5521 631 5585 aliis,
662 5536 780 5591 quze
812 5521 901 5576 hic
925 5537 1192 5591 apponere
1214 5521 1668 5591 Supervacaneum
1695 5529 1858 5588 duco.

331 5540 468 5576 netis
489 5540 631 5585 ams,
662 5540 780 5589 qua:
812 5540 901 5576 ntc
925 5540 1192 5591 apponere
1214 5540 1668 5591 Supervacaneum
1695 5540 1858 5588 duco.

293 5540 478 5648 ticeat
506 5592 679 5668 solum
707 5590 1057 5668 adnotare‘in
1086 5593 1315 5668 di_5tic_ho
1347 5595 1434 5668 qui
1467 5595 1754 5668 inscriptus
1788 5602 1862 5656 le.-

294 5668 436 5741 gitur
462 5662 608 5741 cruci
630 5662 1097 5741 faucaneuquarn
1122 5662 1568 5741 JustinusJunior
1589 5662 1650 5724 etv
1663 5672 1861 5741 Sophia

293 5731 429 5804 Aug.
464 5735 580 5806 urbi
628 5731 826 5806 [totum
863 5731 1066 5806 muneri
1097 5735 1386 5806 miserunt;
1433 5755 1698 5806 quamque
1739 5731 1860 5798 illu-

293 5803 484 5864 stravit
510 5804 580 5859 cl.
607 5814 662 5859 et
689 5803 1028 5861 doctissimus
1058 5806 1136 5862 vir
1163 5803 1465 5877 Stephanus
1513 5803 1700 5884 Bargia
1748 5830 1858 5871 sac.

1492 303 1995 367 MISCELLANEA.
2028 335 2097 345 -κ
2137 305 2266 363 LIB.
2310 308 2351 363 Ῑ.

1900 421 1950 474 Δ
1979 416 2282 490 Languidus
2312 429 2526 472 arentes
2550 418 2757 488 fugiens
2788 419 2868 472 vix
2897 418 3127 485 explicnt
3161 421 3352 483 undas,

3485 295 3556 350 86

2057 511 2121 564 Et
2151 527 2269 564 cum
2302 511 2445 579 pisce
2468 524 2567 563 suo
2596 511 2817 582 palpitat
2846 512 2960 577 ipse
2991 511 3172 564 simul.

1982 602 2227 658 Flumine
2255 604 2521 658 subducto
2550 613 2804 659 vacuatas
2834 605 3020 658 lambit
3057 620 3275 670 arenas,

2054 698 2284 753 Sedibus
2315 698 2367 754 in
2400 698 2632 767 propriis
2659 702 2810 754 exsul
2840 699 3056 754 oberrat
3085 700 3262 766 aquis.

1981 789 2038 844 ln
2071 789 2221 857 limo,
2257 792 2520 859 migrante
2543 791 2682 858 lacu,
2707 792 3042 848 conSumitur
3071 790 3090 842 ἱ
3122 793 3319 857 amnis,

2054 883 2325 951 Terraque
2353 883 2408 936 ﬁt
2440 884 2664 949 sterilis,
2698 900 2806 952 quo
2837 885 2935 938 fuit
2969 884 3108 938 unda
3135 899 3326 955 rapax.

1982 973 2242 1028 Deficiunt
2269 986 2388 1029 usto
2415 976 2603 1029 solatia
2636 985 2827 1029 cuncta
2862 978 3062 1046 rigore,

2054 1065 2280 1120 Numine
2309 1082 2431 1121 cum
2466 1067 2682 1136 proprio
2714 1067 2909 1131 tristis,
2935 1078 2989 1125 et
3017 1082 3160 1137 aeger
3187 1077 3330 1137 eget.

1982 1161 2142 1214 Forte
2177 1161 2366 1224 viator,
2401 1163 2501 1214 iter
2530 1161 2806 1231 gradiens,
2839 1177 2943 1214 non
2979 1161 3186 1216 invenit
3219 1163 3461 1226 haustus,

2057 1254 2207 1308 Unde
2233 1254 2365 1307 alios
2397 1265 2621 1319 rei-reet,
2657 1256 2745 1323 qui
2777 1255 2888 1308 sitit
2917 1255 3032 1320 ipse
3060 1255 3194 1318 sibi,

1981 1349 2053 1402 Se
2078 1347 2224 1414 cupit
2255 1345 2455 1399 infundi
2490 1345 2702 1407 ﬂuvius.
2738 1347 2782 1399 si
2816 1347 3042 1414 porrigis
3073 1347 3264 1406 undas,

2057 1437 2110 1492 Si
2147 1447 2323 1491 tamen
2357 1448 2435 1490 est
2467 1435 2681 1500 ﬂuvius,
2703 1451 2860 1505 quem
2885 1436 3202 1490 madefactat
3230 1433 3254 1472 ι
3283 1437 3466 1490 homo.

1982 1539 2217 1607 Gurgitis
2239 1536 2529 1607 impressas
2559 1538 2742 1592 labens
2773 1535 2930 1608 μη,
2951 1535 3229 1609 lambens]
3255 1545 3368 1591 rota
3393 1537 3543 1606 signa

3273 1629 3500 1701 [arenas
3526 1627 3543 1666 ι

2056 1729 2229 1790 Atque
2259 1724 2574 1779 resudantes
2600 1723 2776 1777 orbita
2807 1722 2950 1775 sistit
2979 1737 3172 1788 aquas.

1910 1795 1957 1856 Β
1985 1817 2039 1874 Si
2069 1818 2252 1872 venias
2281 1815 2572 1886 equitando
2601 1816 2740 1870 viam
2771 1824 2810 1852 ⁸·
2842 1816 2943 1869 sub
2975 1821 3218 1884 [δωροῖο
3244 1815 3450 1879 cancri,

2056 1908 2154 1963 Vix
2191 1921 2366 1963 tamen
2397 1909 2655 1963 insidians
2685 1917 2712 1944 ιι
2741 1907 2934 1978 ungula
2963 1909 3151 1976 mergit
3176 1909 3322 1976 equi.

1984 2003 2229 2058 Vidimus
2255 2005 2508 2073 exiguum
2539 2002 2607 2057 de
2629 2001 2766 2057 limo-
2789 2015 3012 2070 surgere
3034 2001 3264 2071 piscem.

2051 2095 2153 2162 Qui
2183 2095 2448 2149 retinente
2477 2094 2612 2158 luto,
2643 2100 2934 2162 nautragus
2961 2104 3109 2148 errat
3141 2094 3329 2149 humo.
3444 2164 3449 2169 _

1982 2198 2089 2252 Nec
2113 2196 2324 2262 ﬂuvius,
2360 2211 2461 2252 nec
2485 2210 2714 2266 campus
2742 2197 2916 2260 adest,
2949 2211 3050 2252 nec
3075 2205 3238 2262 terra,
3267 2212 3366 2252 nec
3406 2199 3546 2252 unda

2054 2292 2300 2347 Piscibus
2331 2291 2622 2345 inhabilem
2653 2290 2834 2345 nullus
2863 2306 3020 2346 arare
3049 2301 3226 2360 potest

1983 2385 2109 2440 Sola
2144 2385 2339 2454 palude
2365 2397 2558 2440 natans
2584 2385 2840 2456 querulos
2871 2386 2963 2440 dat
2991 2401 3127 2440 rana
3151 2401 3426 2451 sustirros.

2056 2487 2298 2541 Piscibus
2329 2487 2564 2542 exclusis
2596 2485 2799 2542 advena
2826 2499 3016 2557 regnat
3041 2489 3217 2558 aquis.

1982 2580 2051 2634 At
2078 2579 2120 2632 si
2152 2581 2289 2633 forte
2319 2577 2446 2632 ﬂuat
2472 2579 2649 2635 tenuis
2675 2578 2742 2634 de
2775 2579 3007 2634 nubibus
3031 2580 3228 2647 imber,

2057 2672 2153 2726 Vix
2185 2672 2322 2741 pluit
2346 2672 2398 2725 in
2433 2674 2610 2740 terris,
2642 2671 2754 2742 jam
2785 2683 2957 2729 tumet
2988 2675 3090 2729 iste
3120 2676 3321 2730 minax.

1980 2763 2230 2835 Ingentes
2254 2766 2462 2820 animos
2492 2781 2652 2835 parva
2685 2765 2756 2822 de
2785 2767 2926 2822 nube
2954 2770 3184 2824 resumit
3215 2787 3226 2821 :

2056 2859 2138 2912 Fit
2163 2859 2342 2913 subito
2373 2859 2614 2928 pelagus,
2649 2859 2741 2930 qui
2770 2859 2866 2915 fuit
2893 2868 3019 2915 ante
3045 2861 3215 2916 lacus.

1982 2948 2250 3004 Turbidus
2283 2951 2562 3012 incedens.
2599 2952 2756 3005 undis
2780 2959 2902 3021 eget
2934 2953 3050 3022 ipse
3072 2951 3263 3016 lavari,

2054 3040 2279 3111 Semper
2302 3043 2602 3110 inaequalis,
2630 3045 2717 3099 cui
2749 3053 2774 3080 ο
2801 3045 2939 3099 nihil
2967 3054 3059 3099 aut
3087 3045 3218 3099 satis
3245 3056 3351 3101 est.

1907 3145 1952 3205 (ς
1987 3134 2098 3188 Non
2132 3135 2260 3202 ripis
2291 3144 2598 3200 contentus,
2629 3137 2738 3206 agit
2765 3139 3082 3208 compendia
3113 3154 3335 3203 cursus,

2052 3225 2205 3293 Quod
2235 3227 2303 3282 de
2329 3237 2509 3282 monte
2535 3228 2690 3296 bibit,
2725 3244 2821 3300 per
2842 3240 2954 3286 sata
2989 3232 3141 3299 plena
3166 3232 3332 3285 vomit

1985 3325 2195 3381 Vortice
2226 3327 2451 3383 torrenti
2483 3328 2705 3398 rapitur,
2736 3330 2886 3399 quasi
2921 3339 3092 3384 morte
3119 3340 3146 3379 P
3175 3331 3419 3400 tyranni,

2055 3419 2363 3490 Indignatus
2395 3421 2519 3490 iter,
2552 3436 2779 3476 munera
2801 3430 2976 3476 vastat
3003 3424 3140 3492 agri.

1983 3513 2244 3571 Discurrit
2275 3528 2428 3585 seges
2470 3514 2523 3568 in
2569 3515 2784 3568 ﬂuvium
2806 3522 2834 3564 τι
2865 3522 2972 3569 stat
3000 3513 3154 3588 μίση
3180 3515 3296 3587 sed]
3329 3516 3490 3585 piscis
3518 3514 3570 3567 i'u

2051 3605 2249 3662 Ordine
2280 3621 2551 3674 perverso,
2589 3605 2762 3660 niesse
2792 3617 3026 3671 natante,
3057 3607 3220 3675 jacet.
3302 3633 3304 3635 >
3372 3607 3521 3680 [agro
3545 3616 3566 3644 ε

1980 3698 2110 3766 Quae
2140 3697 2352 3752 fuerant
2379 3698 2595 3759 ovibus,
2626 3698 2898 3752 donanlur
2926 3712 3120 3767 pascua
3154 3698 3301 3752 ranis
3325 3707 3372 3766 ⁸,

2054 3795 2209 3848 Prata
2241 3804 2427 3847 tenent
2456 3797 2650 3856 pisces,
2684 3801 2739 3846 et
2771 3790 2938 3849 trahit
2965 3792 3104 3846 unda
3133 3806 3321 3862 pecus.

1981 3884 2195 3939 Obtinet
2223 3886 2484 3953 expulsus
2519 3885 2536 3918 ί
2569 3884 2839 3938 stabulum
2871 3894 3173 3952 campestre
3196 3884 3417 3952 silurus,

2051 3977 2178 4032 Plus
2205 3976 2412 4046 capitur
2441 3977 2618 4043 terris,
2651 3992 2812 4049 quam
2845 3976 3002 4034 modo
3033 3977 3194 4051 piscis
3223 3981 3396 4052 aquis.

1978 4237 2230 4291 congreg.
2260 4220 2326 4275 de
2355 4220 2584 4286 Propag.
2615 4219 2746 4282 Fide
2783 4236 2814 4272 a
2837 4222 3065 4288 secretis,
3091 4219 3221 4277 item
3253 4224 3486 4281 litteram
3521 4229 3564 4281 ll

1977 4296 2147 4348 instar
2175 4295 2520 4348 consonantis
2550 4291 2733 4346 haberi
2765 4309 2778 4345 :

2071 4389 2278 4453 Lignum
2296 4402 2393 4452 quo
2415 4387 2632 4439 Christus
2650 4389 2910 4439 humanum
2929 4391 3142 4443 subdidit
3165 4391 3421 4445 hostem...

2052 4471 2069 4509 ί
2106 4473 2245 4527 Edit.
2277 4473 2446 4527 Paris.
2474 4489 2489 4528 :

2159 4565 2366 4620 Tantum
2385 4569 2435 4614 te
2460 4564 2666 4627 lymphis
2685 4567 2870 4615 excitat
2889 4565 2984 4615 iste
3007 4567 3140 4625 suis.

2046 4655 2060 4700 l
2099 4650 2236 4706 Edit.
2271 4647 2432 4712 \'eu..
2464 4650 2766 4712 subducitur
2791 4652 2978 4705 amnis.

2041 4720 2070 4762 λ
2101 4723 2257 4786 lbid.,
2289 4723 2598 4792 madefaclat
2628 4723 2834 4778 humus.

2045 4793 2064 4832 ι
2100 4794 2241 4848 Edit.
2275 4793 2470 4857 Paris.,
2503 4795 2744 4845 habenas.

2043 4876 2080 4902 ω
2105 4866 2245 4920 Edit.
2280 4864 2467 4926 Paris.,
2501 4865 2670 4923 diem:
2698 4865 2748 4918 in
2773 4866 3034 4934 margine,
3069 4868 3223 4922 viam.

2039 4945 2066 4973 “
2091 4937 2234 4992 Edit.
2267 4935 2421 5011 lien,
2457 4935 2542 4989 vix
2566 4945 2729 4988 tamen
2758 4936 3027 4991 intidiens.
3061 4938 3210 4994 Unus
3247 4940 3378 4997 Cod.
3415 4943 3558 5011 Vat...

1944 5009 2054 5088 vix
2080 5007 2521 5088 tamgt_insfdeits.

2042 5091 2065 5118 ο
2099 5080 2152 5135 In
2185 5081 2324 5134 Edit.
2354 5078 2509 5143 Ven.,
2546 5078 2630 5146 qui
2657 5077 2805 5135 nihil.

2037 5164 2066 5203 Ρ
2098 5152 2241 5206 Edit.
2275 5150 2467 5213 Paris,
2507 5166 2664 5202 more.

2039 5235 2067 5274 ει
2098 5223 2242 5277 Edit.
2273 5222 2434 5286 Ven.,
2460 5222 2512 5275 in
2539 5222 2716 5291 ﬂuvio.

2041 5306 2063 5334 ι’
2109 5297 2501 5374 Brovf..poslea
2533 5294 2862 5360 emendavit,
3072 5295 3154 5374 bis
3190 5297 3432 5374 ediderat
3451 5341 3472 5362 .,
3499 5299 3554 5374 in

1966 5383 2112 5437 agro,
2127 5363 2667 5451 sufficiens-infrita,
2688 5368 2970 5451 quomodo
3083 5367 3233 5451 Vena
3252 5371 3551 5451 ed_it._legi~-

1967 5436 2070 5492 tur.
2114 5439 2181 5491 At
2218 5438 2270 5490 in
2298 5436 2466 5489 (Sodd.
2502 5437 2618 5490 Vat.
2650 5438 2782 5492 nihil
2811 5437 3160 5501 animadverti
3189 5441 3365 5503 simile
3395 5441 3556 5512 hujus

1966 5507 2369 5564 emendationis.

2040 5588 2062 5617 ι
2092 5580 2238 5651 Unus
2266 5578 2395 5651 (fled.
2433 5578 2576 5646 Vat.,
2603 5594 2793 5651 pascua
2820 5587 2992 5636 remis.

2041 5652 2059 5686 ί
2098 5649 2238 5704 Edit.
2277 5650 2450 5703 Ven.:

2091 5720 2296 5772 Obtinet
2320 5721 2551 5784 expulsos
2573 5721 2814 5771 stabulum
2839 5730 3113 5788 campestre
3139 5721 3336 5778 silutos.

2037 5802 2177 5862 Edit.
2212 5805 2381 5861 Paris.
2439 5804 2664 5862 silvestre
2692 5808 2908 5862 silurus.
