4124 6360
633 291 701 350 8⁸1
1354 303 1674 362 VENANTII
1713 309 1870 364 “0N.
1911 311 2119 366 CLEM.
2163 312 2218 366 Fl

2317 309 2554 372 I'UNATI
2594 316 2880 374 OI‘ERIJM
2919 317 3096 376 PARS
3136 319 3176 376 Ι.

632 412 856 506 Saecula
883 430 1020 486 quos
1046 417 1292 475 loderent
1319 436 1495 491 agros,
1532 425 1668 479 mala
1693 435 1720 464 ι
1750 425 1883 482 retia
1903 428 2150 495 miscent,
2239 435 2290 492 Δ
2319 431 2558 490 Sufﬁciat
2584 430 2807 504 ﬂagrare
2833 437 2960 504 sibi,
2984 451 3078 490 cur
3103 437 3243 492 addo
3273 440 3527 506 vapores!

703 502 910 575 Figitur
936 507 1024 564 bic
1050 523 1230 564 ramus
1257 508 1286 547 ι’
1315 527 1422 582 quo
1449 517 1603 569 stetit
1629 525 1756 571 ante
1786 520 1958 587 palus.

630 591 766 651 Sors
797 610 900 653 una
923 608 1007 653 est
1037 599 1218 670 piscis,
1253 603 1480 672 siccent,
1508 615 1600 660 aut
1629 607 1847 664 numina
1873 622 2143 678 crescant,

706 686 861 744 Nune
886 691 1089 748 residet
1110 692 1260 758 limo,
1294 711 1436 775 nunc
1455 696 1599 766 jacet
1619 700 1774 753 exsul
1797 715 1951 771 agro.

629 773 740 834 Sed
765 793 865 836 cur
890 783 1049 840 triste
1073 783 1164 839 diu
1193 773 1462 856 loquimur
1486 789 1555 845 de
1583 791 1796 862 gurgite
1820 795 2022 864 parvo?

704 871 890 930 Uritur
911 883 968 931 et
996 877 1192 946 verbis,
1225 872 1325 934 occ
1352 891 1626 937 recreatur
1649 884 1822 956 aquis,

699 1043 725 1073 ⁶
754 1034 903 1092 Unus
925 1035 1060 1094 Cod.
1096 1038 1240 1105 Yat.,
1267 1042 1404 1096 male
1424 1042 1572 1097 retia.

2392 523 2565 592 Atque
2597 523 2677 578 bis
2703 528 2946 580 azstivum
2975 543 3221 584 crescere
3253 538 3464 600 tempus
3489 530 3630 601 ago!

2322 614 2490 670 Unica
2519 618 2616 672 sed
2651 623 2866 676 tandem
2894 621 3088 676 dannts
3121 624 3238 677 tunc
3266 623 3456 677 solatia
3485 622 3685 692 laudis,

2389 709 2542 775 Quod
2574 711 2760 768 tribuit
2788 714 2962 784 pisces
2985 728 3274 772 evacuatus
3298 717 3477 788 aquis.

703 1105 731 1144 δ
762 1108 903 1164 Edit.
938 1109 1098 1174 Ven.,
1125 1111 1304 1181 ﬁgitur
1342 1114 1426 1166 hic
1467 1115 1672 1170 hamus.
1714 1114 1867 1171 Unus
1913 1116 2051 1172 Cod.
2083 1117 2208 1175 Vat.
2241 1117 2406 1176 habet
2435 1121 2622 1188 causa,
2645 1131 2932 1196 corrupte;
2965 1122 3101 1178 forte
3119 1121 3304 1177 [ramus
3333 1122 3434 1193 legi
3458 1120 3647 1180 debet.

1799 1325 2096 1402 LIBER
2152 1326 2709 1407 SECUNDUS.

2137 1463 2369 1484 ~—

1146 1497 1373 1554 CAPUT
1415 1500 1698 1559 PRIMUM.

1138 1629 1215 1683 De
1240 1648 1388 1687 cruce
1415 1643 1441 1670 ⁸·
1475 1631 1700 1688 Domini.

627 1741 837 1814 [tlrttcis
869 1740 1074 1795 Domini
1099 1743 1419 1868 dignitatem‘
1443 1753 1496 1796 et
1525 1747 1774 1887 vlirtutem
1809 1745 2052 1803 laudibus
2085 1763 2209 1820 pro-

1271 1829 1400 1884 sequ
1426 1825 1527 1869 tur.

1271 1825 1527 1884 sequitur.

627 1968 765 2023 Crnv
801 1968 1076 2024 benedicta
1099 1966 1126 2006 δ
1151 1969 1306 2038 nitet,
1329 1971 1584 2026 Dominus
1613 1985 1716 2041 qua
1740 1987 1902 2029 carne
1927 1977 2204 2045 pependit,

698 2063 870 2130 Atque
898 2075 1089 2116 cruore
1116 2077 1218 2116 suo
1244 2063 1464 2118 vulnera
1495 2073 1676 2120 nostra
1707 2065 1847 2122 lavat
1877 2077 1924 2122 ο.

626 2153 770 2209 Mitis
789 2170 976 2210 amore
1004 2154 1116 2225 pio,
1148 2170 1247 2223 pro
1278 2154 1433 2210 nobis
1457 2157 1670 2211 victima
1705 2159 1896 2226 lactus,

698 2245 881 2303 Traxit
901 2248 974 2300 ab
993 2261 1088 2302 ore
1123 2246 1231 2318 lupi
1261 2262 1363 2314 qua
1393 2262 1548 2302 sacer
1573 2264 1741 2318 agnus
1771 2264 1920 2305 oves.

625 2339 922 2395 Transllxls
939 2339 965 2378 δ
990 2339 1177 2412 palmis
1201 2340 1289 2394 ubi
1313 2339 1569 2396 mundum
1593 2355 1624 2397 a
1651 2351 1674 2378 ο
1701 2342 1856 2398 clade
1886 2343 2137 2412 redemit,

700 2437 873 2502 Atque
901 2446 1001 2486 suo
1029 2429 1221 2485 clausit
1251 2430 1438 2485 funere
1468 2432 1657 2486 mortis
1688 2432 1808 2487 iter.

627 2524 728 2580 llic
752 2537 944 2580 manus
975 2523 1065 2577 illa
1097 2523 1194 2577 luit
1219 2522 1385 2578 clavis
1413 2523 1622 2578 conﬁxa
1649 2525 1886 2578 cruentis
1905 2565 1921 2588 ,

696 2615 828 2684 Qua:
854 2614 1048 2682 eripuit
1078 2613 1299 2669 Paulum
1330 2615 1586 2678 crimine,
1620 2625 1795 2671 morte
1825 2615 2060 2670 Petrum.

628 2707 924 2762 Fcrtilitate
955 2715 1166 2775 potens,
1187 2721 1222 2760 ο
1242 2704 1414 2772 dulce,
1445 2715 1499 2762 et
1535 2706 1714 2762 nobile
1741 2707 1962 2778 lignum,

699 2799 923 2869 Quando
952 2799 1054 2852 tuis
1075 2801 1242 2852 ramis
1267 2808 1373 2852 tam
1403 2812 1538 2854 nova
1569 2814 1724 2866 poma
1749 2798 1924 2869 geris!

625 2896 788 2964 Cujus
814 2893 985 2949 odore
1018 2906 1176 2959 novo,
1199 2890 1446 2946 defuncta
1475 2891 1734 2946 cadavera
1763 2899 2011 2961 surgunt,

697 2990 764 3046 Et
791 2990 1014 3047 redeunt
1045 2986 1186 3053 vitaz,
1216 2985 1308 3058 qui
1343 3002 1565 3042 caruere
1595 2986 1702 3042 die.

626 3079 839 3137 Nullum
861 3088 982 3136 uret
1024 3087 1189 3133 aestus
1214 3079 1314 3132 sub
1344 3077 1621 3133 frondibus
1647 3078 1857 3133 arboris
1879 3079 2061 3148 hujus,

699 3169 845 3225 Luna
877 3185 976 3224 nec
1005 3168 1058 3223 in
1084 3176 1297 3224 noctem
1324 3165 1373 3234 τ,
1397 3167 1476 3221 sol
1504 3181 1677 3234 neque
1707 3166 1953 3224 meridie.

628 3261 712 3317 Tu
743 3262 976 3329 plantata
1008 3261 1195 3324 micas,
1225 3274 1380 3314 secus
1409 3269 1492 3314 est
1521 3258 1610 3313 ubi
1639 3273 1828 3314 cursus
1852 3274 2136 3331 aquarum,

698 3352 919 3424 Spargis
942 3363 998 3406 et
1031 3361 1272 3416 ornatas,
1297 3350 1429 3406 lIore
1456 3361 1691 3417 recente,
1716 3366 1919 3406 comas.

629 3447 878 3515 Appensa
908 3452 992 3499 cst
1018 3443 1141 3497 vitis
1171 3444 1309 3498 inter
1334 3452 1423 3498 tua
1456 3443 1668 3498 brachia
1690 3485 1707 3508 ,
1733 3443 1801 3498 de
1829 3459 1932 3516 qua

704 3536 889 3592 Dulcia
917 3534 1213 3606 sanguineo
1239 3534 1356 3589 vina
1389 3535 1583 3591 rubore
1624 3535 1815 3592 ﬂuunt.

704 3701 731 3730 ι
761 3693 891 3761 Quae
939 3691 1099 3746 fuerit
1139 3707 1301 3747 causa
1330 3702 1382 3748 et
1410 3693 1622 3748 occasio
1651 3692 1943 3748 Fortunato
1973 3707 2073 3748 cur
2098 3693 2213 3763 ipse

636 3765 800 3820 hosce
841 3763 1072 3834 hymnos
1099 3777 1148 3817 et
1183 3764 1284 3817 alia
1328 3775 1569 3833 poemata
1603 3768 1653 3818 in
1702 3766 1962 3820 honorem
2013 3777 2211 3821 sancta:

631 3835 809 3891 crucis
839 3837 1201 3906 eluculiraret,
1230 3835 1334 3902 jam
1374 3835 1792 3906 signiﬁcavimus
1837 3837 1891 3892 ita
1923 3835 2043 3890 Vita
2071 3838 2213 3904 ejus-

631 3908 781 3972 dem,
808 3921 863 3960 ιι.
890 3903 982 3972 55,
1007 3907 1159 3973 juvat
1185 3916 1361 3960 tamen
1385 3903 1545 3962 eibic
1566 3906 1811 3961 eamdem
1841 3921 1954 3962 rem
1978 3903 2215 3962 breviter

633 3977 918 4046 attingere.
972 3977 1310 4045 ltadegumlis
1336 4017 1350 4039 ,
1380 3977 1626 4043 scilicet,
1655 3977 2082 4032 sanctimonialis
2131 3979 2213 4033 le-

635 4049 806 4113 mina,
827 4061 947 4115 quae
967 4062 997 4102 e
1015 4061 1163 4113 regio
1181 4046 1594 4113 Tltoringiorum
1619 4061 1819 4117 genere
1836 4059 1980 4113 nata,
1994 4047 2216 4102 Clotarii

637 4118 968 4173 Francorum
998 4117 1140 4186 regis
1169 4132 1302 4173 uxor
1331 4120 1498 4171 Inerat
1525 4119 1748 4185 (mulier
1771 4120 1839 4174 de
1879 4119 1995 4186 ipso
2020 4117 2216 4174 Fortu-

629 4197 768 4244 nato
795 4198 978 4260 nostro
1003 4189 1413 4260 quamoptimc
1444 4187 1708 4260 ,inerita),
1739 4190 2044 4244 obtinuerat
2068 4204 2100 4243 a
2122 4188 2217 4244 Ju-

635 4261 779 4316 stino
804 4259 939 4327 imp.
968 4258 1037 4317 et
1067 4258 1265 4326 Sophia
1311 4258 1542 4327 Augusta
1573 4258 1803 4314 frustum
1846 4259 1974 4327 ligni
2017 4269 2218 4314 saucun

632 4331 836 4396 crucis,
858 4345 966 4400 quo
1010 4343 1166 4384 suum
1215 4329 1552 4400 Pictaviense
1584 4329 1970 4388 monasterium
1999 4330 2214 4396 ditaret,

637 4399 913 4471 miraculis
953 4399 1612 4471 posteaﬂcelu-berrimum.
1664 4402 1718 4456 Id
1760 4401 1939 4471 itaque
1972 4401 2024 4456 in
2054 4415 2214 4455 causa

2945 1508 3174 1565 CAPUT
3212 1509 3274 1564 II.

2601 1599 2668 1655 In
2690 1601 2932 1657 honorem
2951 1611 3140 1657 sancta:
3166 1604 3352 1667 crucis,
3376 1604 3621 1673 hymnus.

2244 1721 2292 1782 Β
2393 1688 2592 1761 Pange,
2619 1698 2646 1740 s
2673 1691 2872 1760 lingua,
2895 1692 3110 1762 gloriosi
3139 1693 3382 1762 praelium
3410 1692 3747 1759 certaminis,

2320 1781 2389 1837 Et
2413 1797 2578 1852 super
2597 1783 2771 1838 crucis
2791 1793 2992 1854 tropteo
3011 1783 3098 1838 dic
3121 1783 3443 1853 triumphum
3472 1783 3706 1838 nobilem
3730 1824 3748 1848 ,

2312 1871 2552 1938 Qualiter
2577 1871 2904 1942 Redemptor
2929 1874 3076 1930 orbis
3107 1875 3411 1929 immolatus
3440 1875 3645 1930 vicerit.

2391 1963 2467 2017 De
2499 1965 2736 2032 parentis
2765 1965 3081 2034 protoplasti
3106 1966 3293 2022 fraude
3320 1967 3456 2021 laeta
3485 1963 3515 2003 ιι
3541 1965 3863 2033 condolens,

2310 2051 2537 2118 Quando
2564 2054 2707 2119 pomi
2732 2053 2956 2108 noxialis
2981 2070 3162 2110 morsu
3193 2056 3246 2108 in
3281 2066 3507 2112 mortem
3546 2055 3561 2094 ί
3593 2061 3820 2122 corruit,

2310 2146 2430 2215 Ipse
2455 2145 2652 2216 lignum
2685 2137 2837 2201 tum'l
2875 2150 3098 2213 notavit,
3121 2148 3312 2203 damna
3329 2143 3460 2218 ligni
3487 2160 3542 2204 ut
3565 2149 3820 2205 solveret.

2394 2239 2506 2295 Hoc
2533 2253 2670 2310 opus
2699 2253 2899 2295 nasum
2927 2241 3117 2296 salutis
3151 2243 3284 2296 ordo
3309 2242 3718 2312 depoposcerat,

2311 2329 2652 2385 Multilormis
2681 2331 2970 2400 proditoris
2996 2333 3018 2370 ι
3051 2343 3168 2388 arte
3192 2341 3252 2388 ut
3276 2344 3446 2388 artem
3486 2332 3714 2400 lallerct,

2312 2422 2380 2477 Et
2407 2421 2691 2477 medellam
2721 2423 2884 2477 terret
2911 2423 3058 2485 inde.
3089 2423 3260 2478 bostis
3288 2425 3428 2479 unde
3457 2425 3694 2480 laeserat.

2381 2514 2603 2582 Quando
2633 2513 2780 2568 venit
2803 2530 2930 2582 ergo
2963 2516 3102 2570 sacri
3131 2514 3406 2585 plenitudo
3434 2516 3717 2585 temporis,

2311 2605 2505 2661 Missus
2533 2615 2618 2660 est
2643 2607 2712 2660 ab
2740 2620 2866 2659 arce
2896 2605 3067 2660 Patris
3094 2617 3248 2661 natus
3272 2609 3418 2662 orbis
3438 2607 3704 2673 conditor,

2310 2701 2484 2767 Atque
2509 2705 2696 2753 ventre
2724 2698 2964 2766 virginali
2995 2713 3158 2753 carne
3185 2697 3354 2754 lactus
3383 2700 3602 2769 prodiit.

2383 2791 2541 2862 Vagit
2568 2789 2766 2856 infans,
2801 2791 2939 2844 inter
2981 2801 3129 2844 arcta
3155 2791 3404 2846 conditus
3432 2793 3712 2862 praesepia,

2312 2889 2549 2944 Nembra
2581 2886 2771 2956 pannis
2797 2884 3033 2939 involuta
3061 2885 3212 2954 virgo
3233 2894 3404 2940 mater
3430 2884 3636 2955 alligat,

2315 2984 2384 3041 Et
2409 2985 2594 3056 pedes,
2619 2994 2917 3050 manusque
2945 2978 2987 3045 ι,
3006 2993 3161 3034 crura
3182 2979 3364 3034 stricta
3385 2980 3550 3050 cingit
3574 2989 3614 3018 ιι
3635 2979 3822 3038 fascia.

2232 3083 2279 3144 ο
2368 3075 2557 3134 Lustra
2575 3093 2665 3134 ses
2685 3077 2892 3149 quijam
2917 3076 3605 3146 peracta,tempusimpleus
3619 3075 3884 3148 corporis,

2310 3170 2386 3225 Se
2406 3171 2640 3238 volente,
2675 3179 2830 3225 natus
2858 3169 2924 3225 ad
2955 3171 3078 3237 hoc,
3112 3170 3346 3240 passioni
3374 3169 3609 3236 deditus,

2313 3264 2518 3334 Agnus,
2553 3264 2606 3318 in
2635 3265 2810 3318 crucis
2837 3265 3040 3320 levatur
3064 3261 3422 3318 immolandus
3451 3261 3651 3331 stipite.

2388 3356 2482 3410 llic
2509 3367 2738 3420 acetum,
2772 3357 2863 3418 [ει.
2895 3355 3119 3422 arundo,
3145 3365 3322 3424 sputa,
3345 3356 3506 3421 clavi,
3539 3355 3751 3421 lancea,

2333 3446 2459 3502 Mite
2481 3462 2678 3516 corpus
2709 3449 3032 3517 perforatur;
3069 3447 3305 3517 sanguis,
3332 3447 3470 3501 unda
3519 3446 3765 3516 proﬂuit,

2323 3538 2512 3605 Terra,
2541 3552 2756 3609 pontus,
2779 3550 2940 3604 astra,
2962 3538 3188 3594 mundus
3211 3553 3316 3609 quo
3339 3537 3580 3593 lavantur
3609 3538 3849 3600 ﬂumine.

2317 3701 2429 3753 uati
2452 3713 2561 3753 esse
2584 3698 2764 3760 soleat,
2794 3697 2876 3749 cui
2905 3707 3068 3750 tamen
3094 3696 3240 3749 illum
3266 3693 3489 3748 tribuunt
3514 3692 3713 3762 antiqui
3737 3693 3892 3747 etiam

2316 3772 2592 3840 scriptores
2633 3779 2679 3821 et
2718 3767 2949 3821 Codices.
2999 3766 3062 3840 In
3099 3784 3213 3840 eum
3257 3775 3502 3840 prgtq‘ea
3543 3764 3666 3818 scite
3703 3765 3896 3840 cadunt

2317 3835 2490 3895 omnia
2518 3853 2631 3907 qua!
2653 3840 2932 3892 laudantur
2959 3855 2990 3890 a
3026 3835 3265 3892 Sidonio.
3298 3835 3533 3907 Scriptus
3561 3843 3641 3907 est
3669 3837 3891 3890 versibus

2319 3904 2613 3970 trochaicis,
2647 3911 2828 3978 quibus
2848 3910 3026 3961 inserti
3046 3908 3323 3976 aliquando
3344 3904 3627 3978 pyrrhichii
3658 3907 3895 3978 numeri:

2318 3976 2667 4037 commaticus
2701 3989 2799 4042 est,
2849 3979 3039 4031 crebris
3076 3980 3311 4048 aptisque
3348 3976 3632 4048 commatiis
3682 3976 3897 4038 incisus,

2317 4053 2578 4107 sententiis
2605 4066 2708 4102 non
2737 4049 3036 4115 interruptis
3061 4087 3078 4112 ,
3120 4046 3235 4102 sedi
3258 4046 3477 4100 molliter
3500 4062 3612 4099 cum
3639 4060 3785 4100 uersu
3807 4061 3898 4098 ca.

2319 4121 2574 4177 dentibus.
2608 4118 2838 4190 Denique
2864 4120 3149 4174 Claudiano
3176 4133 3380 4190 carmen
3406 4118 3504 4170 hoc
3535 4117 3758 4190 uindicat
3770 4132 3899 4190 “non

2320 4198 2487 4246 solum
2523 4200 2661 4246 vetus
2688 4184 3006 4254 scholiastes,
3037 4205 3185 4261 quem
3213 4189 3345 4252 dixi,
3375 4202 3549 4261 verum
3570 4187 3734 4261 etiam
3757 4184 3898 4261 Gen-

2321 4265 2532 4326 nadius,
2560 4279 2662 4316 non
2685 4263 2890 4329 quidem
2922 4255 3071 4332 prout
3097 4261 3262 4332 editus
3286 4270 3359 4332 es_t
3378 4300 3392 4318 .
3427 4260 3514 4332 sed
3539 4266 3690 4332 prout
3716 4257 3770 4332 in
3799 4255 3899 4310 Co-

2323 4335 2437 4390 dice
2482 4327 2884 4390 coenobii’sancti
2921 4327 3190 4385 Michaelis
3228 4330 3293 4383 de
3318 4329 3537 4390 Tumba,
3565 4327 3784 4397 vulgatis
3807 4344 3901 4380 au-

2326 4407 2474 4469 ctior,
2504 4407 2558 4459 in
2579 4402 2860 4458 Claudiani
2877 4403 3128 4456 mentione
3157 4402 3340 4470 legitur
3364 4401 3444 4451 his
3469 4397 3631 4470 verbis
3660 4412 3680 4452 :
3704 4415 3725 4448 ι
3756 4397 3902 4470 Scri-

639 4443 1939 4540 ἱῖιίὶίἷιῖἑὶῖιοὶἷὲἶῶὀἷὶἐιῦἱίἱιὲξ’ᾶξῦεέιῖηᾶἵὶῖιὲἴ
1948 4443 2216 4542 οἷἈῖιίἷῖε
2248 4443 2297 4506 ι)
2326 4443 2443 4540 ἓῙὲ
2457 4443 3903 4542 ἑιῖιῖιὲἠ”οἷὶἱὶἓὶιὶῖἶῖἶιὶὲῗςὲιέ’ὶῖὶιεξᾶηἱιῖἶἆεᾖᾶιῖίῖιῖι

640 4543 930 4598 abbatissa
954 4541 1368 4604 addictissimus,
1395 4556 1541 4610 su-pe
1575 4545 1814 4596 carmina
1841 4542 1907 4596 ad
1933 4541 2240 4598 celebrati--

639 4616 762 4668 dum
811 4624 1010 4669 sancta:
1055 4612 1230 4668 crucis
1275 4613 1640 4682 praestantiam
1687 4615 2048 4683 virtutemque
2089 4630 2219 4683 pan-

655 4693 812 4740 :eret.

638 4703 1004 4824 Bellimbegitur
1050 4753 1138 4809 bic
1166 4753 1397 4826 hymnus
1425 4755 1506 4809 vel
1537 4755 1588 4808 in
1634 4753 1927 4826 Ilyntnario
1969 4756 2041 4810 cl.
2069 4754 2217 4809 card.

635 4825 908 4882 Tommasi
929 4867 946 4891 ,
967 4825 1071 4881 sub
1100 4825 1317 4880 nomine
1349 4825 1645 4879 Fortunati.

715 4908 739 4936 ε
772 4897 918 4953 Unus
958 4897 1094 4952 Cod.
1129 4895 1299 4951 Vatic.
1325 4905 1377 4949 et
1407 4897 1542 4949 Edit.
1589 4896 1718 4949 Ven.
1789 4897 1996 4951 vulnera
2044 4905 2222 4950 nostra

639 4971 782 5038 lavit.
810 4969 938 5022 Item
963 4969 1013 5022 in
1046 4968 1238 5038 Hymn.
1270 4968 1341 5020 cl.
1371 4967 1665 5021 Tommasi.

709 5037 734 5076 δ
765 5039 906 5093 Edit.
939 5037 1398 5106 Ven.,’transﬁ1us
1427 5040 1629 5108 palmis.

713 5120 738 5148 ε
773 5111 828 5163 In
856 5109 1051 5180 Hymn.
1083 5109 1152 5163 cl.
1185 5109 1397 5180 'l‘omnt.
1425 5110 1578 5164 deest
1598 5129 1652 5164 a.

716 5181 736 5220 ί
771 5179 926 5244 Ibid.,
957 5182 1082 5234 luna
1109 5195 1201 5234 nec
1223 5179 1279 5232 in
1307 5190 1472 5233 nocte.

713 5260 741 5299 ι
766 5250 918 5306 Libet
945 5250 1033 5306 hic
1057 5250 1325 5318 subjicere
1351 5249 1533 5305 Jacobi
1568 5251 1873 5314 S'rmondi,
1919 5251 2018 5304 viri
2045 5249 2225 5304 crudi-

640 5321 859 5385 tissimi,
881 5320 1139 5392 judicium
1165 5321 1233 5374 de
1264 5320 1366 5375 hoc
1395 5323 1613 5392 ltytnno,
1656 5322 1795 5392 quod
1827 5325 2028 5390 profert
2050 5323 2103 5375 io
2126 5337 2225 5392 no-

638 5395 706 5447 lis
732 5394 798 5446 ad
827 5395 987 5460 epist.
1021 5394 1058 5448 3
1085 5391 1177 5446 lib.
1209 5405 1262 5445 tv
1289 5391 1460 5459 Epist.
1488 5391 1692 5447 Sidonii
1739 5409 1753 5446 :
1795 5393 2084 5446 Adnotarat
2113 5391 2132 5460 (
2157 5409 2222 5445 en

637 5465 758 5534 ejus
781 5463 964 5534 verba)
996 5462 1094 5534 hoc
1120 5463 1232 5516 loco
1268 5462 1566 5518 sclioliastes
1593 5464 1801 5533 quidam
1839 5463 2086 5532 hymnum
2115 5462 2224 5532 (de

641 5532 748 5602 qui.
779 5533 1027 5589 nimirum
1058 5532 1110 5586 io
1138 5535 1360 5598 epistola
1399 5547 1493 5587 sua
1521 5532 1981 5588 adClaudianunt
2024 5536 2221 5600 scripta

643 5606 981 5677 mentioan
995 5603 1120 5657 facit
1143 5602 1419 5674 Sidooius)
1449 5604 1730 5677 signiﬁcari
1757 5605 1926 5667 illum,
1953 5606 2098 5673 cujus
2120 5605 2220 5656 iui-

642 5679 769 5731 tium
802 5688 875 5730 est
904 5691 924 5728 :
955 5673 1155 5740 Pasce,
1185 5689 1399 5740 Liscus,
1423 5673 1663 5731 cu'mtost
1690 5691 1939 5732 PBELIUI
1965 5690 2225 5729 CERTAII-

645 5762 744 5804 ms.
795 5746 859 5803 Et
890 5747 1092 5813 quidem
1116 5745 1308 5815 stylum
1345 5747 1535 5802 redolet
1559 5746 1826 5802 cultiorem
1848 5762 2000 5814 quam
2033 5745 2223 5800 [τηνίκα

2323 4547 2554 4610 Domini,
2571 4546 2715 4614 cujus
2736 4543 3046 4613 principium
3065 4551 3140 4595 est
3154 4540 3388 4614 ς-Ρλκςε,
3406 4553 3612 4614 uiscus.
3629 4554 3892 4614 cuontost.

2323 4616 2451 4672 Fuit
2477 4611 2648 4671 autem
2675 4611 2835 4680 frater
2858 4611 3115 4675 Mamerti,
3153 4611 3452 4666 Viennensis
3472 4611 3721 4680 episcopi.
3755 4627 3774 4660 ι

2397 4689 2522 4742 Ινιωο
2545 4685 2618 4742 cl.
2662 4677 2996 4742 Sirmoudus.
3044 4686 3306 4737 Auctores
3346 4681 3470 4732 item
3519 4677 3642 4732 dell‘
3674 4678 3902 4736 Ilistoiic

2324 4757 2572 4813 litte’raire
2600 4757 2665 4811 de
2709 4758 2760 4809 la
2791 4752 3028 4813 France.
3077 4755 3177 4806 Itoc
3222 4765 3406 4818 poema
3453 4749 3747 4802 Fortunato
3791 4751 3898 4803 eri-

2327 4830 2514 4895 piunt,
2562 4840 2616 4881 et
2654 4826 2892 4879 tribuunt
2931 4825 3108 4878 eidem
3139 4821 3454 4895 Claudiano.
3487 4821 3686 4895 Favent
3717 4831 3894 4895 tamen

2329 4890 2619 4954 Fortunato
2649 4895 2758 4952 lere
2796 4896 2976 4948 omnis
3006 4893 3262 4947 vetustior
3301 4891 3588 4958 antiquitas
3611 4930 3627 4953 ,
3654 4899 3710 4944 et
3737 4890 3898 4945 Codi-

2324 4986 2443 5024 cum
2478 4973 2586 5024 lere
2614 4967 2852 5019 omnium
2884 4965 3195 5028 auctoritas,
3225 4971 3333 5015 tum
3357 4961 3547 5014 eruditi
3577 4961 3677 5014 viri
3709 4975 3898 5028 quaut-

2326 5042 2566 5109 plurim‘.
2603 5037 2876 5109 Inpilytnn.
2907 5037 2994 5109 cl._
3023 5031 3528 5109 Tonunasi‘legitur
3553 5031 3807 5109 c_um_Itoc
3834 5034 3897 5109 t_i-

2328 5101 2477 5165 iulo:
2518 5109 2582 5163 V.
2630 5107 2687 5162 C.
2726 5101 2995 5160 Fortunati
3034 5103 3259 5170 epist-api
3289 5101 3640 5155 Pictaviensisa
3677 5101 3804 5161 Item
3845 5102 3895 5156 in

2324 5197 2455 5236 mss.
2485 5179 2654 5236 Codd.
2688 5177 2805 5232 Vat.
2838 5177 3096 5230 Venantio
3119 5173 3418 5228 ascribitur.

2396 5253 2425 5289 ιι
2453 5253 2508 5308 In
2539 5251 2734 5318 liymn.
2779 5253 2850 5302 cl.
2883 5247 3093 5301 Tomm.
3116 5285 3133 5312 ,
3175 5245 3359 5314 fraude
3399 5244 3564 5314 {actor
3599 5245 3897 5298 mdolcits.

2326 5324 2469 5396 Item,
2485 5338 2621 5396 unus
2643 5319 2774 5376 Cod.
2802 5318 2970 5372 Vatic.
3067 5386 3083 5396 _
3226 5384 3266 5396 η
3292 5383 3324 5396 η

2403 5395 2418 5432 ί
2455 5393 2584 5448 Ibid.
2609 5435 2624 5456 ,
2653 5407 2828 5444 morsu
2858 5399 3036 5441 morte.
3067 5386 3196 5440 Item
3226 5383 3370 5439 Edit.
3403 5382 3546 5438 Ven.

2399 5464 2415 5534 ξ
2455 5465 2508 5519 In
2541 5463 2737 5534 llymp.
2763 5459 3110 5534 νοΙεΑΤοιιηιιη-
3134 5465 3274 5534 tunc.

2397 5533 2422 5573 ι
2450 5535 2504 5590 1η
2528 5525 2633 5586 ιηῖο
2661 5532 2795 5586 Cod.
2829 5529 2972 5594 Vah,
3002 5525 3334 5597 multiformis
3362 5525 3656 5591 perdiloris.

2401 5607 2417 5646 ι
2461 5606 2924 5681 [bid.,__et_nianits,
2956 5603 3222 5681 pedesque,
3255 5612 3429 5677 crura.

2395 5687 2436 5717 ω
2465 5676 2580 5732 Duo
2608 5675 2777 5731 Codd.
2817 5668 2962 5733 Vah,
2985 5668 3144 5740 pingit
3171 5668 3348 5739 fascia.
