4124 6366
295 372 366 431 89
1496 376 1998 439 MISCELLANEA.
2029 409 2100 423 -—
2139 380 2267 437 LIB.
2310 383 2373 438 ll.
3498 380 3567 439 90

366 486 507 543 Grut
533 486 727 553 ﬁdelis,
752 486 893 541 inter
913 501 1105 542 omnes
1131 487 1287 543 arbor
1311 504 1413 543 una
1435 490 1655 558 nobilis,

301 579 453 635 Nulla
485 579 641 633 talem
672 578 806 631 silva
839 578 1058 648 profert,
1081 579 1234 641 ﬂore.
1259 578 1740 649 frotide,°germinc
1762 588 1809 632 ι.

301 670 465 728 Dulce
495 670 696 742 lignum
721 710 736 735 ,
766 669 952 724 dulces
991 674 1017 708 ιν
1053 677 1252 736 clavos,
1283 669 1442 726 dulce
1493 671 1699 741 pondus
1725 670 1883 726 susti-

1614 762 1636 835 [
1653 777 1811 819 nens.

374 853 556 909 Flecte
582 866 762 908 ramos
782 852 944 907 arbor
966 851 1099 916 alia,
1126 861 1277 907 tensa
1304 852 1421 907 laxa
1446 852 1677 920 viscera,

302 942 373 999 Et
399 942 544 1013 rigor
566 942 823 998 lentescat
851 941 968 1010 ille,
998 957 1157 1011 quem
1188 943 1336 999 dedit
1361 942 1628 1010 nativitas,

312 1034 381 1090 lit
410 1034 626 1104 superni
658 1034 894 1089 membra
927 1032 1070 1103 regis
1095 1033 1208 1087 miti
1241 1033 1430 1089 tendas
1456 1035 1657 1103 stipite.

372 1126 497 1181 Sola
525 1126 683 1197 digna
707 1135 759 1180 tu
789 1124 933 1180 luisti
948 1125 1087 1181 ferre
1109 1125 1334 1193 pretium
1360 1126 1542 1181 saeculi
1573 1126 1887 1200 [Ms.,s:ecli

1565 1215 1817 1289 pretium]

310 1315 479 1380 Atque
503 1320 713 1381 portum
740 1326 1043 1381 praeparare
1068 1319 1228 1365 nauta
1257 1310 1457 1365 mundo
1490 1310 1773 1379 naufrago,

306 1402 473 1469 Quem
503 1415 658 1456 sacer
681 1415 841 1455 cruor
873 1400 1145 1471 perunxit,
1167 1400 1314 1455 fusus
1336 1401 1456 1472 agni
1486 1415 1739 1473 corpore.

940 1490 1167 1546 CAPUT
1195 1489 1284 1546 Ill.

381 1585 446 1639 In
475 1586 715 1640 honorem
756 1595 778 1624 ε
811 1597 1000 1638 sancta:
1033 1586 1199 1639 crucis
1240 1594 1289 1639 et
1330 1588 1598 1640 oratoriit1
1637 1586 1820 1639 domus

751 1655 976 1710 ecclesia:
1014 1658 1152 1725 apud
1183 1654 1434 1711 Turonos.

309 1748 517 1823 [Geticis
566 1747 773 1823 Domini
826 1749 1077 1823 virtutem
1128 1764 1193 1803 ac
1239 1750 1468 1823 pretium
1517 1750 1885 1823 celebrat_,_ct

379 1820 620 1888 Gregorii
667 1818 996 1873 Turonensis
1040 1819 1093 1872 in
1135 1818 1379 1873 eamdem
1413 1833 1625 1874 crucem
1668 1820 1886 1887 religio-

381 1905 526 1953 nem,
562 1899 671 1942 tum
702 1889 756 1941 in
786 1889 1026 1943 ornando
1056 1889 1193 1955 apud
1220 1889 1468 1943 Turones
1493 1891 1729 1947 oratorio
1769 1907 1886 1943 anu.

382 1960 706 2015 miicentiam
736 1972 799 2013 ac
827 1958 1143 2014 liberalitem
1171 1959 1556 2030 commendat.)

312 2049 492 2107 Virtus
518 2051 658 2105 celsa
686 2051 862 2105 crucis
892 2061 1058 2106 totum
1088 2063 1238 2107 recte
1261 2063 1485 2121 occupat
1514 2052 1724 2121 orbem,

383 2144 511 2199 ilrcc
533 2145 784 2211 quoniam
815 2154 840 2183 ο
874 2144 1056 2199 mundi
1085 2143 1291 2213 perdita
1320 2156 1510 2201 cuncta
1542 2146 1729 2203 refert.

386 2284 411 2348 ξ
441 2275 588 2348 Unus
614 2273 783 2330 Codd.
814 2276 955 2348 \'at..
984 2278 1255 2348 germinat.

343 2418 359 2471 Ι
384 2345 411 2384 δ
444 2346 573 2401 Ibid.
602 2390 619 2418 ,
658 2348 809 2401 dulce
836 2345 1058 2405 clavum.
1097 2349 1154 2404 in
1194 2347 1303 2406 alio
1339 2346 1475 2406 Cod.
1499 2349 1618 2406 Vat.
1644 2393 1660 2419 ,
1690 2351 1893 2407 dulcem

361 2432 532 2471 avum.

313 2432 532 2472 clavum.

387 2500 410 2527 ο
439 2488 647 2542 Titulus
674 2486 831 2557 hujus
871 2487 1123 2544 carminis
1168 2489 1220 2544 in
1248 2488 1378 2545 Ven.
1406 2489 1546 2544 Edit.
1577 2491 1657 2546 sic
1685 2490 1846 2547 habet
1875 2512 1886 2546 :

316 2557 383 2629 In
423 2557 615 2612 honore
655 2570 845 2629 sancta!
883 2561 1075 2626 crucis,
1121 2562 1197 2614 vel
1239 2562 1474 2629 oratorii,
1517 2573 1623 2617 etc.
1669 2563 1800 2618 Item
1838 2565 1892 2619 in

314 2628 479 2683 duob.
509 2629 656 2683 Codd
668 2669 679 2681 .
709 2628 877 2685 Vatic.

386 2699 413 2739 ἀ
449 2699 523 2753 De
556 2699 657 2753 hoc
684 2700 820 2766 apud
848 2700 1088 2755 Turone:
1116 2702 1369 2755 'oratorio
1406 2703 1735 2758 mentionem
1766 2702 1892 2760 facit

315 2768 475 2842 Greg.
498 2769 700 2842 Turon.
726 2807 743 2830 ,
777 2770 867 2842 lib.
899 2784 915 2823 ι
945 2770 1013 2824 de
1039 2768 1215 2825 Gloria
1243 2783 1574 2842 martyrum,
1620 2788 1742 2841 cap.
1779 2775 1846 2830 i5
1872 2816 1887 2841 ,

314 2840 558 2909 inquiens
587 2858 601 2893 :
638 2841 785 2909 Apud
819 2839 1121 2895 Turonicam
1147 2858 1266 2895 vero
1295 2839 1466 2896 urbem
1488 2884 1505 2908 ,
1535 2848 1658 2897 dum
1688 2839 1741 2897 in
1772 2839 1893 2898 ora-1

315 2913 503 2984 torium
530 2910 652 2964 atrii
680 2910 820 2984 beati
842 2910 1077 2975 Martini,
1108 2912 1267 2984 ipsius
1291 2916 1622 2982 prlecursoris
1645 2916 1891 2984 reliquias

312 2982 766 3057 collocaremus....
794 2982 961 3057 [erunt
986 2991 1168 3057 autent
1182 2983 1361 3057 iubae
1377 2985 1608 3057 oratorio
1624 3002 1675 3057 Aa
1704 2982 1891 3057 lyr/mo

313 3051 484 3135 oleum
508 3051 738 3106 ebullire.
784 3051 1051 3107 Habentur
1086 3052 1221 3107 enim
1262 3065 1310 3109 et
1346 3055 1415 3108 ibi
1448 3054 1678 3125 reliquie:
1700 3051 1892 3111 sancite

314 3136 503 3176 crum.

1905 493 1956 551 Α
1982 490 2240 566 Quodque
2267 493 2412 547 ferus
2436 506 2661 564 serpens
2685 493 2870 549 infecit
2898 494 3021 549 i'cllc
3049 492 3263 557 veneni,

2055 594 2253 649 Christi
2281 593 2498 661 sanguis
2531 594 2585 648 in
2617 592 2718 649 hac
2744 593 2898 648 dulce
2927 592 3136 661 liquore
3163 593 3328 649 lavat.

1983 704 2217 775 Qumque
2248 704 2353 773 lupi
2386 704 2593 760 fuerant
2618 704 2850 775 raptoris
2877 704 3054 774 praeda
3084 704 3303 771 ferocis.

2056 815 2112 868 in
2138 824 2300 867 cruce
2320 810 2553 865 restituit
2579 808 2814 880 Virginis
2834 822 3001 879 agnus
3026 822 3177 864 oves.

1987 919 2191 981 Tensus
2211 922 2265 977 in
2290 920 2374 977 his
2394 919 2580 987 ramis,
2602 933 2727 974 cum
2750 916 2948 989 plantis
2972 917 3192 974 brachia
3219 914 3460 986 pendens

3188 1046 3192 1050 ι
3254 1003 3567 1083 [pandens].

2057 1101 2349 1159 Ecclesiam
2370 1099 2595 1165 stabilit,
2628 1098 2896 1171 pendulus
2926 1099 3039 1169 ipsc
3065 1112 3242 1153 cruce.

1988 1215 2101 1271 Hoc
2128 1215 2246 1285 pius
2277 1213 2295 1253 ί
2329 1213 2384 1270 in
2411 1215 2557 1283 ligno
2586 1228 2843 1282 reparans
2866 1213 3143 1281 deperdita
3170 1212 3398 1283 pridem.

2057 1305 2210 1373 Quod
2239 1305 2388 1361 vetiti
2422 1305 2548 1374 ligni
2579 1319 2734 1375 poma
2760 1304 2926 1359 tulere
2953 1305 3099 1361 boni.

1989 1418 2181 1475 Addita
2207 1416 2334 1488 quin
2360 1420 2523 1473 etiam
2554 1418 2811 1473 virtutum
2844 1420 3055 1473 flamma
3083 1427 3353 1484 coruscat,

2060 1508 2206 1565 Dona
2233 1509 2374 1581 quod
2397 1508 2669 1579 obsequiis
2693 1524 2821 1565 crux
2850 1520 3000 1580 parat
3028 1513 3141 1579 ipsa
3168 1512 3298 1564 suis.

1990 1622 2231 1692 Denique
2252 1633 2433 1676 sancta
2457 1621 2601 1675 cruci
2628 1620 2743 1677 hac
2768 1622 2965 1690 templa
2995 1621 3284 1690 Gregorius
3309 1622 3489 1690 oll'ert.

2065 1714 2199 1768 Dum
2223 1714 2385 1781 pallas
2417 1722 2442 1759 ι
2468 1710 2694 1780 ceperit,
2726 1714 2875 1782 signa
2903 1710 2930 1748 ιι
2961 1713 3198 1782 gerendo
3224 1710 3422 1768 crucis.

1918 1842 1967 1904 Β
1999 1825 2144 1879 Dona
2173 1833 2392 1890 repente
2419 1824 2566 1877 dedit
2585 1821 2763 1878 divina
2797 1823 3030 1890 potentia
3054 1821 3330 1889 Christus,

2067 1918 2187 1974 Mox
2220 1916 2316 1971 fuit
2346 1927 2402 1972 et
2422 1917 2531 1971 vnti
2560 1931 2719 1971 causa
2746 1926 2928 1970 secuta
2955 1916 3045 1984 pii.

1995 2030 2157 2087 Pallia
2184 2046 2304 2085 nam
2333 2033 2549 2093 meruit,
2574 2038 2698 2084 sunt
2722 2044 2840 2100 quae
2868 2045 3031 2085 cruce
3058 2028 3218 2085 tcxile
3240 2027 3483 2098 pulchra,

2065 2122 2452 2192 Obsequiisque
2476 2122 2588 2177 suis
2615 2138 2746 2177 crux
2781 2122 2935 2178 hbet
2960 2122 3099 2175 alma
3131 2134 3340 2177 cruces.

1996 2276 2160 2347 rietes
2189 2275 2456 2347 insigniri,
2486 2292 2550 2331 ac
2577 2277 2742 2332 velari
2770 2277 3013 2333 solebant
3038 2294 3053 2329 τ
3077 2292 3305 2345 quorum
3332 2274 3579 2332 meminit

1995 2346 2152 2411 Grex.
2188 2346 2414 2412 Turon.,
2456 2347 2548 2401 ιίιν.
2585 2348 2649 2403 de
2676 2347 2857 2402 Mirae.
2885 2349 3057 2403 sancti
3089 2348 3313 2411 luliani,
3337 2363 3459 2416 cap.
3481 2346 3573 2411 26,

1999 2418 2085 2488 ubi
2115 2427 2299 2471 narrat
2330 2418 2499 2473 iurent
2523 2419 2804 2487 quemdam
2828 2419 3129 2488 ingressum
3153 2418 3429 2473 basilicam
3454 2432 3571 2473 san-

1996 2487 2068 2559 cti
2095 2488 2310 2551 luliani,
2334 2500 2495 2543 noctu
2522 2490 2763 2542 eamdem
2785 2487 3134 2556 compilasse;
3161 2490 3573 2559 detractamque,

1998 2558 2189 2625 inquit,
2220 2576 2252 2609 a
2282 2574 2480 2611 artiums
2508 2576 2661 2612 unum
2702 2561 2911 2628 gemmis
2956 2560 3342 2614 coruscantibus
3365 2558 3573 2628 crucem

1996 2634 2063 2681 ad
2090 2639 2279 2681 terram
2322 2630 2521 2699 deiecit,
2551 2626 2876 2695 collectisque
2914 2630 3112 2699 ululis,
3141 2645 3205 2682 ac
3233 2626 3482 2697 palliolis,
3512 2628 3581 2683 de

1996 2700 2209 2770 circuitu
2256 2704 2504 2766 parirlum
2557 2702 3091 2770 pcndentibus,unum
3114 2699 3376 2756 volucrum
3423 2700 3571 2770 facit.

2001 2767 2221 2824 Videtur
2270 2771 2446 2838 itaque
2493 2767 2651 2840 Grcg.
2702 2770 2964 2837 ejitsmodi
3016 2771 3203 2826 velnlis
3247 2787 3311 2826 ac
3343 2767 3572 2840 palliolis

1997 2841 2217 2911 oratorii
2249 2839 2389 2895 illius
2418 2839 2621 2897 'l'urun.
2653 2844 2884 2911 parietes
2912 2856 3228 2907 exornasse,
3252 2857 3371 2910 qua:
3398 2839 3575 2911 cruci-

1999 2910 2098 2964 bus
2120 2911 2394 2975 texilibus,
2421 2909 2740 2978 aliisquc’ad
2774 2915 3006 2980 speciem
3032 2923 3085 2967 et
3113 2922 3363 2967 ornatum
3392 2909 3575 2979 eperi~

1998 2980 2115 3045 bus,
2141 2982 2277 3050 picta
2308 2990 2509 3051 essent,
2536 2991 2696 3050 atque
2726 2981 3083 3048 interstincta,
3113 2982 3270 3051 idque
3298 2997 3365 3051 eo
3387 2993 3571 3051 versu.

1996 3066 2156 3119 quem
2205 3050 2451 3117 superius
2506 3052 2704 3118 retuli,
2738 3052 2861 3108 licet
2909 3052 3209 3119 obscurius,
3241 3050 3493 3117 indicari,
3516 3058 3575 3106 ut

1996 3120 2134 3184 disi,
2154 3122 2499 3176 crediderim.

390 3198 414 3227 ⁸
449 3190 591 3247 Edit.
615 3191 757 3266 Ven.
781 3233 801 3260 ,
831 3194 1035 3266 litaeque
1062 3195 1218 3266 modo
1247 3196 1449 3250 mundi.
1494 3194 1638 3251 Edit.
1676 3196 1847 3253 Paris.
1869 3238 1887 3266 ,
1913 3195 1966 3264 ο
2066 3192 2196 3260 Qua:
2217 3206 2346 3247 vero
2369 3200 2664 3262 sequuntur
2690 3212 2703 3248 :

312 3260 427 3336 hac
447 3264 675 3336 quando.
705 3265 758 3319 in
788 3262 1045 3336 margine,
1066 3265 1330 3336 quoniam.

391 3331 412 3371 ι
443 3331 587 3389 Edit.
611 3332 807 3400 Paris.,
836 3331 934 3386 hoc
960 3331 1112 3398 opai.

387 3412 415 3450 II
444 3400 589 3476 Edit.
621 3405 777 3471 Ven.,
797 3404 961 3476 pallia
988 3405 1111 3460 dum
1140 3406 1352 3475 ceperit.
1378 3405 1437 3461 In
1460 3422 1566 3464 uno
1585 3406 1718 3463 Cod.
1740 3407 1888 3476 Vat.,

311 3476 437 3545 dum
462 3475 604 3545 palla
630 3475 840 3545 ceperit.

385 3543 412 3581 δ
444 3543 725 3601 Broweru's
744 3555 931 3599 :estuat
960 3546 1245 3614 plurimum
1277 3546 1328 3601 in
1368 3545 1470 3605 hoc
1507 3547 1890 3605 obscurissimo

314 3615 433 3690 loco
452 3616 787 3690 explicando.
816 3618 891 3670 Eo
918 3625 1093 3673 tamen
1124 3618 1419 3688 propendct
1441 3657 1459 3686 ,
1500 3628 1558 3674 ut
1584 3622 1766 3676 credat
1794 3636 1890 3690 per

314 3686 458 3741 hunc
476 3686 795 3742 versiculum
826 3701 845 3744 :

499 3776 626 3828 Dum
650 3777 800 3841 pallas
819 3782 1028 3843 ceperit,
1052 3781 1193 3845 signa
1213 3784 1438 3845 gerendo
1460 3784 1644 3845 crucis,

311 3863 399 3949 vel
425 3878 517 3918 eas
538 3864 710 3949 pallas
735 3863 959 3949 indicari
983 3866 1175 3949 quibus
1196 3877 1441 3949 contect‘a
1462 3867 1634 3949 fuerat
1660 3871 1794 3939 palla
1818 3872 1887 3927 ab

314 3933 701 4006 Hierosolymis
729 3935 934 4006 delata,
951 3933 1324 3992 miraculorum
1353 3937 1610 4006 effectrix,
1633 3933 1725 3994 a'ut
1753 3951 1889 3996 tem-

316 4004 465 4070 plum
496 4004 701 4077 ipsum,
732 4005 880 4075 quod
903 4005 1190 4076 Gregorius
1219 4008 1271 4061 in
1301 4008 1420 4076 ejus
1450 4004 1602 4077 palla
1630 4010 1886 4065 honorem

312 4079 369 4130 et
415 4074 728 4129 memoriam
768 4074 1036 4147 erexerat,
1080 4092 1186 4147 quo
1222 4074 1559 4134 condita-illa
1584 4120 1600 4146 ,
1638 4096 1703 4135 ac
1726 4083 1887 4138 veluti

310 4154 566 4221 cooperta
605 4155 851 4221 tectaque
885 4145 1221 4221 iiterat."Hoc
1259 4157 1437 4203 autem
1479 4145 1735 4221 templum
1756 4192 1773 4219 ,
1802 4154 1887 4209 vel

311 4218 605 4270 oratorium
626 4230 653 4290 εξ
685 4215 944 4290 Gregorio
970 4218 1273 4290 dedicatum
1297 4221 1457 4274 inisse
1477 4215 1767 4290 opinatur,
1784 4238 1886 4277 an-

313 4296 528 4355 tequam
569 4286 854 4355 episcopus
882 4287 1213 4344 Turonensis
1253 4286 1546 4347 crearetur.
1588 4286 1756 4348 Deum
1787 4292 1888 4348 ita-

310 4355 960 4428 qucgejusdempietatem
988 4374 1053 4413 ac
1095 4359 1403 4428 religionem
1450 4360 1502 4415 iu
1530 4377 1694 4419 cruce
1722 4365 1887 4418 deco-

310 4426 478 4502 randa
506 4432 629 4502 noti
671 4427 813 4483 illius
848 4430 1027 4497 operis
1060 4426 1374 4494 molitione.
1415 4446 1639 4488 ornasse
1678 4436 1887 4502 episco-

314 4498 429 4575 pali
445 4498 628 4563 pallio,
656 4502 738 4553 cui
764 4515 1038 4567 purpureae
1063 4515 1250 4557 cruces
1275 4510 1429 4556 erant
1450 4502 1689 4572 intextae,
1714 4498 1884 4575 idque

309 4569 588 4623 declarare
615 4580 901 4640 sequentes
931 4585 1115 4625 versus
1144 4587 1160 4625 :

434 4680 572 4750 Dona
597 4690 807 4750 repente
824 4683 961 4750 dedit
983 4686 1144 4735 divina
1168 4689 1384 4746 potentia
1408 4684 1645 4750 Christus,

498 4744 608 4810 biox
628 4744 716 4795 fuit
740 4754 792 4795 et
816 4748 912 4810 voti
936 4760 1081 4795 causa
1096 4744 1263 4797 secuta
1293 4750 1373 4810 pii.

438 4806 589 4875 Pallia
615 4820 729 4875 nam
744 4808 952 4875 meruit,
962 4816 1075 4858 sunt
1093 4822 1203 4875 quae
1215 4806 1365 4875 cruce
1389 4812 1543 4861 texile
1561 4811 1781 4875 pulchra,

497 4870 858 4938 obsequiisque
878 4872 985 4938 suis
1005 4870 1121 4919 crux
1149 4873 1443 4938 habetalma
1466 4870 1660 4938 cruces,

434 4930 602 5000 Serica
625 4943 735 5000 quia
758 4934 916 5000 niveis
936 4940 1050 4981 sunt
1070 4944 1253 5000 agriava
1279 4934 1460 4984 blattea
1480 4936 1610 5000 telis,

500 4992 558 5040 Et
582 4994 735 5041 teXtis
756 4993 980 5043 crucibus
1000 4992 1334 5054 magniﬁcatur
1354 5010 1499 5059 opus.

387 5079 473 5140 At,
498 5076 541 5129 si
567 5075 694 5147 licet
715 5077 1041 5145 conjecturae
1062 5077 1262 5147 aliquid
1280 5079 1361 5132 vel
1384 5095 1414 5134 a
1437 5094 1526 5136 me
1545 5080 1597 5137 in
1620 5095 1680 5137 re
1700 5080 1893 5137 obscu-

309 5146 742 5222 ri_ssima_ail‘erri_
763 5149 934 5222 (quod
967 5146 1340 5222 tamentotnm
1366 5153 1717 5206 eruditiorum
1742 5152 1892 5222 judi-

312 5218 400 5293 cio
430 5217 637 5293 penitus
665 5220 943 5293 submitte,
966 5228 1133 5293 atque
1160 5220 1553 5293 decernendum
1582 5217 1826 5293 relinquo
1842 5226 1884 5293 ),

308 5287 520 5342 videtur
546 5286 828 5361 dicendum
853 5287 1013 5361 Greg.
1039 5286 1167 5343 Tur.
1206 5291 1332 5345 illud
1362 5305 1518 5347 suum
1549 5293 1690 5361 apud
1720 5286 1892 5350 Turo-

312 5366 427 5431 nes'
451 5360 750 5431 oratorium
778 5361 832 5414 in
858 5360 1111 5416 honorem
1132 5361 1346 5431 quidem
1376 5360 1772 5419 sanctaicrucis
1791 5365 1890 5419 ob-

313 5427 532 5500 tulisse,
564 5444 627 5483 ac
653 5429 965 5495 dedicasse;
996 5439 1084 5483 aut
1116 5427 1417 5486 dedicatum
1438 5434 1569 5500 iam,
1598 5435 1750 5489 novis
1775 5451 1892 5490 mu-

312 5499 530 5625 riiaribus
554 5502 771 5557 auxisse
794 5540 814 5570 ,
853 5509 909 5556 et
928 5516 1253 5567 exornasse;
1280 5499 1529 5574 quocirca
1559 5506 1889 5562 versiculum

312 5584 329 5624 t
374 5585 462 5624 um
497 5588 510 5623 :

312 5584 462 5624 tuum
497 5588 510 5623 ε

437 5661 563 5712 Dum
582 5662 732 5724 pallas
747 5663 955 5725 ceperit,
969 5665 1108 5725 signa
1126 5663 1347 5728 gerendo
1370 5667 1550 5726 crucis,

310 5738 386 5819 ita
412 5742 743 5819 crediderim
775 5758 896 5800 csse
941 5745 1364 5819 intelligendum,
1396 5758 1456 5805 ut
1499 5750 1762 5819 pailarum
1792 5767 1890 5807 no-

314 5814 455 5871 tnine
481 5829 543 5871 ea
572 5815 941 5887 significentur
981 5814 1195 5889 pallibla
1224 5814 1417 5889 quibus
1447 5814 1766 5893 templorum
1796 5840 1886 5889 pa-

1916 4555 1974 4616 D

2117 3305 2254 3356 Dona
2275 3314 2483 3369 repente
2502 3307 2643 3359 dedit
2657 3309 2821 3360 divina
2845 3309 3060 3372 potentia
3084 3309 3323 3373 Christus

3114 3421 3265 3482 putat
3304 3413 3485 3469 Brotv.
3514 3420 3577 3470 et

1992 3429 2097 3468 non
2139 3414 2205 3469 ad
2239 3414 2454 3484 pallium
2496 3414 2974 3485 arctiiepiscopale.
3006 3427 3065 3472 ut

3184 3485 3377 3554 pallam
3424 3483 3574 3540 illam

1990 3499 2112 3540 cum
2155 3501 2223 3556 eo
2270 3485 2382 3549 alii,
2413 3485 2603 3540 referri
2652 3487 2818 3556 malo.
2850 3503 3010 3556 quam
3071 3487 3138 3540 ad

1992 3555 2369 3620 holosericam,
2399 3572 2555 3623 quam
2606 3554 2983 3611 miraculorum
3032 3557 3359 3613 ell‘ectricem
3408 3554 3576 3622 Greg.

1989 3626 2058 3679 ab
2083 3627 2285 3681 advena
2329 3626 2559 3695 quodam
2611 3641 2671 3682 se
2716 3629 2987 3691 accepisse
3030 3635 3255 3682 testatur
3277 3666 3295 3693 ,
3329 3626 3420 3681 lib.
3455 3639 3471 3679 l
3505 3625 3577 3680 do

1991 3697 2169 3779 Gloria
2213 3709 2504 3779 martyrum
2526 3736 2550 3779 ,_
2568 3712 2689 3779 cap.
2715 3699 2779 3779 6ι
2797 3713 2900 3779 qua
2950 3701 3085 3779 palla
3115 3710 3329 3779 crucem
3362 3695 3576 3779 Domini

1992 3765 2374 3838 Hierosolymis
2412 3768 2702 3821 involutam
2756 3765 2921 3823 fuisse
2954 3765 3051 3823 ille
3077 3766 3403 3822 affirmabat.
3450 3765 3578 3831 ilice

1992 3837 2258 3906 profecto,
2285 3850 2406 3905 quae
2436 3845 2513 3891 tot
2540 3839 2803 3891 claruerat
2829 3838 3100 3905 prodigiis,
3128 3838 3287 3906 digna
3311 3844 3431 3906 erat
3456 3852 3577 3903 quae

1991 3904 2093 3969 piis
2119 3904 2362 3975 Gregorii
2385 3908 2523 3961 votis
2553 3908 2603 3960 in
2630 3904 2875 3962 ornando
2898 3904 3132 3963 oratorio
3159 3904 3297 3976 apud
3321 3905 3570 3961 Turones

1990 3979 2041 4031 in
2075 3977 2335 4032 honorem
2363 3989 2563 4031 sancta:
2592 3980 2769 4035 crucis
2797 3981 3171 4046 responderet,
3194 3986 3250 4031 et
3272 3977 3361 4032 illa
3389 3986 3574 4031 essent

1988 4049 2127 4103 dona
2158 4064 2277 4117 qua:
2304 4049 2448 4102 daret
2470 4048 2644 4104 divina
2669 4051 2896 4118 potentia
2920 4048 3174 4104 Christus.
3209 4047 3353 4103 Sane
3392 4060 3578 4102 versus

1988 4120 2080 4193 qui
2096 4130 2508 4193 consequuntur
2535 4121 2779 4193 eamdem
2815 4136 2931 4177 rem
2956 4121 3279 4177 conﬁrmare
3302 4118 3577 4186 videntur,

1989 4190 2187 4261 quibus
2214 4191 2291 4244 ait
2318 4189 2683 4246 Fortunatus:

2113 4301 2197 4365 Sic
2217 4304 2316 4352 cito
2333 4301 2544 4365 pontiﬁci
2566 4301 2704 4352 dedit
2723 4304 2899 4354 devota
2922 4302 3162 4359 voluntas.

2172 4364 2517 4429 Atquedicata
2539 4366 2697 4429 cruci,
2717 4366 2907 4429 condita
2932 4365 3041 4417 vela
3067 4364 3260 4429 placent

2116 4424 2267 4475 Unde‘
2279 4425 2542 4488 salutifero,
2553 4424 2696 4488 signo
2715 4427 2825 4484 tibi,
2843 4427 2979 4477 clare
2995 4424 3244 4485 sacerdos.

2174 4489 2279 4538 Hoc
2296 4489 2373 4537 cui
2394 4486 2703 4551 comitiacult,
2724 4488 2934 4539 reddere
2953 4502 3130 4553 magna
3150 4490 3297 4542 valet.

2064 4614 2195 4682 Qum
2232 4629 2361 4670 sane
2404 4615 2671 4685 quomodo
2696 4624 2819 4682 apte
2860 4617 2925 4671 ad
2958 4617 3173 4685 pallium
3205 4615 3573 4686 archiepisco—

1994 4687 2114 4754 pale
2135 4686 2321 4740 referri
2347 4694 2401 4742 et
2428 4688 2822 4742 accommodari
2849 4689 3054 4755 possint
3084 4703 3189 4741 non
3222 4687 3403 4743 video.
3430 4687 3575 4741 Nihil

1990 4766 2170 4812 autem
2221 4758 2563 4812 verisimilius
2606 4772 2766 4826 quam
2813 4768 2869 4811 ut
2919 4757 3035 4812 base
3084 4758 3386 4813 boloserica
3433 4758 3576 4826 palla

1993 4826 2270 4884 textilibus
2297 4828 2547 4883 crucibus
2592 4843 2688 4895 pro
2734 4842 2801 4882 eo
2841 4828 2925 4882 cui
2960 4828 3274 4883 inservierat
3300 4842 3401 4883 usu
3428 4836 3578 4883 esset

1990 4897 2155 4967 picta,
2179 4908 2339 4965 atque
2387 4898 2661 4961 distincta,
2689 4914 2874 4968 emque
2900 4911 3090 4953 cruces
3129 4908 3185 4954 et
3211 4914 3480 4968 purpureo
3517 4907 3577 4953 et

1991 4968 2220 5025 candido
2251 4970 2435 5023 colore
2461 4977 2643 5024 essent
2669 4969 2961 5039 permistze,
2992 4969 3135 5040 quod
3159 4969 3395 5027 indicare
3423 4969 3575 5026 vide-

1992 5048 2079 5094 tur
2105 5054 2337 5110 sequens
2364 5054 2587 5095 versus:

2111 5151 2279 5201 Serica
2301 5164 2413 5214 qua
2436 5153 2596 5203 niveis
2615 5162 2731 5202 sunt
2752 5164 2937 5215 agnava
2955 5152 3137 5205 blattea
3159 5153 3295 5205 tells.

2064 5256 2177 5311 Etsi
2230 5255 2318 5310 hic
2365 5271 2555 5311 versus
2601 5257 2957 5326 pcrobscurus
3003 5258 3195 5313 evadat
3240 5258 3475 5313 maxime
3504 5273 3573 5313 ex

1991 5324 2336 5400 ignoratione
2350 5330 2587 5398 germani
2606 5324 2833 5393 sensus,
2862 5331 2950 5397 qui
2982 5330 3165 5385 subest
3196 5329 3312 5384 voci
3340 5346 3570 5400 agnava.

1989 5398 2122 5471 18am
2144 5398 2285 5467 quod
2316 5398 2601 5471 Brovverus
2620 5409 2803 5455 censet
2824 5414 3007 5455 vocem
3036 5416 3237 5471 agnava
3264 5416 3361 5467 pro
3380 5398 3569 5456 Graeca

1991 5466 2483 5545 amputtsurpuri,
2527 5485 2650 5545 non‘
2684 5472 2871 5545 probo.
2918 5466 3156 5545 Quini-ei
3210 5466 3315 5526 vox
3365 5471 3573 5545 isti.ch

1992 5539 2182 5613 palam,
2206 5542 2493 5613 Grmca._a
2538 5539 2739 5595 Latinis
2770 5540 3193 5613 (quodquidem
3240 5557 3341 5613 ego
3381 5542 3574 5613 sciam)

1993 5625 2088 5681 nsu
2121 5612 2239 5664 trita
2282 5625 2388 5664 non
2417 5611 2509 5673 sit,
2538 5623 2597 5681 et
2638 5626 2831 5665 sensus
2870 5612 2963 5681 qui
3000 5611 3185 5667 eidem
3230 5611 3418 5668 subest
3447 5611 3573 5666 huic

1991 5679 2115 5754 loco
2135 5681 2351 5735 minimc
2375 5680 2711 5754 respondeat.
2731 5679 2960 5754 ’Δαριαῄ
2984 5684 3130 5739 enim
3161 5684 3300 5739 idem
3329 5691 3486 5738 sonat
3510 5697 3576 5737 ac

1990 5750 2200 5825 minime
2222 5762 2443 5822 purgata
2469 5768 2501 5806 ι
2527 5752 2742 5825 fullone.
2794 5750 3000 5809 Mallem
3038 5754 3227 5825 itaque
3259 5754 3439 5824 legere
3466 5754 3537 5807 ad
3554 5779 3577 5794 -

1991 5821 2121 5885 dita,
2151 5822 2250 5877 nisi
2284 5838 2499 5881 vererer
2531 5824 2647 5879 voci
2680 5825 2897 5880 nimiam
2927 5821 3289 5881 vim'inicrre.
