4066 6150
387 257 482 321 ιιι

1543 260 1807 320 COSME
1850 253 2472 319 INDlCOPLEUSTIE

3547 248 3644 309 Αίῗῖ

1379 408 1659 472 ΡΒΙΜᾹΞ
1729 407 2071 468 ΤΑΒΙΙΕᾸΞ
2137 406 2658 468 EXPLICA'I‘IO.

460 546 513 601 l.
554 542 611 599 In
647 544 823 615 prima
873 545 1064 611 ligura,
1111 540 1353 611 3180-3113,
1387 553 1501 594 srve
1545 538 1781 600 Ἀδοὺλις
1811 536 1965 603 urbs,

389 642 538 701 (.vam
576 646 809 706 utroque
844 634 1006 689 modo
1032 642 1258 687 vocatur
1283 648 1310 684 a
1366 630 1590 696 Cosma)
1622 629 1913 684 exhibetur
1950 646 1964 683 :

389 745 512 797 qua:
540 728 868 784 milliarihus
907 725 1124 780 duobus
1151 739 1180 776 a
1214 722 1402 778 Rubro
1454 723 1591 774 mari
1630 720 1867 782 distans,
1897 717 1965 773 ad

389 824 657 879 orientem
688 818 917 874 Asutnis
957 818 1058 873 sita
1093 825 1227 870 erat.
1271 815 1451 880 Quare
1502 811 1758 881 Ethiops
1807 810 1966 867 Aduli

391 913 625 967 Axumin
659 912 761 966 iter
816 907 1022 963 habens
1069 903 1387 973 Aitltiopico
1416 902 1567 957 cultu
1634 898 1967 970 depingitur.

393 1007 537 1062 Sella
569 1004 765 1061 deinde
796 1000 1148 1063 Ptolemaica,
1180 1011 1289 1068 qua
1320 996 1494 1051 forma
1520 994 1693 1051 fuisse
1718 1002 1973 1048 narratur

390 1115 422 1153 a
457 1098 681 1162 Cosma,
714 1096 1039 1150 delineatur.
1081 1090 1157 1146 Ea
1195 1106 1325 1146 vero
1380 1090 1625 1161 undique
1657 1086 1854 1144 litteris
1885 1085 1974 1141 iu-

391 1192 606 1261 sculpta
644 1202 977 1260 posuemam
1033 1193 1244 1239 tantum
1310 1182 1689 1253 inscriptionis
1757 1190 1967 1260 partem

393 1282 661 1351 adiectam
694 1279 949 1334 habebat.
994 1276 1284 1347 Inscriptio
1320 1285 1502 1330 autem
1531 1274 1641 1339 illa,
1674 1273 1729 1328 in
1762 1272 1974 1343 lapidea

395 1376 578 1430 tabula
617 1390 652 1429 ο
678 1372 898 1444 regione
931 1371 1110 1442 posita
1154 1369 1534 1432 inchoabatur,
1567 1365 1727 1434 cuius
1762 1366 1833 1421 ab
1863 1365 1971 1420 ima

395 1477 550 1538 parte
589 1466 884 1522 frustulum
938 1480 1063 1520 eum
1098 1462 1295 1519 litteris
1339 1460 1633 1516 exciderat.
1669 1456 1845 1528 Supra
1892 1457 1973 1510 la-

395 1560 609 1629 pideam
644 1558 884 1612 tabulam
910 1571 1005 1610 res
1036 1555 1151 1624 ipse
1192 1553 1519 1608 Ptolemazus
1545 1548 1837 1620 Evergetes
1866 1548 1975 1603 mi-

398 1650 539 1705 litari
560 1648 708 1704 cultu
740 1646 1072 1716 depingitur,
1104 1654 1164 1699 ut
1194 1644 1249 1699 in
1271 1642 1460 1699 codice
1493 1650 1791 1711 comparet.
1849 1637 1976 1695 Haec

398 1739 573 1796 iusius
596 1737 863 1808 explicata
896 1736 1097 1793 videsis
1127 1735 1233 1790 col.
1266 1732 1377 1788 102
1403 1745 1457 1789 et
1479 1748 1636 1802 seqq.

466 1828 523 1886 2.
558 1829 615 1884 in
641 1829 878 1884 secunda
902 1826 991 1897 ης.
1010 1824 1132 1881 caeli
1155 1837 1422 1893 terrreqne
1454 1824 1629 1879 forma
1646 1823 1979 1890 delineatur,

397 1925 701 1982 secundum
734 1920 949 1979 Cosma:
973 1930 1027 1975 et
1058 1931 1300 1977 veterum
1356 1918 1583 1975 Patrum
1615 1918 1973 1991 opinionem:

396 2016 491 2087 qui
525 2015 791 2087 putabant
828 2029 1053 2079 terram,
1098 2015 1260 2085 quasi
1311 2015 1679 2084 pavimentum
1721 2013 1977 2070 substra-

398 2120 534 2174 tam,
582 2106 759 2162 muris
792 2106 1035 2177 undique
1067 2106 1272 2173 claudi,
1327 2108 1585 2177 ipsosque
1649 2121 1841 2162 muros
1904 2105 1974 2162 ad

402 2199 723 2255 immensam
758 2213 936 2269 usque
967 2197 1358 2253 sublimitatem
1389 2207 1626 2266 erectos,
1650 2198 1872 2253 demum
1920 2196 1976 2252 in

401 2292 627 2347 fornicis
668 2305 875 2345 morem
922 2290 1195 2356 convolvi,
1259 2291 1776 2361 ﬁrmamentumque
1834 2290 1976 2361 parti

402 2383 480 2436 illi
504 2384 561 2438 in
587 2382 849 2438 fornicem
873 2382 1161 2452 iastigiata:
1189 2383 1490 2448 substerni,
1519 2382 1591 2437 ita
1630 2392 1685 2437 ut
1720 2382 1809 2436 illa
1845 2380 1980 2436 bea-

402 2485 584 2530 torum
614 2475 772 2530 sedes
798 2485 962 2543 esset.
1008 2476 1123 2530 Sub
1153 2476 1499 2531 ﬁrmamento
1557 2486 1739 2531 autem
1780 2477 1974 2538 solum,

402 2568 588 2622 lunam
620 2578 673 2620 et
696 2576 845 2622 astra
883 2568 1087 2622 moveri
1120 2568 1409 2638 putabant,
1444 2578 1798 2638 montemque
1821 2566 1979 2622 coni-

399 2673 531 2713 cum
558 2656 819 2713 inmanis
850 2657 1153 2713 altitudinis
1186 2658 1241 2712 in
1272 2656 1792 2727 septentrionalibus
1819 2666 1980 2712 terra:

402 2748 651 2815 partibus
681 2750 821 2821 erigi
861 2764 965 2805 :ac
996 2750 1087 2805 ubi
1127 2749 1231 2823 sol,
1281 2750 1603 2807 circularem
1654 2763 1818 2820 supra
1867 2756 1980 2803 ter—

404 2858 767 2904 ramcucsum
820 2844 1106 2914 peragens,
1156 2857 1298 2915 pone
1355 2852 1595 2899 montem
1645 2853 1812 2905 esset,
1850 2852 1981 2898 tunc

400 2944 619 2992 noctem
652 2936 967 2992 hominibus
994 2937 1579 2993 terramincolentibus
1594 2952 1758 3002 esse;
1790 2944 1980 2992 contra

402 3027 841 3085 verodiemesse
869 3044 995 3083 cum
1030 3027 1110 3084 sol
1160 3043 1229 3082 ex
1281 3026 1509 3084 adversa
1560 3027 1720 3082 nobis
1779 3027 1983 3082 montis

404 3128 561 3187 parte
591 3119 799 3174 limaret
835 3138 849 3173 :
893 3134 957 3175 ac
982 3119 1234 3175 similiter
1263 3120 1329 3174 de
1360 3121 1486 3175 luna
1519 3130 1574 3175 et
1607 3118 1781 3176 stellis
1813 3119 1983 3174 ratio-

401 3210 621 3265 einatur
648 3210 905 3266 Cosmas.
946 3210 1080 3266 Vide
1129 3211 1239 3266 col.
1282 3211 1378 3265 ΠΙ
1414 3221 1469 3266 et
1502 3225 1654 3281 seqq.
1909 3208 1913 3212 ’

475 3301 597 3373 Flg.
624 3302 677 3359 3.
707 3305 971 3367 universi,
1011 3304 1260 3360 videlicet
1287 3305 1409 3361 cceli
1445 3316 1709 3374 terrreque
1750 3318 1978 3375 prospe-

403 3406 575 3462 ctum,
602 3412 711 3467 qua
743 3406 899 3467 parte
926 3397 1198 3453 strictiora
1231 3406 1357 3453 sunt
1385 3397 1603 3453 exhibet
1630 3416 1644 3451 :
1679 3412 1804 3453 nam
1830 3406 1980 3467 puta-

406 3489 502 3545 bat
526 3488 757 3545 Cosmas
785 3500 986 3545 terram
1016 3491 1282 3562 quadram
1314 3500 1367 3545 et
1394 3492 1686 3561 oblongum
1723 3506 1874 3557 esse;
1907 3492 1980 3547 ita

408 3593 468 3637 ut
490 3582 771 3653 longitudo
796 3582 1135 3637 latitudinem
1160 3583 1336 3638 media
1364 3584 1448 3637 sui
1478 3593 1632 3653 parte
1660 3590 1943 3653 superaret
1968 3602 1980 3637 :

405 3672 707 3743 eodemque
739 3672 901 3730 modo
932 3675 1000 3730 de
1022 3676 1163 3730 crelo
1196 3675 1542 3745 opinabatur.
1577 3674 1711 3729 Vide
1742 3675 1875 3729 ibid.

477 3763 519 3818 ε’
524 3764 598 3834 ig.
625 3765 680 3819 ι.
699 3763 936 3819 Montem
962 3767 1213 3822 conicum
1237 3776 1289 3822 et
1310 3776 1531 3832 terram,
1554 3768 1792 3838 itemque
1812 3767 1982 3823 solem

405 3864 464 3913 et
502 3857 687 3912 lunam
720 3858 826 3913 sub
847 3860 1191 3914 ﬁrmamento
1233 3870 1605 3929 repraesentat.
1644 3859 1684 3913 Ε
1718 3860 1983 3915 lateribus

408 3965 536 4004 vero
564 3949 851 4003 columnas
872 3951 1019 4012 cteli.
1059 3965 1182 4004 cum
1211 3951 1565 4020 inscriptione
1601 3950 1655 4005 in
1686 3950 1983 4019 exemplari

410 4042 607 4111 posita,
645 4043 695 4094 oi
732 4041 917 4096 στύλοι
951 4042 1046 4097 τοῦ
1091 4043 1348 4112 οὐρανοῦ,
1380 4045 1638 4099 columna:
1664 4044 1803 4099 ccli.
1836 4042 1985 4111 Quas

407 4134 698 4189 columnas
722 4135 1022 4191 secundum
1052 4136 1263 4190 Cosnra:
1312 4136 1636 4191 sententiam
1676 4151 1799 4192 esse
1838 4136 1986 4191 arbi-

410 4241 524 4279 tror
560 4241 747 4280 muros
778 4228 897 4283 illos
947 4230 1040 4298 qui
1077 4247 1107 4281 ις
1136 4228 1399 4284 lateribus
1426 4244 1457 4284 a
1490 4239 1634 4284 terra
1696 4229 1763 4283 ad
1808 4242 1986 4301 usque

415 4322 536 4376 cadi
569 4321 834 4377 fornicem
868 4324 1174 4393 eriguntur.

482 4412 599 4484 Fig.
631 4414 685 4466 5.
716 4423 872 4470 terra
910 4416 1197 4485 vestigium
1234 4423 1288 4471 et
1322 4416 1701 4487 εχνογριφιαν,
1750 4417 2024 4485 complec-

412 4508 563 4561 titur.
602 4504 703 4561 Ubi
759 4508 1009 4562 advertas
1055 4510 1361 4577 conjectare
1408 4508 1686 4573 Casinam,
1745 4518 1984 4564 montem

415 4600 565 4653 illum
595 4599 847 4653 conicum
874 4600 1179 4667 praealtum,
1227 4600 1459 4661 oﬂicere,
1492 4616 1605 4669 quo
1633 4600 1814 4655 minus
1841 4611 1987 4655 terra

415 4701 599 4748 nostra
638 4706 669 4744 a
703 4701 853 4759 parte
880 4692 1296 4760 septentrionali
1328 4700 1470 4745 recta
1494 4691 1637 4745 linea
1660 4691 1983 4754 claudatur;

414 4784 543 4851 quia
572 4783 785 4838 radices
812 4784 953 4852 eius.
1012 4801 1075 4836 ex
1129 4784 1221 4838 illo
1272 4784 1440 4838 latere
1494 4785 1763 4849 rotundze,
1825 4786 1984 4854 quasi

417 4891 672 4942 ritagnum
705 4876 1142 4945 promontorium
1167 4876 1219 4928 in
1246 4873 1467 4929 Oceano
1489 4875 1750 4929 ellicinnt.

489 4970 603 5041 Fig.
647 4970 699 5025 6.
750 4972 938 5025 rudem
963 4971 1183 5026 exhibet
1230 4981 1386 5025 terra:
1433 4972 1733 5041 planitiem,
1769 4972 1986 5041 qualem

2077 534 2278 604 passim
2326 532 2563 591 Cosmus
2621 532 2880 603 explicui.
2930 530 3067 586 Nam
3125 532 3353 602 putabat
3419 529 3531 597 ille,
3590 540 3647 586 ut

2074 643 2240 699 supra
2286 628 2552 696 diximus,
2608 638 2807 684 terram
2837 626 3128 695 oblongam
3166 640 3312 691 esse,
3362 639 3428 679 ac
3481 623 3646 695 duplo

2074 722 2281 791 majore
2305 720 2647 791 longitudine
2673 734 2841 791 quam
2891 717 3181 774 latitudine
3206 729 3224 772 :
3255 713 3647 787 Oceanumque

2074 816 2389 869 universam
2434 821 2636 869 terram
2678 810 2911 878 ambire,
2957 820 3018 867 ut
3068 809 3159 865 hic
3197 817 3645 879 repra'sentatur.

2077 905 2231 962 Ultra
2259 904 2538 961 Oceanum
2569 920 2702 962 vero
2746 905 2911 960 aliam
2938 919 3063 962 esse
3120 914 3346 966 terram.
3405 905 3475 959 ad
3524 904 3651 960 ccli

2074 1011 2263 1055 muros
2324 998 2569 1069 undique
2637 1000 3055 1069 pertingentem.
3126 997 3185 1053 lu
3239 997 3412 1052 latere
3467 1011 3651 1054 autem

2073 1094 2329 1149 orientali
2370 1094 2539 1166 bujus
2557 1094 2946 1150 transmarina:
2974 1103 3158 1159 terra,
3178 1092 3455 1148 hominem
3497 1106 3652 1148 crea-

2075 1196 2194 1243 tum
2224 1186 2398 1244 fuisse
2432 1186 2758 1250 arbitratur.
2788 1200 2856 1242 ac
2903 1184 3108 1241 ibidem
3156 1183 3472 1257 paradisum
3498 1185 3655 1239 voluo

2076 1281 2243 1351 ptatis
2273 1294 2399 1337 esse
2430 1280 2621 1345 situm,
2667 1278 2848 1349 qualis
2880 1277 2972 1334 hic
3022 1276 3093 1332 ad
3144 1274 3466 1333 orientalem
3496 1291 3654 1333 oram

2072 1372 2461 1429 describitur:
2494 1387 2560 1428 es
2613 1370 2871 1443 paradiso
2927 1369 3116 1441 pulsos
3162 1368 3371 1441 primos
3400 1376 3659 1440 parentes

2076 1466 2144 1521 ad
2176 1465 2463 1522 ﬁnitimam
2514 1474 2737 1530 terram,
2784 1466 2851 1520 ad
2902 1478 3058 1519 oram
3088 1463 3260 1520 maris
3305 1462 3563 1533 positam,
3591 1475 3661 1517 se

2076 1561 2370 1632 recepisse.
2411 1559 2550 1615 Ilinc
2574 1557 2989 1629 superveniente
3010 1558 3219 1613 diluvio
3232 1554 3349 1612 Noe
3372 1571 3500 1611 cum
3526 1552 3659 1610 lliis

2078 1658 2132 1711 in
2168 1657 2310 1712 hanc
2335 1672 2501 1726 quam
2532 1654 2824 1711 incolimus
2877 1663 3079 1709 terram
3138 1665 3265 1708 area
3309 1651 3653 1720 deportatum

2082 1748 2272 1805 fu’sse.
2310 1745 2556 1814 Quatuor
2573 1744 2812 1817 paradisi
2853 1743 3076 1800 numina
3107 1745 3162 1798 iu
3186 1740 3442 1813 paradiso
3471 1750 3659 1798 scatu-

2081 1839 2302 1905 rientia,
2333 1836 2707 1894 subterraneis
2735 1835 3007 1891 meatibus
3051 1835 3271 1890 Oceano
3313 1832 3562 1904 traiecto,
3594 1832 3658 1888 in

2080 1933 2225 1989 hanc
2245 1940 2486 1987 nostram
2521 1937 2722 1986 terram
2775 1926 2906 1983 ferri
2946 1935 3221 1993 autumat,
3274 1939 3342 1982 ac
3379 1926 3544 1982 certis
3596 1924 3655 1979 in

2080 2024 2217 2080 locis
2247 2023 2430 2085 denuo
2456 2033 2765 2092 erumpere.
2816 2018 3133 2091 Hyrcanum
3156 2032 3290 2073 vero
3322 2032 3474 2074 mare
3499 2026 3663 2089 putat

2076 2113 2298 2172 Oceano
2335 2114 2489 2186 iungi
2523 2132 2537 2168 :
2571 2127 2715 2184 qua,
2765 2112 2845 2169 uti
2901 2112 3032 2167 alibi
3072 2109 3659 2177 eommoustravimus,

2076 2219 2322 2263 veterum
2351 2205 2716 2277 quorumdam
2740 2204 3011 2262 sententia
3030 2201 3157 2259 fuit.

2149 2297 2268 2369 Fig.
2296 2297 2352 2353 7.
2380 2298 2529 2353 illius
2583 2295 2711 2353 ereti
2759 2306 3030 2368 terraeque
3057 2294 3373 2365 compositi,
3398 2294 3566 2365 quod,
3595 2304 3659 2350 ut

2078 2402 2290 2448 veteres
2319 2391 2687 2457 aestimabant,
2714 2389 2904 2445 mundi
2930 2390 3240 2444 machinam
3274 2397 3444 2444 totam
3482 2390 3657 2447 conti.

2077 2485 2276 2549 ciebat,
2310 2483 2543 2539 formam
2574 2490 2947 2553 repraesentat,
2969 2496 3095 2536 cum
3127 2488 3313 2535 monte
3338 2478 3532 2534 eonico
3566 2492 3662 2534 su-

2078 2576 2263 2646 perius
2318 2583 2673 2630 memorato:
2723 2581 2927 2629 terram
2973 2580 3155 2627 autem
3203 2579 3449 2626 nostram
3488 2583 3660 2641 quam

2080 2668 2414 2735 habitamus,
2456 2666 2718 2723 devexam
2775 2679 2991 2747 semper
3057 2677 3092 2719 a
3165 2663 3534 2733 septentrione
3590 2657 3664 2716 ad

2082 2761 2366 2818 meridiem
2389 2775 2511 2818 esse
2553 2758 2781 2830 putabat
2807 2742 3038 2814 Cosmus
3081 2753 3394 2828 lgyptins.
3454 2752 3663 2810 Verum

2082 2854 2271 2925 objicit
2315 2852 2422 2910 sibi
2477 2850 2711 2908 Cosmas
2751 2850 2902 2917 :Qui
2947 2856 3128 2919 potest
3159 2848 3246 2902 illa
3284 2852 3435 2903 tanta
3484 2847 3663 2902 moles

2080 2948 2204 3002 εωιί
2228 2956 2281 3001 et
2312 2954 2475 3002 terra
2500 2944 2651 3001 nullo
2681 2944 2813 2998 nixa
2868 2950 3035 3007 stare,
3065 2941 3197 3013 quin
3213 2940 3281 2995 ad
3314 2939 3488 2994 imum
3511 2951 3664 2993 sem-

2083 3053 2179 3107 per
2232 3033 2606 3107 deprimatur?
2658 3032 2971 3105 Respondet
3018 3033 3159 3088 ille:
3192 3029 3363 3087 Terra
3412 3028 3664 3101 quidem.

2084 3136 2270 3198 utpote
2291 3136 2487 3181 natura
2513 3124 2696 3194 gravis
2733 3124 2901 3178 imum
2928 3121 3093 3192 petit;
3126 3122 3297 3193 ignea
3324 3132 3456 3173 vero
3479 3125 3668 3189 partes

2084 3234 2303 3276 sursum
2341 3217 2593 3273 tendunt.
2629 3216 2768 3271 Cum
2830 3215 2997 3285 igitur
3045 3214 3247 3270 corium
3284 3219 3342 3265 et
3381 3218 3528 3266 terra
3585 3209 3665 3265 ita

2083 3312 2376 3383 conjuncta
2408 3311 2520 3364 sint
2541 3319 2603 3364 ut
2623 3307 2804 3364 divelli
2840 3315 3109 3376 nequeant
3132 3322 3148 3371 ;
3178 3312 3234 3359 et
3248 3302 3391 3357 aliud
3415 3316 3668 3362 sursum,

2086 3407 2232 3463 aiiud
2253 3406 2508 3460 deorsum
2524 3403 2711 3458 tendat
2737 3421 2751 3456 :
2780 3411 2975 3456 neutro
2993 3398 3151 3456 alteri
3179 3396 3533 3463 concedente,
3553 3406 3667 3453 tota

2087 3498 2339 3554 marh‘na
2364 3496 2590 3549 immota
2627 3504 2684 3548 et
2713 3508 2979 3563 suspensa
3012 3499 3217 3547 manet.

2159 3588 2275 3659 Fig.
2316 3591 2369 3643 8.
2401 3597 2643 3642 montem
2671 3587 2924 3642 conicum
2953 3598 3019 3641 es
3074 3597 3264 3639 aversa
3316 3591 3475 3636 terra:
3507 3592 3668 3651 parte

2094 3688 2470 3751 reprasentat,
2509 3693 2621 3748 quo
2655 3692 2779 3733 cum
2833 3679 2914 3733 sol
2945 3675 3274 3748 pervenerit,
3316 3690 3421 3731 nos
3469 3674 3671 3730 incolis

2090 3785 2248 3828 terra:
2275 3771 2531 3827 elﬁcitur.
2569 3770 2771 3825 ibidem
2797 3779 2979 3825 autem
3021 3769 3181 3824 lineis
3225 3774 3490 3823 notantur
3528 3781 3670 3822 coo-

2090 3863 2372 3918 versiones
2391 3861 2548 3926 solis,
2589 3860 2733 3915 unde
2754 3860 2920 3914 varia:
2958 3858 3093 3914 ηιιιιι
3128 3859 3256 3913 anni
3291 3865 3669 3928 tempestates.

2090 3958 2229 4010 Cum
2259 3969 2392 4025 ergo
2442 3955 2527 4009 sol
2576 3954 2643 4008 ad
2684 3954 2925 4007 intimam
2983 3952 3184 4006 lineam
3232 3950 3499 4020 pervenit,
3550 3958 3673 4005 tum

2093 4048 2364 4118 longiores
2412 4054 2601 4101 noctes
2638 4055 2785 4112 sunt,
2834 4043 3003 4114 ﬁtque
3054 4042 3283 4098 hiberna
3332 4042 3462 4098 anni
3490 4045 3673 4114 τροπὴ

2091 4143 2206 4196 sive
2228 4139 2551 4207 conversio;
2580 4138 2663 4194 sol
2684 4152 2814 4193 vero
2833 4136 3095 4208 majorem
3120 4151 3317 4191 cursus
3344 4134 3431 4191 sui
3460 4143 3674 4205 partem

2090 4248 2237 4305 pone
2300 4241 2542 4288 montem
2582 4231 2819 4286 absolvit
2854 4247 2871 4285 :
2902 4243 3028 4285 cum
3058 4234 3243 4283 autem
3301 4226 3373 4283 ad
3427 4227 3672 4283 mediam

2092 4324 2295 4380 montis
2346 4324 2542 4379 lineam
2594 4322 2677 4377 sol
2730 4320 2998 4386 ascendit,
3068 4328 3201 4376 tunc
3270 4318 3675 4389 aqulnoctium

2091 4416 2353 4481 eﬂlcitur,
2408 4416 2604 4486 solque
2641 4428 2868 4469 cursum
2898 4426 3164 4483 peragens
3195 4426 3357 4467 suum
3388 4409 3457 4467 ad
3482 4410 3677 4481 aqui-

2094 4509 2381 4566 noctialem
2405 4508 2602 4563 lineam
2625 4506 2909 4577 pervenit:
2941 4520 3068 4560 eum
3095 4504 3329 4574 denique
3355 4502 3424 4559 ad
3469 4517 3672 4572 supre-

2094 4618 2237 4657 mam
2269 4601 2468 4656 lineam
2516 4600 2597 4653 sol
2640 4598 2922 4670 pertingit,
2962 4608 3094 4653 tunc
3135 4597 3324 4652 aestiva
3379 4596 3676 4651 conversio

2091 4696 2264 4758 adest,
2301 4703 2353 4749 et
2378 4694 2459 4748 sol
2494 4693 2560 4747 ad
2584 4708 2758 4761 usque
2792 4692 3065 4759 tropicum
3104 4691 3370 4760 pervenit.
3403 4688 3529 4744 llaec
3582 4704 3673 4743 se—

2094 4785 2331 4840 cundum
2365 4786 2578 4840 Casina:
2604 4784 2940 4853 opinionem,
2977 4783 3071 4853 qui
3119 4781 3506 4839 conversiones
3536 4781 3675 4836 solis

2096 4879 2181 4933 his
2202 4878 2425 4932 vocibus
2448 4877 2716 4947 designat.
2756 4876 2967 4945 μεγάλη
2995 4876 3114 4941 νὺξ,
3154 4875 3298 4947 μέση
3326 4874 3443 4940 νὺξ,
3496 4873 3675 4947 μικρὰ

2094 4971 2213 5036 νὺξ,
2240 4980 2298 5024 ιιι
2335 4970 2489 5023 vides
2518 4972 2570 5023 in
2603 4970 2805 5025 tabula.

1838 5130 2260 5142 .——.——_—..__.

1350 5236 1593 5296 SECUN
1608 5237 1731 5295 DE
1806 5234 2151 5295 TABULIE
2230 5232 2742 5293 lCXPLlCATIO.

492 5409 814 5462 Exterarum
842 5418 1279 5460 astronomornm
1308 5400 1643 5467 Opinionem,
1686 5410 1745 5451 ut
1797 5401 1993 5452 rel’utet

418 5500 670 5563 Cosmus,
723 5497 1032 5554 Ptolemnici
1082 5494 1387 5567 systcmatis
1451 5492 1517 5546 de
1570 5492 1710 5545 (mlo
1765 5494 1987 5557 ligurum

421 5595 681 5664 deiungit,
718 5607 839 5646 cum
872 5590 1151 5646 duodetim
1188 5588 1393 5645 zodiaci
1430 5586 1619 5655 signis,
1674 5585 1871 5638 additis
1922 5583 1987 5637 ad

2102 5398 2313 5465 singula
2354 5397 2623 5450 mensium
2659 5396 2971 5452 nominibus
2995 5392 3261 5464 Ᾰίιεςριίίε
3287 5405 3451 5463 atque
3471 5395 3679 5449 [torua-

2102 5490 2205 5544 nis.
2230 5488 2361 5541 Nam
2383 5490 2484 5541 etsi
2518 5500 2642 5543 ante
2688 5489 2965 5543 subactam
3000 5505 3029 5543 a
3064 5487 3325 5542 Romanis
3350 5486 3668 5559 Egyptum,

2098 5600 2275 5639 annus
2303 5583 2578 5653 popularis
2614 5581 2963 5653 [Egyptiacus
2991 5590 3250 5652 perpetuo
3276 5591 3576 5652 vagaretur,
3611 5588 3670 5632 ut
