4066 6150
390 255 496 319 4⁸23

388 372 481 438 qui
512 373 717 429 mensis
746 375 1042 446 aliquando
1062 382 1114 436 in
1146 384 1323 443 hieme
1354 395 1767 462 numerabatur,
1792 397 1961 452 inter-

385 465 734 556 currentibus
752 470 935 536 annis,
996 474 1051 529 in
1113 492 1261 545 vere,
1301 491 1511 550 aestate,
1538 497 1805 542 autumno
1836 506 1959 556 gra-

384 551 556 608 datim
579 569 847 625 curreret,
874 562 1051 621 donec
1096 569 1388 638 pristinum
1434 586 1704 647 repeteret
1751 551 1957 647 locum,

383 658 570 739 parem
613 648 797 708 denuo
850 669 1076 712 cursum
1123 662 1505 734 conlecturus,
1535 670 1664 739 quia
1710 671 1959 728 videlicet

385 737 734 833 intercalares
784 745 906 802 dies
952 765 1061 805 non
1122 756 1521 826 observabant,
1555 737 1811 833 accepto
1859 766 1956 820 de-

383 843 536 922 mum
601 829 970 895 Romanorum
1010 842 1167 914 jugo,
1229 848 1568 922 sublatisque
1613 829 1849 911 Antonio
1901 870 1955 912 (ιι

382 919 692 1018 Cleopatra,
713 942 916 986 annum
937 948 1097 989 suum
1124 939 1191 993 ad
1220 937 1421 996 Juliani
1467 919 1688 1001 modum
1731 949 1955 1018 redege-

382 1015 658 1071 ruuLAb
719 1020 817 1075 illo
869 1033 1117 1094 tempore,
1174 1030 1352 1102 inquit
1404 1034 1679 1105 Petavius,
1709 1015 1953 1111 deinceps

382 1110 565 1176 rogari
582 1112 858 1178 popularis
881 1130 1064 1171 eorum
1093 1137 1262 1178 anuus
1314 1125 1470 1180 desiit
1491 1144 1511 1182 :
1540 1130 1633 1183 sed
1662 1110 1952 1186 intercala-

381 1198 540 1254 tiom’s
573 1199 724 1269 freno
763 1216 1034 1262 revocatus
1081 1221 1163 1265 est
1194 1225 1385 1282 quarto
1433 1232 1638 1288 quoque
1666 1236 1807 1275 anno
1836 1224 1952 1289 pri-

374 1291 569 1346 stinam
606 1293 664 1347 in
685 1294 880 1350 sedens.
910 1298 1084 1370 Caput
1101 1303 1283 1373 hujus,
1302 1308 1408 1363 sire
1430 1307 1723 1366 Neomenia
1758 1312 1949 1377 Thotli.

372 1381 529 1438 usit
559 1385 616 1439 in
647 1383 877 1443 Romani
898 1389 1126 1462 Augusti
1166 1396 1253 1450 die
1301 1399 1395 1464 29,
1448 1401 1542 1470 qui
1600 1402 1950 1461 Decollationi

371 1475 548 1531 meti
578 1474 809 1534 Joannis
848 1482 1005 1539 hodie
1053 1484 1270 1543 dicatus
1296 1500 1398 1546 est.
1447 1490 1714 1548 lensiunt
1740 1497 1946 1563 eadem,

368 1580 488 1635 qua
512 1568 746 1641 iunge,
772 1573 1061 1645 descriptio
1100 1592 1122 1632 :
1161 1595 1287 1634 stant
1342 1584 1620 1640 tricenarii
1663 1598 1791 1642 sunt
1834 1591 1949 1645 siu-

368 1658 484 1753 guli
495 1678 517 1727 ;
539 1678 608 1719 es
626 1663 810 1735 hisque
829 1666 1064 1725 360dies
1094 1673 1469 1742 conﬁciuntur,
1497 1680 1686 1749 quibus
1715 1682 1948 1753 quinque

366 1751 639 1809 adduntur
666 1758 724 1812 in
746 1758 853 1826 ﬁne
874 1755 1239 1833 epajotnena:
1262 1769 1419 1836 quasi
1452 1781 1635 1827 curtus
1658 1751 1873 1838 mensis,
1892 1785 1945 1830 et

366 1859 487 1899 eum
512 1846 797 1904 bissextilis
815 1860 892 1905 est
922 1868 1115 1918 anuus,
1141 1870 1219 1910 ere
1236 1871 1330 1911 ses
1360 1870 1727 1917 numerantur.
1761 1862 1945 1918 Inter-

366 1934 546 1991 sal-ut
562 1945 741 1992 autem
770 1937 1125 1997 Alexandrini
1154 1960 1257 2000 non
1275 1952 1457 2001 eodem
1489 1966 1652 2015 anno,
1692 1968 1796 2022 quo
1838 1952 1943 2007 Ro-

366 2025 532 2090 mani,
560 2026 655 2080 sed
675 2029 913 2097 proxime
945 2035 1299 2101 antecedente,
1322 2048 1382 2092 ut
1415 2054 1481 2092 ea:
1518 2040 1787 2097 Ambrosii
1830 2044 1943 2114 epi-

362 2120 501 2173 stola
525 2116 598 2174 83
615 2120 908 2193 colligitur,
928 2124 983 2178 in
1006 2141 1113 2196 qua
1140 2128 1325 2185 scribit
1353 2148 1494 2187 anno
1521 2133 1591 2189 76
1618 2133 1942 2192 Diocletiani

360 2210 559 2279 pascha
583 2210 901 2268 celebratum
938 2217 1498 2290 esse28Pharntutlii,
1532 2239 1583 2278 Is
1620 2225 1744 2281 Kal.
1777 2225 1936 2293 ναῖε,

361 2301 468 2358 sive
481 2304 683 2373 Aprilis
711 2305 800 2374 l3,
823 2316 927 2364 etc.

1480 279 1821 344 'IOI‘OUIM
1830 287 1923 345 ΡΗ
1934 287 2012 346 ιΑ
2046 290 2347 349 CHRISTI
2360 290 2503 350 ANA
2515 337 2528 349 .

3533 274 3635 336 αἰῗὶ

2133 400 2188 455 In
2215 403 2383 456 altero
2408 401 2613 456 (arcula
2666 399 2897 461 minore,
2944 406 3004 449 ut
3054 396 3281 465 sphaera:
3322 391 3636 462 Opinionem

2059 492 2301 545 derideat
2345 492 2592 554 Cusmas,
2617 488 2866 544 homines
2904 496 3140 557 quatuor
3182 484 3428 537 adversis
3457 481 3624 534 vesti-

2057 583 2163 652 giis
2184 583 2412 651 splnera:
2444 581 2746 635 insidentes
2771 578 3010 641 exhibet,
3040 578 3093 629 in
3118 574 3419 640 vacuisque
3442 571 3634 639 spatiis

2057 673 2173 728 haec
2198 672 2405 741 adjicit,
2446 671 2662 743 ὐρϐίου
2692 669 2842 732 bino;
2857 666 2953 721 τοῦ
2985 668 3264 737 σχήματος
3290 662 3385 717 τοῦ
3416 661 3631 732 ἀνθρὼ-

2058 781 2182 828 που,
2217 762 2359 817 κατὰ
2384 763 2600 827 ταυτὸν,
2637 763 2685 814 oi
2714 760 2756 813 δ’
2790 761 3067 824 ἱστάμενοι
3098 755 3215 818 πῶς
3238 755 3339 807 οὐκ
3366 754 3506 806 εἰσὶν
3532 752 3629 822 ὕρ-

2056 854 2180 919 Θιοι,
2218 853 2334 908 ἀλλ’
2361 854 2494 907 ὅπου
2524 854 2570 905 δ’
2600 853 2667 906 ἂν
2703 851 2942 922 arpi-#5;
2971 848 3191 909 αὐτοὺς,
3212 850 3261 899 oi
3292 845 3336 899 δ’
3360 847 3461 898 οὐκ
3488 845 3632 898 εἰσιν

2054 946 2258 1017 ὅρθιοι;
2287 946 2413 1009 Πῶς
2442 940 2535 1000 οὖν
2562 945 2787 1000 δυνατὸν
2827 943 3081 1007 δέξασθαι
3114 941 3211 1003 τὰς
3260 937 3463 999 ταύτας
3494 935 3627 1005 ψευ-

2052 1039 2163 1102 δεῖς
2189 1036 2508 1103 ὑποθέσεις;
2536 1035 2655 1099 πῶς
2682 1034 2739 1088 δὲ
2765 1035 2929 1088 πάλιν
2955 1034 3035 1094 εἰς
3065 1030 3192 1094 τοὺς
3224 1029 3499 1099 τέσσαρας
3528 1043 3629 1079 κα·-

2052 1124 2123 1179 τὰ
2142 1125 2335 1178 ταυτὸν
2356 1123 2578 1178 δύναται
2607 1123 2760 1185 ὑετὸς
2780 1120 3066 1191 γενέσθαις
3132 1120 3269 1187 ὅπερ
3288 1111 3383 1169 οὖν
3406 1118 3439 1185 ἠ
3467 1114 3629 1182 φύσις

2052 1218 2147 1267 καὶ
2183 1210 2359 1274 ὁνοῦς
2397 1211 2460 1263 οὐ
2492 1211 2881 1281 παραδέχεται,
2931 1208 2982 1260 τί
3035 1206 3212 1276 μάτην
3265 1200 3623 1260 ὑποτίοεδθες

2054 1301 2167 1357 Hoc
2206 1311 2313 1369 est,
2353 1301 2485 1357 Cum
2541 1302 2719 1371 ﬁgura
2774 1299 3000 1352 hominis
3053 1307 3192 1351 recta
3226 1297 3318 1361 sit,
3349 1297 3438 1364 qui
3480 1294 3541 1362 ﬁt
3569 1302 3626 1345 ut

2050 1406 2279 1464 quatuor
2308 1391 2394 1447 illi
2418 1394 2597 1447 eodem
2629 1400 2858 1460 tempore
2888 1400 3108 1455 stantes,
3163 1388 3295 1442 recti
3329 1404 3431 1440 non
3480 1387 3625 1450 sint;

2049 1485 2140 1539 sed
2159 1500 2464 1555 quocunque
2489 1494 2663 1538 vertas
2684 1500 2792 1549 eos,
2809 1493 3038 1553 quatuor
3056 1482 3135 1536 illi
3159 1481 3320 1537 simul
3354 1494 3623 1548 nunquam

2048 1578 2178 1629 recti
2219 1576 2535 1631 videantur?
2568 1578 2831 1646 quomodo
2862 1591 2985 1646 ergo
3012 1575 3127 1644 ﬁeri
3159 1582 3355 1643 potest,
3379 1581 3434 1626 ut
3462 1585 3624 1625 ranas

2051 1668 2178 1722 illas
2203 1654 2578 1736 mendacesque
2606 1668 2915 1739 hypotheses
2935 1667 3281 1721 admittamus
3301 1666 3328 1719 .’
3347 1662 3624 1729 Quomodo

2052 1775 2264 1815 rursum
2289 1759 2409 1829 ﬁeri
2436 1769 2626 1829 potest,
2652 1769 2708 1813 ut
2739 1760 2919 1813 eodem
2948 1768 3176 1826 tempore
3198 1756 3378 1826 pluria
3400 1756 3453 1809 in
3488 1769 3622 1825 qua-

2051 1861 2173 1905 tuor
2198 1850 2320 1905 illos
2334 1851 2584 1905 decidat?
2613 1851 2768 1915 Quod
2815 1867 2939 1921 ergo
2978 1867 3071 1904 nec
3130 1859 3325 1903 natura
3360 1864 3451 1903 nec
3477 1861 3620 1900 mens

2049 1952 2230 1997 nostra
2262 1944 2539 1998 admittere
2561 1952 2756 2013 potest,
2789 1944 2846 1997 ul
2896 1959 2992 1996 cur
3035 1943 3239 2012 frustra
3285 1939 3624 2010 supponitis.’

2043 2034 2134 2089 Sic
2155 2032 2385 2090 Cosmas
2418 2034 2507 2090 hic
2539 2045 2596 2090 et
2634 2035 2836 2103 passim
2875 2034 2927 2087 in
2961 2032 3328 2103 Topographia
3360 2030 3621 2085 Christia-

2039 2143 2130 2190 na,
2163 2135 2223 2180 ut
2251 2135 2306 2180 et
2333 2126 2486 2181 multi
2519 2126 2610 2180 alii
2643 2127 2808 2182 etiam
2836 2141 2902 2180 ex
2933 2124 3033 2183 SS.
3074 2124 3178 2179 ΙΨ.
3213 2125 3307 2193 qui
3348 2136 3447 2177 nec
3494 2137 3620 2193 gra-

2036 2217 2221 2273 vitatis
2278 2228 2552 2284 centrum,
2600 2234 2699 2275 nec
2747 2220 3147 2275 astronomicas
3203 2216 3619 2273 observationes

2036 2308 2329 2364 callebant.

1771 2501 2200 2519 ——-C-.-

1348 2625 1667 2688 ΤΕΒΤΙΕ
1721 2628 2065 2692 ΤΔΒυιΕ
2120 2631 2641 2696 EXI’LICATIO.

426 2800 480 2861 i.
520 2801 581 2859 In
603 2802 779 2876 prima
808 2803 979 2876 ﬁgura
1006 2815 1319 2863 exterarum
1339 2809 1643 2866 Atticorum
1675 2811 1824 2884 (nam
1852 2814 1934 2869 sic

354 2892 447 2950 ille
470 2904 652 2957 vocat,
677 2895 730 2949 oi
776 2895 976 2962 ἔξωθεν
1040 2899 1301 2968 Ἀττικοὶ)
1355 2900 1585 2957 formam
1643 2914 1699 2958 et
1722 2905 1933 2960 cultum

351 2987 597 3062 depingit
620 2989 866 3057 Cosmas,
908 2990 1088 3060 qualis
1138 3007 1240 3047 suo
1281 3004 1523 3065 tempore
1557 2995 1611 3049 in
1641 3011 1745 3052 usu
1790 3008 1930 3056 erat.

354 3076 586 3137 Externa
608 3090 768 3137 vocat
795 3081 886 3138 ille
913 3092 1187 3152 quotquot
1214 3084 1408 3140 alienat
1435 3086 1717 3157 religionis
1748 3098 1929 3144 erant.

350 3168 659 3228 Occasione
682 3180 867 3228 autem
894 3170 1180 3243 Hyperidis
1205 3184 1261 3230 et
1286 3173 1570 3231 Menandri
1599 3177 1931 3245 Atticorum,

351 3278 586 3333 quorum
611 3264 732 3321 loca
759 3263 917 3321 aﬂert
939 3265 1044 3320 col.
1072 3264 1185 3320 203
1211 3268 1277 3333 Δ,
1302 3267 1443 3324 hanc
1465 3268 1554 3324 ille
1582 3270 1809 3340 ﬁguram
1841 3286 1937 3327 ex-

350 3353 553 3409 hibuit.

417 3441 480 3499 In
507 3442 600 3514 ἢκ.
632 3442 669 3497 2
694 3446 730 3515 ἡ
781 3447 1127 3519 κοσμοφόρος
1161 3448 1412 3514 κιΰωτός,
1454 3450 1758 3519 mundifcra
1808 3466 1937 3504 arca

349 3544 802 3603 repraeatatur,
866 3538 1048 3607 qualis
1111 3553 1144 3592 a
1212 3539 1409 3595 Cosma
1467 3539 1775 3611 depingitur
1828 3537 1931 3594 col.

346 3624 447 3683 231
479 3622 543 3682 Β.

418 3717 601 3791 Fig.5
647 3719 976 3776 exteriorem
1028 3721 1365 3777 tabernaculi
1420 3721 1653 3780 formam
1718 3735 1773 3780 et
1812 3727 1935 3796 ejus

347 3820 670 3882 apparatum
699 3812 992 3880 exprimit:
1022 3813 1262 3868 exterior
1281 3812 1492 3883 junctis
1511 3815 1793 3871 asseribus
1826 3817 1918 3869 fir-

347 3920 433 3959 ma
461 3904 819 3970 consistebat,
836 3916 894 3960 ut
920 3904 1008 3961 hic
1036 3915 1473 3976 reprasentatur.
1491 3906 1931 3964 Tabernaculum

344 4011 477 4051 vero
506 4004 681 4052 totum
708 3997 850 4053 duas
880 3997 935 4051 in
976 4008 1158 4065 partes
1182 3996 1549 4063 dividebatur,
1584 4002 1638 4053 in
1687 4000 1931 4055 exterius

345 4088 600 4145 videlicet
629 4097 686 4144 et
731 4088 962 4146 interius
990 4092 1427 4146 tabernaculum.
1458 4091 1517 4146 In
1559 4092 1814 4148 exteriori
1843 4100 1925 4147 ta-

346 4180 642 4237 bernaculo
699 4190 820 4238 erat
869 4182 904 4253 ἡ
957 4182 1245 4255 τράπεζα,
1307 4185 1423 4240 sive
1474 4198 1661 4241 mensa
1720 4200 1922 4255 panum

345 4274 779 4347 propositionis;
802 4275 1016 4346 λυχνία,
1041 4292 1139 4333 seu
1162 4278 1552 4334 candelabrum
1580 4298 1596 4345 ;
1624 4278 1842 4349 ῥάϐδος,
1868 4281 1922 4335 id

341 4375 446 4433 est,
472 4367 628 4438 virga
653 4368 928 4437 Aaronis;
964 4370 1223 4440 στάμνος,
1249 4369 1301 4424 id
1347 4378 1453 4435 est,
1500 4385 1595 4425 vas
1648 4371 1923 4441 aspersio-

344 4458 429 4514 nis
464 4477 480 4514 :
522 4460 582 4512 ai
618 4457 843 4524 πλάκες,
866 4462 1059 4530 nempe
1078 4460 1201 4516 dua:
1226 4461 1423 4518 tabulae
1455 4463 1510 4516 in
1540 4462 1739 4532 quibus
1770 4462 1923 4534 Moy-

342 4566 431 4608 ses
480 4551 748 4623 scriptam
791 4551 965 4620 legem
996 4554 1238 4623 accepit;
1279 4553 1422 4623 δφις,
1456 4553 1509 4607 id
1559 4562 1663 4620 est,
1698 4570 1924 4622 serpens

345 4642 435 4698 ille
456 4657 647 4697 aneos
670 4641 727 4696 in
754 4642 975 4698 deserto
1005 4643 1293 4700 conﬂatus.
1316 4642 1569 4699 Exterins
1595 4646 1923 4701 tabernacu-

344 4735 456 4789 lum
492 4733 563 4788 ah
601 4734 853 4789 interiori
897 4735 1243 4790 dividebatur
1300 4735 1783 4805 καταπετάσματι,
1825 4750 1923 4792 seu

344 4823 561 4878 velo.ln
592 4824 839 4879 interiori
870 4836 1055 4881 autem
1089 4825 1442 4880 tabernaculo
1463 4835 1579 4879 erat
1606 4829 1638 4894 ἡ
1664 4825 1921 4891 κιϐωτός,

344 4917 460 4973 sive
478 4931 607 4972 arca
630 4918 955 4983 testimonii,
976 4917 1135 4988 cujus
1150 4918 1237 4973 hic
1270 4917 1593 4989 ἱχνογραφία
1612 4920 1919 4984 exhibetur;

342 5018 398 5065 et
425 5008 592 5079 Ἅγια
618 5010 816 5077 ἁγίων,
848 5008 1047 5065 Sancta
1072 5020 1376 5066 sanctorum
1400 5028 1417 5075 ;
1450 5026 1573 5079 quae
1602 5011 1780 5088 omnia
1819 5011 1923 5063 mi-

344 5103 573 5156 nutatim
595 5102 980 5157 describuntur
996 5116 1029 5156 a
1051 5102 1249 5158 Cosnta
1269 5105 1374 5158 col.
1403 5102 1511 5158 205
1540 5101 1602 5158 υ.

413 5190 531 5265 Fig.
562 5192 617 5248 ι.
665 5191 739 5246 τὰ
775 5193 1142 5266 σκεπάσματα
1161 5194 1262 5264 τῆς
1316 5193 1546 5264 σκηνῆς,
1588 5194 1703 5249 uela
1740 5195 1922 5265 templi

344 5285 584 5351 exhibet,
640 5301 874 5355 superne
930 5286 1183 5351 cmrulea,
1226 5284 1440 5341 inferne
1474 5286 1660 5342 rubra.
1698 5285 1836 5340 llinc
1870 5295 1925 5342 et

349 5377 475 5433 inde
495 5377 733 5447 ἁγκύλαι
777 5388 833 5433 et
864 5380 1066 5447 κρίκοι.
1100 5380 1236 5450 legis
1258 5377 1494 5447 ἁγκύλαι
1515 5379 1722 5434 ansulae
1744 5388 1924 5445 erant,

348 5468 528 5538 κρίκοι
560 5470 752 5524 circuli
784 5485 849 5525 ex
883 5473 1052 5525 altera
1107 5482 1258 5540 parte
1296 5471 1515 5535 adunci,
1568 5486 1680 5541 quo
1717 5472 1926 5528 ansulis

346 5561 721 5621 inseret-untur
746 5573 803 5620 et
835 5564 951 5621 vela
984 5565 1147 5622 simul
1171 5565 1483 5636 jungercnt.
1512 5564 1647 5621 Vide
1679 5565 1811 5622 ibid.

2103 2813 2163 2870 In
2190 2817 2380 2886 quinta
2435 2818 2648 2889 ﬁgura,
2692 2803 3076 2873 cantﬁlabrum
3130 2818 3502 2884 tabernaculi,
3562 2830 3619 2877 et

2035 2924 2280 2965 mensam
2314 2924 2517 2980 panum
2550 2909 2949 2980 propositionis
2976 2920 3330 2979 repraesentat
3357 2910 3613 2968 Cosmas.

2036 3000 2439 3055 Candelabrum
2463 3015 2591 3054 vero
2614 2999 2837 3064 dicitur,
2877 2999 3070 3070 λυχνία
3116 2998 3453 3070 ἑπτὰμυξος,
3479 3016 3617 3054 eau-

2036 3090 2314 3146 delabruin
2370 3091 2478 3146 sine
2524 3090 2740 3146 lucerna
2788 3101 2984 3158 septem
3035 3090 3442 3162 ellychuiorum,
3504 3107 3615 3160 qua

2038 3183 2163 3239 item
2190 3198 2322 3238 voce
2342 3198 2479 3238 usus
2508 3182 2846 3253 Epiphanius
2880 3192 2984 3239 est.
3042 3182 3256 3248 Καυλδς
3302 3193 3386 3239 est
3423 3198 3615 3251 ereptis

2035 3272 2345 3329 candelabri
2369 3293 2387 3329 :
2426 3275 2558 3331 hinc
2586 3278 2906 3344 καρυῖσκος,
2937 3276 3158 3338 nucula,
3191 3274 3307 3330 sive
3357 3274 3615 3345 globulus

2037 3367 2311 3423 tornatilis
2336 3367 2391 3421 in
2423 3367 2601 3423 medio
2629 3366 2775 3437 scapi
2814 3387 2827 3421 :
2868 3366 3066 3423 deinde
3126 3367 3450 3439 σφαιρωτὴρ
3478 3383 3616 3436 κρα-

2035 3460 2163 3530 τὴρ,
2193 3466 2366 3511 crater
2378 3456 2669 3526 spltwricus
2688 3456 2741 3510 in
2775 3457 2892 3526 ipso
2913 3472 3097 3527 scapo,
3125 3466 3181 3512 et
3195 3456 3400 3528 κρίνον.
3418 3456 3613 3520 lilium,

2037 3551 2196 3618 cujus
2223 3547 2351 3602 folia
2379 3548 2507 3604 hinc
2530 3557 2587 3603 et
2639 3548 2761 3602 inde
2791 3548 3107 3618 panduntur
3144 3567 3159 3605 :
3189 3563 3444 3617 suprema
3477 3562 3615 3603 can-

2037 3642 2244 3697 delabri
2273 3655 2398 3712 pars
2418 3641 2726 3697 calamiscis
2753 3643 2894 3696 ultro
2916 3643 3162 3713 citroque
3180 3641 3359 3698 tribus
3376 3641 3616 3698 absolvi-

2038 3741 2149 3795 tur,
2181 3734 2273 3803 qui
2306 3748 2429 3789 cum
2472 3734 2713 3802 supremi
2758 3734 2907 3801 scapi
2943 3743 3097 3803 parte
3136 3734 3503 3803 septenarium
3534 3732 3614 3787 cl-

2041 3824 2379 3895 lychniorum
2411 3838 2695 3878 numerum
2737 3825 3046 3893 pcrliciunt,
3096 3834 3150 3878 et
3202 3832 3261 3877 ut
3317 3822 3615 3877 arbitratur

2038 3916 2288 3976 Cosmas.
2321 3924 2527 3983 septem
2548 3914 2899 3969 hebdomade
2928 3915 3045 3970 dics
3065 3914 3397 3969 adumbrant
3438 3932 3451 3967 :
3491 3914 3615 3968 vide

2040 4006 2145 4059 col.
2176 4005 2306 4059 210.
2338 4004 2598 4076 Τράπεζα
2627 4007 2743 4060 sive
2775 4021 2962 4060 mensa
2988 4020 3190 4074 panum
3213 4003 3625 4075 propositionis,

2034 4096 2329 4149 secundum
2378 4094 2635 4149 Cosmum
2692 4102 2778 4150 est
2818 4093 2990 4164 figura
3040 4104 3200 4151 terra:
3244 4113 3259 4149 :
3309 4106 3476 4163 quam
3519 4092 3613 4148 ille

2032 4187 2446 4242 similitudinem
2478 4188 2726 4258 pluribus
2746 4189 3003 4257 explicat,
3020 4186 3151 4241 ibid.

2102 4318 2161 4372 In
2193 4327 2345 4373 sexta
2371 4318 2541 4389 ﬁgura
2586 4317 2817 4372 habetur
2838 4322 2871 4389 ὴ
2898 4318 3130 4383 κιϐωτὸς
3159 4319 3255 4371 τοῦ
3288 4319 3607 4390 μαρτυρίου,

2028 4426 2163 4463 arca
2205 4410 2522 4471 testimonii;
2563 4418 2621 4465 et
2653 4409 2968 4482 ἱλαστήριον
3008 4411 3440 4481 propitiatorium
3470 4425 3611 4466 arcte

2026 4500 2385 4570 impositum,
2438 4502 2546 4555 duo
2598 4501 2726 4555 item
2783 4501 3069 4557 cherubini
3104 4521 3117 4557 :
3148 4503 3335 4557 omnia
3382 4502 3462 4557 uti
3498 4501 3609 4558 Co-

2026 4608 2174 4647 smas
2210 4592 2383 4648 fuisse
2412 4608 2479 4648 ex
2511 4608 2681 4648 sacrte
2715 4590 3011 4663 Scriptura:
3037 4594 3196 4648 dictis
3216 4594 3520 4664 colligebat.
3553 4601 3608 4648 et

2027 4685 2104 4737 uti
2131 4700 2232 4738 suo
2265 4696 2507 4753 tempore
2537 4684 2973 4739 existimabatur.
3010 4683 3147 4739 llinc
3190 4695 3245 4740 et
3291 4685 3417 4739 inde
3474 4700 3606 4740 vero

2026 4775 2322 4830 Zacharias
2355 4788 2408 4832 et
2458 4777 2623 4832 Abias
2677 4777 2989 4833 sacchotes
3029 4776 3419 4847 depinguntur.
3473 4775 3608 4832 Vide

2027 4870 2130 4923 coL
2166 4868 2291 4925 211.

2099 4982 2152 5037 lu
2174 4985 2429 5054 septima,
2477 4984 2602 5039 atrii
2650 4983 2987 5039 tabernaculi
3025 4986 3355 5040 exteriorem
3411 4982 3615 5042 facient.

2026 5084 2403 5145 repraesentat,
2435 5091 2536 5131 nec
2564 5091 2674 5131 non
2706 5078 2884 5130 varios
2910 5090 3165 5145 sagarum
3187 5084 3240 5129 et
3264 5077 3599 5130 velamento-

2026 5180 2148 5220 rum
2180 5168 2412 5234 colores,
2445 5178 2503 5221 ut
2530 5168 2742 5222 Cosmaa
2772 5168 2985 5238 pictura
3003 5168 3247 5222 exhibet.

2098 5291 2153 5346 Ιιιι
2187 5304 2398 5355 octava,
2422 5294 2710 5349 exterioris
2743 5293 3077 5349 tabernaculi
3098 5292 3232 5347 ordo
3263 5290 3603 5361 depingitur;

2028 5386 2286 5440 nitriirum
2318 5387 2496 5456 primo
2558 5401 2745 5440 mensa
2801 5400 3007 5456 panum
3059 5382 3469 5455 propositionis,
3503 5384 3599 5451 qui

2029 5492 2196 5545 panes
2224 5476 2511 5531 duodecim
2538 5491 2788 5536 numero,
2816 5476 2957 5530 terni
3005 5474 3071 5529 ad
3108 5485 3344 5544 quatuor
3402 5483 3605 5524 mensa

2030 5567 2257 5637 angulos
2292 5568 2559 5624 locantur.
2598 5567 2890 5624 Duodecim
2922 5581 3050 5623 vero
3098 5565 3333 5635 panibus
3381 5562 3457 5616 ait
3498 5559 3603 5614 Co-
