  <div class='ocr_page' id='page_1' title='image "/cluster/home/n/w/nwhite01/storage/ocr_20150623/88/mdp.39015078384321/257.png"; bbox 0 0 4066 6150; ppageno 0'>
   <div class='ocr_carea' id='block_1_1' title="bbox 465 215 571 281">
    <p class='ocr_par' dir='ltr' id='par_1_1' title="bbox 465 215 571 281">
     <span class='ocr_line' id='line_1_1' title="bbox 465 215 571 281; baseline 0.066 -7"><span class='ocrx_word' id='word_1_1' title='bbox 465 215 571 281; x_wconf 79' lang='lat'><strong>503</strong></span> 
     </span>
    </p>
   </div>
   <div class='ocr_carea' id='block_1_2' title="bbox 1605 215 2578 278">
    <p class='ocr_par' dir='ltr' id='par_1_2' title="bbox 1605 215 2578 278">
     <span class='ocr_line' id='line_1_2' title="bbox 1605 215 2578 278; baseline -0.003 -2"><span class='ocrx_word' id='word_1_2' title='bbox 1605 215 2115 276; x_wconf 69' lang='lat' dir='ltr'><strong>CONSTANTINI</strong></span> <span class='ocrx_word' id='word_1_3' title='bbox 2138 216 2447 278; x_wconf 76' lang='lat' dir='ltr'><strong>DIACONI</strong></span> <span class='ocrx_word' id='word_1_4' title='bbox 2469 218 2578 278; x_wconf 71' lang='grc' dir='ltr'><strong>(ΣΡ.</strong></span> 
     </span>
    </p>
   </div>
   <div class='ocr_carea' id='block_1_3' title="bbox 3609 211 3710 279">
    <p class='ocr_par' dir='ltr' id='par_1_3' title="bbox 3609 211 3710 279">
     <span class='ocr_line' id='line_1_3' title="bbox 3609 211 3710 279; baseline 0 0"><span class='ocrx_word' id='word_1_5' title='bbox 3609 211 3710 279; x_wconf 67' lang='grc'><strong>504</strong></span> 
     </span>
    </p>
   </div>
   <div class='ocr_carea' id='block_1_4' title="bbox 462 320 2030 396">
    <p class='ocr_par' dir='ltr' id='par_1_4' title="bbox 462 320 2030 393">
     <span class='ocr_line' id='line_1_4' title="bbox 462 320 2030 393; baseline 0.002 -19"><span class='ocrx_word' id='word_1_6' title='bbox 462 320 791 377; x_wconf 88' lang='lat' dir='ltr'><strong>invictorum</strong></span> <span class='ocrx_word' id='word_1_7' title='bbox 848 334 1143 393; x_wconf 82' lang='lat' dir='ltr'><strong>martyrum</strong></span> <span class='ocrx_word' id='word_1_8' title='bbox 1201 336 1309 376; x_wconf 88' lang='lat' dir='ltr'><strong>non</strong></span> <span class='ocrx_word' id='word_1_9' title='bbox 1371 322 1627 387; x_wconf 77' lang='lat' dir='ltr'><strong>terentes,</strong></span> <span class='ocrx_word' id='word_1_10' title='bbox 1690 323 2030 393; x_wconf 79' lang='lat' dir='ltr'><strong>hypocriseos</strong></span> 
     </span>
    </p>
   </div>
   <div class='ocr_carea' id='block_1_5' title="bbox 2131 320 3705 396">
    <p class='ocr_par' dir='ltr' id='par_1_5' title="bbox 2140 322 3705 396">
     <span class='ocr_line' id='line_1_5' title="bbox 2140 322 3705 396; baseline 0.003 -21"><span class='ocrx_word' id='word_1_11' title='bbox 2140 324 2399 396; x_wconf 72' lang='grc' dir='ltr'><strong>ἐλέγχους</strong></span> <span class='ocrx_word' id='word_1_12' title='bbox 2426 327 2527 379; x_wconf 73' lang='grc' dir='ltr'><strong>οὐκ</strong></span> <span class='ocrx_word' id='word_1_13' title='bbox 2554 324 2883 395; x_wconf 72' lang='grc' dir='ltr'><strong>ἐνεγκόντας</strong></span> <span class='ocrx_word' id='word_1_14' title='bbox 2911 323 3023 378; x_wconf 84' lang='grc' dir='ltr'><strong>τῶν</strong></span> <span class='ocrx_word' id='word_1_15' title='bbox 3049 322 3337 395; x_wconf 74' lang='grc' dir='ltr'><strong>ἀηττήτων</strong></span> <span class='ocrx_word' id='word_1_16' title='bbox 3370 322 3705 394; x_wconf 82' lang='grc' dir='ltr'><strong>ἀγωνιστῶν,</strong></span> 
     </span>
    </p>
   </div>
   <div class='ocr_carea' id='block_1_6' title="bbox 463 412 2038 483">
    <p class='ocr_par' dir='ltr' id='par_1_6' title="bbox 463 412 2038 483">
     <span class='ocr_line' id='line_1_6' title="bbox 463 412 2038 483; baseline -0.001 -15"><span class='ocrx_word' id='word_1_17' title='bbox 463 426 751 479; x_wconf 79' lang='lat' dir='ltr'><strong>personam</strong></span> <span class='ocrx_word' id='word_1_18' title='bbox 792 412 1055 483; x_wconf 65' lang='lat' dir='ltr'><strong>abiecisse</strong></span> <span class='ocrx_word' id='word_1_19' title='bbox 1111 413 1385 480; x_wconf 84' lang='lat' dir='ltr'><strong>dicuntur,</strong></span> <span class='ocrx_word' id='word_1_20' title='bbox 1414 423 1471 469; x_wconf 93' lang='lat' dir='ltr'><strong>ct</strong></span> <span class='ocrx_word' id='word_1_21' title='bbox 1517 430 1806 483; x_wconf 79' lang='lat' dir='ltr'><strong>corporum</strong></span> <span class='ocrx_word' id='word_1_22' title='bbox 1848 415 2038 469; x_wconf 88' lang='lat' dir='ltr'><strong>habitu</strong></span> 
     </span>
    </p>
   </div>
   <div class='ocr_carea' id='block_1_7' title="bbox 458 504 2035 577">
    <p class='ocr_par' dir='ltr' id='par_1_7' title="bbox 458 504 2035 577">
     <span class='ocr_line' id='line_1_7' title="bbox 458 504 2035 577; baseline 0.002 -20"><span class='ocrx_word' id='word_1_23' title='bbox 458 518 524 557; x_wconf 84' lang='lat' dir='ltr'><strong>ac</strong></span> <span class='ocrx_word' id='word_1_24' title='bbox 572 504 819 559; x_wconf 76' lang='lat' dir='ltr'><strong>vultuum</strong></span> <span class='ocrx_word' id='word_1_25' title='bbox 872 505 1131 569; x_wconf 86' lang='lat' dir='ltr'><strong>motibus,</strong></span> <span class='ocrx_word' id='word_1_26' title='bbox 1180 507 1382 560; x_wconf 87' lang='lat' dir='ltr'><strong>nudam</strong></span> <span class='ocrx_word' id='word_1_27' title='bbox 1450 508 1818 577; x_wconf 69' lang='lat' dir='ltr'><strong>intactamque</strong></span> <span class='ocrx_word' id='word_1_28' title='bbox 1868 505 2035 560; x_wconf 85' lang='lat' dir='ltr'><strong>animi</strong></span> 
     </span>
    </p>
   </div>
   <div class='ocr_carea' id='block_1_8' title="bbox 455 596 2039 668">
    <p class='ocr_par' dir='ltr' id='par_1_8' title="bbox 455 596 2039 668">
     <span class='ocr_line' id='line_1_8' title="bbox 455 596 2039 668; baseline 0.003 -19"><span class='ocrx_word' id='word_1_29' title='bbox 455 596 796 651; x_wconf 82' lang='lat' dir='ltr'><strong>iracundiam</strong></span> <span class='ocrx_word' id='word_1_30' title='bbox 827 596 1213 668; x_wconf 68' lang='lat' dir='ltr'><strong>significantes,</strong></span> <span class='ocrx_word' id='word_1_31' title='bbox 1239 599 1465 655; x_wconf 72' lang='lat' dir='ltr'><strong>elatiore</strong></span> <span class='ocrx_word' id='word_1_32' title='bbox 1515 616 1580 655; x_wconf 85' lang='lat' dir='ltr'><strong>ac</strong></span> <span class='ocrx_word' id='word_1_33' title='bbox 1629 599 1877 655; x_wconf 72' lang='lat' dir='ltr'><strong>solebant</strong></span> <span class='ocrx_word' id='word_1_34' title='bbox 1906 614 2039 653; x_wconf 84' lang='lat' dir='ltr'><strong>voce</strong></span> 
     </span>
    </p>
   </div>
   <div class='ocr_carea' id='block_1_9' title="bbox 454 688 2037 761">
    <p class='ocr_par' dir='ltr' id='par_1_9' title="bbox 454 688 2037 761">
     <span class='ocr_line' id='line_1_9' title="bbox 454 688 2037 761; baseline 0.001 -19"><span class='ocrx_word' id='word_1_35' title='bbox 454 700 509 743; x_wconf 86' lang='lat' dir='ltr'><strong>et</strong></span> <span class='ocrx_word' id='word_1_36' title='bbox 536 688 877 744; x_wconf 89' lang='lat' dir='ltr'><strong>dementium</strong></span> <span class='ocrx_word' id='word_1_37' title='bbox 920 690 1093 745; x_wconf 89' lang='lat' dir='ltr'><strong>instar</strong></span> <span class='ocrx_word' id='word_1_38' title='bbox 1143 691 1474 761; x_wconf 79' lang='lat' dir='ltr'><strong>martyribus</strong></span> <span class='ocrx_word' id='word_1_39' title='bbox 1524 692 1890 746; x_wconf 87' lang='lat' dir='ltr'><strong>inclamarunt</strong></span> <span class='ocrx_word' id='word_1_40' title='bbox 1955 689 2037 745; x_wconf 86' lang='lat' dir='ltr'><strong>di-</strong></span> 
     </span>
    </p>
   </div>
   <div class='ocr_carea' id='block_1_10' title="bbox 455 780 2037 856">
    <p class='ocr_par' dir='ltr' id='par_1_10' title="bbox 455 780 2037 856">
     <span class='ocr_line' id='line_1_10' title="bbox 455 780 2037 856; baseline 0 -18"><span class='ocrx_word' id='word_1_41' title='bbox 455 792 643 838; x_wconf 79' lang='lat' dir='ltr'><strong>centes</strong></span> <span class='ocrx_word' id='word_1_42' title='bbox 678 807 687 836; x_wconf 84' lang='lat'>;</span> <span class='ocrx_word' id='word_1_43' title='bbox 728 802 746 833; x_wconf 80' lang='grc' dir='ltr'><strong>ι</strong></span> <span class='ocrx_word' id='word_1_44' title='bbox 774 780 931 837; x_wconf 81' lang='lat' dir='ltr'><strong>Haud</strong></span> <span class='ocrx_word' id='word_1_45' title='bbox 974 792 1067 838; x_wconf 86' lang='lat' dir='ltr'><strong>vos</strong></span> <span class='ocrx_word' id='word_1_46' title='bbox 1096 785 1338 856; x_wconf 76' lang='lat' dir='ltr'><strong>profecto</strong></span> <span class='ocrx_word' id='word_1_47' title='bbox 1391 786 1642 841; x_wconf 60' lang='lat' dir='ltr'><strong>absurda</strong></span> <span class='ocrx_word' id='word_1_48' title='bbox 1691 784 1856 854; x_wconf 84' lang='lat' dir='ltr'><strong>hujus</strong></span> <span class='ocrx_word' id='word_1_49' title='bbox 1912 799 2037 839; x_wconf 89' lang='lat' dir='ltr'><strong>ora-</strong></span> 
     </span>
    </p>
   </div>
   <div class='ocr_carea' id='block_1_11' title="bbox 453 872 2037 947">
    <p class='ocr_par' dir='ltr' id='par_1_11' title="bbox 453 872 2037 947">
     <span class='ocr_line' id='line_1_11' title="bbox 453 872 2037 947; baseline 0.001 -21"><span class='ocrx_word' id='word_1_50' title='bbox 453 874 644 937; x_wconf 86' lang='lat' dir='ltr'><strong>tionis,</strong></span> <span class='ocrx_word' id='word_1_51' title='bbox 683 872 780 928; x_wconf 86' lang='lat' dir='ltr'><strong>sed</strong></span> <span class='ocrx_word' id='word_1_52' title='bbox 824 889 923 929; x_wconf 90' lang='lat' dir='ltr'><strong>nos</strong></span> <span class='ocrx_word' id='word_1_53' title='bbox 947 875 1127 944; x_wconf 86' lang='lat' dir='ltr'><strong>potius</strong></span> <span class='ocrx_word' id='word_1_54' title='bbox 1178 876 1533 947; x_wconf 75' lang='lat' dir='ltr'><strong>blasphemiae</strong></span> <span class='ocrx_word' id='word_1_55' title='bbox 1569 878 1622 930; x_wconf 88' lang='lat' dir='ltr'><strong>in</strong></span> <span class='ocrx_word' id='word_1_56' title='bbox 1658 876 1791 929; x_wconf 87' lang='lat' dir='ltr'><strong>deos</strong></span> <span class='ocrx_word' id='word_1_57' title='bbox 1845 883 2037 928; x_wconf 80' lang='lat' dir='ltr'><strong>auclo-</strong></span> 
     </span>
    </p>
   </div>
   <div class='ocr_carea' id='block_1_12' title="bbox 455 965 2035 1037">
    <p class='ocr_par' dir='ltr' id='par_1_12' title="bbox 455 965 2035 1037">
     <span class='ocr_line' id='line_1_12' title="bbox 455 965 2035 1037; baseline -0.003 -15"><span class='ocrx_word' id='word_1_58' title='bbox 455 982 543 1022; x_wconf 88' lang='lat' dir='ltr'><strong>res</strong></span> <span class='ocrx_word' id='word_1_59' title='bbox 569 982 782 1030; x_wconf 89' lang='lat' dir='ltr'><strong>sumus,</strong></span> <span class='ocrx_word' id='word_1_60' title='bbox 807 967 896 1035; x_wconf 88' lang='lat' dir='ltr'><strong>qui</strong></span> <span class='ocrx_word' id='word_1_61' title='bbox 923 967 1254 1037; x_wconf 73' lang='lat' dir='ltr'><strong>benignitate</strong></span> <span class='ocrx_word' id='word_1_62' title='bbox 1276 978 1459 1023; x_wconf 92' lang='lat' dir='ltr'><strong>nostra</strong></span> <span class='ocrx_word' id='word_1_63' title='bbox 1493 965 1773 1022; x_wconf 83' lang='lat' dir='ltr'><strong>vesaniam</strong></span> <span class='ocrx_word' id='word_1_64' title='bbox 1797 973 2035 1020; x_wconf 77' lang='lat' dir='ltr'><strong>vestram</strong></span> 
     </span>
    </p>
   </div>
   <div class='ocr_carea' id='block_1_13' title="bbox 452 1055 2034 1137">
    <p class='ocr_par' dir='ltr' id='par_1_13' title="bbox 452 1055 2034 1137">
     <span class='ocr_line' id='line_1_13' title="bbox 452 1055 2034 1137; baseline -0.002 -25"><span class='ocrx_word' id='word_1_65' title='bbox 452 1057 710 1122; x_wconf 81' lang='lat' dir='ltr'><strong>aluimus,</strong></span> <span class='ocrx_word' id='word_1_66' title='bbox 742 1067 798 1113; x_wconf 89' lang='lat' dir='ltr'><strong>et</strong></span> <span class='ocrx_word' id='word_1_67' title='bbox 839 1058 983 1127; x_wconf 89' lang='lat' dir='ltr'><strong>quod</strong></span> <span class='ocrx_word' id='word_1_68' title='bbox 1016 1059 1099 1114; x_wconf 84' lang='lat' dir='ltr'><strong>fas</strong></span> <span class='ocrx_word' id='word_1_69' title='bbox 1127 1061 1327 1127; x_wconf 85' lang='lat' dir='ltr'><strong>jusque</strong></span> <span class='ocrx_word' id='word_1_70' title='bbox 1377 1069 1460 1114; x_wconf 92' lang='lat' dir='ltr'><strong>est</strong></span> <span class='ocrx_word' id='word_1_71' title='bbox 1514 1055 2034 1137; x_wconf 85' lang='lat' dir='ltr'><strong>corrupimus._dum</strong></span> 
     </span>
    </p>
   </div>
   <div class='ocr_carea' id='block_1_14' title="bbox 453 1148 2034 1206">
    <p class='ocr_par' dir='ltr' id='par_1_14' title="bbox 453 1148 2034 1206">
     <span class='ocr_line' id='line_1_14' title="bbox 453 1148 2034 1206; baseline 0 -3"><span class='ocrx_word' id='word_1_72' title='bbox 453 1150 611 1204; x_wconf 81' lang='lat' dir='ltr'><strong>vobis</strong></span> <span class='ocrx_word' id='word_1_73' title='bbox 653 1158 710 1205; x_wconf 89' lang='lat' dir='ltr'><strong>et</strong></span> <span class='ocrx_word' id='word_1_74' title='bbox 744 1149 971 1205; x_wconf 90' lang='lat' dir='ltr'><strong>deorum</strong></span> <span class='ocrx_word' id='word_1_75' title='bbox 1000 1160 1057 1206; x_wconf 90' lang='lat' dir='ltr'><strong>et</strong></span> <span class='ocrx_word' id='word_1_76' title='bbox 1100 1150 1385 1205; x_wconf 89' lang='lat' dir='ltr'><strong>hominum</strong></span> <span class='ocrx_word' id='word_1_77' title='bbox 1412 1148 1627 1205; x_wconf 80' lang='lat' dir='ltr'><strong>infestis</strong></span> <span class='ocrx_word' id='word_1_78' title='bbox 1647 1149 1899 1204; x_wconf 83' lang='lat' dir='ltr'><strong>hostibus</strong></span> <span class='ocrx_word' id='word_1_79' title='bbox 1933 1161 2034 1203; x_wconf 82' lang='lat' dir='ltr'><strong>au-</strong></span> 
     </span>
    </p>
   </div>
   <div class='ocr_carea' id='block_1_15' title="bbox 453 1240 2038 1311">
    <p class='ocr_par' dir='ltr' id='par_1_15' title="bbox 453 1240 2038 1311">
     <span class='ocr_line' id='line_1_15' title="bbox 453 1240 2038 1311; baseline -0.003 -16"><span class='ocrx_word' id='word_1_80' title='bbox 453 1241 616 1296; x_wconf 89' lang='lat' dir='ltr'><strong>dendi</strong></span> <span class='ocrx_word' id='word_1_81' title='bbox 664 1241 876 1311; x_wconf 89' lang='lat' dir='ltr'><strong>copiam</strong></span> <span class='ocrx_word' id='word_1_82' title='bbox 932 1242 1205 1298; x_wconf 85' lang='lat' dir='ltr'><strong>dedimus.</strong></span> <span class='ocrx_word' id='word_1_83' title='bbox 1255 1241 1402 1299; x_wconf 82' lang='lat' dir='ltr'><strong>Inest</strong></span> <span class='ocrx_word' id='word_1_84' title='bbox 1424 1244 1627 1311; x_wconf 83' lang='lat' dir='ltr'><strong>quippe</strong></span> <span class='ocrx_word' id='word_1_85' title='bbox 1670 1240 1829 1295; x_wconf 82' lang='lat' dir='ltr'><strong>vobis</strong></span> <span class='ocrx_word' id='word_1_86' title='bbox 1850 1253 2038 1294; x_wconf 80' lang='lat' dir='ltr'><strong>vecor-</strong></span> 
     </span>
    </p>
   </div>
   <div class='ocr_carea' id='block_1_16' title="bbox 452 1332 2031 1404">
    <p class='ocr_par' dir='ltr' id='par_1_16' title="bbox 452 1332 2031 1404">
     <span class='ocr_line' id='line_1_16' title="bbox 452 1332 2031 1404; baseline -0.001 -17"><span class='ocrx_word' id='word_1_87' title='bbox 452 1332 544 1388; x_wconf 90' lang='lat' dir='ltr'><strong>dia</strong></span> <span class='ocrx_word' id='word_1_88' title='bbox 587 1339 642 1386; x_wconf 89' lang='lat' dir='ltr'><strong>et</strong></span> <span class='ocrx_word' id='word_1_89' title='bbox 685 1332 899 1387; x_wconf 86' lang='lat' dir='ltr'><strong>insania</strong></span> <span class='ocrx_word' id='word_1_90' title='bbox 929 1348 1054 1387; x_wconf 90' lang='lat' dir='ltr'><strong>cum</strong></span> <span class='ocrx_word' id='word_1_91' title='bbox 1084 1333 1269 1404; x_wconf 77' lang='lat' dir='ltr'><strong>lingua</strong></span> <span class='ocrx_word' id='word_1_92' title='bbox 1306 1334 1558 1403; x_wconf 90' lang='lat' dir='ltr'><strong>loquace,</strong></span> <span class='ocrx_word' id='word_1_93' title='bbox 1597 1347 1722 1403; x_wconf 68' lang='lat' dir='ltr'><strong>quae</strong></span> <span class='ocrx_word' id='word_1_94' title='bbox 1748 1342 1803 1386; x_wconf 92' lang='lat' dir='ltr'><strong>et</strong></span> <span class='ocrx_word' id='word_1_95' title='bbox 1832 1345 2031 1399; x_wconf 59' lang='lat' dir='ltr'><strong>congeo</strong></span> 
     </span>
    </p>
   </div>
   <div class='ocr_carea' id='block_1_17' title="bbox 453 1422 2034 1492">
    <p class='ocr_par' dir='ltr' id='par_1_17' title="bbox 453 1422 2034 1492">
     <span class='ocr_line' id='line_1_17' title="bbox 453 1422 2034 1492; baseline -0.001 -17"><span class='ocrx_word' id='word_1_96' title='bbox 453 1423 621 1476; x_wconf 89' lang='lat' dir='ltr'><strong>nitam</strong></span> <span class='ocrx_word' id='word_1_97' title='bbox 670 1422 831 1476; x_wconf 86' lang='lat' dir='ltr'><strong>habet</strong></span> <span class='ocrx_word' id='word_1_98' title='bbox 892 1422 1240 1492; x_wconf 80' lang='lat' dir='ltr'><strong>omnigcnam</strong></span> <span class='ocrx_word' id='word_1_99' title='bbox 1286 1422 1615 1485; x_wconf 80' lang='lat' dir='ltr'><strong>fatuitatem,</strong></span> <span class='ocrx_word' id='word_1_100' title='bbox 1646 1422 1855 1478; x_wconf 85' lang='lat' dir='ltr'><strong>etuihil</strong></span> <span class='ocrx_word' id='word_1_101' title='bbox 1882 1422 2034 1491; x_wconf 88' lang='lat' dir='ltr'><strong>pium</strong></span> 
     </span>
    </p>
   </div>
   <div class='ocr_carea' id='block_1_18' title="bbox 455 1511 2024 1584">
    <p class='ocr_par' dir='ltr' id='par_1_18' title="bbox 455 1511 2024 1584">
     <span class='ocr_line' id='line_1_18' title="bbox 455 1511 2024 1584; baseline -0.001 -18"><span class='ocrx_word' id='word_1_102' title='bbox 455 1511 639 1581; x_wconf 87' lang='lat' dir='ltr'><strong>eloqui</strong></span> <span class='ocrx_word' id='word_1_103' title='bbox 677 1520 894 1582; x_wconf 86' lang='lat' dir='ltr'><strong>potest:</strong></span> <span class='ocrx_word' id='word_1_104' title='bbox 930 1524 1124 1583; x_wconf 74' lang='lat' dir='ltr'><strong>prtetcr</strong></span> <span class='ocrx_word' id='word_1_105' title='bbox 1189 1528 1354 1584; x_wconf 85' lang='lat' dir='ltr'><strong>quam</strong></span> <span class='ocrx_word' id='word_1_106' title='bbox 1400 1514 1549 1584; x_wconf 90' lang='lat' dir='ltr'><strong>quod</strong></span> <span class='ocrx_word' id='word_1_107' title='bbox 1607 1512 1865 1570; x_wconf 74' lang='lat' dir='ltr'><strong>eﬂrenem</strong></span> <span class='ocrx_word' id='word_1_108' title='bbox 1913 1512 2024 1567; x_wconf 81' lang='lat' dir='ltr'><strong>ani-</strong></span> 
     </span>
    </p>
   </div>
   <div class='ocr_carea' id='block_1_19' title="bbox 450 1602 2033 1683">
    <p class='ocr_par' dir='ltr' id='par_1_19' title="bbox 450 1602 2033 1683">
     <span class='ocr_line' id='line_1_19' title="bbox 450 1602 2033 1683; baseline -0.001 -25"><span class='ocrx_word' id='word_1_109' title='bbox 450 1619 602 1683; x_wconf 82' lang='lat' dir='ltr'><strong>mum</strong></span> <span class='ocrx_word' id='word_1_110' title='bbox 679 1605 931 1660; x_wconf 91' lang='lat' dir='ltr'><strong>comitari</strong></span> <span class='ocrx_word' id='word_1_111' title='bbox 984 1607 1125 1661; x_wconf 86' lang='lat' dir='ltr'><strong>solet</strong></span> <span class='ocrx_word' id='word_1_112' title='bbox 1185 1606 1665 1669; x_wconf 86' lang='lat' dir='ltr'><strong>inconsiderantia,</strong></span> <span class='ocrx_word' id='word_1_113' title='bbox 1724 1615 1781 1660; x_wconf 88' lang='lat' dir='ltr'><strong>et</strong></span> <span class='ocrx_word' id='word_1_114' title='bbox 1807 1602 2033 1660; x_wconf 86' lang='lat' dir='ltr'><strong>audacia</strong></span> 
     </span>
    </p>
   </div>
   <div class='ocr_carea' id='block_1_20' title="bbox 2137 414 3709 489">
    <p class='ocr_par' dir='ltr' id='par_1_20' title="bbox 2137 414 3709 489">
     <span class='ocr_line' id='line_1_20' title="bbox 2137 414 3709 489; baseline -0.001 -17"><span class='ocrx_word' id='word_1_115' title='bbox 2137 417 2201 473; x_wconf 77' lang='grc' dir='ltr'><strong>τὸ</strong></span> <span class='ocrx_word' id='word_1_116' title='bbox 2238 417 2337 487; x_wconf 76' lang='grc' dir='ltr'><strong>μὲν</strong></span> <span class='ocrx_word' id='word_1_117' title='bbox 2379 420 2723 488; x_wconf 78' lang='grc' dir='ltr'><strong>προσωπεῖον</strong></span> <span class='ocrx_word' id='word_1_118' title='bbox 2770 416 3076 489; x_wconf 71' lang='grc' dir='ltr'><strong>ἀπορρῖψαι</strong></span> <span class='ocrx_word' id='word_1_119' title='bbox 3110 415 3217 488; x_wconf 82' lang='grc' dir='ltr'><strong>τῆς</strong></span> <span class='ocrx_word' id='word_1_120' title='bbox 3244 414 3585 489; x_wconf 79' lang='grc' dir='ltr'><strong>ὑποκρίσεως</strong></span> <span class='ocrx_word' id='word_1_121' title='bbox 3620 416 3709 472; x_wconf 75' lang='grc' dir='ltr'><strong>λέ-</strong></span> 
     </span>
    </p>
   </div>
   <div class='ocr_carea' id='block_1_21' title="bbox 2139 505 3709 577">
    <p class='ocr_par' dir='ltr' id='par_1_21' title="bbox 2139 505 3709 577">
     <span class='ocr_line' id='line_1_21' title="bbox 2139 505 3709 577; baseline -0.001 -20"><span class='ocrx_word' id='word_1_122' title='bbox 2139 522 2319 572; x_wconf 82' lang='grc' dir='ltr'><strong>γεται,</strong></span> <span class='ocrx_word' id='word_1_123' title='bbox 2349 508 2463 568; x_wconf 88' lang='grc' dir='ltr'><strong>τοῖς</strong></span> <span class='ocrx_word' id='word_1_124' title='bbox 2486 505 2546 560; x_wconf 67' lang='grc' dir='ltr'><strong>δὲ</strong></span> <span class='ocrx_word' id='word_1_125' title='bbox 2570 505 2679 560; x_wconf 82' lang='grc' dir='ltr'><strong>τῶν</strong></span> <span class='ocrx_word' id='word_1_126' title='bbox 2705 507 2980 576; x_wconf 75' lang='grc' dir='ltr'><strong>σωμάτων</strong></span> <span class='ocrx_word' id='word_1_127' title='bbox 3010 507 3440 577; x_wconf 80' lang='grc' dir='ltr'><strong>σχηματισμοῖς,</strong></span> <span class='ocrx_word' id='word_1_128' title='bbox 3473 505 3568 558; x_wconf 70' lang='grc' dir='ltr'><strong>καὶ</strong></span> <span class='ocrx_word' id='word_1_129' title='bbox 3590 507 3709 570; x_wconf 85' lang='grc' dir='ltr'><strong>ταῖς</strong></span> 
     </span>
    </p>
   </div>
   <div class='ocr_carea' id='block_1_22' title="bbox 2136 589 3710 669">
    <p class='ocr_par' dir='ltr' id='par_1_22' title="bbox 2136 589 3710 669">
     <span class='ocr_line' id='line_1_22' title="bbox 2136 589 3710 669; baseline 0.001 -20"><span class='ocrx_word' id='word_1_130' title='bbox 2136 596 2245 649; x_wconf 83' lang='grc' dir='ltr'><strong>τῶν</strong></span> <span class='ocrx_word' id='word_1_131' title='bbox 2275 598 2587 668; x_wconf 80' lang='grc' dir='ltr'><strong>προσώπων</strong></span> <span class='ocrx_word' id='word_1_132' title='bbox 2628 596 2938 661; x_wconf 70' lang='grc' dir='ltr'><strong>ἑνστάσεσι,</strong></span> <span class='ocrx_word' id='word_1_133' title='bbox 2966 595 3176 667; x_wconf 77' lang='grc' dir='ltr'><strong>γυμνὸν</strong></span> <span class='ocrx_word' id='word_1_134' title='bbox 3216 596 3314 650; x_wconf 76' lang='grc' dir='ltr'><strong>καὶ</strong></span> <span class='ocrx_word' id='word_1_135' title='bbox 3344 589 3460 650; x_wconf 74' lang='grc' dir='ltr'><strong>οἷον</strong></span> <span class='ocrx_word' id='word_1_136' title='bbox 3493 596 3710 669; x_wconf 76' lang='grc' dir='ltr'><strong>ἀπαρα-</strong></span> 
     </span>
    </p>
   </div>
   <div class='ocr_carea' id='block_1_23' title="bbox 2136 686 3707 759">
    <p class='ocr_par' dir='ltr' id='par_1_23' title="bbox 2136 686 3707 759">
     <span class='ocr_line' id='line_1_23' title="bbox 2136 686 3707 759; baseline 0.001 -20"><span class='ocrx_word' id='word_1_137' title='bbox 2136 687 2411 741; x_wconf 80' lang='grc' dir='ltr'><strong>κάλυπτον</strong></span> <span class='ocrx_word' id='word_1_138' title='bbox 2457 687 2520 741; x_wconf 79' lang='grc' dir='ltr'><strong>τὸ</strong></span> <span class='ocrx_word' id='word_1_139' title='bbox 2567 687 2669 756; x_wconf 82' lang='grc' dir='ltr'><strong>τῆς</strong></span> <span class='ocrx_word' id='word_1_140' title='bbox 2693 686 2874 759; x_wconf 77' lang='grc' dir='ltr'><strong>ψυχῆς</strong></span> <span class='ocrx_word' id='word_1_141' title='bbox 2918 686 3367 758; x_wconf 76' lang='grc' dir='ltr'><strong>ἐνδεικνυμένους</strong></span> <span class='ocrx_word' id='word_1_142' title='bbox 3407 687 3707 757; x_wconf 79' lang='grc' dir='ltr'><strong>θυμοειδὲς,</strong></span> 
     </span>
    </p>
   </div>
   <div class='ocr_carea' id='block_1_24' title="bbox 2135 776 3711 851">
    <p class='ocr_par' dir='ltr' id='par_1_24' title="bbox 2135 776 3711 851">
     <span class='ocr_line' id='line_1_24' title="bbox 2135 776 3711 851; baseline 0.003 -22"><span class='ocrx_word' id='word_1_143' title='bbox 2135 778 2526 850; x_wconf 81' lang='grc' dir='ltr'><strong>γεγωνότερεν,</strong></span> <span class='ocrx_word' id='word_1_144' title='bbox 2549 778 2585 848; x_wconf 72' lang='grc' dir='ltr'>ἢ</span> <span class='ocrx_word' id='word_1_145' title='bbox 2617 779 2762 833; x_wconf 85' lang='grc' dir='ltr'><strong>κατά</strong></span> <span class='ocrx_word' id='word_1_146' title='bbox 2788 779 2849 833; x_wconf 83' lang='grc' dir='ltr'><strong>τὺ</strong></span> <span class='ocrx_word' id='word_1_147' title='bbox 2876 776 3126 851; x_wconf 84' lang='grc' dir='ltr'><strong>σύνηθες,</strong></span> <span class='ocrx_word' id='word_1_148' title='bbox 3156 778 3534 851; x_wconf 69' lang='grc' dir='ltr'><strong>ἐξεστηκότων</strong></span> <span class='ocrx_word' id='word_1_149' title='bbox 3558 779 3711 851; x_wconf 84' lang='grc' dir='ltr'><strong>δίκην</strong></span> 
     </span>
    </p>
   </div>
   <div class='ocr_carea' id='block_1_25' title="bbox 2134 867 3712 943">
    <p class='ocr_par' dir='ltr' id='par_1_25' title="bbox 2134 867 3712 943">
     <span class='ocr_line' id='line_1_25' title="bbox 2134 867 3712 943; baseline 0.001 -22"><span class='ocrx_word' id='word_1_150' title='bbox 2134 867 2407 939; x_wconf 76' lang='grc' dir='ltr'><strong>ιμδοῆσαι</strong></span> <span class='ocrx_word' id='word_1_151' title='bbox 2458 871 2575 933; x_wconf 90' lang='grc' dir='ltr'><strong>τοῖς</strong></span> <span class='ocrx_word' id='word_1_152' title='bbox 2610 868 2881 941; x_wconf 84' lang='grc' dir='ltr'><strong>ἀθληταῖς</strong></span> <span class='ocrx_word' id='word_1_153' title='bbox 2938 870 3033 925; x_wconf 72' lang='grc' dir='ltr'><strong>καὶ</strong></span> <span class='ocrx_word' id='word_1_154' title='bbox 3066 871 3253 940; x_wconf 85' lang='grc' dir='ltr'><strong>φάναι,</strong></span> <span class='ocrx_word' id='word_1_155' title='bbox 3294 868 3376 935; x_wconf 76' lang='grc' dir='ltr'><strong>ὣς</strong></span> <span class='ocrx_word' id='word_1_156' title='bbox 3411 871 3512 943; x_wconf 75' lang='grc' dir='ltr'><strong>οὐχ</strong></span> <span class='ocrx_word' id='word_1_157' title='bbox 3556 869 3712 940; x_wconf 76' lang='grc' dir='ltr'><strong>ὑμεῖς</strong></span> 
     </span>
    </p>
   </div>
   <div class='ocr_carea' id='block_1_26' title="bbox 2133 956 3712 1033">
    <p class='ocr_par' dir='ltr' id='par_1_26' title="bbox 2133 956 3712 1033">
     <span class='ocr_line' id='line_1_26' title="bbox 2133 956 3712 1033; baseline 0.003 -22"><span class='ocrx_word' id='word_1_158' title='bbox 2133 956 2303 1012; x_wconf 81' lang='grc' dir='ltr'><strong>τῶνδε</strong></span> <span class='ocrx_word' id='word_1_159' title='bbox 2343 958 2456 1013; x_wconf 85' lang='grc' dir='ltr'><strong>τῶν</strong></span> <span class='ocrx_word' id='word_1_160' title='bbox 2492 959 2718 1014; x_wconf 87' lang='grc' dir='ltr'><strong>είκαίων</strong></span> <span class='ocrx_word' id='word_1_161' title='bbox 2768 960 2966 1028; x_wconf 83' lang='grc' dir='ltr'><strong>λόγων.</strong></span> <span class='ocrx_word' id='word_1_162' title='bbox 2995 959 3115 1016; x_wconf 78' lang='grc' dir='ltr'><strong>ἀλλ’</strong></span> <span class='ocrx_word' id='word_1_163' title='bbox 3140 961 3303 1033; x_wconf 75' lang='grc' dir='ltr'><strong>ἡμεῖς</strong></span> <span class='ocrx_word' id='word_1_164' title='bbox 3322 960 3425 1032; x_wconf 83' lang='grc' dir='ltr'><strong>τῆς</strong></span> <span class='ocrx_word' id='word_1_165' title='bbox 3448 962 3529 1025; x_wconf 86' lang='grc' dir='ltr'><strong>εις</strong></span> <span class='ocrx_word' id='word_1_166' title='bbox 3556 960 3712 1026; x_wconf 74' lang='grc' dir='ltr'><strong>θεοὺς</strong></span> 
     </span>
    </p>
   </div>
   <div class='ocr_carea' id='block_1_27' title="bbox 2137 1043 3715 1126">
    <p class='ocr_par' dir='ltr' id='par_1_27' title="bbox 2137 1043 3715 1126">
     <span class='ocr_line' id='line_1_27' title="bbox 2137 1043 3715 1126; baseline 0.004 -22"><span class='ocrx_word' id='word_1_167' title='bbox 2137 1049 2493 1123; x_wconf 70' lang='grc' dir='ltr'><strong>βλασφημίας</strong></span> <span class='ocrx_word' id='word_1_168' title='bbox 2547 1053 2899 1125; x_wconf 73' lang='grc' dir='ltr'><strong>κατέστημεν</strong></span> <span class='ocrx_word' id='word_1_169' title='bbox 2955 1043 3143 1118; x_wconf 71' lang='grc' dir='ltr'><strong>αἴτιοι,</strong></span> <span class='ocrx_word' id='word_1_170' title='bbox 3196 1052 3583 1125; x_wconf 69' lang='grc' dir='ltr'><strong>φιλανθρωπία</strong></span> <span class='ocrx_word' id='word_1_171' title='bbox 3612 1051 3715 1126; x_wconf 71' lang='grc' dir='ltr'><strong>τὴν</strong></span> 
     </span>
    </p>
   </div>
   <div class='ocr_carea' id='block_1_28' title="bbox 2135 1142 3713 1217">
    <p class='ocr_par' dir='ltr' id='par_1_28' title="bbox 2135 1142 3713 1217">
     <span class='ocr_line' id='line_1_28' title="bbox 2135 1142 3713 1217; baseline 0.001 -19"><span class='ocrx_word' id='word_1_172' title='bbox 2135 1142 2326 1198; x_wconf 72' lang='grc' dir='ltr'><strong>ἄνοιαν</strong></span> <span class='ocrx_word' id='word_1_173' title='bbox 2372 1143 2527 1213; x_wconf 81' lang='grc' dir='ltr'><strong>ὑμῶν</strong></span> <span class='ocrx_word' id='word_1_174' title='bbox 2555 1144 2974 1216; x_wconf 77' lang='grc' dir='ltr'><strong>ὲπιθρέψαντες,</strong></span> <span class='ocrx_word' id='word_1_175' title='bbox 3013 1150 3110 1199; x_wconf 81' lang='grc' dir='ltr'><strong>καὶ</strong></span> <span class='ocrx_word' id='word_1_176' title='bbox 3161 1146 3224 1199; x_wconf 76' lang='grc' dir='ltr'><strong>τὸ</strong></span> <span class='ocrx_word' id='word_1_177' title='bbox 3262 1146 3427 1200; x_wconf 71' lang='grc' dir='ltr'><strong>καλὸν</strong></span> <span class='ocrx_word' id='word_1_178' title='bbox 3467 1145 3713 1217; x_wconf 79' lang='grc' dir='ltr'><strong>διαφθεί-</strong></span> 
     </span>
    </p>
   </div>
   <div class='ocr_carea' id='block_1_29' title="bbox 2140 1235 3713 1310">
    <p class='ocr_par' dir='ltr' id='par_1_29' title="bbox 2140 1235 3713 1310">
     <span class='ocr_line' id='line_1_29' title="bbox 2140 1235 3713 1310; baseline 0.003 -24"><span class='ocrx_word' id='word_1_179' title='bbox 2140 1250 2332 1302; x_wconf 84' lang='grc' dir='ltr'><strong>ραντες</strong></span> <span class='ocrx_word' id='word_1_180' title='bbox 2350 1249 2364 1264; x_wconf 70' lang='grc'><strong>⁸</strong></span> <span class='ocrx_word' id='word_1_181' title='bbox 2396 1235 2454 1287; x_wconf 88' lang='grc' dir='ltr'>οῖ</span> <span class='ocrx_word' id='word_1_182' title='bbox 2475 1252 2540 1305; x_wconf 84' lang='grc' dir='ltr'><strong>γε</strong></span> <span class='ocrx_word' id='word_1_183' title='bbox 2568 1237 2663 1289; x_wconf 68' lang='grc' dir='ltr'><strong>καὶ</strong></span> <span class='ocrx_word' id='word_1_184' title='bbox 2702 1237 2847 1301; x_wconf 85' lang='grc' dir='ltr'><strong>θεοῖς</strong></span> <span class='ocrx_word' id='word_1_185' title='bbox 2876 1236 3096 1309; x_wconf 72' lang='grc' dir='ltr'><strong>ἐχθροῖς</strong></span> <span class='ocrx_word' id='word_1_186' title='bbox 3123 1236 3220 1291; x_wconf 80' lang='grc' dir='ltr'><strong>καὶ</strong></span> <span class='ocrx_word' id='word_1_187' title='bbox 3238 1237 3555 1310; x_wconf 81' lang='grc' dir='ltr'><strong>ἀνθρώποις</strong></span> <span class='ocrx_word' id='word_1_188' title='bbox 3584 1238 3713 1293; x_wconf 82' lang='grc' dir='ltr'><strong>δύσ-</strong></span> 
     </span>
    </p>
   </div>
   <div class='ocr_carea' id='block_1_30' title="bbox 2135 1314 3711 1401">
    <p class='ocr_par' dir='ltr' id='par_1_30' title="bbox 2135 1314 3711 1401">
     <span class='ocr_line' id='line_1_30' title="bbox 2135 1314 3711 1401; baseline 0.004 -23"><span class='ocrx_word' id='word_1_189' title='bbox 2135 1341 2248 1389; x_wconf 89' lang='grc' dir='ltr'><strong>νοις</strong></span> <span class='ocrx_word' id='word_1_190' title='bbox 2307 1326 2684 1399; x_wconf 78' lang='grc' dir='ltr'><strong>ὑπάρχουσιν,</strong></span> <span class='ocrx_word' id='word_1_191' title='bbox 2738 1327 2822 1383; x_wconf 79' lang='grc' dir='ltr'><strong>ετι</strong></span> <span class='ocrx_word' id='word_1_192' title='bbox 2877 1328 2977 1383; x_wconf 83' lang='grc' dir='ltr'><strong>καὶ</strong></span> <span class='ocrx_word' id='word_1_193' title='bbox 3029 1314 3348 1400; x_wconf 78' lang='grc' dir='ltr'><strong>παρρησίας</strong></span> <span class='ocrx_word' id='word_1_194' title='bbox 3398 1326 3711 1401; x_wconf 72' lang='grc' dir='ltr'><strong>μεταδιδῶσι</strong></span> 
     </span>
    </p>
   </div>
   <div class='ocr_carea' id='block_1_31' title="bbox 2136 1417 3713 1490">
    <p class='ocr_par' dir='ltr' id='par_1_31' title="bbox 2136 1417 3713 1490">
     <span class='ocr_line' id='line_1_31' title="bbox 2136 1417 3713 1490; baseline 0.003 -19"><span class='ocrx_word' id='word_1_195' title='bbox 2136 1432 2314 1489; x_wconf 82' lang='grc' dir='ltr'><strong>καμεν</strong></span> <span class='ocrx_word' id='word_1_196' title='bbox 2337 1431 2349 1445; x_wconf 85' lang='grc'><strong>·</strong></span> <span class='ocrx_word' id='word_1_197' title='bbox 2407 1417 2764 1490; x_wconf 71' lang='grc' dir='ltr'><strong>ιντέτραφται</strong></span> <span class='ocrx_word' id='word_1_198' title='bbox 2808 1418 2920 1490; x_wconf 80' lang='grc' dir='ltr'><strong>γάρ</strong></span> <span class='ocrx_word' id='word_1_199' title='bbox 2964 1420 3195 1476; x_wconf 80' lang='grc' dir='ltr'><strong>ἀπόνοια</strong></span> <span class='ocrx_word' id='word_1_200' title='bbox 3250 1420 3349 1475; x_wconf 74' lang='grc' dir='ltr'><strong>καὶ</strong></span> <span class='ocrx_word' id='word_1_201' title='bbox 3392 1419 3591 1489; x_wconf 84' lang='grc' dir='ltr'><strong>ἀλογία</strong></span> <span class='ocrx_word' id='word_1_202' title='bbox 3616 1420 3713 1475; x_wconf 76' lang='grc' dir='ltr'><strong>καὶ</strong></span> 
     </span>
    </p>
   </div>
   <div class='ocr_carea' id='block_1_32' title="bbox 2133 1503 3711 1585">
    <p class='ocr_par' dir='ltr' id='par_1_32' title="bbox 2133 1503 3711 1585">
     <span class='ocr_line' id='line_1_32' title="bbox 2133 1503 3711 1585; baseline 0.003 -24"><span class='ocrx_word' id='word_1_203' title='bbox 2133 1505 2354 1576; x_wconf 79' lang='grc' dir='ltr'><strong>γλῶσσα</strong></span> <span class='ocrx_word' id='word_1_204' title='bbox 2384 1510 2720 1582; x_wconf 73' lang='grc' dir='ltr'><strong>πολυρημων</strong></span> <span class='ocrx_word' id='word_1_205' title='bbox 2747 1511 2899 1581; x_wconf 73' lang='grc' dir='ltr'><strong>ὑμῖν,</strong></span> <span class='ocrx_word' id='word_1_206' title='bbox 2929 1510 3061 1583; x_wconf 80' lang='grc' dir='ltr'><strong>παρ’</strong></span> <span class='ocrx_word' id='word_1_207' title='bbox 3092 1504 3128 1585; x_wconf 71' lang='grc' dir='ltr'><strong><em>ᾖ</em></strong></span> <span class='ocrx_word' id='word_1_208' title='bbox 3159 1503 3403 1583; x_wconf 71' lang='grc' dir='ltr'><strong>πᾶν’μὶν</strong></span> <span class='ocrx_word' id='word_1_209' title='bbox 3431 1510 3711 1585; x_wconf 68' lang='grc' dir='ltr'><strong>ἄχρηστον</strong></span> 
     </span>
    </p>
   </div>
   <div class='ocr_carea' id='block_1_33' title="bbox 2136 1597 3713 1674">
    <p class='ocr_par' dir='ltr' id='par_1_33' title="bbox 2136 1597 3713 1674">
     <span class='ocr_line' id='line_1_33' title="bbox 2136 1597 3713 1674; baseline 0.003 -23"><span class='ocrx_word' id='word_1_210' title='bbox 2136 1597 2335 1667; x_wconf 82' lang='grc' dir='ltr'><strong>φίλιον,</strong></span> <span class='ocrx_word' id='word_1_211' title='bbox 2390 1598 2702 1670; x_wconf 67' lang='grc' dir='ltr'><strong>ἄφθεγκτον</strong></span> <span class='ocrx_word' id='word_1_212' title='bbox 2767 1601 2826 1655; x_wconf 66' lang='grc' dir='ltr'><strong>δὲ</strong></span> <span class='ocrx_word' id='word_1_213' title='bbox 2891 1602 2955 1657; x_wconf 75' lang='grc' dir='ltr'><strong>τὸ</strong></span> <span class='ocrx_word' id='word_1_214' title='bbox 3002 1602 3226 1667; x_wconf 80' lang='grc' dir='ltr'><strong>εὐσεδές</strong></span> <span class='ocrx_word' id='word_1_215' title='bbox 3248 1618 3265 1633; x_wconf 73' lang='grc' dir='ltr'>ο</span> <span class='ocrx_word' id='word_1_216' title='bbox 3292 1601 3418 1656; x_wconf 64' lang='grc' dir='ltr'><strong>επεὶ</strong></span> <span class='ocrx_word' id='word_1_217' title='bbox 3451 1603 3548 1658; x_wconf 79' lang='grc' dir='ltr'><strong>καὶ</strong></span> <span class='ocrx_word' id='word_1_218' title='bbox 3576 1617 3713 1674; x_wconf 74' lang='grc' dir='ltr'><strong>προ-</strong></span> 
     </span>
    </p>
   </div>
   <div class='ocr_carea' id='block_1_34' title="bbox 452 1691 2030 1772">
    <p class='ocr_par' dir='ltr' id='par_1_34' title="bbox 452 1698 2030 1772">
     <span class='ocr_line' id='line_1_34' title="bbox 452 1698 2030 1772; baseline 0.001 -20"><span class='ocrx_word' id='word_1_219' title='bbox 452 1700 509 1752; x_wconf 91' lang='lat' dir='ltr'><strong>in</strong></span> <span class='ocrx_word' id='word_1_220' title='bbox 560 1698 771 1753; x_wconf 89' lang='lat' dir='ltr'><strong>subitos</strong></span> <span class='ocrx_word' id='word_1_221' title='bbox 833 1707 1016 1754; x_wconf 90' lang='lat' dir='ltr'><strong>motus</strong></span> <span class='ocrx_word' id='word_1_222' title='bbox 1066 1701 1325 1771; x_wconf 77' lang='lat' dir='ltr'><strong>erumpit,</strong></span> <span class='ocrx_word' id='word_1_223' title='bbox 1368 1700 1691 1771; x_wconf 79' lang='lat' dir='ltr'><strong>faciliusque</strong></span> <span class='ocrx_word' id='word_1_224' title='bbox 1757 1701 1938 1772; x_wconf 84' lang='lat' dir='ltr'><strong>ignem</strong></span> <span class='ocrx_word' id='word_1_225' title='bbox 2002 1714 2030 1753; x_wconf 93' lang='lat' dir='ltr'><strong>a</strong></span> 
     </span>
    </p>
   </div>
   <div class='ocr_carea' id='block_1_35' title="bbox 2131 1691 3714 1772">
    <p class='ocr_par' dir='ltr' id='par_1_35' title="bbox 2135 1691 3714 1765">
     <span class='ocr_line' id='line_1_35' title="bbox 2135 1691 3714 1765; baseline 0.003 -21"><span class='ocrx_word' id='word_1_226' title='bbox 2135 1691 2321 1762; x_wconf 77' lang='grc' dir='ltr'><strong>χείρου</strong></span> <span class='ocrx_word' id='word_1_227' title='bbox 2379 1691 2733 1763; x_wconf 72' lang='grc' dir='ltr'><strong>φρονήματος</strong></span> <span class='ocrx_word' id='word_1_228' title='bbox 2797 1694 2999 1749; x_wconf 72' lang='grc' dir='ltr'><strong>οἰκεῖον</strong></span> <span class='ocrx_word' id='word_1_229' title='bbox 3038 1692 3103 1748; x_wconf 84' lang='grc' dir='ltr'><strong>τδ</strong></span> <span class='ocrx_word' id='word_1_230' title='bbox 3142 1692 3572 1765; x_wconf 77' lang='grc' dir='ltr'><strong>ἀπερίσκεπτον,</strong></span> <span class='ocrx_word' id='word_1_231' title='bbox 3618 1692 3714 1748; x_wconf 82' lang='grc' dir='ltr'><strong>καὶ</strong></span> 
     </span>
    </p>
   </div>
   <div class='ocr_carea' id='block_1_36' title="bbox 448 1789 2035 1860">
    <p class='ocr_par' dir='ltr' id='par_1_36' title="bbox 448 1789 2035 1860">
     <span class='ocr_line' id='line_1_36' title="bbox 448 1789 2035 1860; baseline 0.001 -17"><span class='ocrx_word' id='word_1_232' title='bbox 448 1790 820 1845; x_wconf 83' lang='lat' dir='ltr'><strong>comburendo</strong></span> <span class='ocrx_word' id='word_1_233' title='bbox 864 1791 1143 1853; x_wconf 86' lang='lat' dir='ltr'><strong>cobibeas,</strong></span> <span class='ocrx_word' id='word_1_234' title='bbox 1172 1806 1338 1860; x_wconf 85' lang='lat' dir='ltr'><strong>quam</strong></span> <span class='ocrx_word' id='word_1_235' title='bbox 1370 1807 1434 1846; x_wconf 89' lang='lat' dir='ltr'><strong>os</strong></span> <span class='ocrx_word' id='word_1_236' title='bbox 1502 1792 1853 1846; x_wconf 88' lang='lat' dir='ltr'><strong>temerarium</strong></span> <span class='ocrx_word' id='word_1_237' title='bbox 1885 1789 2035 1845; x_wconf 77' lang='lat' dir='ltr'><strong>novi-</strong></span> 
     </span>
    </p>
   </div>
   <div class='ocr_carea' id='block_1_37' title="bbox 450 1880 2027 1953">
    <p class='ocr_par' dir='ltr' id='par_1_37' title="bbox 450 1880 2027 1953">
     <span class='ocr_line' id='line_1_37' title="bbox 450 1880 2027 1953; baseline 0.001 -19"><span class='ocrx_word' id='word_1_238' title='bbox 450 1881 580 1935; x_wconf 84' lang='lat' dir='ltr'><strong>tatis</strong></span> <span class='ocrx_word' id='word_1_239' title='bbox 609 1881 901 1935; x_wconf 80' lang='lat' dir='ltr'><strong>ﬂabellum.</strong></span> <span class='ocrx_word' id='word_1_240' title='bbox 938 1880 1045 1937; x_wconf 86' lang='lat' dir='ltr'><strong>Sed</strong></span> <span class='ocrx_word' id='word_1_241' title='bbox 1088 1883 1195 1953; x_wconf 78' lang='lat' dir='ltr'><strong>jam</strong></span> <span class='ocrx_word' id='word_1_242' title='bbox 1242 1884 1510 1937; x_wconf 83' lang='lat' dir='ltr'><strong>intentum</strong></span> <span class='ocrx_word' id='word_1_243' title='bbox 1547 1884 1704 1939; x_wconf 82' lang='lat' dir='ltr'><strong>vobis</strong></span> <span class='ocrx_word' id='word_1_244' title='bbox 1738 1881 2027 1953; x_wconf 85' lang='lat' dir='ltr'><strong>judicium,</strong></span> 
     </span>
    </p>
   </div>
   <div class='ocr_carea' id='block_1_38' title="bbox 441 1972 2033 2050">
    <p class='ocr_par' dir='ltr' id='par_1_38' title="bbox 441 1972 2033 2050">
     <span class='ocr_line' id='line_1_38' title="bbox 441 1972 2033 2050; baseline 0.001 -23"><span class='ocrx_word' id='word_1_245' title='bbox 441 1981 501 2027; x_wconf 88' lang='lat' dir='ltr'><strong>et</strong></span> <span class='ocrx_word' id='word_1_246' title='bbox 524 1972 843 2050; x_wconf 73' lang='lat' dir='ltr'><strong>impendens</strong></span> <span class='ocrx_word' id='word_1_247' title='bbox 889 1972 1214 2043; x_wconf 81' lang='lat' dir='ltr'><strong>periculum,</strong></span> <span class='ocrx_word' id='word_1_248' title='bbox 1257 1989 1590 2044; x_wconf 84' lang='lat' dir='ltr'><strong>manumque</strong></span> <span class='ocrx_word' id='word_1_249' title='bbox 1642 1974 1907 2029; x_wconf 85' lang='lat' dir='ltr'><strong>vindicem</strong></span> <span class='ocrx_word' id='word_1_250' title='bbox 1942 1987 2033 2028; x_wconf 75' lang='lat' dir='ltr'><strong>ex-</strong></span> 
     </span>
    </p>
   </div>
   <div class='ocr_carea' id='block_1_39' title="bbox 450 2063 2029 2137">
    <p class='ocr_par' dir='ltr' id='par_1_39' title="bbox 450 2063 2029 2137">
     <span class='ocr_line' id='line_1_39' title="bbox 450 2063 2029 2137; baseline 0.001 -20"><span class='ocrx_word' id='word_1_251' title='bbox 450 2072 655 2118; x_wconf 86' lang='lat' dir='ltr'><strong>tentam</strong></span> <span class='ocrx_word' id='word_1_252' title='bbox 714 2063 895 2119; x_wconf 89' lang='lat' dir='ltr'><strong>adhuc</strong></span> <span class='ocrx_word' id='word_1_253' title='bbox 947 2072 1002 2118; x_wconf 91' lang='lat' dir='ltr'><strong>et</strong></span> <span class='ocrx_word' id='word_1_254' title='bbox 1047 2064 1244 2119; x_wconf 86' lang='lat' dir='ltr'><strong>elatam</strong></span> <span class='ocrx_word' id='word_1_255' title='bbox 1308 2064 1577 2130; x_wconf 78' lang='lat' dir='ltr'><strong>videntes,</strong></span> <span class='ocrx_word' id='word_1_256' title='bbox 1626 2080 1750 2137; x_wconf 65' lang='lat' dir='ltr'><strong>qua:</strong></span> <span class='ocrx_word' id='word_1_257' title='bbox 1800 2065 2029 2120; x_wconf 84' lang='lat' dir='ltr'><strong>naturali</strong></span> 
     </span>
    </p>
   </div>
   <div class='ocr_carea' id='block_1_40' title="bbox 447 2154 2031 2227">
    <p class='ocr_par' dir='ltr' id='par_1_40' title="bbox 447 2154 2031 2227">
     <span class='ocr_line' id='line_1_40' title="bbox 447 2154 2031 2227; baseline 0.002 -18"><span class='ocrx_word' id='word_1_258' title='bbox 447 2154 733 2210; x_wconf 89' lang='lat' dir='ltr'><strong>clementia</strong></span> <span class='ocrx_word' id='word_1_259' title='bbox 778 2167 834 2209; x_wconf 89' lang='lat' dir='ltr'><strong>et</strong></span> <span class='ocrx_word' id='word_1_260' title='bbox 875 2155 1239 2211; x_wconf 85' lang='lat' dir='ltr'><strong>misericordia</strong></span> <span class='ocrx_word' id='word_1_261' title='bbox 1268 2156 1335 2211; x_wconf 91' lang='lat' dir='ltr'><strong>ad</strong></span> <span class='ocrx_word' id='word_1_262' title='bbox 1364 2169 1582 2227; x_wconf 65' lang='lat' dir='ltr'><strong>poenam</strong></span> <span class='ocrx_word' id='word_1_263' title='bbox 1628 2166 1807 2227; x_wconf 85' lang='lat' dir='ltr'><strong>torpet</strong></span> <span class='ocrx_word' id='word_1_264' title='bbox 1842 2165 1899 2212; x_wconf 93' lang='lat' dir='ltr'><strong>et</strong></span> <span class='ocrx_word' id='word_1_265' title='bbox 1924 2155 2031 2212; x_wconf 78' lang='lat' dir='ltr'><strong>dif-</strong></span> 
     </span>
    </p>
   </div>
   <div class='ocr_carea' id='block_1_41' title="bbox 447 2246 2030 2318">
    <p class='ocr_par' dir='ltr' id='par_1_41' title="bbox 447 2246 2030 2318">
     <span class='ocr_line' id='line_1_41' title="bbox 447 2246 2030 2318; baseline 0.002 -17"><span class='ocrx_word' id='word_1_266' title='bbox 447 2246 571 2312; x_wconf 78' lang='lat' dir='ltr'><strong>fert,</strong></span> <span class='ocrx_word' id='word_1_267' title='bbox 624 2247 843 2303; x_wconf 89' lang='lat' dir='ltr'><strong>omissis</strong></span> <span class='ocrx_word' id='word_1_268' title='bbox 869 2256 948 2303; x_wconf 90' lang='lat' dir='ltr'><strong>tot</strong></span> <span class='ocrx_word' id='word_1_269' title='bbox 962 2248 1229 2304; x_wconf 89' lang='lat' dir='ltr'><strong>contortis</strong></span> <span class='ocrx_word' id='word_1_270' title='bbox 1260 2246 1547 2318; x_wconf 81' lang='lat' dir='ltr'><strong>labyrinthi</strong></span> <span class='ocrx_word' id='word_1_271' title='bbox 1623 2250 1794 2304; x_wconf 85' lang='lat' dir='ltr'><strong>instar</strong></span> <span class='ocrx_word' id='word_1_272' title='bbox 1819 2263 2030 2304; x_wconf 84' lang='lat' dir='ltr'><strong>sermo-</strong></span> 
     </span>
    </p>
   </div>
   <div class='ocr_carea' id='block_1_42' title="bbox 446 2338 2026 2411">
    <p class='ocr_par' dir='ltr' id='par_1_42' title="bbox 446 2338 2026 2411">
     <span class='ocr_line' id='line_1_42' title="bbox 446 2338 2026 2411; baseline 0.001 -18"><span class='ocrx_word' id='word_1_273' title='bbox 446 2355 579 2394; x_wconf 87' lang='lat' dir='ltr'><strong>num</strong></span> <span class='ocrx_word' id='word_1_274' title='bbox 619 2338 959 2411; x_wconf 72' lang='lat' dir='ltr'><strong>ambagibus,</strong></span> <span class='ocrx_word' id='word_1_275' title='bbox 1016 2348 1075 2396; x_wconf 86' lang='lat' dir='ltr'><strong>et</strong></span> <span class='ocrx_word' id='word_1_276' title='bbox 1140 2339 1493 2409; x_wconf 84' lang='lat' dir='ltr'><strong>opinionibus</strong></span> <span class='ocrx_word' id='word_1_277' title='bbox 1552 2339 1622 2395; x_wconf 91' lang='lat' dir='ltr'><strong>ad</strong></span> <span class='ocrx_word' id='word_1_278' title='bbox 1673 2339 2026 2411; x_wconf 68' lang='lat' dir='ltr'><strong>praecipitium</strong></span> 
     </span>
    </p>
   </div>
   <div class='ocr_carea' id='block_1_43' title="bbox 445 2430 2027 2502">
    <p class='ocr_par' dir='ltr' id='par_1_43' title="bbox 445 2430 2027 2502">
     <span class='ocr_line' id='line_1_43' title="bbox 445 2430 2027 2502; baseline -0.001 -15"><span class='ocrx_word' id='word_1_279' title='bbox 445 2430 792 2492; x_wconf 84' lang='lat' dir='ltr'><strong>ducentibus,</strong></span> <span class='ocrx_word' id='word_1_280' title='bbox 830 2431 884 2484; x_wconf 90' lang='lat' dir='ltr'><strong>in</strong></span> <span class='ocrx_word' id='word_1_281' title='bbox 916 2430 1119 2501; x_wconf 79' lang='lat' dir='ltr'><strong>regiam</strong></span> <span class='ocrx_word' id='word_1_282' title='bbox 1171 2432 1471 2500; x_wconf 78' lang='lat' dir='ltr'><strong>triumque</strong></span> <span class='ocrx_word' id='word_1_283' title='bbox 1512 2432 1656 2487; x_wconf 88' lang='lat' dir='ltr'><strong>viam</strong></span> <span class='ocrx_word' id='word_1_284' title='bbox 1698 2445 1920 2502; x_wconf 83' lang='lat' dir='ltr'><strong>gressus</strong></span> <span class='ocrx_word' id='word_1_285' title='bbox 1944 2431 2027 2487; x_wconf 89' lang='lat' dir='ltr'><strong>di-</strong></span> 
     </span>
    </p>
   </div>
   <div class='ocr_carea' id='block_1_44' title="bbox 447 2520 2023 2592">
    <p class='ocr_par' dir='ltr' id='par_1_44' title="bbox 447 2520 2023 2592">
     <span class='ocr_line' id='line_1_44' title="bbox 447 2520 2023 2592; baseline 0.002 -18"><span class='ocrx_word' id='word_1_286' title='bbox 447 2522 622 2592; x_wconf 80' lang='lat' dir='ltr'><strong>rigite,</strong></span> <span class='ocrx_word' id='word_1_287' title='bbox 654 2523 705 2576; x_wconf 88' lang='lat' dir='ltr'><strong>id</strong></span> <span class='ocrx_word' id='word_1_288' title='bbox 732 2530 817 2575; x_wconf 90' lang='lat' dir='ltr'><strong>est</strong></span> <span class='ocrx_word' id='word_1_289' title='bbox 858 2520 963 2576; x_wconf 88' lang='lat' dir='ltr'><strong>diis</strong></span> <span class='ocrx_word' id='word_1_290' title='bbox 1001 2521 1219 2577; x_wconf 85' lang='lat' dir='ltr'><strong>invictis</strong></span> <span class='ocrx_word' id='word_1_291' title='bbox 1267 2522 1587 2587; x_wconf 72' lang='lat' dir='ltr'><strong>sacriﬁcate,</strong></span> <span class='ocrx_word' id='word_1_292' title='bbox 1634 2523 1832 2592; x_wconf 87' lang='lat' dir='ltr'><strong>quibus</strong></span> <span class='ocrx_word' id='word_1_293' title='bbox 1872 2536 2023 2578; x_wconf 88' lang='lat' dir='ltr'><strong>com-</strong></span> 
     </span>
    </p>
   </div>
   <div class='ocr_carea' id='block_1_45' title="bbox 445 2614 2029 2684">
    <p class='ocr_par' dir='ltr' id='par_1_45' title="bbox 445 2614 2029 2684">
     <span class='ocr_line' id='line_1_45' title="bbox 445 2614 2029 2684; baseline 0.002 -16"><span class='ocrx_word' id='word_1_294' title='bbox 445 2615 689 2669; x_wconf 86' lang='lat' dir='ltr'><strong>muniter</strong></span> <span class='ocrx_word' id='word_1_295' title='bbox 717 2615 787 2667; x_wconf 90' lang='lat' dir='ltr'><strong>ab</strong></span> <span class='ocrx_word' id='word_1_296' title='bbox 817 2614 1071 2669; x_wconf 73' lang='lat' dir='ltr'><strong>universo</strong></span> <span class='ocrx_word' id='word_1_297' title='bbox 1129 2615 1415 2668; x_wconf 90' lang='lat' dir='ltr'><strong>hominum</strong></span> <span class='ocrx_word' id='word_1_298' title='bbox 1497 2628 1696 2684; x_wconf 89' lang='lat' dir='ltr'><strong>genere</strong></span> <span class='ocrx_word' id='word_1_299' title='bbox 1752 2614 1927 2669; x_wconf 85' lang='lat' dir='ltr'><strong>honor</strong></span> <span class='ocrx_word' id='word_1_300' title='bbox 1975 2625 2029 2671; x_wconf 90' lang='lat' dir='ltr'><strong>et</strong></span> 
     </span>
    </p>
   </div>
   <div class='ocr_carea' id='block_1_46' title="bbox 445 2704 2024 2777">
    <p class='ocr_par' dir='ltr' id='par_1_46' title="bbox 445 2704 2024 2777">
     <span class='ocr_line' id='line_1_46' title="bbox 445 2704 2024 2777; baseline -0.001 -16"><span class='ocrx_word' id='word_1_301' title='bbox 445 2707 619 2777; x_wconf 83' lang='lat' dir='ltr'><strong>gratia</strong></span> <span class='ocrx_word' id='word_1_302' title='bbox 656 2706 904 2768; x_wconf 86' lang='lat' dir='ltr'><strong>debetur,</strong></span> <span class='ocrx_word' id='word_1_303' title='bbox 949 2705 1326 2760; x_wconf 65' lang='lat' dir='ltr'><strong>benivolentia:</strong></span> <span class='ocrx_word' id='word_1_304' title='bbox 1370 2705 1595 2759; x_wconf 86' lang='lat' dir='ltr'><strong>nomine</strong></span> <span class='ocrx_word' id='word_1_305' title='bbox 1642 2719 1770 2777; x_wconf 83' lang='lat' dir='ltr'><strong>erga</strong></span> <span class='ocrx_word' id='word_1_306' title='bbox 1809 2704 2024 2761; x_wconf 83' lang='lat' dir='ltr'><strong>illorum</strong></span> 
     </span>
    </p>
   </div>
   <div class='ocr_carea' id='block_1_47' title="bbox 447 2792 2028 2867">
    <p class='ocr_par' dir='ltr' id='par_1_47' title="bbox 447 2792 2028 2867">
     <span class='ocr_line' id='line_1_47' title="bbox 447 2792 2028 2867; baseline -0.001 -18"><span class='ocrx_word' id='word_1_307' title='bbox 447 2795 881 2867; x_wconf 88' lang='lat' dir='ltr'><strong>providentiam:</strong></span> <span class='ocrx_word' id='word_1_308' title='bbox 925 2792 1163 2864; x_wconf 84' lang='lat' dir='ltr'><strong>denique</strong></span> <span class='ocrx_word' id='word_1_309' title='bbox 1215 2801 1272 2848; x_wconf 90' lang='lat' dir='ltr'><strong>et</strong></span> <span class='ocrx_word' id='word_1_310' title='bbox 1328 2801 1689 2865; x_wconf 87' lang='lat' dir='ltr'><strong>augustorum</strong></span> <span class='ocrx_word' id='word_1_311' title='bbox 1736 2794 2028 2863; x_wconf 86' lang='lat' dir='ltr'><strong>imperato-</strong></span> 
     </span>
    </p>
   </div>
   <div class='ocr_carea' id='block_1_48' title="bbox 445 2881 2026 2955">
    <p class='ocr_par' dir='ltr' id='par_1_48' title="bbox 445 2881 2026 2955">
     <span class='ocr_line' id='line_1_48' title="bbox 445 2881 2026 2955; baseline -0.003 -13"><span class='ocrx_word' id='word_1_312' title='bbox 445 2902 568 2942; x_wconf 91' lang='lat' dir='ltr'><strong>rum</strong></span> <span class='ocrx_word' id='word_1_313' title='bbox 610 2885 852 2955; x_wconf 82' lang='lat' dir='ltr'><strong>jussious</strong></span> <span class='ocrx_word' id='word_1_314' title='bbox 879 2884 1269 2953; x_wconf 88' lang='lat' dir='ltr'><strong>obtemperate.</strong></span> <span class='ocrx_word' id='word_1_315' title='bbox 1319 2881 1486 2937; x_wconf 89' lang='lat' dir='ltr'><strong>Scitis</strong></span> <span class='ocrx_word' id='word_1_316' title='bbox 1553 2883 1699 2937; x_wconf 87' lang='lat' dir='ltr'><strong>enim</strong></span> <span class='ocrx_word' id='word_1_317' title='bbox 1742 2884 2026 2939; x_wconf 84' lang='lat' dir='ltr'><strong>immorta-</strong></span> 
     </span>
    </p>
   </div>
   <div class='ocr_carea' id='block_1_49' title="bbox 446 2962 1785 3048">
    <p class='ocr_par' dir='ltr' id='par_1_49' title="bbox 446 2962 1785 3048">
     <span class='ocr_line' id='line_1_49' title="bbox 446 2962 1785 3048; baseline -0.002 -16"><span class='ocrx_word' id='word_1_318' title='bbox 446 2978 552 3032; x_wconf 81' lang='lat' dir='ltr'><strong>lem</strong></span> <span class='ocrx_word' id='word_1_319' title='bbox 595 2990 812 3048; x_wconf 73' lang='lat' dir='ltr'><strong>ptenam</strong></span> <span class='ocrx_word' id='word_1_320' title='bbox 849 2976 1203 3033; x_wconf 84' lang='lat' dir='ltr'><strong>renuentibus</strong></span> <span class='ocrx_word' id='word_1_321' title='bbox 1224 2989 1345 3032; x_wconf 84' lang='lat' dir='ltr'><strong>esse</strong></span> <span class='ocrx_word' id='word_1_322' title='bbox 1382 2962 1741 3045; x_wconf 86' lang='lat' dir='ltr'><strong>propositam.</strong></span> <span class='ocrx_word' id='word_1_323' title='bbox 1765 2993 1785 3028; x_wconf 76' lang='grc' dir='ltr'><strong>ι</strong></span> 
     </span>
    </p>
   </div>
   <div class='ocr_carea' id='block_1_50' title="bbox 512 3147 2029 3224">
    <p class='ocr_par' dir='ltr' id='par_1_50' title="bbox 512 3147 2029 3224">
     <span class='ocr_line' id='line_1_50' title="bbox 512 3147 2029 3224; baseline 0.001 -19"><span class='ocrx_word' id='word_1_324' title='bbox 512 3150 606 3205; x_wconf 71' lang='lat'><strong>22.</strong></span> <span class='ocrx_word' id='word_1_325' title='bbox 664 3148 759 3204; x_wconf 85' lang='lat' dir='ltr'><strong>llis</strong></span> <span class='ocrx_word' id='word_1_326' title='bbox 814 3149 979 3205; x_wconf 85' lang='lat' dir='ltr'><strong>dictis</strong></span> <span class='ocrx_word' id='word_1_327' title='bbox 1034 3147 1260 3206; x_wconf 81' lang='lat' dir='ltr'><strong>minime</strong></span> <span class='ocrx_word' id='word_1_328' title='bbox 1314 3148 1490 3203; x_wconf 85' lang='lat' dir='ltr'><strong>territi</strong></span> <span class='ocrx_word' id='word_1_329' title='bbox 1524 3157 1821 3224; x_wconf 52' lang='lat' dir='ltr'><strong>martyres,</strong></span> <span class='ocrx_word' id='word_1_330' title='bbox 1844 3151 1940 3205; x_wconf 88' lang='lat' dir='ltr'><strong>sed</strong></span> <span class='ocrx_word' id='word_1_331' title='bbox 1965 3161 2029 3208; x_wconf 86' lang='lat' dir='ltr'><strong>.ut</strong></span> 
     </span>
    </p>
   </div>
   <div class='ocr_carea' id='block_1_51' title="bbox 448 3242 2031 3313">
    <p class='ocr_par' dir='ltr' id='par_1_51' title="bbox 448 3242 2031 3313">
     <span class='ocr_line' id='line_1_51' title="bbox 448 3242 2031 3313; baseline 0.001 -14"><span class='ocrx_word' id='word_1_332' title='bbox 448 3244 508 3299; x_wconf 81' lang='lat' dir='ltr'><strong>tit</strong></span> <span class='ocrx_word' id='word_1_333' title='bbox 552 3245 606 3298; x_wconf 92' lang='lat' dir='ltr'><strong>in</strong></span> <span class='ocrx_word' id='word_1_334' title='bbox 634 3243 796 3298; x_wconf 83' lang='lat' dir='ltr'><strong>luctis</strong></span> <span class='ocrx_word' id='word_1_335' title='bbox 821 3244 1198 3299; x_wconf 77' lang='lat' dir='ltr'><strong>excelsitatem</strong></span> <span class='ocrx_word' id='word_1_336' title='bbox 1242 3243 1413 3297; x_wconf 88' lang='lat' dir='ltr'><strong>animi</strong></span> <span class='ocrx_word' id='word_1_337' title='bbox 1444 3242 1901 3313; x_wconf 82' lang='lat' dir='ltr'><strong>nobilitatemque</strong></span> <span class='ocrx_word' id='word_1_338' title='bbox 1938 3257 2031 3301; x_wconf 86' lang='lat' dir='ltr'><strong>os-</strong></span> 
     </span>
    </p>
   </div>
   <div class='ocr_carea' id='block_1_52' title="bbox 446 3337 2033 3409">
    <p class='ocr_par' dir='ltr' id='par_1_52' title="bbox 446 3337 2033 3409">
     <span class='ocr_line' id='line_1_52' title="bbox 446 3337 2033 3409; baseline 0 -16"><span class='ocrx_word' id='word_1_339' title='bbox 446 3339 756 3400; x_wconf 80' lang='lat' dir='ltr'><strong>tendentes.</strong></span> <span class='ocrx_word' id='word_1_340' title='bbox 804 3350 861 3392; x_wconf 90' lang='lat' dir='ltr'><strong>ut</strong></span> <span class='ocrx_word' id='word_1_341' title='bbox 900 3338 1193 3408; x_wconf 88' lang='lat' dir='ltr'><strong>impiorum</strong></span> <span class='ocrx_word' id='word_1_342' title='bbox 1224 3346 1525 3392; x_wconf 85' lang='lat' dir='ltr'><strong>tumentem</strong></span> <span class='ocrx_word' id='word_1_343' title='bbox 1564 3337 1703 3391; x_wconf 90' lang='lat' dir='ltr'><strong>iram</strong></span> <span class='ocrx_word' id='word_1_344' title='bbox 1735 3351 2033 3409; x_wconf 82' lang='lat' dir='ltr'><strong>parumper</strong></span> 
     </span>
    </p>
   </div>
   <div class='ocr_carea' id='block_1_53' title="bbox 451 3430 2031 3501">
    <p class='ocr_par' dir='ltr' id='par_1_53' title="bbox 451 3430 2031 3501">
     <span class='ocr_line' id='line_1_53' title="bbox 451 3430 2031 3501; baseline 0.001 -13"><span class='ocrx_word' id='word_1_345' title='bbox 451 3431 726 3495; x_wconf 82' lang='lat' dir='ltr'><strong>sedarent,</strong></span> <span class='ocrx_word' id='word_1_346' title='bbox 754 3431 1064 3501; x_wconf 86' lang='lat' dir='ltr'><strong>mentisque</strong></span> <span class='ocrx_word' id='word_1_347' title='bbox 1098 3430 1451 3486; x_wconf 84' lang='lat' dir='ltr'><strong>acerbitatem</strong></span> <span class='ocrx_word' id='word_1_348' title='bbox 1475 3430 1731 3498; x_wconf 84' lang='lat' dir='ltr'><strong>lenirent,</strong></span> <span class='ocrx_word' id='word_1_349' title='bbox 1782 3430 2031 3489; x_wconf 80' lang='lat' dir='ltr'><strong>modesto</strong></span> 
     </span>
    </p>
   </div>
   <div class='ocr_carea' id='block_1_54' title="bbox 448 3522 2033 3594">
    <p class='ocr_par' dir='ltr' id='par_1_54' title="bbox 448 3522 2033 3594">
     <span class='ocr_line' id='line_1_54' title="bbox 448 3522 2033 3594; baseline 0.001 -15"><span class='ocrx_word' id='word_1_350' title='bbox 448 3525 636 3591; x_wconf 87' lang='lat' dir='ltr'><strong>modo,</strong></span> <span class='ocrx_word' id='word_1_351' title='bbox 696 3526 853 3579; x_wconf 64' lang='lat' dir='ltr'><strong>tirm‘o</strong></span> <span class='ocrx_word' id='word_1_352' title='bbox 906 3523 1156 3594; x_wconf 80' lang='lat' dir='ltr'><strong>corporis</strong></span> <span class='ocrx_word' id='word_1_353' title='bbox 1210 3522 1418 3589; x_wconf 85' lang='lat' dir='ltr'><strong>habitu,</strong></span> <span class='ocrx_word' id='word_1_354' title='bbox 1460 3531 1870 3594; x_wconf 86' lang='lat' dir='ltr'><strong>temperataque</strong></span> <span class='ocrx_word' id='word_1_355' title='bbox 1896 3538 2033 3581; x_wconf 77' lang='lat' dir='ltr'><strong>voce</strong></span> 
     </span>
    </p>
   </div>
   <div class='ocr_carea' id='block_1_55' title="bbox 450 3617 2028 3687">
    <p class='ocr_par' dir='ltr' id='par_1_55' title="bbox 450 3617 2028 3687">
     <span class='ocr_line' id='line_1_55' title="bbox 450 3617 2028 3687; baseline 0.001 -14"><span class='ocrx_word' id='word_1_356' title='bbox 450 3620 855 3686; x_wconf 86' lang='lat' dir='ltr'><strong>responderunt</strong></span> <span class='ocrx_word' id='word_1_357' title='bbox 892 3636 904 3672; x_wconf 83' lang='lat'>:</span> <span class='ocrx_word' id='word_1_358' title='bbox 964 3638 982 3669; x_wconf 79' lang='grc' dir='ltr'><strong>ι</strong></span> <span class='ocrx_word' id='word_1_359' title='bbox 1016 3617 1175 3686; x_wconf 85' lang='lat' dir='ltr'><strong>Quod</strong></span> <span class='ocrx_word' id='word_1_360' title='bbox 1210 3632 1326 3684; x_wconf 87' lang='lat' dir='ltr'><strong>vos,</strong></span> <span class='ocrx_word' id='word_1_361' title='bbox 1355 3618 1592 3687; x_wconf 73' lang='lat' dir='ltr'><strong>iudices,</strong></span> <span class='ocrx_word' id='word_1_362' title='bbox 1626 3618 1810 3675; x_wconf 86' lang='lat' dir='ltr'><strong>dicitis</strong></span> <span class='ocrx_word' id='word_1_363' title='bbox 1837 3620 2028 3674; x_wconf 83' lang='lat' dir='ltr'><strong>multi-</strong></span> 
     </span>
    </p>
   </div>
   <div class='ocr_carea' id='block_1_56' title="bbox 451 3710 2027 3782">
    <p class='ocr_par' dir='ltr' id='par_1_56' title="bbox 451 3710 2027 3782">
     <span class='ocr_line' id='line_1_56' title="bbox 451 3710 2027 3782; baseline 0 -16"><span class='ocrx_word' id='word_1_364' title='bbox 451 3714 717 3777; x_wconf 80' lang='lat' dir='ltr'><strong>loquium,</strong></span> <span class='ocrx_word' id='word_1_365' title='bbox 780 3712 831 3766; x_wconf 91' lang='lat' dir='ltr'><strong>id</strong></span> <span class='ocrx_word' id='word_1_366' title='bbox 887 3711 1049 3767; x_wconf 88' lang='lat' dir='ltr'><strong>nobis</strong></span> <span class='ocrx_word' id='word_1_367' title='bbox 1100 3720 1419 3767; x_wconf 89' lang='lat' dir='ltr'><strong>accuratum</strong></span> <span class='ocrx_word' id='word_1_368' title='bbox 1449 3720 1505 3767; x_wconf 86' lang='lat' dir='ltr'><strong>et</strong></span> <span class='ocrx_word' id='word_1_369' title='bbox 1534 3710 1692 3766; x_wconf 83' lang='lat' dir='ltr'><strong>valde</strong></span> <span class='ocrx_word' id='word_1_370' title='bbox 1720 3711 2027 3782; x_wconf 73' lang='lat' dir='ltr'><strong>proﬁcuum</strong></span> 
     </span>
    </p>
   </div>
   <div class='ocr_carea' id='block_1_57' title="bbox 448 3804 2030 3875">
    <p class='ocr_par' dir='ltr' id='par_1_57' title="bbox 448 3804 2030 3875">
     <span class='ocr_line' id='line_1_57' title="bbox 448 3804 2030 3875; baseline 0.001 -16"><span class='ocrx_word' id='word_1_371' title='bbox 448 3805 647 3861; x_wconf 86' lang='lat' dir='ltr'><strong>indidit</strong></span> <span class='ocrx_word' id='word_1_372' title='bbox 698 3814 893 3861; x_wconf 72' lang='lat' dir='ltr'><strong>vestra:</strong></span> <span class='ocrx_word' id='word_1_373' title='bbox 924 3804 1117 3859; x_wconf 87' lang='lat' dir='ltr'><strong>salutis</strong></span> <span class='ocrx_word' id='word_1_374' title='bbox 1151 3818 1341 3869; x_wconf 86' lang='lat' dir='ltr'><strong>amor;</strong></span> <span class='ocrx_word' id='word_1_375' title='bbox 1372 3813 1567 3875; x_wconf 73' lang='lat' dir='ltr'><strong>prater</strong></span> <span class='ocrx_word' id='word_1_376' title='bbox 1600 3820 1764 3875; x_wconf 88' lang='lat' dir='ltr'><strong>quam</strong></span> <span class='ocrx_word' id='word_1_377' title='bbox 1796 3804 1945 3875; x_wconf 91' lang='lat' dir='ltr'><strong>quod</strong></span> <span class='ocrx_word' id='word_1_378' title='bbox 1973 3814 2030 3861; x_wconf 87' lang='lat' dir='ltr'><strong>et</strong></span> 
     </span>
    </p>
   </div>
   <div class='ocr_carea' id='block_1_58' title="bbox 446 3897 2029 3967">
    <p class='ocr_par' dir='ltr' id='par_1_58' title="bbox 446 3897 2029 3967">
     <span class='ocr_line' id='line_1_58' title="bbox 446 3897 2029 3967; baseline 0.003 -18"><span class='ocrx_word' id='word_1_379' title='bbox 446 3899 649 3953; x_wconf 85' lang='lat' dir='ltr'><strong>vestris</strong></span> <span class='ocrx_word' id='word_1_380' title='bbox 682 3897 1211 3966; x_wconf 85' lang='lat' dir='ltr'><strong>interrogationibus</strong></span> <span class='ocrx_word' id='word_1_381' title='bbox 1248 3911 1522 3966; x_wconf 73' lang='lat' dir='ltr'><strong>congruos</strong></span> <span class='ocrx_word' id='word_1_382' title='bbox 1548 3897 1791 3967; x_wconf 87' lang='lat' dir='ltr'><strong>oportuit</strong></span> <span class='ocrx_word' id='word_1_383' title='bbox 1812 3907 2029 3956; x_wconf 79' lang='lat' dir='ltr'><strong>nostros</strong></span> 
     </span>
    </p>
   </div>
   <div class='ocr_carea' id='block_1_59' title="bbox 449 3982 2028 4055">
    <p class='ocr_par' dir='ltr' id='par_1_59' title="bbox 449 3982 2028 4055">
     <span class='ocr_line' id='line_1_59' title="bbox 449 3982 2028 4055; baseline -0.001 -14"><span class='ocrx_word' id='word_1_384' title='bbox 449 4001 574 4041; x_wconf 86' lang='lat' dir='ltr'><strong>esse</strong></span> <span class='ocrx_word' id='word_1_385' title='bbox 621 4000 906 4041; x_wconf 86' lang='lat' dir='ltr'><strong>sermones</strong></span> <span class='ocrx_word' id='word_1_386' title='bbox 932 4005 947 4039; x_wconf 87' lang='lat'><strong>:</strong></span> <span class='ocrx_word' id='word_1_387' title='bbox 978 4000 1155 4055; x_wconf 89' lang='lat' dir='ltr'><strong>neque</strong></span> <span class='ocrx_word' id='word_1_388' title='bbox 1180 3983 1325 4038; x_wconf 85' lang='lat' dir='ltr'><strong>enim</strong></span> <span class='ocrx_word' id='word_1_389' title='bbox 1358 3986 1428 4039; x_wconf 88' lang='lat' dir='ltr'><strong>de</strong></span> <span class='ocrx_word' id='word_1_390' title='bbox 1458 3983 1703 4039; x_wconf 89' lang='lat' dir='ltr'><strong>minimis</strong></span> <span class='ocrx_word' id='word_1_391' title='bbox 1730 3984 1894 4041; x_wconf 91' lang='lat' dir='ltr'><strong>rebus</strong></span> <span class='ocrx_word' id='word_1_392' title='bbox 1925 3982 2028 4039; x_wconf 77' lang='lat' dir='ltr'><strong>fuit</strong></span> 
     </span>
    </p>
   </div>
   <div class='ocr_carea' id='block_1_60' title="bbox 451 4076 2025 4148">
    <p class='ocr_par' dir='ltr' id='par_1_60' title="bbox 451 4076 2025 4148">
     <span class='ocr_line' id='line_1_60' title="bbox 451 4076 2025 4148; baseline -0.003 -14"><span class='ocrx_word' id='word_1_393' title='bbox 451 4082 595 4134; x_wconf 86' lang='lat' dir='ltr'><strong>inter</strong></span> <span class='ocrx_word' id='word_1_394' title='bbox 645 4092 748 4134; x_wconf 88' lang='lat' dir='ltr'><strong>nos</strong></span> <span class='ocrx_word' id='word_1_395' title='bbox 776 4078 1044 4148; x_wconf 60' lang='lat' dir='ltr'><strong>dialogus,</strong></span> <span class='ocrx_word' id='word_1_396' title='bbox 1076 4086 1130 4132; x_wconf 87' lang='lat' dir='ltr'><strong>et</strong></span> <span class='ocrx_word' id='word_1_397' title='bbox 1158 4076 1407 4133; x_wconf 89' lang='lat' dir='ltr'><strong>instituta</strong></span> <span class='ocrx_word' id='word_1_398' title='bbox 1436 4076 1718 4131; x_wconf 84' lang='lat' dir='ltr'><strong>vobiscum</strong></span> <span class='ocrx_word' id='word_1_399' title='bbox 1751 4076 2025 4147; x_wconf 85' lang='lat' dir='ltr'><strong>discepta-</strong></span> 
     </span>
    </p>
   </div>
   <div class='ocr_carea' id='block_1_61' title="bbox 452 4168 2021 4240">
    <p class='ocr_par' dir='ltr' id='par_1_61' title="bbox 452 4168 2021 4240">
     <span class='ocr_line' id='line_1_61' title="bbox 452 4168 2021 4240; baseline -0.001 -14"><span class='ocrx_word' id='word_1_400' title='bbox 452 4173 551 4226; x_wconf 88' lang='lat' dir='ltr'><strong>tio.</strong></span> <span class='ocrx_word' id='word_1_401' title='bbox 618 4169 775 4225; x_wconf 81' lang='lat' dir='ltr'><strong>Nunc</strong></span> <span class='ocrx_word' id='word_1_402' title='bbox 832 4170 962 4240; x_wconf 83' lang='lat' dir='ltr'><strong>quia</strong></span> <span class='ocrx_word' id='word_1_403' title='bbox 989 4168 1238 4223; x_wconf 84' lang='lat' dir='ltr'><strong>vecordia</strong></span> <span class='ocrx_word' id='word_1_404' title='bbox 1271 4168 1502 4223; x_wconf 89' lang='lat' dir='ltr'><strong>honesto</strong></span> <span class='ocrx_word' id='word_1_405' title='bbox 1534 4168 1810 4238; x_wconf 68' lang='lat' dir='ltr'><strong>praevalet,</strong></span> <span class='ocrx_word' id='word_1_406' title='bbox 1850 4176 1903 4224; x_wconf 90' lang='lat' dir='ltr'><strong>et</strong></span> <span class='ocrx_word' id='word_1_407' title='bbox 1930 4183 2021 4225; x_wconf 81' lang='lat' dir='ltr'><strong>su-</strong></span> 
     </span>
    </p>
   </div>
   <div class='ocr_carea' id='block_1_62' title="bbox 451 4260 2025 4335">
    <p class='ocr_par' dir='ltr' id='par_1_62' title="bbox 451 4260 2025 4335">
     <span class='ocr_line' id='line_1_62' title="bbox 451 4260 2025 4335; baseline -0.001 -17"><span class='ocrx_word' id='word_1_408' title='bbox 451 4265 637 4335; x_wconf 87' lang='lat' dir='ltr'><strong>perbia</strong></span> <span class='ocrx_word' id='word_1_409' title='bbox 687 4264 845 4318; x_wconf 82' lang='lat' dir='ltr'><strong>vobis</strong></span> <span class='ocrx_word' id='word_1_410' title='bbox 899 4271 1133 4317; x_wconf 86' lang='lat' dir='ltr'><strong>mentem</strong></span> <span class='ocrx_word' id='word_1_411' title='bbox 1182 4260 1351 4327; x_wconf 78' lang='lat' dir='ltr'><strong>inﬂat,</strong></span> <span class='ocrx_word' id='word_1_412' title='bbox 1404 4276 1505 4315; x_wconf 93' lang='lat' dir='ltr'><strong>nec</strong></span> <span class='ocrx_word' id='word_1_413' title='bbox 1541 4270 1687 4317; x_wconf 84' lang='lat' dir='ltr'><strong>recte</strong></span> <span class='ocrx_word' id='word_1_414' title='bbox 1711 4274 2025 4317; x_wconf 80' lang='lat' dir='ltr'><strong>commove-</strong></span> 
     </span>
    </p>
   </div>
   <div class='ocr_carea' id='block_1_63' title="bbox 2049 3025 2098 3086">
    <p class='ocr_par' dir='ltr' id='par_1_63' title="bbox 2049 3025 2098 3086">
     <span class='ocr_line' id='line_1_63' title="bbox 2049 3025 2098 3086; baseline 0 0"><span class='ocrx_word' id='word_1_415' title='bbox 2049 3025 2098 3086; x_wconf 75' lang='grc' dir='ltr'>Ο</span> 
     </span>
    </p>
   </div>
   <div class='ocr_carea' id='block_1_64' title="bbox 2133 1781 3714 1857">
    <p class='ocr_par' dir='ltr' id='par_1_64' title="bbox 2133 1781 3714 1857">
     <span class='ocr_line' id='line_1_64' title="bbox 2133 1781 3714 1857; baseline 0.003 -23"><span class='ocrx_word' id='word_1_416' title='bbox 2133 1782 2281 1851; x_wconf 88' lang='grc' dir='ltr'><strong>φιλεῖ</strong></span> <span class='ocrx_word' id='word_1_417' title='bbox 2318 1782 2383 1834; x_wconf 74' lang='grc' dir='ltr'><strong>τὸ</strong></span> <span class='ocrx_word' id='word_1_418' title='bbox 2418 1781 2619 1854; x_wconf 74' lang='grc' dir='ltr'><strong>θράσος</strong></span> <span class='ocrx_word' id='word_1_419' title='bbox 2656 1784 2759 1855; x_wconf 80' lang='grc' dir='ltr'><strong>τὴν</strong></span> <span class='ocrx_word' id='word_1_420' title='bbox 2809 1783 3135 1857; x_wconf 71' lang='grc' dir='ltr'><strong>ἑτοιμότητα</strong></span> <span class='ocrx_word' id='word_1_421' title='bbox 3159 1800 3175 1815; x_wconf 81' lang='grc' dir='ltr'><strong>ο</strong></span> <span class='ocrx_word' id='word_1_422' title='bbox 3220 1785 3318 1839; x_wconf 74' lang='grc' dir='ltr'><strong>καὶ</strong></span> <span class='ocrx_word' id='word_1_423' title='bbox 3360 1783 3561 1840; x_wconf 70' lang='grc' dir='ltr'><strong>θᾶττον</strong></span> <span class='ocrx_word' id='word_1_424' title='bbox 3599 1784 3714 1856; x_wconf 83' lang='grc' dir='ltr'><strong>πῦρ</strong></span> 
     </span>
    </p>
   </div>
   <div class='ocr_carea' id='block_1_65' title="bbox 2130 1872 3719 1950">
    <p class='ocr_par' dir='ltr' id='par_1_65' title="bbox 2130 1872 3719 1950">
     <span class='ocr_line' id='line_1_65' title="bbox 2130 1872 3719 1950; baseline 0.004 -24"><span class='ocrx_word' id='word_1_425' title='bbox 2130 1873 2224 1927; x_wconf 79' lang='grc' dir='ltr'><strong>τοῦ</strong></span> <span class='ocrx_word' id='word_1_426' title='bbox 2292 1872 2512 1944; x_wconf 70' lang='grc' dir='ltr'><strong>φλέγειν</strong></span> <span class='ocrx_word' id='word_1_427' title='bbox 2572 1876 3020 1948; x_wconf 62' lang='grc' dir='ltr'><strong>επισχεθίβεται,</strong></span> <span class='ocrx_word' id='word_1_428' title='bbox 3091 1875 3127 1949; x_wconf 68' lang='grc' dir='ltr'>ἢ</span> <span class='ocrx_word' id='word_1_429' title='bbox 3192 1877 3398 1949; x_wconf 72' lang='grc' dir='ltr'><strong>στόμα.</strong></span> <span class='ocrx_word' id='word_1_430' title='bbox 3434 1877 3719 1950; x_wconf 67' lang='grc' dir='ltr'><strong>προπετὲς</strong></span> 
     </span>
    </p>
   </div>
   <div class='ocr_carea' id='block_1_66' title="bbox 2130 1965 3713 2043">
    <p class='ocr_par' dir='ltr' id='par_1_66' title="bbox 2130 1965 3713 2043">
     <span class='ocr_line' id='line_1_66' title="bbox 2130 1965 3713 2043; baseline 0.005 -24"><span class='ocrx_word' id='word_1_431' title='bbox 2130 1967 2228 2019; x_wconf 72' lang='grc' dir='ltr'><strong>καὶ</strong></span> <span class='ocrx_word' id='word_1_432' title='bbox 2256 1965 2563 2036; x_wconf 81' lang='grc' dir='ltr'><strong>φιλδκενον.</strong></span> <span class='ocrx_word' id='word_1_433' title='bbox 2592 1966 2733 2022; x_wconf 80' lang='grc' dir='ltr'><strong>Ἀλλ’</strong></span> <span class='ocrx_word' id='word_1_434' title='bbox 2760 1968 3001 2042; x_wconf 80' lang='grc' dir='ltr'><strong>ὁρῶντες</strong></span> <span class='ocrx_word' id='word_1_435' title='bbox 3024 1968 3140 2025; x_wconf 85' lang='grc' dir='ltr'><strong>ἀνω</strong></span> <span class='ocrx_word' id='word_1_436' title='bbox 3168 1986 3273 2025; x_wconf 83' lang='grc' dir='ltr'><strong>που</strong></span> <span class='ocrx_word' id='word_1_437' title='bbox 3296 1972 3434 2035; x_wconf 80' lang='grc' dir='ltr'><strong>τέως</strong></span> <span class='ocrx_word' id='word_1_438' title='bbox 3459 1971 3713 2043; x_wconf 70' lang='lat' dir='ltr'><strong>tamm-</strong></span> 
     </span>
    </p>
   </div>
   <div class='ocr_carea' id='block_1_67' title="bbox 2133 2058 3715 2135">
    <p class='ocr_par' dir='ltr' id='par_1_67' title="bbox 2133 2058 3715 2135">
     <span class='ocr_line' id='line_1_67' title="bbox 2133 2058 3715 2135; baseline 0.005 -24"><span class='ocrx_word' id='word_1_439' title='bbox 2133 2059 2305 2131; x_wconf 75' lang='grc' dir='ltr'><strong>μένην</strong></span> <span class='ocrx_word' id='word_1_440' title='bbox 2332 2058 2432 2129; x_wconf 78' lang='grc' dir='ltr'><strong>τὴν</strong></span> <span class='ocrx_word' id='word_1_441' title='bbox 2468 2058 2647 2133; x_wconf 82' lang='grc' dir='ltr'><strong>δίκην,</strong></span> <span class='ocrx_word' id='word_1_442' title='bbox 2695 2062 2839 2135; x_wconf 72' lang='grc' dir='ltr'><strong>ὑπὲρ</strong></span> <span class='ocrx_word' id='word_1_443' title='bbox 2867 2063 3112 2135; x_wconf 75' lang='grc' dir='ltr'><strong>κεφαλῆς</strong></span> <span class='ocrx_word' id='word_1_444' title='bbox 3132 2064 3192 2119; x_wconf 74' lang='grc' dir='ltr'><strong>ει</strong></span> <span class='ocrx_word' id='word_1_445' title='bbox 3219 2064 3313 2119; x_wconf 76' lang='grc' dir='ltr'><strong>τὸν</strong></span> <span class='ocrx_word' id='word_1_446' title='bbox 3331 2065 3580 2121; x_wconf 83' lang='grc' dir='ltr'><strong>κίνδυνον</strong></span> <span class='ocrx_word' id='word_1_447' title='bbox 3616 2064 3715 2119; x_wconf 68' lang='grc' dir='ltr'><strong>καὶ</strong></span> 
     </span>
    </p>
   </div>
   <div class='ocr_carea' id='block_1_68' title="bbox 2127 2151 3715 2231">
    <p class='ocr_par' dir='ltr' id='par_1_68' title="bbox 2127 2151 3715 2231">
     <span class='ocr_line' id='line_1_68' title="bbox 2127 2151 3715 2231; baseline 0.006 -29"><span class='ocrx_word' id='word_1_448' title='bbox 2127 2151 2230 2221; x_wconf 71' lang='grc' dir='ltr'><strong>τὴν</strong></span> <span class='ocrx_word' id='word_1_449' title='bbox 2279 2151 2606 2218; x_wconf 76' lang='grc' dir='ltr'><strong>δικάζουσαν</strong></span> <span class='ocrx_word' id='word_1_450' title='bbox 2652 2156 2811 2227; x_wconf 81' lang='grc' dir='ltr'><strong>χεῖρα</strong></span> <span class='ocrx_word' id='word_1_451' title='bbox 2846 2156 2929 2211; x_wconf 70' lang='grc' dir='ltr'><strong>ἔτι</strong></span> <span class='ocrx_word' id='word_1_452' title='bbox 2965 2159 3381 2229; x_wconf 77' lang='grc' dir='ltr'><strong>ἀνατεταμένην</strong></span> <span class='ocrx_word' id='word_1_453' title='bbox 3406 2174 3467 2213; x_wconf 83' lang='grc' dir='ltr'><strong>τε</strong></span> <span class='ocrx_word' id='word_1_454' title='bbox 3493 2159 3593 2213; x_wconf 76' lang='grc' dir='ltr'><strong>καὶ</strong></span> <span class='ocrx_word' id='word_1_455' title='bbox 3622 2173 3715 2231; x_wconf 77' lang='grc' dir='ltr'><strong>μα-</strong></span> 
     </span>
    </p>
   </div>
   <div class='ocr_carea' id='block_1_69' title="bbox 2126 2238 3759 2320">
    <p class='ocr_par' dir='ltr' id='par_1_69' title="bbox 2126 2238 3759 2320">
     <span class='ocr_line' id='line_1_69' title="bbox 2126 2238 3759 2320; baseline 0.007 -27"><span class='ocrx_word' id='word_1_456' title='bbox 2126 2238 2355 2311; x_wconf 80' lang='grc' dir='ltr'><strong>τέωρον,</strong></span> <span class='ocrx_word' id='word_1_457' title='bbox 2403 2241 2578 2311; x_wconf 82' lang='grc' dir='ltr'><strong>φειδοῖ</strong></span> <span class='ocrx_word' id='word_1_458' title='bbox 2622 2244 2719 2299; x_wconf 82' lang='grc' dir='ltr'><strong>καὶ</strong></span> <span class='ocrx_word' id='word_1_459' title='bbox 2748 2244 2919 2317; x_wconf 77' lang='grc' dir='ltr'><strong>οἴκτῳ</strong></span> <span class='ocrx_word' id='word_1_460' title='bbox 2951 2247 3055 2318; x_wconf 82' lang='grc' dir='ltr'><strong>τῆς</strong></span> <span class='ocrx_word' id='word_1_461' title='bbox 3088 2246 3308 2317; x_wconf 82' lang='grc' dir='ltr'><strong>φύσεως</strong></span> <span class='ocrx_word' id='word_1_462' title='bbox 3364 2247 3506 2320; x_wconf 69' lang='grc' dir='ltr'><strong>πρὸς</strong></span> <span class='ocrx_word' id='word_1_463' title='bbox 3538 2265 3717 2320; x_wconf 70' lang='grc' dir='ltr'><strong>τιμαεο</strong></span> <span class='ocrx_word' id='word_1_464' title='bbox 3753 2267 3759 2279; x_wconf 82' lang='lat'>&#39;</span> 
     </span>
    </p>
   </div>
   <div class='ocr_carea' id='block_1_70' title="bbox 2130 2327 3715 2408">
    <p class='ocr_par' dir='ltr' id='par_1_70' title="bbox 2130 2327 3715 2408">
     <span class='ocr_line' id='line_1_70' title="bbox 2130 2327 3715 2408; baseline 0.007 -23"><span class='ocrx_word' id='word_1_465' title='bbox 2130 2330 2258 2401; x_wconf 87' lang='grc' dir='ltr'><strong>ρίαν</strong></span> <span class='ocrx_word' id='word_1_466' title='bbox 2311 2327 2582 2389; x_wconf 77' lang='grc' dir='ltr'><strong>ὀκνοῦσαν</strong></span> <span class='ocrx_word' id='word_1_467' title='bbox 2629 2336 2723 2390; x_wconf 75' lang='grc' dir='ltr'><strong>καὶ</strong></span> <span class='ocrx_word' id='word_1_468' title='bbox 2776 2337 3171 2408; x_wconf 79' lang='grc' dir='ltr'><strong>ἀναμένουσαν,</strong></span> <span class='ocrx_word' id='word_1_469' title='bbox 3224 2338 3324 2403; x_wconf 77' lang='grc' dir='ltr'><strong>τὰς</strong></span> <span class='ocrx_word' id='word_1_470' title='bbox 3360 2338 3715 2404; x_wconf 82' lang='grc' dir='ltr'><strong>δυσελίκτους</strong></span> 
     </span>
    </p>
   </div>
   <div class='ocr_carea' id='block_1_71' title="bbox 2130 2420 3715 2500">
    <p class='ocr_par' dir='ltr' id='par_1_71' title="bbox 2130 2420 3715 2500">
     <span class='ocr_line' id='line_1_71' title="bbox 2130 2420 3715 2500; baseline 0.008 -25"><span class='ocrx_word' id='word_1_471' title='bbox 2130 2420 2226 2476; x_wconf 77' lang='grc' dir='ltr'><strong>καὶ</strong></span> <span class='ocrx_word' id='word_1_472' title='bbox 2245 2422 2666 2494; x_wconf 74' lang='grc' dir='ltr'><strong>λαϐυρινθώδεις</strong></span> <span class='ocrx_word' id='word_1_473' title='bbox 2692 2428 2925 2498; x_wconf 86' lang='grc' dir='ltr'><strong>ἀφέντες</strong></span> <span class='ocrx_word' id='word_1_474' title='bbox 2950 2427 3058 2482; x_wconf 84' lang='grc' dir='ltr'><strong>τῶν</strong></span> <span class='ocrx_word' id='word_1_475' title='bbox 3074 2429 3250 2498; x_wconf 86' lang='grc' dir='ltr'><strong>λόγων</strong></span> <span class='ocrx_word' id='word_1_476' title='bbox 3279 2429 3591 2500; x_wconf 58' lang='lat' dir='ltr'><strong>mmmam,</strong></span> <span class='ocrx_word' id='word_1_477' title='bbox 3608 2431 3715 2487; x_wconf 73' lang='grc' dir='ltr'><strong>’καὶ</strong></span> 
     </span>
    </p>
   </div>
   <div class='ocr_carea' id='block_1_72' title="bbox 2126 2513 3714 2595">
    <p class='ocr_par' dir='ltr' id='par_1_72' title="bbox 2126 2513 3714 2595">
     <span class='ocr_line' id='line_1_72' title="bbox 2126 2513 3714 2595; baseline 0.008 -28"><span class='ocrx_word' id='word_1_478' title='bbox 2126 2513 2219 2567; x_wconf 77' lang='grc' dir='ltr'><strong>τὸν</strong></span> <span class='ocrx_word' id='word_1_479' title='bbox 2266 2516 2608 2589; x_wconf 77' lang='grc' dir='ltr'><strong>ἱπίκρημνον</strong></span> <span class='ocrx_word' id='word_1_480' title='bbox 2658 2518 2806 2583; x_wconf 82' lang='grc' dir='ltr'><strong>νοῦν,</strong></span> <span class='ocrx_word' id='word_1_481' title='bbox 2860 2520 2955 2573; x_wconf 64' lang='grc' dir='ltr'><strong>ἐπὶ</strong></span> <span class='ocrx_word' id='word_1_482' title='bbox 2994 2520 3096 2591; x_wconf 78' lang='grc' dir='ltr'><strong>τὴν</strong></span> <span class='ocrx_word' id='word_1_483' title='bbox 3137 2519 3578 2595; x_wconf 74' lang='grc' dir='ltr'><strong>βασιλικωτάτην</strong></span> <span class='ocrx_word' id='word_1_484' title='bbox 3612 2524 3714 2580; x_wconf 68' lang='grc' dir='ltr'><strong>καὶ</strong></span> 
     </span>
    </p>
   </div>
   <div class='ocr_carea' id='block_1_73' title="bbox 2127 2608 3715 2686">
    <p class='ocr_par' dir='ltr' id='par_1_73' title="bbox 2127 2608 3715 2686">
     <span class='ocr_line' id='line_1_73' title="bbox 2127 2608 3715 2686; baseline 0.009 -29"><span class='ocrx_word' id='word_1_485' title='bbox 2127 2608 2503 2678; x_wconf 75' lang='grc' dir='ltr'><strong>τετριμμένην</strong></span> <span class='ocrx_word' id='word_1_486' title='bbox 2524 2610 2710 2681; x_wconf 83' lang='grc' dir='ltr'><strong>τρίδον</strong></span> <span class='ocrx_word' id='word_1_487' title='bbox 2735 2613 2862 2677; x_wconf 77' lang='grc' dir='ltr'><strong>τοὺς</strong></span> <span class='ocrx_word' id='word_1_488' title='bbox 2883 2612 3053 2677; x_wconf 82' lang='grc' dir='ltr'><strong>πόδας</strong></span> <span class='ocrx_word' id='word_1_489' title='bbox 3085 2613 3393 2686; x_wconf 74' lang='grc' dir='ltr'><strong>ὲρρείσατεο</strong></span> <span class='ocrx_word' id='word_1_490' title='bbox 3430 2618 3464 2686; x_wconf 77' lang='grc' dir='ltr'><strong>ἠ</strong></span> <span class='ocrx_word' id='word_1_491' title='bbox 3484 2615 3545 2670; x_wconf 71' lang='grc' dir='ltr'><strong>δὲ</strong></span> <span class='ocrx_word' id='word_1_492' title='bbox 3562 2616 3715 2671; x_wconf 64' lang='grc' dir='ltr'><strong>εστιν</strong></span> 
     </span>
    </p>
   </div>
   <div class='ocr_carea' id='block_1_74' title="bbox 2128 2695 3716 2779">
    <p class='ocr_par' dir='ltr' id='par_1_74' title="bbox 2128 2695 3716 2779">
     <span class='ocr_line' id='line_1_74' title="bbox 2128 2695 3716 2779; baseline 0.008 -29"><span class='ocrx_word' id='word_1_493' title='bbox 2128 2695 2288 2752; x_wconf 84' lang='grc' dir='ltr'><strong>θῦσαι</strong></span> <span class='ocrx_word' id='word_1_494' title='bbox 2316 2701 2431 2764; x_wconf 89' lang='grc' dir='ltr'><strong>τοῖς</strong></span> <span class='ocrx_word' id='word_1_495' title='bbox 2475 2704 2808 2769; x_wconf 81' lang='grc' dir='ltr'><strong>καλλινίκοις</strong></span> <span class='ocrx_word' id='word_1_496' title='bbox 2837 2704 3003 2770; x_wconf 84' lang='grc' dir='ltr'><strong>θεοῖς,</strong></span> <span class='ocrx_word' id='word_1_497' title='bbox 3033 2702 3116 2770; x_wconf 73' lang='grc' dir='ltr'>οἷς</span> <span class='ocrx_word' id='word_1_498' title='bbox 3133 2709 3288 2778; x_wconf 76' lang='grc' dir='ltr'><strong>κοινῇ</strong></span> <span class='ocrx_word' id='word_1_499' title='bbox 3322 2708 3475 2779; x_wconf 84' lang='grc' dir='ltr'><strong>παρά</strong></span> <span class='ocrx_word' id='word_1_500' title='bbox 3502 2708 3604 2762; x_wconf 82' lang='grc' dir='ltr'><strong>τοῦ</strong></span> <span class='ocrx_word' id='word_1_501' title='bbox 3625 2710 3716 2776; x_wconf 85' lang='grc' dir='ltr'><strong>γέ·</strong></span> 
     </span>
    </p>
   </div>
   <div class='ocr_carea' id='block_1_75' title="bbox 2128 2794 3715 2872">
    <p class='ocr_par' dir='ltr' id='par_1_75' title="bbox 2128 2794 3715 2872">
     <span class='ocr_line' id='line_1_75' title="bbox 2128 2794 3715 2872; baseline 0.009 -32"><span class='ocrx_word' id='word_1_502' title='bbox 2128 2803 2252 2853; x_wconf 86' lang='grc' dir='ltr'><strong>νους</strong></span> <span class='ocrx_word' id='word_1_503' title='bbox 2300 2794 2439 2865; x_wconf 72' lang='grc' dir='ltr'><strong>τιμὴ</strong></span> <span class='ocrx_word' id='word_1_504' title='bbox 2495 2797 2591 2848; x_wconf 84' lang='grc' dir='ltr'><strong>καὶ</strong></span> <span class='ocrx_word' id='word_1_505' title='bbox 2625 2794 2787 2866; x_wconf 82' lang='grc' dir='ltr'><strong>χάρις</strong></span> <span class='ocrx_word' id='word_1_506' title='bbox 2830 2796 3103 2862; x_wconf 82' lang='grc' dir='ltr'><strong>ὀφείλεται</strong></span> <span class='ocrx_word' id='word_1_507' title='bbox 3144 2796 3216 2851; x_wconf 80' lang='grc' dir='ltr'><strong>δι’</strong></span> <span class='ocrx_word' id='word_1_508' title='bbox 3240 2798 3455 2862; x_wconf 77' lang='grc' dir='ltr'><strong>εὐνοίας</strong></span> <span class='ocrx_word' id='word_1_509' title='bbox 3478 2800 3715 2872; x_wconf 69' lang='grc' dir='ltr'><strong>ἀμειϐο-</strong></span> 
     </span>
    </p>
   </div>
   <div class='ocr_carea' id='block_1_76' title="bbox 2131 2879 3715 2963">
    <p class='ocr_par' dir='ltr' id='par_1_76' title="bbox 2131 2879 3715 2963">
     <span class='ocr_line' id='line_1_76' title="bbox 2131 2879 3715 2963; baseline 0.008 -29"><span class='ocrx_word' id='word_1_510' title='bbox 2131 2879 2295 2949; x_wconf 82' lang='grc' dir='ltr'><strong>μένου</strong></span> <span class='ocrx_word' id='word_1_511' title='bbox 2335 2883 2436 2955; x_wconf 74' lang='grc' dir='ltr'><strong>τὴν</strong></span> <span class='ocrx_word' id='word_1_512' title='bbox 2472 2886 2757 2957; x_wconf 85' lang='grc' dir='ltr'><strong>πρόνοιαν,</strong></span> <span class='ocrx_word' id='word_1_513' title='bbox 2800 2891 2894 2942; x_wconf 84' lang='grc' dir='ltr'><strong>καὶ</strong></span> <span class='ocrx_word' id='word_1_514' title='bbox 2947 2892 3060 2953; x_wconf 88' lang='grc' dir='ltr'>τοῖς</span> <span class='ocrx_word' id='word_1_515' title='bbox 3098 2888 3210 2941; x_wconf 83' lang='grc' dir='ltr'><strong>τῶν</strong></span> <span class='ocrx_word' id='word_1_516' title='bbox 3241 2888 3523 2946; x_wconf 77' lang='grc' dir='ltr'><strong>σεδαστῶν</strong></span> <span class='ocrx_word' id='word_1_517' title='bbox 3550 2892 3715 2963; x_wconf 77' lang='grc' dir='ltr'><strong>βασι-</strong></span> 
     </span>
    </p>
   </div>
   <div class='ocr_carea' id='block_1_77' title="bbox 2129 2970 3719 3053">
    <p class='ocr_par' dir='ltr' id='par_1_77' title="bbox 2129 2970 3719 3053">
     <span class='ocr_line' id='line_1_77' title="bbox 2129 2970 3719 3053; baseline 0.009 -29"><span class='ocrx_word' id='word_1_518' title='bbox 2129 2970 2266 3026; x_wconf 80' lang='grc' dir='ltr'><strong>λέων</strong></span> <span class='ocrx_word' id='word_1_519' title='bbox 2293 2974 2575 3045; x_wconf 76' lang='grc' dir='ltr'><strong>ύποκύψαι</strong></span> <span class='ocrx_word' id='word_1_520' title='bbox 2615 2979 3041 3049; x_wconf 77' lang='grc' dir='ltr'><strong>προστάγμασιν</strong></span> <span class='ocrx_word' id='word_1_521' title='bbox 3060 2995 3075 3008; x_wconf 87' lang='grc'><strong>·</strong></span> <span class='ocrx_word' id='word_1_522' title='bbox 3113 2978 3230 3033; x_wconf 84' lang='grc' dir='ltr'><strong>ίστε</strong></span> <span class='ocrx_word' id='word_1_523' title='bbox 3254 2981 3366 3053; x_wconf 81' lang='grc' dir='ltr'><strong>γὰρ</strong></span> <span class='ocrx_word' id='word_1_524' title='bbox 3391 2982 3470 3047; x_wconf 81' lang='grc' dir='ltr'>ὡς</span> <span class='ocrx_word' id='word_1_525' title='bbox 3499 2983 3719 3039; x_wconf 69' lang='grc' dir='ltr'><strong>ἀθάναυ</strong></span> 
     </span>
    </p>
   </div>
   <div class='ocr_carea' id='block_1_78' title="bbox 2128 3064 3033 3140">
    <p class='ocr_par' dir='ltr' id='par_1_78' title="bbox 2128 3064 3033 3140">
     <span class='ocr_line' id='line_1_78' title="bbox 2128 3064 3033 3140; baseline 0.006 -23"><span class='ocrx_word' id='word_1_526' title='bbox 2128 3079 2224 3119; x_wconf 81' lang='grc' dir='ltr'><strong>τον</strong></span> <span class='ocrx_word' id='word_1_527' title='bbox 2246 3064 2350 3135; x_wconf 79' lang='grc' dir='ltr'><strong>τῆς</strong></span> <span class='ocrx_word' id='word_1_528' title='bbox 2377 3069 2666 3139; x_wconf 74' lang='grc' dir='ltr'><strong>παρακοῆς</strong></span> <span class='ocrx_word' id='word_1_529' title='bbox 2687 3070 2982 3140; x_wconf 67' lang='grc' dir='ltr'><strong>ἐπιτίμιον.</strong></span> <span class='ocrx_word' id='word_1_530' title='bbox 3012 3088 3033 3122; x_wconf 76' lang='grc' dir='ltr'><strong>ι</strong></span> 
     </span>
    </p>
   </div>
   <div class='ocr_carea' id='block_1_79' title="bbox 2202 3156 3716 3238">
    <p class='ocr_par' dir='ltr' id='par_1_79' title="bbox 2202 3156 3716 3238">
     <span class='ocr_line' id='line_1_79' title="bbox 2202 3156 3716 3238; baseline 0.007 -29"><span class='ocrx_word' id='word_1_531' title='bbox 2202 3156 2304 3228; x_wconf 71' lang='grc' dir='ltr'><strong>κβν.</strong></span> <span class='ocrx_word' id='word_1_532' title='bbox 2325 3157 2546 3213; x_wconf 83' lang='grc' dir='ltr'><strong>Τούτων</strong></span> <span class='ocrx_word' id='word_1_533' title='bbox 2582 3161 2890 3233; x_wconf 74' lang='grc' dir='ltr'><strong>εἰρημένων</strong></span> <span class='ocrx_word' id='word_1_534' title='bbox 2916 3160 3018 3215; x_wconf 79' lang='grc' dir='ltr'><strong>οὐκ</strong></span> <span class='ocrx_word' id='word_1_535' title='bbox 3051 3160 3418 3232; x_wconf 67' lang='grc' dir='ltr'><strong>εκπλαγέντες</strong></span> <span class='ocrx_word' id='word_1_536' title='bbox 3444 3164 3495 3220; x_wconf 85' lang='grc' dir='ltr'><strong>οί</strong></span> <span class='ocrx_word' id='word_1_537' title='bbox 3535 3164 3716 3238; x_wconf 76' lang='grc' dir='ltr'><strong>ἀθληο</strong></span> 
     </span>
    </p>
   </div>
   <div class='ocr_carea' id='block_1_80' title="bbox 2128 3248 3721 3326">
    <p class='ocr_par' dir='ltr' id='par_1_80' title="bbox 2128 3248 3721 3326">
     <span class='ocr_line' id='line_1_80' title="bbox 2128 3248 3721 3326; baseline 0.007 -25"><span class='ocrx_word' id='word_1_538' title='bbox 2128 3249 2242 3315; x_wconf 75' lang='grc' dir='ltr'><strong>ταὶ,</strong></span> <span class='ocrx_word' id='word_1_539' title='bbox 2264 3248 2381 3302; x_wconf 83' lang='grc' dir='ltr'><strong>ἀλλ’</strong></span> <span class='ocrx_word' id='word_1_540' title='bbox 2414 3248 2606 3319; x_wconf 81' lang='grc' dir='ltr'><strong>ὥσπερ</strong></span> <span class='ocrx_word' id='word_1_541' title='bbox 2646 3254 2707 3303; x_wconf 72' lang='grc' dir='ltr'><strong>εν</strong></span> <span class='ocrx_word' id='word_1_542' title='bbox 2748 3250 3013 3323; x_wconf 75' lang='grc' dir='ltr'><strong>ἁμίλλαις</strong></span> <span class='ocrx_word' id='word_1_543' title='bbox 3052 3251 3115 3307; x_wconf 80' lang='grc' dir='ltr'><strong>τδ</strong></span> <span class='ocrx_word' id='word_1_544' title='bbox 3136 3252 3236 3325; x_wconf 80' lang='grc' dir='ltr'><strong>τῆς</strong></span> <span class='ocrx_word' id='word_1_545' title='bbox 3261 3252 3444 3325; x_wconf 75' lang='grc' dir='ltr'><strong>ψυχῆς</strong></span> <span class='ocrx_word' id='word_1_546' title='bbox 3479 3256 3721 3326; x_wconf 82' lang='grc' dir='ltr'><strong>μεγαλο-</strong></span> 
     </span>
    </p>
   </div>
   <div class='ocr_carea' id='block_1_81' title="bbox 2131 3340 3715 3416">
    <p class='ocr_par' dir='ltr' id='par_1_81' title="bbox 2131 3340 3715 3416">
     <span class='ocr_line' id='line_1_81' title="bbox 2131 3340 3715 3416; baseline 0.006 -23"><span class='ocrx_word' id='word_1_547' title='bbox 2131 3340 2266 3409; x_wconf 68' lang='lat' dir='ltr'><strong>«pch</strong></span> <span class='ocrx_word' id='word_1_548' title='bbox 2315 3343 2410 3396; x_wconf 70' lang='grc' dir='ltr'><strong>καὶ</strong></span> <span class='ocrx_word' id='word_1_549' title='bbox 2453 3342 2737 3413; x_wconf 84' lang='grc' dir='ltr'><strong>φιλότιμον</strong></span> <span class='ocrx_word' id='word_1_550' title='bbox 2779 3342 3337 3416; x_wconf 84' lang='grc' dir='ltr'><strong>ἀντεπιδεικνύμενοι.</strong></span> <span class='ocrx_word' id='word_1_551' title='bbox 3386 3347 3485 3404; x_wconf 71' lang='grc' dir='ltr'><strong>καὶ</strong></span> <span class='ocrx_word' id='word_1_552' title='bbox 3522 3347 3626 3403; x_wconf 84' lang='grc' dir='ltr'><strong>τόν</strong></span> <span class='ocrx_word' id='word_1_553' title='bbox 3655 3364 3715 3403; x_wconf 80' lang='grc' dir='ltr'><strong>τε</strong></span> 
     </span>
    </p>
   </div>
   <div class='ocr_carea' id='block_1_82' title="bbox 2130 3427 3720 3501">
    <p class='ocr_par' dir='ltr' id='par_1_82' title="bbox 2130 3427 3720 3501">
     <span class='ocr_line' id='line_1_82' title="bbox 2130 3427 3720 3501; baseline 0.004 -16"><span class='ocrx_word' id='word_1_554' title='bbox 2130 3427 2305 3498; x_wconf 74' lang='grc' dir='ltr'><strong>θυμὸν</strong></span> <span class='ocrx_word' id='word_1_555' title='bbox 2343 3428 2649 3495; x_wconf 69' lang='grc' dir='ltr'><strong>ἑξοιδοῦντα</strong></span> <span class='ocrx_word' id='word_1_556' title='bbox 2684 3429 2793 3485; x_wconf 83' lang='grc' dir='ltr'><strong>τῶν</strong></span> <span class='ocrx_word' id='word_1_557' title='bbox 2832 3430 3045 3491; x_wconf 70' lang='grc' dir='ltr'><strong>ἀσεϐῶν</strong></span> <span class='ocrx_word' id='word_1_558' title='bbox 3089 3432 3574 3501; x_wconf 80' lang='grc' dir='ltr'><strong>καταστέλλοντες,</strong></span> <span class='ocrx_word' id='word_1_559' title='bbox 3616 3436 3720 3492; x_wconf 78' lang='grc' dir='ltr'><strong>καὶ</strong></span> 
     </span>
    </p>
   </div>
   <div class='ocr_carea' id='block_1_83' title="bbox 2128 3520 3713 3598">
    <p class='ocr_par' dir='ltr' id='par_1_83' title="bbox 2128 3520 3713 3598">
     <span class='ocr_line' id='line_1_83' title="bbox 2128 3520 3713 3598; baseline 0.013 -35"><span class='ocrx_word' id='word_1_560' title='bbox 2128 3520 2193 3573; x_wconf 79' lang='grc' dir='ltr'><strong>τδ</strong></span> <span class='ocrx_word' id='word_1_561' title='bbox 2215 3520 2389 3593; x_wconf 76' lang='grc' dir='ltr'><strong>τραχὺ</strong></span> <span class='ocrx_word' id='word_1_562' title='bbox 2413 3525 2511 3593; x_wconf 77' lang='grc' dir='ltr'><strong>τῆς</strong></span> <span class='ocrx_word' id='word_1_563' title='bbox 2530 3523 2757 3595; x_wconf 81' lang='grc' dir='ltr'><strong>γνώμης</strong></span> <span class='ocrx_word' id='word_1_564' title='bbox 2792 3522 3213 3591; x_wconf 64' lang='grc' dir='ltr'><strong>ἐπιλεαίνοντες,</strong></span> <span class='ocrx_word' id='word_1_565' title='bbox 3247 3524 3310 3579; x_wconf 77' lang='grc' dir='ltr'><strong>ιν</strong></span> <span class='ocrx_word' id='word_1_566' title='bbox 3344 3524 3467 3597; x_wconf 70' lang='grc' dir='ltr'><strong>ἤθει</strong></span> <span class='ocrx_word' id='word_1_567' title='bbox 3499 3525 3713 3598; x_wconf 75' lang='grc' dir='ltr'><strong>σεμνῷ,</strong></span> 
     </span>
    </p>
   </div>
   <div class='ocr_carea' id='block_1_84' title="bbox 2130 3616 3719 3691">
    <p class='ocr_par' dir='ltr' id='par_1_84' title="bbox 2130 3616 3719 3691">
     <span class='ocr_line' id='line_1_84' title="bbox 2130 3616 3719 3691; baseline 0.002 -21"><span class='ocrx_word' id='word_1_568' title='bbox 2130 3616 2227 3670; x_wconf 81' lang='grc' dir='ltr'><strong>καὶ</strong></span> <span class='ocrx_word' id='word_1_569' title='bbox 2262 3616 2591 3687; x_wconf 81' lang='grc' dir='ltr'><strong>ἀτρεμοῦντι</strong></span> <span class='ocrx_word' id='word_1_570' title='bbox 2651 3616 2734 3686; x_wconf 82' lang='grc' dir='ltr'><strong>τῷ</strong></span> <span class='ocrx_word' id='word_1_571' title='bbox 2766 3618 3041 3688; x_wconf 75' lang='grc' dir='ltr'><strong>σχήματι,</strong></span> <span class='ocrx_word' id='word_1_572' title='bbox 3080 3618 3177 3671; x_wconf 73' lang='grc' dir='ltr'><strong>καὶ</strong></span> <span class='ocrx_word' id='word_1_573' title='bbox 3227 3617 3308 3689; x_wconf 81' lang='grc' dir='ltr'><strong>τῷ</strong></span> <span class='ocrx_word' id='word_1_574' title='bbox 3345 3618 3568 3691; x_wconf 79' lang='grc' dir='ltr'><strong>κοσμίῳ</strong></span> <span class='ocrx_word' id='word_1_575' title='bbox 3612 3620 3719 3690; x_wconf 84' lang='grc' dir='ltr'><strong>τῆς</strong></span> 
     </span>
    </p>
   </div>
   <div class='ocr_carea' id='block_1_85' title="bbox 2130 3703 3721 3783">
    <p class='ocr_par' dir='ltr' id='par_1_85' title="bbox 2130 3703 3721 3783">
     <span class='ocr_line' id='line_1_85' title="bbox 2130 3703 3721 3783; baseline 0.005 -26"><span class='ocrx_word' id='word_1_576' title='bbox 2130 3703 2337 3776; x_wconf 80' lang='grc' dir='ltr'><strong>φωνῆς,</strong></span> <span class='ocrx_word' id='word_1_577' title='bbox 2376 3704 2767 3779; x_wconf 83' lang='grc' dir='ltr'><strong>ἀπεκρίναντο·</strong></span> <span class='ocrx_word' id='word_1_578' title='bbox 2841 3705 2955 3779; x_wconf 76' lang='grc' dir='ltr'><strong>Τὴν</strong></span> <span class='ocrx_word' id='word_1_579' title='bbox 2999 3706 3102 3778; x_wconf 63' lang='grc' dir='ltr'><strong>μὲν</strong></span> <span class='ocrx_word' id='word_1_580' title='bbox 3157 3708 3601 3780; x_wconf 69' lang='grc' dir='ltr'><strong>περιττολογίαν,</strong></span> <span class='ocrx_word' id='word_1_581' title='bbox 3644 3710 3721 3783; x_wconf 66' lang='grc' dir='ltr'><strong>ἢν</strong></span> 
     </span>
    </p>
   </div>
   <div class='ocr_carea' id='block_1_86' title="bbox 2127 3797 3716 3874">
    <p class='ocr_par' dir='ltr' id='par_1_86' title="bbox 2127 3797 3716 3874">
     <span class='ocr_line' id='line_1_86' title="bbox 2127 3797 3716 3874; baseline 0.005 -23"><span class='ocrx_word' id='word_1_582' title='bbox 2127 3799 2286 3869; x_wconf 79' lang='grc' dir='ltr'><strong>ὑμεῖς</strong></span> <span class='ocrx_word' id='word_1_583' title='bbox 2327 3814 2463 3867; x_wconf 81' lang='grc' dir='ltr'><strong>φατε</strong></span> <span class='ocrx_word' id='word_1_584' title='bbox 2506 3798 2777 3864; x_wconf 78' lang='grc' dir='ltr'><strong>δικασταὶ,</strong></span> <span class='ocrx_word' id='word_1_585' title='bbox 2807 3797 3104 3854; x_wconf 72' lang='grc' dir='ltr'><strong>σπουδαίαν</strong></span> <span class='ocrx_word' id='word_1_586' title='bbox 3124 3800 3257 3872; x_wconf 69' lang='grc' dir='ltr'><strong>ἡμῖν</strong></span> <span class='ocrx_word' id='word_1_587' title='bbox 3283 3804 3380 3856; x_wconf 76' lang='grc' dir='ltr'><strong>καὶ</strong></span> <span class='ocrx_word' id='word_1_588' title='bbox 3414 3802 3716 3874; x_wconf 78' lang='grc' dir='ltr'><strong>χρειωδσσ·</strong></span> 
     </span>
    </p>
   </div>
   <div class='ocr_carea' id='block_1_87' title="bbox 2124 3889 3717 3963">
    <p class='ocr_par' dir='ltr' id='par_1_87' title="bbox 2124 3889 3717 3963">
     <span class='ocr_line' id='line_1_87' title="bbox 2124 3889 3717 3963; baseline 0.005 -21"><span class='ocrx_word' id='word_1_589' title='bbox 2124 3889 2295 3958; x_wconf 84' lang='grc' dir='ltr'><strong>τάτην</strong></span> <span class='ocrx_word' id='word_1_590' title='bbox 2334 3891 2365 3942; x_wconf 85' lang='grc' dir='ltr'>ὀ</span> <span class='ocrx_word' id='word_1_591' title='bbox 2417 3890 2546 3960; x_wconf 77' lang='grc' dir='ltr'><strong>περὶ</strong></span> <span class='ocrx_word' id='word_1_592' title='bbox 2586 3890 2688 3960; x_wconf 79' lang='grc' dir='ltr'><strong>τῆς</strong></span> <span class='ocrx_word' id='word_1_593' title='bbox 2736 3890 3009 3961; x_wconf 80' lang='grc' dir='ltr'><strong>ὑμετέρας</strong></span> <span class='ocrx_word' id='word_1_594' title='bbox 3058 3891 3334 3963; x_wconf 76' lang='grc' dir='ltr'><strong>σωτηρίας</strong></span> <span class='ocrx_word' id='word_1_595' title='bbox 3377 3892 3546 3959; x_wconf 74' lang='grc' dir='ltr'><strong>πόθος</strong></span> <span class='ocrx_word' id='word_1_596' title='bbox 3614 3910 3717 3950; x_wconf 74' lang='grc' dir='ltr'><strong>πε-</strong></span> 
     </span>
    </p>
   </div>
   <div class='ocr_carea' id='block_1_88' title="bbox 2125 3980 3717 4058">
    <p class='ocr_par' dir='ltr' id='par_1_88' title="bbox 2125 3980 3717 4058">
     <span class='ocr_line' id='line_1_88' title="bbox 2125 3980 3717 4058; baseline 0.006 -25"><span class='ocrx_word' id='word_1_597' title='bbox 2125 3980 2356 4052; x_wconf 79' lang='grc' dir='ltr'><strong>ποίηκεν</strong></span> <span class='ocrx_word' id='word_1_598' title='bbox 2382 3999 2395 4012; x_wconf 66' lang='grc' dir='ltr'><strong>υ</strong></span> <span class='ocrx_word' id='word_1_599' title='bbox 2442 3981 2618 4045; x_wconf 80' lang='grc' dir='ltr'><strong>ἄλλως</strong></span> <span class='ocrx_word' id='word_1_600' title='bbox 2641 3998 2700 4035; x_wconf 89' lang='grc' dir='ltr'><strong>τε</strong></span> <span class='ocrx_word' id='word_1_601' title='bbox 2755 3983 2852 4035; x_wconf 78' lang='grc' dir='ltr'><strong>καὶ</strong></span> <span class='ocrx_word' id='word_1_602' title='bbox 2872 3984 2992 4047; x_wconf 86' lang='grc' dir='ltr'><strong>ταῖς</strong></span> <span class='ocrx_word' id='word_1_603' title='bbox 3019 3982 3151 4056; x_wconf 79' lang='grc' dir='ltr'><strong>παρ’</strong></span> <span class='ocrx_word' id='word_1_604' title='bbox 3180 3982 3338 4054; x_wconf 78' lang='grc' dir='ltr'><strong>ὑμῶν</strong></span> <span class='ocrx_word' id='word_1_605' title='bbox 3362 3985 3717 4058; x_wconf 73' lang='grc' dir='ltr'><strong>ιρωτήσεσεν</strong></span> 
     </span>
    </p>
   </div>
   <div class='ocr_carea' id='block_1_89' title="bbox 2127 4068 3721 4154">
    <p class='ocr_par' dir='ltr' id='par_1_89' title="bbox 2127 4068 3721 4154">
     <span class='ocr_line' id='line_1_89' title="bbox 2127 4068 3721 4154; baseline 0.007 -29"><span class='ocrx_word' id='word_1_606' title='bbox 2127 4071 2455 4137; x_wconf 76' lang='grc' dir='ltr'><strong>ἀκολούθως</strong></span> <span class='ocrx_word' id='word_1_607' title='bbox 2489 4068 2633 4128; x_wconf 81' lang='grc' dir='ltr'><strong>εἶναι</strong></span> <span class='ocrx_word' id='word_1_608' title='bbox 2660 4073 3006 4154; x_wconf 45' lang='grc' dir='ltr'><strong>τοὺς-λόγους</strong></span> <span class='ocrx_word' id='word_1_609' title='bbox 3036 4074 3209 4148; x_wconf 79' lang='grc' dir='ltr'><strong>έχρῆν</strong></span> <span class='ocrx_word' id='word_1_610' title='bbox 3232 4092 3247 4107; x_wconf 87' lang='grc'><strong>·</strong></span> <span class='ocrx_word' id='word_1_611' title='bbox 3281 4078 3405 4134; x_wconf 68' lang='grc' dir='ltr'><strong>οὐδὲ</strong></span> <span class='ocrx_word' id='word_1_612' title='bbox 3430 4078 3545 4152; x_wconf 82' lang='grc' dir='ltr'><strong>γὰρ</strong></span> <span class='ocrx_word' id='word_1_613' title='bbox 3580 4082 3721 4154; x_wconf 78' lang='grc' dir='ltr'><strong>περὶ</strong></span> 
     </span>
    </p>
   </div>
   <div class='ocr_carea' id='block_1_90' title="bbox 2123 4140 3719 4245">
    <p class='ocr_par' dir='ltr' id='par_1_90' title="bbox 2123 4140 3719 4245">
     <span class='ocr_line' id='line_1_90' title="bbox 2123 4140 3719 4245; baseline 0.007 -28"><span class='ocrx_word' id='word_1_614' title='bbox 2123 4164 2236 4220; x_wconf 86' lang='grc' dir='ltr'><strong>τῶν</strong></span> <span class='ocrx_word' id='word_1_615' title='bbox 2266 4163 2567 4237; x_wconf 75' lang='grc' dir='ltr'><strong>ιλαχίστων</strong></span> <span class='ocrx_word' id='word_1_616' title='bbox 2602 4166 2738 4238; x_wconf 72' lang='grc' dir='ltr'><strong>ἡμῖν</strong></span> <span class='ocrx_word' id='word_1_617' title='bbox 2764 4140 3358 4242; x_wconf 46' lang='grc' dir='ltr'><strong>δ’διάλογοςησυνέστη.</strong></span> <span class='ocrx_word' id='word_1_618' title='bbox 3393 4140 3549 4243; x_wconf 53' lang='grc' dir='ltr'><strong>καὶῆ</strong></span> <span class='ocrx_word' id='word_1_619' title='bbox 3573 4140 3719 4245; x_wconf 68' lang='grc' dir='ltr'><strong>πρδς</strong></span> 
     </span>
    </p>
   </div>
   <div class='ocr_carea' id='block_1_91' title="bbox 2125 4256 3719 4334">
    <p class='ocr_par' dir='ltr' id='par_1_91' title="bbox 2125 4256 3719 4334">
     <span class='ocr_line' id='line_1_91' title="bbox 2125 4256 3719 4334; baseline 0.005 -22"><span class='ocrx_word' id='word_1_620' title='bbox 2125 4256 2387 4328; x_wconf 80' lang='grc' dir='ltr'><strong>ἀλλήλους</strong></span> <span class='ocrx_word' id='word_1_621' title='bbox 2439 4256 2722 4327; x_wconf 77' lang='grc' dir='ltr'><strong>διάσκεψις</strong></span> <span class='ocrx_word' id='word_1_622' title='bbox 2743 4273 2760 4292; x_wconf 79' lang='grc' dir='ltr'><strong>ο</strong></span> <span class='ocrx_word' id='word_1_623' title='bbox 2789 4258 2977 4332; x_wconf 72' lang='grc' dir='ltr'><strong>έπειδὴ</strong></span> <span class='ocrx_word' id='word_1_624' title='bbox 3016 4258 3074 4315; x_wconf 76' lang='grc' dir='ltr'><strong>δι</strong></span> <span class='ocrx_word' id='word_1_625' title='bbox 3109 4263 3431 4334; x_wconf 77' lang='grc' dir='ltr'><strong>προεκπηδᾷ</strong></span> <span class='ocrx_word' id='word_1_626' title='bbox 3450 4263 3550 4319; x_wconf 88' lang='grc' dir='ltr'><strong>τοῦ</strong></span> <span class='ocrx_word' id='word_1_627' title='bbox 3579 4265 3719 4319; x_wconf 74' lang='grc' dir='ltr'><strong>καο-</strong></span> 
     </span>
    </p>
   </div>
   <div class='ocr_carea' id='block_1_92' title="bbox 453 4347 2030 4436">
    <p class='ocr_par' dir='ltr' id='par_1_92' title="bbox 453 4354 2028 4428">
     <span class='ocr_line' id='line_1_92' title="bbox 453 4354 2028 4428; baseline -0.003 -15"><span class='ocrx_word' id='word_1_628' title='bbox 453 4360 585 4413; x_wconf 89' lang='lat' dir='ltr'><strong>mlni</strong></span> <span class='ocrx_word' id='word_1_629' title='bbox 620 4376 635 4423; x_wconf 87' lang='lat'>;</span> <span class='ocrx_word' id='word_1_630' title='bbox 694 4356 994 4428; x_wconf 81' lang='lat' dir='ltr'><strong>dignamini</strong></span> <span class='ocrx_word' id='word_1_631' title='bbox 1051 4356 1286 4411; x_wconf 91' lang='lat' dir='ltr'><strong>breviter</strong></span> <span class='ocrx_word' id='word_1_632' title='bbox 1322 4354 1501 4409; x_wconf 89' lang='lat' dir='ltr'><strong>adhuc</strong></span> <span class='ocrx_word' id='word_1_633' title='bbox 1524 4354 1894 4424; x_wconf 83' lang='lat' dir='ltr'><strong>acquiescere.</strong></span> <span class='ocrx_word' id='word_1_634' title='bbox 1926 4370 2028 4410; x_wconf 85' lang='lat' dir='ltr'><strong>no-</strong></span> 
     </span>
    </p>
   </div>
   <div class='ocr_carea' id='block_1_93' title="bbox 2131 4347 3720 4436">
    <p class='ocr_par' dir='ltr' id='par_1_93' title="bbox 2131 4347 3720 4430">
     <span class='ocr_line' id='line_1_93' title="bbox 2131 4347 3720 4430; baseline 0.006 -28"><span class='ocrx_word' id='word_1_635' title='bbox 2131 4350 2355 4420; x_wconf 77' lang='grc' dir='ltr'><strong>ήκοντος</strong></span> <span class='ocrx_word' id='word_1_636' title='bbox 2391 4349 2453 4402; x_wconf 79' lang='grc' dir='ltr'><strong>τὸ</strong></span> <span class='ocrx_word' id='word_1_637' title='bbox 2484 4348 2815 4418; x_wconf 73' lang='grc' dir='ltr'><strong>παράλογον,</strong></span> <span class='ocrx_word' id='word_1_638' title='bbox 2853 4350 2949 4403; x_wconf 76' lang='grc' dir='ltr'><strong>καὶ</strong></span> <span class='ocrx_word' id='word_1_639' title='bbox 3001 4347 3168 4422; x_wconf 83' lang='grc' dir='ltr'><strong>τῦφος</strong></span> <span class='ocrx_word' id='word_1_640' title='bbox 3205 4352 3335 4424; x_wconf 82' lang='grc' dir='ltr'><strong>ὑμῖν</strong></span> <span class='ocrx_word' id='word_1_641' title='bbox 3362 4352 3585 4423; x_wconf 67' lang='grc' dir='ltr'><strong>ἐξογκοῖ</strong></span> <span class='ocrx_word' id='word_1_642' title='bbox 3613 4356 3720 4430; x_wconf 67' lang='grc' dir='ltr'><strong>τὴν</strong></span> 
     </span>
    </p>
   </div>
   <div class='ocr_carea' id='block_1_94' title="bbox 460 4445 2026 4523">
    <p class='ocr_par' dir='ltr' id='par_1_94' title="bbox 460 4445 2026 4523">
     <span class='ocr_line' id='line_1_94' title="bbox 460 4445 2026 4523; baseline -0.005 -13"><span class='ocrx_word' id='word_1_643' title='bbox 460 4455 693 4523; x_wconf 70' lang='lat' dir='ltr'><strong>atrisque</strong></span> <span class='ocrx_word' id='word_1_644' title='bbox 714 4447 1109 4519; x_wconf 69' lang='lat' dir='ltr'><strong>quaestionibus</strong></span> <span class='ocrx_word' id='word_1_645' title='bbox 1158 4448 1504 4518; x_wconf 85' lang='lat' dir='ltr'><strong>respondere.</strong></span> <span class='ocrx_word' id='word_1_646' title='bbox 1535 4445 1874 4514; x_wconf 87' lang='lat' dir='ltr'><strong>Quibusnam</strong></span> <span class='ocrx_word' id='word_1_647' title='bbox 1900 4448 2026 4513; x_wconf 90' lang='lat' dir='ltr'><strong>diis,</strong></span> 
     </span>
    </p>
   </div>
   <div class='ocr_carea' id='block_1_95' title="bbox 452 4539 2029 4614">
    <p class='ocr_par' dir='ltr' id='par_1_95' title="bbox 452 4539 2029 4614">
     <span class='ocr_line' id='line_1_95' title="bbox 452 4539 2029 4614; baseline -0.001 -17"><span class='ocrx_word' id='word_1_648' title='bbox 452 4560 628 4614; x_wconf 77' lang='lat' dir='ltr'><strong>quave</strong></span> <span class='ocrx_word' id='word_1_649' title='bbox 680 4542 889 4597; x_wconf 88' lang='lat' dir='ltr'><strong>ratione</strong></span> <span class='ocrx_word' id='word_1_650' title='bbox 937 4540 1246 4595; x_wconf 81' lang='lat' dir='ltr'><strong>sacriﬁcare</strong></span> <span class='ocrx_word' id='word_1_651' title='bbox 1287 4539 1489 4608; x_wconf 80' lang='lat' dir='ltr'><strong>jubetis</strong></span> <span class='ocrx_word' id='word_1_652' title='bbox 1516 4539 1541 4592; x_wconf 78' lang='lat'><strong>?</strong></span> <span class='ocrx_word' id='word_1_653' title='bbox 1571 4539 1654 4595; x_wconf 86' lang='lat' dir='ltr'><strong>Illi</strong></span> <span class='ocrx_word' id='word_1_654' title='bbox 1696 4556 1823 4596; x_wconf 88' lang='lat' dir='ltr'><strong>vero</strong></span> <span class='ocrx_word' id='word_1_655' title='bbox 1848 4540 2029 4597; x_wconf 86' lang='lat' dir='ltr'><strong>statim</strong></span> 
     </span>
    </p>
   </div>
   <div class='ocr_carea' id='block_1_96' title="bbox 456 4630 2034 4706">
    <p class='ocr_par' dir='ltr' id='par_1_96' title="bbox 456 4630 2034 4706">
     <span class='ocr_line' id='line_1_96' title="bbox 456 4630 2034 4706; baseline -0.003 -16"><span class='ocrx_word' id='word_1_656' title='bbox 456 4637 846 4706; x_wconf 73' lang='lat' dir='ltr'><strong>respondentes</strong></span> <span class='ocrx_word' id='word_1_657' title='bbox 895 4634 1149 4689; x_wconf 84' lang='lat' dir='ltr'><strong>aiebant:</strong></span> <span class='ocrx_word' id='word_1_658' title='bbox 1186 4633 1302 4686; x_wconf 92' lang='lat' dir='ltr'><strong>siue</strong></span> <span class='ocrx_word' id='word_1_659' title='bbox 1341 4632 1509 4686; x_wconf 87' lang='lat' dir='ltr'><strong>dubio</strong></span> <span class='ocrx_word' id='word_1_660' title='bbox 1538 4630 1680 4697; x_wconf 70' lang='lat' dir='ltr'><strong>Iovi,</strong></span> <span class='ocrx_word' id='word_1_661' title='bbox 1711 4632 1939 4703; x_wconf 83' lang='lat' dir='ltr'><strong>ejusque</strong></span> <span class='ocrx_word' id='word_1_662' title='bbox 1969 4634 2034 4687; x_wconf 92' lang='lat' dir='ltr'><strong>li-</strong></span> 
     </span>
    </p>
   </div>
   <div class='ocr_carea' id='block_1_97' title="bbox 456 4724 2036 4797">
    <p class='ocr_par' dir='ltr' id='par_1_97' title="bbox 456 4724 2036 4797">
     <span class='ocr_line' id='line_1_97' title="bbox 456 4724 2036 4797; baseline -0.004 -12"><span class='ocrx_word' id='word_1_663' title='bbox 456 4733 622 4791; x_wconf 76' lang='lat' dir='ltr'><strong>beris,</strong></span> <span class='ocrx_word' id='word_1_664' title='bbox 677 4738 731 4784; x_wconf 91' lang='lat' dir='ltr'><strong>ct</strong></span> <span class='ocrx_word' id='word_1_665' title='bbox 773 4728 1035 4797; x_wconf 74' lang='lat' dir='ltr'><strong>Neptuno,</strong></span> <span class='ocrx_word' id='word_1_666' title='bbox 1072 4724 1293 4789; x_wconf 84' lang='lat' dir='ltr'><strong>Junoni,</strong></span> <span class='ocrx_word' id='word_1_667' title='bbox 1327 4740 1392 4779; x_wconf 89' lang='lat' dir='ltr'><strong>ac</strong></span> <span class='ocrx_word' id='word_1_668' title='bbox 1420 4727 1582 4781; x_wconf 86' lang='lat' dir='ltr'><strong>matri</strong></span> <span class='ocrx_word' id='word_1_669' title='bbox 1614 4727 1859 4791; x_wconf 86' lang='lat' dir='ltr'><strong>deorum,</strong></span> <span class='ocrx_word' id='word_1_670' title='bbox 1892 4728 2036 4781; x_wconf 89' lang='lat' dir='ltr'><strong>cicu-</strong></span> 
     </span>
    </p>
   </div>
   <div class='ocr_carea' id='block_1_98' title="bbox 455 4818 2029 4890">
    <p class='ocr_par' dir='ltr' id='par_1_98' title="bbox 455 4818 2029 4890">
     <span class='ocr_line' id='line_1_98' title="bbox 455 4818 2029 4890; baseline -0.004 -11"><span class='ocrx_word' id='word_1_671' title='bbox 455 4841 578 4879; x_wconf 87' lang='lat' dir='ltr'><strong>rum</strong></span> <span class='ocrx_word' id='word_1_672' title='bbox 636 4823 873 4877; x_wconf 86' lang='lat' dir='ltr'><strong>victimis</strong></span> <span class='ocrx_word' id='word_1_673' title='bbox 904 4836 966 4875; x_wconf 86' lang='lat' dir='ltr'><strong>ac</strong></span> <span class='ocrx_word' id='word_1_674' title='bbox 1004 4821 1161 4874; x_wconf 87' lang='lat' dir='ltr'><strong>thure</strong></span> <span class='ocrx_word' id='word_1_675' title='bbox 1201 4819 1323 4873; x_wconf 89' lang='lat' dir='ltr'><strong>illos</strong></span> <span class='ocrx_word' id='word_1_676' title='bbox 1345 4818 1640 4889; x_wconf 81' lang='lat' dir='ltr'><strong>placantes,</strong></span> <span class='ocrx_word' id='word_1_677' title='bbox 1668 4828 1722 4875; x_wconf 84' lang='lat' dir='ltr'><strong>et</strong></span> <span class='ocrx_word' id='word_1_678' title='bbox 1763 4821 2029 4890; x_wconf 84' lang='lat' dir='ltr'><strong>reliquum</strong></span> 
     </span>
    </p>
   </div>
   <div class='ocr_carea' id='block_1_99' title="bbox 457 4912 1056 4972">
    <p class='ocr_par' dir='ltr' id='par_1_99' title="bbox 457 4912 1056 4972">
     <span class='ocr_line' id='line_1_99' title="bbox 457 4912 1056 4972; baseline -0.012 -1"><span class='ocrx_word' id='word_1_679' title='bbox 457 4918 663 4972; x_wconf 83' lang='lat' dir='ltr'><strong>cultum</strong></span> <span class='ocrx_word' id='word_1_680' title='bbox 699 4912 1004 4970; x_wconf 83' lang='lat' dir='ltr'><strong>reddentes.</strong></span> <span class='ocrx_word' id='word_1_681' title='bbox 1036 4933 1056 4964; x_wconf 70' lang='grc' dir='ltr'><strong>ε</strong></span> 
     </span>
    </p>
   </div>
   <div class='ocr_carea' id='block_1_100' title="bbox 528 5174 2037 5246">
    <p class='ocr_par' dir='ltr' id='par_1_100' title="bbox 528 5174 2037 5246">
     <span class='ocr_line' id='line_1_100' title="bbox 528 5174 2037 5246; baseline -0.005 -11"><span class='ocrx_word' id='word_1_682' title='bbox 528 5180 619 5235; x_wconf 70' lang='grc' dir='ltr'><strong>ἳό,</strong></span> <span class='ocrx_word' id='word_1_683' title='bbox 657 5199 677 5232; x_wconf 78' lang='grc' dir='ltr'><strong>ι</strong></span> <span class='ocrx_word' id='word_1_684' title='bbox 717 5177 763 5232; x_wconf 90' lang='grc' dir='ltr'><strong>Ο</strong></span> <span class='ocrx_word' id='word_1_685' title='bbox 799 5193 913 5233; x_wconf 90' lang='lat' dir='ltr'><strong>rem</strong></span> <span class='ocrx_word' id='word_1_686' title='bbox 958 5177 1263 5243; x_wconf 84' lang='lat' dir='ltr'><strong>ridiculam,</strong></span> <span class='ocrx_word' id='word_1_687' title='bbox 1306 5184 1570 5246; x_wconf 81' lang='lat' dir='ltr'><strong>martyres</strong></span> <span class='ocrx_word' id='word_1_688' title='bbox 1620 5174 2037 5245; x_wconf 76' lang='lat' dir='ltr'><strong>responderunt,</strong></span> 
     </span>
    </p>
   </div>
   <div class='ocr_carea' id='block_1_101' title="bbox 462 5267 2036 5341">
    <p class='ocr_par' dir='ltr' id='par_1_101' title="bbox 462 5267 2036 5341">
     <span class='ocr_line' id='line_1_101' title="bbox 462 5267 2036 5341; baseline -0.003 -14"><span class='ocrx_word' id='word_1_689' title='bbox 462 5288 627 5341; x_wconf 83' lang='lat' dir='ltr'><strong>quam</strong></span> <span class='ocrx_word' id='word_1_690' title='bbox 659 5280 743 5325; x_wconf 79' lang='lat' dir='ltr'><strong>est</strong></span> <span class='ocrx_word' id='word_1_691' title='bbox 772 5270 1019 5324; x_wconf 87' lang='lat' dir='ltr'><strong>mirabile</strong></span> <span class='ocrx_word' id='word_1_692' title='bbox 1048 5270 1210 5324; x_wconf 78' lang='lat' dir='ltr'><strong>vestri</strong></span> <span class='ocrx_word' id='word_1_693' title='bbox 1241 5267 1437 5338; x_wconf 83' lang='lat' dir='ltr'><strong>ingenii</strong></span> <span class='ocrx_word' id='word_1_694' title='bbox 1469 5281 1696 5323; x_wconf 81' lang='lat' dir='ltr'><strong>acumen</strong></span> <span class='ocrx_word' id='word_1_695' title='bbox 1725 5269 1737 5319; x_wconf 85' lang='lat'>!</span> <span class='ocrx_word' id='word_1_696' title='bbox 1766 5270 1857 5336; x_wconf 88' lang='lat' dir='ltr'><strong>qui</strong></span> <span class='ocrx_word' id='word_1_697' title='bbox 1878 5270 2036 5336; x_wconf 71' lang='lat' dir='ltr'><strong>vulgo</strong></span> 
     </span>
    </p>
   </div>
   <div class='ocr_carea' id='block_1_102' title="bbox 462 5362 2037 5435">
    <p class='ocr_par' dir='ltr' id='par_1_102' title="bbox 462 5362 2037 5435">
     <span class='ocr_line' id='line_1_102' title="bbox 462 5362 2037 5435; baseline -0.003 -14"><span class='ocrx_word' id='word_1_698' title='bbox 462 5367 517 5421; x_wconf 87' lang='lat' dir='ltr'><strong>in</strong></span> <span class='ocrx_word' id='word_1_699' title='bbox 547 5363 774 5434; x_wconf 83' lang='lat' dir='ltr'><strong>singulis</strong></span> <span class='ocrx_word' id='word_1_700' title='bbox 803 5362 1054 5435; x_wconf 81' lang='lat' dir='ltr'><strong>gentibus</strong></span> <span class='ocrx_word' id='word_1_701' title='bbox 1083 5377 1188 5417; x_wconf 92' lang='lat' dir='ltr'><strong>non</strong></span> <span class='ocrx_word' id='word_1_702' title='bbox 1218 5363 1395 5418; x_wconf 86' lang='lat' dir='ltr'><strong>solum</strong></span> <span class='ocrx_word' id='word_1_703' title='bbox 1437 5362 1779 5417; x_wconf 87' lang='lat' dir='ltr'><strong>victimarum</strong></span> <span class='ocrx_word' id='word_1_704' title='bbox 1826 5362 2037 5417; x_wconf 80' lang='lat' dir='ltr'><strong>ratione</strong></span> 
     </span>
    </p>
   </div>
   <div class='ocr_carea' id='block_1_103' title="bbox 464 5454 2029 5527">
    <p class='ocr_par' dir='ltr' id='par_1_103' title="bbox 464 5454 2029 5527">
     <span class='ocr_line' id='line_1_103' title="bbox 464 5454 2029 5527; baseline -0.001 -16"><span class='ocrx_word' id='word_1_705' title='bbox 464 5458 805 5527; x_wconf 81' lang='lat' dir='ltr'><strong>discrepans,</strong></span> <span class='ocrx_word' id='word_1_706' title='bbox 863 5463 917 5511; x_wconf 88' lang='lat' dir='ltr'><strong>et</strong></span> <span class='ocrx_word' id='word_1_707' title='bbox 973 5454 1203 5509; x_wconf 81' lang='lat' dir='ltr'><strong>imicem</strong></span> <span class='ocrx_word' id='word_1_708' title='bbox 1249 5470 1474 5524; x_wconf 85' lang='lat' dir='ltr'><strong>prorsus</strong></span> <span class='ocrx_word' id='word_1_709' title='bbox 1530 5470 1636 5509; x_wconf 91' lang='lat' dir='ltr'><strong>non</strong></span> <span class='ocrx_word' id='word_1_710' title='bbox 1686 5454 2029 5525; x_wconf 86' lang='lat' dir='ltr'><strong>conspiratis,</strong></span> 
     </span>
    </p>
   </div>
   <div class='ocr_carea' id='block_1_104' title="bbox 538 5609 1239 5674">
    <p class='ocr_par' dir='ltr' id='par_1_104' title="bbox 538 5609 1239 5674">
     <span class='ocr_line' id='line_1_104' title="bbox 538 5609 1239 5674; baseline -0.004 -6"><span class='ocrx_word' id='word_1_711' title='bbox 538 5611 614 5673; x_wconf 71' lang='lat' dir='ltr'><strong>(9i</strong></span> <span class='ocrx_word' id='word_1_712' title='bbox 652 5610 733 5665; x_wconf 70' lang='lat' dir='ltr'><strong>Al.</strong></span> <span class='ocrx_word' id='word_1_713' title='bbox 758 5610 876 5666; x_wconf 83' lang='lat' dir='ltr'><strong>cod.</strong></span> <span class='ocrx_word' id='word_1_714' title='bbox 910 5609 1239 5674; x_wconf 62' lang='grc' dir='ltr'><strong>πολυδινιας.</strong></span> 
     </span>
    </p>
   </div>
   <div class='ocr_carea' id='block_1_105' title="bbox 2131 4442 3719 4523">
    <p class='ocr_par' dir='ltr' id='par_1_105' title="bbox 2131 4442 3719 4523">
     <span class='ocr_line' id='line_1_105' title="bbox 2131 4442 3719 4523; baseline 0.006 -27"><span class='ocrx_word' id='word_1_715' title='bbox 2131 4442 2389 4505; x_wconf 82' lang='grc' dir='ltr'><strong>διάνοιαν,</strong></span> <span class='ocrx_word' id='word_1_716' title='bbox 2432 4444 2527 4495; x_wconf 71' lang='grc' dir='ltr'><strong>καὶ</strong></span> <span class='ocrx_word' id='word_1_717' title='bbox 2564 4445 2624 4495; x_wconf 84' lang='grc' dir='ltr'><strong>ού</strong></span> <span class='ocrx_word' id='word_1_718' title='bbox 2659 4442 2883 4506; x_wconf 79' lang='grc' dir='ltr'><strong>δικαίως</strong></span> <span class='ocrx_word' id='word_1_719' title='bbox 2926 4444 3397 4517; x_wconf 85' lang='grc' dir='ltr'><strong>παρακεκίνησθε,</strong></span> <span class='ocrx_word' id='word_1_720' title='bbox 3439 4447 3549 4504; x_wconf 75' lang='grc' dir='ltr'><strong>κᾶν</strong></span> <span class='ocrx_word' id='word_1_721' title='bbox 3575 4451 3719 4523; x_wconf 68' lang='grc' dir='ltr'><strong>πρὸς</strong></span> 
     </span>
    </p>
   </div>
   <div class='ocr_carea' id='block_1_106' title="bbox 2134 4534 3722 4615">
    <p class='ocr_par' dir='ltr' id='par_1_106' title="bbox 2134 4534 3722 4615">
     <span class='ocr_line' id='line_1_106' title="bbox 2134 4534 3722 4615; baseline 0.003 -26"><span class='ocrx_word' id='word_1_722' title='bbox 2134 4534 2307 4606; x_wconf 83' lang='grc' dir='ltr'><strong>βραχὺ</strong></span> <span class='ocrx_word' id='word_1_723' title='bbox 2350 4534 2643 4608; x_wconf 81' lang='grc' dir='ltr'><strong>μετριάσαι</strong></span> <span class='ocrx_word' id='word_1_724' title='bbox 2698 4534 3097 4603; x_wconf 81' lang='grc' dir='ltr'><strong>καταξιώσατε,</strong></span> <span class='ocrx_word' id='word_1_725' title='bbox 3150 4536 3306 4593; x_wconf 80' lang='grc' dir='ltr'><strong>λύσιν</strong></span> <span class='ocrx_word' id='word_1_726' title='bbox 3350 4539 3431 4613; x_wconf 79' lang='grc' dir='ltr'><strong>τῷ</strong></span> <span class='ocrx_word' id='word_1_727' title='bbox 3468 4542 3722 4615; x_wconf 79' lang='grc' dir='ltr'><strong>ἀπορου-</strong></span> 
     </span>
    </p>
   </div>
   <div class='ocr_carea' id='block_1_107' title="bbox 2136 4626 3723 4697">
    <p class='ocr_par' dir='ltr' id='par_1_107' title="bbox 2136 4626 3723 4697">
     <span class='ocr_line' id='line_1_107' title="bbox 2136 4626 3723 4697; baseline 0.007 -19"><span class='ocrx_word' id='word_1_728' title='bbox 2136 4626 2281 4697; x_wconf 81' lang='grc' dir='ltr'><strong>μένῳ</strong></span> <span class='ocrx_word' id='word_1_729' title='bbox 2312 4627 2682 4697; x_wconf 78' lang='grc' dir='ltr'><strong>προσάγοντες</strong></span> <span class='ocrx_word' id='word_1_730' title='bbox 2702 4643 2715 4656; x_wconf 91' lang='grc'><strong>·</strong></span> <span class='ocrx_word' id='word_1_731' title='bbox 2747 4628 2921 4690; x_wconf 85' lang='grc' dir='ltr'><strong>ποίοις</strong></span> <span class='ocrx_word' id='word_1_732' title='bbox 2958 4628 3103 4691; x_wconf 88' lang='grc' dir='ltr'><strong>θεοῖς</strong></span> <span class='ocrx_word' id='word_1_733' title='bbox 3125 4629 3222 4683; x_wconf 75' lang='grc' dir='ltr'><strong>καὶ</strong></span> <span class='ocrx_word' id='word_1_734' title='bbox 3248 4629 3398 4697; x_wconf 76' lang='grc' dir='ltr'><strong>ὅπως</strong></span> <span class='ocrx_word' id='word_1_735' title='bbox 3425 4633 3584 4688; x_wconf 81' lang='grc' dir='ltr'><strong>θύειν</strong></span> <span class='ocrx_word' id='word_1_736' title='bbox 3608 4650 3723 4689; x_wconf 69' lang='grc' dir='ltr'><strong>παρ-</strong></span> 
     </span>
    </p>
   </div>
   <div class='ocr_carea' id='block_1_108' title="bbox 2136 4717 3727 4797">
    <p class='ocr_par' dir='ltr' id='par_1_108' title="bbox 2136 4717 3727 4797">
     <span class='ocr_line' id='line_1_108' title="bbox 2136 4717 3727 4797; baseline 0.008 -28"><span class='ocrx_word' id='word_1_737' title='bbox 2136 4717 2539 4788; x_wconf 73' lang='grc' dir='ltr'><strong>ρακελεύεσθες</strong></span> <span class='ocrx_word' id='word_1_738' title='bbox 2616 4720 2682 4772; x_wconf 85' lang='grc' dir='ltr'><strong>Οί</strong></span> <span class='ocrx_word' id='word_1_739' title='bbox 2722 4718 2783 4772; x_wconf 76' lang='grc' dir='ltr'><strong>δὲ</strong></span> <span class='ocrx_word' id='word_1_740' title='bbox 2863 4718 3163 4791; x_wconf 86' lang='grc' dir='ltr'><strong>προθύμως</strong></span> <span class='ocrx_word' id='word_1_741' title='bbox 3215 4721 3727 4797; x_wconf 78' lang='grc' dir='ltr'><strong>ἀντιφθεγξάμενοι</strong></span> 
     </span>
    </p>
   </div>
   <div class='ocr_carea' id='block_1_109' title="bbox 2134 4807 3725 4881">
    <p class='ocr_par' dir='ltr' id='par_1_109' title="bbox 2134 4807 3725 4881">
     <span class='ocr_line' id='line_1_109' title="bbox 2134 4807 3725 4881; baseline 0.006 -20"><span class='ocrx_word' id='word_1_742' title='bbox 2134 4807 2346 4877; x_wconf 72' lang='grc' dir='ltr'><strong>ἔφησαν</strong></span> <span class='ocrx_word' id='word_1_743' title='bbox 2364 4824 2379 4837; x_wconf 89' lang='grc'><strong>·</strong></span> <span class='ocrx_word' id='word_1_744' title='bbox 2402 4808 2679 4881; x_wconf 82' lang='grc' dir='ltr'><strong>Πρόδηλον</strong></span> <span class='ocrx_word' id='word_1_745' title='bbox 2708 4810 2786 4873; x_wconf 83' lang='grc' dir='ltr'>ὡς</span> <span class='ocrx_word' id='word_1_746' title='bbox 2828 4808 2913 4863; x_wconf 74' lang='grc' dir='ltr'><strong>Διῒ</strong></span> <span class='ocrx_word' id='word_1_747' title='bbox 2948 4811 3041 4864; x_wconf 73' lang='grc' dir='ltr'><strong>καὶ</strong></span> <span class='ocrx_word' id='word_1_748' title='bbox 3070 4813 3185 4875; x_wconf 86' lang='grc' dir='ltr'>τοῖς</span> <span class='ocrx_word' id='word_1_749' title='bbox 3210 4813 3277 4865; x_wconf 69' lang='grc' dir='ltr'><strong>ἐκ</strong></span> <span class='ocrx_word' id='word_1_750' title='bbox 3303 4814 3447 4880; x_wconf 73' lang='grc' dir='ltr'><strong>Διὸς,</strong></span> <span class='ocrx_word' id='word_1_751' title='bbox 3478 4817 3579 4870; x_wconf 82' lang='grc' dir='ltr'><strong>καὶ</strong></span> <span class='ocrx_word' id='word_1_752' title='bbox 3609 4818 3725 4871; x_wconf 82' lang='grc' dir='ltr'><strong>Πο·</strong></span> 
     </span>
    </p>
   </div>
   <div class='ocr_carea' id='block_1_110' title="bbox 2142 4899 3726 4980">
    <p class='ocr_par' dir='ltr' id='par_1_110' title="bbox 2142 4899 3726 4980">
     <span class='ocr_line' id='line_1_110' title="bbox 2142 4899 3726 4980; baseline 0.007 -28"><span class='ocrx_word' id='word_1_753' title='bbox 2142 4899 2371 4965; x_wconf 84' lang='grc' dir='ltr'><strong>σειδῶνι,</strong></span> <span class='ocrx_word' id='word_1_754' title='bbox 2403 4902 2499 4955; x_wconf 76' lang='grc' dir='ltr'><strong>καὶ</strong></span> <span class='ocrx_word' id='word_1_755' title='bbox 2530 4901 2703 4972; x_wconf 77' lang='grc' dir='ltr'><strong>Ἰἰρᾳ,</strong></span> <span class='ocrx_word' id='word_1_756' title='bbox 2740 4904 2835 4955; x_wconf 82' lang='grc' dir='ltr'><strong>καὶ</strong></span> <span class='ocrx_word' id='word_1_757' title='bbox 2860 4905 2927 4973; x_wconf 76' lang='grc' dir='ltr'><strong>τῇ</strong></span> <span class='ocrx_word' id='word_1_758' title='bbox 2960 4904 3128 4976; x_wconf 74' lang='grc' dir='ltr'><strong>μητρὶ</strong></span> <span class='ocrx_word' id='word_1_759' title='bbox 3153 4903 3263 4960; x_wconf 83' lang='grc' dir='ltr'><strong>τῶν</strong></span> <span class='ocrx_word' id='word_1_760' title='bbox 3292 4905 3454 4972; x_wconf 79' lang='grc' dir='ltr'><strong>θεῶν,</strong></span> <span class='ocrx_word' id='word_1_761' title='bbox 3485 4908 3726 4980; x_wconf 74' lang='grc' dir='ltr'><strong>ἡμέρων</strong></span> 
     </span>
    </p>
   </div>
   <div class='ocr_carea' id='block_1_111' title="bbox 2135 4990 3725 5073">
    <p class='ocr_par' dir='ltr' id='par_1_111' title="bbox 2135 4990 3725 5073">
     <span class='ocr_line' id='line_1_111' title="bbox 2135 4990 3725 5073; baseline 0.007 -31"><span class='ocrx_word' id='word_1_762' title='bbox 2135 4990 2290 5055; x_wconf 81' lang='grc' dir='ltr'><strong>ζώων</strong></span> <span class='ocrx_word' id='word_1_763' title='bbox 2347 4993 2527 5062; x_wconf 76' lang='grc' dir='ltr'><strong>σφαγῇ</strong></span> <span class='ocrx_word' id='word_1_764' title='bbox 2571 4990 2667 5045; x_wconf 72' lang='grc' dir='ltr'><strong>καὶ</strong></span> <span class='ocrx_word' id='word_1_765' title='bbox 2712 4990 2992 5063; x_wconf 72' lang='grc' dir='ltr'><strong>λιϐανωτῷ</strong></span> <span class='ocrx_word' id='word_1_766' title='bbox 3031 4996 3256 5060; x_wconf 87' lang='grc' dir='ltr'><strong>τούτους</strong></span> <span class='ocrx_word' id='word_1_767' title='bbox 3282 4996 3725 5073; x_wconf 68' lang='grc' dir='ltr'><strong>έκμειλισσομέο</strong></span> 
     </span>
    </p>
   </div>
   <div class='ocr_carea' id='block_1_112' title="bbox 2134 5080 3209 5156">
    <p class='ocr_par' dir='ltr' id='par_1_112' title="bbox 2134 5080 3209 5156">
     <span class='ocr_line' id='line_1_112' title="bbox 2134 5080 3209 5156; baseline 0.004 -22"><span class='ocrx_word' id='word_1_768' title='bbox 2134 5098 2279 5147; x_wconf 83' lang='grc' dir='ltr'><strong>νους,</strong></span> <span class='ocrx_word' id='word_1_769' title='bbox 2299 5080 2476 5137; x_wconf 75' lang='grc' dir='ltr'><strong>καὶτὸ</strong></span> <span class='ocrx_word' id='word_1_770' title='bbox 2511 5082 2676 5147; x_wconf 72' lang='grc' dir='ltr'><strong>σέϐας</strong></span> <span class='ocrx_word' id='word_1_771' title='bbox 2693 5083 3164 5156; x_wconf 85' lang='grc' dir='ltr'><strong>ἀποπληροῦντας.</strong></span> <span class='ocrx_word' id='word_1_772' title='bbox 3187 5104 3209 5138; x_wconf 71' lang='grc' dir='ltr'><strong>ι</strong></span> 
     </span>
    </p>
   </div>
   <div class='ocr_carea' id='block_1_113' title="bbox 2207 5174 3727 5254">
    <p class='ocr_par' dir='ltr' id='par_1_113' title="bbox 2207 5174 3727 5254">
     <span class='ocr_line' id='line_1_113' title="bbox 2207 5174 3727 5254; baseline 0.015 -29"><span class='ocrx_word' id='word_1_773' title='bbox 2207 5177 2312 5239; x_wconf 91' lang='grc' dir='ltr'><strong>κγ’.</strong></span> <span class='ocrx_word' id='word_1_774' title='bbox 2352 5194 2369 5225; x_wconf 85' lang='grc' dir='ltr'><strong>ι</strong></span> <span class='ocrx_word' id='word_1_775' title='bbox 2396 5174 2461 5227; x_wconf 81' lang='grc' dir='ltr'><strong>Ὢ</strong></span> <span class='ocrx_word' id='word_1_776' title='bbox 2496 5174 2593 5228; x_wconf 90' lang='grc' dir='ltr'><strong>τοῦ</strong></span> <span class='ocrx_word' id='word_1_777' title='bbox 2636 5176 2869 5243; x_wconf 81' lang='grc' dir='ltr'><strong>γέλωτος</strong></span> <span class='ocrx_word' id='word_1_778' title='bbox 2893 5220 2907 5243; x_wconf 89' lang='grc'><em>,</em></span> <span class='ocrx_word' id='word_1_779' title='bbox 2942 5179 2994 5231; x_wconf 80' lang='lat' dir='ltr'><strong>oi</strong></span> <span class='ocrx_word' id='word_1_780' title='bbox 3039 5178 3319 5252; x_wconf 81' lang='grc' dir='ltr'><strong>μάρτυρες</strong></span> <span class='ocrx_word' id='word_1_781' title='bbox 3358 5180 3600 5254; x_wconf 70' lang='grc' dir='ltr'><strong>ἔφησαν.</strong></span> <span class='ocrx_word' id='word_1_782' title='bbox 3646 5185 3727 5250; x_wconf 79' lang='grc' dir='ltr'><strong>ὡς</strong></span> 
     </span>
    </p>
   </div>
   <div class='ocr_carea' id='block_1_114' title="bbox 2138 5262 3727 5347">
    <p class='ocr_par' dir='ltr' id='par_1_114' title="bbox 2138 5262 3727 5347">
     <span class='ocr_line' id='line_1_114' title="bbox 2138 5262 3727 5347; baseline 0.007 -30"><span class='ocrx_word' id='word_1_783' title='bbox 2138 5262 2394 5335; x_wconf 79' lang='grc' dir='ltr'><strong>ἀγάμεθα</strong></span> <span class='ocrx_word' id='word_1_784' title='bbox 2438 5264 2539 5335; x_wconf 83' lang='grc' dir='ltr'><strong>τῆς</strong></span> <span class='ocrx_word' id='word_1_785' title='bbox 2604 5267 2884 5338; x_wconf 81' lang='grc' dir='ltr'><strong>ἀγχινοίας</strong></span> <span class='ocrx_word' id='word_1_786' title='bbox 2932 5270 3114 5341; x_wconf 73' lang='grc' dir='ltr'><strong>ύμάςι</strong></span> <span class='ocrx_word' id='word_1_787' title='bbox 3145 5272 3227 5326; x_wconf 86' lang='grc' dir='ltr'><strong>δτι</strong></span> <span class='ocrx_word' id='word_1_788' title='bbox 3271 5290 3376 5347; x_wconf 83' lang='grc' dir='ltr'><strong>περ</strong></span> <span class='ocrx_word' id='word_1_789' title='bbox 3416 5276 3578 5345; x_wconf 72' lang='grc' dir='ltr'><strong>κοινῇ</strong></span> <span class='ocrx_word' id='word_1_790' title='bbox 3626 5277 3727 5329; x_wconf 76' lang='grc' dir='ltr'><strong>καὶ</strong></span> 
     </span>
    </p>
   </div>
   <div class='ocr_carea' id='block_1_115' title="bbox 2137 5355 3721 5433">
    <p class='ocr_par' dir='ltr' id='par_1_115' title="bbox 2137 5355 3721 5433">
     <span class='ocr_line' id='line_1_115' title="bbox 2137 5355 3721 5433; baseline 0.009 -25"><span class='ocrx_word' id='word_1_791' title='bbox 2137 5360 2259 5409; x_wconf 83' lang='grc' dir='ltr'><strong>κατ’</strong></span> <span class='ocrx_word' id='word_1_792' title='bbox 2313 5355 2466 5421; x_wconf 73' lang='grc' dir='ltr'><strong>ἔθνος</strong></span> <span class='ocrx_word' id='word_1_793' title='bbox 2513 5359 2576 5411; x_wconf 86' lang='grc' dir='ltr'><strong>ού</strong></span> <span class='ocrx_word' id='word_1_794' title='bbox 2628 5361 2760 5431; x_wconf 81' lang='grc' dir='ltr'><strong>περὶ</strong></span> <span class='ocrx_word' id='word_1_795' title='bbox 2813 5362 3013 5431; x_wconf 85' lang='grc' dir='ltr'><strong>τρόπον</strong></span> <span class='ocrx_word' id='word_1_796' title='bbox 3054 5364 3215 5433; x_wconf 66' lang='grc' dir='ltr'><strong>μόνον</strong></span> <span class='ocrx_word' id='word_1_797' title='bbox 3251 5364 3363 5421; x_wconf 76' lang='grc' dir='ltr'><strong>τῶν</strong></span> <span class='ocrx_word' id='word_1_798' title='bbox 3388 5362 3604 5420; x_wconf 83' lang='grc' dir='ltr'><strong>θυσιῶν</strong></span> <span class='ocrx_word' id='word_1_799' title='bbox 3637 5366 3721 5421; x_wconf 80' lang='grc' dir='ltr'><strong>δι-</strong></span> 
     </span>
    </p>
   </div>
   <div class='ocr_carea' id='block_1_116' title="bbox 2135 5449 3722 5531">
    <p class='ocr_par' dir='ltr' id='par_1_116' title="bbox 2135 5449 3722 5531">
     <span class='ocr_line' id='line_1_116' title="bbox 2135 5449 3722 5531; baseline 0.007 -25"><span class='ocrx_word' id='word_1_800' title='bbox 2135 5449 2451 5522; x_wconf 82' lang='grc' dir='ltr'><strong>αιρούμενοι</strong></span> <span class='ocrx_word' id='word_1_801' title='bbox 2493 5455 2587 5507; x_wconf 70' lang='grc' dir='ltr'><strong>καὶ</strong></span> <span class='ocrx_word' id='word_1_802' title='bbox 2628 5455 2765 5526; x_wconf 69' lang='grc' dir='ltr'><strong>πρὸς</strong></span> <span class='ocrx_word' id='word_1_803' title='bbox 2805 5456 2972 5525; x_wconf 80' lang='grc' dir='ltr'><strong>μηδὲν</strong></span> <span class='ocrx_word' id='word_1_804' title='bbox 3010 5457 3262 5530; x_wconf 69' lang='grc' dir='ltr'><strong>ἀλλήλοις</strong></span> <span class='ocrx_word' id='word_1_805' title='bbox 3293 5457 3722 5531; x_wconf 75' lang='grc' dir='ltr'><strong>συμϐαίνοντες.</strong></span> 
     </span>
    </p>
   </div>
  </div>
