4066 6150
424 270 531 335 535

1685 261 1915 324 PAULI
1935 257 2381 323 CHRISTIANI

3560 251 3664 316 536

424 386 479 439 in
503 378 737 437 vinculis
762 379 944 450 potius
964 376 1317 444 constitutus,
1344 390 1509 449 quam
1528 376 1643 431 sine
1668 376 1785 441 his;
1806 387 1983 446 quan—
2019 424 2021 433 ι

2124 371 2402 443 ιαλέχθητι
2424 364 2517 424 οῦν
2548 367 2747 441 μᾶλλον
2771 366 2829 420 ἑν
2854 365 3072 437 δεσμοῖς
3095 363 3224 437 ὣνῆ
3254 362 3457 419 τούτων
3474 361 3663 434 χωρὶς.

422 475 713 544 doquidem
732 472 802 526 ab
825 472 910 526 liis
936 486 1133 541 corpus
1153 469 1496 541 deprimitur,
1516 468 1698 523 anima
1718 481 1851 523 vero
1864 466 1994 520 hinc

425 566 723 622 extollitur.
754 565 825 618 Μ.
846 562 957 633 Ego
981 563 1029 619 si
1053 577 1083 616 a
1111 560 1438 632 praesidibus
1463 560 1710 629 adjuvor,
1735 558 1988 629 disputo:

424 675 548 714 eum
584 668 764 714 autem
798 658 945 711 nulla
984 657 1181 711 horum
1223 668 1324 725 ope
1366 662 1675 718 sustentor,
1720 652 1995 708 silentium

424 748 597 803 debeo
623 757 826 803 tenere.
854 746 954 801 Ch.
979 744 1136 800 Tune
1157 743 1580 801 Manichaeorum
1619 745 1881 815 magister
1897 758 1958 799 es
1972 742 1998 795 ἲ

427 837 499 892 Μ.
529 837 723 892 Fateor
752 838 1029 893 enimvero
1056 851 1141 892 me
1173 852 1311 892 esse.
1356 835 1458 891 Ch.
1495 834 1601 891 Pro
1648 838 1873 891 veritate
1904 849 1999 906 pa-

428 930 645 985 tiuntur
697 928 1125 985 Manichaeorum
1172 927 1461 998 magistri,
1512 926 1715 983 necne?
1775 926 1847 982 ll.
1893 924 2002 981 Pro

430 1022 662 1075 veritate
693 1035 845 1084 sane,
869 1030 930 1075 ut
948 1034 1050 1091 ego
1078 1020 1332 1073 arbitror.
1361 1017 1463 1074 Ch.
1488 1015 1689 1075 Habuit
1709 1033 1777 1073 ne
1812 1020 2001 1074 beatus

431 1112 729 1182 Apostolus
757 1111 1018 1165 auxilium
1045 1126 1074 1166 a
1098 1110 1422 1181 prasidibus
1449 1123 1575 1165 cum
1602 1110 1835 1165 vinculis
1858 1118 2000 1166 esset

431 1202 800 1258 constrictus?
829 1216 898 1257 an
931 1201 1061 1272 quia
1108 1202 1161 1256 id
1196 1215 1305 1256 non
1340 1201 1567 1266 habuit,
1615 1204 1852 1273 neglexit
1886 1217 2004 1256 ma—

431 1292 716 1363 gisterium
743 1308 904 1349 suum
937 1295 1065 1347 dum
1099 1302 1245 1350 esset
1277 1296 1333 1348 in
1365 1293 1643 1349 vinculis?
1666 1293 2005 1353 Mauicbzus

430 1383 523 1438 hic
569 1398 791 1454 quoque
834 1383 1033 1449 silens,
1070 1384 1207 1438 nihil
1247 1384 1552 1456 respondit.
1590 1384 1692 1441 Ch.
1729 1384 1788 1440 Si
1819 1393 1999 1449 taces,

432 1475 728 1544 interloqui
759 1475 970 1538 nolens,
1000 1489 1227 1529 causam
1266 1491 1376 1531 non
1406 1477 1598 1543 video;
1649 1477 2007 1534 nihilominus

432 1564 678 1633 reliquas
722 1564 1218 1619 demonstrationes
1256 1579 1366 1618 non
1408 1565 1654 1621 omittam
1704 1584 1715 1617 ;
1762 1566 2006 1622 nondum

433 1654 579 1708 enim
604 1664 926 1724 argumenta
961 1658 1169 1719 omnia,
1208 1656 1407 1727 quibus
1450 1657 1859 1713 demonstratur
1885 1657 2007 1712 aui—

2095 463 2190 518 τοῦ
2223 462 2472 534 σώματος
2530 461 2620 517 διὰ
2662 458 2870 515 τούτων
2928 456 3356 526 ταπεινουμένου
3374 495 3390 519 ,
3427 456 3525 511 καὶ
3563 455 3677 523 τῆς.

2093 554 2269 628 ψυχῆς
2312 551 2550 610 ἐνταῦθα
2596 550 3135 624 μεγαλοφρονούσης,
3198 549 3274 605 Μ.
3319 545 3669 618 Ἐπικουρίων

2096 648 2237 718 ἔχων
2260 647 2538 719 ἀρχόντων
2570 644 2823 711 διαλέγω.
2875 639 3017 711 ἐγὼ
3043 639 3101 696 δὲ
3138 638 3213 712 μὴ
3245 639 3384 709 ἔχων
3418 636 3670 710 μηδαμό-

2100 740 2193 793 θεν
2215 738 2315 811 τὴν
2339 738 2681 811 ἐπικουρίαν,
2716 734 2930 805 σιωπὴν
2957 734 3111 800 ἄγειν
3141 731 3363 801 ὀφείλω.
3400 730 3468 784 Χ.
3492 729 3670 784 Μανι-

2101 830 2273 900 χαίων
2301 830 2569 900 ὑπάρχεις
2593 826 2950 891 διδάσκαλος;
2977 823 3054 880 M.
3086 823 3202 878 Καὶ
3226 821 3345 892 εἰμὶ
3357 821 3452 876 καὶ
3480 814 3674 892 ὁμολο-

2100 920 2204 990 γῶ.
2231 921 2299 975 Χ.
2343 920 2518 991 Ὑπὲρ
2558 917 2818 989 ἀληθείας
2848 918 2907 971 δι
2938 917 3240 986 πάσχουσιν
3281 914 3333 967 οἱ
3361 911 3471 968 τῶν
3504 912 3676 967 Mavi-

2104 1016 2273 1084 χαίων
2302 1012 2633 1078 διδάσκαλοι,
2666 1011 2702 1082 ἢ
2749 1009 2927 1073 ἄλλως
2971 1025 3090 1072 πως
3118 1007 3297 1076 λέγεις
3325 1023 3343 1072 ;
3374 1005 3452 1062 II.
3500 1004 3676 1076 Ὗπίρ

2103 1106 2357 1177 ἀληθείας
2406 1105 2483 1169 ὡς
2527 1104 2713 1176 ἔμοιγε
2764 1102 3090 1171 λελόγισται.
3136 1099 3207 1154 Χ.
3237 1093 3401 1171 εἶχεν
3428 1100 3460 1153 ό
3492 1097 3677 1171 μακά-

2106 1216 2220 1270 ριος
2248 1196 2460 1263 Παῦλος
2486 1199 2515 1251 ό
2547 1195 2846 1258 ἀπόστολος
2875 1190 3196 1263 ἔπικουρίαν
3239 1191 3517 1263 ἀρχόντων
3544 1189 3679 1246 ὅταν

2103 1293 2319 1363 δεσμοῖς
2334 1288 2739 1361 περιεϐέϐλητο,
2757 1284 2960 1358 iactast
2985 1282 3221 1355 μὶιῑχειν
3242 1281 3448 1354 ταύτην
3468 1281 3679 1352 lusuq-

2120 1400 2178 1437 σε
2217 1383 2318 1452 τῆς
2343 1380 2552 1443 οίκείας
2592 1376 2936 1440 διδασκαλίας
2974 1377 3034 1431 tv
3064 1373 3283 1443 δεσμοῖς
3310 1368 3391 1428 ὧν
3420 1389 3438 1438 ;
3474 1372 3537 1426 '0
3566 1372 3681 1427 Ma-

2106 1476 2312 1547 νιχαῖος
2340 1472 2398 1526 δὲ
2427 1469 2705 1527 κάνταῦθα
2731 1469 3035 1538 σιωπήσας.
3084 1467 3187 1521 οὐκ
3220 1465 3572 1537 ἁπεκρίνατο.
3604 1464 3678 1517 Χ.

2107 1568 2170 1622 Ei
2202 1568 2259 1621 δὲ
2283 1565 2515 1634 σιωπᾷς,
2543 1560 2884 1631 διαλέγεσθαι
2915 1560 2993 1631 μὴ
3028 1558 3371 1630 βουλόμενος,
3390 1559 3493 1613 οὐκ
3517 1553 3680 1612 οἶσθα

2108 1660 2198 1714 διὰ
2228 1658 2281 1712 τί
2301 1674 2317 1689 ο
2338 1655 2454 1711 ἀλλ’
2482 1656 2631 1725 ὅμως
2650 1653 2719 1707 τὰ
2750 1649 3017 1706 ὑπόλοιπα
3041 1648 3151 1704 τῶν
3176 1648 3328 1719 ἐμῶν
3351 1647 3682 1716 ἀποδείξεων

434 1761 557 1801 mas
578 1760 685 1801 non
707 1760 829 1802 esse
860 1760 925 1801 ex
958 1747 1053 1802 Dei
1085 1748 1414 1812 substantia,
1449 1748 1699 1817 exposui.
1723 1746 1794 1804 Μ.
1823 1747 2008 1813 Quan-

2124 1750 2209 1806 it'm
2240 1750 2391 1804 ἐάσω
2415 1765 2431 1780 ο
2647 1742 2759 1814 γὰρ
2790 1743 3002 1804 πάντας
3023 1742 3154 1804 τοὺς
3172 1716 3370 1807 λόγους
3393 1741 3523 1803 τούς
3546 1740 3682 1793 ἁπο-

436 1850 553 1894 tum
585 1839 667 1893 vis
701 1840 947 1910 loquere,
983 1840 1147 1895 audio
1176 1840 1323 1894 enim
1354 1840 1605 1907 libenter,
1638 1841 1941 1911 praesertim
1962 1840 2009 1897 ai

438 1928 506 1983 ad
548 1928 1027 1999 interloquendum
1075 1946 1183 1984 non
1234 1946 1443 1999 cogor:
1473 1932 1677 1987 etenim
1723 1930 2014 1986 infirmitas

437 2020 691 2082 quaedam
724 2021 860 2076 mihi
891 2021 1103 2075 incidit.
1134 2019 1236 2076 Ch.
1266 2021 1461 2076 Divina
1487 2023 1789 2078 substantia
1820 2020 2013 2077 indivi-

438 2112 616 2167 sibilis
644 2119 730 2168 est
759 2111 1005 2190 :oanimre
1038 2122 1219 2167 autem
1260 2122 1447 2182 partes
1487 2121 1617 2169 sunt
1644 2114 1845 2171 divinae
1878 2112 2012 2172 sub-

440 2203 674 2267 stantia,
718 2211 781 2255 ut
808 2216 909 2256 vos
938 2201 1143 2256 dicitis.
1170 2200 1280 2255 Aut
1308 2201 1477 2271 igitur
1505 2201 1854 2259 indivisibilis
1876 2204 2013 2260 sub.

440 2294 641 2348 stantia
670 2293 963 2359 dividetur,
1012 2291 1159 2362 quod
1193 2300 1278 2347 est
1309 2292 1647 2359 absurdum;
1681 2303 1776 2351 aut
1816 2296 2015 2351 anima

439 2400 509 2439 ex
540 2386 723 2440 divina
763 2386 1072 2441 substantia
1107 2400 1218 2440 noti
1250 2394 1398 2440 sunt.
1444 2383 1516 2439 Μ.
1548 2384 1727 2442 Veluti
1764 2397 2014 2444 ramenta

442 2493 508 2532 ex
538 2491 694 2544 auro,
724 2486 780 2533 et
810 2478 951 2534 radii
983 2491 1051 2533 ex
1086 2478 1204 2534 sole
1224 2517 1240 2543 ,
1281 2478 1362 2533 sic
1389 2478 1588 2533 anima:
1622 2492 1691 2533 ex
1726 2477 1838 2534 Deo
1866 2489 2012 2536 sunt.

441 2571 545 2626 Cb.
563 2567 761 2625 Nescio
775 2570 1049 2642 quomodo
1063 2570 1226 2625 etiam
1246 2584 1357 2624 non
1373 2577 1593 2625 coactus
1611 2570 2014 2641 interloqueris,

443 2664 609 2719 modo
640 2664 1011 2719 inﬁrmitatem
1035 2677 1326 2728 excusans,
1356 2664 1517 2718 modo
1554 2673 1613 2716 ut
1640 2663 1777 2718 alter
1803 2661 2019 2719 “ornus

445 2754 512 2808 ad
562 2752 953 2823 disputandum
1002 2766 1373 2821 procurrens:
1406 2759 1646 2807 attamen
1692 2749 1840 2822 quod
1890 2767 1921 2805 a
1969 2760 2021 2805 te

445 2844 650 2899 dictum
681 2852 783 2907 est,
818 2844 932 2906 iam
971 2842 1298 2913 disquiram.
1349 2843 1604 2898 Seetione
1648 2858 1714 2899 ac
1756 2843 2024 2900 divisione

449 2947 695 2993 ramenta
720 2951 787 2991 ea
802 2952 940 2991 auro
968 2945 1117 3000 sunt,
1146 2937 1357 2991 necne?
1402 2934 1471 2990 Il.
1505 2937 1641 2990 Auri
1668 2945 1795 2992 sunt
1819 2944 2020 3006 partes.

2108 1838 2449 1903 δεικνύντας,
2490 1837 2567 1907 μὴ
2595 1829 2733 1889 εἶναι
2757 1833 2856 1897 τὰς
2886 1829 3067 1902 ψυχὰς
3090 1832 3157 1883 ὲκ
3182 1832 3283 1900 τῆς
3308 1827 3407 1883 τοῦ
3428 1826 3567 1883 Θεοῦ
3590 1828 3687 1881 οὐο

2113 1933 2255 1997 σίας,
2289 1929 2599 2001 παρέθηκα.
2634 1926 2709 1982 Μ.
2736 1924 2875 1993 Λέγε
2928 1924 2959 1978 δ
2998 1939 3055 1977 τι
3097 1921 3193 1976 καὶ
3236 1921 3418 1990 βούλει
3452 1935 3469 1950 ο
3510 1918 3687 1991 ἡδέως

2112 2025 2221 2098 γὰρ
2270 2024 2474 2092 επομαι
2519 2022 2634 2084 τοῖς
2688 2016 3021 2088 λεγομένοις,
3052 2016 3100 2070 εί
3146 2015 3248 2069 οὐκ
3294 2011 3688 2083 ἀναγκάζομαι

2110 2111 2451 2184 διαλέγεσθαι
2472 2129 2485 2141 ·
2514 2108 2765 2165 ἀσθένεια
2788 2108 2903 2179 γαρ
2926 2106 3011 2173 τίς
3045 2122 3136 2177 μοι
3175 2103 3491 2160 συνέπεσεν.
3518 2103 3594 2158 Μ.
3621 2098 3693 2155 ’11

2115 2209 2238 2264 θεία
2258 2207 2418 2261 οὐσία
2456 2203 2751 2275 ἀμίριστός
2777 2202 2930 2255 ἔστιν
2957 2216 2974 2232 ο
3012 2199 3072 2255 ai
3110 2199 3168 2253 δὲ
3210 2197 3387 2269 ψυχαὶ
3420 2196 3561 2269 μίρη
3587 2195 3690 2264 τῆς

2120 2298 2274 2361 θείας
2295 2295 2482 2359 οὐσίας
2511 2292 2619 2347 sic!
2650 2290 2775 2367 καθ’
2814 2290 2962 2360 ὑμᾶς
2990 2305 3005 2320 ³
3036 2287 3072 2359 ἢ
3104 2286 3287 2343 τοίνυν
3306 2287 3342 2357 ἡ
3394 2285 3693 2358 ἁμόριστος

2110 2387 2273 2443 οὐσία
2324 2384 2733 2458 μερισθήσεται,
2754 2382 2893 2452 ὅπερ
2939 2379 3166 2443 ἄτοπον,
3196 2377 3233 2449 ἢ
3293 2376 3397 2432 οὐκ
3448 2376 3556 2429 eici
3590 2374 3692 2444 τῆς

2116 2480 2269 2543 Θείας
2324 2477 2516 2541 οὐσίας
2543 2477 2600 2529 al
2628 2473 2819 2545 ψυχαί.
2850 2473 2928 2526 Μ.
2962 2469 3236 2538 Καθάπερ
3284 2468 3552 2541 ψήγματα
3588 2464 3697 2521 ὐπὸ

2114 2570 2213 2626 τοῦ
2238 2568 2462 2642 χρυσοῦ,
2486 2570 2587 2622 καὶ
2610 2568 2829 2628 ἀκτῖνες
2858 2564 2967 2617 ὐπὸ
2994 2560 3092 2616 τοῦ
3130 2560 3284 2633 ἡλίου
3303 2602 3319 2627 ,
3340 2558 3488 2615 οῦτω
3517 2559 3613 2613 καὶ
3637 2558 3696 2611 ai.

2115 2664 2285 2735 ψυχαὶ
2308 2663 2372 2716 ἑκ
2398 2660 2494 2716 τοῦ
2518 2660 2674 2715 Θεοῦ.
2703 2658 2771 2712 x.
2799 2657 2891 2728 Mi)
2907 2653 3277 2724 ἀναγκασθεὶς
3306 2651 3553 2725 διαλέγῃ,
3587 2650 3690 2704 οὐκ

2119 2755 2214 2815 οἷδ’
2244 2759 2392 2820 ὅπως
2418 2774 2433 2787 ·
2468 2757 2548 2825 πῆ
2606 2755 2705 2825 μὶν
2753 2751 3038 2807 ἀσθένειαν
3081 2744 3573 2823 προφασιζόμενος,
3618 2744 3700 2814 πῆ

2120 2854 2179 2908 δὲ
2205 2853 2300 2907 ίὼν
2323 2851 2400 2913 ὥς
2438 2849 2642 2919 Μῶμος
2695 2848 2789 2900 ἐπὶ
2824 2843 2924 2916 τὴν
2966 2842 3246 2898 διάλεκτον
3281 2858 3295 2873 ο
3328 2840 3392 2896 τδ
3427 2838 3616 2912 λεχθὶν
3641 2836 3703 2893 δὶ

2124 2948 2273 3018 ὅμως
2301 2942 2452 3015 παρὰ
2480 2942 2575 2995 σοῦ
2606 2940 2710 3011 ἤδη
2743 2938 3147 3007 ἑπισκέπτομαι
3170 2949 3186 2963 '
3219 2934 3425 3007 τμήσει
3471 2933 3564 2987 καὶ
3599 2945 3700 3018 μεέ

447 3030 548 3084 Ch.
587 3027 733 3084 Idem
784 3028 969 3097 itaque
1004 3028 1071 3083 de
1112 3027 1223 3081 Deo
1269 3042 1488 3098 quoque
1522 3028 1697 3083 dicis?
1743 3026 1813 3082 ﬂ.
1856 3027 2019 3083 Idem.

2132 3016 2313 3110 ρισμῷ
2330 3034 2399 3087 τὰ
2421 3032 2689 3104 ψήγματα
2709 3031 2773 3084 tat
2795 3028 2889 3081 τοῦ
2917 3025 3120 3098 χρυσοῦ
3146 3027 3307 3089 είσιν,
3326 3021 3360 3095 ἢ
3378 3021 3474 3089 ob;
3497 3016 3721 3127 Miro?"

448 3118 553 3175 Ch.
582 3119 871 3186 Quomodo
896 3132 1027 3189 ergo
1067 3117 1419 3173 indivisibilis
1445 3124 1530 3173 est
1558 3116 1745 3172 divina
1768 3118 2024 3174 substan-

449 3215 552 3281 tia,
585 3213 633 3269 si
664 3214 719 3267 in
750 3213 936 3281 plures
961 3218 1143 3280 partes
1170 3210 1346 3266 divisa
1373 3216 1480 3277 est,
1522 3211 1667 3266 sicut
1689 3212 1743 3265 iu
1776 3219 2025 3267 ramenta

452 3305 687 3361 aurum?
721 3302 793 3357 Μ.
824 3301 1057 3361 Ratione
1098 3302 1321 3371 quidem
1374 3302 1734 3367 substantiae,
1773 3301 2028 3359 indivisi-

454 3398 579 3454 bilis
603 3397 789 3453 divina
814 3396 1155 3457 substantia,
1198 3395 1412 3449 ratione
1447 3404 1627 3449 tamen
1657 3394 1805 3449 modi
1838 3394 2022 3464 cujus-

452 3489 579 3543 dam
603 3486 895 3543 divisibilis
910 3494 1013 3540 est.
1030 3484 1133 3539 Cb.
1157 3484 1405 3550 Quanam
1422 3485 1589 3554 igitur
1612 3485 1824 3541 ratione
1844 3485 2028 3540 divina

453 3579 759 3637 substantia
783 3577 961 3633 divisa
980 3586 1084 3642 est,
1117 3592 1241 3632 eum
1270 3577 1339 3632 sit
1376 3577 1723 3632 indivisibilis
1740 3577 1766 3630 ’ἵ

525 3762 859 3817 Manichacus
892 3760 1096 3825 tacuit,
1136 3760 1273 3815 nihil
1306 3761 1663 3828 respondens.
1710 3757 1840 3817 Post
1869 3762 2031 3816 breve

458 3865 638 3911 autem
668 3853 947 3911 silentium
973 3851 1321 3908 Christianus
1352 3854 1429 3907 ait
1456 3870 1471 3908 :
1501 3851 1727 3908 Etiamsi
1765 3861 1825 3909 tu
1858 3860 2028 3917 taces,

457 3947 822 4003 nihilominus
873 3945 1195 4015 praeclarum
1253 3944 1401 3999 hunc
1453 3959 1487 3999 a
1548 3944 1705 4000 vobis
1759 3953 2032 4001 assertum

463 4040 710 4103 modum,
757 4050 870 4108 quo
920 4036 1065 4091 Deus
1108 4051 1206 4107 per
1239 4051 1299 4090 se
1351 4035 1700 4093 indivisibilis
1751 4036 2033 4099 dividitur,

460 4130 826 4202 praesentibus
855 4128 1204 4201 patefaciam.
1240 4126 1311 4183 Μ.
1346 4127 1524 4184 Tuum
1565 4137 1652 4183 est
1686 4138 1781 4183 aut
1821 4128 2032 4193 dicere,

461 4233 555 4279 aut
590 4239 773 4278 secus.
803 4220 902 4277 Cb.
942 4220 1115 4275 Penes
1148 4219 1477 4276 Matticlizeos
1514 4235 1683 4275 unum
1714 4228 1799 4275 est
1831 4218 2035 4289 princi-

459 4314 611 4385 pium
639 4314 867 4374 bonum,
911 4312 1140 4367 alterum
1168 4312 1396 4375 malum,
1430 4320 1725 4379 utrumque
1746 4318 2032 4365 aeternum.

2127 3108 2333 3201 χρυσοῦ
2373 3128 2480 3181 εισι
2512 3123 2673 3195 μίρη.
2698 3121 2767 3175 Χ.
2811 3119 3047 3191 ὐμοίως
3074 3115 3170 3171 οῦν
3190 3116 3288 3172 καὶ
3315 3117 3408 3170 ἐπὶ
3446 3113 3543 3168 τοῦ
3564 3108 3702 3166 Θεοῦ

2128 3221 2304 3290 λέγεις
2323 3235 2338 3284 ;
2354 3217 2429 3272 M.
2448 3213 2771 3287 Ὀμοίως.Χ.
2787 3211 2906 3275 Πῶς
2921 3206 3017 3266 οὖν
3034 3209 3326 3282 ἀμέριστος
3341 3208 3375 3279 ὴ
3389 3204 3512 3260 θεία
3522 3203 3705 3268 οὐσία,

2131 3310 2447 3384 μερισθεῖσα
2492 3309 2552 3361 tv
2578 3304 2786 3358 πλείοσι
2820 3302 3012 3373 μέρεσι
3038 3344 3053 3365 ,
3081 3300 3333 3369 καθάπερ
3358 3298 3386 3349 ό
3412 3295 3614 3368 χρυσὸς
3645 3294 3707 3348 ἐν

2128 3406 2243 3467 τοῖς
2292 3400 2544 3471 ψήγμασι
2574 3415 2588 3463 ;
2616 3397 2693 3451 Μ.
2724 3395 2819 3465 Τῷ
2846 3395 2947 3465 τῆς
2979 3392 3171 3456 οὐσίας
3221 3390 3371 3462 λόγῳ
3407 3385 3707 3461 ἁμιριστός

2130 3496 2277 3547 ἐστιν
2306 3494 2342 3562 ἡ
2370 3492 2491 3544 θεία
2517 3488 2699 3549 οὐσία,
2733 3486 2813 3556 τῷ
2840 3486 2896 3539 δὲ
2920 3485 3021 3554 τῆς
3038 3483 3357 3553 οἰκονομίας
3377 3480 3526 3552 λόγῳ
3547 3493 3708 3552 μερι-

2133 3586 2255 3655 στή.
2290 3585 2359 3637 Χ.
2400 3581 2519 3636 Τίνι
2546 3576 2641 3635 οὖν
2661 3579 2805 3649 λόγῳ
2835 3580 2869 3649 η
2894 3577 3014 3632 θεία
3045 3577 3205 3630 οὐσία
3233 3572 3501 3647 ἐμερίσθη
3523 3612 3539 3638 ,
3566 3570 3706 3641 ἁμι-

2134 3695 2316 3751 ριστος
2344 3675 2663 3745 ὑπάρχουσα
2691 3688 2706 3737 ;

2201 3769 2497 3839 Μανιχαίος
2530 3764 2825 3833 ισιώπησε,
2847 3761 3012 3834 μηδὲν
3043 3758 3280 3833 εἰρηκὼς
3304 3775 3317 3789 ν
3349 3756 3488 3828 μετὰ
3524 3755 3579 3809 δὲ
3605 3754 3706 3823 τὴν

2135 3862 2367 3931 σιωπὴν,
2395 3861 2425 3914 ό
2453 3857 2775 3928 Χριστιανὸς
2809 3853 2937 3923 ἔφη’
2978 3849 3091 3906 Καὶ
3152 3850 3245 3904 σοῦ
3308 3848 3706 3919 σιωπήσαντος,

2133 3954 2201 4009 τὰ
2240 3949 2412 4022 σεμνὰ
2459 3951 2556 4017 τῆς
2612 3947 2745 4018 παρ’
2784 3945 2930 4016 ὑμᾶς
2964 3940 3278 4014 οἰκονομίας
3309 3939 3376 3995 δι’
3407 3938 3477 4011 ἢν
3514 3940 3544 3994 ὁ
3574 3935 3714 3999 Θεὸς

2135 4044 2431 4116 ἀμέριστος
2469 4038 2547 4093 ὢν
2595 4036 2884 4110 ἐμερίσθη.
2913 4037 3027 4099 τοῖς
3075 4031 3346 4105 παροῦσιν
3400 4028 3711 4100 ἁναγγελῶ.

2134 4138 2209 4192 Μ.
2265 4135 2354 4189 Ἐν
2384 4133 2466 4186 σοί
2504 4133 2622 4185 ἑστι
2672 4130 2768 4183 καὶ
2818 4127 2996 4196 λέγειν
3042 4126 3140 4180 καὶ
3178 4125 3276 4196 μή.
3314 4124 3383 4179 Χ.
3419 4121 3576 4195 Παρὰ
3598 4120 3712 4184 τοῖς

2137 4226 2458 4297 Μανιχαίοις
2481 4224 2578 4296 μία
2609 4220 2863 4293 μὲνάρχή
2884 4222 3032 4273 ἐστιν
3051 4217 3253 4287 ἀγαθὴ,
3285 4216 3448 4287 ἑτέρα
3464 4215 3524 4269 δὲ
3545 4213 3711 4282 κακήο

2138 4319 2298 4375 ἁῒδιοί
2335 4332 2395 4369 τε
2434 4309 2769 4385 ἀμφότεραι’
2810 4313 2987 4381 χρόνῳ
3017 4308 3075 4363 δὲ
3100 4307 3269 4380 μανία
3317 4324 3402 4369 τις
3435 4305 3531 4361 καὶ
3562 4303 3717 4359 πόλε-

458 4404 749 4476 Temporis
778 4413 959 4458 autem
1010 4403 1161 4473 lapsu
1212 4404 1294 4457 ira
1338 4402 1586 4473 quadam
1633 4411 1688 4457 et
1728 4417 1910 4473 pugna
1950 4402 2021 4457 hii

2144 4430 2244 4484 μσς
2275 4406 2477 4481 μεταξύ
2506 4404 2713 4460 τούτων
2756 4402 2868 4458 τῶν
2894 4401 3080 4473 ἀρχῶν
3115 4401 3351 4470 συνίστη
3375 4415 3389 4429 ·
3430 4396 3494 4451 οὐ
3517 4399 3586 4470 τῇ
3604 4394 3717 4449 τῶν

459 4497 745 4567 principiis
772 4496 1100 4563 intervenit;
1137 4510 1245 4550 non
1272 4495 1589 4551 alterutriits
1620 4494 1914 4558 voluntate,
1941 4494 2037 4550 sed

466 4606 495 4643 ιι
524 4589 797 4659 principio
842 4587 1007 4642 malo.
1062 4587 1302 4641 Utenim
1336 4586 1439 4656 ipsi
1488 4595 1735 4650 narrant,
1782 4586 2039 4642 voluntas

464 4682 556 4734 illa
577 4681 789 4744 videtis,
813 4695 844 4734 a
866 4678 1110 4735 veritatis
1133 4678 1338 4733 lumine
1361 4677 1477 4749 rapi
1501 4679 1784 4746 evertique
1809 4693 2037 4748 regnum

464 4787 663 4836 suum;
693 4772 867 4826 bonus
892 4772 1134 4826 vicissim
1164 4770 1306 4825 Deus
1327 4784 1557 4826 cernens
1581 4771 1782 4825 malum
1809 4771 1910 4825 sibi
1942 4770 2037 4824 ad-

472 4864 701 4927 versari,
734 4862 876 4932 quod
904 4864 949 4918 si
985 4863 1205 4917 minime
1232 4862 1599 4922 cohiberetur,
1630 4870 1683 4917 et
1720 4862 1883 4917 rebus
1924 4863 2042 4917 suis

473 4955 811 5018 consuleret,
860 4953 978 5007 fore
1014 4965 1131 5007 uta
1172 4956 1451 5008 contrario
1488 4953 1715 5009 insidias
1742 4963 2039 5023 pateretur,

473 5046 548 5101 ita
574 5058 760 5099 secum
792 5045 1096 5099 rationibus
1130 5046 1438 5115 supputatis
1468 5044 1810 5109 deliberavit,
1851 5059 2045 5113 nempe

469 5149 530 5194 ut
564 5150 631 5192 ex
659 5150 719 5192 se
745 5137 1020 5191 emitteret
1048 5146 1230 5207 partes
1252 5137 1461 5207 aliquot
1484 5138 1802 5192 substantiae
1824 5154 1957 5203 sum,
1989 5152 2038 5193 et

462 5230 735 5284 adversus
782 5236 1123 5281 contrarium
1164 5229 1490 5297 principium
1529 5229 1851 5299 projiceret;
1898 5231 2044 5298 quod

463 5329 519 5371 ιι
564 5333 755 5389 reapse
796 5320 939 5374 fecit.
990 5318 1104 5374 lloc
1130 5327 1312 5374 autem
1347 5322 1615 5389 susceptis
1645 5321 1842 5375 divinis
1880 5324 2047 5390 parti-

472 5410 612 5464 t-ulis
652 5410 800 5471 {sive
855 5412 954 5464 itas
999 5410 1282 5465 Mattirlizei
1328 5420 1509 5480 partes
1561 5414 1868 5481 appellent,
1934 5413 2047 5468 sive

477 5518 646 5557 imum
673 5503 823 5572 quid.
852 5506 966 5558 sive
999 5512 1298 5573 segmenta.
1334 5506 1446 5558 sive
1485 5504 1642 5559 aliter
1680 5511 1801 5557 utut
1841 5503 2043 5557 malue-

480 5594 621 5661 rint)
659 5596 903 5649 constitit
939 5596 989 5647 in
1040 5597 1260 5664 proprio
1289 5598 1520 5666 gurgite,
1556 5598 1608 5650 in
1645 5611 1703 5651 se
1732 5595 1937 5650 habens
1966 5597 2045 5651 di-

485 5687 635 5740 vinas
688 5689 998 5755 particulas.
1058 5689 1179 5743 Hac
1222 5702 1303 5742 Cal
1350 5704 1513 5755 penes
1572 5689 1943 5745 adversarium
1990 5699 2043 5746 et

2139 4506 2418 4575 ἑκατέρων
2451 4498 2790 4574 προαιρέσει,
2838 4494 2978 4551 ἀλλὰ
3021 4497 3091 4566 τῇ
3136 4496 3238 4566 τῆς
3274 4494 3476 4559 κακίας
3530 4492 3674 4562 ἀρχῇ
3697 4506 3717 4522 ο

2140 4600 2263 4652 κατ’
2315 4596 2513 4659 αὐτοὺς
2540 4592 2651 4662 γὰρ
2686 4588 2872 4660 ἐκείνη
2922 4590 2959 4656 ἡ
3026 4587 3247 4659 θέλησις
3283 4584 3597 4656 θεασαμένη
3656 4582 3721 4634 τδ

2142 4689 2235 4746 τοῦ
2310 4685 2514 4757 ἀγαθοῦ
2572 4682 2690 4752 φῶς
2731 4682 2975 4753 ἁρπάσαι
3024 4678 3122 4732 καὶ
3164 4676 3571 4748 παρασαλεύειν
3621 4673 3722 4742 τὴν

2143 4784 2352 4837 ἐκείνου
2388 4775 2691 4849 βασιλείανο
2724 4772 3061 4841 θεασάμενος
3085 4772 3117 4826 ὁ
3178 4770 3384 4839 ἀγαθὸς
3440 4766 3579 4831 Θεὸς
3628 4765 3723 4821 τὸν

2142 4871 2508 4941 ἐπικείμενον,
2535 4868 2631 4922 καὶ
2651 4867 2728 4932 ὡς
2756 4869 2806 4921 εί
2835 4865 2911 4937 μὴ
2938 4863 3209 4937 κινηθείη,
3239 4861 3490 4933 καὶπρὸς
3526 4858 3723 4914 ἑαυτὸν

2144 4965 2387 5037 γένηται,
2421 4958 2939 5029 ἐπιϐουλευθήσεται
2960 4956 3067 5010 ὐπὸ
3097 4954 3192 5009 τοῦ
3239 4952 3508 5016 ἐναντίου,
3561 4949 3723 5006 ἐϐου-

2144 5054 2373 5109 λεύσατο
2402 5050 2660 5119 τοιαύτην
2691 5046 2887 5118 βουλὴν
2918 5044 3040 5100 καθ’
3100 5042 3295 5097 ἑαυτὸν
3348 5040 3425 5096 ὥν
3447 5056 3464 5072 ’
3520 5038 3599 5103 ὥς
3654 5038 3724 5094 ἄν

2147 5145 2393 5219 προϐάλῃ
2431 5143 2572 5214 μέρη
2642 5140 2766 5194 τινὰ
2829 5141 2895 5193 hc
2952 5138 3054 5208 τῆς
3109 5137 3318 5201 οἰκείας
3361 5134 3575 5197 οὐσίας,
3628 5130 3725 5186 καὶ

2148 5237 2281 5312 ῥίψῃ
2333 5239 2402 5306 τῇ
2427 5233 2646 5303 ἐναντίᾳ
2683 5232 2825 5301 ἀρχῇ
2845 5248 2857 5259 ·
2904 5227 2935 5283 ό
2960 5229 3025 5300 δὴ
3056 5229 3150 5283 καὶ
3208 5226 3511 5297 πεποίηκεν
3531 5243 3545 5255 ·
3572 5226 3608 5296 ἡ
3665 5224 3723 5277 δὲ

2148 5328 2385 5385 λαϐοῦσα
2418 5325 2514 5387 τὰς
2555 5322 2705 5386 θείας
2737 5322 2951 5393 μοίρας,
2995 5321 3071 5384 ὡς
3116 5317 3410 5389 Μανιχαῖοί
3434 5332 3496 5386 γε
3522 5314 3725 5385 ὀνομά-

2150 5420 2352 5484 ζουσιν,
2384 5419 2492 5469 εἴτε
2538 5414 2702 5485 μέρη,
2731 5412 2841 5466 εἴτε
2866 5411 2941 5472 ὡς
2963 5404 3065 5474 εἷς,
3093 5408 3203 5463 εἴτε
3256 5411 3541 5478 τμήματα,
3612 5404 3723 5457 εἴτε

2150 5511 2323 5573 ἄλλως
2366 5524 2483 5571 πως
2521 5506 2736 5559 θέλουσι
2770 5504 2969 5571 λέγειν.
3005 5501 3177 5572 εἰσῄει
3207 5501 3300 5553 ἐπὶ
3332 5499 3423 5552 τὸν
3454 5497 3587 5552 ίδιον
3626 5494 3724 5563 βυ-

2154 5604 2244 5657 θὸν
2276 5602 2471 5671 ἔχουσα
2528 5599 2585 5652 ὲν
2618 5599 2782 5667 ἑαυτῇ
2827 5597 2898 5650 τὰ
2923 5594 3045 5650 θεία
3070 5593 3336 5663 τμήματα
3366 5607 3381 5621 ⁸
3442 5586 3583 5655 αῦτη
3620 5580 3721 5638 οῦν

2154 5696 2299 5748 ἐστιν
2335 5694 2366 5753 ὴ
2407 5692 2556 5753 παρὰ
2604 5688 2683 5759 τῷ
2706 5688 3037 5759 ᾶντιλὲγοντι
3091 5685 3183 5740 καὶ
3221 5685 3332 5746 τοῖς
3401 5676 3727 5749 Μανιχαίοις
