4066 6150
438 276 535 343 531

1322 281 1774 345 DISPUTATIO
1807 282 1898 341 Cb
1912 280 1965 338 Μ
1996 274 2333 338 ΡΙΙΟΤΙΝΟ
2370 279 2524 339 ΜΛΝ
2540 278 2807 340 [ρηςιξο.

3586 276 3697 348 538

436 388 732 457 οίκονομία,
792 389 883 445 καὶ
913 388 947 461 ἡ
980 391 1075 462 τῆς
1107 392 1418 459 οίκονομίας
1457 394 1711 458 ὑπόθεσις
1732 412 1747 424 ·
1780 394 1846 449 δι’
1896 392 1962 463 ἦν
1989 392 2006 442 tl

2118 387 2447 445 Maniclueus
2483 389 2669 445 divina
2712 387 3043 454 oeconomia,
3093 396 3146 443 et
3189 385 3430 457 ejusdem
3470 402 3696 446 (eoeno-

434 476 568 543 Θεὸς
596 477 859 551 δμερίσθη
890 481 1186 552 ἀμέριστος
1248 482 1363 537 ιὐνο
1404 483 1520 538 ἀλλ’
1562 486 1614 538 εί
1674 484 2015 555 ἀνατραπείη

433 566 576 640 αῦτη
604 568 640 639 ἠ
672 569 748 640 μὴ
770 570 998 641 δεομένη
1034 573 1346 647 ἀνατροπῆς
1386 574 1664 642 ύπόθεσις,
1720 574 2019 646 ἀνατέτρα-

436 675 569 713 πται
610 661 705 714 καὶ
739 662 775 732 η
805 660 916 713 τῶν
950 661 1272 732 Μανιχαίων
1319 664 1633 735 οἰκονομία·
1678 665 1727 718 εί
1776 663 1836 717 δὲ
1870 665 1905 733 ἠ
1939 663 2017 717 0!-

435 747 664 821 κονομία
692 750 1122 825 ἀνατέτραπται,
1166 754 1316 824 μένει
1343 756 1437 809 καὶ
1467 757 1500 826 ἡ
1542 755 1664 810 θεία
1691 755 1850 809 οὐσία
1874 754 2013 826 ἀμε-

436 854 618 910 ριστος
651 842 711 905 ις
735 841 798 896 τὸ
815 841 1067 914 διηνεκὲς
1100 845 1539 915 παραδιασθετσα
1569 846 1675 901 ὑπὸ
1704 848 1801 918 τῆς
1838 849 2015 902 Μανι-

437 929 635 1001 χαῖκῆς
696 930 1005 999 ὑποθέσεως
1053 934 1393 1005 ἐξενεχθεῖσα
1436 938 1518 1002 εἰς
1553 939 1821 1011 μερισμόν
1846 955 1859 969 ·
1884 940 2016 995 ἀνα·

436 1014 734 1089 τρέπωνδὴ
756 1016 929 1083 οὕτως
954 1020 1157 1090 ἀγαθὸς
1172 1023 1326 1089 Θεὸς,
1345 1024 1458 1079 the
1482 1026 1518 1098 η
1538 1026 1657 1080 θεία
1684 1027 1859 1093 οὐσία,
1890 1028 2016 1099 ἢὼς

438 1105 781 1182 ἰσχυρότερος
810 1109 909 1164 τοῦ
945 1111 1142 1179 κακοῦ,
1184 1115 1246 1169 τὺ
1291 1117 1463 1171 κακὸν
1529 1118 1794 1192 ἑφοδήθη,
1843 1120 1878 1190 ἢ
1937 1119 2015 1183 ὡς

437 1193 569 1261 τσος,
613 1196 649 1268 ἢ
675 1197 754 1262 ὡς
785 1199 1177 1273 ἀσθενέστερος
1203 1218 1215 1232 °
1247 1203 1364 1258 ἀλλ’
1390 1207 1439 1260 εί
1482 1207 1583 1277 μὶν
1614 1207 1690 1272 ὡς
1735 1210 2014 1280 ἰσχυρότε-

436 1305 550 1360 ρος,
591 1290 902 1362 παράλογον
930 1293 990 1346 τὸ
1032 1295 1324 1367 λεγόμενον
1353 1316 1364 1327 '
1406 1300 1466 1354 ού
1504 1300 1615 1372 γὰρ
1665 1302 1731 1355 ἂν
1772 1301 2010 1372 ἐφοϐήθη

431 1379 495 1433 τὸ
527 1381 774 1447 ἀσθενὲς,
810 1386 1158 1457 ίσχυρότερος
1194 1388 1455 1459 ὑπάρχων
1502 1392 1664 1456 αὐτός
1687 1408 1701 1420 ·
1754 1394 1805 1445 εί
1850 1390 1909 1446 δι
1934 1392 2013 1457 ὡς

431 1472 563 1536 ἶσος,
593 1472 748 1541 ἔσται
773 1473 835 1530 τδ
865 1476 1032 1531 κακὸν
1075 1478 1154 1550 τῷ
1182 1479 1371 1551 ἀγαθῷ
1405 1481 1520 1535 ίσον
1552 1481 1694 1536 κατά
1718 1481 1817 1553 τὴν
1847 1480 2011 1537 δύνα-

433 1581 561 1634 μιν·
601 1564 766 1621 τοῦτο
811 1568 868 1623 δὲ
910 1567 972 1623 οὐ
1020 1586 1185 1640 φασιν
1214 1590 1229 1604 ·
1294 1576 1345 1629 εί
1388 1573 1448 1629 δὲ
1499 1575 1576 1639 ὡς
1623 1574 2010 1648 ἀσθενέστερος

428 1657 525 1710 καὶ
557 1657 825 1730 ἱφοϐἡθη,
858 1664 1313 1738 παραλογώτερον
1332 1683 1345 1699 ·
1372 1667 1583 1723 ποιοῦσι
1595 1668 1706 1741 γὰρ
1730 1668 2009 1739 ἰσχυρότε-

2116 479 2243 533 mia:
2272 480 2609 550 hypotbesis,
2638 495 2747 550 qua
2776 478 3009 534 edicitur
3034 486 3093 533 ut
3116 476 3326 534 divisus
3353 478 3518 534 fuerit
3548 477 3694 535 Deus

2116 569 2487 627 indivisibilis.
2518 573 2684 641 Atqui
2718 570 2763 628 si
2788 578 3068 627 evertetur
3110 570 3225 627 hazc
3264 572 3549 627 eversione
3586 573 3692 625 mi-

2116 660 2266 716 nimc
2310 661 2561 733 indigens
2609 662 2966 734 hypothesis,
3010 660 3435 716 Manicltazorum
3477 677 3695 733 quoque

2117 752 2426 808 meonomia
2485 754 2764 819 concidet;
2818 767 2925 823 qua
2986 767 3209 817 eversa,
3264 762 3450 807 manet
3508 753 3690 808 divina

2115 845 2422 901 substantia
2445 846 2497 900 in
2521 855 2842 916 perpetuum
2866 844 3124 907 indivisa,
3152 860 3277 916 quas
3298 860 3325 899 a
3348 844 3689 900 Maniebaica

2116 932 2400 1005 hypothesi
2428 943 2623 991 coacta
2650 933 2826 991 fuerat
2851 935 2918 991 ad
2947 935 3286 991 divisionem.
3315 935 3435 991 1am
3462 951 3589 991 cum
3610 940 3690 993 sic

2113 1024 2391 1090 everterit,
2420 1025 2600 1081 bonus
2622 1026 2843 1097 quidem
2878 1026 3024 1083 Deus
3053 1040 3151 1083 seu
3177 1025 3362 1081 ditina
3386 1026 3689 1083 substantia

2113 1128 2209 1173 aut
2235 1120 2307 1173 ita
2331 1120 2465 1189 egit,
2505 1120 2636 1189 quia
2673 1118 2870 1175 fortior
2904 1119 3070 1184 malo,
3105 1120 3314 1176 malum
3349 1120 3549 1187 timuit,
3597 1133 3690 1178 aut

2111 1210 2239 1279 quia
2277 1210 2504 1280 aequalis
2546 1219 2642 1266 aut
2674 1212 2805 1281 quia
2839 1211 3092 1267 debilior.
3126 1212 3287 1283 Atqui
3318 1214 3361 1267 si
3390 1222 3448 1266 ut
3473 1211 3689 1279 fortior,

2112 1301 2349 1356 absurde
2398 1302 2449 1354 id
2485 1301 2725 1367 dicitur;
2791 1317 2969 1372 neque
3012 1304 3161 1358 enim
3218 1304 3491 1359 timuisset
3536 1304 3688 1359 infir-

2112 1395 2342 1447 miorem
2379 1393 2473 1462 qui
2522 1390 2715 1448 fortior
2752 1392 2964 1449 fuisset.
2996 1393 3095 1449 Sin
3137 1395 3269 1464 quia
3299 1396 3551 1465 aequalis,
3580 1398 3687 1452 erit

2109 1498 2240 1555 ergo
2269 1484 2474 1540 malum
2508 1483 2652 1538 bono
2691 1498 2790 1554 par
2820 1482 3052 1541 viribus.
3096 1483 3211 1541 Hoc
3253 1497 3434 1542 autem
3481 1502 3551 1541 ne
3584 1489 3687 1558 ipsi

2107 1574 2329 1647 quidem
2352 1575 2522 1632 aiunt.
2549 1574 2705 1643 Quod
2729 1576 2774 1632 si
2793 1586 2853 1631 ut
2874 1576 3145 1633 inﬁrmior
3163 1578 3366 1643 timuit,
3385 1578 3439 1634 id
3463 1580 3689 1650 quidem

2108 1666 2287 1723 adhuc
2314 1676 2399 1725 est
2426 1668 2757 1736 absurdius;
2792 1684 2918 1724 nam
2944 1671 3149 1726 malum
3184 1670 3385 1727 fortius
3413 1672 3556 1727 bono
3596 1672 3691 1734 isti

429 1745 638 1835 ponto?)
654 1748 860 1818 ἀγαθοῦ
872 1751 932 1804 τὸ
960 1730 1151 1819 κακδν,
1168 1730 1306 1827 ὅπερ
1321 1750 1467 1812 οὖτοι
1485 1730 1636 1812 αὐτοὶ
1660 1730 2003 1827 δμολογοῦσι.

2110 1760 2313 1831 egregii
2332 1730 2753 1817 conﬁterentur;
2779 1760 2890 1816 Hac
2916 1779 3045 1832 ergo
3088 1763 3377 1828 divisione,
3418 1730 3690 1835 dogmatis

426 1833 612 1909 Ταύτῃ
637 1835 694 1891 δδ
724 1840 791 1911 τῇ
824 1839 1087 1912 διαιρέσει
1114 1844 1426 1916 παραλόγου
1453 1845 1755 1919 δειχθέντος
1772 1846 1868 1900 τοῦ
1893 1845 2011 1915 δογ-

428 1925 791 1999 ματιζομένου
820 1933 952 2004 παρ’
971 1934 1175 2001 αὐτοις,
1200 1936 1407 2007 οἴχεται
1423 1938 1520 1992 καὶ
1547 1939 1581 2009 ἠ
1602 1938 1888 2008 οἰκονομία
1911 1939 2009 1992 καὶ

424 2019 460 2088 ἡ
474 2017 677 2090 ταύτης
704 2021 854 2076 αίτία
871 2039 885 2053 ο
905 2024 997 2077 καὶ
1014 2025 1133 2079 οὐδὲ
1150 2025 1238 2080 διὰ
1248 2026 1350 2097 τὴν
1375 2026 1455 2098 μὴ
1469 2022 1631 2082 οὖσαν
1649 2026 1958 2097 οἰκονομίαν
1972 2028 2007 2098 ἡ

423 2110 721 2184 ἀμέριστος
758 2109 892 2167 οὖσα
919 2113 1040 2169 θεία
1063 2116 1224 2172 οὐσία
1243 2117 1513 2190 ἐμερίσθη
1533 2134 1546 2148 ·
1575 2118 1751 2185 ἀλλος
1771 2119 1831 2174 δὲ
1857 2122 1907 2174 εί
1928 2118 2008 2190 τῷ

422 2200 568 2273 λόγῳ
616 2204 716 2277 τῆς
738 2205 928 2270 οὐσίας
951 2208 1248 2278 ἀμέριστος
1274 2213 1303 2264 ὁ
1324 2210 1481 2277 Θεὸς,
1513 2212 1575 2265 οὐ
1622 2211 1703 2283 τῷ
1734 2210 1879 2283 λόγῳ
1903 2212 2007 2283 τῆς

424 2303 610 2369 οὐσίας
660 2304 719 2360 αἱ
749 2304 921 2377 ψυχαὶ
969 2308 1109 2361 εἰσιν
1160 2310 1224 2363 ἐκ
1258 2308 1356 2364 τοῦ
1384 2309 1546 2377 Θεοῦ,
1596 2312 1679 2378 ὡς
1730 2314 1782 2373 oi
1832 2314 2007 2369 Μανιο

425 2402 567 2475 χαίοι
594 2403 658 2474 γι
696 2421 864 2474 φασιν
882 2421 897 2435 ’
929 2404 1064 2461 ἀλλά
1120 2405 1293 2462 ταῦτα
1326 2409 1423 2481 μὲν
1462 2409 1653 2475 οὕτως.

499 2495 651 2566 Ἔχω
679 2494 738 2551 δὲ
772 2496 867 2550 καὶ
903 2496 1036 2552 ἀλλα
1063 2499 1195 2570 περὶ
1223 2501 1318 2554 τοῦ
1370 2506 1738 2575 προκειμένου
1787 2504 1999 2574 λέγειν’

423 2586 530 2640 eici
556 2584 614 2640 δὲ
667 2586 870 2640 ταῦτα’
900 2587 961 2641 Ei
990 2591 1023 2660 ὴ
1054 2589 1178 2644 θεία
1204 2590 1358 2645 οὐσία
1386 2593 1447 2645 ὲν
1469 2592 1649 2665 θνητῷ
1694 2596 1792 2648 καὶ
1830 2594 2004 2669 φθαρ-

424 2675 504 2747 τῷ
537 2676 750 2748 σώματι
785 2679 1125 2735 πολιτεύεται
1163 2682 1237 2747 ὡς
1253 2685 1529 2756 χρῄζουσα
1559 2685 1824 2759 τούτου,ή
1854 2685 2002 2758 ψυχή

424 2769 533 2838 ἀρα
588 2768 690 2822 οὐκ
719 2769 865 2824 ἔστιν
912 2771 977 2824 ὲκ
1002 2774 1103 2844 τῆς
1125 2773 1277 2840 θείας
1297 2775 1487 2840 οὐσίας
1517 2792 1535 2809 ⁸
1573 2776 1654 2832 ἔτι
1679 2779 1712 2850 η
1738 2776 1887 2850 ψυχὴ
1924 2771 2001 2833 ὧν

424 2858 538 2931 ιχει
574 2860 801 2929 γνῶσιν,
830 2861 943 2927 ἕξει
976 2865 1146 2939 λήθην
1199 2866 1330 2920 ποτέ
1353 2882 1367 2897 ⁸
1421 2871 1450 2922 6
1478 2868 1537 2922 δὲ
1586 2870 1721 2934 Θεὸς
1756 2864 1831 2925 ὧν
1888 2869 2000 2941 ἔχει

423 2952 622 3019 γνῶσιν
648 2954 747 3024 οὐχ
776 2953 887 3019 ἔξει
920 2956 1091 3028 λήθην
1138 2958 1301 3012 ποτέ’
1336 2959 1370 3030 ἠ
1399 2960 1547 3033 ψυχὴ
1579 2961 1689 3032 ἀρα
1712 2962 1812 3016 οὐκ
1849 2961 1999 3016 ἐστιν

2109 1851 2436 1908 eorumdetn
2468 1853 2839 1909 demonstrata
2884 1853 3253 1921 absurditate,
3301 1856 3508 1910 corruit
3536 1857 3686 1927 ipso-

2109 1956 2230 1997 rum
2278 1943 2584 1999 tnconomia
2628 1951 2684 1998 et
2722 1942 2968 2012 ejusdem
3013 1961 3178 2001 causa
3214 1964 3227 2000 :
3265 1961 3441 2016 neque
3471 1946 3554 2000 vel
3596 1961 3688 2000 sc-

2110 2034 2353 2090 cundum
2388 2033 2533 2089 hanc
2561 2035 2925 2115 teconomiam
2970 2035 3144 2092 divisa
3189 2035 3295 2091 fuit
3335 2036 3687 2095 iudivisihilia

2107 2122 2203 2179 Dei
2244 2124 2574 2181 substantia.
2617 2124 2877 2195 Alioquin
2927 2136 3145 2192 autem,
3186 2127 3233 2184 si
3292 2128 3505 2184 ratione
3549 2129 3685 2183 sub-

2107 2217 2322 2272 stantiae
2366 2215 2718 2272 indivisibilis
2759 2226 2844 2273 est
2879 2217 3055 2283 Deus,
3089 2219 3337 2289 sequitur
3384 2228 3444 2275 ut
3487 2221 3686 2275 anima

2105 2321 2452 2377 nequaquam
2480 2308 2690 2363 ratione
2740 2308 3060 2363 substantia:
3090 2325 3120 2363 a
3152 2309 3263 2366 Deo
3295 2314 3428 2375 sint,
3471 2319 3532 2365 ut
3565 2309 3683 2366 Ma-

2104 2400 2300 2455 nichaei
2330 2399 2616 2455 aiiirtnant.
2658 2398 2721 2453 Et
2757 2401 2875 2455 haec
2903 2401 3121 2470 quidem
3152 2404 3226 2457 ita
3261 2418 3321 2458 se
3359 2402 3583 2457 habent.

2174 2493 2295 2546 Alia
2321 2506 2545 2563 quoque
2584 2491 2758 2548 haben
2800 2508 2923 2562 qua
2951 2493 3018 2549 de
3052 2495 3332 2564 proposito
3360 2505 3684 2565 atgumento

2102 2580 2301 2638 dicam.
2340 2582 2481 2637 Sunt
2509 2591 2689 2636 autem
2720 2582 3057 2654 hujusmodi.
3086 2584 3143 2639 Si
3169 2585 3354 2639 divina
3377 2586 3682 2639 substantia

2102 2673 2157 2728 in
2182 2673 2403 2729 mortali
2434 2674 2890 2746 corruptibilique
2918 2690 3147 2747 corpore
3183 2675 3386 2731 habitat
3428 2675 3585 2745 quasi
3615 2693 3684 2729 eo

2101 2766 2371 2837 indigens,
2400 2774 2547 2823 certe
2587 2768 2771 2822 anima
2796 2784 2862 2823 ex
2887 2767 3074 2824 divina
3102 2767 3407 2824 substantia
3450 2780 3679 2823 nonest.

2102 2857 2333 2927 Insuper
2362 2859 2543 2913 anima
2582 2874 2818 2928 quorum
2862 2858 3027 2916 habet
3064 2861 3348 2925 notitiam,
3389 2860 3683 2929 aliquando

2100 2951 2336 3022 patietur
2355 2950 2686 3007 oblivionem
2710 2970 2724 3019 ;
2762 2951 2905 3007 Deus
2931 2962 3113 3008 autem
3141 2966 3376 3023 quorum
3400 2950 3561 3007 habet
3584 2968 3683 3005 no-

422 3042 487 3096 ὲκ
511 3043 615 3113 τῆς
640 3043 790 3110 θείας
816 3046 1004 3116 οὐσίας
1028 3065 1043 3080 ο
1077 3048 1158 3102 ἔτι
1183 3049 1213 3102 6
1238 3047 1367 3115 Θεὸς
1391 3052 1641 3122 οὐδαμῶς
1670 3053 1995 3126 αἰσθήσεων,

2105 3043 2298 3107 titiam,
2317 3059 2596 3115 nunquam
2637 3045 2948 3115 experietur
2968 3044 3316 3100 oblivionem.
3339 3045 3481 3115 Ergo
3497 3045 3681 3100 anitna

422 3135 696 3190 τουτέστιν
719 3138 916 3207 ὅψεως,
946 3140 1139 3213 ἀκοῆς,
1179 3144 1520 3217 ὀσφρήσεως,
1563 3148 1805 3214 γεύσεως
1862 3148 1998 3221 χρῄ-

421 3223 523 3291 ζει,
552 3227 633 3289 είς
647 3227 918 3283 ὲκτέλεσιν
944 3229 1054 3283 τῶν
1084 3231 1304 3284 οίκείων
1330 3233 1637 3304 ἐνεργειῶν,
1668 3236 1724 3287 αἱ
1751 3233 1807 3288 δὲ
1829 3233 2002 3306 ψυχαὶ

341 3389 349 3396 .
422 3318 718 3389 κρῇξουσιν
732 3336 747 3349 ·
764 3322 820 3375 al
832 3320 1002 3393 ψυχαὶ⁵
1021 3322 1130 3394 ἀρα
1146 3323 1249 3378 οὐκ
1263 3324 1399 3378 είσὶν
1418 3325 1516 3396 τῆς
1533 3325 1680 3390 θείας
1695 3324 1901 3390 οὐσίας.
1918 3325 1996 3382 Μ.

430 3410 496 3464 Ἦ
534 3409 683 3483 ψυχὴ
709 3411 875 3468 πάλαι
906 3412 1064 3484 λόγος
1090 3409 1181 3486 ἦν,
1205 3417 1303 3471 καὶ
1333 3416 1472 3489 ἀκοὴ
1502 3412 1590 3489 ἦν,
1617 3417 1714 3471 καὶ
1736 3417 1860 3488 δψις
1906 3414 1996 3489 ἦν,

420 3501 516 3554 καὶ
542 3502 729 3569 γεῦσις
759 3498 848 3575 ἦν,
872 3506 966 3559 καὶ
1002 3507 1119 3576 ἀφὴ
1160 3502 1268 3579 ἦν’
1295 3508 1391 3563 νῦν
1452 3508 1511 3563 δὲ
1554 3511 1615 3562 ἐν
1653 3508 1733 3579 τῷ
1786 3509 2000 3581 σώματι

421 3594 844 3665 καταύληθεῑσα,
867 3597 1091 3667 γέγονεν
1128 3602 1427 3673 ἀκουστικὴ
1461 3601 1522 3666 ἐξ
1549 3602 1739 3672 ἀκοῆς,
1772 3606 1866 3658 καὶ
1911 3604 2001 3657 λο-

418 3686 549 3758 γικὴ
588 3689 655 3741 ἐκ
680 3687 862 3755 λόγου,
893 3690 988 3744 καὶ⁷
1017 3691 1223 3764 ἀπτικὴ
1255 3693 1317 3758 ἐξ
1349 3694 1512 3764 ἁφῆς,
1538 3696 1629 3748 καὶ
1657 3695 2001 3769 ὀσφραντικὴ

416 3777 477 3843 ιε
500 3778 842 3850 ὀσφρήσεως.
866 3780 935 3835 Χ.
968 3781 1193 3850 Πρῶτον
1224 3783 1345 3854 μὲν,
1364 3782 1440 3847 ὡς
1469 3784 1759 3853 δέδεικται,
1797 3787 1863 3842 οὐ
1893 3788 2002 3842 πά-

417 3869 506 3923 λαι
538 3867 695 3937 λόγος
716 3864 801 3940 -ἦν
835 3870 869 3940 ἡ
916 3868 1086 3941 ψυχὴ·
1120 3872 1154 3943 ἦ
1187 3873 1347 3944 ἀκοὴν
1389 3874 1421 3944 ἢ
1454 3874 1597 3944 ὄψις,
1636 3875 1671 3946 ἢ
1708 3875 1999 3949 δσφρησιςν

415 3960 451 4033 ἢ
482 3960 691 4032 γεῦσις,
738 3961 773 4029 ἢ
805 3962 940 4032 ἀερὴ,
969 3964 1065 4017 καὶ
1101 3964 1164 4028 ἐξ
1197 3964 1508 4030 ὑποθέσεως
1569 3966 1740 4037 χωρὶς
1779 3967 2001 4022 ἀποδει-

418 4052 553 4121 ξεως
594 4054 966 4126 παρείληπται
999 4054 1196 4112 τοῦτο⁹
1226 4055 1416 4110 ἔπειτα
1457 4057 1515 4112 δὲ
1558 4061 1588 4113 6
1645 4058 1781 4124 Θεὸς
1836 4059 2001 4125 αὐτὸς

415 4145 573 4214 λόγος
600 4146 771 4213 ιστιν,
801 4147 862 4213 ιε
897 4139 961 4202 οὗ
990 4149 1024 4219 ἠ
1048 4147 1218 4219 ψυχὴ,
1255 4148 1342 4202 ἵνα
1371 4150 1466 4203 καὶ
1514 4150 1547 4220 ιι
1577 4146 1786 4225 ψυχὴῇ
1842 4150 2000 4221 λόγος

414 4238 484 4292 ἐκ
511 4236 608 4293 τοῦ
644 4237 781 4293 Θεοῦ
810 4235 982 4306 οὖσα,
1014 4242 1049 4312 ἢ
1106 4240 1282 4307 ἄλλως
1330 4261 1448 4308 πως
1505 4243 1722 4312 λέγεις;
1773 4247 1850 4300 Μ.
1890 4246 2001 4300 Καὶ

2099 3149 2165 3192 οι
2198 3134 2381 3191 divina
2426 3136 2734 3192 substantia
2780 3150 2887 3190 non
2935 3143 3038 3191 est.
3082 3135 3350 3190 Pneterea
3401 3136 3546 3192 Deus
3585 3150 3680 3191 ne-

2098 3242 2374 3298 quaquam
2403 3227 2679 3292 sensibus,
2702 3228 2755 3283 id
2782 3236 2866 3283 est
2886 3228 3027 3291 visu,
3058 3236 3224 3291 tactu,
3243 3227 3464 3294 olfactu,
3492 3241 3679 3298 gusm,

2100 3320 2307 3389 indiget
2349 3319 2419 3374 ad
2460 3335 2687 3376 suarum
2729 3320 3107 3389 operationum
3155 3320 3437 3387 effectum;
3483 3320 3681 3374 aniune

2099 3420 2281 3467 autem
2318 3411 2404 3469 his
2432 3411 2686 3483 indigent
2717 3429 2730 3467 :
2762 3427 2895 3483 ergo
2927 3413 3126 3469 animae
3159 3414 3227 3468 ad
3263 3413 3505 3468 divinam
3549 3412 3682 3467 sub-

2099 3503 2359 3560 stantiam
2390 3518 2499 3558 non
2532 3505 2829 3573 pertinent.
2870 3502 2941 3559 If.
2972 3505 3169 3560 Anima
3199 3505 3330 3560 olim
3369 3504 3510 3560 ratio
3537 3513 3677 3568 erat,

2100 3595 2317 3652 auditus
2347 3604 2497 3659 erat,
2523 3596 2678 3653 visus
2719 3607 2872 3662 erat,
2906 3607 3098 3667 gustus
3122 3606 3267 3656 erat.
3306 3605 3485 3651 tactus
3524 3607 3675 3651 erat:

2099 3703 2249 3742 nunc
2276 3698 2455 3742 autem
2483 3686 2537 3743 in
2567 3703 2765 3759 corpus
2810 3688 3077 3757 conjecta,
3122 3685 3264 3742 facta
3307 3697 3393 3743 est
3434 3688 3679 3743 aeustica

2100 3782 2173 3837 ob
2221 3781 2489 3847 auditum,
2526 3780 2811 3836 rationalis
2856 3782 2928 3835 ob
2974 3781 3265 3845 rationem,
3318 3781 3590 3850 tangendo
3625 3790 3682 3834 et

2098 3871 2409 3929 olfaciendo
2427 3874 2622 3927 idonea
2645 3873 2719 3927 ob
2745 3882 2951 3928 tactum
2976 3881 3033 3928 et
3052 3870 3331 3927 olfactum.
3363 3872 3463 3927 Ch.
3493 3871 3680 3927 Primo

2097 3966 2320 4039 quidem
2345 3963 2489 4021 haud
2509 3972 2595 4020 est
2616 3964 3075 4029 demonstratum,
3099 3966 3336 4021 animam
3359 3965 3487 4020 olim
3509 3963 3682 4020 fuisse

2099 4059 2400 4123 rationem,
2432 4065 2527 4113 aut
2563 4056 2841 4125 auditum,
2876 4065 2972 4112 aut
2998 4057 3177 4112 visum
3199 4097 3216 4121 ,
3249 4066 3347 4111 aut
3379 4057 3674 4119 olt‘actum.

2098 4163 2196 4208 aut
2226 4159 2469 4221 gustum,
2515 4158 2611 4204 aut
2643 4156 2845 4203 tactum
2875 4166 2889 4202 :
2922 4149 3038 4204 hac
3073 4149 3219 4204 enim
3254 4165 3319 4205 ex
3359 4149 3677 4220 hypotbesi,

2099 4257 2208 4299 non
2239 4258 2304 4298 ex
2325 4241 2793 4296 demonstratione
2812 4251 3123 4296 sumuntur.
3145 4240 3346 4297 Deinde
3370 4256 3519 4305 vero,
3543 4255 3674 4294 num

415 4333 446 4385 6
497 4330 633 4397 Θεὸς
684 4332 864 4402 λόγος,
909 4336 1005 4388 xui.
1045 4334 1207 4405 ἀκοὴ,
1254 4336 1349 4387 καὶ
1376 4336 1445 4388 τὰ
1470 4336 1632 4391 λοιπά
1678 4338 1830 4391 ἐστιν
1855 4354 1868 4367 ·
1898 4340 1997 4393 καὶ

2105 4336 2248 4393 Deus
2273 4345 2357 4392 est
2384 4335 2544 4401 ratio,
2572 4349 2640 4390 ex
2670 4350 2779 4405 qua
2804 4334 3010 4400 anima,
3050 4334 3124 4388 ita
3156 4344 3216 4388 ut
3251 4334 3433 4387 anima
3458 4346 3677 4402 quoque

416 4425 452 4497 ή
496 4424 646 4496 ψυχὴ
678 4424 809 4495 πρὶν
838 4424 873 4496 ἢ
901 4402 1218 4498 καταϐληθῇ
1276 4427 1333 4480 ὲν
1360 4427 1437 4498 τῷ
1483 4428 1716 4499 σώματι,
1770 4430 1993 4504 τοιαύτη

2105 4430 2175 4486 sit.
2215 4430 2357 4484 ratio
2392 4444 2460 4484 ex
2502 4426 2611 4483 Deo
2652 4402 2945 4491 essistens,
2994 4442 3062 4480 an
3105 4425 3260 4480 aliter
3289 4424 3468 4495 potius
3501 4423 3677 4478 diois?

410 4510 483 4585 ἧν
506 4512 620 4580 οἷος
649 4516 744 4571 καλ⁸
767 4519 795 4571 6
822 4516 959 4581 Θεός
1005 4519 1172 4574 ἐστιν.
1210 4520 1280 4573 Χ.
1325 4521 1438 4583 [11;
1466 4521 1623 4590 λόγος
1650 4523 1796 4587 τινός
1824 4526 1991 4587 ἐστιν,

2105 4522 2175 4578 υ.
2200 4520 2263 4576 Ει
2287 4520 2429 4576 Deus
2454 4528 2540 4576 est
2562 4520 2726 4585 ratio,
2761 4526 2924 4589 atque
2960 4518 3205 4582 auditus,
3235 4530 3441 4570 necnon
3467 4514 3675 4583 reliqua

415 4609 511 4663 καὶ
573 4611 725 4663 πᾶσα
770 4609 911 4681 ἀκοὴ
968 4611 1113 4676 τινός
1165 4612 1313 4666 ἐστιν
1340 4612 1475 4684 ἀκοή
1502 4629 1517 4643 ⁶
1557 4615 1653 4668 καὶ
1680 4613 1737 4668 εἴ
1772 4616 1921 4671 ἐστιν
1965 4620 1996 4672 6

2105 4624 2217 4683 est;
2272 4625 2328 4671 et
2354 4616 2535 4669 anima
2570 4623 2859 4683 antequam
2903 4614 3045 4667 intra
3096 4625 3296 4681 corpus
3332 4607 3681 4663 clauderetur

412 4697 547 4762 Θεδς
575 4700 715 4768 ἀκοή
744 4716 805 4752 τε
831 4699 927 4754 καὶ
948 4698 1125 4768 λόγος,
1169 4700 1524 4771 εὑρεθήσεται
1573 4702 1604 4756 ὀ
1656 4702 1789 4766 Θεὸς
1834 4702 1993 4759 ἄλλου

2105 4709 2227 4764 talis
2249 4718 2365 4763 erat
2396 4707 2575 4777 qualis
2598 4705 2743 4760 Deus
2765 4714 2868 4759 est.
2896 4702 2999 4759 Ch.
3019 4703 3240 4771 Quevis
3269 4700 3429 4765 ratio,
3446 4699 3681 4769 alicujus

412 4791 568 4858 Θεὸς,
596 4791 689 4845 καὶ
723 4790 875 4846 ἔσται
907 4791 1015 4863 πρὸ
1042 4791 1136 4845 τοῦ
1174 4791 1382 4860 ἀγαθοῦ
1408 4809 1461 4845 τι
1484 4795 1643 4859 Θεοῦ,
1673 4790 1734 4850 οῦ
1758 4798 1874 4851 ἐστι
1908 4797 1997 4852 λό-

2105 4800 2247 4857 ratio
2272 4808 2386 4867 est;
2418 4808 2472 4853 et
2491 4797 2676 4868 quivis
2700 4795 2943 4863 auditus,
2975 4793 3452 4866 alicujus-auditus
3478 4804 3596 4858 est;
3629 4790 3675 4845 si

414 4901 508 4953 γος
528 4899 541 4913 ·
576 4886 716 4957 ὅπερ
766 4884 861 4938 καὶ
886 4883 1008 4939 καθ’
1036 4885 1180 4955 ὑμᾶς
1208 4885 1427 4939 ἄτοπον.
1826 4915 1831 4919 <

2105 4909 2236 4964 ergo
2262 4892 2403 4947 ratio
2429 4900 2485 4944 et
2513 4888 2732 4945 auditus
2758 4889 2905 4945 Deus
2930 4895 3051 4953 est,
3091 4888 3281 4956 utique
3308 4883 3677 4956 eomperietur

419 4978 561 5033 Deus
580 4977 807 5034 alterius
822 4976 940 5043 Dei,
955 4975 1172 5047 eritque
1222 4976 1427 5049 aliquid
1455 4986 1585 5033 ante
1603 4978 1809 5035 bonum
1859 4980 2053 5055 Βωω,
2081 4986 2244 5058 cujus
2259 4992 2343 5040 est.
2372 4980 2514 5036 ratio
2552 4997 2567 5034 :
2603 4994 2726 5050 quae
2768 4994 2856 5035 res
2897 4994 2927 5033 a
2960 4979 3116 5036 vobis
3167 4990 3391 5049 quoque
3436 4971 3675 5030 absurda

409 5070 707 5139 iudicatur.

491 5164 787 5234 Σιωπήσας
838 5161 898 5216 δὲ
958 5160 1241 5217 κάνταῦθα
1268 5162 1297 5215 6
1324 5162 1628 5231 Μανιχαίος
1685 5163 1839 5218 οὐδὲν
1893 5168 2005 5222 ἀπ.

2198 5165 2382 5221 Silena
2437 5172 2620 5217 autem
2672 5162 2759 5215 hic
2819 5174 3039 5230 quoque
3103 5156 3475 5220 Manichacus.
3545 5154 3680 5209 nihil

415 5256 688 5326 εκρινατο.
720 5255 1045 5327 Χριστιανὸς
1082 5255 1221 5323 μετά
1240 5252 1337 5326 τὴν
1365 5253 1575 5325 σιωπὴν
1593 5248 1767 5309 εἶπεν*
1785 5254 2004 5330 Ἐπειδὴ

2105 5255 2399 5328 respondit.
2437 5253 2788 5309 Christianus
2832 5267 2960 5305 vero
3000 5256 3123 5320 post
3164 5247 3217 5303 id
3252 5246 3530 5302 silentium
3571 5244 3676 5299 ait:

420 5350 451 5419 ἡ
482 5346 576 5403 τοῦ
604 5347 766 5416 λόγου
793 5347 1083 5402 ἀκολουθία
1153 5348 1377 5418 παρεῖδε
1421 5346 1481 5399 τὸ
1536 5346 1790 5419 δεύτερον
1820 5348 2000 5420 παρά-

2105 5346 2552 5419 Quandoquidem
2577 5342 2848 5399 sermonis
2875 5342 3044 5396 series
3073 5341 3126 5393 iu
3158 5354 3325 5393 causa
3354 5337 3477 5400 fuit,
3504 5349 3565 5391 ut
3587 5352 3678 5391 sc-

421 5443 617 5512 δειγμα
653 5440 763 5495 τῶν
796 5441 1030 5495 ἀκτίνων
1064 5438 1159 5495 καὶ
1205 5437 1301 5493 τοῦ
1334 5437 1507 5512 ἡλίου,
1544 5439 1848 5510 σκοπητέον
1900 5443 1994 5495 καὶ

2105 5444 2342 5497 cundum
2384 5436 2693 5505 exemplum
2744 5434 3246 5503 praetermitteretur
3290 5429 3569 5485 radiorum
3612 5444 3678 5483 ac

417 5533 609 5588 τοῦτο’
640 5531 709 5587 Αἱ
738 5533 954 5595 ἀκτῖνες
978 5532 1381 5602 συνυπάρχουσι
1448 5528 1528 5599 τῷ
1577 5529 1767 5601 δίσκῳ,
1823 5534 1915 5585 καὶ
1966 5534 1996 5583 6

2105 5532 2256 5595 solis,
2296 5542 2443 5584 nunc
2481 5525 2533 5581 id
2576 5537 2796 5593 quoque
2840 5519 3304 5577 considerandum
3356 5528 3461 5576 est.
3513 5515 3670 5572 Radti

417 5623 778 5689 δίσκοςαῖτιός
790 5626 935 5677 ἐστιν
961 5622 1071 5676 τῶν
1100 5623 1334 5677 ἀκτίνων
1356 5637 1369 5652 ο
1401 5621 1460 5675 αἱ
1492 5619 1549 5675 δὲ
1576 5619 1748 5691 ψυχαὶ
1774 5622 1833 5675 ού
1862 5639 1993 5676 συν‹

2105 5621 2369 5678 exsistunt
2402 5631 2506 5671 una
2527 5630 2651 5670 cum
2675 5614 2847 5678 disco,
2894 5622 2948 5667 et
2984 5612 3170 5668 discus
3194 5612 3473 5667 radiorum
3507 5624 3669 5666 causa

422 5715 720 5787 υπὰρχουσι
776 5714 853 5786 τῷ
896 5713 1014 5787 Θεῷ
1068 5715 1174 5781 ἀεὶ,
1217 5715 1349 5772 ἀλλά
1400 5713 1486 5767 διὰ
1533 5711 1631 5785 τὴν
1684 5712 1996 5784 οἰκονομίαν

2105 5722 2205 5771 est.
2239 5711 2447 5766 Anima:
2476 5724 2582 5764 non
2616 5707 2881 5762 exsistunt
2920 5720 3043 5762 cum
3077 5704 3185 5762 Deo
3213 5718 3447 5775 semper,
3479 5702 3571 5759 sed
3602 5719 3668 5758 et.
