4094 6192
449 228 559 297 639

1709 234 1775 299 S.
1800 233 2124 300 JOANNIS
2143 237 2452 302 CLIHACI

3619 251 3730 324 δίο

446 339 671 398 eosdem
710 346 927 408 tamen,
957 353 1081 397 cum
1120 339 1177 395 in
1220 353 1284 397 re
1316 338 1537 399 modica
1599 339 1900 401 familiares
1941 358 2018 400 ex

2142 346 2311 404 αὐτου
2329 348 2503 420 ἀχλὺν
2532 348 2898 408 ἀποϐαλόντα·
2924 353 3022 410 καὶ
3051 352 3246 427 rem
3269 354 3339 413 τὰ
3357 353 3594 419 ἀκούσια
3614 363 3730 418 τῶν

445 441 816 505 asperassent,
862 446 1083 491 omnem
1133 432 1373 505 lapidem
1415 435 1689 503 movisse,
1734 450 2037 508 curamque

443 539 668 582 omnem
689 526 1022 597 suscepisse,
1054 534 1109 582 et
1136 527 1271 583 nibil
1298 526 1535 601 denique
1567 545 1678 587 non
1707 532 2039 590 sustinuisse

442 624 500 673 et
526 616 814 674 laborasse
838 657 856 684 ,
891 629 1007 675 tum
1046 634 1145 690 per
1185 634 1247 676 se
1279 620 1430 692 ipsos
1450 654 1469 683 .
1506 629 1622 677 tum
1653 638 1752 693 per
1783 626 1992 681 amicos
2014 663 2034 693 ,

440 712 765 768 muneribus
797 713 963 769 etiam
1008 712 1302 777 adhibitis,
1350 721 1411 768 ut
1458 714 1513 769 in
1565 718 1801 787 priorem
1850 718 2037 787 gratia

441 800 624 865 locum
673 804 855 860 redire
896 814 1145 876 possent.
1190 803 1252 859 ln
1303 805 1573 862 abdicata
1616 805 1861 878 profana:
1907 809 2035 869 vita

438 894 666 954 exordio
722 894 783 968 θ
804 897 1009 968 ingenti
1041 913 1168 954 cum
1198 897 1373 954 animi
1406 898 1706 956 acerbitate
1752 909 1809 956 et
1841 899 2034 959 labore

439 986 669 1043 arduam
693 988 912 1046 virtutis
935 989 1079 1045 viain
1102 990 1463 1063 ingredimur.
1491 990 1599 1047 Sed
1629 992 2030 1065 aliquantulum

435 1075 755 1145 progressi.
791 1076 915 1133 sine
955 1077 1207 1134 molestia
1250 1074 1365 1133 fere
1389 1117 1406 1144 ,
1451 1076 1601 1150 quod
1634 1077 1911 1150 reliquum
1941 1086 2030 1136 est

435 1163 655 1223 itineris
679 1166 1026 1226 conﬁcimus.
1068 1168 1303 1237 Quando
1330 1169 1579 1226 mortalis
1610 1178 1797 1227 noster
1823 1185 2026 1243 corpo-

434 1255 517 1314 ris
541 1272 738 1315 sensus
767 1274 867 1330 per
890 1262 1058 1315 animi
1090 1260 1430 1316 alacritatem
1460 1260 1753 1332 absorptus
1800 1270 1855 1318 et
1890 1261 1998 1319 sub

2142 437 2203 493 εν
2221 455 2365 494 τισιν
2386 440 2653 498 ἑκουσίων
2679 442 3022 519 βεϐαιότερα,
3042 446 3139 503 καὶ
3169 449 3502 523 κυριώτερα.
3518 451 3726 527 Πηδεὶς

2140 529 2304 603 βάρος
2334 531 2451 602 (19)
2488 533 2585 589 καὶ
2638 533 2849 607 πλῆθος
2896 536 3187 611 ἁμαρτιῶν
3226 544 3729 618 προφασιζόμενος.

2136 618 2358 688 ἀνάξιον
2389 621 2587 677 ἑαυτὸν
2613 621 2708 678 τοῦ
2738 626 3039 697 μοναχικοῦ
3065 627 3487 702 immittere:
3514 633 3729 690 ἀποκα-

2135 707 2304 764 λοιτοο
2334 710 2432 765 καὶ
2453 710 2545 766 διὰ
2574 711 2913 785 ἡδυπάθειαν
2943 717 3141 774 ἑαυτὸν
3172 719 3471 789 εὐτελίζειν
3499 724 3719 796 vopth
3798 780 3799 783 η

2133 816 2234 865 τω,
2264 801 2739 876 προφασιζόμενος
2768 808 3073 879 προφάσεις
3096 811 3158 865 ιν
3187 811 3489 885 ἁμαρτίαις
3544 815 3730 875 ὀπο

2134 891 2243 964 γὰρ
2280 891 2451 965 πολλὴ
2500 892 2537 965 η
2587 893 2860 965 σηπεδὼν,
2892 898 3013 953 εκεῖ
3056 897 3154 955 καὶ
3183 901 3431 977 μεγάλης
3476 903 3722 979 ίατρείας

2132 980 2314 1054 χρεία,
2352 982 2441 1038 ἵνα
2468 985 2561 1061 τὸν
2605 985 2780 1059 ῥύπον
2819 988 3116 1061 ἀπόθηται.
3151 992 3217 1047 οι
3249 994 3361 1066 γὰρ
3391 993 3506 1067 (20)
3537 995 3721 1067 ὑγιεί.

2131 1089 2315 1138 νοντες
2343 1076 2404 1130 ιν
2434 1077 2657 1150 iaspst
2678 1079 2739 1132 οὐ
2763 1080 3178 1152 παραγίνονται.
3207 1082 3274 1139 ιιι
3298 1083 3566 1158 βασιλέως
3592 1090 3719 1145 επι-

2129 1164 2282 1237 γείου
2320 1166 2674 1236 καλέσαντος,
2704 1169 2802 1225 καὶ
2819 1172 2903 1236 είς
2930 1172 3033 1243 τὴν
3058 1173 3203 1229 κατὰ
3236 1176 3533 1249 πρόσωπον
3548 1178 3719 1236 αὐτοῦ

2126 1259 2373 1317 δουλείαν
2394 1260 2727 1336 στρατεῦσαι
2750 1261 3099 1336 θελήσαντος,
3128 1267 3232 1322 οὐκ
3256 1267 3623 1344 ἀναμένομεν,
3649 1272 3716 1330 οὔ

433 1356 594 1405 actus
614 1358 723 1413 est.
752 1353 1013 1408 virtutem
1036 1367 1162 1408 cum
1192 1351 1398 1419 studio,
1440 1352 1713 1410 desiderio
1736 1392 1755 1419 ,
1792 1360 1849 1409 et
1889 1370 2018 1426 gau-

2127 1352 2604 1425 προφασιζόμεθαο
2644 1354 2783 1411 ἀλλὰ
2815 1356 2998 1411 πάντα
3039 1357 3469 1431 καταλείψω-τες
3511 1361 3718 1435 προθύ-

431 1440 549 1509 dio,
580 1450 843 1515 tauquam
877 1444 1089 1503 caelesti
1116 1443 1338 1500 ﬂamma
1365 1445 1645 1511 succensi,
1675 1459 2018 1503 exercemus.

2126 1462 2245 1517 μως
2258 1445 2424 1501 αὐτὸν
2441 1444 2883 1519 καταφθάνομεν·
2903 1448 3233 1523 πρόσχυμεν
3247 1450 3484 1519 δαυτοίς,
3500 1454 3578 1527 μη
3598 1469 3715 1522 *ειυς

429 1531 783 1607 Quantopere
814 1538 1039 1593 amandi
1078 1547 1209 1593 sunt
1244 1536 1354 1601 illi,
1387 1536 1480 1609 qui
1516 1536 1705 1594 statim
1749 1538 1822 1596 ab
1864 1538 2018 1595 initio

2123 1536 2231 1594 τοῦ
2248 1537 2557 1607 Βασιλέως
2574 1537 3035 1607 τῶν-βασιλέων.
3072 1542 3176 1597 και
3195 1544 3418 1615 Κυρυυ
3458 1543 3584 1602 τῶν
3606 1563 3718 1605 κν-

430 1626 704 1698 religiosa
732 1629 855 1685 vita:
874 1668 890 1695 ,
922 1629 1074 1685 omni
1100 1630 1451 1687 contentione
1472 1640 1529 1688 et
1552 1630 1837 1688 alacritate
1862 1630 2018 1688 labo-

2119 1629 2406 1698 ρίωνηιαί
2431 1629 2585 1687 Θεοῦ
2610 1628 2731 1687 τῶν
2776 1630 2932 1689 θεῶν
2957 1633 3254 1701 καλοῦντος
3282 1638 3434 1709 ἡμᾶς
3476 1638 3560 1705 είς
3612 1640 3719 1715 την

428 1727 590 1788 rant,
616 1720 697 1777 uti
715 1721 988 1778 'mandata
1032 1722 1128 1781 Dei
1153 1723 1515 1791 exhauriant;
1544 1730 1829 1794 tantopere
1856 1722 2018 1780 mise-

2121 1719 2374 1793 οὐράνιον
2424 1722 2633 1796 ταύτην
2648 1721 2825 1793 τάξιν,
2864 1723 2924 1796 ιε
2948 1725 3233 1801 δκνηρίας,
3288 1708 3387 1785 καὶ
3437 1708 3716 1805 ῥᾳθυμίας

426 1812 588 1869 randi
618 1823 772 1880 sunt,
802 1815 898 1886 qui
928 1815 986 1871 in
1017 1814 1122 1871 liae
1152 1816 1374 1873 virtutis
1400 1814 1651 1887 palastra
1680 1813 1777 1870 diu
1796 1814 2018 1887 quidem

2119 1816 2611 1888 παραιτησώμεθα.
2636 1818 2733 1874 καὶ
2766 1818 2830 1873 ιν
2857 1818 2939 1877 τῶ
2970 1819 3199 1892 μεγάλῳ
3227 1820 3435 1895 βήματι
3469 1822 3713 1895 stips“:-

426 1915 755 1974 versantur,
787 1907 881 1964 sed
911 1907 1093 1964 adhuc
1117 1923 1245 1964 cum
1277 1906 1526 1964 molestia
1566 1920 1691 1963 sese
1721 1908 1775 1962 in
1802 1905 2018 1963 virtuti-

2125 1924 2229 1979 μεν
2270 1909 2694 1979 ἀναπολόγητον
2744 1908 2976 1966 δυνατὸν
3009 1916 3112 1981 μιν
3142 1915 3255 1985 γάρ
3296 1914 3394 1970 καὶ
3425 1913 3712 1986 δεδεμένον

426 1995 533 2055 bus
558 2008 838 2066 exercent,
867 1999 1120 2071 quamvis
1145 2010 1459 2056 exerceant.
1480 1995 1595 2056 Nec
1633 1999 1759 2055 illos
1797 1998 2018 2071 quidem

2119 2001 2231 2066 τοῖς
2248 1997 2347 2056 τοῦ
2379 1997 2499 2072 βίου
2518 2001 2832 2074 πράγμασι,
2852 2001 2951 2058 καὶ
2987 2002 3237 2077 σιδηραῖς
3273 2006 3524 2078 φροντίσι
3556 2004 3711 2079 βαδί-

426 2091 753 2147 horreamus
793 2091 882 2148 vel
915 2090 1381 2159 condemnemus,
1429 2106 1571 2163 quos
1612 2106 1779 2148 casus
1817 2091 2018 2163 aliquis

2119 2090 2257 2158 ζειν.
2284 2088 2423 2146 ἀλλὰ
2442 2088 2741 2163 δυσχερῶς.
2779 2091 2935 2149 Ἐπεὶ
2958 2093 3054 2148 καὶ
3077 2094 3130 2148 ei
3168 2093 3363 2168 σίδηρα
3387 2097 3709 2172 περικείμε-

425 2183 511 2242 vel
540 2186 839 2241 necessitas
872 2182 1102 2241 forsitan
1127 2184 1410 2255 compulit,
1450 2184 1529 2240 uti
1560 2184 1726 2241 rebus
1753 2182 2012 2242 humanis

2119 2200 2204 2238 νοι
2227 2183 2289 2237 ιν
2303 2184 2419 2248 τοις
2440 2183 2601 2238 ποσὶν
2625 2182 2890 2248 πολλάκις
2915 2182 3239 2255 βαδίζουσιν.
3279 2185 3443 2243 Ἀλλὰ
3465 2186 3709 2263 συνεχῶς

425 2274 825 2331 renuntiarent.
883 2272 1185 2330 Observavi
1216 2273 1365 2330 enim
1396 2272 1666 2345 quosdam
1706 2271 2012 2345 refugitan-

2119 2276 2542 2348 προσκόπτουσι,
2578 2279 2673 2331 καὶ
2696 2274 2989 2350 τραῦματα
3026 2279 3092 2332 ἑκ
3122 2275 3313 2333 τούτου
3341 2278 3608 2352 δέχονται.
3644 2282 3707 2340 '0

424 2376 510 2424 tes
531 2407 550 2434 ,
581 2383 707 2423 cum
742 2367 1060 2439 imperatori
1109 2380 1219 2423 non
1258 2366 1365 2423 nisi
1390 2366 1569 2423 coacti
1601 2366 2007 2433 occurrissent,

2119 2369 2227 2442 γάρ
2246 2369 2463 2439 ἄγαμος
2491 2369 2550 2424 ιν
2568 2367 2647 2440 τῷ
2676 2369 2867 2440 κόσμει»
2896 2368 3079 2440 μόνοις
3106 2371 3221 2435 τοῖς
3245 2371 3537 2443 πράγμασι
3560 2371 3707 2430 εοεαε

423 2461 644 2516 tandem
670 2460 793 2530 ejus
822 2474 883 2516 se
906 2458 1171 2532 obsequio
1192 2457 1397 2516 invitos
1427 2457 1727 2525 addixisse,
1755 2473 1881 2514 cum
1912 2472 2010 2513 eo-

2119 2460 2301 2531 μίνος,
2335 2458 2416 2531 τῷ
2440 2462 2501 2514 ιν
2531 2461 2691 2534 χερσὶ
2724 2460 2793 2515 τὰ
2829 2460 2982 2516 ελοιὰ
3010 2464 3384 2536 περικειμένῳ
3428 2464 3576 2521 ιοικε
3601 2464 3706 2540 (διδ

420 2565 533 2621 que
570 2551 628 2606 in
661 2551 867 2624 regiam
900 2551 1183 2623 ingressos
1208 2563 1370 2615 esse,
1398 2559 1457 2605 et
1485 2563 1612 2606 cum
1649 2547 1744 2603 illo
1775 2546 2011 2604 familia-

2119 2549 2203 2604 καὶ
2235 2549 2327 2605 δτε
2356 2548 2612 2622 βούλεται
2640 2550 2873 2622 δραμεῖν
2926 2551 3064 2622 πρθς
3107 2551 3203 2607 τδν
3230 2555 3443 2627 μονήρη
3489 2552 3606 2626 βίον
3636 2554 3701 2612 οδ

420 2642 555 2699 riter
580 2643 648 2698 ad
675 2658 919 2699 mensam
944 2641 1287 2700 accubuisse.
1329 2637 1451 2697 Vidi
1494 2648 1797 2696 sementem
1834 2654 1967 2697 casu
1986 2678 2006 2706 ,

2119 2639 2395 2716 miltiam)
2411 2659 2426 2673 ·
2450 2643 2483 2697 ὁ
2507 2640 2566 2696 δδ
2590 2646 2802 2714 γημας,
2818 2641 2903 2715 τῷ
2924 2643 2984 2699 ἰν
3004 2643 3166 2717 χερσὶ
3190 2644 3285 2700 καὶ
3312 2645 3442 2701 ποσὶ
3460 2647 3594 2713 τοὺς
3613 2646 3703 2705 δε·

421 2750 532 2789 non
572 2734 808 2791 consilio
829 2774 846 2801 ,
879 2734 936 2791 in
966 2742 1168 2790 terram
1195 2733 1542 2806 prolapsam,
1572 2732 1627 2789 iu
1666 2731 2005 2790 latissimam

2119 2734 2283 2805 εμοὺς
2319 2734 2688 2807 περικειμένῳ

421 2834 604 2884 tamen
637 2836 876 2899 segetem
907 2825 1224 2899 proiecisse.
1253 2824 1727 2908 Queuiailmodum
1768 2834 1825 2880 et
1865 2823 2006 2881 alias
2118 2825 2303 2881 notavi
2326 2840 2439 2882 non
2466 2826 2764 2893 neminem,
2791 2840 3015 2884 omnem
3036 2828 3203 2886 aliam
3231 2829 3309 2889 ob
3336 2846 3565 2892 unum
3598 2847 3704 2908 pa-

419 2920 564 2985 tius,
604 2934 769 2991 quam
794 2929 856 2974 ut
876 2926 1195 2985 curaretur;
1231 2918 1288 2974 in
1318 2907 1590 2973 ofﬁcinam
1645 2915 1912 2972 medicam
1970 2916 2318 2987 ingressum,
2348 2925 2405 2972 et
2474 2933 2509 2972 α
2558 2915 2772 2975 medico
2813 2917 3052 2989 quadam
3093 2919 3403 2979 urbanitate
3462 2907 3705 2988 circum.

420 3023 678 3078 ventum,
720 3025 773 3069 et
815 3012 885 3068 ad
932 3021 1171 3068 mentem
1213 3022 1562 3078 revocatum,
1607 3010 1841 3066 otiusam
1897 3008 2005 3064 luci
2062 3008 2354 3067 oculorqu
2401 3008 2656 3065 nebulam
2701 3009 3049 3068 abstersisse.
3115 3007 3197 3068 Ita
3239 3012 3299 3069 in
3359 3015 3551 3071 multis
3595 3032 3698 3075 usu

415 3106 604 3173 venit,
646 3106 726 3163 uti
758 3105 1001 3162 ﬁrmiora
1037 3120 1183 3177 saepe
1222 3107 1569 3177 certioraque
1610 3105 1723 3163 sint
1767 3119 1833 3161 ea
1870 3117 1993 3176 qua
2030 3100 2173 3159 forte
2209 3101 2353 3159 facta
2415 3111 2580 3170 sunt,
2620 3117 2789 3175 quam
2823 3118 2949 3174 qua
2999 3103 3236 3161 consilio
3291 3114 3350 3163 et
3399 3106 3700 3166 deliberata

415 3203 717 3258 voluntate.
780 3198 956 3257 Nemo
1024 3202 1159 3256 milii
1206 3201 1406 3257 molem
1470 3211 1527 3257 et
1564 3202 1782 3274 copiam
1839 3198 1945 3272 ιο
2012 3210 2366 3272 peccatorum
2406 3205 2672 3266 excuset,
2715 3198 2940 3271 perinde
2965 3199 3123 3271 quasi
3155 3199 3416 3275 indignus

415 3297 759 3371 professione
785 3297 1059 3367 videatur,
1082 3307 1138 3352 et
1163 3305 1386 3369 propter
1454 3299 1624 3353 animi
1663 3296 1948 3353 mollitiem
1981 3305 2038 3353 et
2071 3296 2415 3367 voluptatem
2454 3297 2698 3366 seipsum
2762 3293 3206 3367 vilipendendum
3248 3297 3567 3367 existimet,
3603 3313 3707 3357 ex-

415 3394 662 3449 cusando
698 3394 1087 3450 excusationes
1120 3394 1176 3447 in
1205 3392 1464 3462 peccatis.
1505 3388 1609 3449 Ubi
1642 3394 1790 3449 enim
1826 3393 2000 3448 multa
2034 3400 2122 3447 est
2147 3389 2365 3454 sanies,
2429 3388 2505 3445 ibi
2534 3387 2707 3445 multa
2772 3387 2968 3444 medici
2997 3402 3134 3444 cura
3159 3403 3305 3464 opus
3325 3398 3449 3458 est,
3490 3390 3569 3447 uti
3596 3405 3707 3464 pes

416 3488 778 3558 exprimatur.
812 3486 948 3543 Nam
979 3487 1285 3543 valentibus
1319 3499 1431 3541 non
1468 3494 1555 3542 est
1581 3500 1720 3557 opus
1752 3486 1987 3542 medico.
2026 3482 2260 3552 Quando
2320 3482 2577 3540 mortalis
2615 3481 2915 3553 imperator
2978 3482 3215 3552 ipsemet
3245 3495 3436 3539 coram
3472 3481 3707 3555 expedi-

417 3580 623 3638 tionem
650 3593 1008 3654 suscepturus
1033 3582 1101 3636 ad
1123 3595 1287 3637 suum
1308 3594 1415 3636 nos
1434 3578 1762 3651 obsequium
1821 3587 2037 3643 evocat,
2074 3577 2263 3634 statim
2293 3576 2364 3632 ad
2402 3590 2606 3633 nomen
2671 3574 3103 3646 respondemus,
3129 3574 3358 3648 sineque
3394 3572 3507 3633 alia
3534 3576 3705 3652 tergiv-

415 3671 765 3739 versatione,
804 3682 901 3727 aut
931 3672 1323 3738 excusatione,
1367 3676 1464 3726 aut
1506 3684 1662 3726 mora
1688 3711 1705 3737 ,
1750 3669 2012 3741 neglectis
2049 3666 2350 3734 omnibus,
2390 3665 2821 3739 promptissimis
2846 3665 3046 3723 animis
3074 3668 3297 3724 nomina
3358 3666 3540 3725 daturi
3601 3682 3703 3732 ae.

416 3768 715 3825 currimus.
746 3768 1054 3825 Caveauius
1089 3782 1251 3841 ergo,
1286 3782 1358 3825 ne
1400 3782 1581 3839 ngam
1650 3765 1824 3838 Rege,
1860 3776 1913 3823 et
1954 3765 2185 3821 Domino
2243 3763 2663 3830 dominantium,
2727 3761 2940 3835 Deque
2966 3763 3191 3822 deorum
3215 3764 3277 3835 ³,
3305 3779 3410 3825 nos
3433 3765 3505 3823 ad
3534 3766 3703 3824 ede-

416 3866 557 3914 stem
596 3858 740 3916 banc
769 3860 1040 3929 religiosae
1066 3859 1369 3930 disciplinae
1397 3859 1652 3915 militiam
1681 3859 1908 3923 citante,
1930 3871 1997 3912 ex
2040 3856 2237 3913 inertia
2271 3864 2329 3912 et
2391 3855 2647 3912 vecordia
2704 3854 2856 3912 illam
2880 3854 3252 3915 detrectemus
3274 3897 3294 3925 ,
3332 3855 3580 3928 olimque
3625 3849 3698 3910 all

421 3968 745 4026 supremum
781 3954 987 4026 iudicis
1042 3954 1281 4009 tribunal
1323 3953 1588 4019 adducti,
1630 3955 1708 4008 rei
1753 3952 2137 4024 indeieusique
2169 3948 2664 4019 deprehendamur.
2705 3946 2826 4006 Non
2882 3949 3030 4009 imus
3079 3947 3300 4007 inﬁcias
3354 3947 3478 4006 ﬁeri
3518 3957 3685 4018 posse

414 4051 499 4109 uti
539 4067 724 4108 rerum
768 4053 1136 4107 humanarum
1178 4048 1362 4117 curis,
1408 4060 1669 4122 tanquam
1713 4050 1903 4117 ferro,
1956 4058 2013 4106 et
2047 4047 2409 4119 compedibus
2468 4055 2704 4103 onustus
2748 4042 3157 4120 impeditosque
3196 4047 3417 4105 incedat
3482 4054 3694 4128 tamen.

415 4146 513 4203 sed
536 4159 701 4218 agre.
743 4141 880 4199 Nam
908 4153 967 4200 et
993 4144 1199 4214 pedicis
1228 4144 1449 4209 innexi,
1492 4143 1781 4199 ambulant
1849 4149 2030 4199 tamen
2052 4181 2069 4209 ,
2107 4140 2210 4197 etsi
2256 4147 2522 4213 perpetuo
2556 4137 2861 4206 olendant,
2895 4140 3133 4212 indeque
3170 4138 3549 4197 vulnerentur.
3586 4135 3696 4209 Qui

412 4240 611 4299 αισι»
637 4240 778 4296 inter
800 4240 1015 4311 negotia
1047 4248 1228 4295 tamen
1289 4244 1544 4295 versatur
1563 4278 1581 4305 ,
1616 4238 1916 4311 persimilis
1978 4244 2067 4294 est
2102 4236 2207 4305 illi,
2236 4236 2333 4309 qui
2368 4236 2579 4293 vinctas
2604 4234 2877 4292 duntaxat
2904 4250 3102 4293 manus
3137 4235 3338 4302 liabet,
3359 4250 3539 4309 eoque
3562 4250 3691 4293 cum

412 4333 598 4403 lubet,
642 4342 824 4407 potest
857 4334 1145 4404 expeditus
1190 4330 1259 4387 ad
1303 4329 1651 4401 tranquillam
1694 4328 1979 4403 religionis
2022 4328 2217 4396 vitam,
2277 4339 2593 4384 excurrere.
2644 4322 2996 4383 Iatrimonio
3011 4324 3426 4399 veroiliigatns,
3449 4324 3691 4384 manicis

413 4428 735 4501 pedicisque
762 4425 991 4483 astricto
1018 4424 1214 4481 similis
1243 4433 1349 4480 est.

484 4521 731 4591 Rogatus
774 4534 806 4575 a
849 4518 1179 4589 quibusdam
1217 4516 1364 4572 inter
1408 4512 1699 4586 strepitum
1742 4528 2003 4571 curarum
2033 4517 2078 4578 c

412 4610 751 4683 negligenter
789 4609 845 4664 in
878 4609 1084 4665 saeculo
1122 4606 1431 4663 viventibus
1460 4604 1949 4674 dictitantibusque
1980 4623 1996 4661 :

414 4704 533 4773 Qua
577 4704 661 4758 tia
702 4717 843 4768 nos,
878 4702 973 4772 qui
1022 4700 1289 4757 uxoribus
1347 4699 1569 4755 obnoxii
1616 4698 1853 4764 publicis
1909 4713 1999 4753 re-

2181 4504 2298 4581 (ει)
2330 4504 2584 4562 Ἤκουσᾶ
2610 4522 2774 4563 τινων
2814 4508 2874 4561 ὲν
2919 4506 3112 4580 κόσμῳ
3155 4506 3373 4580 δμελῶς
3408 4508 3691 4583 διακειμέ-

2100 4616 2229 4666 νων,
2252 4599 2553 4673 είρηκότων
2585 4600 2723 4672 πρός
2748 4615 2841 4673 με·
2865 4600 2991 4667 Πῶς
3017 4601 3293 4676 δυνάμεθα
3316 4604 3571 4676 ὁμοζύγῳ
3594 4619 3689 4660 σν-

2101 4691 2326 4759 ζῶντες,
2373 4689 2470 4745 καὶ
2522 4688 2812 4764 δημοσίαις
2869 4695 3120 4769 φροντίσι
3172 4696 3549 4767 περικείμενοι
3593 4697 3689 4756 τὸν

414 4812 539 4853 rum
568 4795 669 4869 ιι
698 4795 849 4850 curis
890 4793 1241 4861 distinemur,
1273 4805 1568 4863 possumus
1594 4789 1664 4846 ad
1693 4790 1998 4847 solitariam

413 4889 579 4944 vitam
605 4891 847 4957 aspirare
867 4885 891 4941 ί

485 4981 855 5047 ριιιιιριιειιιυο.
888 4975 1148 5046 inquam,
1203 4972 1345 5028 bona
1387 4988 1441 5026 In
1491 4981 1674 5026 vestra
1730 4975 2001 5040 potestate

414 5078 545 5128 sunt
578 5080 635 5123 ut
665 5068 860 5138 agatis,
907 5081 1066 5138 agere
1118 5063 1409 5133 facemque
1456 5078 1521 5117 ne
1571 5061 1999 5133 praetermittite;

412 5161 686 5217 abstinete
722 5175 818 5214 vos
848 5173 879 5212 a
913 5158 1220 5217 mendacio.
1256 5156 1529 5210 neminem
1581 5168 1690 5223 prte
1718 5153 1874 5210 vobis
1906 5168 2002 5223 per

413 5256 582 5311 animi
610 5254 898 5309 elationem
929 5250 1309 5317 contemnite;
1353 5248 1625 5303 neminem
1681 5246 1808 5301 odio
1858 5246 2002 5302 inse-

412 5346 675 5410 ctamiui;
710 5358 743 5398 a
790 5352 937 5398 cmtu
984 5336 1230 5396 ecclesia:
1282 5352 1357 5393 ne
1412 5354 1510 5393 vos
1570 5338 1881 5409 alijuugite;
1945 5338 2001 5392 in

412 5448 634 5511 egentes
664 5436 905 5508 benigni,
946 5434 1158 5491 nullum
1187 5433 1313 5489 vitae
1345 5447 1525 5503 pravae
1547 5433 1800 5503 exemplo
1828 5431 2001 5486 θηρη-

411 5533 566 5599 dite;
600 5530 669 5586 ab
696 5530 873 5585 alieno
900 5530 1039 5584 lecto
1060 5528 1359 5593 abstinete;
1386 5526 1524 5581 intra
1550 5527 1671 5596 jura
1702 5527 1806 5580 tori
1830 5524 1993 5580 vestri

494 5645 515 5679 ⁸
544 5644 562 5706 i
592 5644 839 5704 Timo'h.
874 5660 950 5705 γι.
996 5643 1078 5698 l5.

2103 4781 2390 4855 μοναδικδν
2450 4780 2569 4855 βίον
2632 4781 2949 4855 μετελθεῖν,
3015 4783 3162 4858 Πρδς
3223 4784 3320 4851 οὓς
3376 4788 3687 4864 ἀπεκρίθη-

2102 4890 2225 4947 μεν.

2170 4966 2285 5037 (22)
2313 4967 2499 5023 Πάντα
2536 4968 2640 5024 δσα
2668 4967 2901 5025 δύνασθε
2941 4968 3119 5027 ποιεῖν
3159 4971 3364 5041 ἀγαθὰ,
3397 4976 3687 5048 ποιήσατεθ

2104 5058 2309 5130 μηδένα
2342 5058 2717 5133 λοιδορήσητεο
2755 5060 2965 5137 μηδένα
3006 5063 3265 5137 κλὲψητεο
3315 5066 3511 5139 μηδενὶ
3548 5067 3687 5139 ψεύ-

2105 5152 2295 5224 σησθε·
2334 5154 2565 5224 μηδενὸς
2586 5155 2967 5229 κατεπερθῆτε
2994 5157 3444 5235 [κατεπαρθῆτε]·
3482 5163 3686 5234 μηδένα

2104 5247 2397 5318 μισήσητε·
2436 5245 2547 5301 τῶν
2570 5247 2845 5315 συνάξεων
2884 5251 2962 5322 μὴ
2997 5250 3324 5323 χωρίζησθεθ
3353 5255 3467 5318 τοῖς
3493 5253 3689 5325 δεομέ-

2103 5355 2213 5403 νοις
2263 5340 2680 5412 συμπαθήσατε·
2723 5341 2927 5413 μηδένα
2969 5342 3379 5415 σκανδαλξσητε·
3427 5344 3686 5419 ἀλλοτρία

2108 5430 2284 5505 μερίδι
2315 5432 2391 5504 μὴ
2421 5436 2843 5506 προσεγγίσητεν
2875 5435 2967 5488 καί
2988 5435 3246 5508 ἀρκεῖσθε
3278 5439 3391 5501 τοῖς
3428 5436 3683 5508 ὀψωνίοις

2103 5523 2214 5578 τῶν
2232 5524 2504 5595 γυναικῶν
2526 5527 2697 5599 ὑμῶν.
2736 5529 2859 5584 Ἐὰν
2880 5529 3051 5593 οὕτως
3078 5530 3359 5600 ποιήσητε,
3378 5530 3441 5585 οὐ
3464 5530 3689 5606 μακρὰν
