4094 6192
388 314 494 386 685
1423 323 1653 383 SCALA
1684 321 1968 381 ranam:

2089 347 2157 358 ·-
2187 321 2335 382 GiiA
2347 323 2491 383 DUS
2526 324 2614 382 IV.
3530 329 3633 391 (Εὖ

396 444 689 502 pastorem,
719 440 768 486 et
796 449 1014 505 gregem
1044 449 1230 491 coram
1255 433 1518 503 spectavi,
1586 448 1823 506 quorum
1880 436 2038 490 vobis
2075 437 2369 492 maximam
2400 446 2605 505 partem
2644 438 2883 490 eonalzor
2913 451 3187 498 enarrare,
3243 446 3479 492 umralus
3513 457 3632 493 sitan

394 523 538 577 enim
568 523 710 593 apud
755 523 905 579 illum
954 543 1064 582 non
1111 525 1260 580 brevi
1284 531 1548 593 tempore,
1579 539 1690 593 quo
1711 524 1957 579 omnium
2001 525 2216 580 illorum
2283 530 2472 591 vitam,
2539 543 2717 581 mores
2748 538 2799 581 ιιι
2834 536 3033 581 statum
3066 527 3404 598 investigari.
3442 538 3496 584 et
3530 548 3636 600 pra!

388 614 748 671 admiratione
777 630 942 687 prope
970 616 1027 671 in
1095 627 1373 686 stuporem
1436 616 1599 672 datus
1638 630 1783 682 sum,
1814 619 2035 688 quando
2076 618 2182 673 vidi
2216 633 2326 689 quo
2360 632 2518 688 pacto
2576 620 2827 674 mortales
2870 620 2935 674 ad
2975 618 3361 674 immortalium
3396 623 3635 675 caelitum

389 713 557 767 vitam
586 719 640 766 et
668 709 1056 780 perfectionem
1090 713 1442 767 eniterentur.

456 803 565 859 Ἷιν
603 807 700 876 μὲν
747 802 841 861 οὖν
885 807 1072 878 ἀγάπη
1108 810 1238 880 παρ’
1281 809 1458 870 αὑτοῖ,
1501 809 1700 880 δεσμὸς
1733 811 1961 875 ἄλυτιςο

2139 806 2271 864 Erat
2303 824 2434 879 ergo
2463 811 2606 879 apud
2639 810 2759 864 illos
2785 810 3062 865 viut'ttlttm
3093 810 3376 866 cliaritatis
3401 810 3638 866 indisso-

390 900 482 951 καὶ
511 900 571 951 τὸ
597 898 660 965 δὴ
691 897 1148 970 θαυμαστότερον,
1183 900 1362 970 πάσης
1399 903 1707 973 πτρῥησίας
1738 904 1833 956 καὶ
1863 906 1967 973 ἀρ·

389 991 641 1062 γολογίας
693 992 1111 1062 ἀπηλλαγμένη.
1169 993 1409 1046 Ἤσκουν
1472 993 1529 1049 δὲ
1590 996 1696 1066 πρὸ
1751 998 1968 1050 πάντων

390 1082 567 1149 τοῦτο,
605 1085 664 1137 τὸ
701 1085 775 1155 μὴ
808 1085 1005 1155 πλῆξαι
1036 1084 1267 1153 ἀδελφοῦ
1295 1086 1396 1158 τὴν
1429 1088 1732 1158 συνείδησιν
1760 1084 1818 1141 ἔν
1839 1106 1965 1142 τινι.

390 1178 454 1231 Et
482 1177 539 1230 δέ
579 1194 682 1229 που
716 1176 886 1247 ἐφάνη
919 1193 1004 1238 τις
1032 1177 1378 1247 μισάλληλος,
1415 1177 1596 1231 τοῦτον
1626 1179 1653 1230 ὁ
1683 1180 1889 1249 ποιμὴν
1912 1181 1970 1231 ἐν

390 1268 470 1340 τῷ
501 1268 836 1339 ἁφοριστικῷ
862 1268 1205 1338 μοναστηρίῳ
1233 1268 1308 1331 ὡς
1338 1268 1667 1340 κατάκριτον
1689 1269 1966 1342 ἐξὼριςεν.

392 1361 527 1416 Ποτὲ
557 1359 611 1411 δέ
656 1377 803 1423 τινος
855 1360 964 1414 τῶν
1007 1359 1272 1428 ἀδελφῶν,
1329 1360 1465 1433 πρὸς
1501 1361 1665 1415 αὑτὸν
1705 1363 1797 1415 τὸν
1831 1363 1969 1433 πλη-

393 1454 507 1506 σίον
533 1452 646 1523 (25)
673 1452 1106 1523 λοιδορήσαντος,
1141 1454 1455 1525 παραυτίκα
1485 1454 1777 1526 διωχθῆναι
1810 1455 1972 1507 αὑτὸν

390 1548 421 1600 δ
475 1545 731 1609 πανόσιος
783 1545 1103 1615 προσέταξε,
1151 1543 1325 1613 λέγων
1376 1544 1451 1616 μὴ
1495 1549 1795 1617 συγχωρεῖν
1833 1544 1971 1601 εἶναι

391 1643 452 1693 ἐν
482 1641 549 1710 τῇ
575 1641 709 1710 μονῇ
753 1638 966 1707 ὁρατὸν,
1002 1632 1094 1690 καὶ
1120 1635 1353 1707 ἀόρατον
1383 1636 1648 1692 διάϐολον.
1682 1634 1835 1692 Εἶδον
1861 1639 1973 1708 ἐγὼ

391 1731 546 1801 παρὰ
580 1733 692 1793 τοῖς
721 1730 888 1792 ὁσίοις
928 1730 1158 1791 ἐκείνοις
1192 1728 1513 1802 ὀνησιφόρα,
1546 1728 1642 1783 καὶ
1666 1730 1973 1799 άξιάγαστα

388 1824 557 1886 ὅντως
602 1825 906 1894 πράγματα
925 1838 941 1854 ⁸
978 1820 1316 1891 άδελφότητά
1346 1837 1405 1874 τε
1436 1823 1578 1874 κατά
1607 1822 1813 1891 Κύριον
1844 1838 1973 1890 συγ-

391 1915 789 1987 γεγενημένην,
836 1915 929 1968 καὶ
974 1913 1380 1984 συνδεδεμένην,
1409 1913 1731 1987 θαυμαστὴν
1770 1931 1969 1985 κεκτη.

396 2010 586 2080 μένην,
639 2007 734 2062 καὶ
766 2006 866 2073 τὴν
902 2005 1182 2078 ἐργασίαν,
1222 2005 1317 2058 καὶ
1358 2004 1457 2077 τὴν
1486 2005 1740 2077 θεωρίαν.
1786 2006 1973 2070 Οὕτως

391 2104 501 2174 γάρ
550 2102 774 2163 ἑαυτοὺς
827 2100 942 2161 τοῖς
972 2097 1136 2161 θείοις
1181 2096 1477 2170 ὲξὲτριδον,
1531 2100 1624 2153 καὶ
1669 2099 1972 2171 ἐγύμναζον

392 2170 837 2262 κατορθώμασιν,
871 2188 947 2252 ὡς
998 2189 1073 2261 μὴ
1104 2187 1310 2241 δεῖσθαι
1349 2189 1535 2259 σχεδὸν
1578 2189 1679 2260 τῆς
1710 2170 1804 2245 τοῦ
1842 2209 1973 2263 προσ
2006 2170 2048 2223 Β

392 2283 685 2354 εστηκότος
715 2282 1093 2352 ὑπομνήσεως*
1109 2281 1226 2336 ἀλλ’
1244 2281 1546 2352 ίδιαιρὲτως
1564 2280 1825 2352 ἀλλήλους
1839 2281 1974 2351 πρὸς

392 2367 491 2443 τὴν
519 2373 671 2425 Θείαν
719 2369 1022 2434 διυπνίζειν
1068 2372 1414 2443 ἐγρήγορσιν.
1465 2368 1575 2425 Ἦν
1622 2371 1732 2444 γὰρ
1786 2373 1970 2435 αὑτοίς

389 2463 676 2537 ὡρισμένα
699 2480 783 2531 τε,
829 2462 922 2517 καὶ
957 2462 1394 2535 μεμελετημένα,
1436 2463 1533 2518 καὶ
1577 2468 1973 2536 πεπαγιωμὲνα

390 2551 518 2604 ὅσιά
546 2567 690 2616 τινα,
732 2549 825 2606 καὶ
855 2550 974 2604 θεῖα
1002 2551 1391 2622 γυμνάσματα.
1439 2552 1503 2607 Ei
1537 2551 1680 2620 εδοξε
1714 2556 1822 2625 γάρ
1853 2572 1973 2609 τινα

391 2643 571 2696 αὐτῶν
610 2660 741 2699 ποτε
781 2641 879 2697 τοῦ
909 2642 1250 2715 προεστῶτος
1283 2644 1358 2714 μὴ
1395 2645 1660 2717 παρόντος
1688 2646 1972 2720 λοιδορίας,

394 2736 429 2807 ἢ
461 2737 863 2809 κατακρίσεως,
914 2734 947 2806 ἢ
994 2735 1129 2800 ὅλως
1170 2735 1496 2806 άργολογίας
1529 2735 1812 2806 ἄρξασθαι,
1856 2742 1974 2795 νεύ-

397 2844 528 2898 ματι
556 2828 720 2882 αὑτὸν
755 2826 1049 2896 ἀγνώστοις
1087 2827 1313 2897 ἀδελφός
1342 2845 1426 2892 τις
1454 2827 1639 2902 ἔτερος
1668 2831 1979 2904 ὑπομιμνή-

396 2934 543 2972 σκων
589 2919 888 2989 λεληθότως
930 2919 1259 2974 κατέπαυεν.
1306 2921 1369 2975 El
1413 2920 1470 2973 δὲ
1514 2923 1610 2976 καὶ
1648 2923 1748 2977 οὑκ
1785 2924 1981 2996 ᾔσθετο

395 3012 546 3079 ῐσως,
582 3013 761 3085 βαλὼν
787 3015 976 3070 λοιπὸν
1020 3017 1302 3087 μετάνοιαν
1355 3018 1383 3068 ὁ
1432 3017 1742 3089 ὑπομνήσας
1770 3020 1974 3092 ἀνεχώ-

395 3122 504 3178 ρει.
535 3104 645 3162 Ἦν
671 3107 728 3162 δὲ
753 3109 935 3173 αὐτοῖς
960 3108 1192 3178 άληκτος
1221 3110 1288 3176 (εί
1308 3108 1479 3162 δέοιτο
1508 3110 1860 3181 φθέγξασθαι)
1880 3115 1972 3169 καὶ

392 3194 669 3264 ἄπαυστος
703 3201 984 3263 συλλαλιὰ,
1021 3203 1056 3271 ἡ
1096 3200 1190 3254 τοῦ
1225 3199 1455 3254 θανάτου
1503 3202 1829 3274 ἀνάμνησις,
1878 3206 1970 3260 καὶ

395 3292 629 3360 κρίσεως
659 3292 880 3349 αἰωνίου
911 3291 1105 3347 ἔννοια.

2071 899 2258 965 lubile,
2291 907 2346 954 et
2376 901 2521 970 quod
2559 900 2731 969 magis
2761 899 3048 955 admireris
3083 909 3349 955 remotum
3392 902 3459 955 ab
3488 903 3636 955 omni

2071 990 2320 1047 libertate
2365 991 2698 1062 procacioris
2740 1000 2833 1045 aut
2884 992 3121 1046 vanioris
3185 994 3476 1046 sermonis.
3527 992 3638 1045 Ira:

2070 1087 2282 1140 ctmrtis
2311 1095 2488 1140 autem
2517 1101 2840 1156 magnopere
2857 1086 3140 1150 cavebant,
3165 1102 3233 1139 ne
3253 1088 3389 1140 alter
3413 1086 3639 1139 alterius

2069 1178 2460 1232 conscientiam
2496 1178 2824 1238 vulneraret.
2852 1176 2963 1248 48
2995 1183 3087 1230 aut
3118 1178 3224 1231 ulla
3258 1178 3309 1229 in
3344 1197 3398 1228 re
3433 1179 3639 1246 ιιοιιιει-

2074 1272 2225 1324 leret.
2259 1270 2409 1336 Quod
2444 1271 2486 1323 si
2513 1268 2637 1339 quis
2663 1283 2727 1323 ex
2759 1270 2849 1323 illo
2872 1270 3231 1324 contubernio
3254 1271 3486 1324 alioruru
3514 1288 3641 1324 «ison-

2072 1362 2591 1430 deprehenderetur,
2630 1361 2775 1415 hunc
2822 1374 2950 1414 vero
2988 1370 3172 1429 pastor
3217 1361 3304 1413 ille
3358 1361 3409 1413 in
3460 1361 3641 1430 sc‘juu—

2072 1462 2218 1506 rtum
2253 1453 2321 1505 ab
2343 1453 2465 1507 aliis
2495 1453 2827 1514 emnobtum,
2854 1461 3113 1521 tanquam
3139 1467 3286 1504 reum
3312 1452 3365 1505 in
3391 1454 3641 1507 exsilium

2075 1547 2422 1600 amendabat.
2455 1544 2805 1600 Com‘ieiatus
2831 1555 2946 1599 erat
2979 1545 3106 1599 olim
3142 1546 3277 1599 alter
3312 1548 3486 1607 alteri,
3517 1564 3639 1598 ('llltl

2072 1641 2346 1710 extemplo
2364 1640 2741 1696 sanctissimus
2759 1638 2845 1691 ille
2861 1652 3059 1707 praeses
3083 1638 3502 1691 conviciatomn
3519 1639 3639 1707 (‘jlt‘l

2074 1734 2351 1803 praecepit,
2398 1732 2540 1801 quod
2597 1742 2818 1801 negaret
2860 1746 2958 1799 par
3007 1746 3129 1786 esse
3181 1741 3238 1783 ut
3291 1733 3342 1784 iu
3391 1731 3641 1783 cmnoliio

2075 1826 2276 1896 gemini
2309 1827 2419 1880 sint
2448 1826 2742 1890 daemones,
2775 1808 3087 1892 spectabilis
3116 1822 3271 1885 alter,
3314 1831 3368 1878 et
3396 1827 3529 1875 alter
3560 1824 3642 1875 in~

2074 1914 2400 1984 aspectablis
2429 1914 2555 1982 (hoc
2593 1919 2676 1967 cst
2714 1913 2848 1966 alter
2878 1912 3146 1975 diabolus,
3201 1923 3255 1964 et
3301 1912 3433 1964 alter
3482 1918 3642 1963 ltmtm

2075 2006 2271 2061 similis
2301 2005 2563 2071 diabolo).
2598 2002 2848 2074 Spectavi
2871 2018 2970 2070 ego
2992 2003 3132 2072 apud
3166 2002 3285 2057 illos
3312 2005 3643 2056 venerandos

2075 2097 2265 2153 Patres
2289 2113 2412 2152 cum
2447 2097 2619 2156 utilia,
2651 2105 2763 2149 tum
2797 2109 2979 2147 revera
3016 2095 3357 2159 admiranda,
3386 2094 3645 2148 sodalita-

2078 2198 2208 2254 tem,
2242 2187 2485 2257 inquam,
2522 2202 2586 2241 et
2616 2196 2794 2241 mente
2819 2187 3000 2242 divina
3019 2186 3320 2248 collectam,
3343 2198 3397 2239 et
3425 2187 3563 2239 inter
3588 2202 3647 2240 se

2079 2281 2363 2337 eharitatis
2400 2295 2543 2332 nexu
2576 2277 2878 2332 devinctam
2912 2295 3064 2341 sane,
3104 2280 3250 2347 (μιοά
3286 2279 3444 2333 simul
3476 2279 3645 2332 admi-

2078 2373 2305 2427 randam
2333 2383 2385 2426 et
2408 2372 2676 2426 actionem
2703 2381 2755 2425 et
2783 2371 3293 2440 contemplationem
3323 2371 3646 2439 (τοιιψιι-ιιιρ-

2077 2473 2245 2520 retur.
2290 2464 2442 2539 Adeo
2490 2463 2633 2520 enim
2697 2480 2755 2519 se
2820 2479 3001 2517 rerum
3067 2463 3374 2517 divinarum
3450 2464 3645 2517 studiis

2077 2556 2372 2623 dedebant,
2410 2555 2867 2626 exercebantque,
2911 2556 2986 2609 uti
3020 2556 3219 2609 nullius
3260 2557 3368 2609 lere
3404 2557 3643 2625 magistri

2075 2647 2446 2705 admonitione
2484 2647 2806 2719 indigerent,
2857 2647 2950 2701 sed
2994 2648 3093 2716 ipsi
3146 2650 3283 2700 inter
3326 2664 3383 2703 se
3428 2649 3493 2701 ad
3543 2648 3644 2701 vir-

2076 2750 2243 2797 tutem
2271 2751 2323 2796 et
2352 2742 2690 2796 alacritatem
2722 2741 3013 2810 quamdam
3060 2740 3299 2793 divinam
3341 2741 3472 2794 satis
3514 2743 3645 2795 alter

2075 2836 2307 2890 alterunt
2335 2836 2614 2892 excitaret.
2648 2832 2817 2888 Erant
2848 2835 2991 2887 enim
3036 2832 3143 2886 illis
3178 2843 3336 2886 certae
3375 2836 3642 2903 quantum,

2077 2944 2142 2984 ac
2177 2929 2411 2984 deﬁnita:
2454 2929 2833 2996 meditanteque
2864 2936 2917 2980 et
2957 2926 3075 2980 lixae
3104 2925 3408 2980 divinarum
3436 2930 3645 2982 exerci-

2081 3020 2344 3075 tationum
2363 3019 2666 3088 leges.Nam
2688 3036 2832 3084 eum,
2855 3021 3078 3074 absente
3095 3022 3643 3091 antistite,quispiam

2078 3113 2161 3167 vel
2190 3113 2498 3180 calumniis,
2541 3116 2622 3167 vel
2654 3113 2924 3167 temerarii
2970 3113 3185 3181 judicii,
3222 3117 3303 3168 vel
3336 3116 3496 3169 otiosi
3530 3131 3643 3169 ser-

2079 3206 2259 3262 monis
2297 3213 2490 3261 nuetor
2518 3216 2679 3268 esset,
2714 3206 2858 3260 hunc
2904 3206 3182 3274 proximus
3223 3210 3431 3261 occulta
3483 3220 3643 3260 ltlllllS

2079 3299 2478 3368 signiﬁcatione
2512 3299 2649 3352 clam
2676 3298 2744 3352 de
2777 3298 2950 3353 ollieio
2979 3298 3325 3363 admonebat,
3379 3304 3612 3370 reprime

396 3387 615 3458 batque.
644 3386 800 3454 Quod
826 3387 870 3443 si
895 3388 1145 3445 monitus
1183 3403 1292 3444 non
1331 3390 1533 3445 sentire
1576 3392 1655 3447 vel
1693 3393 1973 3456 advertere
2013 3393 2307 3456 videretur,
2341 3402 2454 3447 tum
2486 3392 2744 3456 monitor,
2783 3402 3055 3462 prostrato
3100 3403 3225 3447 ante
3265 3393 3414 3447 illum
3442 3395 3494 3449 in
3528 3412 3642 3466 pa:-

395 3484 621 3539 niteutis
666 3483 888 3539 modum
938 3498 1189 3553 corpore,
1228 3485 1535 3540 recedebat.
1570 3485 1697 3542 Erat
1764 3489 1872 3545 illis
1930 3488 2074 3555 (cum
2114 3487 2445 3559 loquendum
2493 3487 2670 3559 esset)
2718 3489 3102 3544 sermocinatio
3149 3489 3368 3543 assidua
3424 3504 3476 3543 et
3520 3509 3641 3561 per-

395 3592 560 3652 petua
597 3580 664 3635 de
695 3578 878 3634 futura
908 3590 1104 3645 morte,
1155 3580 1330 3650 deque
1364 3579 1558 3648 judicii
1585 3584 1816 3639 extremi
1844 3584 2214 3641 meditatione.

470 3678 547 3730 οὐ
594 3677 860 3747 σιωπήσω
900 3677 1029 3746 ὑμῖν
1059 3677 1265 3747 φράσαι
1304 3675 1398 3730 τοῦ
1427 3678 1680 3747 ὀψοποιοῦ
1720 3678 1830 3733 τῶν
1869 3681 1967 3733 αύ-

2141 3677 2260 3734 Νοιι
2295 3696 2515 3749 possum
2548 3680 2634 3737 liic
2658 3681 2835 3736 facere
2861 3680 2990 3750 quin
3048 3682 3199 3738 vobis
3249 3701 3512 3755 exponam
3534 3688 3644 3760 49

393 3768 512 3823 τόθι
534 3769 599 3822 τὸ
625 3767 1051 3838 παραδοξότατον
1077 3769 1428 3841 κατόρθωμα.
1467 3771 1640 3843 Ὀρῶν
1670 3773 1778 3844 γὰρ
1803 3774 1966 3827 αὑτὸν

394 3862 620 3916 άένναον
652 3861 711 3914 ὲν
732 3862 797 3932 τῇ
827 3860 1069 3932 διακονίᾳ
1100 3864 1434 3931 κεκτημένον
1464 3863 1563 3932 τὴν
1586 3864 1850 3930 σύννοιαν,
1874 3867 1968 3919 καὶ

393 3954 455 4006 τὸ
471 3953 725 4024 δάκρυον,
755 3949 991 4004 ἱκέτευον
1016 3952 1333 4019 ὲπαγγεῖλαί
1359 3971 1468 4021 μοι,
1494 3955 1655 4007 πόθεν
1674 3956 1773 4025 τῆς
1791 3956 1968 4010 τοιαύο

395 4057 495 4109 της
538 4040 762 4110 χάριτος
800 4035 1028 4106 ἠξιώθη.
1073 4039 1132 4091 '0
1156 4041 1213 4091 δὲ
1245 4038 1487 4109 βιασθεὶς
1518 4042 1650 4113 παρ’
1680 4041 1814 4111 ἐμοῦ
1855 4043 1963 4096 άπ-

396 4132 681 4202 εκρίνατο·
721 4129 1008 4191 Οὐδέποτε,
1048 4130 1234 4201 φησὶν,
1264 4129 1570 4202 ἀνθρώποις
1601 4150 1669 4203 με
1696 4133 1965 4189 δουλεύειν

394 4223 704 4295 ἐννενόηκά,
734 4221 887 4278 ἀλλὰ
913 4220 992 4291 τῷ
1018 4220 1140 4290 Θεῷ
1169 4236 1183 4250 ⁸
1234 4222 1330 4279 καὶ
1378 4223 1478 4293 τῆς
1520 4224 1749 4295 ἡσυχίας
1783 4226 1962 4297 πάσης

394 4315 611 4380 ἀνάξιον
641 4313 833 4367 ἑαυτὸν
877 4313 1264 4377 καταδικάσας,
1309 4314 1479 4386 αὐτὴν
1516 4315 1615 4386 τὴν
1665 4317 1758 4370 τοῦ
1794 4319 1964 4389 πυρὸς

394 4411 521 4466 θέαν
573 4410 872 4479 ὑπόμνησιν
920 4408 1020 4476 τῆς
1075 4406 1371 4479 μελλούσης
1415 4409 1611 4479 φλογὸς
1634 4408 1723 4464 διὰ
1765 4414 1963 4475 παντὸς

393 4502 684 4572 κέκτημαι,
742 4500 935 4554 ’Δλλου
1004 4499 1306 4569 παραδόξου
1363 4500 1542 4554 αὐτῶν
1606 4502 1965 4573 ἀκουσώμευα

393 4594 836 4666 κατορθώματος.
885 4592 993 4647 Καὶ
1032 4592 1140 4663 γὰρ
1191 4592 1312 4645 οὐδὲ
1358 4595 1444 4645 ἐπ’
1479 4592 1647 4665 αὐτῆς
1686 4596 1784 4666 τῆς
1830 4614 1962 4668 τρα-

393 4687 697 4757 πέζης,τῆς
724 4689 913 4757 νοερᾶς
935 4686 1193 4756 ἐργασίας
1224 4685 1504 4741 ἐπαύοντο.
1533 4688 1964 4762 Σεσημειωμένῳ

391 4775 446 4829 δὲ
475 4774 594 4845 ἧίρει
624 4772 1039 4846 τινὶάγνὼστῳ,
1087 4779 1179 4828 καὶ
1223 4774 1449 4846 νεύματι
1487 4777 1583 4847 τῆς
1615 4779 1756 4832 κατὰ
1787 4779 1963 4851 ψυχὴν

392 4866 617 4930 ἑαυτοὺς
647 4866 953 4939 προσευχῆς
983 4866 1396 4938 ὑπεμίμνησκον
1428 4870 1476 4921 οἱ
1509 4872 1766 4942 μακάριοι
1796 4889 1808 4900 ·
1863 4875 1962 4927 οὐκ

391 4961 449 5013 ἐν
476 4961 544 5032 τῇ
578 4959 818 5032 τραπέζῃ
860 4959 918 5017 δὲ
950 4959 1106 5013 τοῦτο
1132 4960 1410 5023 ποιοῦντες
1453 4962 1612 5032 μόνον
1659 4965 1957 5034 ἐφαίνοντο,

2069 3770 2188 3825 coci
2239 3770 2385 3825 illius
2444 3771 2545 3824 loci
2600 3769 2937 3825 rarissimam
2995 3780 3046 3825 et
3105 3773 3263 3843 plane
3314 3778 3640 3845 singularem

2070 3862 2344 3916 virtutem.
2370 3861 2504 3914 Nam
2538 3877 2661 3915 cum
2696 3859 2749 3914 in
2798 3862 2993 3916 culinze
3037 3865 3341 3919 ministerio
3382 3878 3641 3937 perpetuo

2066 3939 2387 4021 oceupatum
2405 3950 2662 4018 viderem,
2680 3964 2732 4006 et
2755 3953 2856 4007 sibi
2885 3961 3061 4006 tamen
3097 3970 3307 4025 semper
3322 3973 3370 4025 p.
3388 3968 3639 4013 :esentem

2061 4045 2287 4118 jugique
2343 4046 2700 4118 lacrymarum
2755 4046 2903 4103 fonte
2956 4050 3295 4117 inundatum,
3355 4055 3536 4123 rogavi
3570 4072 3639 4110 ne

2067 4138 2201 4192 mihi
2234 4138 2443 4208 aperire
2480 4149 2815 4209 gravaretur,
2843 4156 2949 4211 qua
2980 4145 3187 4198 ratione
3224 4153 3426 4199 tantam
3458 4162 3488 4201 a
3527 4148 3634 4201 [leo

2066 4227 2291 4295 gratiam
2339 4224 2697 4293 impetrasset.
2745 4225 2980 4281 Coactus
3014 4228 3102 4282 ille
3143 4245 3258 4284 mea
3316 4232 3638 4301 importuni-

2066 4328 2175 4372 tate
2213 4320 2487 4387 respondit
2524 4339 2537 4372 -.
2570 4316 2687 4372 Non
2715 4320 2918 4374 homini
2954 4338 3210 4391 unquam,
3243 4327 3335 4379 sed
3377 4326 3482 4380 Deo
3536 4332 3640 4381 mi-

2067 4409 2298 4462 nistrare
2348 4410 2518 4472 visus,
2556 4410 2703 4462 omni
2753 4426 2857 4474 me,
2912 4410 3104 4481 inquit,
3154 4415 3332 4482 quiete
3363 4417 3638 4486 indignum

2068 4500 2362 4553 arbitratus
2408 4515 2549 4564 sum,
2580 4513 2633 4552 et
2671 4516 2766 4570 per
2791 4503 3294 4572 contemplationem
3326 4506 3467 4575 ignis
3507 4525 3640 4578 przr-

2065 4593 2234 4646 sentis
2298 4591 2570 4646 assiduam
2639 4594 2802 4650 futuri
2861 4595 3157 4650 inferorum
3238 4599 3471 4653 incendii
3529 4618 3639 4655 me-

2068 4681 2295 4734 moriam
2341 4682 2576 4737 escitare
2605 4685 2881 4740 consuevi.
2909 4685 3066 4739 Aliud
3101 4688 3292 4740 horum
3327 4690 3431 4742 no'n
3460 4691 3641 4746 minus

2066 4789 2246 4826 rarum
2282 4784 2335 4826 et
2367 4773 2682 4830 inusitatum
2721 4775 2937 4847 pietatis
2985 4780 3287 4848 exemplum
3332 4783 3637 4837 audiamus.

2059 4862 2192 4932 Nec,
2237 4867 2365 4920 dmn
2418 4866 2483 4919 ad
2531 4883 2770 4923 mensam
2803 4870 3204 4933 accumbercnt,
3249 4873 3316 4924 ab
3338 4874 3638 4928 ruzlestium

2068 4973 2245 5011 rerum
2326 4958 2676 5016 meditatione
2748 4960 2989 5015 animum
3063 4964 3427 5017 remittebant.
3505 4964 3639 5017 Nam

392 5050 525 5105 ἀλλὰ
558 5051 647 5102 καὶ
682 5050 822 5104 κατὰ
852 5051 1028 5103 πᾶσαν
1062 5048 1270 5103 ἑαυτῶν
1302 5050 1603 5122 ἀπάντησίν
1634 5069 1692 5105 τε
1718 5058 1811 5108 καὶ
1838 5054 1961 5109 σύν-

2070 5061 2218 5101 more
2242 5049 2474 5118 quodam
2538 5066 2633 5120 per
2666 5052 2874 5105 occulta
2910 5051 3084 5120 signa,
3110 5062 3162 5105 et
3205 5064 3367 5105 nutus
3400 5057 3637 5122 perbeati

387 5143 525 5199 οδον.
558 5144 620 5196 Εἴ
650 5157 777 5194 ποτε
819 5141 879 5195 δὲ
928 5141 1281 5214 παράπτωμα
1327 5153 1411 5206 τις
1445 5142 1621 5196 αὐτῶν
1668 5147 1958 5216 πεποίηκε,

390 5236 644 5298 πλείστας
694 5235 900 5297 ἱκεσίας
931 5234 1080 5305 παρᾶ
1121 5234 1229 5288 τῶν
1257 5234 1503 5304 ἀδελφῶν
1533 5235 1745 5307 ἐδέχετο
1780 5240 1965 5302 αὐτοῖς

390 5329 520 5398 περὶ
544 5327 735 5380 τούτου
768 5326 904 5396 πρὸς
930 5322 1021 5379 τὸν
1052 5327 1282 5395 ποιμένα
1315 5325 1631 5380 καταλιπεῖν
1661 5329 1757 5400 τὴν
1797 5347 1963 5401 φρον-

389 5420 528 5485 τίδα,
577 5419 670 5473 καὶ
705 5418 1021 5484 ἀπολογίαν,
1053 5419 1145 5471 καὶ
1190 5417 1479 5488 ἐπίπληξιν
1504 5436 1515 5447 ·
1571 5419 1693 5472 ὅθεν
1727 5423 1755 5474 ό
1792 5424 1959 5491 μέγας

388 5514 488 5582 τὴν
534 5508 643 5562 τῶν
690 5507 945 5579 μαθητῶν
992 5509 1249 5577 ἐπιγνοὺς
1298 5509 1581 5580 ἐργασίαν,
1629 5513 1959 5584 κουφοτέρας

388 5602 571 5658 λοιπίιν
611 5602 823 5664 καὶτὰς
851 5602 1194 5671 tristitia-ret;
1247 5602 1529 5672 παρεῖχεν,
1576 5600 1651 5663 ὡς
1678 5600 1959 5668 γινώσκων

387 5694 675 5749 ἀνεύθυνον
694 5694 959 5764 ὑπάρχειν
984 5694 1072 5747 τὸν
1100 5692 1502 5762 επιτιμώμενον
1529 5708 1541 5720 ·
1574 5692 1634 5744 οὐ
1662 5694 1841 5760 μέντοι
1863 5697 1954 5746 καὶ

389 5786 641 5852 ιπεζήτει
669 5786 757 5838 τὸν
790 5783 991 5857 κυρίως
1021 5784 1345 5838 ἐπιπεσόντα
1375 5780 1454 5854 τῷ
1481 5784 1801 5854 πταίσματι.
1850 5787 1956 5838 lim}

2061 5139 2136 5192 illi
2177 5141 2458 5208 seipsosiu
2507 5146 2686 5196 animo
2729 5145 2791 5196 ad
2828 5158 3015 5212 preces
3074 5148 3415 5198 revocabant.
3454 5147 3635 5214 Νοεμιμ

2062 5232 2165 5285 hoc
2208 5233 2310 5286 sub
2356 5250 2597 5289 incursant
2653 5243 2884 5296 tantum,
2932 5238 3021 5291 sed
3072 5238 3503 5305 quandocunque
3534 5242 3636 5291 sibi

2061 5332 2249 5375 mutuo
2300 5327 2678 5393 occurrebant,
2755 5337 2851 5381 aut
2914 5326 3152 5395 alioquin
3225 5332 3631 5382 (‘nlt\’(‘ttlttli‘.‘tttl.

2059 5413 2210 5479 Quod
2266 5422 2309 5471 si
2354 5420 2477 5487 quis
2518 5420 2647 5489 quid
2694 5419 3008 5474 oliemlisset
3058 5430 3417 5492 pet-rassetvz‘,
3451 5423 3637 5474 tuoltis

2068 5512 2217 5565 iilum
2267 5513 2519 5580 precibus
2562 5512 2649 5565 alii
2698 5514 2970 5573 adierunt,
3011 5524 3379 5583 rogaruntque
3431 5516 3633 5568 utisilu

2067 5619 2253 5658 curam
2313 5619 2643 5675 causamque
2688 5612 2742 5659 et
2778 5619 2994 5674 pinnam
3050 5607 3395 5677 relinqueret,
3438 5623 3542 5677 qua
3579 5624 3636 5663 se

2067 5696 2204 5765 apud
2250 5696 2533 5766 prmsulem
2585 5693 2960 5755 satitfacturos
3004 5698 3415 5768 pollicebantur.
3488 5699 3636 5753 Unde

2066 5788 2223 5844 (iebat
2249 5787 2323 5844 uti
2352 5804 2580 5859 magnus
2602 5790 2676 5845 ιιι(
2719 5791 2951 5845 coenobii
2984 5805 3200 5862 praeses,
3231 5791 3375 5860 quod
3410 5809 3632 5847 suorum
