4094 6192
402 230 507 293 723

1670 234 1729 293 S.
1755 228 2073 291 JUAXNIS
2111 227 2417 289 CLlMACl

3573 219 3691 294 ’124

404 351 490 397 tes
554 355 683 398 mox
735 351 1080 413 peramanter
1132 346 1344 414 excepit
1394 347 1651 417 ίιοςρίιιυ,
1714 355 1767 402 et
1817 348 1885 400 ab
1918 344 1996 398 iti-

2101 361 2285 414 νησεν,
2319 342 2572 413 ἁσμένως
2596 340 2705 396 τῶν
2728 339 2830 411 τῆς
2856 339 3164 410 ὁδοιπορίας
3196 339 3382 395 κόπων
3411 340 3681 410 ἀναψῦξαι

405 435 555 492 neris
611 437 860 493 molestia
921 454 1028 509 qua
1089 439 1267 509 potuit
1329 440 1665 495 humanitate
1699 440 1984 495 recreavit.

403 526 537 582 Post
602 526 843 582 triduum
879 529 1004 584 inde
1058 529 1244 585 senior
1314 531 1436 587 illos
1518 527 1991 587 allocutus:Fra-

406 628 556 684 tres,
624 619 849 691 inquit,
896 635 999 692 ego
1065 630 1263 677 natura
1318 623 1433 695 86
1482 638 1692 695 pronus
1758 638 1880 680 sum
1936 622 1991 678 in

404 723 694 777 venerem,
771 712 1006 782 proinde
1068 714 1281 769 nullum
1334 730 1398 770 cs
1459 716 1615 771 vobis
1690 716 1748 771 in
1825 715 1992 771 disci-

407 803 612 874 plinam
673 818 899 875 possum
981 808 1291 864 admittere.
1369 807 1476 865 Sed
1539 809 1614 865 illi
1676 808 1782 865 hoc
1847 808 1994 865 dicto

404 895 636 953 minime
694 896 914 965 offensi,
969 908 1235 956 noverant
1274 901 1418 955 enim
1486 902 1656 972 patris
1710 903 1989 961 virtutem.

402 1002 530 1044 cum
592 988 787 1047 multis
848 1005 974 1047 eum
1019 992 1443 1062 deprecarentur
1504 994 1587 1067 (ut
1639 993 1995 1066 impetrarent

404 1083 555 1153 quod
606 1083 894 1156 optabant)
943 1097 1047 1140 nec
1075 1086 1377 1157 quidquam
1419 1089 1768 1157 proficerent,
1828 1085 1994 1142 simul

407 1190 602 1231 omnes
648 1176 715 1232 ad
780 1177 905 1246 ejus
954 1178 1120 1248 pedes
1170 1179 1397 1250 projecti
1449 1181 1870 1238 obtestabantur
1910 1178 1990 1235 uti

405 1269 599 1324 saltem
656 1268 930 1325 salutares
976 1270 1082 1327 sibi
1127 1269 1341 1327 vivendi
1395 1273 1540 1342 leges
1594 1272 1991 1344 praescriberet,

404 1358 686 1429 quomodo
738 1370 795 1415 ct
851 1361 944 1417 ubi
1006 1361 1111 1418 sibi
1148 1363 1454 1434 degentium
1523 1373 1764 1436 putaret.
1821 1364 1998 1422 Cessit

404 1464 541 1521 ergo
594 1460 749 1522 pater
804 1452 1061 1523 precibus
1121 1467 1337 1521 eorum,
1390 1456 1537 1526 quod
1593 1455 1805 1513 videret
1874 1454 1999 1511 illos

407 1558 538 1598 cum
592 1557 719 1600 vera
785 1545 954 1601 animi
1044 1544 1417 1603 submissione
1487 1556 1541 1602 et
1599 1548 1781 1605 studio
1833 1547 1997 1605 obsc—

406 1637 611 1707 quandi
679 1638 824 1696 dicta
899 1652 1024 1696 esse
1082 1648 1430 1711 excepturos.
1490 1639 1633 1715 Ergo
1691 1657 1759 1698 ex
1819 1642 1996 1698 tribus

409 1730 507 1785 uni
566 1729 765 1800 placet,
840 1731 1037 1803 inquit,
1065 1733 1161 1799 fili,
1214 1733 1448 1790 Domino
1474 1742 1534 1789 ut
1588 1735 1644 1790 in
1699 1734 1996 1792 solitudine

404 1819 514 1876 sub
556 1819 851 1891 disciplina
911 1823 1152 1895 religiosi
1181 1826 1417 1895 alicujus
1456 1826 1627 1898 patris
1687 1827 1859 1884 vivas.
1899 1827 1995 1882 Al-

404 1913 509 1967 teri
594 1912 721 1970 dein
754 1932 770 1970 :
802 1914 883 1969 Tu
947 1917 1087 1972 vade
1135 1925 1192 1974 et
1258 1926 1435 1975 totum
1518 1921 1820 1978 voluntatis
1888 1930 1996 1978 tuae

318 2006 319 2009 “
403 2018 631 2060 sensum
704 2005 846 2061 dona
915 2003 1048 2072 Deo,
1100 2017 1155 2065 et
1211 2010 1341 2065 tolle
1406 2025 1626 2067 crucem
1690 2021 1862 2078 tuam,
1913 2019 1997 2068 at-

410 2109 523 2165 que
576 2094 633 2150 in
703 2095 987 2154 communi
1044 2100 1429 2171 religiosorum
1485 2101 1715 2159 fratrum
1778 2112 1834 2159 et
1879 2116 1994 2161 ca:-

404 2189 574 2245 nobio
646 2189 804 2260 dege,
849 2198 907 2245 et
980 2200 1192 2247 certum
1250 2192 1478 2250 habebis
1546 2195 1868 2252 thesaurum
1938 2196 1995 2252 in

405 2278 566 2337 caelo.
626 2277 912 2335 Postremo
969 2294 1140 2335 vero:
1201 2280 1282 2336 Tu
1362 2282 1521 2337 lrauri
1594 2291 1710 2339 toto
1797 2283 1995 2355 spiritu

410 2372 614 2428 tuentis
689 2381 815 2437 tuas,
878 2384 1068 2426 vocem
1136 2372 1411 2437 dicentis,
1477 2387 1601 2443 qua:
1680 2373 1777 2429 tibi
1854 2389 1996 2429 nun-

405 2476 573 2533 quam
634 2459 855 2516 excidat
892 2478 906 2516 :
946 2458 1050 2525 Qui
1103 2462 1504 2529 perseveraverit
1551 2463 1605 2517 in
1660 2464 1847 2533 ﬁnem,
1910 2464 1996 2519 hic

406 2558 589 2611 saluus
661 2556 762 2610 erit
816 2552 885 2608 ".
951 2553 1056 2610 Abi
1108 2568 1242 2626 ergo
1299 2564 1354 2611 et
1403 2569 1570 2627 quam
1623 2556 1739 2612 fieri
1793 2564 1992 2627 potest,

405 2673 476 2713 ex
534 2654 689 2713 omni
764 2654 1080 2712 mortalium
1157 2670 1358 2728 genere
1421 2671 1607 2729 quaere
1683 2667 1880 2714 natura
1940 2669 1997 2714 et

410 2764 637 2838 ingenio
706 2763 1074 2834 asperrimum
1154 2772 1211 2819 et
1273 2761 1683 2818 severissimum
1739 2761 1864 2817 vitae
1943 2770 1997 2817 et

406 2880 627 2924 morum
676 2872 900 2922 tuorum
949 2863 1442 2939 [informatoremL
1479 2872 1535 2921 et
1588 2864 1992 2936 perseverando

409 2963 554 3032 apud
608 2961 766 3018 illum
815 2958 1062 3030 quotidie
1112 2957 1605 3025 subsannationes,
1651 2965 1708 3015 et
1760 2956 1993 3013 ludibria

2093 435 2431 506 βουλόμενος.
2464 432 2619 488 Μετὰ
2650 433 2844 506 τρίτην
2874 425 2968 486 οὖν
2999 432 3216 504 ἡμέραν
3256 431 3407 502 λέγει
3434 434 3619 497 αὐτοῖς
3651 431 3680 484 ὁ

2092 527 2302 599 γέρων·
2335 525 2521 591 Φύσει,
2556 524 2798 595 ἀδελφοὶ,
2843 522 3134 597 ἄνθρωπος
3185 525 3387 597 πόρνος
3414 524 3552 596 εἰμὶ,
3580 526 3679 581 καὶ

2092 620 2154 672 οὐ
2191 617 2427 689 δύναμαι
2449 617 2708 685 δέξασθαί
2736 634 2891 684 τινας
2920 617 2979 684 ἐξ
3008 618 3183 690 ὑμῶν.
3233 618 3467 673 Ἐκεῖνοι
3488 618 3544 672 δὲ
3576 618 3680 671 οὐκ

2093 708 2615 782 ἐσκανδαλίσθησαν·
2649 710 2946 781 ἐγίνωσκον
2992 711 3102 783 γὰρ
3153 710 3253 781 τὴν
3282 711 3548 783 ἐργασίαν
3580 711 3678 764 τοῦ

2092 803 2369 874 γέροντος.
2430 803 2522 867 ’ος
2576 797 2671 858 οὖν
2733 801 2905 859 πολλὰ
2960 803 3448 877 παρακαλέσαντες
3490 804 3679 872 dum,

2094 898 2278 949 πεῖσαι
2307 897 2442 960 ὅλως
2476 897 2579 950 οὐκ
2602 898 2852 968 ἴσχυσαν,
2879 896 3003 952 τότε
3037 898 3322 970 ῥίπτουσιν
3343 899 3572 962 ἑαυτοὺς
3601 903 3682 965 είς

2093 988 2219 1050 τοὺς
2254 986 2422 1051 πόδας
2463 986 2666 1042 αὐτοῦ⁸
2711 986 3090 1060 δυσωποῦντες
3143 985 3245 1043 κᾶν
3286 990 3677 1062 κανονισθῆναι

2094 1080 2227 1153 παρ’
2259 1078 2449 1146 αὑτοῦ,
2489 1081 2638 1145 ὅπως
2668 1098 2727 1135 τε
2763 1081 2859 1136 καὶ
2895 1081 3032 1136 ὅπου
3078 1081 3303 1137 καθίσαι
3335 1084 3679 1154 ὀφείλουσιν.

2095 1173 2257 1239 Είξας
2286 1168 2379 1227 οὖν
2398 1175 2427 1227 δ
2459 1172 2661 1244 γέρων,
2696 1173 2792 1229 καὶ
2819 1175 2983 1244 γνοὺς
3021 1174 3102 1231 ὅτι
3132 1174 3274 1247 μετὰ
3294 1175 3681 1243 ταπεινώσεως

2096 1267 2192 1322 καὶ
2230 1267 2480 1339 ὑπακοῆς
2506 1266 2776 1338 δέχονται,
2815 1267 2964 1337 λέγει
2989 1267 3066 1339 τῷ
3091 1267 3207 1324 ένί⁰
3242 1270 3382 1341 (90)
3416 1271 3681 1325 Βοόλεταί

2098 1373 2155 1410 σε
2182 1359 2211 1411 ό
2240 1357 2466 1428 Κύριος,
2500 1359 2711 1424 τέκνον,
2740 1360 2800 1414 ὲν
2846 1359 3201 1432 ἠσυχαστικῷ
3230 1362 3383 1435 τόπῳ
3413 1364 3552 1434 μετὰ
3582 1381 3683 1417 πα-

2094 1450 2223 1522 τρὸς
2245 1453 2303 1505 ἐν
2327 1436 2576 1524 ὑποταγῇ
2594 1451 2948 1526 καθεσθῆναι.
2976 1453 3142 1524 Λέγει
3170 1455 3267 1511 καὶ
3298 1454 3377 1529 τῷ
3403 1456 3681 1527 δευτέρῳ·

2110 1542 2387 1598 Ἀπελθὼν
2419 1543 2672 1616 πώλησόν
2706 1563 2801 1601 σου
2834 1545 2905 1600 τὰ
2927 1545 3233 1621 θελήματα,
3272 1550 3365 1604 καὶ
3395 1547 3484 1615 δὸς
3524 1548 3643 1621 Θεῷ
3662 1566 3680 1583 ο

2100 1638 2196 1691 καὶ
2238 1631 2374 1711 ἆρον
2417 1635 2512 1691 τδν
2556 1636 2689 1712 (91)
2746 1637 2983 1712 σταυρόν
3024 1654 3140 1708 σου,
3177 1641 3274 1696 καὶ
3316 1641 3576 1715 καρτέρει
3621 1643 3684 1699 έν

2101 1728 2318 1801 συνοδίᾳ
2342 1731 2438 1784 καὶ
2466 1731 2718 1804 κοινοόίῳ
2748 1731 3022 1804 ἀδελφῶνο
3061 1735 3158 1790 καὶ
3179 1735 3399 1803 πάντως
3427 1735 3568 1804 ἕξεις
3585 1736 3685 1808 θη-

2099 1819 2297 1889 σαυρὸν
2318 1820 2378 1873 ὲν
2404 1819 2674 1891 οὐρανοῖς.
2695 1816 2829 1877 Εἶτα
2855 1823 2951 1877 καὶ
2981 1823 3059 1895 τῷ
3096 1824 3268 1898 τρίτῳ
3292 1824 3444 1898 λέγει
3466 1843 3482 1859 ο
3521 1826 3683 1884 Ἀνα-

2096 1911 2264 1967 λαϐοῢ
2304 1913 2406 1969 σὺν
2447 1917 2517 1986 τῇ
2559 1917 2695 1986 πνοῇ
2734 1933 2830 1970 σου
2872 1916 3196 1990 ἀχωρίστως
3239 1919 3332 1975 τὸν
3384 1920 3542 1992 λόγον
3584 1919 3684 1976 τὸν

2097 2008 2376 2076 φάσκοντα
2399 2023 2412 2037 ο
2454 1993 2873 2078 ’θ’ὐπομείνας
2896 2011 2985 2076 είς
3011 2009 3206 2077 τέλος,
3253 2005 3434 2079 οὗτος
3470 2011 3682 2082 σωθή-

2095 2114 2286 2154 σεται.
2318 2098 2431 2153 Καὶ
2467 2099 2696 2167 ἄπελθε,
2732 2101 2782 2154 εί
2801 2100 3047 2172 δυνατὸν,
3086 2100 3164 2175 μὴ
3183 2101 3350 2178 ἐάσῃς
3380 2104 3438 2158 ὲν
3469 2102 3689 2177 ἀνθρώ-

2096 2209 2215 2245 πων
2245 2190 2405 2262 φύσει
2453 2192 3014 2268 ὲπιπληκτικὼτερον,
3051 2194 3085 2267 ἢ
3119 2196 3544 2269 ἀποτομώτερον
3585 2196 3684 2251 τοῦ

2098 2283 2193 2337 σοῦ
2230 2285 2289 2339 tv
2320 2285 2512 2357 Κυρίῳ
2538 2285 2878 2359 γυμναστοῦ,
2909 2288 3006 2342 καὶ
3038 2290 3390 2364 καρτερήσας
3413 2288 3535 2343 καθ’
3552 2288 3687 2362 ἠμέο

2098 2393 2200 2447 ραν
2271 2375 2393 2430 πίνε
2451 2376 2587 2432 ὡσεὶ
2639 2376 2763 2448 μέλι
2811 2378 2907 2433 καὶ
2976 2378 3119 2450 γάλα
3166 2380 3549 2455 μυκτηρισμδν
3585 2383 3686 2437 καὶ

2097 2467 2423 2540 χλευασμόν.
2482 2468 2544 2522 '0
2592 2470 2650 2522 δὲ
2696 2469 2926 2541 ἀδελφός
2965 2488 3123 2545 ⁶φησι
3177 2473 3315 2546 πρὸς
3367 2474 3458 2527 τὸν
3506 2474 3683 2545 μέγαν

2109 2561 2367 2634 Ἰωάννην
2392 2579 2405 2592 ·
2436 2562 2557 2617 Κᾶν
2579 2565 2638 2617 έν
2670 2562 2925 2635 ἀμελείᾳ,
2954 2565 3155 2636 Πάτερ,
3190 2567 3218 2619 ὁ
3266 2566 3505 2632 τοιοῦτος
3535 2584 3683 2638 παρ-ο

2099 2654 2282 2725 έχεται
2312 2655 2397 2722 τί;
2438 2655 2498 2710 '0
2521 2654 2578 2709 δὲ
2615 2657 2815 2727 γέρων·
2847 2657 2969 2712 Κᾶν
2990 2657 3102 2731 (92)
3147 2658 3480 2732 πορνεύοντα
3518 2660 3683 2715 αὐτὸν

2098 2753 2291 2828 θεάσῃ,
2313 2755 2388 2827 μὴ
2405 2755 2674 2828 ἀποστῇςο
2694 2755 2833 2811 ἀλλὰ
2861 2755 2988 2827 λέγε
3016 2758 3141 2814 καθ’
3174 2760 3367 2814 ἑαυτόν
3388 2778 3400 2791 ·
3439 2760 3680 2832 Ἑταῖρε,

2099 2845 2187 2918 ἐφ’
2226 2838 2273 2914 ᾧ
2316 2845 2518 2922 πάρει;
2548 2847 2682 2901 Τότε
2720 2845 2842 2918 δψει
2882 2849 2948 2901 ὲκ
2990 2846 3084 2902 σοῦ
3134 2848 3545 2921 ἀφανιζομένην
3581 2866 3687 2917 φυ-

2102 2944 2293 2996 οίωσιν
2343 2940 2441 2995 καὶ
2481 2941 2892 3013 μαραινομένην
2939 2940 3210 3015 πύρωσιν.
3263 2940 3687 3015 ’Δγωνισὼμεθα

410 3038 573 3108 veluti
627 3052 712 3108 lac
762 3059 819 3108 et
866 3050 974 3107 mel
1032 3048 1181 3107 bibe.
1245 3050 1387 3106 Tum
1460 3050 1551 3105 ille
1608 3047 1677 3104 ad
1732 3049 1995 3122 eximium

2100 3034 2328 3107 δυνάμει
2362 3035 2513 3108 πάσῃ
2535 3036 2737 3101 πάντες
2764 3037 2813 3090 οἱ
2846 3034 2938 3090 τὸν
2980 3035 3185 3106 Κύριον
3218 3034 3525 3109 φοόηθῆναι
3558 3035 3687 3108 βου-

410 3148 471 3201 Ρ.
531 3143 797 3203 Joannem
837 3144 1029 3214 :Quid
1097 3146 1169 3209 si.
1240 3143 1439 3216 inquit,
1509 3141 1678 3199 Pater
1757 3142 1847 3199 ille
1902 3159 1998 3215 per

411 3234 677 3291 desidiam
732 3250 890 3292 suum
939 3233 1172 3292 ofﬁcium
1235 3248 1344 3290 non
1380 3232 1582 3290 faciat?
1612 3234 1677 3290 Et
1713 3231 1951 3290 Joannes
1981 3252 1995 3289 :

413 3323 662 3391 Etiamsi,
685 3327 886 3398 inquit,
907 3326 1272 3404 fornicantem
1304 3335 1358 3381 et
1385 3325 1817 3382 incontinentem
1845 3325 1996 3382 vide-

413 3417 513 3486 ris,
543 3432 612 3474 ne
637 3418 863 3474 recedas
892 3418 962 3473 ab
984 3417 1098 3485 illo,
1128 3416 1222 3474 sed
1250 3415 1346 3472 tibi
1382 3415 1488 3488 ipsi
1535 3416 1646 3484 die,
1687 3419 1885 3486 amice,
1931 3417 1998 3473 ad

412 3508 546 3579 quid
601 3508 837 3565 venisti?
886 3508 997 3581 87
1054 3507 1196 3565 Tum
1238 3507 1461 3564 demum
1529 3508 1733 3566 senties
1778 3524 1999 3565 omnem

413 3603 470 3657 in
553 3610 604 3655 te
679 3599 952 3671 superbiae
1014 3599 1214 3657 fastum
1272 3600 1601 3669 concidere,
1671 3615 2002 3673 omnemque

414 3694 647 3748 inituri-ai
713 3692 990 3749 flammam
1050 3694 1407 3766 languescere
1455 3705 1510 3751 et
1563 3695 1858 3767 exstingui.
1900 3696 2001 3750 To-

413 3800 469 3842 ta
524 3786 577 3842 vi
638 3795 695 3842 et
762 3785 974 3844 viribus
1027 3787 1374 3845 decertemus
1453 3802 1667 3855 omnes,
1738 3791 1832 3861 qui
1893 3786 2000 3843 Do-

415 3878 628 3933 minum
688 3878 983 3945 timemus,
1038 3893 1108 3933 nc
1170 3877 1223 3934 in
1285 3879 1534 3950 paltestra
1598 3879 1819 3936 virtutis
1876 3895 2002 3937 ver-

416 3972 566 4037 sati,
633 3970 759 4027 inde
815 3986 915 4043 pro
983 3972 1279 4030 virtutibus
1331 3974 1632 4043 malitiam,
1684 3974 1998 4044 vafritiem,

417 4064 845 4135 improbitatem,
897 4065 1155 4123 astutiam
1218 4075 1273 4123 et
1349 4066 1692 4124 iracundiam
1766 4078 2006 4139 repet-te.

2097 3129 2335 3200 λόμενοι,
2369 3127 2458 3182 ἴνα
2498 3127 2576 3200 μὴ
2616 3127 2675 3183 ὲν
2702 3127 2781 3199 τῷ
2794 3128 2893 3200 τῆς
2924 3129 3128 3201 ἀρετῆς
3162 3128 3476 3203 γυμνασίῳ,
3497 3131 3681 3185 ἐκεῖσε

2099 3220 2370 3293 πονηρίαν
2400 3222 2617 3287 ἑαυτοῖς
2669 3222 2872 3294 μᾶλλον
2918 3222 3015 3276 καὶ
3057 3223 3279 3287 κακίαν,
3313 3222 3596 3294 δεινότητά
3624 3237 3686 3277 τι

2100 3314 2197 3369 καὶ
2224 3313 2587 3385 πανουργίαν,
2626 3314 3083 3386 κακεντρέχειαν,
3124 3316 3220 3368 καὶ
3247 3315 3419 3389 ὀργὴν
3452 3317 3687 3389 ἐπικτη-

2102 3411 2345 3484 σὼμεθα.
2377 3413 2591 3468 Γίνεται
2625 3412 2759 3485 γὰρ,
2797 3410 2893 3465 καὶ
2932 3410 2994 3465 οὐ
3029 3411 3235 3485 θαῦμα.
3263 3413 3410 3479 Ἕως
3445 3414 3545 3485 μὲν
3573 3412 3685 3484 γὰρ

2104 3504 2323 3576 ἰδιώτης
2369 3506 2538 3573 ἐστὶν,
2591 3505 2626 3577 ἢ
2685 3506 2960 3576 ναυτικὸς,
3008 3506 3042 3579 ἢ
3085 3505 3325 3577 γηπόνος
3370 3504 3682 3577 ἄνθρωπος,

2101 3598 2164 3650 οὐ
2200 3594 2456 3651 τοσοῦτον
2485 3596 2610 3651 κατ’
2637 3596 2803 3651 αὑτοῦ
2826 3599 2875 3652 el
2906 3597 3003 3654 τοῦ
3030 3598 3298 3670 βασιλέως
3315 3596 3503 3670 ἐχθροὶ
3523 3595 3687 3653 ὁπλί-

2103 3688 2309 3753 ζονται.
2360 3688 2533 3744 Ἐπὰν
2556 3688 2616 3742 δὲ
2642 3688 2809 3746 αὑτὸν
2839 3690 2940 3763 τὴν
2971 3690 3113 3765 (93)
3143 3690 3416 3765 σφραγῖδα
3449 3689 3686 3746 λαϐόντα

2102 3781 2194 3834 καῖ
2227 3781 2325 3852 τὴν
2357 3780 2578 3845 ἀσπίδα,
2598 3782 2695 3836 καὶ
2708 3780 2806 3855 τὴν
2827 3782 3105 3855 μάχαιραν
3135 3783 3229 3837 καὶ
3257 3783 3355 3857 τὴν
3387 3784 3685 3856 ῥομφαίαν,

2105 3873 2200 3927 καὶ
2226 3874 2286 3928 τὸ
2310 3871 2485 3939 τόξον,
2521 3874 2618 3929 καὶ
2661 3875 2756 3931 τοῦ
2790 3877 3123 3949 στρατιώτου
3155 3876 3216 3931 τὸ
3249 3874 3454 3947 ἔνδυμα
3480 3877 3688 3949 ἠμφιε-

2110 3967 2311 4038 σμένον
2345 3965 2673 4036 οεάσωνται,
2712 3969 2834 4024 τότε
2860 3969 2956 4023 καὶ
2986 3968 3146 4024 αὐτοὶ
3174 3970 3300 4034 τοὺς
3326 3969 3544 4034 ὀδόντας
3568 3970 3689 4024 κατ’

2105 4062 2270 4117 αὐτοῦ
2312 4061 2595 4136 βρόχουσι,
2631 4065 2726 4119 καὶ
2751 4065 2968 4130 πάντως
3018 4065 3228 4119 ἀνελεῖν
3261 4065 3427 4122 αὑτὸν
3453 4066 3685 4139 δοκιμά-

416 4172 564 4212 tntis.
635 4155 747 4213 Nec
804 4169 889 4215 est
923 4157 1071 4231 quod
1131 4158 1346 4216 mireris
1383 4159 1425 4214 si
1462 4160 1790 4231 quamloque
1819 4159 1871 4215 id
1899 4176 1997 4217 usu

2114 4156 2499 4228 ζουσι.Διόπερ
2529 4155 2606 4228 μὴ
2621 4155 3559 4232 ὑπνὼ[σ]σωμεν.Ἐὡρακαᾶκαιρα
3591 4161 3687 4216 καὶ

415 4250 604 4307 venire
627 4250 835 4307 videas.
907 4249 1046 4308 Nam
1101 4250 1343 4319 quandiu
1402 4253 1543 4308 inter
1616 4255 1856 4324 privatos
1910 4262 1997 4310 aut

2106 4248 2371 4304 κάλλιστα
2404 4251 2575 4320 νήπια
2601 4249 2660 4302 ὲν
2694 4248 2857 4321 σχολῇ
2887 4248 2976 4303 διὰ
3017 4249 3232 4317 σοφίαν,
3275 4250 3370 4304 καὶ
3408 4250 3686 4319 παιδείαν,

416 4349 639 4407 nautas,
673 4351 770 4398 aut
809 4344 1076 4415 agricolas
1101 4345 1273 4417 degis,
1305 4345 1489 4402 hostes
1521 4348 1598 4402 tui
1640 4347 1782 4418 regis
1802 4362 1908 4402 non
1930 4350 1997 4403 ita

2108 4343 2203 4397 καὶ
2235 4342 2504 4414 ὠφέλειαν
2532 4340 2956 4412 παραγενόμενα
2974 4359 2988 4373 ·
3016 4342 3110 4426 καὶ
3135 4342 3302 4415 μηδὲν
3328 4343 3506 4398 ἐκεῖσε
3536 4345 3585 4398 εί
3611 4344 3688 4416 μὴ

417 4435 618 4492 acriter
668 4435 723 4491 in
768 4444 821 4492 te
861 4437 1229 4494 concitantur.
1302 4440 1373 4493 At
1425 4439 1519 4494 ubi
1562 4448 1614 4496 te
1653 4417 1997 4511 imperatoris

2107 4439 2391 4510 δεινότητα
2433 4435 2529 4490 καὶ
2569 4436 2773 4491 κακίαν
2809 4417 3166 4491 παιδευθέντα
3210 4438 3276 4490 ὲκ
3312 4437 3411 4508 τῆς
3435 4437 3545 4493 τῶν
3577 4438 3689 4493 λοι-

419 4530 498 4584 tui
544 4528 778 4603 insignia
809 4531 1058 4599 induere,
1124 4542 1341 4589 scutum
1384 4523 1622 4601 sumere,
1656 4543 1711 4589 et
1761 4536 1999 4606 gladium

418 4638 485 4680 ac
542 4623 939 4695 rbomplueam.
979 4641 1191 4691 arcum,
1255 4641 1446 4699 sagum
1492 4635 1549 4682 et
1599 4640 1806 4684 vestem
1858 4628 2003 4685 mili-

418 4729 591 4772 tarem
619 4718 1047 4789 conspexerint;
1093 4730 1209 4775 tum
1253 4720 1535 4777 enimvero
1584 4720 1834 4779 frendere
1869 4724 2003 4779 den-

420 4810 602 4876 tibus,
678 4812 1043 4882 omnibusque
1119 4811 1327 4868 viribus
1382 4813 1435 4867 in
1495 4820 1548 4866 te
1617 4817 1897 4886 insurgere
1952 4824 2006 4870 et

419 4902 668 4959 funditus
732 4904 958 4975 perdere
1035 4915 1328 4961 conantur.
1410 4904 1598 4975 Itaque
1665 4923 1881 4979 semper
1951 4909 2004 4964 in

418 4998 668 5055 excubiis
745 4999 935 5069 vigiles
1007 4998 1387 5070 persistamus.
1450 4999 1569 5056 Vidi
1636 5016 1738 5071 ego
1789 5011 2008 5060 teneros

420 5090 631 5161 puellos
669 5099 724 5146 et
775 5090 1084 5148 innecentia
1129 5101 1185 5148 ct
1222 5090 1406 5149 forma.
1442 5093 1688 5162 corporis
1748 5094 2006 5165 pulcher-

419 5186 559 5239 rima
633 5200 865 5255 prorsus
945 5184 1209 5242 amabiles
1286 5184 1353 5241 ad
1429 5186 1618 5240 ludum
1681 5186 2005 5243 litterarium

423 5278 805 5347 comparanda:
849 5277 1144 5344 doctrinae,
1200 5277 1523 5349 sapientire,
1573 5284 1629 5333 et
1691 5277 2008 5336 haurienda

422 5370 673 5425 utilitatis
718 5386 884 5427 causa
942 5370 1166 5435 missos,
1219 5370 1313 5441 qui
1381 5378 1563 5425 tamen
1610 5385 1675 5424 ex
1716 5369 2009 5441 aqualium

426 5463 681 5519 societate
731 5463 868 5517 nihil
917 5462 1044 5519 inde
1099 5463 1204 5521 nisi
1266 5461 1534 5518 valritiem
1588 5470 1640 5518 et
1692 5461 2010 5534 improbita-

429 5564 535 5611 tem
627 5556 947 5611 retulerunt.
1042 5556 1145 5624 Qui
1197 5556 1340 5628 sapit
1398 5555 1666 5627 intelligit,
1746 5571 2009 5628 quorsum

499 5734 544 5768 ”
577 5734 760 5792 Matth.
786 5737 949 5805 1,22.

2107 4533 2227 4587 πῶν
2278 4529 2682 4607 συνδιατριϐἧς.
2722 4529 2782 4583 ’0
2829 4529 2955 4583 νοῦν
2988 4530 3129 4601 ἔχων
3147 4532 3350 4603 νοήσει.
3393 4530 3688 4587 Ἀδύνατον

2109 4626 2236 4686 τοὺς
2274 4621 2472 4693 τέχνην
2503 4618 2873 4690 μανθάνοντας
2897 4619 3176 4689 ὁλοψύχως
3200 4618 3276 4693 μὴ
3316 4621 3439 4676 καθ’
3471 4622 3690 4694 ἡμέραν

2111 4717 2446 4789 προκόπτειν
2484 4717 2541 4770 ὲν
2563 4714 2701 4786 αὐτῇ
2723 4729 2738 4744 ⁸
2774 4714 2893 4769 ἀλλ’
2919 4715 2969 4769 οἱ
3007 4714 3107 4787 μὲν
3134 4713 3234 4787 τὴν
3264 4715 3545 4788 προκοπὴν
3565 4720 3689 4771 ἐπι-

2112 4811 2505 4881 γινώσκουσιν·
2535 4809 2585 4861 οί
2610 4806 2665 4862 δὲ
2687 4808 3044 4879 οίκονομικῶς
3080 4806 3389 4883 ἀγνοοῦσιν.
3436 4809 3689 4883 ’Ἄριστος

2106 4903 2440 4975 τραπεζίτης
2497 4899 2636 4972 (94)
2709 4900 2835 4955 καθ’
2882 4901 3125 4972 ἑσπέραν
3189 4901 3252 4954 τὸ
3313 4900 3415 4970 τῆς
3471 4901 3689 4974 ἡμέρας

2106 4988 2298 5066 κέρδος
2336 4989 2369 5064 ἢ
2422 4989 2625 5065 ζημίαν
2675 4991 2894 5053 παντως
2937 4987 3203 5063 ψηφίζειο
3249 4987 3311 5043 οὗ
3371 4987 3592 5044 δύναται
3632 4991 3690 5046 δὲ

2108 5085 2293 5156 σαφῶς
2337 5086 2560 5155 γνῶναι,
2609 5085 2658 5138 εἰ
2715 5083 2790 5155 μὴ
2847 5081 2969 5138 καθ’
3026 5080 3175 5154 ὥραν
3242 5081 3301 5135 έν
3355 5081 3435 5152 τῷ
3500 5098 3691 5135 πινακ-

2106 5181 2263 5253 κιδίῳ
2334 5179 2680 5251 σημειοῦται,
2748 5178 2830 5231 Τὰ
2877 5176 2985 5249 γὰρ
3034 5175 3155 5230 καθ’
3214 5175 3363 5248 ὤραν
3405 5174 3693 5244 λογοθέσια

2105 5273 2166 5328 τὸ
2220 5271 2587 5345 καθημερινὸν
2636 5271 2971 5343 φωτίζουσιο
3013 5270 3150 5324 ὅταν
3195 5267 3615 5339 ὀνειδιζόμενος,
3653 5266 3685 5337 ἦ

2108 5366 2578 5439 κατακρινόμενος
2626 5364 2656 5417 ό
2700 5364 2888 5435 ἄφρων
2918 5362 3208 5431 δάκνηται,
3260 5362 3355 5414 καὶ
3387 5360 3696 5430 ἀντιλέγειν

2109 5462 2414 5534 δοκιμάζει,
2450 5460 2484 5532 ἢ
2520 5459 2799 5530 συντόμως
2854 5455 2929 5527 τῷ
2967 5455 3351 5528 ἐπιπλήττοντι
3401 5453 3694 5528 μετάνοιαν

2110 5555 2364 5623 δέδωκεν,
2402 5554 2461 5610 οὐ
2493 5552 2876 5617 ταπεινώσεως
2921 5551 3103 5624 χάριν,
3161 5548 3297 5606 ἀλλὰ
3334 5550 3456 5615 τοὺς
3499 5548 3695 5605 ὀνειδιο
