4094 6192
459 259 567 322 725

468 464 770 534 καταδέχου
823 463 1010 536 ψυχῆς
1062 467 1409 536 καυστῆρας,
1469 468 1669 538 μᾶλλον
1727 467 1783 520 δὲ
1827 468 2048 536 ἁγνείας

465 553 784 624 φωστῆρας.
828 555 1188 626 Παυσαμένου
1216 557 1312 610 τοῦ
1339 558 1547 628 ἰατροῦ,
1592 561 1714 611 τότε
1740 559 1829 611 τού
1843 577 1912 627 τῳ
1950 575 2048 627 με-

463 651 673 703 τανόει·
715 648 774 702 ἐν
812 645 891 718 τῷ
936 648 1094 722 θυμῷ
1142 650 1253 724 γάρ
1285 650 1422 714 ἴσως
1451 651 1570 706 οὐδὲ
1609 653 1710 724 τὴν
1754 653 2044 724 μετάνοιαν

461 742 677 814 δέχεται
689 785 700 799 .

464 837 642 894 sarius

1452 262 1683 323 SCALA
1718 263 2104 324 I’ARADISI.
2127 286 2198 300 --
2229 264 2541 326 GRADUS
2570 268 2663 327 iV.

466 374 637 446 σμοὺς
663 371 868 426 παῦσαι
900 371 1225 442 βουλόμενος
1247 388 1259 402 °
1308 376 1650 445 τυπτόμενος
1689 373 1892 438 σιώπα,
1944 375 2039 427 καὶ

2156 375 2264 430 haec
2327 378 2652 446 pertineant.

745 839 1056 913 [trapezita]
1133 844 1256 902 est,
1309 834 1402 907 qui
1495 834 1742 905 quotidie
1803 833 1912 888 sub
1982 848 2268 904 vesperam
2351 837 2486 892 lucri
2543 837 2796 891 damnive
2876 837 3122 892 rationes
3191 843 3486 905 computat.

3627 261 3734 322 736

2731 373 2871 429 Fieri
2947 389 3054 429 non
3126 381 3304 444 potest
3382 383 3440 426 ut
3502 374 3592 441 qui
3674 389 3732 426 se

2156 467 2374 535 opilicio
2429 468 2760 523 addiscendo
2815 475 2986 521 totum
3047 466 3280 525 addicit.
3349 465 3479 534 quin
3559 465 3731 534 pluri-

2156 576 2306 615 mum
2359 561 2416 616 in
2472 576 2538 616 eo
2617 559 2864 630 quotidie
2926 558 3203 628 proﬁciat,
3274 574 3439 627 quem
3512 555 3729 627 quidem

2153 652 2458 722 profectum
2508 653 2599 706 alii
2641 650 2902 714 sentiunt,
2966 649 3058 703 alii
3101 663 3252 712 vero,
3292 663 3392 717 pro
3455 645 3544 699 Dei
3600 662 3730 715 pro-

2151 745 2414 811 videntia,
2471 761 2578 799 oon
2617 743 3074 800 animadvertunt.
3133 741 3380 812 Optimus
3429 739 3518 794 ille
3575 756 3732 791 tnt'n-

3572 833 3729 898 Qttml

463 941 717 986 accurate
794 932 908 989 ﬁeri
973 949 1083 988 non
1133 936 1332 1004 potest,
1392 927 1508 999 88
1557 927 1662 980 nisi
1712 941 1808 996 per
1865 939 2058 981 omnes
2097 926 2262 981 horas
2316 927 2370 981 in
2452 929 2807 998 pugillaribus
2859 929 3100 983 rationes
3178 927 3422 992 adnotes,
3485 924 3731 994 singula-

464 1040 585 1079 rum
651 1027 798 1082 enim
856 1029 1115 1083 horarum
1192 1025 1498 1082 observatio
1565 1023 1731 1078 totius
1803 1021 1910 1077 diei
1973 1029 2177 1078 statum
2268 1021 2525 1080 ostendit.
2582 1022 2759 1081 Malus
2831 1024 3118 1094 religiosus
3214 1038 3337 1080 cum
3421 1022 3728 1090 reprehen—

463 1117 611 1172 ditur
660 1126 711 1173 et
767 1118 1132 1190 objurgatur,
1193 1116 1338 1172 dolet
1418 1121 1474 1170 et
1521 1114 1734 1178 uritur,
1791 1120 1847 1166 et
1897 1109 2117 1180 obloqui
2175 1110 2330 1179 solet,
2393 1122 2487 1169 aut
2574 1116 2762 1170 statim
2855 1115 3085 1186 supplex
3171 1115 3386 1170 veniam
3456 1113 3587 1182 petit
3659 1114 3728 1166 ab

465 1212 808 1284 obiurgante,
865 1229 973 1268 non
1033 1209 1418 1268 submissionis
1485 1208 1688 1271 studio,

1781 1208 1877 1264 sed
1949 1214 2010 1260 ut
2063 1213 2214 1274 pater
2271 1204 2433 1260 finem
2479 1206 2643 1263 faciat
2697 1207 3042 1278 objurgandi.
3107 1207 3373 1262 Convitiis
3445 1206 3728 1260 everbera-

466 1316 554 1361 tns
627 1304 779 1379 [dum
837 1304 1174 1378 obiurgat-is]
1237 1317 1372 1370 tace,
1447 1313 1501 1361 et
1560 1301 1771 1359 fortiter
1831 1299 2042 1357 sustine
2072 1298 2240 1354 animi
2291 1301 2596 1358 canterium
2675 1313 2728 1357 et
2797 1305 3086 1365 ustionem,

3177 1303 3288 1356 imo
3374 1316 3502 1357 vero
3559 1299 3726 1354 casti-

467 1400 667 1455 monia
720 1401 868 1456 faces
905 1410 961 1456 et
1036 1400 1266 1455 lumina.
1330 1398 1432 1454 Ubi
1521 1397 1768 1458 medicus
1853 1394 2014 1451 desiit
2060 1391 2392 1464 obiurgare,
2449 1404 2583 1452 tunc
2655 1398 2882 1468 supplex
2943 1398 3151 1452 veniam
3209 1410 3454 1467 precare,
3498 1404 3550 1448 et
3609 1393 3726 1448 cul—

467 1507 590 1560 pam
639 1491 955 1560 deprecare,
987 1492 1041 1545 in
1096 1490 1289 1544 ardore
1333 1491 1480 1544 enim
1535 1489 1767 1546 ustionis
1816 1485 2048 1543 fortasse
2105 1501 2212 1540 non
2258 1486 2504 1543 admittet
2527 1490 2924 1560 paenitentiam.

540 1584 682 1655 Πρὸς
699 1585 878 1638 πάντα
903 1585 1015 1658 (95)
1040 1583 1161 1654 μὲν,
1183 1583 1321 1656 πλὴν
1355 1582 1482 1646 ἴσως
1501 1582 1639 1654 πρὸς
1669 1583 1738 1637 τά
1757 1581 1852 1636 δύο
1878 1579 2052 1636 ταῦτα
2082 1585 2124 1640 Β

466 1677 614 1747 πάθη
638 1677 689 1730 oi
716 1679 775 1731 ὲν
797 1675 1070 1739 συνοδίαις
1096 1675 1218 1731 καθ’
1257 1676 1406 1748 ὥραν
1441 1675 1872 1745 ἀγωνισώμεθα·
1907 1671 2044 1745 πρὸς

465 1770 566 1839 τὴν
587 1768 983 1839 κοιλιομανίαν,
1001 1769 1095 1822 καὶ
1120 1770 1220 1840 τὴν
1245 1768 1527 1840 ὀξυχολίαν
1543 1784 1556 1798 ·
1577 1767 1686 1821 τῶν
1702 1766 1919 1820 οίκείων
1937 1765 2046 1836 γὰρ

467 1861 611 1918 ὑλῶν
632 1865 690 1917 ὲν
701 1862 781 1936 τῷ
799 1861 941 1934 ιχλῳ
952 1863 1268 1933 εὐποροῦσι.
1283 1861 1409 1926 Τοῖς
1425 1863 1484 1915 ὲν
1496 1862 1742 1932 ὑποταγῇ
1760 1863 1788 1916 ὁ
1802 1858 2047 1923 διάϐολος

465 1956 743 2011 ἀδυνάτων
758 1956 944 2020 αὑτοῖς
965 1954 1179 2027 ἀρετῶν
1209 1953 1506 2026 ἐπιθυμίαν
1538 1953 1820 2024 ipsum,
1845 1952 2047 2024 ὁμοίως

465 2051 693 2112 καὶτοῖς
709 2051 770 2102 εν
797 2048 998 2120 ἠσυχίᾳ
1021 2045 1091 2100 τά
1106 2046 1349 2101 ἀνοίκεια
1369 2044 1683 2100 ὑποτίθεται
1705 2064 1719 2076 ·
1741 2043 2048 2108 ἀνάπτυξον

466 2139 846 2196 ὑποτακτικῶν
862 2139 1138 2212 ἀδοκίμων
1151 2138 1413 2204 διάνοιαν,
1426 2138 1523 2194 καὶ
1538 2137 1789 2210 εὑρήσεις
1805 2138 1921 2191 ἐκεῖ
1937 2135 2047 2209 (96)

465 2226 904 2300 πεπλανημένην.
960 2227 1192 2296 ἔννοιαν,
1249 2226 1548 2300 ἐπιθυμίαν
1588 2225 1738 2306 (ῼἸ)
1788 2226 2048 2298 ἡσυχίας,

465 2321 717 2392 νηστείας
737 2319 1068 2394 ἀκροτάτης,
1091 2320 1403 2392 προσευχῆς
1445 2318 1822 2392 ἀρεμὸἀστον,
1853 2322 2050 2375 ἀκενο-

463 2413 642 2481 δοξίας
670 2413 867 2484 ἄκρας,
914 2415 1133 2485 μνήμης
1155 2413 1521 2483 ἁνεπιλήστου
1544 2414 1750 2480 ἐξόδου,
1767 2415 2050 2484 διηνεκους

463 2503 830 2570 κατανύξεως,
871 2504 1172 2577 ἀοργησίας
1209 2505 1523 2570 παντελοῦς,
1563 2507 1774 2576 σιωπῆς
1804 2506 2046 2577 βαθείας,

462 2596 688 2666 ἁγνείας
712 2597 1182 2670 ὑπερϐαλλούσης.
1221 2591 1436 2671 Ὦνπερ
1470 2600 1594 2652 κατ’
1629 2601 1945 2671 οἰκονομίαν
1987 2601 2046 2655 ὲν

464 2689 772 2760 προοιμίοις
804 2690 1156 2762 ἀποροῦντες,
1183 2690 1307 2761 εἱκῆ
1345 2692 1733 2763 μετεπήδησαν
1754 2694 2053 2762 ἀπατηθέν-

463 2797 572 2844 τες.
599 2780 711 2851 Πρὸ
735 2781 844 2852 γὰρ
874 2781 1066 2849 καιροῦ
1097 2780 1329 2853 ζητῆσαι
1362 2781 1579 2846 αὐτοὺς.
1608 2783 1636 2834 ὁ
1669 2781 1861 2852 ἐχθρὸς
1882 2780 2052 2836 ταῦτα

465 2872 785 2941 πεποίηκεν,
818 2872 908 2926 ἶνα
944 2871 1018 2943 μὴ
1069 2872 1457 2944 ὑπομείναντες
1473 2872 1531 2923 ὲν
1550 2872 1628 2940 τῷ
1646 2871 1820 2943 καιρῷ
1847 2876 2051 2928 τούτων

2225 1578 2295 1634 lis
2369 1583 2464 1651 qui
2525 1583 2578 1638 in
2654 1583 3030 1652 religiosorum
3111 1580 3344 1638 cmtibus
3417 1585 3724 1640 versantur,

2149 1673 2411 1728 adversus
2483 1675 2671 1731 omnia
2737 1677 2959 1746 quidem
3028 1677 3166 1741 alia,
3235 1676 3327 1730 sed
3405 1674 3457 1728 in
3535 1672 3726 1742 primis

2149 1767 2256 1822 duo
2296 1766 2426 1822 vitia
2476 1767 2708 1838 singulis
2765 1783 2933 1838 proiie
2981 1768 3270 1823 momentis
3311 1767 3723 1836 depugnandqu

2149 1867 2233 1913 est
2266 1875 2280 1910 :
2310 1859 2574 1914 adversus
2629 1859 2878 1913 insanam
2933 1859 3136 1914 ventris
3189 1859 3390 1912 rabiem
3450 1865 3505 1912 et
3562 1857 3723 1911 bilem

2148 1962 2244 2003 seu
2299 1945 2662 2003 iracundiam.
2731 1946 2829 2006 llis
2861 1949 3007 2006 enim
3063 1948 3210 2004 vitiis
3267 1950 3384 2018 ipsa
3437 1948 3594 2017 copia
3624 1949 3726 2001 do-

2149 2041 2500 2096 mesticorum
2574 2042 2854 2112 copiosam
2936 2041 3220 2098 materiam
3304 2041 3722 2106 subministrat,

2149 2133 2253 2188 sub
2319 2134 2584 2189 antistitis
2655 2135 2888 2204 imperio
2953 2135 3117 2189 vitam
3195 2134 3480 2205 agentibus
3553 2133 3727 2188 hostis

2150 2233 2333 2282 noster
2367 2225 2599 2282 subinde
2623 2227 2888 2284 virtutum
2942 2225 3258 2285 facultatem
3307 2235 3365 2283 et
3416 2227 3560 2282 vires
3629 2241 3728 2280 no-

2151 2329 2292 2374 stras
2371 2319 2746 2374 excedentium
2823 2319 3152 2376 desiderium
3217 2318 3506 2386 immittit;
3585 2319 3726 2374 sicut

2150 2411 2497 2467 anachoretis
2563 2410 2796 2468 absurda
2871 2413 3119 2484 quadam
3189 2411 3448 2482 suggerit.
3525 2409 3726 2465 Excute

2152 2503 2525 2574 improborum
2565 2518 2659 2560 seu
2705 2504 2996 2561 stultorum
3061 2504 3435 2576 religiosorum
3492 2518 3723 2565 mentes,

2149 2609 2205 2653 et
2241 2597 2613 2667 deprehendes
2658 2612 2898 2653 errorem
2957 2598 3008 2653 in
3070 2597 3176 2652 illis
3211 2616 3221 2649 τ
3251 2598 3476 2651 nimium
3533 2594 3726 2650 solitu-

2149 2688 2295 2744 dinis
2347 2687 2611 2752 studium,
2676 2698 2947 2745 extremas
3008 2687 3344 2758 jejunitates,
3396 2685 3726 2741 indefessam

2152 2781 2408 2852 precandi
2463 2782 2911 2845 contentionem,
2972 2780 3217 2835 ultimam
3277 2780 3360 2836 sui
3417 2780 3726 2850 despicien-

2156 2874 2316 2940 tiam,
2372 2881 2631 2928 :eternam
2706 2872 2898 2927 mortis
2981 2871 3334 2938 memoriam,
3403 2873 3723 2928 cominuum

463 2965 783 3035 ἐπιτύχωσι.
830 2965 1141 3034 Μακαρίζει
1187 2965 1318 3034 παρ’
1351 2966 1682 3035 ἠσυχασταῖς
1727 2966 1758 3018 ὁ
1788 2958 2044 3020 ἀπατεὼν

2156 2967 2314 3021 animi
2369 2965 2596 3031 luctum,
2646 2962 2940 3035 perfectam
3013 2965 3112 3020 ira:
3167 2966 3522 3028 sedationem,
3577 2979 3728 3018 sunt-

463 3054 571 3110 τῶν
601 3054 856 3126 ὑπηκόων
882 3055 978 3125 τὴν
1005 3053 1328 3122 φιλοξενίαν,
1357 3056 1456 3125 τὴν
1474 3053 1767 3122 διακονίαν,
1796 3055 1897 3126 τὴν
1923 3055 2044 3123 φιλ-

466 3145 744 3215 αδελφίαν,
802 3145 898 3198 καὶ
954 3144 1359 3215 συνδιαγωγὴν,
1414 3146 1511 3216 τὴν
1575 3146 1684 3198 τῶν
1749 3145 2044 3200 νοσούντων

467 3237 792 3308 ὑπηρεσίαν,
823 3236 912 3291 ἵνα
949 3237 1232 3300 κάκείνους
1269 3237 1713 3306 ἀνυπομονήτους
1747 3235 1886 3290 κατὰ
1921 3237 2046 3299 τοὺς

469 3330 767 3400 προτέρους
799 3329 1179 3398 ἀπεργάσηται
1213 3329 1244 3382 ὁ
1269 3328 1487 3390 πλάνος.
1520 3326 1768 3382 Σπανίων
1795 3327 1894 3398 μὲν
1915 3327 2043 3398 γὰρ,

465 3421 542 3485 ὡς
571 3419 784 3491 ἀληθῶς
813 3418 872 3473 τὺ
903 3419 1046 3488 λόγῳ
1074 3418 1172 3490 τῆς
1198 3419 1427 3489 ἡσυχίας
1459 3417 1835 3488 μετέρχεσθαιο
1864 3416 2049 3471 κάκεί-

469 3529 576 3568 νων
613 3513 789 3584 μόνων
810 3511 919 3566 τῶν
957 3510 1052 3582 τὴν
1080 3509 1228 3565 θείαν
1265 3509 1607 3582 παράκλησιν
1645 3509 1781 3581 πρὸς
1811 3510 1908 3580 τὴν
1941 3510 2049 3564 τῶν

473 3607 648 3662 πόνων
678 3603 1050 3677 παραμυθίαν,
1082 3605 1176 3657 κα)⁴
1209 3603 1460 3673 πολέμων
1495 3604 1812 3674 συνέργεικν
1840 3621 2050 3676 κτησα-

475 3701 675 3770 μένων.
724 3697 868 3769 Πρὸς
904 3696 1003 3761 τὰς
1035 3695 1325 3767 ποιότητας
1368 3695 1523 3766 ἡμῶν
1559 3696 1667 3750 τῶν
1713 3695 1920 3765 παθῶν,
1957 3695 2048 3752 καὶ

471 3794 570 3856 τάς
599 3791 875 3859 erraturi;
897 3789 1280 3860 διακρίνωμεν,
1309 3790 1402 3842 καὶ
1430 3790 1776 3861 ἐκλεξώμεθα
1811 3791 2048 3862 πρεπόντ

473 3901 600 3948 τως.
632 3885 813 3938 Ἔστω
843 3881 953 3955 (98)
991 3898 1073 3936 σοι
1111 3883 1239 3954 περὶ
1270 3882 1332 3936 τὸ
1363 3880 1558 3951 λάγνον
1594 3884 1848 3955 ἀκρατῶς
1875 3883 2051 3955 ἔχοντι

477 3978 568 4030 καί
593 3974 807 4046 ρἑοντι
834 3975 1172 4046 γυμναστὴς,
1201 3975 1311 4045 (99)
1340 3975 1600 4047 ἀσκητὴς,
1625 3978 1716 4030 καὶ
1741 3978 2054 4050 ἀπαράκληο

477 4087 566 4134 τος
603 4067 738 4140 πρὸς
770 4067 996 4139 τροφὴν,
1029 4068 1121 4121 καὶ
1157 4067 1230 4139 μὴ
1259 4069 1457 4139 μᾶλλον
1500 4069 1915 4139 θαυματοποιὸς,
1963 4073 2053 4124 καὶ

477 4162 690 4231 ἶτοιμος
721 4161 882 4214 παντὶ
909 4163 988 4222 είς
1016 4159 1282 4232 ὑποδοχὴν
1317 4161 1410 4214 καὶ
1438 4162 1735 4234 τράπεζαν.
1772 4163 1950 4217 Ἔστω
1973 4181 2053 4217 σοι

479 4251 744 4324 ὑψαύχενι
771 4253 882 4307 δντι
912 4251 1036 4316 ὀξὺς
1060 4252 1153 4304 καὶ
1175 4252 1631 4324 ἀπαραχώρητος,
1668 4257 1758 4308 καὶ
1783 4256 1856 4328 μὴ
1884 4258 2053 4326 πρᾶος

480 4346 574 4399 καὶ
622 4342 1018 4416 φιλάνθρωπος*
1056 4343 1132 4415 μὴ
1181 4344 1431 4416 ζητῶμεν
1486 4346 1863 4416 προγνὼστας,
1920 4349 2052 4418 μηδέ

482 4435 846 4505 προϐλέπτας·
880 4433 1014 4488 ἀλλά
1047 4434 1154 4508 πρὸ
1186 4436 1403 4489 πάντων
1453 4438 1668 4500 πάντως
1700 4440 2056 4507 ταπεινόφρο-

480 4547 598 4594 νας,
625 4530 717 4582 καὶ
745 4531 810 4599 τῇ
855 4530 914 4582 ὲν
945 4530 1077 4599 ἡμῖν
1127 4529 1265 4600 νόσῳ
1309 4530 1603 4602 ἁρμοδίως
1652 4533 1712 4582 ὲκ
1739 4534 1940 4602 τρόπου
1966 4534 2056 4586 καὶ

481 4619 574 4672 τοῦ
604 4617 958 4687 καθίσματος.
995 4619 1175 4672 Ἔστω
1202 4636 1282 4672 σοι
1313 4623 1452 4674 κατὰ
1485 4622 1572 4674 τὴν
1608 4623 1938 4691 ’Λῦὅάκυρον
1969 4627 2058 4678 τὸν

485 4708 1036 4782 προμνημονευθὲντα
1082 4710 1307 4774 δίκαιον,
1362 4713 1454 4766 καὶ
1502 4706 1654 4776 οὗτος
1709 4714 1870 4779 καλὸς
1925 4718 2060 4786 πρὸς

487 4799 732 4872 ὑπακοὴν
759 4803 788 4852 ὁ
815 4800 1035 4872 τρόπος,
1059 4798 1119 4852 τὸ
1148 4799 1237 4853 ἀεὶ
1265 4799 1592 4870 λογίζεσθαι,
1620 4803 1699 4855 ὅτι
1723 4804 1971 4875 πειράζει
2001 4824 2059 4860 σε

486 4896 514 4947 ὁ
547 4892 844 4964 προεστὼς,
871 4894 965 4947 καὶ
996 4892 1058 4946 ού
1095 4892 1169 4963 μὴ
1203 4895 1523 4964 ἀστοχήσεις
1560 4897 1710 4951 ποτέ.
1744 4898 1912 4951 Ὅταν
1937 4901 2058 4952 ἐπι-

488 4987 817 5055 πλήσσοντος
855 4985 1170 5050 ἀπαύστως,
1213 4983 1433 5040 πλείονα
1467 4988 1563 5060 τὴν
1609 4988 1744 5060 πρὸς
1781 4991 1940 5044 αὑτὸν
1974 4993 2062 5044 πί-

489 5097 605 5133 στιν
635 5081 726 5133 κα“ι
754 5078 975 5148 ἀγάπην
1000 5077 1444 5151 προσλαμϐάνῃς,
1471 5080 1696 5153 Πνεῦμα
1725 5083 1878 5152 ἆγιον
1908 5085 2062 5154 ἀορά·

454 5189 595 5235 »τως
621 5174 679 5224 ὲν
710 5173 774 5241 τῇ
801 5170 946 5242 ψυχῇ
977 5187 1070 5223 σου
1100 5171 1364 5243 ὲνῴκησε,
1403 5174 1497 5226 καὶ
1530 5173 1757 5245 δύναμις
1809 5177 2062 5245 Ὑψίστου

489 5263 784 5317 ὲπεσκίασέ
810 5281 912 5328 σοι,
945 5262 1200 5332 γίνωσκε.
1231 5265 1376 5337 Πλὴν
1400 5267 1474 5338 μὴ
1496 5267 1705 5338 καυχῶ,
1733 5269 1864 5339 μηδὲ
1886 5272 2061 5339 χαῖρε,

490 5355 751 5424 γενναίως
779 5357 1066 5427 ὑποφέρων
1093 5355 1192 5421 τάς
1217 5355 1400 5427 ὕϐρεις
1422 5359 1514 5411 καὶ
1539 5359 1636 5422 τὰς
1659 5360 1901 5430 ἀτιμίαςο
1931 5362 2066 5415 ἀλλᾶ

497 5447 697 5518 μᾶλλον
717 5447 924 5520 θρήνει,
962 5450 1046 5501 ὅτι
1088 5448 1224 5512 ὅλως
1268 5447 1416 5515 ἄξιόν
1442 5469 1492 5504 τι
1530 5450 1738 5524 ὕϐρεως
1773 5454 2063 5522 διεπράξω,

498 5541 590 5593 καὶ
620 5540 886 5610 ὲτάραξας
915 5539 1095 5612 ψυχὴν
1129 5541 1268 5594 κατὰ
1308 5541 1421 5596 σοῦ.
1459 5544 1551 5613 Μὴ
1582 5544 1726 5614 (100)
1759 5543 2063 5616 θαμϋηῢῇς,

498 5633 583 5702 ἐφ’
608 5625 652 5701 ᾧ
679 5633 857 5703 μέλλω
885 5633 1088 5702 λέγειν·
1116 5633 1354 5704 Μωῦσῆν
1379 5633 1456 5706 (α)
1485 5635 1591 5705 γὰρ
1620 5636 1725 5706 ἔχω
1753 5639 2062 5707 συνήγορον·

2147 3073 2292 3112 mam
2341 3056 2798 3120 taciturnitatem,
2853 3057 3129 3112 ccclestem
3195 3057 3521 3112 castitatem.
3579 3056 3728 3120 Quas

2148 3150 2374 3204 virtutes
2435 3163 2560 3204 cum
2614 3149 2670 3202 in
2729 3149 2997 3220 tyrocinio
3060 3148 3373 3219 religionis,
3442 3149 3586 3217 quod
3652 3148 3728 3208 ita

2149 3238 2260 3296 Deo
2351 3238 2626 3293 videretur
2666 3279 2681 3302 ,
2773 3254 2878 3294 non
2973 3239 3160 3294 statim
3248 3248 3670 3310 assequercntur

2149 3339 2352 3385 temere
2447 3345 2478 3384 a
2563 3337 2742 3398 empto
2813 3340 3010 3385 conatu
3095 3329 3304 3400 decepti
3394 3330 3730 3385 resilierunt.

2147 3419 2414 3493 89Natn
2463 3419 2666 3474 idcirco
2699 3419 2870 3476 hostis
2926 3430 3050 3476 ante
3075 3419 3284 3490 justum
3337 3430 3550 3490 tempus
3592 3418 3696 3474 alie

2149 3524 2297 3570 ctare
2337 3520 2446 3566 tam
2477 3510 2734 3565 sublimia
2786 3511 2906 3566 illos
2963 3512 3156 3574 voluit,
3200 3527 3268 3566 ne
3319 3522 3726 3582 perseverantes

2150 3607 2446 3662 virtutibus
2481 3605 2586 3660 illis
2635 3620 2737 3660 suo
2793 3613 3036 3675 tempore
3093 3605 3418 3674 potirentur.
3454 3603 3699 3673 Depraedi

2151 3707 2240 3755 cat
2275 3699 2414 3770 apud
2451 3695 2810 3752 anachoretas
2851 3695 2991 3750 idem
3033 3705 3301 3750 veterator
3326 3693 3725 3748 coenobitarum

2156 3791 2597 3861 hospitalitatem,
2631 3789 3016 3854 ministerium,
3053 3788 3348 3844 fraternam
3381 3789 3728 3852 eharitatem,

2155 3883 2423 3939 familiare
2476 3883 2915 3949 contubernium,
2979 3897 3168 3938 curam
3228 3897 3519 3950 aegrorum,
3581 3891 3638 3935 ut
3677 3889 3733 3936 ιι

2156 3975 2776 4046 illos,quemadmodum
2812 3975 3046 4045 priores,
3089 3974 3450 4044 praestigiator
3487 3976 3552 4028 de
3584 3980 3730 4027 statu

2155 4068 2279 4121 vita:
2318 4083 2431 4122 sua:
2483 4067 2718 4138 dejiciat.
2753 4067 3062 4122 Paucorum
3095 4083 3225 4124 sane
3261 4078 3345 4122 est
3397 4067 3564 4122 vitam
3601 4083 3730 4122 aua-

2156 4157 2509 4222 choreticam,
2547 4157 2625 4212 uti
2683 4159 2857 4224 decet,
2893 4172 3076 4229 agere,
3132 4167 3186 4212 ct
3219 4173 3408 4213 eorum
3466 4159 3733 4213 duntaxat

2158 4250 2252 4321 qui
2281 4249 2344 4303 ad
2373 4250 2642 4315 laborum,
2673 4251 3034 4304 certaminum
3079 4248 3337 4305 alacriter
3378 4250 3730 4306 sustinendo-

2159 4357 2280 4397 rum
2333 4339 2560 4412 gratiam
2619 4341 2824 4396 caelesti
2861 4341 3236 4396 consolatione
3283 4342 3586 4396 firmantur.
3629 4343 3731 4396 Pri.

2158 4429 2368 4486 ratione
2427 4431 2682 4485 vitiorum
2760 4442 3073 4486 nostrorum
3145 4433 3530 4488 convenienter
3577 4439 3734 4488 nol-is

2161 4538 2468 4593 quzcramus
2499 4531 2554 4578 et
2587 4524 2888 4596 deligamus
2923 4533 3125 4578 statum
3166 4524 3510 4581 obedientize.
3549 4526 3648 4592 Qui
3683 4538 3734 4582 te

2159 4619 2226 4671 ad
2260 4617 2731 4686 intemperantiam
2759 4627 2813 4672 et
2840 4619 3089 4686 corporis
3140 4619 3444 4690 voluptates
3501 4637 3730 4690 propriti-

2160 4711 2288 4764 dere
2326 4712 2515 4773 sentis,
2540 4710 2756 4765 virtutis
2781 4709 3100 4781 magistrum
3141 4722 3194 4766 et
3249 4712 3453 4766 ventris
3491 4715 3726 4781 castiga-

2163 4807 2361 4859 tionem
2431 4803 2817 4859 inexorabilem
2898 4806 3130 4875 inquire,
3186 4823 3293 4860 non
3361 4807 3733 4877 prodigiorum

2164 4908 2493 4970 patratorem
2535 4916 2627 4955 seu
2660 4897 3127 4971 thautnalurgum,
3173 4918 3278 4956 non
3331 4903 3651 4972 hospitalem
3683 4913 3735 4955 et

2164 4994 2341 5047 (initis
2393 4991 2670 5046 adventori
2727 5008 2969 5046 mensam
3022 5004 3395 5064 apparantem.
3453 4995 3636 5049 Elatus
3684 5004 3737 5048 et

2167 5099 2428 5153 arrogans
2462 5083 2661 5153 deligat
2705 5095 2970 5139 rectorem
3037 5101 3252 5140 tuorum
3304 5087 3731 5148 stomachosum,

2170 5175 2439 5240 tetricum,
2473 5191 2751 5245 nunquam
2798 5179 3152 5243 renidentem,
3215 5178 3308 5232 sed
3358 5177 3733 5231 inclementem

2170 5281 2222 5323 τι
2247 5269 2622 5324 inhumanum.
2661 5267 2777 5323 Non
2808 5285 3116 5339 quieratnus
3165 5269 3259 5339 qui
3302 5270 3456 5324 nobis
3479 5269 3545 5324 de
3573 5271 3736 5323 rebus

2172 5363 2372 5417 futuris
2429 5363 2651 5418 oracula
2693 5362 2876 5425 edant,
2918 5373 3011 5415 aut
3044 5361 3210 5414 multa
3247 5361 3571 5430 prrevideant
3597 5379 3608 5414 :
3639 5362 3736 5416 sed

2168 5456 2418 5509 ductores
2467 5455 2557 5523 qui
2591 5461 2718 5506 ante
2749 5453 2931 5504 omnia
2985 5451 3363 5506 submissionis
3418 5459 3474 5505 et
3513 5450 3736 5504 humili-

2173 5545 2298 5598 tatis
2349 5545 2592 5612 exempla
2643 5560 2752 5612 prae
2796 5560 2852 5598 se
2897 5545 3088 5606 lerant,
3145 5545 3347 5614 quique
3395 5545 3463 5598 ad
3517 5544 3738 5598 morbos

2181 5637 2344 5691 animi
2389 5638 2555 5691 nostri
2591 5637 2859 5690 curandos
2893 5639 3001 5690 sint
3033 5639 3227 5701 idonei,
3256 5653 3483 5708 seseque
3522 5637 3587 5690 ad
3619 5653 3738 5689 mo-

575 5754 651 5821 (τι)
688 5749 915 5814 Michael
961 5748 1222 5813 lsseltius,
1277 5754 1369 5822 qui
1431 5764 1588 5810 notus
1645 5754 1710 5810 ad
1755 5755 2054 5811 Cliniae-um
2097 5757 2334 5825 scripsit,
2395 5767 2548 5825 negat
2615 5759 2818 5827 (adnot.
2875 5757 2964 5826 ΞΠ)
3002 5757 3083 5810 hic
3142 5755 3543 5826 intelligendum
3611 5769 3733 5811 (ιλιι
