4094 6192
509 277 614 344 765

1538 281 1767 342 SCALA
1801 281 2178 343 PARADISI.
2212 310 2280 320 —
2306 287 2613 351 GRADUS
2652 290 2719 350 ι’.

3666 293 3768 356 766

507 389 545 444 ἃ
572 389 647 452 ὡς
679 387 866 458 ἔτυχεν
910 386 1185 457 ὀφθαλμὸς
1215 387 1504 458 ἀνθρώπου
1536 387 1770 458 ἀμελοῦς
1809 391 1908 442 ούκ
1951 386 2069 455 εἶδε1

2189 413 2357 464 rarer,
2382 397 2568 468 rogavi
2594 407 2849 454 sanctum
2874 395 3023 451 illum
3058 397 3338 469 prmsidem
3372 398 3451 455 uti
3482 399 3614 454 milti
3641 402 3766 457 lice-

508 483 601 536 καὶ
622 477 711 544 οὖς
735 480 980 552 ῥᾳθύμου
1002 483 1062 533 ού
1088 482 1324 551 δέχεται,
1353 483 1446 532 καὶ
1469 481 1562 533 ἐπὶ
1593 481 1820 550 καρδίαν
1845 483 2079 554 όκνηροῦ

503 574 603 626 οὐκ
635 573 804 645 ἀνέϐη
829 589 844 606 ⁸
892 574 1194 644 πράγματα
1233 573 1328 626 καὶ
1377 573 1597 644 ῥήματα
1632 573 1723 627 τὸν
1752 574 1887 628 Θεὸν
1925 576 2082 630 δυνα-

507 681 643 736 μενα
676 664 968 736 βιάσασθαι
993 707 1008 732 ,
1038 664 1448 736 ἐπιτηδεύματά
1478 682 1538 718 τε
1572 665 1668 718 καί
1693 667 1950 738 σχήματα
1979 668 2080 740 τὴν

501 753 666 808 αὐτοῦ
691 753 1100 826 φιλανθρωπίαν
1121 754 1401 824 συντόμως
1431 755 1911 826 κατακάμπτοντα.
1939 759 2080 822 Τοὺς

502 843 602 916 μὲν
622 843 733 898 τῶν
757 844 1072 898 ὑπευθύνων
1103 845 1328 899 ἐκείνων
1365 844 1474 899 τῶν
1505 845 1812 900 ἁνευθύνων
1841 851 2080 920 παννυχῖ⁹

501 936 662 1007 μέχρι
685 936 898 1003 πρωῖας
921 934 1242 1007 ἱσταμένους
1280 937 1545 1010 αἱθρίους,
1585 939 1712 1002 τοὺς
1751 941 1917 1003 πόδας
1955 943 2080 996 ἀκι-

497 1027 692 1098 νήτους
731 1027 976 1100 ἔχοντας,
1019 1029 1112 1083 καὶ
1140 1028 1220 1100 τῷ
1251 1028 1407 1100 ὕπνῳ
1443 1031 1689 1096 ἐλεεινῶς
1717 1034 2078 1088 κατακλονου-

499 1118 694 1190 μένους
720 1119 1222 1194 [κατακλωμένους]
1254 1125 1319 1194 τῇ
1350 1123 1442 1195 βίᾳ
1479 1125 1682 1196 ταύτης
1710 1125 1810 1194 τῆς
1838 1125 2073 1195 φύσεως,

497 1212 590 1266 καὶ
626 1211 897 1283 μηδεμίαν
926 1212 1236 1269 ἀνάπαυσιν
1269 1215 1452 1281 αὐτοῖς
1495 1217 1886 1290 χαριζομένους
1911 1234 1922 1247 ·
1959 1219 2075 1272 ἀλλ’

494 1303 721 1369 ἑαυτοὺς
769 1304 1205 1378 ἐπιπλήσσοντας
1235 1308 1330 1360 καὶ
1356 1309 1604 1378 ἀτιμίαις
1633 1311 1728 1362 καὶ
1760 1310 1950 1381 ὕϐρεσι
1999 1309 2080 1364 δι-

493 1393 816 1463 υπνίζοντας
838 1414 852 1429 ’
881 1397 1075 1461 ἄλλους
1101 1398 1182 1463 είς
1207 1399 1435 1472 οὐρανὸν
1465 1401 1829 1468 ἀτενίζοντας,
1854 1405 1948 1458 καὶ
1972 1404 2073 1476 τὴν

494 1490 704 1542 ἐκεῖθεν
735 1489 990 1561 βοήθειαν
1024 1489 1145 1563 μετ’
1180 1490 1429 1562 ὀδυρμῶν
1458 1494 1552 1547 καὶ
1598 1493 1737 1564 βοῶν
1780 1495 2074 1550 ἐπικαλουο

496 1581 730 1650 μένους’
763 1583 982 1654 ἐτέρους
1027 1585 1087 1638 ἐν
1144 1584 1222 1656 ('5)
1278 1589 1553 1658 προσευχῇ
1605 1589 2069 1658 παρισταμένους,

494 1673 588 1726 καὶ
612 1670 836 1726 ὖπισθεν
865 1673 1072 1727 ἑαυτῶν
1094 1675 1400 1728 καταδίκων
1427 1674 1582 1748 δίκην
1607 1678 1707 1742 τὰς
1731 1682 1918 1750 χεῖρας
1943 1696 2072 1734 συνι-

2187 500 2270 543 rel
2319 491 2502 543 sedem
2548 489 2693 543 illam
2732 503 2917 543 coram
2965 489 3253 557 inspicere.
3286 487 3468 546 Cessit
3510 494 3767 562 precibus

2185 583 2322 636 meis
2357 581 2445 634 ille
2476 581 2708 652 inclytus
2738 581 2971 637 emnobii
3005 584 3254 647 antistes,
3289 584 3432 652 quod
3470 584 3636 638 nollet
3679 602 3766 639 nte

2183 673 2292 727 ulla
2345 673 2558 729 ratione
2590 672 2879 728 oﬂcnsum.
2912 673 3050 729 Cum
3099 691 3229 745 ergo
3275 675 3340 728 :ul
3391 676 3566 729 locum
3605 678 3760 730 illzttn

2179 767 2608 835 pmnitentium,
2664 768 2776 822 imo
2824 783 2954 823 vero
3005 768 3069 822 ad
3125 771 3397 838 regionem
3455 765 3758 836 lugentium

2181 858 2478 926 (carcerem
2523 860 2792 931 inquam)
2845 863 3040 917 veniss-
3065 878 3116 914 ιιι
3149 862 3258 930 (ὁ),
3315 862 3417 914 vitli
3460 879 3678 916 t‘tet't't'a.
3715 867 3756 914 si

2179 950 2263 1007 l'as
2295 951 2512 1016 dicere,
2561 969 2684 1023 quae
2707 997 2720 1022 ,
2755 953 2834 1009 uti
2875 955 3049 1016 solet,
3086 954 3319 1007 ltttntinis
3355 954 3531 1022 ignavi
3567 960 3759 1005 m‘ttitH

2177 1060 2286 1099 non
2316 1046 2448 1101 vidit
2472 1084 2488 1110 .
2525 1055 2579 1102 et
2606 1047 2797 1103 inertis
2830 1062 2990 1102 aures
3022 1063 3128 1100 non
3159 1048 3487 1112 audierunt,
3528 1065 3757 1115 qua-qun.

2177 1136 2233 1191 in
2267 1152 2363 1193 cor
2400 1137 2536 1210 pigri
2571 1155 2678 1192 non
2712 1139 3110 1200 ascenderunt,
3160 1137 3299 1190 facta
3327 1180 3342 1203 ,
3389 1139 3516 1206 inqu
3540 1156 3608 1191 tnt
3641 1178 3654 1197 ,
3703 1153 3755 1191 ιιι

2177 1230 2343 1286 verba
2372 1247 2493 1301 quae
2535 1230 2647 1286 Deo
2675 1231 3078 1303 quodammodo
3119 1232 3326 1298 possint
3363 1233 3469 1282 vim
3519 1232 3749 1294 iuret-rt;

2174 1323 2357 1378 studia
2388 1333 2442 1378 ct
2475 1323 2692 1378 habitus
2721 1339 2841 1392 qua!
2869 1323 3208 1376 clementiam
3245 1323 3414 1390 ipsius
3443 1323 3622 1375 statim
3672 1323 3752 1374 in-

2172 1416 2412 1472 ﬂecunt.
2448 1415 2566 1470 Vidi
2797 1415 3061 1484 quosdam
3101 1429 3167 1467 ex
3216 1415 3598 1467 innocentibus
3645 1417 3751 1471 illis

2173 1511 2282 1566 reis
2329 1518 2474 1564 totas
2518 1518 2703 1564 noctes
2735 1509 2800 1560 atl
2839 1523 3010 1577 usque
3055 1522 3214 1561 mane
3251 1507 3354 1560 sttb
3387 1509 3476 1560 ilio
3508 1507 3750 1561 immotis

2173 1599 2404 1671 pedibus
2429 1607 2632 1656 stantes
2655 1639 2669 1662 ,
2698 1607 2753 1653 et
2778 1598 3162 1652 miserabiliter
3189 1612 3312 1650 cum
3347 1613 3540 1650 somno
3565 1607 3618 1650 ct
3648 1613 3746 1651 ua.

2172 1705 2296 1750 tura
2329 1692 2622 1758 luctantes,
2649 1691 2805 1759 vique
2839 1690 3001 1760 Itttjus
3034 1705 3165 1759 pene
3195 1689 3396 1745 fractos
3420 1735 3432 1754 ,
3464 1689 3594 1743 dum
3629 1691 3749 1742 ttul-

489 1763 780 1834 δήσαντας,
805 1767 884 1828 εἰς
905 1765 1010 1836 γῆν
1040 1781 1100 1818 τε
1147 1765 1208 1820 τὸ
1242 1767 1516 1821 σκοτεινὸν
1556 1768 1738 1824 αὐτῶν
1777 1770 2069 1842 πρόσωπον

2174 1788 2280 1842 tam
2311 1785 2414 1841 sibi
2447 1785 2662 1854 penitus
2690 1783 2925 1853 quieti-nt
2973 1783 3307 1849 intlnlgercnl
3333 1824 3346 1844 ,
3390 1784 3498 1835 ituo
3532 1783 3743 1850 seipsos

493 1853 800 1921 κλίναντας,
861 1859 955 1910 καὶ
997 1854 1248 1921 ἀναξίους
1276 1859 1500 1922 ἑαυτοὺς
1551 1859 1651 1930 τῆς
1708 1861 1788 1925 εἰς
1839 1862 2069 1934 οὐρανὸν

493 1945 839 2016 ἀναδλέψεως
915 1947 1422 2028 καταδικάσαντας,
1482 1950 1618 2022 μηδέ
1671 1968 1724 2005 τι
1781 1953 1974 2016 εἰπεῖν,
2032 1955 2067 2028 ἦ

491 2037 848 2108 φθέγξασθαι,
879 2038 912 2110 ἢ
941 2038 1199 2105 εὖξασθαι
1231 2041 1365 2112 πρὸς
1404 2041 1557 2106 Θεὸν,
1589 2042 1693 2096 ὑπὸ
1727 2042 1827 2113 τῆς
1855 2044 1961 2097 τῶν
1989 2046 2068 2100 λο-

493 2131 705 2202 γισμῶν
762 2133 857 2186 καὶ
898 2133 994 2185 τοῦ
1046 2131 1344 2196 συνειδότος
1404 2134 1627 2206 ἀτιμίας
1677 2136 2065 2207 εὐποροῦντας,

493 2223 628 2294 μηδέ
667 2221 838 2295 πῶςῆ
871 2221 1033 2275 πόθεν
1064 2223 1159 2294 τὴν
1189 2224 1395 2276 ἱκεσίαν
1417 2223 1748 2295 ποιήσασθαι
1783 2226 2068 2297 εὑρίσκον-

491 2331 609 2378 τας,
646 2314 813 2385 μόνην
854 2313 928 2386 (εί)
966 2313 1148 2384 ψυχὴν
1179 2313 1390 2383 ἄλογον,
1425 2316 1518 2368 καὶ
1559 2314 1685 2368 νοῦν
1729 2315 1943 2385 ἄφωνον
1987 2317 2066 2388 τῷ

489 2406 606 2478 Θεῷ
637 2407 1038 2478 παριστῶντας,
1071 2405 1288 2471 σκοτίας
1316 2407 1800 2479 πεπληρωμένους,
1846 2411 1940 2464 καὶ
1972 2409 2066 2480 ψι-

487 2498 583 2568 λῆς
621 2497 985 2567 ἀπογνώσεως
1013 2514 1026 2528 ·
1057 2498 1254 2562 ἄλλους
1292 2501 1349 2551 ἐν
1390 2498 1469 2570 τῷ
1516 2499 1698 2570 ἐδάφει
1727 2502 1821 2555 ἐπὶ
1856 2504 2064 2555 σάκκου

489 2599 584 2651 καὶ
611 2595 807 2650 σποδοῦ
837 2593 1202 2667 καθημένους,
1228 2594 1323 2649 καὶ
1343 2593 1404 2648 rb
1429 2596 1718 2666 πρόσωπον
1739 2599 1851 2660 τοῖς
1873 2599 2066 2664 γόνασι

487 2689 877 2755 καλύπτοντας,
937 2692 1034 2744 καὶ
1082 2691 1144 2743 τὺ
1169 2689 1420 2760 μέτωπον
1450 2692 1528 2752 είς
1564 2691 1665 2760 γῆν
1714 2690 2014 2755 τύπτοντας
2047 2709 2061 2722 ο

488 2784 707 2854 ἐτέρους
763 2782 826 2835 τὸ
885 2781 1080 2854 στῆθος
1123 2783 1416 2846 διαπαντὸς
1470 2783 1792 2850 τύπτοντας,
1838 2786 1930 2838 καὶ
1965 2785 2065 2857 τὴν

483 2880 691 2930 ἑαυτῶν
717 2876 792 2948 (ὖ)
820 2876 994 2948 ψυχὴν
1020 2878 1114 2931 καὶ
1141 2875 1286 2949 ζωὴν
1325 2876 1821 2945 ἀνακαλουμένους.
1867 2879 1929 2929 Ol
1964 2879 2064 2947 μὲν

488 2970 545 3022 ἐν
574 2969 798 3033 ἐκείνοις
817 2971 876 3021 τὸ
906 2969 1226 3038 ἔδαφοςτοῖς
1238 2968 1498 3040 δάκρυσιν
1519 2967 1770 3040 ἐόρεχονο
1794 2969 1842 3022 οἱ
1882 2968 1938 3021 δὲ
1967 2968 2064 3021 δα-

491 3061 672 3130 κρύων
718 3060 1047 3133 ἀποροῦντες
1097 3061 1321 3123 ἑαυτοὺς
1351 3060 1687 3113 κατέκοπτον
1714 3062 1815 3130 (a).
1857 3062 1922 3112 Ui.
1966 3061 2064 3130 μὲν

487 3151 562 3216 ὡς
601 3151 694 3205 ἐπὶ⁸
732 3154 852 3216 ταῖς
899 3151 1106 3205 ἑαυτῶν
1131 3152 1330 3222 ψυχαῖς
1371 3150 1656 3215 ὡλόλυζον,
1687 3150 1786 3219 τὴν
1837 3150 2064 3223 συνοχὴν

489 3245 584 3314 τῆς
617 3244 842 3315 καρδίας
876 3242 1064 3314 φέρειν
1090 3242 1167 3315 μὴ
1207 3243 1480 3314 ἰσχύοντες
1503 3259 1516 3270 ·
1547 3243 1596 3295 ot
1628 3243 1684 3296 δὲ
1716 3245 1783 3312 τῇ
1822 3243 1898 3312 (6)
1926 3259 2067 3314 καρ-

487 3337 573 3407 δίᾳ
601 3337 851 3409 ἔϐρυχον,
898 3337 993 3390 καὶ
1021 3335 1100 3409 τῷ
1130 3337 1360 3408 στόματι
1391 3337 1485 3391 τὸν
1511 3335 1604 3390 τοῦ
1639 3335 1876 3407 ὀδυρμοῦ
1896 3336 2066 3406 ψόφον

487 3429 796 3485 διεκώλυον.
840 3431 999 3485 Ἔστι
1041 3429 1098 3482 δέ
1147 3431 1232 3484 ὅτε
1289 3429 1484 3501 μηκέτι
1524 3431 1745 3500 κρατεῖν
1793 3427 2068 3499 ἰσχύοντες

490 3521 769 3590 αἰφνιδίως
801 3519 1123 3592 ἀνέκραξαν.
1170 3514 1322 3596 Εἶδον
1369 3518 1480 3589 ἐγὼ
1525 3520 1640 3573 ἐκεῖ
1683 3535 1836 3584 τινας
1874 3519 2064 3590 ὥσπερ

491 3613 696 3668 ἑαυτῶν
742 3611 1102 3682 ἐξεστηκότας
1153 3608 1232 3682 τῷ
1281 3611 1399 3682 ἦθει
1448 3609 1544 3664 καὶ
1589 3612 1654 3680 τῇ
1705 3610 1924 3682 συννοίᾳ
1976 3612 2065 3664 ἐν·

491 3707 645 3770 νεούς
695 3723 848 3770 τινας
897 3709 966 3778 τῇ
1019 3703 1185 3778 πολλῇ
1242 3704 1510 3776 ἀδημονίᾳ
1569 3705 1863 3774 γεγονότας
1912 3703 2067 3766 ὅλους

491 3799 932 3870 ἐσκοτισμένους,
980 3797 1074 3852 καὶ
1101 3798 1292 3868 ῶσπερ
1321 3797 1678 3866 ἀναισθήτους
1721 3796 1856 3869 πρὸς
1889 3798 2068 3851 πάντα

492 3895 684 3969 [καιτὰ
722 3895 818 3949 τοῦ
853 3895 969 3967 βίου
1003 3895 1388 3966 τυγχάνοντας,
1431 3891 1508 3964 τῷ
1542 3892 1621 3946 νοῒ
1669 3893 1852 3948 λοιπὸν
1893 3895 1950 3947 ἐν
2000 3895 2067 3964 τῇ

417 4039 429 4051 ,
490 3990 713 4060 ἀδύσσῳ
760 3991 860 4060 τῆς
905 3987 1288 4052 ταπεινώσεως
1344 3987 1790 4053 καταδύσαντας,
1843 3987 1938 4041 καὶ
1989 3986 2070 4057 τῷ

493 4084 624 4155 πυρὶ
653 4083 748 4154 τῆς
778 4081 1020 4154 ἀθυμίας
1046 4081 1118 4137 τὰ
1143 4082 1253 4136 τῶν
1291 4079 1587 4151 ὀφθαλμῶν
1613 4080 1826 4151 δάκρυα
1858 4082 2068 4151 ἀποτηο-

491 4174 850 4244 γανίσαντας”
885 4174 1076 4239 ἄλλους
1105 4173 1451 4244 καθημένους
1485 4171 1708 4235 σύννους
1739 4175 1818 4236 εἰς
1852 4174 1956 4242 γῆν
1982 4188 2068 4225 νε-

494 4269 784 4336 νευκότας,
859 4268 954 4322 καὶ
991 4265 1098 4340 τὴν
1155 4267 1364 4320 ἑαυτῶν
1411 4263 1652 4337 κεφαλὴν
1705 4264 2068 4326 ἀδιαλείπτως

493 4359 797 4424 κινοῦντας,
823 4360 918 4434 καὶ
949 4358 1106 4431 δίκην
1152 4356 1386 4412 λεόντων
1435 4357 1663 4429 καρδίας
1724 4357 1818 4411 καὶ
1863 4355 2070 4427 ὀνύχων

2172 1876 2409 1950 graviter
2444 1873 2622 1929 adbttc
2651 1872 3002 1942 objttrgarent
3027 1911 3040 1933 ,
3077 1882 3128 1924 et
3157 1873 3407 1926 COItt‘iliiS
3440 1872 3662 1939 insuper
3691 1880 3745 1926 et

2169 1965 2517 2024 contumeliis
2544 1964 2865 2018 excitarent.
2917 1961 3064 2015 Alios
3102 1963 3299 2018 cmlttm
3348 1964 3616 2017 intuentes
3640 2006 3655 2030 ,
3691 1973 3746 2018 et

2171 2056 2323 2112 illinc
2353 2070 2510 2124 opem
2541 2068 2665 2106 cum
2701 2051 3031 2104 lamentabili
3067 2067 3196 2106 voce
3216 2053 3525 2121 gemituque
3546 2055 3746 2121 implo-

2171 2160 2379 2204 rantes.
2424 2147 2576 2202 Alios
2611 2148 2736 2201 item
2769 2147 2860 2215 qui
2900 2147 2950 2198 itt
2990 2147 3240 2215 precibus
3279 2149 3743 2216 perseverabant,

2170 2258 2366 2298 manus
2397 2251 2517 2312 post
2561 2250 2709 2311 terga
2733 2240 3123 2294 sceleratorum
3163 2243 3267 2292 rttn
3303 2239 3527 2292 revincti
3564 2242 3743 2296 vultus

2167 2338 2278 2390 alto
2321 2349 2556 2388 moerere
2599 2331 2858 2385 confusos
2911 2329 3060 2383 ltttttti
3092 2329 3395 2398 deligi-bant
3422 2371 3435 2394 ,
3471 2337 3528 2383 ttt
3560 2330 3650 2397 qni
3684 2344 3744 2384 se

2168 2427 2422 2497 indignos
2447 2423 2755 2494 judicarcttt
2775 2422 2865 2490 qui
2893 2421 3088 2475 caelum
3114 2423 3466 2488 respicerent,
3495 2420 3627 2474 ttilttl
3653 2435 3746 2474 au-

2166 2534 2258 2574 sos
2291 2517 2464 2588 loqui,
2512 2515 2776 2570 necillant
2825 2529 3009 2567 vocem
3060 2514 3311 2577 mittere,
3366 2529 3462 2565 nec
3494 2513 3742 2580 precari,

2169 2607 2406 2663 Deumve
2429 2623 2538 2678 prae
2563 2605 2953 2676 cegitationnm
2989 2604 3146 2656 turba
3183 2613 3236 2656 et
3272 2603 3614 2657 conscientia:
3643 2612 3745 2656 tre-

2163 2703 2441 2776 pidatione
2467 2711 2522 2756 et
2550 2699 2844 2771 ignominia
2870 2700 3160 2768 appellare,
3201 2714 3305 2752 non
3333 2699 3592 2754 habentes
3617 2699 3745 2768 quit!

2164 2807 2220 2853 et
2244 2798 2520 2868 quomotlo
2545 2794 2823 2856 dicerent,
2859 2793 3108 2861 ttntleqtte
3145 2808 3362 2861 precum
3386 2792 3609 2846 exordia
3641 2794 3747 2845 du-

2163 2899 2370 2954 cerent,
2406 2889 2498 2941 sed
2542 2887 2712 2940 solam
2755 2887 2991 2939 animant
3032 2888 3240 2940 ratione
3261 2885 3544 2940 confusam
3593 2901 3746 2939 men-

2166 2986 2386 3048 temque
2412 2975 2555 3041 Deo,
2590 2977 2732 3046 pleni
2783 2976 3020 3030 tenebris
3048 2985 3102 3031 et
3135 2977 3317 3032 subtili
3353 2978 3507 3045 quasi
3547 2977 3742 3047 despc-

2168 3070 2379 3123 rationc
2405 3067 2580 3122 allecti
2601 3109 2617 3134 ,
2651 3076 3118 3137 repra'sentantes.
3152 3065 3427 3123 Sedebant
3454 3069 3544 3122 alii
3589 3069 3742 3123 humi

2169 3161 2222 3215 itt
2256 3162 2563 3230 pavimento
2593 3175 2758 3230 super
2779 3159 3016 3216 cinerem
3051 3168 3106 3215 et
3131 3176 3371 3226 saccum,
3403 3161 3743 3232 genibusque

2169 3256 2378 3310 vultum
2410 3254 2697 3324 tegebant,
2735 3252 3004 3310 frontibus
3037 3256 3269 3309 humum
3306 3255 3559 3311 ferientes
3594 3273 3608 3311 :
3649 3255 3744 3311 alii

2168 3346 2390 3402 assidue
2433 3354 2622 3414 pectus
2657 3343 2961 3398 tundebant
2981 3389 2996 3412 ,
3038 3346 3235 3401 anima:
3259 3362 3372 3401 sua:
3398 3356 3598 3403 statum
3629 3347 3746 3416 pri-

2169 3455 2318 3494 mum
2350 3439 2621 3509 vitamque
2651 3439 2976 3509 przetcritam
3018 3440 3221 3508 (quam
3251 3454 3375 3494 cum
3404 3439 3606 3495 virtute
3631 3448 3748 3495 tra-

2169 3529 2476 3600 duxerant)
2511 3539 2849 3586 revocantes.
2880 3529 2954 3583 Ει
2987 3530 3073 3586 bis
3101 3545 3232 3600 ergo
3257 3530 3348 3585 alii
3377 3531 3745 3601 pavimentum

2169 3620 2427 3691 lacrymis
2460 3621 2799 3676 inuudabant
2823 3657 2838 3683 ,
2879 3621 2970 3674 alii
3001 3621 3363 3692 lacrytnarum
3401 3621 3547 3677 fonte
3579 3622 3748 3677 desti-

2171 3716 2270 3768 tuti
2303 3729 2361 3768 se
2389 3713 2539 3782 ipsos
2565 3713 2996 3768 diverberabant.
3031 3714 3132 3767 Alii
3167 3724 3422 3785 tanquam
3481 3715 3638 3786 117
3689 3718 3744 3770 in

2173 3806 2361 3861 funere
2397 3805 2610 3862 animas
2641 3821 2770 3860 suas
2800 3805 3258 3872 lamentabantur,
3292 3823 3392 3862 nec
3423 3807 3746 3877 magnitudi-

2170 3914 2292 3953 nem
2325 3899 2532 3953 tloloris
2578 3909 2794 3969 pectore
2835 3908 3084 3967 poterant
3122 3903 3422 3955 continere.
3465 3901 3565 3953 Alii
3599 3901 3745 3955 intus

2172 3990 2420 4061 (leonum
2463 3991 2674 4060 instar)
2727 3992 3009 4060 rttgiebant
3057 4001 3111 4046 et
3163 3995 3353 4061 spiritu
3405 3991 3743 4054 fremebant,

2171 4082 2266 4137 scd
2317 4083 2531 4137 interim
2581 4083 2864 4152 strepitum
2918 4084 3278 4138 latncutorutn
3337 4085 3745 4154 reprimebant,

2171 4175 2421 4246 quamvis
2476 4176 2583 4228 vim
2625 4175 2828 4229 doloris
2869 4191 3262 4245 nonnunquam
3306 4193 3413 4230 non
3474 4178 3748 4245 potuerint

2173 4269 2444 4323 sustinere
2467 4309 2482 4334 ,
2518 4269 2610 4323 sed
2650 4278 2872 4337 repente
2903 4269 2956 4322 in
2995 4279 3207 4337 apertos
3248 4271 3513 4323 clamores
3555 4283 3746 4337 erupe—

2173 4359 2304 4412 rint.
2342 4359 2594 4428 Spectavi
2632 4375 2733 4428 ego
2777 4358 2850 4413 ibi
2882 4359 3149 4429 quosdam
3183 4375 3248 4414 eo
3275 4362 3523 4429 corporis
3559 4360 3747 4414 habitu

495 4449 790 4525 Ιέγκάτων]
844 4450 1143 4524 βρύχοντας
1204 4451 1300 4506 καὶ
1361 4450 1670 4513 στένοντας.
1742 4451 1805 4503 οι
1863 4448 1960 4518 μέν
2011 4450 2068 4502 ἐν

2172 4465 2238 4506 ac
2269 4451 2371 4507 sibi
2407 4451 2475 4504 ab
2505 4466 2564 4512 se
2591 4453 2722 4522 ipsis
2752 4452 3135 4516 excessissent,
3169 4463 3223 4506 et
3249 4453 3358 4506 alto
3398 4465 3630 4506 Ittmrot'c
3654 4452 3750 4504 tle-

493 4546 720 4608 ἐκείνοις
749 4545 943 4614 ἄφεσιν
995 4543 1328 4605 εύελπίστως
1364 4543 1601 4613 παντελῆ
1633 4540 1933 4613 ἐπεζήτουν
1973 4543 2066 4595 καὶ

497 4637 755 4710 ηῠχοντοι
796 4638 970 4708 ἕτεροι
1001 4637 1254 4702 ἀναξίους
1311 4638 1535 4700 ἑαυτοὺς
1564 4639 1661 4707 τῆς
1715 4637 1958 4706 ἀφέσεως
2003 4637 2067 4690 ἐκ

496 4732 878 4794 ταπεινώσεως
930 4731 1137 4802 ἀφάτου
1188 4731 1561 4796 κατεδίκαζον,
1601 4731 1695 4785 καὶ
1743 4733 1818 4803 μὴ
1865 4731 2069 4801 ἰσχύειν

496 4823 936 4896 ἀπολογήσασθαι
979 4824 1059 4896 τῷ
1104 4825 1224 4896 Θεῷ
1272 4825 1592 4897 ἀνέκραςον.
1651 4827 1806 4889 Ἰἰνές
1858 4827 1955 4896 μὲν
1987 4827 2070 4878 ἐν-

497 4919 672 4973 ταῦθα
705 4916 1054 4989 κολασθῆναι,
1097 4920 1258 4972 κάκεῖ
1308 4917 1593 4990 ἐλεηθῆναι
1627 4918 1938 4972 ἐδυσώπουν
1981 4919 2074 4972 τὸν

502 5009 739 5084 Κύριον·
788 5011 966 5082 ἕτεροι
997 5010 1440 5082 συντετριμμένοι
1473 5011 1578 5065 ὑπὸ
1604 5011 1700 5065 τοῦ
1736 5010 1938 5083 βάρους
1977 5011 2071 5065 τοῦ

572 5165 814 5238 (a)Male
863 5168 1143 5224 transtulit
1189 5168 1337 5223 hunc
1370 5167 1548 5222 locum
1603 5166 2061 5231 Camaldnlensis,

497 5242 719 5306 quando
766 5239 853 5292 illa
895 5240 1054 5291 verba
1086 5240 1306 5293 Clitnaci
1358 5240 1584 5302 ἑαυτοὺς
1636 5239 1861 5291 ἔκοπτον
1897 5241 2065 5292 inter-

502 5318 745 5376 pretatus
769 5316 852 5362 cst
889 5327 902 5362 :
938 5307 1148 5374 Seipsos
1186 5311 1555 5364 miserabiliter
1602 5309 2064 5374 lamentabantur;

503 5381 698 5433 melius
718 5389 872 5435 vetns
901 5381 1166 5443 interpres
1200 5400 1212 5433 :
1257 5381 1464 5452 Scipios
1496 5382 1793 5447 discipt’iuis
1826 5389 2065 5452 vereatu-

504 5452 652 5508 lmnt.
690 5453 764 5504 uti
795 5461 848 5504 et
881 5467 982 5505 nos
1011 5451 1407 5505 ditterberabam
1434 5471 1448 5516 ;
1486 5467 1608 5505 nam
1661 5453 1847 5504 κόπτω
1881 5463 1932 5505 ct
1963 5451 2072 5504 δια·

503 5520 994 5592 κόπτωιιιιιιιιιιιιιιι
1017 5523 1178 5585 valet,
1224 5525 1364 5592 quod
1422 5525 1688 5576 lamentor
1738 5523 1818 5575 vel
1853 5521 2066 5590 plango,

505 5589 599 5662 sed
655 5591 1028 5662 κόπτομαι,το
1078 5589 1254 5661 μέσον
1297 5594 1499 5654 κόπτω,
1556 5593 1778 5647 verbum
1831 5589 2066 5646 medium

506 5659 797 5732 aliquando
829 5659 975 5716 illam
1003 5659 1110 5716 vim
1141 5664 1320 5720 habet.
1363 5673 1421 5718 ιιι
1450 5666 1643 5732 plango
1674 5664 1753 5717 vel
1803 5662 2066 5716 lamentet-

508 5729 798 5800 signiﬁcet;
861 5732 1044 5787 κόπτω
1080 5736 1160 5789 vc!
1193 5729 1463 5787 διακόπτω
1499 5729 1734 5789 activum
1767 5749 2062 5801 nunquam.

2175 4545 2266 4597 tixi
2298 4543 2363 4598 ad
2393 4554 2669 4613 stuporem
2701 4545 2867 4599 animi
2896 4556 2950 4600 et
2979 4556 3240 4600 aeternum
3279 4545 3552 4601 silentium
3585 4543 3750 4599 retla-

2174 4637 2244 4691 cti
2273 4647 2476 4704 essent,
2511 4637 2746 4692 tenebris
2773 4639 2937 4693 animi
2972 4639 3254 4695 altissimis
3284 4639 3561 4704 confusos,
3592 4651 3645 4695 et
3683 4641 3750 4694 ad

2175 4731 2356 4786 omnia
2407 4732 2530 4786 vitae
2579 4730 2754 4787 oﬂieia
2798 4733 2942 4787 velut
2989 4742 3269 4804 stupentes
3328 4746 3381 4789 et
3418 4751 3678 4788 cxscttsos
3733 4751 3748 4789 :

2177 4835 2432 4880 canorum
2473 4826 2658 4880 animo
2693 4827 2758 4882 ad
2799 4837 3103 4882 extremum
3157 4829 3478 4884 humilitatis
3524 4831 3748 4899 gradum

2178 4919 2445 4974 demissos
2473 4959 2487 4983 ,
2541 4931 2597 4975 et
2637 4921 2761 4991 igne
2808 4922 3081 4976 tumstitiae
3122 4923 3388 4992 lactytnas
3422 4924 3748 4990 eliquantes.

2181 5012 2433 5082 Spectavi
2483 5015 2620 5068 alios
2661 5016 2755 5085 qui
2802 5015 3072 5084 capitibus
3117 5017 3170 5069 in
3219 5025 3414 5070 terram
3467 5015 3752 5086 promissis

2169 5170 2266 5224 Αιιί
2301 5169 2611 5226 Gretserttm
2636 5173 2730 5225 lib.
2773 5189 2807 5226 ι.
2847 5171 2918 5225 De
2949 5172 3270 5240 disciplinis,
3304 5188 3421 5239 cap.
3473 5172 3556 5225 l0.
3589 5188 3639 5239 p.
3683 5172 3752 5225 65

2167 5249 2222 5294 et
2255 5257 2369 5309 seq.
2405 5241 2468 5294 Et
2500 5241 2853 5312 Apologctiro,
2907 5244 2997 5296 lib.
3046 5258 3084 5310 t,
3110 5258 3160 5296 c.
3194 5243 3276 5306 15,
3309 5257 3361 5310 p.
3402 5241 3623 5300 252.1)e
3658 5243 3752 5293 lti-

2169 5313 2406 5380 sciplt’nis
2439 5312 2765 5367 ljt'recorttm.

2243 5385 2316 5452 (ὁ)
2342 5381 2477 5436 Nota
2512 5400 2800 5453 operarum
2838 5385 3048 5450 lapsum
3081 5383 3220 5450 apud
3252 5381 3747 5442 Cantalttnlettsetn,

2178 5455 2266 5507 ubt
2293 5472 2390 5526 pro
2445 5456 2704 5519 regionem
2736 5454 3031 5526 lugentium
3065 5464 3348 5526 evaratmn
3379 5460 3485 5526 εδει,
3535 5456 3748 5518 ι·ι-ι.;ς.ιιο

2179 5543 2298 5577 tnta
2337 5525 2681 5594 fugientium.
2732 5525 2900 5594 Χώρα
2957 5524 3315 5586 πενθούντων,
3355 5524 3435 5574 ιίδῑ
3476 5524 3625 5574 locus
3653 5539 3746 5576 seu

2179 5598 2316 5665 rrgio
2363 5595 2671 5666 lugentinttt,
2735 5610 2842 5647 nott
2909 5595 3206 5666 religionem
3265 5594 3579 5663 fugientium
3605 5609 3623 5666 ί
3653 5595 3744 5661 qui

2177 5664 2302 5720 tatu
2323 5685 2354 5719 tt
2383 5664 2581 5720 multo:
2609 5677 2893 5720 auctorum
2923 5665 3126 5734 passim
3154 5665 3322 5720 libros
3367 5664 3673 5732 occupavit.
