4094 6192
425 315 523 381 78!
1471 301 1702 362 SCALA
1729 295 2042 360 PARADIS

2076 295 2112 356 l.
2145 317 2214 329 -
2242 294 2557 357 GRADUS
2583 294 2654 356 ν.
3585 295 3693 361 782

427 444 524 480 σου
568 422 739 494 πάσῃ,
786 419 893 481 ἓως
936 409 999 470 οὗ
1040 412 1325 488 ἐπιψαύοῃ
1369 427 1452 467 σοι
1490 413 1522 465 6
1563 409 1797 482 Χριστὸς
1824 411 1852 464 ὁ
1880 406 2044 471 nec.

2075 416 2229 467 ,cata
2296 419 2397 461 sua
2451 405 2661 478 lugent,
2716 405 2771 460 in
2835 418 3009 462 morte
3053 405 3289 477 primum
3341 410 3692 468 securitatem

425 513 519 569 τοῦ
549 511 710 574 θεοῦ,
741 508 839 565 καὶ
859 507 991 572 θεὸς
1019 507 1078 559 tv
1102 506 1171 577 τῇ
1198 502 1497 559 ἀναστάσει
1528 501 1630 573 τῆς
1662 515 2009 572 μιμεριμνη-

2110 507 2428 566 exspectet;
2486 503 2574 554 est
2619 496 2766 552 enim
2796 497 2852 553 id
2894 514 3098 569 anceps
3129 508 3186 556 et
3222 500 3491 556 incertum
3520 501 3694 575 [quod

430 606 600 679 μένης
630 600 939 675 μετανοίας.
983 597 1175 669 Ἀμήν.

2111 589 2257 644 enim
2288 590 2617 660 obscurum,
2636 599 2719 646 est
2747 590 3064 666 incertum].
3087 592 3305 650 Dimitte
3350 609 3438 650 me
3459 610 3554 665 per
3575 611 3696 650 cer--

432 716 537 756 .am
584 713 760 769 spem,
822 705 883 751 ut
904 693 1212 763 refrigerer,
1242 691 1561 761 priusquam
1598 688 1728 743 hinc
1765 686 1960 743 salutis
2001 685 2243 741 incertus
2266 686 2480 741 abeam.
2512 686 2666 759 131
2704 685 2811 745 Ubi
2843 685 3078 758 Spiritus
3110 687 3347 756 Domini,
3387 691 3460 746 ibi
3501 691 3695 747 vincu-

428 794 542 848 lum
585 799 933 862 peccatorum
984 787 1263 856 diruptam
1315 792 1429 838 est:
1461 783 1555 838 ubi
1584 782 1797 837 sincera
1823 780 2122 839 humilitas,
2156 779 2228 834 ibi
2256 794 2430 833 news
2476 781 2660 836 omnis
2702 790 2787 837 est
2842 783 3148 839 exsolutus.
3209 783 3315 852 Qui
3381 802 3512 843 vero
3577 789 3699 845 sine

428 887 515 943 liis
551 885 766 941 duobus
814 881 1112 938 comitibus
1135 879 1425 945 decedunt,
1455 893 1524 933 ne
1551 893 1612 932 se
1636 876 1847 941 fallant,
1885 876 2048 930 vincti
2080 883 2229 930 su..t.
2269 873 2373 943 Qui
2406 876 2461 930 in
2509 879 2713 933 smeulo
2751 891 3058 946 versantur,
3105 880 3160 934 lti
3230 881 3333 937 soli
3386 885 3490 940 liae
3548 895 3696 943 certa

427 988 484 1036 et
532 980 689 1050 plena
732 992 831 1048 spe
875 976 1278 1044 securitateque
1326 973 1628 1044 praesertim
1681 971 1865 1041 priore
1910 969 2181 1042 (Spiritus
2242 969 2500 1040 Domini)
2565 983 2775 1035 carent,
2824 989 2949 1028 cum
3010 974 3079 1029 de
3135 973 3244 1029 vita
3277 978 3532 1046 migrant.
3598 978 3701 1035 Per

428 1076 596 1144 Opera
646 1080 829 1127 tamen
891 1069 1278 1125 misericordiae
1322 1067 1574 1122 nonnulli
1628 1082 1755 1122 cum
1814 1065 1882 1120 ad
1949 1065 2074 1120 vitae
2114 1068 2276 1120 linem
2329 1077 2647 1139 properant,
2705 1085 2867 1124 suum
2925 1071 2980 1124 in
3041 1072 3190 1125 exitu
3246 1074 3594 1130 commodum
3648 1080 3706 1129 et

429 1164 667 1220 fructum
693 1162 1021 1235 percipiunt.
1062 1160 1165 1228 Qui
1213 1161 1456 1231 seipsum
1496 1159 1663 1229 luget,
1705 1171 1813 1211 non
1878 1155 2114 1220 curabit,
2179 1172 2281 1212 nec
2337 1158 2555 1214 curiose
2588 1171 2797 1229 qttzeret
2818 1162 2885 1216 de
2923 1162 3093 1225 luctu,
3118 1173 3363 1232 peccato,
3407 1173 3462 1219 et
3524 1179 3706 1235 repre-

432 1256 694 1312 heusione
746 1254 989 1311 alterius.
1034 1255 1230 1319 Canis,
1289 1270 1322 1308 α
1372 1254 1484 1308 tera
1537 1255 1720 1316 laesus,
1779 1251 2018 1305 atrocius
2090 1250 2357 1307 adversus
2402 1268 2523 1306 eam
2564 1254 2836 1324 insurgit;
2897 1271 3021 1310 nam
3068 1258 3309 1313 vulneris
3350 1258 3540 1313 dolore
3609 1275 3706 1314 ae-

432 1363 631 1403 census
684 1347 1017 1419 implacabili
1067 1348 1216 1403 rabie
1250 1347 1403 1403 saevit
1423 1348 1477 1400 in
1507 1345 1676 1399 illam.
1708 1342 2012 1400 Cave-amns
2050 1358 2118 1397 ne
2149 1345 2485 1401 conscientia
2546 1358 2734 1402 nostra
2805 1350 3075 1405 destiterit
3098 1364 3197 1405 nos
3225 1352 3569 1424 redarguere,
3594 1367 3703 1406 non

433 1456 658 1517 propter
703 1445 890 1501 cordis
917 1445 1263 1511 munditiem,
1284 1442 1383 1499 sed
1415 1453 1663 1497 nostram
1690 1441 1871 1510 potius
1899 1439 2185 1497 malitiam.
2258 1443 2655 1512 Argumentum
2717 1455 2800 1498 est
2839 1444 3084 1501 remissae
3125 1461 3300 1509 noxae,
3348 1449 3393 1503 si
3462 1457 3516 1503 te
3555 1463 3706 1504 scm-

432 1558 532 1615 per
568 1541 791 1598 noxium
839 1550 893 1597 et
930 1541 1234 1598 debitorem
1286 1553 1668 1611 recognoscas.
1704 1535 1850 1591 Nihil
1877 1551 2002 1592 cum
2041 1536 2438 1593 misericordiis
2490 1535 2584 1590 Dei
2635 1538 2943 1608 comparari
2980 1549 3189 1609 potest;
3242 1540 3377 1593 nihil
3412 1542 3495 1595 bis
3529 1543 3708 1611 majus

429 1647 532 1693 est.
569 1635 803 1694 Proinde
838 1636 933 1708 qui
961 1637 1235 1709 desperat,
1269 1636 1354 1691 sui
1387 1635 1557 1707 ipsius
1604 1632 1876 1703 parricida
1895 1639 1999 1687 est.
2041 1629 2304 1686 Perfecta:
2360 1641 2417 1687 et
2472 1641 2745 1687 accurata:
2768 1634 3103 1701 pmuitentia:
3137 1634 3356 1705 signum
3397 1645 3517 1703 est,
3540 1651 3716 1706 quan-

430 1733 503 1786 do
550 1731 677 1801 quis
717 1733 958 1800 seipsum
1009 1732 1267 1788 omnibus
1319 1730 1477 1787 malis
1507 1742 1561 1786 et
1599 1716 2007 1795 alﬂictionibus,
2047 1743 2169 1799 qua:
2229 1727 2478 1782 accidere
2540 1727 2740 1793 solent,
2774 1744 2868 1782 seu
2900 1744 3064 1784 sensu
3111 1740 3426 1800 tangantur,
3473 1745 3570 1787 seu
3625 1736 3710 1785 iu-

433 1826 801 1898 aspcctabiles
831 1838 885 1883 et
933 1827 1208 1897 spiritales
1269 1830 1403 1891 sint,
1449 1827 1674 1898 dignum
1739 1827 2038 1891 existimat,
2068 1839 2122 1881 et
2160 1825 2247 1879 liis
2279 1825 2459 1881 adhuc
2494 1825 2763 1897 pluribus.
2811 1825 2989 1880 Moses
3014 1840 3137 1879 cum
3169 1825 3335 1880 Deum
3370 1827 3422 1879 in
3462 1829 3601 1881 rubo
3626 1830 3705 1881 vi-

433 1923 627 1986 disset,
680 1922 733 1975 in
791 1920 1109 1993 .‘Egyptum,
1159 1922 1276 1978 sive
1313 1924 1380 1977 ad
1433 1923 1619 1976 mundi
1653 1921 1929 1984 tenebras,
1992 1928 2047 1975 et
2089 1923 2286 1976 lateres
2347 1919 2668 1989 coquendos
2718 1919 3007 1990 symbolici
3083 1918 3231 1975 illius
3282 1919 3517 1975 fortasse
3562 1918 3711 1973 Pha-

435 2018 622 2074 raonis
680 2033 936 2075 reversus
991 2029 1096 2084 est,
1158 2022 1252 2075 sed
1302 2020 1445 2075 idem
1490 2022 1559 2074 ad
1592 2020 1785 2074 rubmn
1852 2019 2214 2091 postliminio,
2263 2019 2378 2073 imo
2417 2019 2485 2072 ad
2523 2028 2762 2071 montem
2809 2016 2899 2070 ltei
2974 2032 3257 2087 regressus
3315 2029 3420 2073 est.
3453 2018 3558 2086 Qui
3625 2019 3712 2075 in.

437 2113 631 2185 telligit
686 2113 819 2184 quid
877 2112 982 2168 sibi
1032 2113 1138 2167 ltoc
1178 2113 1357 2167 visum
1404 2121 1458 2167 et
1488 2112 1663 2184 ﬁgura
1689 2112 1839 2180 velit,
1907 2127 2187 2184 nunquam
2239 2111 2306 2166 de
2351 2110 2533 2181 seipso
2584 2108 2916 2179 desperabit.
2957 2108 3128 2165 Jobus
3196 2111 3286 2165 ille
3346 2112 3584 2182 inclytus
3644 2115 3712 2168 ad

435 2208 684 2262 ultimam
743 2206 1149 2262 mendicitatem
1191 2208 1468 2271 redactus,
1522 2206 1589 2260 ad
1624 2204 1792 2275 duplo
1856 2215 2043 2278 postea
2087 2205 2246 2276 132
2298 2203 2533 2275 majores
2581 2219 2714 2274 opes
2766 2218 2932 2274 quam
3002 2213 3130 2259 ante
3176 2218 3556 2276 paupertatem
3621 2208 3713 2264 lia-

436 2300 649 2366 buerat,
697 2301 964 2372 pervenit.
1002 2302 1159 2373 Apud
1212 2302 1445 2373 ignavos
1510 2312 1565 2357 et
1625 2302 1848 2367 inertes,
1886 2318 2081 2374 κτείνειε
2123 2311 2247 2371 post
2294 2315 2508 2356 sacram
2555 2299 2954 2370 professionem
3001 2316 3098 2357 seu
3146 2305 3486 2359 vocalium-tn
3534 2308 3714 2368 solem,

435 2410 560 2451 esse
621 2410 784 2450 casus
832 2402 888 2451 et
935 2395 1144 2465 lapsus,
1193 2394 1289 2467 qui
1323 2408 1475 2465 spem
1503 2393 1675 2449 beatae
1737 2393 2152 2465 tranquillitatis
2216 2393 2446 2448 omnino
2492 2392 2766 2459 incidunt,
2808 2394 3254 2466 persuadentque
3293 2398 3360 2453 iis
3422 2401 3516 2470 qui
3583 2419 3713 2474 pro-

438 2497 637 2545 carunt
660 2497 747 2545 sat
777 2486 968 2545 beatos
1010 2488 1149 2555 fore,
1192 2486 1492 2542 dummodo
1522 2501 1589 2543 ex
1612 2485 1823 2558 peccati
1859 2486 2119 2558 voragine
2165 2494 2221 2540 et
2252 2482 2409 2539 fovea
2439 2496 2722 2555 emergant
2786 2496 2839 2541 et
2898 2498 3212 2559 resurgant.
3246 2489 3353 2546 Sed
3415 2496 3562 2551 enim
3629 2510 3719 2551 at-

442 2581 619 2649 tende,
683 2580 831 2636 nulla
896 2581 1108 2636 ratione
1166 2579 1503 2636 redeundum
1551 2589 1636 2636 est
1665 2579 1754 2635 illa
1791 2580 1876 2635 via
1947 2594 2057 2650 qua
2121 2579 2523 2639 exerravimus,
2574 2580 2669 2632 sed
2715 2579 2943 2634 omnino
2979 2579 3248 2637 breviore.
3288 2582 3573 2643 Vididuos
3636 2592 3715 2645 si-

442 2676 555 2731 mul
607 2683 663 2730 et
714 2676 907 2731 eodem
938 2674 1102 2730 modo
1157 2683 1212 2730 et
1242 2674 1434 2730 eodem
1466 2683 1711 2746 tempore
1735 2674 1803 2729 ad
1850 2674 2142 2730 Dominum
2191 2675 2244 2727 in
2277 2673 2536 2744 religione
2557 2683 2865 2739 currentes,
2904 2690 3138 2745 quorum
3181 2680 3317 2732 alter
3349 2692 3465 2735 erat
3492 2684 3710 2747 senior,

441 2780 500 2826 et
518 2769 791 2840 religiosis
807 2768 1004 2823 studiis
1023 2767 1401 2832 excellentior,
1436 2767 1574 2823 alter
1593 2766 1919 2839 discipulus,
1951 2764 2045 2837 qui
2069 2782 2236 2821 cursu
2263 2767 2536 2822 seniorem
2580 2767 2880 2837 superavit.
2921 2778 2977 2823 et
3012 2770 3162 2836 prior
3200 2773 3266 2825 ad
3303 2788 3716 2833 monumentum

446 2864 771 2921 humilitatis
794 2872 1060 2935 perventt.
1083 2863 1394 2920 Careamus
1423 2880 1643 2930 omnes,
1669 2873 1725 2921 et
1756 2864 2031 2933 imprimis
2049 2862 2141 2934 qui
2164 2864 2300 2935 lapsi
2331 2874 2479 2924 sunt,
2500 2879 2567 2918 ne
2587 2864 2780 2918 morbo
2799 2864 3216 2936 impiiOrigenis
3242 2869 3293 2923 in
3317 2872 3501 2927 animo
3523 2891 3722 2932 conce-

443 2972 538 3031 pto
569 2959 911 3015 laboremus:
944 2959 1156 3027 impura
1183 2958 1329 3013 enim
1383 2957 1633 3029 Origenis
1690 2957 1941 3014 doctrina
1961 2957 2026 3012 iis
2056 2960 2150 3028 qui
2185 2959 2560 3028 voluptatibus
2584 2958 2881 3027 capiuntur
2903 2959 2969 3014 de
2995 2961 3274 3031 proposita
3303 2963 3394 3018 Dei
3428 2967 3717 3027 clementia

445 3056 743 3111 admodum
799 3062 952 3126 grata
1000 3063 1105 3118 est,
1147 3062 1197 3108 et
1271 3053 1428 3109 avide
1464 3054 1748 3125 arripitur.
1820 3052 1879 3106 lu
1956 3053 2309 3107 meditatione
2366 3068 2508 3120 mea,
2550 3052 2663 3107 imo
2718 3070 2848 3109 vero
2896 3056 2951 3108 in
3008 3059 3329 3125 pteuitentia
3388 3076 3716 3128 mea,exar-

446 3147 635 3203 descet
698 3148 840 3218 ignis
875 3148 1233 3217 precationis,
1298 3162 1419 3216 quae
1466 3162 1684 3201 omnem
1735 3146 1946 3216 peccati
2012 3146 2298 3201 materiam
2355 3146 2617 3201 absumit.
2665 3144 2787 3200 Sint
2827 3148 2921 3201 tibi
2956 3149 3294 3219 pteniteutia:
3323 3152 3516 3222 duces,
3568 3159 3718 3223 linis,

449 3246 668 3311 modus,
720 3244 1055 3315 exemplum,
1096 3244 1279 3314 imago
1325 3253 1373 3296 et
1410 3242 1582 3313 ﬁgura
1617 3244 1692 3297 illi
1716 3242 1890 3298 sancti
1925 3248 2022 3309 rei,
2061 3258 2201 3313 quos
2265 3258 2433 3312 supra
2496 3244 2549 3296 in
2572 3244 2675 3297 hoc
2700 3244 2871 3312 gradu
2911 3244 3004 3298 tibi
3041 3247 3324 3316 proposui,
3360 3258 3414 3303 et
3441 3251 3594 3306 nullo
3624 3269 3722 3322 per

447 3355 668 3396 omnem
726 3340 892 3393 vitam
953 3338 1094 3393 libro
1146 3337 1440 3409 indigebis,
1473 3337 1654 3407 quoad
1727 3336 2064 3391 illuminabit
2138 3345 2194 3391 te
2243 3336 2499 3391 Christus
2543 3334 2636 3391 Dei
2683 3335 2857 3390 Filius
2916 3346 2972 3393 et
3014 3335 3164 3394 Deus
3204 3341 3259 3395 in
3316 3346 3721 3403 resurrectione

449 3448 592 3489 verr.
624 3441 679 3488 et
706 3430 961 3502 perfecta:
998 3430 1357 3503 paenitentiae.
1403 3430 1597 3485 Amen.

521 3522 778 3594 Πέμπτον
821 3521 1030 3593 βαθμὸν
1068 3522 1298 3594 ἀνῆλθες
1329 3524 1358 3576 ὁ
1389 3528 1754 3595 μετανοήσας,
1799 3522 1899 3588 τὰς
1925 3523 2035 3594 γὰρ
2064 3545 2109 3601 Β

2102 3552 2109 3596 ς
2207 3524 2470 3593 Quintum
2524 3526 2752 3596 gradum
2817 3540 2914 3598 per
2982 3529 3357 3599 paenitentiam
3403 3537 3719 3606 ascendisti,

452 3618 618 3672 πέντε
649 3615 935 3689 αἰσθήσεις
961 3616 1241 3689 ἑκάθηρας
1265 3615 1335 3670 δι’
1366 3617 1565 3689 αὐτῆς·
1596 3617 1688 3673 καὶ
1720 3617 1816 3689 τὴν
1866 3617 2034 3672 ἀκού-

2139 3618 2388 3691 quinque
2417 3634 2617 3675 sensus
2662 3634 2759 3690 per
2788 3634 2910 3675 eam
2962 3625 3289 3692 repurgasti,
3317 3634 3371 3681 et
3389 3641 3607 3697 pcenatn
3640 3632 3722 3686 in-

453 3727 573 3765 σιον
601 3708 873 3781 τιμωρίαν
905 3709 998 3763 καὶ
1027 3709 1248 3764 κόλασιν
1271 3709 1340 3764 δι’
1370 3710 1542 3778 αὐτῆς
1572 3711 2034 3783 αὑτοπροαις.ἐτον

2138 3711 2252 3765 vito
2311 3710 2676 3780 pendendam,
2738 3710 3180 3782 suppliciumque
3243 3729 3341 3783 per
3391 3732 3514 3772 eam
3555 3735 3721 3790 quam

451 3801 733 3875 ἐκφυγών.
2141 3804 2258 3875 ipse
2292 3814 2485 3875 sponte
2527 3804 2822 3875 suscepisti
2860 3806 3240 3874 preuiteutiam
3268 3810 3514 3865 evasisti.

855 3915 1109 3971 ΣΧΟΛΙΑ
1145 3915 1256 3967 ΕΙΣ
1293 3913 1519 3968 ΛΟΓΟΝ
1557 3913 1631 3967 E'.
2414 3919 2472 3990 ις

2414 3917 2571 3991 133
2607 3916 2900 3975 SCHOLIA
2933 3919 3027 3975 AD
3058 3920 3349 3978 GRADUM
3389 3923 3455 3981 γ.

808 4031 945 4101 Περὶ
992 4029 1343 4101 μετανοίαςῆ
1378 4028 1639 4099 φυλακῆς.

2493 4031 2570 4086 De
2620 4032 2941 4102 pmnitentia
2993 4048 3088 4088 seu
3126 4049 3363 4090 carcere.

1060 4144 1321 4215 Σχόλιον
1355 4163 1389 4203 α
1402 4150 1436 4197 ’.

2770 4142 3018 4199 Scholion
3043 4145 3093 4203 l.

528 4238 804 4295 Μετάνοια
835 4240 982 4293 ἐστιν
1010 4239 1074 4292 ἐκ
1124 4236 1210 4290 τοῦ
1251 4236 1402 4306 παρὰ
1428 4235 1592 4307 φύσιν
1623 4238 1705 4299 εἰς
1749 4235 1851 4306 τὴν
1898 4234 2040 4290 κατὰ

2213 4234 2540 4292 Pmuitentia
2564 4242 2648 4288 est
2673 4230 2881 4288 reditus
2904 4247 2969 4287 ex
2988 4242 3153 4293 statu.
3174 4232 3227 4287 in
3254 4248 3366 4305 quo
3381 4235 3515 4292 vixit
3534 4248 3726 4293 contra

456 4335 643 4403 φύσιν,
684 4334 786 4403 καὶ
817 4332 882 4387 ὲκ
907 4329 1003 4384 τοῦ
1034 4330 1283 4385 διαϐόλου
1313 4329 1451 4402 πρὸς
1497 4328 1591 4384 τὸν
1619 4328 1752 4383 Θεὸν
1782 4329 2038 4390 ἐπάνοδος

2141 4339 2415 4390 naturam,
2464 4323 2531 4378 ad
2574 4332 2777 4378 statum
2806 4322 3727 4392 quiestsecundumnaturam,eta

454 4402 526 4482 δι’
558 4402 846 4500 ἀσκῆσεως
877 4426 973 4479 καὶ
1005 4425 1192 4480 πόνου.
2142 4419 2361 4473 diabolo
2394 4418 2461 4474 ad
2501 4417 2671 4473 Deum
2727 4413 2990 4471 beneﬁcio
3043 4412 3306 4484 religiosae
3353 4416 3733 4486 disciplitiwtt

2142 4508 2367 4563 laboris.

1153 4608 1352 4663 Ἄλλο.

2848 4595 3029 4652 Aliud.

530 4722 807 4780 Μετάνοιὰ
845 4723 959 4776 ἐστι
989 4721 1055 4776 τὸ
1085 4722 1424 4796 ἀποστρέψαι
1453 4722 1564 4777 ἀπὺ
1593 4724 1691 4796 τῆς
1739 4722 2035 4796 ἁμαρτίας.

2214 4713 2537 4771 Ptenitentia
2576 4724 2659 4769 est
2689 4711 2859 4767 averti
2891 4725 2919 4764 a
2960 4718 3201 4780 peccato.
3235 4706 3353 4762 Non
3384 4707 3529 4763 enim
3562 4724 3728 4762 unum

462 4815 539 4872 οὐ
569 4816 676 4887 γὰρ
709 4815 824 4868 ἐστι
861 4814 959 4885 μία
1002 4813 1246 4884 ἁμαρτία
1272 4831 1286 4845 ·
1331 4814 1446 4867 ἀλλ’
1481 4814 1601 4877 ὅλος
1630 4817 1657 4867 ό
1688 4812 1916 4879 παλαιὸς
1948 4815 2042 4868 ἄν-

2143 4818 2227 4860 est
2278 4814 2580 4875 peccatum,
2636 4800 2731 4858 sed
2758 4810 2906 4856 totus
2942 4807 3100 4855 vetus
3130 4798 3296 4854 homo
3323 4811 3604 4869 pet-catum
3636 4816 3732 4870 ap-

464 4905 682 4973 ορωπος
710 4902 953 4977 ἁμαρτία
982 4902 1246 4957 καλεῖται.
2065 4908 2081 4962 1

772 4902 953 4977 ιαρτεα
982 4902 1246 4957 καλεῖται.
2065 4907 2107 4963 c
2141 4893 2389 4966 pellatur.

1152 4992 1348 5046 Ἄλλο.

2847 4983 3028 5041 Aliud.

536 5109 811 5164 Μετάνοιά
836 5109 952 5161 ἐστι
988 5105 1310 5174 καταλείψαι
1340 5104 1410 5158 τὰ
1431 5104 1694 5179 πρότερα,
1727 5105 1821 5160 καὶ
1848 5103 2038 5159 latret-

2215 5103 2542 5160 Pteniteutia
2568 5111 2651 5160 est
2705 5101 3012 5173 relinquere
3063 5099 3263 5170 priora,
3314 5107 3368 5154 et
3427 5099 3493 5153 de
3542 5096 3730 5152 iisdem

465 5204 592 5257 σθαι
621 5202 761 5272 ὑπὲρ
793 5202 990 5254 αὐτῶν.

730 5222 761 5272 ρ
793 5202 990 5254 αὐτῶν.
2147 5201 2347 5254 dolere.

1062 5294 1107 5345 Σ
1109 5292 1314 5361 χόλων
1361 5290 1426 5359 β’.

2788 5289 3033 5345 Scholion
3060 5288 3112 5343 ‘2.

546 5407 609 5461 '0
629 5406 1044 5479 αὑτομέριμνος,
1069 5405 1162 5458 καὶ
1186 5403 1646 5474 αὐτοκατάκριτος
1667 5404 1896 5472 γίνεται,
1921 5405 2041 5459 ἐπεὶ

2222 5402 2326 5470 Qui
2357 5412 2566 5456 tantum
2593 5416 2691 5455 sua
2723 5408 2898 5459 curat,
2928 5399 3199 5452 neminem
3242 5408 3433 5469 praeter
3471 5412 3528 5449 se
3582 5396 3733 5450 dam-

461 5498 558 5557 οὖν
588 5501 677 5555 διὰ
722 5500 780 5554 τὸ
824 5501 1245 5570 αὑτομέριμνος,
1298 5499 1762 5570 αὐτοκατάκριτος
1811 5500 2042 5565 γίνεται,

2156 5503 2244 5546 nat
2275 5510 2290 5559 ;
2355 5489 2614 5561 quoniam
2683 5502 2814 5557 ergo
2873 5488 2965 5555 qui
3005 5502 3102 5541 sua
3135 5496 3341 5540 tantum
3368 5495 3542 5544 curat,
3568 5500 3627 5539 se
3654 5488 3735 5554 ip-

464 5595 770 5666 ἀμὲριμνος
815 5593 895 5654 εἰς
952 5593 1098 5646 ἅπαν
1155 5591 1480 5662 χρηματῐζει
1533 5592 1642 5644 τῶν
1690 5592 1784 5644 τοῦ
1840 5590 2043 5661 κόσμου

2155 5599 2276 5640 sum
2340 5590 2550 5653 tantum
2601 5578 2882 5648 judicatet
2912 5578 3155 5639 damnat,
3187 5578 3233 5631 is
3263 5576 3355 5646 qui
3389 5593 3550 5631 curas
3599 5579 3736 5634 alias

466 5690 841 5759 πραγμάτων,
901 5688 990 5741 καί
1045 5686 1410 5757 ἁκατά-κριτος
1462 5684 1539 5754 τῷ
1594 5684 1743 5751 καὶῷ
1804 5684 2046 5755 λογισμῷ

2155 5693 2344 5731 otnnes
2390 5673 2594 5742 objicit,
2650 5672 2875 5725 omnino
2919 5672 3270 5724 s;eculicuris
3310 5670 3599 5725 defunctus
3631 5682 3734 5728 est,

465 5782 655 5837 ατοῦ.
2158 5784 2207 5827 τι
2239 5772 2307 5823 oh
2340 5780 2558 5823 θεωρίας
2592 5765 2949 5832 cogitationes
2984 5782 3112 5820 suas
3146 5766 3490 5818 imlz'tttunltts
3531 5776 3733 5819 tttaturt.
