4094 6192
453 333 562 400 789

1051 451 1102 504 Σ
1100 447 1310 518 χόλων
1351 445 1439 502 ιθ’.

523 542 695 596 ὐταν
728 540 1012 615 ἄνθρωπος
1055 539 1405 612 μνημονεύσῃ
1452 538 1559 594 τῶν
1606 535 1841 610 πρώτων
1875 536 2038 589 αὐτού

457 633 762 707 ἁμαρτιῶν,
791 634 886 688 καὶ
920 633 1124 706 κολάσῃ
1151 633 1364 698 ἑαυτὸν,
1385 631 1506 687 τότε
1535 632 1629 686 καὶ
1657 634 1686 685 ό
1713 630 1848 692 Θεὸς
1878 647 2042 700 φρον-

455 727 574 782 τίδα
607 730 842 781 ποιεῖται
883 727 1199 782 ἀναπαῦσαι
1229 726 1413 781 αὐτόν.
1451 724 1596 778 Διὸτι
1622 723 1805 796 χαίρει
1829 723 1858 776 δ
1885 722 2038 786 Θεὸς,

454 823 538 877 ὅτι
567 819 746 893 ἑαυτῷ
770 820 834 874 τὸ
866 819 1140 891 ἐπιτίμιον
1167 819 1397 874 δέδωκεν
1429 817 1590 882 αὐτὸς
1617 817 1706 870 διὰ
1735 815 1835 888 τὴν
1864 815 2042 887 παρά·

453 913 616 970 ϐασιν
665 912 768 984 τῆς
803 911 924 966 ὀδοῦ
964 911 1060 966 τοῦ
1101 910 1272 966 Θεοῦ·
1321 911 1456 982 ὅπερ
1508 909 1731 982 σημεῖόν
1782 911 1899 963 ἔστι
1940 908 2040 980 τῆς

455 1006 576 1063 ὀδοῦ
604 1007 703 1077 τῆς
733 1005 1045 1078 μετανοίας,
1074 1005 1170 1059 καὶ
1213 1005 1338 1060 ὅσον
1371 1003 1534 1068 αὐτὸς
1582 1001 1754 1057 πολλὰ
1794 1002 2040 1073 βιάσεται

454 1099 555 1172 τὴν
571 1097 752 1173 ψυχὴν
783 1096 971 1164 αὐτοῦ,
993 1096 1248 1153 τοσοῦτον
1277 1095 1610 1166 πληθύνεται
1630 1098 1695 1152 ἐκ
1715 1095 1812 1150 τοῦ
1840 1094 1978 1151 Θεοῦ
2004 1097 2040 1165 ἠ

453 1191 587 1264 τιμὴ
614 1189 805 1247 αὐτοῦ.

1057 1375 1320 1429 Σγόλιον
1368 1381 1437 1428 κ’.

1057 1393 1101 1429 z
1145 1393 1320 1428 o.uor
1368 1393 1437 1428 κ’.

534 1465 789 1539 Ἑϐδόμη,
811 1469 846 1539 ἡ
880 1393 1289 1540 παροῦσέζωὴ.
1315 1467 1537 1540 δουλικὴ
1566 1466 1642 1531 δὲ,
1665 1466 1742 1530 ὡς
1770 1468 1838 1538 τῇ
1863 1463 2039 1537 φθορᾷ

451 1554 810 1631 δουλευούσης
863 1561 964 1631 τῆς
1009 1561 1278 1625 κτίσεωςο
1336 1560 1496 1632 ὀγδόη
1542 1562 1571 1614 ὁ
1624 1558 1832 1630 μέλλων
1879 1557 2035 1627 αίὼν,

454 1649 574 1706 καθ’
601 1651 661 1706 δν
695 1653 796 1724 τῆς
825 1652 884 1706 ἐν
910 1653 1087 1724 φθορᾷ
1107 1652 1358 1719 δουλείας
1385 1651 1834 1725 ἑλενθερούμεθα.

1133 1925 1344 1980 Ἄλλο.

529 2012 802 2086 Ἐϐδόμην
860 2016 1115 2088 δουλικὴν
1158 2019 1258 2087 τὴν
1325 2017 1610 2089 παροῦσαν
1668 2017 1816 2087 λέγει
1862 2015 2027 2087 ζωὴν,

448 2105 738 2178 ἐλευθέραν
763 2109 821 2164 δὲ
849 2107 948 2181 τὴν
975 2109 1277 2180 μέλλουσαν
1295 2127 1312 2143 ο
1334 2111 1424 2165 διὰ
1454 2111 1563 2166 τῶν
1591 2111 1732 2166 ἑπτὰ
1755 2111 1863 2182 γὰρ
1892 2111 2029 2181 ἡμε-

446 2193 560 2268 ρῶν
590 2197 686 2252 τοῦ
723 2199 984 2270 παρόντος
1018 2198 1157 2270 βίου,
1190 2201 1299 2255 τῶν
1329 2203 1388 2255 ὲν
1433 2202 1584 2273 αὐτῷ
1619 2202 2029 2271 συμϐαινόντων

446 2290 780 2360 σφαλμάτων
830 2294 930 2366 τὴν
978 2293 1403 2367 δουλοπρέπειαν
1458 2293 1916 2365 ἐκτιναξάμενος,
1959 2296 2027 2364 τῇ

444 2382 607 2455 ὀγδόῃ
634 2383 770 2456 πρὸς
797 2384 946 2456 ζωὴν
973 2385 1266 2460 ἐλευθέραν
1299 2385 1589 2460 μετῆλθεν.

1028 2565 1288 2635 Σχόλιον
1331 2574 1438 2622 καθ.

516 2652 662 2725 Αὕτη
698 2654 846 2709 ἐστὶν
880 2657 914 2727 ἡ
945 2658 1160 2728 ἀνδρία,
1187 2659 1249 2711 τὸ
1287 2659 1761 2729 ἀνταγωνίσασθαι
1807 2662 1900 2718 τὸν
1933 2663 2027 2719 ἄν-

444 2744 663 2816 θρωπον
690 2749 813 2810 ταῖς
858 2749 1152 2820 προτέραις
1192 2751 1356 2804 αὑτοῦ
1406 2753 1724 2822 ἁμαρτίαις,
1767 2755 1908 2827 ὑπὲρ
1951 2749 2026 2810 ὧν

445 2840 540 2891 καὶ
571 2840 879 2910 παρακαλεῖ
923 2843 1366 2915 συγχωρηθῆναι,
1401 2845 1478 2917 μὴ
1525 2848 1688 2902 πάλιν
1736 2850 2025 2921 πεισθῆναι

443 2932 652 2997 αὑταῖς,
694 2933 803 2986 εἴτε
849 2936 908 2987 ἐν
947 2937 1014 3008 τῇ
1061 2936 1260 3010 καρδίᾳ
1308 2937 1493 3006 αὑτοῦ,
1527 2941 1638 2995 εἴτε
1673 2943 1735 2996 ὲν
1767 2943 2022 3015 πράξεσι,

441 3023 554 3077 εἴτε
582 3025 639 3078 έν
667 3023 974 3096 αἰσθήσεσι.

1125 3208 1336 3263 Ἄλλο.

524 3294 742 3368 ’Δνδρία
767 3297 997 3370 καρδίας
1023 3297 1248 3372 βοήθειά
1273 3301 1390 3356 ἐστι
1413 3304 1480 3374 τῇ
1510 3303 1655 3377 ψυχῇ
1689 3307 1830 3375 μετά
1869 3308 2022 3374 Θεὸν,

440 3383 630 3462 ὥσπερ
656 3391 690 3462 ἠ
721 3389 920 3463 ἀκηδία
945 3391 1168 3466 βοήθειά
1195 3396 1315 3446 ἐστι
1355 3393 1458 3466 τῆς
1487 3397 1704 3463 κακίας.

1129 3575 1332 3632 Ἄλλο.

523 3659 736 3733 ’Δγάπη
766 3664 798 3734 ἡ
828 3663 910 3726 εἰς
935 3663 1089 3730 Θεὸν,
1132 3666 1384 3725 έκδιώκει
1413 3670 1512 3744 τὴν
1551 3673 1813 3745 ἀμέλειαν
1834 3695 1848 3707 ·
1885 3681 1915 3748 ἡ
1963 3679 2021 3732 δὲ

441 3751 644 3825 ἀτροϐία
687 3757 893 3828 ἐγείρει
923 3759 1112 3831 αὐτήν.

901 3940 1160 4008 Σχόλιον
1205 3940 1410 3997 Ἰσαὰκ
1445 3943 1552 4014 κβθ.

513 4025 670 4082 Ἔστι
717 4029 1047 4095 ταπείνωσις
1096 4032 1162 4086 ἐκ
1209 4033 1368 4100 Θεοῦ,
1404 4037 1499 4090 καὶ
1542 4037 1693 4093 ἔστιν
1731 4045 1762 4098 ό
1797 4042 1887 4098 διὰ
1930 4045 2022 4101 τὸν

440 4118 606 4186 φόϐον
636 4119 730 4174 τοῦ
753 4120 890 4175 Θεοῦ
919 4125 1346 4196 ταπεινούμενος
1366 4169 1382 4194 ,
1427 4130 1524 4183 καὶ
1551 4129 1665 4186 ἔστι
1692 4133 2022 4200 ταπείνωσις

440 4212 506 4263 ὲκ
533 4209 629 4265 τοῦ
677 4212 844 4267 πόθου
873 4211 968 4266 τοῦ
1003 4214 1140 4269 Θεοῦ
1162 4232 1174 4246 ⁸
1207 4218 1302 4272 καὶ
1332 4219 1527 4292 ἐκείνῳ
1557 4221 1658 4292 μὲν
1687 4223 1765 4294 τῷ
1796 4225 1885 4279 διὰ
1929 4228 2020 4281 τὸν

441 4300 606 4368 φόϐον
647 4303 742 4356 τοῦ
789 4303 926 4358 Θεοῦ
969 4308 1381 4380 ταπεινουμένῳ
1415 4311 1700 4368 ἀκολουθεῖ
1747 4316 2021 4373 ἐπιείκεια

439 4390 551 4444 τῶν
583 4394 764 4464 μελῶν
815 4396 952 4465 μετὰ
1000 4399 1281 4463 ερτάκτων
1312 4401 1639 4476 αίσθήσεων,
1688 4407 1779 4462 καὶ
1821 4408 2021 4480 καρδία

443 4487 875 4585 συντετριμμένη
895 4492 962 4585 Δἐν
986 4492 1152 4585 παντὶ
1173 4493 1377 4564 καιρῷ·
1411 4493 1491 4565 τῷ
1527 4495 1582 4549 δὲ
1605 4497 1692 4552 διὰ
1723 4497 1823 4570 τὴν
1843 4504 2018 4573 χαρὰν
2051 4529 2095 4585 D

439 4578 854 4650 ταπεινωμένῳ,
881 4581 1166 4638 ἀκολουθεῖ
1195 4586 1436 4658 ἁπλότης
1462 4589 1654 4660 πολλὴ,
1701 4593 1796 4648 καὶ
1823 4596 2020 4668 καρδία

321 4742 328 4745 _
442 4668 745 4742 αὑξάνουσα
773 4673 868 4727 καὶ
913 4675 1244 4750 ἀκράτητος.

1033 4851 1293 4920 Σχόλιον
1317 4862 1425 4925 κγ.

517 4934 718 5007 Ἔργον
760 4939 1142 5008 ταπεινώσεώς
1192 4945 1375 5015 ἐστιν,
1438 4948 1560 5018 ἵνα,
1605 4952 1702 5008 ἐάν
1739 4971 1825 5020 τις
1877 4958 2024 5028 ἡμᾶς

445 5028 802 5101 βδελύσσηται
833 5031 867 5104 ἢ
901 5032 1093 5107 διώκῃ,
1142 5035 1356 5110 ἔχωμεν
1392 5045 1649 5116 φρόνημα
1682 5045 1796 5100 ἴσον
1840 5051 2023 5119 κυνὸς,

443 5123 500 5186 ὃς
529 5123 658 5177 ὅταν
685 5124 970 5196 διώκηται,
997 5129 1302 5203 ἀναχωρεῖ·
1325 5135 1457 5188 ὅταν
1483 5136 1539 5190 δὲ
1563 5139 1831 5206 καλεῖται,
1860 5141 2020 5214 ἔρχεο

443 5234 555 5277 ται,
587 5215 803 5287 [χοντες
833 5223 891 5273 ἐν
931 5222 998 5292 τῇ
1036 5223 1233 5295 καρδίᾳ
1262 5226 1343 5278 ὅτι
1384 5229 1484 5281 οὐκ
1516 5229 1682 5300 ἐσμὲν
1715 5231 1853 5299 ἄξιοι
1885 5235 2025 5290 μετὰ

447 5307 626 5363 αὐτῶν
653 5307 812 5367 εἶναι.

1036 5408 1292 5477 Σχόλιον
1326 5411 1427 5465 κδ’.

519 5493 697 5563 Νῆφε,
719 5492 936 5564 ἀδελφέ,
949 5493 1088 5566 πρὸς
1101 5494 1162 5549 τδ
1181 5496 1398 5568 πνεῦμα
1419 5498 1481 5553 τὸ
1503 5501 1668 5572 φέρον
1685 5503 1859 5575 λύπην
1875 5507 1934 5560 εν
1947 5508 2026 5579 τῷ

450 5583 757 5658 ἀνθρώπῳ·
793 5586 963 5642 πολλά
995 5589 1103 5659 γὰρ
1153 5590 1222 5642 τὰ
1262 5588 1583 5662 θηρεύματα
1617 5595 1804 5661 αὑτοῦ,
1827 5598 1931 5663 ἔως
1961 5592 2024 5655 οὗ

452 5677 720 5750 ἁδύναμὸν
748 5695 809 5731 σε
832 5679 1034 5750 ποιήσῃ
1081 5693 1094 5707 ·
1119 5679 1152 5747 ἡ
1183 5679 1292 5749 γὰρ
1345 5679 1484 5736 κατὰ
1539 5681 1673 5737 Θεὸν
1703 5683 1845 5756 λύπη
1884 5690 2026 5760 χαρά

454 5773 619 5837 ὶπτιν,
663 5773 720 5824 ἑν
750 5771 826 5844 τῷ
852 5771 1079 5844 ὁρᾶσθαι
1112 5772 1336 5826 σεαυτὸν
1364 5774 1650 5845 ἱστάμενον
1673 5779 1732 5830 ὲν
1760 5779 1837 5848 τῷ
1867 5779 2027 5853 θελή-

1470 327 1702 390 SCALA
1750 322 2128 384 PARADISL
2172 347 2242 360 -κ
2283 319 2592 381 GRADUS
2626 321 2692 381 V.

2077 442 2123 499 Α

2061 1803 2102 1858 l3

2054 3169 2098 3224 C

3616 318 3643 371 7
3656 315 3723 374 3'0

2769 432 3013 490 Scholion
3049 433 3132 490 l9.

2215 527 2442 596 Quando
2511 529 2675 584 homo
2731 530 2912 582 omnia
2981 537 3194 597 peccata
3267 543 3362 582 sua
3421 526 3599 595 priora
3664 530 3722 583 in

2145 622 2461 675 nwmoriam
2518 630 2757 688 revocat,
2829 630 2883 675 et
2944 621 3055 690 ipse
3116 621 3354 689 seipsum
3409 620 3636 690 castigat
3671 630 3722 676 et

2142 715 2319 780 punit,
2365 723 2493 767 ltmc
2547 712 2689 768 Deus
2749 730 2936 768 curam
2998 713 3142 766 illius
3220 713 3377 782 gerit,
3428 721 3484 767 et
3552 713 3722 782 ipsius

2145 806 2539 861 conscientiam
2574 815 2821 877 pacatam
2853 807 3045 860 reddit.
3098 804 3310 859 Gaudet
3350 805 3495 859 enim
3525 805 3719 859 volun-

2143 897 2265 951 tarii
2339 898 2642 968 peccatoris
2713 911 2896 966 prona,
2977 895 3194 965 quando
3256 894 3439 960 dolet,
3499 896 3644 965 quod
3689 912 3721 949 a

2141 987 2237 1044 Dei
2290 989 2376 1044 via
2436 990 2745 1054 recesserit,
2800 988 3106 1057 limitesque
3153 987 3327 1058 legum
3369 986 3743 1049 transilierit-

2141 1081 2302 1150 Quod
2375 1084 2589 1151 signum
2628 1091 2715 1136 est
2773 1082 3034 1136 transitus
3091 1081 3155 1134 ad
3220 1080 3722 1149 pmnitentiamzet

2139 1185 2346 1244 quanto
2381 1174 2559 1244 magis
2596 1174 2834 1228 aniu'am
2883 1173 3129 1226 alllixerit
3171 1186 3348 1236 suam,
3375 1181 3521 1226 tanto
3549 1173 3722 1226 honor

2142 1265 2220 1320 illi
2257 1263 2490 1335 amplior
2539 1262 2746 1319 accedit
2798 1272 2852 1316 et
2902 1268 3128 1332 augetur
3161 1275 3190 1313 a
3236 1259 3387 1316 Deo.-

2747 1352 2998 1408 Scllolion
3043 1352 3133 1406 ‘20.

2207 1451 2426 1524 Septem
2484 1450 2840 1508 hebdomadis
2891 1450 3006 1506 dies
3079 1447 3363 1519 praesentis
3420 1448 3544 1500 vine
3608 1458 3719 1499 sta-

2136 1555 2251 1601 tum
2310 1547 2656 1615 signiﬁcant,
2707 1543 2956 1600 serviiem
3018 1557 3248 1614 nempe,
3303 1541 3446 1613 quod
3503 1539 3719 1594 condita

2136 1648 2333 1694 natura
2413 1640 2654 1704 serviat,
2729 1647 2784 1693 et
2865 1635 3110 1706 subjecta
3187 1636 3260 1692 sit
3338 1631 3715 1702 corruptioni;

2139 1740 2334 1787 octava
2391 1729 2512 1788 dies
2569 1731 2814 1787 futurum
2873 1729 3130 1786 sarculum
3189 1728 3428 1800 respicit,
3489 1738 3598 1795 quo
3649 1729 3718 1778 ab

2138 1821 2423 1878 servitutis
2466 1823 2819 1896 corruptione
2861 1821 3236 1877 liherabimur.

2831 1915 3014 1971 Aliud.

2209 2004 2428 2079 Septem
2483 2007 2602 2066 dies
2653 2007 2877 2065 serviles
2936 2013 3259 2078 prasentem
3317 2005 3484 2061 vitam
3533 2006 3718 2076 appel-

2137 2098 2232 2160 lat,
2287 2097 2513 2154 liberam
2563 2091 2744 2154 autem
2792 2113 2914 2168 qua:
2970 2098 3216 2167 sequitur
3272 2099 3455 2152 futura
3505 2096 3718 2168 (octava

2137 2189 2412 2262 inquam);
2439 2191 2534 2261 qui
2573 2191 2716 2247 enim
2756 2207 2848 2261 per
2887 2201 3088 2260 septem
3145 2189 3262 2244 dies
3308 2191 3590 2259 praesentis
3630 2190 3710 2243 vi-

2135 2289 2239 2347 tae,
2302 2297 2652 2352 peccatorum
2717 2300 2954 2354 nempe,
3023 2299 3144 2354 quae
3213 2283 3266 2337 in
3332 2283 3422 2337 illa
3472 2283 3718 2338 accidere

2136 2374 2331 2439 solent,
2389 2376 2709 2432 servitutem
2761 2377 2996 2431 debitam
3063 2374 3343 2440 excussit,
3398 2385 3590 2430 octava
3648 2374 3716 2430 ad

2135 2470 2442 2529 libertatem
2503 2473 2628 2529 vita:
2680 2473 2891 2528 transit.

2803 2563 3049 2620 Srholiou
3085 2563 3149 2619 2i
3162 2605 3176 2619 .

2206 2649 2332 2708 llazc
2383 2660 2468 2708 est
2522 2651 2782 2708 fortitudo
2830 2661 2888 2707 ut
2949 2652 3114 2707 homo
3164 2652 3400 2708 luctetur
3454 2651 3717 2708 adversus

2135 2747 2318 2816 priora
2368 2758 2610 2817 peccata,
2641 2762 2740 2817 pro
2777 2745 2976 2816 qnibrs
3011 2745 3240 2816 supplex
3297 2753 3453 2817 rogat
3516 2743 3713 2809 Deum,

2133 2845 2194 2891 ut
2249 2838 2339 2891 illa
2401 2839 2505 2893 sibi
2558 2838 2844 2908 ignoscat,
2895 2838 3026 2892 tutis
3086 2837 3292 2892 viribus
3353 2845 3605 2906 precatus
3647 2852 3718 2892 ne

2132 2928 2392 2997 deinceps
2444 2928 2553 2983 illis
2610 2929 2918 2984 consentiat
2966 2928 3080 2982 sive
3139 2927 3193 2983 in
3229 2928 3413 2995 corde,
3475 2929 3590 2984 sive
3620 2944 3718 2984 co-

2132 3017 2434 3086 gitatione,
2512 3018 2628 3073 sive
2713 3017 2924 3072 actione
3000 3032 3094 3071 seu
3165 3030 3358 3085 Opere,
3425 3017 3538 3072 sive
3603 3016 3716 3072 ullo

2133 3125 2319 3166 sensu.

2812 3200 2996 3255 Aliud.

2205 3291 2496 3348 Fortitudo
2549 3293 2758 3360 cordis,
2789 3301 2842 3348 et
2897 3291 3202 3348 subsidium
3267 3293 3462 3347 anima!
3516 3307 3711 3348 secun-

2130 3382 2260 3438 dum
2335 3381 2547 3449 Deum,
2601 3382 3062 3454 quemadmodum
3139 3381 3352 3455 pigritia
3408 3382 3709 3438 fomentum

2129 3488 2207 3533 est
2257 3475 2477 3532 malitia:
2490 3517 2502 3529 .

2837 3569 3018 3622 Aliud.

2199 3659 2457 3715 Charitas
2489 3674 2619 3730 erga
2655 3657 2824 3714 Deum
2881 3661 3104 3731 expellit
3161 3663 3544 3734 negligentiam
3577 3678 3707 3728 ;se-

2128 3754 2331 3810 curitas
2373 3763 2554 3810 autem
2608 3769 2731 3825 quae
2777 3767 2923 3812 caret
2991 3757 3205 3824 timore,
3269 3761 3473 3814 excitat
3521 3766 3574 3813 et
3626 3757 3708 3813 l‘o-

2133 3858 2221 3901 vet
2269 3847 2441 3902 Illam.

2552 3938 2714 4011 138
2766 3939 3019 3995 Scholion
3055 3939 3234 3995 Isaaci
3285 3943 3374 3998 22.

2202 4030 2298 4088 Est
2349 4031 2632 4088 humilitas
2681 4049 2747 4088 ex
2782 4035 2912 4101 Deo,
2973 4043 3026 4090 et
3071 4044 3156 4090 est
3195 4038 3288 4104 qui
3346 4053 3403 4093 se
3461 4037 3709 4093 Ilumiliat

2130 4134 2348 4194 propter
2393 4125 2643 4178 timorem
2695 4126 2810 4189 Dei,
2850 4137 2904 4180 et
2933 4136 3016 4181 est
3052 4126 3330 4183 humilitas
3369 4145 3491 4199 quae
3525 4134 3707 4184 nasci-

2128 4224 2217 4269 tur
2255 4230 2322 4270 οι
2362 4213 2636 4269 desiderio
2695 4213 2813 4271 Dei.
2877 4215 3032 4270 Illum
3066 4218 3162 4286 qui
3205 4227 3425 4289 propter
3457 4220 3704 4276 timorem

2130 4307 2225 4363 Dei
2300 4322 2361 4364 se
2426 4307 2696 4374 humiliat,
2753 4310 3000 4379 sequitur
3038 4311 3286 4380 quaedam
3335 4312 3705 4367 membrorum

2127 4399 2428 4456 moderatio
2457 4437 2474 4466 ,
2554 4414 2681 4456 cum
2757 4409 2908 4474 grata
2977 4417 3239 4458 sensuum
3307 4407 3707 4475 compositione

2126 4503 2181 4547 et
2235 4501 2688 4560 temperamento,
2753 4501 2809 4550 et
2867 4508 2963 4549 cor
3003 4495 3296 4550 contritum
3350 4497 3500 4551 omni
3568 4505 3704 4552 tem-

2127 4601 2278 4654 pore.
2308 4584 2412 4651 Qui
2445 4593 2624 4639 autem
2679 4601 2748 4642 es
2784 4585 3054 4642 desiderio
3107 4576 3161 4642 et
3218 4587 3417 4659 gaudio
3470 4604 3526 4643 se
3575 4590 3704 4644 sub-

2126 4675 2292 4730 mittit
2331 4683 2384 4730 et
2431 4675 2662 4747 ahjicit,
2727 4677 2955 4732 multam
3008 4679 3317 4750 assequitur
3381 4681 3706 4752 simplicita-

2128 4773 2338 4821 temet
2393 4766 2578 4823 cordis
2634 4778 2984 4839 augmentum
3009 4778 3065 4824 et
3092 4771 3418 4828 libertatem.

2705 4859 2952 4916 Scholion
2985 4863 3076 4918 25.

2200 4949 2534 5006 llumilitatis
2591 4952 2834 5008 studium
2884 4965 2988 5019 est,
3023 4964 3080 5010 ut
3139 4955 3186 5009 si
3237 4955 3361 5026 quis
3396 4971 3496 5010 nos
3541 4970 3703 5013 exse-

2127 5054 2307 5098 cretur
2351 5053 2405 5098 et
2457 5054 2832 5113 persequatur,
2890 5045 3075 5101 animo
3123 5046 3344 5116 perinde
3398 5047 3579 5104 allecti
3629 5051 3702 5104 si-

2131 5153 2275 5200 Ilius,
2326 5147 2386 5191 ut
2434 5151 2599 5192 canes
2671 5137 2764 5207 qui
2817 5137 2959 5207 pulsi
3024 5137 3306 5205 recedunt,
3363 5141 3543 5196 vocati
3605 5158 3702 5198 ve-

2131 5230 2308 5292 niunt,
2371 5235 2685 5295 reputantes
2736 5225 2790 5279 in
2849 5226 3013 5280 corde
3074 5235 3263 5281 nostro
3313 5227 3564 5298 Indignus
3599 5244 3701 5284 nos

2131 5333 2273 5381 esse,
2325 5317 2576 5386 quicum
2635 5316 2950 5372 hominibus
3011 5318 3280 5375 vivamus.

2431 5407 2436 5412 ’
2725 5407 2974 5464 Scholion
2998 5409 3088 5464 24.

2199 5504 2450 5565 Attende,
2506 5502 2776 5574 religiose,
2821 5510 2877 5556 et
2919 5503 3079 5573 vigila
3129 5501 3391 5560 adversus
3446 5505 3699 5576 spiritum

2129 5599 2222 5670 qni
2271 5595 2478 5653 homini
2520 5594 2799 5650 molestias
2840 5602 2896 5650 et
2962 5595 3236 5652 tristitiam
3277 5596 3510 5666 ingerit;
3557 5601 3666 5653 mut

2130 5705 2198 5748 ne
2265 5690 2408 5744 enim
2479 5695 2606 5741 sunt
2685 5686 2897 5742 insidias
2964 5687 3139 5754 illius,
3195 5689 3374 5760 quoad
3443 5691 3696 5747 virtutem

2132 5797 2278 5839 lnam
2317 5792 2370 5836 et
2409 5780 2514 5833 vim
2573 5777 2828 5848 iulringat
2865 5799 2877 5835 :
2918 5795 3040 5836 nam
3074 5781 3289 5840 tristitia
3339 5797 3461 5855 qua:
3504 5799 3534 5838 α
3590 5781 3701 5839 Deo
