4094 6192
466 318 571 383 797

1485 336 1714 397 SCALA
1746 336 2126 399 PARADISI.
2164 362 2226 375 -·
2252 342 2563 406 GRADUS
2601 348 2697 407 VI.

3636 351 3744 414 798

468 431 504 484 Et
523 428 766 504 ἑώρακεν
797 437 855 490 ὲν
884 439 952 509 τῇ
975 440 1234 496 ἐκστάσει
1266 442 1581 515 ἐξηττηκὼς
1608 448 1835 513 σύννους
1864 449 2058 514 οὕτως,

2164 453 2356 508 morbo
2380 453 2640 513 comitiali
2694 459 2950 531 agitatus,
2984 476 3012 515 a
3077 460 3333 517 fratribus
3393 462 3750 522 iuvrutusut

467 526 544 589 ὡς
574 527 844 597 μηδέποτε
868 532 959 585 ἐπὶ
987 533 1196 604 Κυρίου
1226 535 1304 605 (τι)
1331 538 1392 590 τὸ
1419 538 1549 592 ἴδιον
1570 535 1699 611 ἦθος
1726 540 2050 609 ἀλλοιώσας,

468 614 584 668 ἀλλ’
610 616 801 682 ἔκνους
827 621 934 683 ἀεὶ,
957 623 1051 674 καὶ
1073 622 1284 694 δάκρυα
1316 627 1494 697 θερμὰ
1517 627 1757 700 adio-mei.
1783 630 1907 686 καθ’
1929 632 2051 687 ὅλου

468 710 852 779 προχεόμενος.
891 712 1019 767 Ὅτε
1047 715 1103 768 δὲ
1135 715 1367 785 ἤμελλεν
1394 719 1669 791 τελευτᾷν,
1704 722 2055 793 ἁναφράξαν-

466 818 557 865 τες
587 802 687 874 τὴν
717 802 889 875 θύραν
938 805 1388 878 εἰσεληλύθαμεν,
1423 811 1517 863 καὶ
1569 811 1740 866 πολλὰ
1787 810 2049 886 δυσωπή-

470 910 683 959 σαντες,
742 895 901 951 τοῦτο
950 899 1042 953 καὶ
1095 899 1257 970 μόνον
1305 904 1432 972 παρ’
1480 902 1646 956 αὐτοῦ
1696 904 2052 978 ἀκηκόαμενο

470 986 870 1057 Συγχωρήσατε
891 1004 906 1020 ο
961 989 1135 1055 οὐδεὶς
1194 992 1413 1062 μνήμην
1474 993 1710 1049 θανάτου
1776 995 2054 1065 ἐγνωκὼς,

468 1074 757 1144 δυνήσεται
791 1077 1108 1150 ἁμαρτῆσαί
1138 1097 1288 1135 ποτε.
1333 1081 1529 1153 Ἡμεῖς
1573 1083 1632 1138 δὲ
1663 1083 2055 1158 ἐθαμῦούμεθα

467 1169 560 1222 τὸν
585 1167 760 1233 οὕτως
788 1169 981 1243 πρώην
1012 1171 1192 1243 άμελῆ
1224 1173 1486 1245 ὁρῶντες,
1518 1174 1693 1241 οὕτως
1724 1176 1925 1252 ἀθρόον
1955 1197 2056 1251 με-

466 1262 900 1334 ταμορφωθέντα
942 1264 1042 1334 τὴν
1098 1266 1376 1336 μακαρίαν
1415 1267 1701 1324 ἀλλοίωσιν
1752 1273 1850 1326 καὶ
1888 1290 2055 1345 μετα-

473 1354 757 1426 μόρφωσιν
774 1370 789 1385 ·
821 1355 1091 1424 θάψαντες
1118 1356 1176 1410 δὲ
1199 1358 1366 1412 αὑτὸν
1391 1359 1556 1425 ὁσίως
1592 1362 1650 1415 ὲν
1678 1363 1756 1433 τῷ
1785 1381 2055 1437 κοιμητη-

471 1447 574 1520 ρίφ
604 1446 685 1518 τῷ
710 1447 938 1519 πλησίον
968 1447 1063 1503 τοῦ
1090 1448 1366 1521 κάστρου·
1404 1452 1527 1522 μεθ’
1552 1455 1770 1526 ἡμέραν
1798 1456 2059 1527 ἐπιζητὴ-

471 1556 666 1604 σαντες
702 1540 766 1594 τὸ
813 1542 970 1610 ἅγιον
1010 1541 1180 1598 αὐτοῦ
1209 1542 1482 1615 λείψανον,
1513 1547 1612 1617 οὐχ
1641 1547 1879 1619 εὓρομεν
1900 1566 1914 1579 ·
1958 1549 2056 1606 τοῦ

468 1630 677 1703 Κυρίου
710 1631 805 1685 καὶ
836 1633 893 1685 ὲν
923 1634 1100 1705 τούτῳ
1130 1634 1230 1705 τὴν
1258 1638 1746 1708 μεμεριμνημένην
1776 1638 1940 1693 αὐτοῦ
1962 1640 2057 1694 καὶ

468 1722 783 1790 ἀξιέπαινον
814 1726 1105 1796 μετάνοιαν
1131 1726 1668 1801 πληροφορήσαντος,
1699 1712 1908 1795 πάντας
1930 1734 2057 1796 τοὺς

470 1816 848 1889 βουλομένους,
885 1818 982 1873 καὶ
1026 1823 1166 1890 μετὰ
1217 1819 1421 1892 πολλὴν
1459 1823 1722 1891 ἀμέλειαν
1755 1824 2058 1896 διορθώσα-
2090 1803 2132 1859 Β

471 1908 596 1965 σθαι
625 1909 739 1980 (6)·
774 1910 965 1983 ὥσπερ
992 1911 1095 1984 τὴν
1140 1911 1380 1967 ἄϐυσσον
1408 1915 1702 1986 ἀπέρατον,
1739 1918 1884 1981 τινἐς
1917 1912 2056 1973 εἶναι

466 2002 742 2076 ὁρίζονται
757 2021 770 2035 ο
787 2003 951 2059 τόπον
965 2004 1075 2076 γάρ
1090 2004 1264 2078 αὐτὴν
1286 2005 1545 2060 καλοῦσιν
1559 2006 1931 2078 ἁπῦθμαντον.
1951 2008 2054 2062 οὖ-

466 2097 624 2166 τωςὴ
653 2095 748 2151 τοῦ
779 2095 1012 2152 θανάτου
1052 2096 1229 2152 εννοια
1256 2097 1533 2170 ἄφθαρτον
1561 2099 1654 2154 καὶ
1704 2098 1802 2173 τὴν
1830 2100 2059 2169 ἁγνείαν

471 2190 565 2245 καὶ
573 2189 672 2261 τὴν
692 2192 956 2264 ἐργασίαν
973 2193 1254 2261 κέκτηται.
1276 2190 1599 2247 Βεδαιοῦται
1616 2191 1675 2247 δι
1691 2192 1755 2246 τὸ
1768 2193 2057 2264 εἰρημένον

469 2282 500 2338 6
522 2284 919 2355 προειρημένος
942 2284 1275 2355 ὃσιοςδδόϐῳ
1294 2283 1458 2354 ερόσον
1478 2284 1742 2357 διηνεκῶς
1760 2286 1812 2339 οἱ
1828 2286 2058 2342 τοιοῦτοι

471 2377 1005 2450 προσλαμϐάνοντες,
1035 2380 1098 2433 οὔ
1131 2382 1397 2434 παύονται
1424 2380 1587 2453 ἄχρις
1630 2378 1699 2435 ἂν
1729 2383 1823 2436 καὶ
1854 2381 1995 2455 αὕτη
2022 2383 2058 2454 ἠ

471 2471 580 2525 τῶν
609 2471 814 2526 ὀστέων
862 2471 1213 2545 ὲκδαπανηθῇ
1258 2471 1509 2544 δύναμις.
1561 2473 1744 2545 Δῶρον
1783 2472 1920 2528 Θεοῦ
1963 2477 2059 2530 καὶ

469 2566 630 2623 τοῦτο
663 2567 802 2639 μετὰ
846 2569 1066 2624 πάντων
1098 2568 1319 2638 ἀγαθῶν
1350 2565 1490 2625 εἶναι
1524 2571 1750 2634 ἑαυτοὺς
1784 2570 2060 2643 πληροφο-

475 2662 762 2733 ρήσωμεψ
813 2662 938 2716 ἐπεί
996 2679 1113 2727 πως
1164 2661 1424 2726 πολλάκις
1472 2663 1568 2718 καὶ
1615 2664 1677 2716 ἐν
1718 2664 1901 2728 αὐτοῖς
1945 2666 2059 2729 τοῖς

476 2758 721 2830 μνήμασι
745 2758 1204 2833 παραγενόμενοι,
1221 2757 1518 2830 άδάκρυτοί
1541 2775 1685 2822 τινες
1706 2758 1799 2812 καὶ
1831 2758 2058 2829 σκληροὶ

470 2850 802 2924 διαμένομεν
819 2870 832 2882 ·
861 2852 1017 2915 ἐκτὸς
1045 2851 1102 2907 δὲ
1128 2852 1227 2923 τῆς
1254 2851 1511 2924 τοιαύτης
1540 2850 1775 2922 θεωρίας
1805 2851 2060 2906 πλειστά-

474 2962 562 3011 κις
601 2944 1091 3016 κατανυσοὼμεθα.
1150 2946 1210 2999 ’0
1264 2946 1482 3000 πάντων
1528 2946 1845 3016 νεκρωοεὶς,
1903 2937 2058 3007 οὗτος

474 3037 706 3094 θανάτου
735 3039 1143 3111 ἐμνημόνευσεν
1161 3053 1177 3069 ⁰
1207 3040 1240 3092 ὁ
1266 3038 1324 3093 δὲ
1352 3037 1433 3092 Eat
1466 3039 1735 3107 σχετικος,
1759 3039 1822 3091 οὗ
1860 3037 2058 3110 σχολά-

2156 559 2329 616 prope
2377 550 2653 605 exanimis
2714 561 3031 622 reportatus
3073 561 3176 609 est.
3233 552 3350 607 Non
3407 553 3742 607 committam

2113 655 2125 663 '
2158 638 2289 706 quin
2327 638 2422 707 tibi
2454 641 2618 696 etiam
2648 642 2877 698 solitarii
2936 644 3080 701 illius
3101 645 3406 701 Chorebita‘.
3438 647 3744 701 factumex»

2159 745 2379 798 ponam.
2420 731 2518 787 llic
2547 735 2829 805 prioribus
2859 738 3043 802 annis,
3076 740 3319 807 neglecta
3350 755 3574 809 prorsus
3628 739 3746 792 aui-

2158 838 2261 878 mae
2305 839 2436 880 cura
2466 836 2521 881 et
2550 828 2751 890 salute.
2783 831 2837 884 iu
2864 847 3081 886 summa
3111 833 3232 887 vit-.e
3262 832 3530 903 religiosa:
3572 831 3745 900 negli-

2158 914 2340 982 gentia
2378 918 2712 975 versabatur.
2756 918 2999 976 Tandem
3032 924 3181 993 gravi
3241 923 3475 979 afllictus
3528 925 3740 982 morbo,

2157 1020 2282 1061 eum
2312 1008 2379 1063 ad
2406 1019 2648 1066 extrema
2694 1028 2863 1082 prope
2888 1015 3144 1082 venisset,
3171 1014 3238 1071 ad
3261 1016 3427 1072 unius
3446 1016 3593 1071 borar
3615 1031 3712 1086 sp:
3734 1042 3746 1054 -

2158 1105 2293 1161 tium
2324 1106 2434 1162 vita
2455 1108 2683 1162 omnino
2715 1111 2947 1165 cessisse
2977 1110 3281 1166 videbatur.
3307 1109 3414 1167 Sed
3445 1112 3539 1168 ubi
3565 1112 3633 1168 ad
3686 1129 3746 1169 se

2157 1198 2339 1263 rediit,
2366 1202 2576 1271 rogavit
2604 1218 2705 1256 nos
2739 1218 2931 1258 omnes
2960 1204 3037 1257 ttti
3090 1205 3496 1273 quamprimum
3550 1220 3744 1262 omnes

2156 1290 2227 1344 ab
2256 1290 2350 1346 illo
2394 1292 2791 1348 recederemus.
2822 1294 3127 1366 Statimque
3157 1295 3305 1350 cella:
3337 1311 3456 1351 suae
3513 1295 3742 1365 januaut

2157 1382 2450 1448 obstruxit,
2483 1386 2793 1456 mansitque
2821 1387 2896 1442 ita
2930 1389 3173 1443 inclusus
3204 1403 3380 1444 annos
3403 1398 3545 1445 totos
3601 1391 3745 1445 duo-

2157 1471 2358 1539 decim,
2389 1473 2602 1529 nullum
2633 1477 2858 1531 verbum
2898 1493 3023 1531 cum
3058 1477 3171 1532 ulto
3206 1476 3443 1545 loeutus,
3503 1479 3745 1550 nihilque

2159 1576 2355 1634 praeter
2400 1581 2601 1636 aquam
2638 1576 2693 1623 et
2724 1584 2921 1639 panem
2972 1570 3244 1642 gustabat.
3278 1571 3385 1627 Sed
3436 1574 3626 1630 eodem
3689 1575 3741 1629 iu

2160 1654 2280 1710 luco
2319 1659 2602 1723 sessitans,
2633 1674 2697 1714 ea
2730 1676 2852 1730 quae
2884 1660 2937 1716 in
2967 1677 3197 1719 excessu
3229 1664 3440 1718 viderat
3472 1665 3546 1719 ita
3593 1665 3743 1735 cogi-

2161 1749 2440 1806 tabundus
2473 1752 2805 1819 revolvebat,
2832 1763 2893 1811 ut
2925 1771 3208 1827 nunquam
3240 1758 3445 1826 proprii
3497 1758 3742 1827 corporis

2160 1851 2363 1899 statum
2397 1853 2453 1899 et
2484 1846 2731 1901 habitum
2785 1857 3044 1911 mutaret,
3073 1846 3168 1903 sed
3221 1865 3437 1919 semper
3476 1852 3742 1907 attonitus

2158 1944 2213 1989 et
2243 1934 2388 1990 velut
2414 1935 2485 1992 ab
2521 1939 2776 1993 sensibus
2804 1947 3090 2002 avocatus.
3122 1939 3341 2009 altoque
3378 1942 3598 1998 silentio
3649 1945 3743 1997 de-

2159 2024 2302 2082 ﬁxus
2344 2026 2647 2084 calentibus
2692 2030 2953 2100 lacrymis
2986 2031 3361 2088 mandantur.
3417 2032 3553 2087 Cum
3614 2048 3745 2090 vero

2154 2118 2269 2189 jam
2306 2120 2383 2176 illi
2411 2136 2566 2177 mors
2592 2122 2923 2188 immineret,
2984 2121 3146 2198 ια
3200 2134 3314 2181 tum
3369 2141 3471 2181 uos
3526 2126 3743 2183 effracta

2155 2213 2324 2282 janua
2354 2213 2607 2286 ingressi,
2634 2215 2914 2285 multaque
2944 2217 3149 2284 precati
3203 2216 3306 2271 hoc
3337 2232 3506 2272 unum
3544 2229 3598 2272 et
3653 2234 3745 2273 so-

2162 2303 2270 2358 lum
2321 2305 2392 2360 ab
2425 2306 2519 2360 illo
2572 2308 2938 2363 extorsimus:
2991 2306 3276 2378 Ignoscite,
3336 2310 3528 2377 inquit,
3586 2325 3748 2365 nemo

2161 2395 2254 2467 qui
2280 2396 2473 2452 mortis
2496 2397 2817 2453 memoriam
2846 2397 3032 2453 animo
3066 2397 3326 2463 iulixerit,
3351 2414 3590 2470 unquam
3621 2414 3747 2470 pec-

2161 2502 2289 2543 care
2321 2489 2538 2558 poterit.
2571 2489 2693 2555 Quo
2719 2504 2822 2544 nos
2852 2504 3121 2560 responso
3169 2491 3407 2560 perculsi
3458 2491 3747 2562 obstupui-

2163 2595 2310 2646 mus,
2343 2576 2597 2635 admirati
2649 2592 2762 2635 tam
2804 2581 3042 2639 subitam
3098 2591 3153 2638 et
3182 2583 3395 2638 beatam
3450 2584 3573 2639 vita-
3630 2601 3748 2640 uto-

2163 2687 2396 2743 rumque
2427 2674 2781 2729 mutationem
2816 2684 2869 2730 et
2899 2677 3389 2746 metamorpltosin,
3431 2678 3526 2747 qui
3586 2690 3746 2734 antea

2170 2766 2345 2837 ipsius
2378 2766 2762 2837 negligentiam
2800 2781 3147 2823 noveramus.
3181 2764 3356 2834 Quem
3381 2786 3506 2822 cum
3529 2770 3585 2823 in
3627 2786 3746 2826 eu:-

2164 2857 2412 2921 meterio,
2430 2858 2576 2925 quod
2605 2867 2790 2912 castro
2818 2858 3126 2926 proximum
3159 2867 3300 2918 erat.
3322 2860 3733 2927 sepelissemus,

2163 2946 2426 3020 postridie
2451 2948 2754 3003 revisentes
2807 2956 3061 3004 sanctum
3092 2950 3215 3018 ejus
3238 2964 3440 3020 corpus
3464 2950 3519 3004 iu
3558 2953 3743 3021 sepul-

2163 3056 2262 3097 cro
2290 3056 2400 3097 non
2440 3041 2680 3111 amplius
2720 3040 3052 3107 invenimus,
3089 3039 3511 3109 Domitiosimul
3546 3044 3602 3096 in
3641 3043 3747 3098 hoc

476 3146 560 3185 σει
594 3132 771 3202 ἑαυτῴ
797 3130 1182 3196 ἀντεπίεουλος
1214 3129 1311 3184 ὢν.
1342 3129 1436 3202 Μὴ
1477 3130 1598 3184 θέλε
1629 3131 1707 3199 (7)
1734 3131 1940 3194 πάντας
1969 3129 2058 3183 διὰ

2160 3150 2351 3191 omnes
2380 3134 2631 3198 docente,
2684 3134 2779 3203 qui
2809 3142 2930 3204 post
2963 3134 3181 3205 longam
3243 3134 3408 3189 etiam
3459 3136 3749 3204 praeteritae

474 3224 630 3297 ὶόγον
656 3227 1020 3297 πληροςςορείν
1049 3225 1148 3298 τὴν
1181 3223 1316 3295 πρὸς
1339 3224 1538 3287 αὐτοὺς
1566 3225 1788 3293 ἀγάπην
1810 3237 1824 3253 ο
1855 3222 2059 3293 μᾶλλον

475 3319 532 3377 δὲ
559 3320 691 3374 Θεὸν
729 3318 884 3374 αἰτοῦ
909 3318 1114 3388 ταύτην
1142 3316 1327 3379 αὐτοῖς
1353 3317 1613 3388 ἀρρήτως
1643 3315 1942 3387 ἑμφανίσαι
1962 3332 1977 3345 ·
2009 3315 2058 3369 εί

475 3415 533 3470 δὲ
561 3415 658 3487 μὴ,
696 3414 798 3467 οὐκ
824 3412 1109 3487 ἐξαρκέσει
1144 3427 1227 3465 σοι
1260 3411 1289 3465 ὁ
1317 3410 1508 3481 χρόνος
1539 3409 1676 3480 πρὸς
1718 3409 1932 3481 σχέσεις
1962 3409 2058 3464 καὶ

476 3508 788 3575 κατάνυξιν.
830 3507 924 3579 Μὴ
951 3503 1169 3570 άπατῶ,
1196 3503 1374 3575 ἄφρον
1403 3502 1632 3574 ἑργάτα,
1661 3500 1838 3573 χρόνῳ
1865 3501 2057 3574 χρόνον

477 3599 858 3672 ἀναπληροῦν
888 3599 951 3651 οὐ
979 3600 1088 3668 γὰρ
1109 3595 1332 3668 ἐξαρκεῖ
1355 3597 1388 3667 ή
1411 3594 1596 3666 ἡμέρα
1620 3592 1738 3649 οὐδὲ
1766 3594 1828 3647 τὸ
1856 3594 2057 3664 ἑαυτῆς

477 3694 638 3765 χρέος
683 3691 762 3763 τῷ
806 3690 1049 3760 Δεσπὸτῃ
1082 3687 1385 3751 avemus;
1415 3686 1735 3758 πληρῶσαι·
1777 3685 1930 3757 παρὰ
1967 3686 2060 3740 άν-

478 3786 717 3859 θρώποις
764 3786 866 3839 οὐκ
912 3784 1049 3845 ἔστι,
1088 3782 1275 3853 φησὶν,
1324 3779 1430 3834 οὐκ
1476 3778 1596 3834 ἐστι
1642 3778 1743 3849 τὴν
1786 3778 2060 3833 ὲνστῶσαν

478 3878 693 3951 ἡμέραν
744 3875 983 3940 εὐσεϐῶς
1024 3873 1302 3940 διεξιέναι,
1356 3873 1406 3926 si
1465 3872 1542 3943 μὴ
1595 3870 1772 3942 αὐτὴν
1825 3872 2060 3942 ἐσχάτην

477 3972 680 4035 παντὸς
706 3969 802 4025 τοῦ
837 3968 955 4041 βίου
984 3967 1351 4038 λογισώμεθα.
1388 3967 1498 4020 Καὶ
1527 3964 1718 4036 θαῦμα
1744 3964 1913 4029 ὄντως
1941 3964 2059 4030 πῶς

475 4066 572 4120 καὶ
609 4063 871 4134 Ἕλληνές
917 4078 972 4117 τι
1003 4061 1242 4116 τοιοῦτον
1271 4059 1627 4129 ἐφθέγξαντο,
1664 4057 1787 4112 ἐπεὶ
1831 4058 1925 4112 καὶ
1965 4074 2054 4127 φι-

477 4159 735 4230 λοσοφίαν
760 4156 916 4213 τοῦτο
946 4150 1088 4210 εἶναι
1111 4154 1405 4227 ὁρίζονται,
1445 4150 1678 4224 μελέτην
1705 4150 1962 4205 Θανάτου.

2163 3227 2288 3283 vitae
2314 3227 2700 3288 cessationem.
2732 3236 2788 3281 et
2846 3226 3229 3297 negligentiam
3276 3226 3343 3281 ad
3384 3226 3594 3298 frugem
3663 3242 3747 3282 re-

2165 3320 2354 3385 deunt,
2381 3329 2593 3390 gratam
2628 3320 2732 3375 sibi
2767 3318 2939 3374 fuisse
2973 3318 3160 3389 hujus,
3220 3319 3467 3390 adeoque
3498 3321 3746 3375 omnium

2161 3424 2284 3466 esse
2315 3420 2623 3465 accuratam
2670 3418 2727 3463 et
2754 3409 3080 3464 laudabilem
3106 3411 3507 3480 paenitentiam.
3545 3407 3750 3477 Quent-

2162 3499 2455 3555 admodum
2499 3509 2631 3556 sunt
2683 3501 2777 3570 qui
2859 3502 3120 3573 abyssum
3172 3499 3438 3573 aquarum
3504 3503 3747 3558 altitudi-

2162 3606 2288 3646 nem
2322 3591 2474 3647 vadis
2522 3603 2798 3646 carentem
2854 3592 3159 3659 definiunt;
3205 3591 3388 3648 locum
3417 3595 3564 3649 enim
3594 3592 3747 3648 illum

2165 3684 2442 3755 appellant
2471 3685 2592 3741 sine
2621 3685 2774 3740 vadis
2798 3684 2996 3758 [fundo
3022 3685 3320 3758 carentem]
3366 3705 3381 3749 ;
3417 3687 3499 3742 sic
3558 3687 3751 3743 mortis

2168 3775 2450 3830 meditatio
2476 3776 2787 3832 castitatem
2821 3787 3106 3841 teteruam,
3139 3786 3196 3832 et
3220 3778 3552 3848 reliquarum
3578 3789 3752 3835 virtu-

2168 3878 2283 3926 tum
2313 3870 2758 3927 exercitationem
2788 3868 2896 3928 fine
2938 3881 3213 3927 carentem
3247 3872 3528 3942 possidet:
3603 3874 3750 3944 qucl

2166 3960 2372 4017 dictum
2405 3971 2630 4019 sanctus
2669 3963 2759 4020 ille
2787 3979 2950 4034 quem
2981 3962 3148 4018 modo
3198 3963 3413 4019 laudavi
3441 3963 3749 4021 continuat.

2164 4050 2300 4108 Nam
2332 4054 2385 4109 bi
2434 4055 2570 4110 tales
2620 4054 2871 4109 timorem
2907 4054 3105 4110 timore
3134 4064 3338 4125 augent
3365 4055 3607 4122 assidue,
3653 4070 3754 4110 nec

2165 4157 2386 4205 cessant
2452 4149 2522 4202 ab
2544 4151 2645 4204 hac
2694 4149 3107 4210 exercitatione,
3166 4148 3339 4203 donec
3412 4150 3578 4205 etiam
3624 4165 3750 4205 ossa

479 4255 825 4312 exhauriant.
895 4252 1191 4309 Enimvero
1227 4260 1284 4305 et
1344 4248 1451 4306 hoc
1503 4263 1725 4321 quoque
1774 4246 1869 4304 Dci
1926 4245 2250 4303 beneﬁcium
2286 4260 2408 4301 esse
2442 4247 2586 4301 inter
2625 4246 2730 4300 alia
2796 4246 2918 4317 ejus
2979 4246 3264 4301 innumera
3334 4249 3473 4303 bona
3538 4250 3754 4317 penitus

479 4349 638 4405 nobis
680 4344 1107 4418 persuadeamus
1135 4343 1354 4415 quando
1374 4344 1577 4413 sacpius
1604 4343 1812 4412 experti
1842 4358 2055 4398 sumus.
2097 4339 2236 4395 Cum
2308 4340 2521 4397 ossaria
2594 4340 2826 4413 ingressi
2879 4340 3086 4395 nullam
3155 4342 3412 4413 laeryma:
3466 4353 3673 4413 guttam
3721 4362 3752 4400 a

478 4443 658 4509 nobis,
733 4452 991 4512 tauquam
1055 4439 1249 4496 ferreis
1301 4440 1590 4509 impetrare
1630 4437 1997 4511 [extorquere]
2035 4438 2334 4508 potuimus,
2370 4454 2495 4493 cum
2556 4446 2737 4493 tamen
2790 4447 2943 4494 extra
3009 4439 3383 4509 sepulcrorum
3435 4439 3749 4511 huiusmodi

478 4537 989 4607 contemplationem
1018 4535 1318 4604 sepissime
1347 4534 1403 4589 in
1460 4532 1687 4595 luctum,
1717 4541 1772 4586 et
1833 4532 2102 4601 lacrymas
2142 4531 2443 4585 solvamur.
2476 4531 2581 4598 Qui
2617 4531 2862 4586 omnium
2896 4548 3078 4588 rerum
3110 4534 3304 4590 aﬂectu
3336 4535 3626 4589 defunctus
3666 4546 3754 4590 est

481 4630 571 4685 hic
596 4644 721 4684 vere
775 4629 965 4684 mortis
1024 4626 1346 4683 memoriam
1424 4625 1743 4695 complexus
1802 4635 1905 4679 est.
1971 4621 2128 4694 1&5
2168 4623 2271 4689 Qui
2299 4624 2478 4678 adhuc
2509 4639 2689 4678 rerum
2716 4623 3004 4681 desideriis
3044 4635 3280 4689 tenetur.
3322 4626 3438 4697 ipse
3487 4643 3594 4680 non
3627 4638 3749 4679 ceso

481 4736 568 4782 sat
628 4741 753 4782 esse
785 4724 871 4781 sui
949 4724 1122 4795 ipsius
1171 4722 1476 4778 insidiator.
1519 4718 1643 4775 Noli
1678 4720 1812 4775 velle
1877 4719 2135 4773 omnibus
2173 4717 2425 4774 allectum
2456 4728 2610 4773 tuum
2651 4720 2856 4774 amoris
2878 4734 3008 4789 erga
3053 4720 3487 4786 illosdcelarare
3534 4718 3748 4787 verbis;

481 4821 652 4877 Deum
689 4818 868 4888 nntius
892 4832 1043 4886 roga.
1083 4826 1143 4870 ut
1172 4817 1289 4887 ipse
1317 4829 1518 4869 arcano
1548 4826 1659 4882 quo
1689 4820 1866 4882 potest
1896 4811 2060 4865 modo
2100 4820 2223 4865 tuas
2287 4827 2414 4882 erga
2468 4813 2699 4867 alterum
2728 4823 2906 4882 partes
2934 4814 3175 4885 impleat.
3197 4812 3353 4881 Quod
3388 4814 3496 4871 nisi
3536 4814 3749 4873 feceris.

480 4931 591 4971 non
641 4915 809 4969 nilum
854 4913 948 4968 tibi
1001 4922 1215 4980 tempus
1282 4908 1516 4966 sufiiciet
1569 4909 1636 4965 ad
1690 4909 2084 4963 ostendendum
2153 4909 2398 4963 animum
2458 4917 2610 4963 tuum
2656 4924 2784 4979 erga
2832 4911 2992 4976 alios,
3040 4919 3095 4965 et
3146 4911 3213 4965 ad
3269 4913 3749 4984 computtctionem

481 5007 649 5062 animi
677 5004 1049 5063 excitandam.
1077 5002 1155 5058 Ne
1181 5002 1392 5070 fallare,
1453 5002 1652 5058 stolide
1687 5003 2043 5067 mercenarie,
2086 5011 2301 5073 tempus
2349 5007 2602 5074 tempore
2651 5004 2966 5059 redimendo
2998 5024 3012 5059 :
3044 5022 3143 5062 nec
3170 5009 3316 5062 enim
3388 5021 3491 5062 suo
3552 5006 3751 5077 cuique

479 5097 666 5152 debito
693 5096 843 5167 operi
881 5111 982 5151 sua
1005 5096 1120 5149 dies
1152 5093 1370 5158 sullieit,
1402 5101 1462 5147 ut
1525 5092 1657 5147 illud
1692 5091 1804 5147 Deo
1869 5094 2139 5161 integrum
2180 5094 2509 5165 plenumque
2543 5106 2977 5167 repraesentetur.
3014 5095 3155 5155 Fieri
3207 5115 3315 5154 non
3352 5108 3549 5170 potest,
3573 5098 3751 5168 inquit

482 5205 778 5255 nonnemo,
828 5205 936 5245 non
978 5197 1155 5261 potest
1199 5190 1313 5244 ﬁeri
1345 5189 1490 5243 inter
1548 5187 1849 5251 mortales,
1902 5197 1962 5242 ut
2019 5197 2342 5257 prteseutem
2401 5189 2545 5245 diem
2592 5192 2728 5246 satis
2772 5194 2856 5259 pie
2935 5192 3302 5262 religioseque
3356 5191 3742 5261 transigamus,

484 5284 594 5341 nisi
635 5284 790 5340 illum
826 5285 1005 5356 ipsum
1051 5283 1194 5339 diem
1238 5285 1405 5339 totius
1470 5283 1595 5339 vitae
1653 5297 1970 5352 supremum
2044 5284 2405 5355 ultimumque
2481 5285 2886 5342 existimemus.
2961 5283 3025 5341 Et
3101 5300 3232 5339 sane
3289 5283 3585 5353 permirum
3639 5288 3745 5347 est,

485 5378 763 5449 quomodo
788 5386 846 5432 et
906 5376 1101 5448 pagani
1147 5377 1438 5446 scriptores
1474 5375 1548 5446 (b)
1589 5375 1796 5445 aliquid
1860 5375 1911 5429 id
1955 5391 2131 5447 genus
2171 5378 2597 5447 Drouuutiariut,
2638 5380 2733 5449 qui
2784 5379 3026 5434 studium
3094 5378 3373 5448 sapientia:
3422 5376 3559 5431 nihil
3597 5373 3748 5428 aliud

484 5482 609 5524 esse
644 5468 900 5524 dixerunt
959 5483 1125 5538 quam
1154 5468 1568 5523 meditationem
1607 5469 1819 5522 mortis.

2242 5699 2316 5768 (In)
2348 5696 2517 5750 Plato.
2543 5692 2677 5750 Vide
2729 5693 2944 5751 Prxiat.
2991 5706 3232 5751 nostram
3262 5696 3328 5748 ad
3361 5694 3651 5768 Syntagmu
3676 5695 3739 5747 tle

2170 5769 2531 5824 morientibus.

562 5707 638 5765 tu)
685 5701 810 5755 Ἐπὶ
872 5701 1073 5771 Κυρίου
1137 5700 1336 5755 absunt
1383 5700 1437 5755 iu
1492 5698 1808 5770 Augustam)
1851 5699 2058 5763 codice,

494 5775 583 5832 sed
613 5772 664 5825 in
688 5776 809 5827 abis
831 5775 1087 5827 ominibus
1118 5773 1390 5844 leguntur.
