4076 6202
328 307 437 371 803

1595 304 1654 364 S.
1679 299 2003 363 JOANNIS
2031 292 2337 357 CLIMACI

3491 283 3600 349 806

319 415 524 469 oblitus
542 423 623 467 est
656 410 926 466 comedere
956 425 1143 480 pauent
1171 427 1325 464 suum
1358 413 1424 464 ".
1469 403 1799 466 Poenitentia
1826 418 1911 463 est

2031 420 2115 474 ιης
2150 400 2554 474 παρακλήσεως
2591 398 2934 471 σωματικῆς.
2968 397 3092 450 Τῶν
3127 397 3226 469 μὲν
3260 396 3600 467 προκοπτόν-⁵

321 514 441 560 ista
479 502 662 558 omnis
714 502 971 557 humane
1011 501 1407 558 consolationis
1435 502 1731 557 abdicatio.
1771 500 1909 556 Pro-

321 577 499 666 prium
544 596 599 649 in
654 595 813 649 beato
853 593 1004 648 luctu
1058 594 1392 663 prolicientis
1425 604 1530 660 est,
1562 594 1668 650 cibi
1701 602 1909 665 tempe-

323 688 519 750 rantia,
544 695 601 742 et
624 686 735 741 oris
790 685 1108 749 silentium;
1162 700 1356 740 eorum
1392 688 1485 756 qui
1516 686 1629 756 jam
1664 684 1910 756 profece~

325 789 456 834 runt
480 778 726 843 victoria,
749 793 843 832 ine
854 786 915 832 ct
931 777 1256 848 injuriarum
1283 779 1520 842 oblivio;
1543 778 1911 847 perfecturum

324 886 453 927 vero
509 887 704 926 setisus
747 886 869 925 rere
929 870 1196 934 humilis,
1260 872 1715 925 contumeliarunt
1770 870 1912 934 sitis,

325 962 678 1019 albictionum
703 961 1102 1017 contrariarum
1140 971 1349 1015 natura:
1381 961 1686 1014 voluntaria
1719 960 1914 1026 fames,

327 1057 673 1129 peccantium
732 1072 840 1110 non
902 1055 1080 1110 solum
1144 1054 1291 1108 nulla
1344 1053 1756 1118 condemnatio,
1819 1055 1914 1108 sed

328 1162 492 1218 supra
558 1161 723 1215 quam
770 1156 965 1199 natura
1026 1145 1166 1208 fert,
1220 1143 1650 1198 commiseratio.
1701 1143 1916 1213 Appro-

330 1239 493 1293 liandi
529 1239 725 1309 primi;
761 1237 1016 1291 laudandi
1048 1236 1271 1291 secundi
1301 1251 1316 1299 ;
1349 1234 1491 1290 beati
1529 1235 1788 1304 posu-emi
1816 1236 1910 1305 qui

327 1333 583 1388 esuriunt
638 1329 982 1395 aﬂlictiones,
1031 1340 1088 1385 et
1138 1330 1339 1384 sitiunt
1364 1330 1747 1393 contumelias,
1777 1343 1920 1399 quo-

332 1425 476 1479 niam
519 1425 621 1493 ipsi
650 1423 1040 1489 salui-abutitur
1066 1423 1192 1477 cibo
1211 1422 1547 1489 inexplebili.
1570 1420 1674 1487 Qui
1693 1435 1920 1491 compos

333 1518 512 1573 luctus
542 1519 722 1573 factus
748 1532 832 1582 cs,
877 1523 1082 1586 quanta
1114 1527 1270 1587 potes
1289 1516 1338 1569 vi
1361 1515 1532 1571 retine
1552 1515 1734 1569 illum:
1784 1514 1922 1569 solet

331 1611 476 1665 enim
494 1612 810 1682 priusquam
823 1610 1033 1665 radices
1048 1612 1101 1663 in
1116 1610 1303 1665 animo
1314 1607 1607 1678 egit,facile
1625 1623 1719 1678 per
1732 1610 1922 1665 turbas

338 1702 499 1775 149
525 1717 689 1761 curas
715 1703 962 1772 corporis
994 1711 1051 1756 et
1083 1701 1416 1771 voluptates,
1450 1700 1751 1770 praesertim
1792 1714 1923 1754 vero

2008 512 2119 549 των
2154 494 2236 548 ἔτι
2278 497 2336 548 ὲν
2366 492 2445 565 τῷ
2478 494 2738 565 μακαρίῳ
2789 490 2974 546 πένθει
3006 489 3200 562 ἰδίωμα
3233 491 3267 560 ὴ
3306 489 3604 560 ἐγκράτεια

2010 584 2107 638 καὶ
2145 583 2326 654 σιωπὴ
2389 582 2499 636 τῶν
2543 580 2785 653 χειλέων·
2815 580 2923 633 τῶν
2947 581 3003 635 δὲ
3032 579 3447 651 προκοψάντων,
3473 579 3607 648 ἀορ-

2011 676 2199 747 γησία,
2226 676 2320 730 καὶ
2347 673 2745 746 ἀμνησικακία·
2777 673 2884 727 τῶν
2918 673 3315 727 τελειωθέντων
3341 686 3594 726 ταπεινο·

2013 770 2282 842 φροσύνη,
2326 768 2564 839 ἀτιμιῶν
2612 766 2764 838 δίψα,
2820 766 3053 836 θλίψεων
3102 765 3377 821 άκουσίων
3442 766 3605 817 πεῖνα

2017 864 2289 926 ἑκούσιος,
2316 860 2690 932 ἀκατακρισία
2717 858 3163 931 ἁμαρτανόντων,
3188 856 3266 931 (Ι)
3289 856 3605 928 συμπάθεια

2017 957 2160 1025 ὑπὲρ
2207 955 2462 1026 δύναμιν·
2502 953 2824 1008 ἁποόεκτέοι
2869 954 2919 1006 οἱ
2965 951 3196 1022 πρῶτοι,
3238 950 3604 1017 άξιεπαίνετοι

2016 1051 2067 1103 οἱ
2101 1049 2368 1120 δεύτεροι·
2410 1049 2674 1120 μακάριοι
2720 1048 2777 1101 δὲ
2831 1049 2882 1101 οἱ
2921 1047 3215 1110 πεινῶντες
3260 1043 3463 1116 θλίψιν,
3508 1044 3603 1098 καὶ

2017 1140 2284 1211 διψῶντες
2315 1140 2564 1212 ἀτιμίαν,
2597 1141 2678 1194 ὅτι
2727 1140 2884 1194 αὐτοὶ
2926 1138 3348 1209 κορεσθήσονται
3394 1139 3605 1207 τροφῆς

2020 1234 2344 1306 ἀκορέστου.
2377 1234 2615 1305 Κρατῶν
2644 1231 2877 1297 πένθους
2900 1233 3051 1304 πάσῃ
3072 1236 3231 1303 ,ίσχύῖ
3256 1232 3470 1302 κράτει·
3498 1230 3607 1301 πρὸ

2022 1330 2131 1400 γὰρ
2187 1329 2459 1399 ποιήσεως
2509 1327 2870 1398 εὐαφαίρετον
2904 1326 3025 1381 λίαν
3064 1323 3203 1381 εῖναι
3247 1326 3480 1393 πέφυκε·
3515 1324 3607 1378 καὶ

2022 1419 2133 1473 ἀπὸ
2161 1417 2409 1490 θορύϐων
2441 1418 2539 1471 καὶ
2562 1418 2859 1491 φροντίδων
2890 1417 3223 1487 σωματικῶν
3246 1416 3343 1471 καὶ
3372 1414 3605 1488 τρυφῆς,

2024 1513 2120 1566 καὶ
2147 1510 2386 1582 μάλιστα
2415 1510 2496 1583 (2)
2520 1511 2849 1580 πολυλογίας
2880 1513 2973 1567 καὶ
2995 1511 3392 1582 εὑτραπιλείας
3415 1508 3609 1580 ῶσπερ

2024 1605 2198 1676 κηρὸς
2239 1603 2351 1657 ἀπὸ
2379 1604 2552 1676 πυρὸς
2582 1604 2822 1676 εὐχερῶς
2856 1603 3228 1674 διαλυόμενον.
3272 1602 3351 1675 (3)
3387 1600 3610 1666 Μείζων

2025 1693 2121 1749 τοῦ
2168 1694 2548 1766 βαπτίσματος
2599 1694 2739 1767 μετὰ
2785 1694 2856 1748 τδ
2869 1694 3158 1765 βάπτισμα
3199 1694 3311 1748 τῶν
3351 1692 3609 1764 δακρύων

335 1812 431 1864 per
453 1798 800 1850 immodicam
824 1796 1230 1867 loquacitatem,
1257 1803 1312 1850 et
1348 1793 1631 1849 scurrilem
1649 1793 1922 1850 levitatem

2031 1762 2181 1858 πτιγῆ
2205 1762 2568 1858 καθέστηκεν,
2601 1762 2659 1842 εί
2698 1789 2795 1841 καὶ
2825 1762 3099 1860 τολμηρόν
3129 1785 3248 1841 ἐστί
3280 1803 3397 1849 πως
3434 1762 3497 1840 τδ
3518 1784 3611 1839 λε-

335 1908 400 1944 ac
444 1892 820 1959 petulantiam,
884 1900 1145 1960 tanquam
1204 1902 1329 1943 cera
1387 1887 1457 1942 ab
1529 1887 1652 1958 igne
1699 1886 1923 1943 dissolvi

334 1991 391 2035 et
420 1997 762 2037 evanescere.
795 1980 924 2037 Post
959 1983 1227 2054 baptisma
1264 1981 1536 2052 petentior
1578 1980 1922 2050 baptismate,

338 2074 385 2128 si
418 2074 490 2128 ita
526 2074 609 2130 fas
657 2074 827 2143 loqui,
882 2072 1003 2129 fons
1060 2085 1146 2129 est
1204 2074 1594 2145 lacrymarnm.
1640 2070 1919 2144 Baptisma

338 2170 538 2237 quippe
594 2177 804 2221 tantum
862 2168 1164 2237 praeteritas
1218 2178 1563 2238 peccatorum
1607 2167 1801 2222 sordes
1836 2181 1925 2223 re-

340 2272 553 2333 purgat,
601 2262 781 2317 luctus
841 2273 1024 2317 autem
1080 2276 1253 2317 noxas
1277 2270 1398 2332 post
1430 2261 1761 2333 baptismum
1785 2275 1922 2317 con-

341 2361 543 2406 tractas
587 2351 767 2406 diluit.
798 2350 1074 2422 B.iptisnia
1103 2366 1211 2419 quo
1246 2349 1485 2406 infantes
1524 2350 1680 2404 tincti
1706 2364 1920 2414 sumus,

341 2459 532 2499 omnes
549 2457 733 2515 postea
760 2443 1195 2514 inquinavimus;
1218 2459 1312 2514 per
1333 2444 1536 2498 fontem
1558 2452 1737 2498 autem
1756 2443 1928 2515 laciy-

344 2534 656 2607 maruin(a)
683 2535 846 2590 etiam
883 2535 1210 2603 baptismum
1235 2549 1338 2590 suo
1361 2535 1526 2589 nitori
1561 2534 1925 2601 reStituimus,

342 2643 505 2699 quem
540 2630 587 2684 si
640 2628 1065 2700 benignissimus
1125 2625 1269 2682 Deus
1318 2627 1526 2683 homini
1573 2627 1796 2697 largitus
1817 2640 1927 2681 non

343 2731 512 2790 esset,
577 2721 688 2777 rari
742 2721 1034 2777 admodum
1079 2732 1172 2776 aut
1206 2721 1460 2791 perpauci
1484 2718 1715 2774 salutem
1736 2731 1930 2773 consc-

345 2825 663 2887 querentur.
686 2813 933 2870 Gemitus
965 2826 1019 2871 et
1046 2815 1281 2869 afﬂictus
1309 2827 1546 2868 maerore
1570 2812 1791 2867 animus
1820 2810 1929 2867 cla-

350 2917 500 2962 mant
555 2905 623 2960 ad
669 2905 983 2961 Dominum.
1040 2906 1318 2978 Lacrynue
1364 2919 1434 2960 ex
1480 2904 1675 2959 timore
1711 2902 1930 2958 Domini

351 3000 587 3070 profusa:
649 3000 878 3068 supplici
936 3000 1210 3071 legatione
1259 2997 1600 3069 funguntur:
1649 3012 1716 3051 ex
1746 2995 1930 3052 divina

2026 1882 2279 1949 γόμενονσ
2301 1879 2439 1936 διότι
2470 1883 2649 1935 έκεῖνο
2677 1881 2778 1952 μὲν
2801 1880 2913 1936 τῶν
2949 1879 3361 1952 προγεγονότων
3387 1882 3448 1935 ἰν
3476 1881 3611 1953 ἡμῖν

2026 1971 2217 2025 κακῶν
2247 1973 2364 2025 ἐστι
2393 1972 2787 2045 καθαρτήριον·
2815 1974 2975 2027 τοῦτο
3009 1971 3067 2025 δὲ
3101 1972 3211 2026 τῶν
3249 1972 3603 2043 μεταγεγονό-

2025 2084 2155 2132 των,
2186 2068 2412 2121 κάκεῖνο
2451 2067 2553 2139 μὲν
2582 2069 2766 2141 νήπιοι
2796 2066 3193 2140 λαμϐάνοντες,
3229 2067 3432 2132 πάντες
3477 2069 3611 2136 ἐμο-

2027 2160 2266 2231 λύναμεν
2285 2176 2299 2189 ⁸
2336 2159 2426 2216 διὰ
2453 2161 2645 2215 τούτου
2670 2162 2730 2215 δὲ
2759 2161 2982 2216 κάκεῖνο
3009 2161 3473 2234 ἀνακαθαίρομεν·
3502 2160 3532 2215 ὃ
3556 2161 3607 2214 ει

2031 2253 2108 2324 μὴ
2134 2252 2405 2326 δεδώρητο
2438 2252 2843 2326 φιλανθρώπως
2877 2255 2942 2308 ὲκ
2967 2251 3105 2308 Θεοῦ
3136 2255 3247 2316 τοῖς
3276 2251 3604 2326 ἀνθρώποις.

2030 2346 2245 2399 σπάνιοι
2273 2343 2442 2408 δντως
2477 2345 2573 2400 καὶ
2599 2343 2916 2417 δυσεύρετοι
2958 2344 3011 2398 oi
3042 2344 3364 2415 σωζόμενοι.
3397 2345 3465 2398 Ol.
3508 2346 3610 2415 μὲν

2030 2436 2346 2505 στεναγμοὶ,
2382 2435 2479 2490 καὶ
2507 2437 2542 2506 ἡ
2582 2437 2859 2506 κατήφεια
2886 2434 3051 2506 βοιῖισι
3098 2433 3238 2508 πρὸς
3274 2434 3505 2508 Κύριον.
3529 2436 3613 2491 Τὰ

2029 2529 2086 2583 δὲ
2108 2530 2174 2582 ὲκ
2197 2527 2364 2600 φόϐου
2390 2527 2605 2600 δάκρυα
2635 2527 3018 2601 πρεσϐεύουσι·
3040 2527 3111 2582 τὰ
3132 2528 3190 2583 δὲ
3211 2527 3312 2599 τῆς
3336 2528 3613 2596 παναγίας

2029 2615 2275 2687 ἀγάπης,
2305 2615 2407 2689 τὴν
2435 2617 2648 2671 ἱκεσίαν
2678 2616 3098 2690 προσδεχθεᾱςαν
3121 2618 3253 2688 ἡμῖν
3287 2617 3615 2688 ἐμφανίζον.

2032 2726 2136 2765 σιν.
2186 2709 2252 2765 Et
2293 2710 2447 2765 οὐδὲν
2493 2711 2569 2783 (4)
2615 2710 2759 2764 οὕτω
2806 2714 2873 2783 τῇ
2915 2710 3388 2785 ταπεινοφροσύνῃ
3431 2710 3511 2776 ὡς
3550 2712 3616 2765 τὸ

2031 2804 2229 2869 πένθος
2255 2805 2598 2877 συνέρχεται,
2622 2805 2776 2861 οὐδὲν
2811 2807 3031 2872 πάντως
3058 2806 3198 2880 αὐτῇ
3233 2806 3311 2872 ὡς
3347 2808 3378 2861 6
3409 2805 3488 2879 (5)
3517 2806 3615 2876 γέο

2030 2896 2140 2963 λως
2174 2897 2527 2971 ἀνθέστηκεν.
2554 2899 2819 2970 Κατέχων
2847 2899 3046 2972 κὰτεχε
3074 2901 3176 2970 τὴν
3209 2900 3489 2974 μακαρίαν
3515 2901 3614 2973 τῆς

2030 2989 2184 3053 ὁσίας
2205 2990 2552 3056 κατανύξεως
2585 2992 2966 3065 χαρμολύπην·
2999 2992 3096 3047 καὶ
3124 2994 3199 3064 μὴ
3220 2992 3405 3065 παύσῃ
3432 2992 3534 3064 τῆς
3556 2992 3616 3047 ὲν

352 3111 478 3147 Vero
513 3094 780 3150 eharitate
818 3095 1183 3148 redundantes
1212 3107 1401 3163 preces
1425 3101 1642 3146 nostras
1667 3089 1779 3146 Deo
1804 3105 1926 3161 gra-

2033 3084 2170 3154 αύτῇ
2194 3084 2481 3155 ἐργασίας,
2512 3085 2674 3157 ἄχρις
2697 3079 2761 3138 οὗ
2805 3086 3097 3157 μετάρσιον
3129 3089 3194 3141 ἐκ
3224 3085 3334 3140 τῶν
3366 3085 3616 3141 ἐντεῦθεν

348 3197 433 3242 tas
479 3186 647 3242 fuisse
691 3186 1002 3241 ostendunt.
1046 3185 1102 3239 Si
1135 3186 1269 3238 nihil
1304 3186 1438 3240 adeo
1472 3183 1685 3256 adjutat
1705 3183 1929 3239 humili-

348 3289 535 3345 tatem,
570 3295 734 3350 quam
775 3279 953 3333 luctus
991 3278 1206 3342 aniuue,
1244 3270 1468 3331 eertum
1510 3288 1595 3331 est
1623 3276 1757 3331 nihil
1788 3276 1927 3332 adeo

350 3374 426 3428 illi
463 3372 736 3426 adversari
767 3386 931 3439 quam
979 3371 1172 3423 risum.
1200 3366 1476 3434 Quantum
1523 3378 1678 3438 potes
1712 3366 1931 3423 custodi

353 3470 565 3521 hvatam
613 3475 814 3519 sanctae
863 3463 1305 3533 eompunctionis
1369 3463 1648 3518 tristitiam
1694 3476 1817 3531 quae
1838 3474 1933 3515 ve-

354 3575 476 3614 rum
524 3557 664 3627 parit
713 3555 988 3623 gaudium.
1044 3553 1119 3608 Ne
1159 3570 1343 3609 cesses
1382 3563 1433 3608 te
1470 3554 1526 3608 in
1564 3568 1628 3608 ea
1653 3565 1931 3614 exercere,

352 3649 533 3723 quoad
564 3657 615 3702 te
635 3647 853 3701 Christo
890 3647 1202 3713 sublimem,
1228 3655 1282 3700 et
1326 3646 1396 3700 ah
1443 3645 1607 3715 hujus
1636 3646 1761 3700 vita:
1797 3658 1933 3698 eon-

354 3736 515 3808 tagiis
554 3734 820 3789 intactum
867 3735 1043 3787 sistat.
1089 3732 1199 3788 Nec
1237 3733 1473 3789 desistas
1524 3748 1766 3804 unquam
1801 3734 1932 3805 quin

357 3830 466 3882 tuis
498 3827 707 3882 intimis
756 3827 1011 3879 sensibus
1057 3826 1362 3895 imprimas,
1394 3841 1459 3880 ac
1484 3835 1662 3881 mente
1685 3836 1936 3897 penetres

355 3919 497 3990 ignis
541 3916 922 3973 obscurissimi
965 3917 1335 3971 dehiscentem
1388 3914 1444 3969 in
1478 3914 1807 3971 immensum
1836 3930 1932 3970 vo-

358 4013 619 4083 raginem,
644 4010 892 4065 crudeles
924 4009 1230 4075 carniﬁces,
1256 4009 1496 4079 judicem
1535 4008 1932 4065 immisericor-

356 4106 480 4161 dem
539 4112 593 4158 et
638 4101 1044 4162 inexorabilem,
1111 4101 1384 4156 infinitum
1445 4100 1685 4157 incendii
1737 4100 1935 4156 inferni

356 4202 548 4263 chaos,
591 4197 1073 4251 suliterraueorum
1114 4204 1169 4249 et
1199 4192 1629 4249 formidabilium
1660 4194 1934 4261 locorum,

356 4308 413 4352 et
442 4294 689 4348 hiatuum
744 4290 1136 4344 altissimorum
1164 4286 1585 4360 angustissimos
1617 4285 1934 4353 descensus,

355 4399 412 4443 et
459 4387 654 4441 horum
703 4387 952 4441 omnium
995 4399 1058 4437 ac
1096 4380 1473 4452 hujuscemodi
1516 4379 1787 4434 malorum
1821 4377 1935 4433 for-

2032 3176 2112 3248 τῷ
2164 3177 2389 3248 Χριστῷ
2435 3179 2673 3250 καθαρὸν
2719 3182 3046 3252 παραστήσῃ
3097 3195 3178 3234 σε·
3219 3180 3516 3235 ἀνατυπῶν
3556 3183 3616 3234 ὲν

2033 3270 2215 3343 ἑαυτῷ
2268 3271 2344 3344 μὴ
2391 3272 2581 3347 παύσῃ
2627 3275 2722 3330 καὶ
2772 3275 3061 3346 διερευνῶν
3119 3274 3289 3345 πυρὸς
3338 3275 3615 3331 σκοτεινοῦ

2034 3363 2295 3419 ἄϐυσσον·
2330 3367 2425 3421 καὶ
2466 3367 2705 3431 άνελεεῖς
2746 3368 3044 3441 ὑπηρέτας,
3079 3368 3380 3441 ἁσυμπαθῆ
3422 3372 3617 3443 κριτὴν

2034 3458 2131 3510 καὶ
2175 3457 2587 3530 ἀσυγχώρητον,
2635 3461 2767 3530 χάος
2822 3478 2880 3516 τε
2932 3461 3211 3533 ἀπέρατον
3259 3461 3618 3534 καταχθονίου

2035 3549 2254 3620 φλογὸς,
2285 3551 2383 3605 καὶ
2426 3551 2718 3621 ὑπογείων,
2749 3553 2843 3606 καὶ
2881 3552 3127 3626 φοϐερῶν
3161 3554 3366 3617 τόπων,
3397 3554 3490 3608 καὶ
3520 3571 3620 3627 χα-

2038 3642 2264 3712 σμάτων
2291 3642 2657 3714 τεθλιμμένας
2698 3642 3052 3709 καταϐάσεις,
3096 3644 3194 3699 καὶ
3226 3645 3337 3701 τῶν
3357 3646 3618 3701 τοιούτων

2038 3734 2258 3788 πάντων
2289 3736 2524 3795 εἰκόνας·
2554 3737 2703 3799 ὅπως
2728 3736 2807 3807 τῷ
2834 3735 3017 3807 πολλῷ
3041 3737 3234 3809 τρόμῳ
3259 3739 3555 3809 στυφθεῖσα
3581 3740 3616 3812 ἡ

2036 3828 2423 3898 ἐνυπάρχουσα,
2464 3827 2622 3899 ἡμῶν
2679 3832 2744 3900 τῇ
2785 3829 2933 3902 ψυχῇ
2980 3829 3208 3898 λαγνεία
3259 3831 3505 3904 συναφθῇ
3547 3835 3615 3905 τῇ

2035 3919 2299 3990 ἀφθάρτῳ
2352 3920 2542 3990 ἁγνείᾳ
2588 3920 2683 3976 καὶ
2733 3924 2911 3992 φωτὸς
2963 3922 3131 3977 άΰλου
3191 3924 3365 3996 πυρὸς
3417 3927 3621 3991 παντὸς

2037 4008 2204 4063 πλέον
2237 4010 2657 4076 ἀποστίλϐοντος
2682 4014 2741 4065 ὲν
2770 4012 2908 4085 αὐτῇ
2937 4012 3159 4086 δέξηται
3182 4012 3437 4086 [πένθους
3459 4014 3617 4081 655a-

2040 4100 2201 4175 μένη]
2247 4101 2348 4175 τὴν
2390 4105 2712 4175 ἐμφάνειαν·
2763 4106 2923 4177 στῆθι
2980 4108 3039 4161 ὲν
3093 4109 3402 4179 προσευχῆς
3436 4109 3617 4181 δεήσει

2039 4195 2359 4268 σύντρομος,
2395 4198 2472 4261 ὡς
2501 4198 2790 4263 κατάδικος
2829 4202 3230 4273 περιστάμενος
3256 4202 3511 4273 δικαστῇ,
3534 4203 3618 4257 ἵνα

2037 4287 2117 4361 τῷ
2148 4290 2308 4352 ὲκτὸς
2337 4291 2488 4356 εἴδει,
2520 4292 2614 4346 καὶ
2642 4293 2721 4363 τῷ
2753 4293 2903 4358 ἐντὸς
2931 4294 3053 4368 ἤθει
3087 4296 3429 4366 κατασϐέσῃς
3450 4296 3620 4367 θυμδν

2038 4379 2246 4435 δικαίου
2277 4382 2486 4453 κριτοῦ.
2512 4384 2590 4437 Οὐ
2618 4383 2730 4457 γὰρ
2759 4384 2917 4456 φέρει
2946 4386 3220 4458 ὑπερορᾷν
3246 4387 3425 4458 ψυχὴν
3445 4391 3620 4459 χήραν

360 4495 478 4535 ωας
509 4488 562 4533 et
595 4478 881 4549 imagines,
918 4487 976 4530 ut
1008 4475 1213 4545 ingenti
1243 4484 1452 4528 terrore
1481 4473 1732 4541 perculsa
1771 4470 1926 4543 150

2036 4475 2359 4538 κατωδύνως
2393 4476 2546 4549 αύτῷ
2578 4479 3007 4551 περισταμένην,
3032 4480 3127 4535 καὶ
3155 4482 3358 4546 κόπους
3392 4482 3472 4553 τῷ
3494 4483 3619 4538 ἀκό-

359 4572 543 4626 anima
599 4580 785 4626 nostra
822 4571 875 4624 in
925 4568 1197 4623 luxuriam
1235 4578 1408 4634 prona
1459 4562 1935 4618 iullammeturin-

358 4670 612 4731 corrupta
646 4662 914 4724 castitate,
950 4669 1002 4714 et
1034 4659 1241 4712 lumine
1279 4656 1550 4725 spirituali
1578 4655 1725 4725 quod
1752 4670 1816 4709 ex
1849 4656 1937 4710 lu-

360 4764 451 4810 ctu
501 4753 751 4823 suscipit,
805 4752 979 4821 magis
1027 4751 1350 4813 illustretur,
1398 4764 1564 4817 quam
1595 4748 1790 4815 quovis
1818 4747 1941 4817 igne

359 4848 712 4917 quantumvis
739 4845 917 4899 claros
951 4846 1016 4897 de
1042 4859 1100 4898 se
1132 4842 1313 4895 radios
1335 4849 1643 4910 spargente.
1666 4840 1804 4893 Dum
1841 4842 1938 4893 das

362 4955 584 5010 operam
638 4939 911 5007 precibus,
975 4946 1055 4988 sta
1098 4949 1282 4989 coram
1315 4933 1501 5003 judice
1551 4931 1939 4987 tt‘etttelmntltts

365 5047 471 5084 non
505 5044 665 5084 secus
700 5043 765 5079 ac
804 5043 950 5090 reus,
995 5036 1054 5079 ut
1090 5026 1281 5078 humili
1312 5025 1563 5091 corporis
1610 5033 1754 5078 statu
1782 5022 1937 5090 foris,

364 5133 416 5177 et
439 5121 605 5178 animi
633 5120 819 5174 habitu
857 5119 1002 5172 intus
1025 5118 1159 5186 justi
1183 5117 1385 5186 judieis
1426 5120 1561 5170 iram
1598 5116 1935 5186 exstinguas.

367 5215 482 5268 Non
512 5215 657 5270 enim
684 5224 860 5282 potest
886 5213 974 5265 ille
1010 5213 1270 5273 animum,
1295 5220 1557 5278 tanquam
1587 5209 1808 5264 viduam
1837 5212 1936 5264 do-

368 5310 538 5361 leuter
584 5322 768 5360 coram
821 5322 880 5359 se
928 5314 1182 5369 stantem,
1216 5313 1270 5356 et
1312 5302 1641 5371 importune,
1688 5317 1937 5371 quamius

368 5401 484 5468 ipse
533 5396 905 5467 infatigabilis,
964 5395 1219 5464 precibus
1277 5392 1591 5462 fatigantem
1635 5392 1933 5461 despicere.

365 5492 470 5559 Qui
504 5491 653 5547 luctu
683 5491 1045 5560 lacrymarum
1080 5487 1338 5542 interiore
1372 5486 1630 5555 tangitur,
1658 5486 1785 5541 huic
1814 5486 1938 5557 qui-

443 5672 485 5703 “
514 5669 657 5725 Psal.
678 5685 754 5730 et,
784 5669 836 5722 5.

442 5794 520 5858 (tt)
547 5786 884 5842 Ρωιὶιιριιιίλιι
924 5788 1270 5858 ὶοιιιιιίτιςιιιιιι.

2040 4585 2127 4637 mp
2156 4569 2527 4638 παρέχουσαν.
2563 4571 2632 4625 Εἴ
2664 4588 2749 4637 τις
2775 4572 3010 4645 δάκρυον
3055 4573 3286 4645 ψυχικὸν
3328 4575 3616 4648 ἐκτήσατο,

2037 4661 2212 4732 τούτῳ
2262 4665 2370 4727 πᾶς
2408 4665 2572 4730 τόπος
2609 4667 2690 4728 είς
2722 4666 2917 4732 πένθος
2958 4667 3230 4737 ἁρμόδιος.
3265 4668 3329 4723 ΕΞ
3365 4670 3423 4723 δὲ
3462 4666 3621 4741 μόνον

2038 4753 2127 4806 διὰ
2161 4754 2250 4805 τοῦ
2283 4756 2440 4819 ἐκτὸς
2480 4759 2793 4828 ἐργάζεται,
2818 4761 2945 4824 τοὺς
2974 4761 3175 4824 τόπους
3216 4764 3310 4817 καὶ
3341 4765 3466 4827 τοὺς
3492 4765 3622 4834 τρό-

2043 4864 2177 4908 πους
2199 4848 2495 4916 διακρίνων
2520 4850 2581 4903 ού
2619 4850 2697 4923 μὴ
2736 4851 3023 4908 παύσεται.
3067 4853 3151 4918 Ὦς
3181 4856 3211 4908 6
3241 4859 3622 4928 κεκρυμμένος

2044 4937 2336 5009 θησαυρδς,
2381 4941 2476 4994 τοῦ
2523 4943 2610 4996 ἐπ’
2632 4944 2837 5016 ἀγορᾶς
2875 4947 3235 5017 προκειμένου
3281 4948 3623 5020 ἀσυλώτερος

2043 5031 2402 5102 καθέστηκεν,
2431 5034 2573 5089 οὕτω
2604 5038 2698 5091 καὶ
2713 5038 2782 5092 τὰ
2807 5039 3173 5111 προλεχθέντα
3203 5043 3501 5113 νοήσωμεν.
3532 5044 3623 5114 Μὴ

2045 5122 2198 5190 γίνου
2233 5125 2367 5178 ὡσεὶ
2409 5129 2638 5198 νεκροὺς
2686 5129 2975 5201 θᾶψαντες,
3012 5133 3142 5185 ποτε
3176 5133 3276 5203 μὲν
3322 5134 3409 5187 ἐπ’
3440 5136 3622 5197 αὐτοῖς

2049 5214 2392 5284 θρηνοῦντες,
2424 5220 2552 5271 ποτὲ
2584 5218 2640 5272 δὲ
2673 5221 2739 5274 δι’
2780 5224 2975 5287 αὐτοὺς
3018 5226 3434 5296 μεθυσκόμενοι·
3489 5228 3623 5281 ἀλλὰ

2049 5306 2208 5373 γενοῦ
2235 5307 2309 5370 ὡς
2335 5309 2384 5361 oi
2417 5310 2473 5361 ἐν
2503 5312 2786 5380 μετάλλοις
2811 5315 3044 5385 δέσμιοι,
3079 5316 3201 5370 καθ’
3221 5316 3370 5389 ὤραν
3393 5319 3500 5372 ὑπὸ
3529 5318 3625 5389 δη-

2052 5396 2192 5465 μίων
2239 5401 2644 5472 μαστιζόμενοι·
2692 5406 2721 5458 6
2774 5408 2905 5460 ποτὲ
2952 5409 3053 5479 μὲν
3111 5410 3342 5474 πενθῶν,
3391 5410 3524 5464 ποτὲ
3567 5412 3625 5465 δὲ

2048 5494 2285 5562 τρυφῶν.
2322 5497 2412 5549 καὶ
2448 5497 2764 5567 γελειάζων,
2796 5503 2982 5573 ὅμοιός
3016 5504 3133 5557 ἐστι
3163 5504 3241 5578 τῷ
3273 5504 3413 5576 μετὰ
3455 5506 3624 5575 ἄρτου
