4076 6202
457 251 564 314 835

1509 254 1738 314 ΞΟΑΙ.Ᾱ
1769 253 2152 317 PARADISI.
2181 283 2247 294 --
2279 259 2589 324 GRADUS
2625 267 2742 327 XV.

3621 273 3725 338 838

457 358 887 431 πειρασθέντες,
940 362 1220 434 μακάριοι.
1272 361 1570 434 Εύξώμεθα
1620 365 1702 429 εἰς
1749 363 1898 418 ἅπαν
1942 364 2037 434 τῆς

2147 368 2276 436 quid
2301 386 2430 442 ergo
2463 383 2514 428 et
2542 392 2672 431 caro
2691 382 2947 437 carnem?
2970 399 3134 454 quam
3160 394 3339 444 tamen
3362 387 3734 459 deceptricenr

457 454 624 509 αὑτοῦ
657 456 915 528 τοιαύτης
966 456 1305 528 λυτρωθῆναι
1349 457 1581 527 πείραςο
1624 457 1674 511 ei
1720 456 1829 529 γάρ
1876 461 1935 513 ὲν
1963 459 2042 528 τῷ

458 548 843 622 προειρημένῳ
874 547 1370 620 κατολισθήσαντες
1403 548 1582 621 βόθρῳ
1611 549 1719 610 τῶν
1754 551 1941 623 ἐκείνῃ
1970 553 2037 622 τῇ

459 643 688 716 κλίμακι
743 641 1152 715 άνερχομένων,
1207 643 1302 696 καὶ
1355 641 1774 713 κατερχομόνων
1818 643 2039 717 μακρὰν

456 739 845 803 ἁποπίπτουσι,
898 738 991 791 καὶ
1022 737 1158 808 πρὸς
1206 734 1303 808 τὴν
1331 733 1542 789 ἐκεῖθεν
1572 735 1836 791 ἀνάϐασιν
1879 735 2044 810 ίδρώ.

454 849 564 885 των
615 831 824 884 πολλῶν
855 830 997 902 μετὰ
1042 830 1201 900 λιμοῦ
1231 829 1442 882 δέονται
1470 830 1793 900 ἀκροτάτου.
1824 829 2039 904 Σκοπή-

458 941 641 996 σωμεν
672 924 873 994 μήπως
900 922 995 977 ἐπὶ
1025 921 1134 976 τών
1163 921 1368 993 νοερῶν
1390 921 1600 993 ἐχθρῶν
1630 921 1812 994 ἡμῶν,
1845 922 2036 996 ὥσπερ

457 1020 516 1070 ἐν
543 1017 667 1071 αἰσθ
679 1017 786 1088 ητῷ
815 1015 1060 1088 πολέμῳ,
1091 1013 1150 1067 ὲν
1178 1016 1243 1085 τῇ
1269 1014 1573 1086 παρατάξει
1601 1014 1780 1069 αὐτῶν
1799 1017 1866 1087 τῇ
1897 1015 2035 1087 πρὸς

455 1112 599 1182 ημᾶς
627 1108 836 1163 οἰκείαν
860 1108 985 1163 τινὰ
1004 1107 1235 1170 ἕκαστος
1258 1106 1437 1160 αὐτῶν
1457 1107 1557 1179 τὴν
1585 1107 1899 1179 ἐγχείρησιν
1921 1110 2034 1184 (16)

460 1201 821 1272 μετέρχεσθαι
853 1199 1109 1254 τέτακται
1129 1215 1144 1230 ο
1191 1198 1329 1270 ὅπερ
1360 1196 1546 1270 θαῖμα
1595 1201 2035 1272 ἑπεσημηνάμην

455 1299 514 1351 ἑν
541 1297 653 1360 τοῖς
696 1292 1148 1364 πειραζομένοις·
1198 1292 1291 1345 καὶ
1327 1291 1549 1362 ἑώρακα
1583 1291 1850 1361 πτώματα
1894 1311 2038 1348 πτω-

454 1389 641 1460 μάτων
669 1384 1051 1460 χαλεπώτεραο
1077 1384 1171 1439 καὶ
1201 1385 1342 1456 ἔχων
1367 1383 1494 1440 νοῦν
1520 1383 1742 1440 ἀκούειν
1765 1385 2030 1446 ἁκουέτωε

2145 474 2246 515 nos
2289 463 2384 532 qui
2440 473 2647 523 natura;
2676 479 2927 544 et‘regno
2995 477 3203 533 cmlesti
3260 482 3364 534 vim
3419 481 3726 547 in[eritnus,

2143 550 2382 643 illudque
2406 555 2805 628 desideramus,
2837 568 3000 622 certis
3046 571 3258 628 artibus
3320 581 3375 628 et
3426 544 3528 643 piis
3584 544 3730 630 dolis

2141 642 2542 705 circumvenire
2578 660 2634 706 et
2664 653 2850 712 fallere
2907 674 3193 718 conamur.
3222 663 3326 720 Sed
3369 642 3513 720 enim
3543 666 3729 724 felices

2143 734 2219 826 illi
2257 739 2350 805 qui
2389 736 2514 794 belli
2562 741 2677 812 jam
2709 745 2839 801 dicti
2873 748 3020 820 (enm
3056 767 3222 808 carne
3245 763 3303 809 et
3329 755 3569 826 luxuria)
3605 759 3730 812 nul.

2139 823 2252 916 lum
2299 830 2731 900 experimentum
2767 837 2986 905 habent,
3043 844 3424 916 rogandusque
3476 863 3507 902 a
3552 823 3729 904 nobis

2138 915 2282 976 Deus
2307 931 2365 976 ut
2391 924 2534 978 atali
2565 929 2903 998 experientia
2928 932 3052 989 belli
3083 936 3245 1006 hujus
3280 915 3505 994 omnino
3525 939 3725 995 libere-

2137 1025 2282 1066 mur.
2307 1010 2362 1067 In
2380 1013 2526 1070 illam
2551 1020 2722 1080 enim,
2753 1021 2822 1077 de
2851 1040 2958 1093 qua
2985 1026 3192 1083 dictum
3214 1039 3322 1093 est,
3355 1031 3602 1087 scrobem
3642 1033 3728 1086 lu-

2136 1103 2306 1158 xuriae
2331 1105 2595 1178 prolapsi,
2625 1111 2696 1166 ab
2725 1112 2812 1167 illa
2845 1116 3056 1172 ccelesti
3115 1120 3256 1174 scala
3314 1121 3725 1177 ascendentium

2135 1203 2190 1247 et
2220 1195 2666 1256 descendentium
2701 1207 3018 1276 angelorum
3052 1213 3244 1280 procul
3283 1212 3612 1280 reciderunt,
3641 1222 3728 1268 at-

2141 1309 2248 1363 que
2281 1295 2440 1366 221
2482 1308 2542 1354 ut
2573 1305 2818 1360 eamdem
2855 1322 3048 1362 rursus
3097 1309 3284 1367 multis
3330 1311 3620 1368 sudoribus
3672 1324 3728 1369 et

2143 1391 2420 1452 laboribus
2483 1402 2925 1463 condescendere
2979 1411 3210 1480 possint,
3270 1428 3481 1469 summa
3539 1428 3723 1469 rerum

459 1484 704 1540 omnium
770 1481 1104 1540 abstinentia
1164 1491 1218 1538 et
1269 1480 1414 1579 fante
1472 1496 1613 1552 opus
1684 1491 1788 1539 est.
1848 1482 2120 1579 Accurate
2176 1504 2396 1561 quoque
2445 1493 2847 1557 observandum
2897 1514 3001 1572 est,
3049 1507 3296 1578 nunquid
3358 1524 3464 1564 non
3525 1507 3723 1579 singuli

452 1585 692 1642 hostium
743 1590 1056 1639 nostrorum
1116 1577 1506 1646 spiritualium,
1564 1577 2023 1648 quemadmodum
2080 1581 2134 1637 in
2194 1598 2326 1642 vero
2375 1586 2519 1646 bello
2580 1593 2843 1652 adversus
2886 1614 2987 1656 nos
3036 1601 3090 1655 in
3125 1577 3242 1659 acie
3291 1604 3562 1671 collocati,
3597 1577 3725 1674 pro-

453 1681 631 1750 prium
661 1686 718 1733 et
747 1676 1023 1748 singulare
1069 1687 1274 1730 munus
1328 1672 1685 1744 exsequendi,
1747 1671 1881 1728 dum
1939 1688 2040 1731 nos
2097 1679 2508 1748 aggrediuntur,
2565 1692 2894 1761 acceperint.
2928 1692 3193 1766 Quodque
3219 1696 3418 1752 mirum
3466 1671 3722 1764 esu-ani-

451 1777 716 1831 madverti
751 1775 804 1829 in
860 1773 928 1828 iis
976 1773 1071 1844 qui
1123 1779 1424 1838 tentantur,
1471 1769 1610 1824 alios
1661 1769 1786 1826 aliis
1811 1769 2054 1842 lapsibus
2105 1787 2228 1831 esse
2277 1781 2606 1850 graviores;
2658 1787 2749 1858 qui
2812 1787 2974 1845 habet
3033 1800 3270 1847 mentem
3328 1791 3580 1846 audiendi
3622 1806 3728 1846 au.

449 1873 585 1930 diat.

522 1969 772 2025 Εῖθισται
805 1967 884 2038 τῷ
930 1964 1148 2036 δαίμονι
1191 1966 1288 2019 καὶ
1333 1965 1567 2036 μάλιστα
1598 1965 1656 2018 ἰν
1690 1968 1802 2030 τοῖς
1838 1967 2036 2034 ἀγωνι-

2206 1959 2501 2020 Consuevit
2517 1966 2795 2038 improbus
2824 1970 3060 2041 dazmon,
3087 1988 3196 2030 non
3214 1990 3340 2030 raro
3364 1992 3578 2034 omnem
3607 1983 3716 2037 vim

450 2063 719 2132 ζομένοις,
767 2059 862 2115 καὶ
893 2058 985 2114 τὸν
1030 2058 1241 2129 μονήρη
1284 2055 1401 2128 βίον
1436 2057 1856 2130 μετερχομένοις
1899 2056 2034 2111 πολ-

449 2155 606 2220 λάκις
662 2154 845 2208 πᾶσαν
892 2150 1062 2207 αὐτοῦ
1109 2149 1212 2222 τὴν
1254 2149 1456 2222 ὁρμὴν,
1509 2149 1606 2205 καὶ
1652 2151 1752 2222 τὴν
1798 2149 2034 2222 σπουδὴν

452 2245 548 2302 καὶ
577 2243 850 2317 μηχανὴν,
879 2241 977 2297 καὶ
1006 2242 1368 2312 πανουργίαν,
1413 2239 1512 2296 καὶ
1545 2238 1808 2305 ἐπίνοιαν,
1836 2241 1894 2294 ἐν
1919 2241 2034 2304 τοῖς

451 2339 606 2409 παρὰ
649 2336 812 2408 φύσιν
847 2335 960 2408 (l7)
997 2335 1156 2408 μόνον
1207 2331 1484 2406 [pineta],
1531 2332 1627 2386 καὶ
1666 2330 1771 2388 οὐκ
1816 2333 1875 2386 ὲν
1922 2335 2036 2398 τοῖς

451 2432 594 2489 κατὰ
617 2430 780 2499 φύσιν
800 2429 998 2493 αὐτοὺς
1025 2426 1467 2498 παρασκευάζειν
1495 2424 1846 2498 πολεμεῖσθαι
1869 2441 1883 2457 ο
1911 2425 2035 2480 ὅθεν

453 2525 550 2580 καὶ
580 2522 842 2586 πολλάκις
874 2520 953 2593 τῷ
989 2519 1142 2592 θήλει
1185 2517 1584 2586 συνδιάγοντες,
1625 2516 1762 2590 πρὸς
1792 2517 1924 2572 αὐτὸ
1953 2521 2033 2583 είς

454 2615 768 2688 ἐπιθυμίαν,
807 2614 844 2684 ἦ
890 2611 1099 2666 ἔννοιαν
1146 2611 1283 2675 ὅλως
1336 2609 1412 2684 μὴ
1460 2609 1878 2679 πολεμούμενοι,
1909 2609 2035 2662 ἑαυ-

453 2711 578 2773 mit;
629 2704 1110 2779 μεμακαρίκασιν,
1161 2703 1532 2772 ἀγνοήσαντες
1581 2702 1629 2754 oi
1685 2701 1913 2764 τάλανες
1951 2700 2034 2754 ὅτι

449 2802 585 2855 ὅπου
639 2798 842 2870 μείζων
887 2799 917 2850 ό
955 2795 1198 2866 ὄλεθρος,
1254 2795 1370 2846 ἐκεῖ
1418 2793 1510 2848 τοῦ
1547 2793 1829 2856 ἐλάττονος
1874 2793 2034 2865 χρεία

453 2892 514 2946 οὐ
542 2892 903 2962 καθέστηκεν.
935 2883 1103 2958 Οἶμαι
1131 2887 1284 2942 δυοῖν,
1305 2887 1510 2940 τούτων
1544 2885 1735 2940 αἰτιῶν
1779 2888 1828 2939 οἱ
1858 2885 2031 2953 φόνιοι

452 2986 598 3058 ἡμᾶς
637 2984 761 3048 τοὺς
794 2981 1012 3044 ἀθλίους
1042 2982 1091 3034 οἰ
1129 2979 1415 3035 πανάθλιοι
1451 2982 1508 3034 ἐν
1537 2981 1650 3041 τοῖς
1692 2979 1842 3050 παρὰ
1874 2979 2035 3049 φύσιν

451 3075 729 3148 ἐκπορθεῖν
752 3073 1096 3146 πεφύκασιν,
1152 3073 1228 3136 ώς
1275 3074 1372 3142 τῆς
1410 3072 1542 3144 ὕλης
1595 3072 1691 3126 τοῦ
1741 3071 2034 3143 πτώματος

453 3168 730 3240 πανταχοῦ
771 3166 932 3237 ἡμῶν
974 3165 1384 3236 εὐπορούντων·
1435 3165 1532 3218 καὶ
1558 3164 1634 3228 ώς
1669 3164 1890 3235 μείζονα
1934 3163 2036 3236 τὴν

451 3260 724 3333 τιμωρίαν
776 3257 1151 3329 κεκτημένων.
1211 3252 1333 3311 Οἵδε
1391 3255 1452 3311 τὺ
1519 3255 1810 3327 εἰρημένον
1862 3259 1892 3310 ό
1935 3257 2035 3330 τῆς

2139 2068 2316 2124 suam,
2340 2072 2582 2128 operam,
2610 2062 2874 2130 studium,
2948 2073 3094 2123 artes
3117 2082 3329 2136 omnes,
3393 2085 3723 2146 omnemque

2139 2148 2563 2220 improbitatem,
2593 2155 2857 2214 malitiam
2887 2170 2939 2214 et
2980 2161 3207 2217 consilia
3238 2177 3304 2218 eo
3329 2163 3624 2231 destinare,
3661 2177 3720 2222 ut

2141 2249 2348 2299 ascetas
2376 2245 2723 2314 potissimum
2777 2257 2832 2304 et
2863 2251 3226 2308 anachoretas
3263 2253 3330 2310 iis
3386 2254 3440 2308 in
3502 2254 3720 2328 ﬂagitiis

2139 2345 2431 2407 Oppugnet,
2463 2353 2586 2408 quae
2633 2349 2764 2396 sunt
2818 2355 3016 2411 praeter
3045 2352 3100 2399 et
3133 2361 3241 2401 non
3285 2347 3586 2402 secundum
3622 2365 3721 2404 na—

2139 2433 2317 2482 turain
2347 2445 2360 2482 :
2407 2429 2551 2484 unde
2587 2428 2790 2486 factum
2820 2432 3152 2504 frequenter,
3187 2445 3248 2490 ut
3283 2435 3422 2492 inter
3482 2435 3718 2494 femina

2137 2531 2422 2579 versantes
2452 2523 2600 2578 nulla
2627 2525 2956 2596 cogitatione
2988 2536 3082 2584 aut
3128 2528 3403 2587 desiderio
3455 2531 3714 2600 peccandi

2138 2613 2410 2671 sollicitati
2439 2630 2562 2673 sese
2592 2617 2783 2674 beatos
2819 2620 3210 2688 existimarint,
3239 2623 3368 2678 dum
3420 2623 3606 2678 miseri
3661 2632 3718 2680 et

2139 2707 2383 2764 infelices
2413 2724 2516 2762 non
2551 2712 2948 2776 intellexerunt,
2978 2713 3123 2782 quod
3159 2715 3249 2770 ubi
3297 2715 3475 2786 majus
3532 2715 3718 2769 immi-

2137 2812 2230 2856 net
2257 2803 2408 2857 exitii
2449 2805 2773 2873 periculum,
2822 2806 2892 2860 ibi
2920 2821 3026 2860 non
3067 2808 3138 2861 sit
3179 2821 3320 2877 opus
3358 2809 3569 2862 minore
3596 2819 3716 2864 ten-

2139 2895 2361 2950 tatiune.
2397 2894 2542 2951 Duas
2572 2899 2765 2968 opinor
2784 2899 2854 2953 ob
2881 2913 3078 2954 causas
3109 2899 3397 2954 miserrimi
3429 2900 3505 2954 illi
3539 2901 3716 2955 homi-

2137 2989 2272 3044 cidae
2313 3003 2412 3042 nos
2444 2989 2755 3044 ntiscrosad
2787 2988 2987 3060 ﬂagitia
3030 3005 3151 3061 quae
3185 3000 3393 3045 naturae
3419 2991 3717 3046 adversan-

2138 3091 2246 3151 tur,
2295 3090 2354 3137 ut
2388 3097 2488 3139 nos
2532 3082 2778 3139 funditus
2836 3093 3101 3150 evertant,
3161 3085 3455 3140 sollicitare
3518 3085 3715 3150 solent,

2139 3184 2251 3234 tum
2292 3177 2436 3248 quod
2467 3179 2726 3248 peccandi
2755 3179 2978 3233 materia
3003 3179 3265 3235 adversus
3297 3189 3546 3235 naturam
3571 3195 3717 3234 sem-

2139 3283 2237 3340 per
2284 3277 2338 3323 et
2377 3269 2577 3337 ubique
2605 3269 2658 3323 in
2688 3278 2944 3340 promptu
2991 3272 3082 3336 sit,
3117 3281 3230 3325 tum
3287 3282 3346 3326 ut
3417 3271 3718 3342 majoribus

451 3351 701 3423 ὀνάγροις
756 3351 948 3423 πρώην
1001 3351 1102 3422 μὲν
1151 3350 1502 3422 ἐπιτρέπων·
1550 3348 1778 3422 ἔσχατον
1819 3348 1876 3403 δὲ
1925 3349 2030 3404 ὑπὸ

2140 3359 2416 3430 suppliciis
2449 3360 2669 3415 obnoxii
2700 3359 3295 3433 reddantur.Expcrtus
3323 3372 3411 3418 est
3441 3363 3542 3417 hoc
3569 3362 3719 3434 quod

451 3445 562 3498 τῶν
577 3443 786 3516 ἀγρίων
810 3441 1059 3514 ὀνάγρων
1083 3441 1332 3505 ἐλεεινῶς
1369 3442 1692 3510 ἐπιτραπεὶς
1714 3441 1809 3495 καὶ
1829 3441 2034 3512 ἔμπαι-

453 3537 623 3607 χθεὶς,
671 3537 766 3591 καὶ
817 3535 1056 3608 οὐρανίῳ
1101 3533 1434 3605 τρεφόμενος
1476 3532 1650 3605 ἄρτῳ,
1700 3531 1929 3605 ὕστερον
1977 3532 2034 3587 δὲ

453 3630 546 3684 τοῦ
578 3629 744 3684 καλοῦ
781 3628 1089 3700 στερηθεὶς,
1119 3629 1212 3682 καὶ
1253 3629 1313 3681 τὸ
1340 3627 1404 3698 δὴ
1447 3626 1912 3699 θαυμαστότερον,
1950 3629 2036 3684 δτι

455 3722 550 3777 καὶ
587 3723 724 3794 μετὰ
755 3723 1044 3794 μετάνοιαν
1071 3721 1270 3784 »τύλος
1305 3721 1404 3791 μὲν
1450 3721 1620 3792 μέγας
1666 3721 1883 3788 ἔπεσεν,
1912 3721 2036 3778 ὀδυ-

455 3822 692 3894 νώμενος
736 3820 948 3892 πικρῶς
995 3818 1026 3872 ό
1054 3817 1376 3889 καθηγητὴς
1414 3816 1570 3888 ἡμῶν
1601 3817 1801 3889 ἔφησεν
1841 3817 2034 3873 Ἀντώ-

455 3932 564 3980 νιος
589 3932 601 3945 ·
647 3915 738 3969 τον
767 3913 824 3967 δὲ
854 3913 1055 3984 τρόπον
1107 3911 1206 3982 τῆς
1235 3912 1495 3974 πτώσεως
1530 3913 1558 3965 ὁ
1585 3909 1745 3981 σοφὸς
1789 3911 2037 3982 ἀπέκρυ-

454 4009 553 4079 ψεν
574 4025 589 4039 ο
639 4007 900 4072 ἐγίνωσκε
950 4006 1060 4076 γὰρ
1095 3997 1236 4057 εἶναι
1274 4005 1527 4076 πορνείαν
1559 4004 1907 4076 σωματικῶς,
1941 4005 2036 4059 καὶ

455 4101 612 4165 ἐκτὸς
655 4099 844 4169 ἑτέρου
894 4097 1184 4167 σώματος·
1236 4095 1350 4150 εστι
1397 4114 1483 4161 τις
1521 4096 1752 4162 θάνατος
1799 4098 1857 4150 ἐν
1903 4097 2038 4167 ἡμῖν

457 4197 550 4249 καὶ
580 4193 826 4248 ἀπώλεια
858 4191 1150 4262 πτώματος
1193 4191 1252 4244 ὲν
1289 4192 1442 4259 ἡμῖν,
1475 4191 1569 4243 καὶ
1611 4190 1732 4260 μεθ’
1765 4190 1923 4260 ἡμῶν
1949 4191 2038 4245 άεὶ

456 4287 1026 4359 συμπεριφερόμενος,
1071 4284 1129 4334 ὲν
1169 4279 1382 4351 νεότητι
1433 4282 1704 4354 μάλιστα·
1753 4281 1817 4336 ὃν
1860 4283 2036 4352 ἔγωγε

458 4383 649 4453 γραφῇ
686 4364 1024 4449 παραδοῦναι
1070 4374 1132 4429 οὐ
1165 4375 1505 4446 τετόλμηκα·
1545 4373 1744 4446 ἐπέσχε
1788 4374 1898 4447 γάρ
1934 4394 2035 4448 μου

456 4475 558 4546 τὴν
586 4476 741 4544 χεῖρα
768 4473 799 4525 ὁ
835 4469 1072 4541 εἰρηκώς
1093 4483 1108 4498 ⁸
1139 4467 1216 4522 Τὰ
1242 4465 1351 4538 γὰρ
1378 4466 1582 4536 κρυφῇ
1613 4468 1894 4539 γινόμενα
1919 4473 2040 4527 ὑπό

459 4582 659 4627 τινων,
691 4564 954 4632 αἰσχρόν
983 4561 1117 4615 ἐστι
1149 4558 1247 4612 καὶ
1283 4558 1501 4628 λέγειν,
1539 4562 1633 4614 καὶ
1657 4559 1913 4632 γράφειν,
1945 4564 2038 4615 καὶ

460 4657 700 4713 ἀκούειν.
755 4657 867 4726 Τὴν
906 4655 1005 4724 μὲν
1056 4652 1198 4722 ἐμὴν
1248 4651 1455 4720 ταύτην
1487 4652 1723 4723 (18))ιαὶ
1766 4655 1866 4708 οὐκ
1895 4655 2037 4727 ἐμὴν
2062 4700 2115 4760 D

462 4748 660 4820 ἐχθράν
689 4747 852 4815 φίλην
883 4746 1084 4815 σάρκα,
1128 4740 1339 4804 Παῦλος
1371 4743 1470 4812 μὲν
1501 4743 1730 4798 θάνατον
1758 4749 2035 4818 προσηγό-

463 4857 655 4911 ρευσεο
696 4838 791 4905 Τίς
807 4854 884 4907 με
911 4836 1039 4904 γὰρ,
1074 4835 1226 4905 φησὶ,
1252 4834 1502 4902 ῥύσεται
1535 4835 1603 4888 ἐκ
1637 4836 2039 4908 τοῦσώματος

461 4933 570 4990 τοῦ
607 4932 870 4990 θανάτου
904 4931 1157 4993 τούτου;
1206 4927 1435 4999 ’Έτερος
1460 4927 1516 4981 δὲ
1542 4927 1790 4998 θεολόγος
1818 4933 2040 5003 ἐμπαθῆ

463 5030 556 5080 καὶ
600 5025 794 5096 δούλην
842 5023 937 5078 καὶ
991 5022 1310 5092 νυκτερινήν
1335 5035 1350 5051 ο
1390 5020 1532 5085 τίνος
1574 5019 1651 5086 δὲ,
1688 5022 1827 5086 τίνος
1877 5024 2036 5093 χάριν

463 5117 733 5180 τοιαύταις
782 5115 920 5185 πρὸς
954 5111 1123 5184 αὐτὴν
1152 5112 1541 5184 προσηγορίαις
1576 5113 1894 5184 ἐχρήσαντο,
1935 5134 2037 5186 μα.

464 5211 576 5262 θεῖν
609 5208 825 5277 ἐδίψων.
879 5207 942 5260 Ei
987 5205 1236 5268 Θάνατος,
1281 5203 1356 5266 ὼς
1400 5203 1774 5275 προλὲλεκταε,
1824 5207 1978 5278 σὰρξ,
2009 5212 2036 5262 ό

463 5302 666 5371 τιύτην
708 5303 933 5371 νικήσας
992 5301 1207 5362 πάντως
1259 5300 1360 5352 οὐκ
1407 5299 1775 5369 ἀποθνήσκειο
1829 5303 1922 5355 καὶ
1957 5303 2037 5367 τίς

465 5396 613 5447 ἔστιν
638 5392 748 5462 ἄρα
792 5395 821 5446 ό
849 5391 1131 5462 ἄνθρωπος
1161 5392 1388 5454 ἐκεῖνος,
1419 5391 1477 5455 ὃς
1523 5390 1768 5462 ζήσεται,
1803 5395 1896 5448 καὶ
1941 5396 2040 5448 οὐκ

463 5489 654 5559 ιψτται
684 5487 916 5540 θάνατον
953 5484 1231 5556 μολυσμοῦ
1283 5483 1486 5551 σαρκὸς
1517 5485 1718 5553 aii-toﬁ;
1772 5488 2039 5559 Ζητητέον

538 5627 585 5657 ⁵⁸
612 5621 806 5691 Ephes.
843 5638 888 5682 ι’,
928 5621 1008 5676 l9.
1093 5620 1136 5653 ⁵⁵
1170 5619 1328 5674 Rom.
1369 5636 1460 5686 \‘ll,
1489 5619 1577 5676 ἓ-ί.

541 5744 616 5814 (ιε)
647 5745 872 5815 Gt'egur.
916 5743 1305 5798 Nazianzenus.

2136 3461 2221 3508 est
2265 3451 2494 3515 dictum,
2535 3452 2624 3507 ille
2653 3454 2745 3524 qui
2773 3455 2927 3524 prius
2957 3456 3179 3527 onagris
3213 3465 3572 3511 consueverat
3616 3455 3718 3510 im-

2137 3543 2391 3613 peritare,
2418 3543 2513 3600 sed
2542 3554 2821 3615 postremo
2856 3560 2886 3600 a
2914 3543 3041 3602 feris
3073 3549 3230 3618 (orci)
3277 3533 3497 3618 onagris
3555 3549 3722 3603 misc-

2136 3635 2366 3691 randum
2399 3636 2453 3690 in
2482 3636 2706 3692 modum
2761 3638 3168 3695 circumventus
3231 3648 3288 3694 et
3341 3639 3561 3694 delusus
3610 3647 3721 3702 est,

2137 3728 2343 3786 calcati
2377 3739 2535 3785 antea
2569 3743 2706 3799 pane
2735 3739 2943 3800 pastus,
2981 3741 3167 3802 postea
3215 3731 3362 3786 omni
3418 3731 3562 3794 bono
3605 3730 3719 3801 pri-

2137 3830 2316 3878 vatus.
2344 3823 2506 3894 222
2535 3823 2798 3894 Quodque
2825 3825 3000 3894 magis
3035 3825 3343 3878 mirandum
3376 3832 3478 3886 cst,
3513 3832 3721 3892 postea-

2138 3929 2301 3986 quam
2352 3915 2398 3969 is
2427 3916 2494 3970 de
2541 3915 2840 3972 commisso
2891 3914 3096 3987 ﬂagitio
3155 3915 3529 3986 pmnitentiatn
3588 3917 3716 3985 egit.

2137 4008 2406 4062 Antonius
2440 4018 2616 4062 tamen
2653 4009 2930 4064 institutor
2961 4019 3146 4064 noster
3193 4009 3387 4064 acerbe
3421 4024 3607 4064 casum
3659 4009 3723 4064 il-

2139 4100 2245 4153 lius
2275 4100 2587 4169 deplorans,
2638 4100 2848 4170 Ingens,
2904 4098 3102 4167 inquit,
3148 4101 3402 4153 columna
3460 4100 3716 4154 concidit.

2141 4192 2360 4248 Modum
2399 4204 2579 4247 tamen
2614 4204 2667 4247 et
2708 4191 2942 4248 formam
2974 4193 3180 4263 peccati
3207 4192 3484 4246 commissi
3521 4193 3604 4245 vir
3627 4207 3720 4245 sa-

2139 4286 2295 4355 piens
2321 4299 2428 4338 non
2456 4285 2725 4354 expressit
2756 4302 2769 4336 :
2802 4293 3028 4340 noverat
3055 4284 3199 4339 enim
3248 4282 3511 4354 ﬂagitium
3562 4283 3720 4337 luxu-

2139 4375 2236 4429 riae
2265 4388 2373 4429 non
2408 4390 2531 4429 cum
2561 4375 2758 4438 alieno,
2811 4375 2902 4430 sed
2933 4388 3036 4430 suo
3071 4375 3240 4443 ipsius
3282 4387 3513 4442 corpore
3572 4389 3722 4430 rom-

2142 4468 2390 4523 tnissunt.
2421 4465 2514 4522 Est
2537 4467 2785 4534 quaedam
2819 4468 3035 4522 morsin
3055 4465 3211 4521 nobis
3241 4475 3294 4521 et
3324 4465 3496 4520 ruinae
3526 4466 3722 4521 exitia-

2141 4561 2209 4616 lis
2260 4575 2452 4623 causa,
2485 4575 2648 4632 quam
2679 4559 2941 4616 habemus
2992 4561 3044 4614 in
3087 4559 3262 4625 nobis,
3331 4571 3384 4615 et
3437 4561 3719 4616 nobiscum

2141 4657 2192 4712 in
2222 4672 2452 4728 corpore
2500 4671 2712 4726 semper
2738 4654 3198 4718 circumlerimus,
3226 4655 3526 4726 prtesertim
3557 4655 3608 4708 in
3632 4656 3721 4722 juo

2142 4752 2378 4807 ventutis
2403 4751 2622 4816 ardore,
2663 4765 2828 4820 quam
2860 4764 2961 4820 ego
3003 4749 3054 4802 in
3096 4751 3302 4805 litteras
3331 4749 3549 4802 mittere
3605 4763 3718 4801 nun

2142 4839 2335 4903 audeo,
2385 4840 2530 4908 quod
2564 4838 2608 4894 is
2640 4839 2980 4894 mihimanus
3003 4839 3244 4908 injecerit
3275 4839 3367 4908 qui
3398 4836 3722 4902 dixitzonw

2141 4933 2196 4985 in
2236 4941 2433 4984 secreto
2464 4948 2494 4984 a
2535 4931 2848 5000 quibusdam
2904 4933 3058 5000 fiunt,
3120 4940 3268 4998 turpe
3303 4940 3377 4982 est
3438 4930 3608 4981 dicere
3648 4927 3719 4991 ",

2145 5025 2404 5091 scribere,
2446 5035 2498 5079 et
2569 5024 2779 5080 audire.
2816 5021 2966 5077 Hanc
3019 5038 3239 5078 cat'nem
3291 5037 3486 5086 meam,
3539 5020 3721 5074 inimi-

2145 5132 2262 5171 cam
2309 5129 2360 5171 et
2387 5117 2642 5180 amicam,
2679 5115 2869 5170 beatus
2901 5113 3099 5168 Paulus
3133 5120 3357 5166 mortem
3391 5112 3675 5181 appellavit
3701 5129 3719 5166 :

2147 5209 2296 5275 Quis,
2327 5210 2519 5280 inquit,
2560 5209 2802 5262 liberabit
2832 5223 2911 5261 me
2939 5225 2970 5259 a
2995 5223 3206 5275 corpore
3240 5205 3422 5258 mortis
3447 5205 3601 5270 Imjns
3631 5203 3723 5257 "9

2147 5302 2299 5356 Alius
2336 5316 2499 5369 porro
2557 5300 2841 5369 theologus
2869 5299 2945 5366 (ιι)
2975 5299 3218 5352 eamdem
3263 5297 3512 5350 \‘itiosatn
3542 5304 3591 5348 et
3625 5311 3722 5350 ana

2149 5394 2326 5448 cillam
2390 5403 2706 5447 nocturnam
2769 5400 2940 5445 vocat.
2995 5387 3097 5441 Sed
3144 5403 3362 5442 causam
3422 5403 3538 5456 ego,
3589 5401 3718 5440 eau-

2148 5502 2287 5555 sam,
2330 5485 2573 5555 inquam,
2619 5497 2942 5555 ntugtmperc
2985 5480 3266 5549 Cllpit'battti
3301 5471 3600 5551 [sitiebant]
3633 5479 3718 5532 tli-
