4076 6202
396 261 494 327 8M

1664 275 1722 339 S.
1746 276 2066 340 JOANNIS
2100 280 2411 345 CLIMACI

3566 273 3672 347 Sil!

394 386 450 433 et
485 393 612 435 cum
656 390 975 440 surrecturo
1012 396 1222 459 surgat,
1259 394 1313 444 et
1354 401 1453 460 per
1482 404 1672 462 preces
1700 407 1826 446 cum
1861 391 1980 450 solo

2087 398 2275 468 κάριος
2321 396 2468 469 μάλα
2503 392 2711 467 σαφῶς.
2752 392 2933 461 Ἐστι,
2956 391 3124 466 φησιν
3161 393 3190 448 ὁ
3236 393 3480 464 ἀοίδιμος
3544 391 3664 448 καθ’

394 467 521 529 Iesu
553 474 887 546 colloquium
919 477 1015 535 fiat
1049 499 1063 536 :
1098 480 1237 537 nihil
1275 480 1423 537 enim
1464 483 1551 539 his
1582 483 1637 539 in
1666 498 1860 542 somno
1898 501 1984 543 reo

395 564 596 620 mediis
622 581 778 638 atque
815 568 1011 628 efﬁcax
1057 573 1283 630 senties.
1335 572 1478 631 Sunt
1527 576 1621 647 qui
1670 578 1986 634 existimant

394 654 573 713 luctas
602 674 728 714 cum
757 660 973 718 luxuria
999 672 1054 719 ct
1070 665 1295 721 obsceni
1322 666 1554 738 liquoris
1580 670 1895 725 missionem
1916 684 1984 727 ex

395 749 509 803 sola
533 751 779 807 ciborum
807 754 963 823 copia
995 759 1285 815 exsistere.
1310 758 1478 830 Atqui
1508 761 1619 817 vidi
1646 777 1748 835 ego
1773 763 1984 820 morbis

394 847 719 916 gravissime
755 859 809 906 et
834 863 1080 909 extreme
1116 854 1435 913 laborantes
1470 857 1770 928 ultimaque
1803 857 1985 914 inedia

395 954 456 994 se
483 939 817 998 emaciantes
860 942 1021 1001 Γιιξιίὶδ
1054 945 1207 1002 hisce
1240 947 1489 1005 humoris
1515 949 1986 1021 inquinationibus

396 1036 746 1091 vehementer
804 1037 1056 1094 infestari
1107 1051 1161 1096 et
1208 1042 1398 1112 pollui.
1453 1042 1810 1100 Percontatus
1861 1060 1985 1101 sum

393 1124 525 1180 olim
564 1140 633 1181 ex
679 1142 791 1183 uno
829 1130 1065 1199 quodam
1106 1129 1611 1189 laudatissimornm
1654 1142 1708 1189 ct
1750 1134 1987 1205 pruden-

396 1217 737 1274 tissimorum
787 1223 1206 1289 umnachorum,
1261 1232 1316 1279 et
1368 1225 1557 1281 docuit
1598 1242 1686 1283 me
1727 1227 1818 1281 ille
1864 1242 1987 1297 per-

397 1308 592 1365 beatus
643 1310 791 1366 clare
844 1328 1073 1382 prorsus
1127 1324 1184 1370 et
1233 1314 1459 1372 diserte.
1506 1315 1604 1373 Est
1654 1317 1866 1387 (inquit
1898 1318 1988 1373 ille

397 1413 613 1465 semper
666 1399 1011 1472 laudandus)
1065 1419 1191 1459 cum
1252 1405 1304 1458 in
1359 1419 1558 1460 Somno
1606 1422 1671 1459 ex
1727 1407 1982 1461 ciborum

398 1491 560 1562 227
595 1493 844 1550 satietate
873 1507 927 1550 et
960 1496 1144 1566 quiete
1179 1496 1297 1551 ﬂuit
1330 1498 1589 1568 genitalis
1623 1500 1821 1553 humor
1856 1518 1868 1555 ε
1902 1507 1988 1555 est

397 1602 522 1640 cum
561 1602 626 1643 ex
666 1588 918 1659 superbia
965 1594 1248 1660 provenit,
1295 1591 1519 1662 quando
1551 1591 1716 1662 longo
1747 1602 1988 1662 tempore

398 1678 570 1734 ﬂuxio
599 1683 881 1744 constitit,
929 1684 1071 1738 unde
1110 1683 1365 1739 inliamur
1403 1693 1457 1740 et
1492 1683 1652 1741 nobis
1684 1684 1982 1755 placemus.

395 1769 705 1841 Aliquando
749 1790 878 1829 vero
927 1775 1243 1845 polluimur,
1295 1792 1419 1832 cum
1470 1776 1698 1832 alterius
1750 1776 1890 1831 facta
1932 1786 1987 1831 et

397 1863 564 1920 vitam
599 1874 802 1923 temere
833 1867 1148 1938 judicamus
1180 1879 1234 1925 et
1260 1869 1586 1925 damnamus
1607 1909 1622 1934 ,
1669 1885 1734 1924 ex
1784 1869 1985 1939 quibus

396 1958 613 2016 duabus
643 1963 1043 2031 posterioribus
1070 1965 1255 2019 causis
1289 1965 1405 2019 fieri
1437 1971 1635 2035 potest,
1656 1974 1716 2017 ut
1746 1973 1800 2018 et
1823 1964 1984 2034 :cgris

396 2050 449 2104 id
483 2053 696 2108 accidat
723 2071 736 2108 :
767 2054 877 2109 imo
907 2055 1242 2127 quandoque
1272 2072 1339 2112 ex
1371 2057 1651 2124 omnibus,
1682 2064 1740 2110 nt
1766 2058 1981 2126 opinor,

394 2146 595 2201 tribus.
632 2146 734 2213 Qui
767 2159 948 2203 autem
986 2149 1055 2203 ab
1085 2149 1344 2203 omnibus
1376 2150 1460 2204 his
1493 2151 1676 2205 causis
1700 2164 1896 2219 purmn
1925 2163 1983 2203 se

395 2236 740 2309 liberumque
778 2241 963 2308 sentit,
1005 2242 1052 2298 is
1089 2243 1161 2297 ob
1189 2241 1600 2312 hanc-corporis
1632 2242 1980 2311 tranquillam

396 2328 721 2385 munditiam
768 2332 961 2387 beatus
990 2344 1091 2400 est,
1120 2341 1175 2388 et
1203 2348 1265 2387 ex
1298 2333 1609 2389 darinoaum
1647 2332 1849 2388 invidia
1881 2333 1984 2387 hoc

398 2430 611 2475 tantum
657 2424 881 2492 patitur,
932 2424 1035 2479 hoc
1094 2423 1206 2479 Deo
1245 2426 1311 2479 ad
1346 2436 1558 2496 tempus
1601 2425 1678 2479 illi
1735 2424 1982 2481 accidere

396 2517 763 2587 permittente,
805 2530 860 2573 ut
891 2536 955 2573 cx
996 2520 1097 2574 hac
1127 2519 1446 2590 inculpaliili
1486 2516 1777 2575 afﬂictione
1821 2518 1978 2574 allis-

396 2608 592 2663 simam
633 2609 736 2663 sibi
767 2624 1048 2682 comparet
1087 2613 1468 2669 humilitatem.
1515 2610 1688 2667 Nemo
1717 2621 1982 2667 nocturna

397 2702 608 2756 somnia
659 2715 711 2758 et.
763 2705 1146 2773 phantasmata
1192 2722 1289 2776 per
1331 2707 1473 2761 diem
1530 2713 1717 2776 postea
1769 2704 1981 2761 studeat

395 2796 677 2850 revolvere
707 2815 720 2850 :
756 2797 944 2853 hostes
971 2800 1119 2853 enim
1152 2797 1322 2853 nostri
1359 2799 1523 2854 etiam
1564 2811 1632 2852 eo
1662 2797 1976 2866 collineant,

396 2894 456 2940 nt
482 2902 581 2940 nos
623 2904 690 2942 ex
735 2888 1024 2946 insomniis
1060 2890 1344 2961 vigilantes
1384 2890 1650 2959 polluant.
1695 2889 1798 2947 Sed
1830 2890 1979 2945 enim

394 2976 684 3035 audiamus
715 2988 769 3035 ct
808 2981 969 3035 aliam
1010 2982 1450 3039 adversariorum
1496 2994 1811 3038 nostrorum
1863 2996 1980 3037 ma-

395 3067 566 3123 litiam
601 3088 613 3123 :
645 3072 1104 3141 quernadmodum
1137 3083 1287 3130 certa
1310 3075 1559 3130 ciborum
1590 3090 1789 3148 genera
1820 3073 1981 3131 nobis

394 3161 618 3218 morbos
647 3165 725 3218 vel
750 3176 874 3234 post
907 3181 1111 3221 annum
1133 3168 1214 3223 vel
1242 3167 1407 3223 etiam
1439 3177 1563 3237 post
1586 3168 1730 3223 diem
1760 3174 1983 3233 creant;

393 3253 476 3310 sic
490 3254 652 3310 etiam
670 3256 956 3313 observavi
972 3274 1079 3315 non
1093 3275 1219 3316 raro
1233 3275 1328 3317 eos
1340 3261 1433 3331 qui
1451 3260 1663 3317 deliciis
1681 3262 1983 3334 indulgent,

394 3354 451 3401 et
474 3361 670 3403 causas
701 3350 1053 3420 inquinandae
1067 3366 1163 3423 per
1179 3353 1423 3424 impuras
1446 3354 1695 3424 corporis
1716 3355 1986 3412 ﬂuxiones

394 3439 593 3495 animm
607 3443 869 3513 pra:beat,
896 3460 1005 3501 non
1029 3461 1243 3517 semper
1262 3448 1469 3516 statim,
1490 3449 1582 3503 sed
1602 3447 1802 3519 saepius
1820 3448 1985 3520 longo

395 3539 517 3599 post
540 3540 787 3601 tempore
809 3533 877 3589 ad
907 3536 1090 3591 scelus
1118 3535 1424 3592 sollicitari.
1461 3535 1579 3592 Vidi
1610 3538 1707 3606 qui
1742 3553 1865 3593 cum
1901 3538 1980 3592 fe-

394 3623 559 3679 minis
588 3624 930 3681 familiariter
959 3628 1028 3682 ad
1057 3644 1304 3685 mensam
1337 3631 1745 3697 accumberent,
1782 3640 1837 3687 et
1863 3647 1983 3686 ver-

396 3726 666 3778 sarcntur,
685 3726 797 3773 tum
810 3719 1029 3790 quidem
1060 3722 1113 3775 in
1132 3724 1417 3793 prtesentia
1439 3724 1601 3779 nullis
1618 3724 1881 3795 improbis
1899 3738 1986 3780 co-

396 3810 750 3878 gitationibus
775 3823 1043 3880 tentatus;
1064 3814 1157 3884 qui
1183 3815 1287 3871 sibi
1314 3815 1544 3872 nimium
1559 3817 1748 3872 confisi
1770 3817 1984 3873 tandem

397 3896 451 3950 in
480 3896 687 3966 lapsum
715 3898 925 3969 decepti
950 3901 1378 3970 procubuerunt,
1400 3901 1641 3972 quando,
1662 3905 1904 3973 inquam,
1922 3921 1982 3960 se

396 3989 504 4042 alta
531 4004 661 4058 pace
700 4000 753 4045 et
785 3993 1078 4048 securitate
1105 3991 1210 4048 frui
1239 3995 1644 4063 existimabant,
1679 4007 1899 4067 repente
1926 3998 1978 4051 in

2088 488 2289 554 ὕπνους
2358 489 2610 561 ἔκκρισις
2648 489 2714 542 ὲκ
2757 485 3003 558 πλήθους
3048 485 3359 560 βρωμάτων
3410 485 3503 539 καὶ
3542 486 3669 540 ἀνί-

2086 597 2263 645 σεως“
2319 579 2484 651 ἑτέρα
2539 579 2600 645 ἐξ
2655 578 3059 653 ὑπερηφανίας,
3103 578 3235 634 ὅταν
3279 581 3342 632 ὲν
3379 579 3446 649 τῇ
3477 577 3671 651 χρονία

2085 675 2245 747 ἡμῶν
2294 671 2595 746 ωφὼμεθα
2631 673 2936 747 ἀρρευστίᾳ
2986 671 3132 745 (a)'
3174 673 3272 726 καὶ
3299 670 3446 725 ἐστιν
3483 667 3668 727 ὲκτοῦ

2084 768 2177 821 τὸν
2216 767 2446 839 πλησίον
2482 765 2834 837 κατακρίνειν
2854 782 2868 796 ·
2896 765 2993 821 καὶ
3028 764 3086 820 αί
3113 765 3215 837 μὲν
3256 764 3371 831 δύο,
3397 763 3555 834 φησὶ,
3577 761 3670 817 δύο

2085 877 2274 915 νανται
2325 860 2419 915 καὶ
2459 861 2578 924 τοϊς
2624 860 2917 915 ἀσθενοῦσι
2975 857 3429 930 ἐπισυμὸαίνειν·
3463 856 3672 928 νομίζω

2084 953 2142 1007 δὲ
2180 953 2276 1007 καὶ
2315 953 2372 1008 αἱ
2398 954 2571 1025 τρεῖς.
2607 953 2671 1008 El
2695 952 2753 1007 δέ
2778 969 2865 1017 τις
2902 949 3096 1007 ἑαυτὸν
3125 949 3317 1005 πασῶν
3346 948 3457 1004 τῶν
3484 965 3673 1020 προεισ-

2089 1048 2345 1120 ρημένων
2387 1046 2582 1102 αἰτιῶν
2632 1045 3009 1119 καθαρεύοντα
3061 1043 3436 1117 ψηλαφήσειε,
3489 1042 3672 1115 μακά-

2089 1157 2204 1212 ριος
2249 1138 2352 1210 τῆς
2391 1139 2652 1212 τοιαύτης
2710 1138 2984 1202 ἀπαθείας
3050 1136 3314 1210 ἐργάτης,
3355 1137 3422 1189 ἐκ
3473 1135 3674 1204 φθόνου

2086 1231 2381 1305 δαιμόνων,
2411 1231 2509 1288 καὶ
2541 1231 2705 1303 μόνον
2734 1231 2800 1287 τὸ
2820 1230 3037 1301 συμϐὰν
3080 1228 3370 1293 πεπονθὼς
3395 1226 3557 1281 τοῦτο
3577 1224 3675 1279 τοῦ

2086 1325 2223 1379 Θεοῦ
2252 1328 2310 1380 ὲν
2354 1324 2507 1394 αὐτῷ
2549 1325 3008 1397 συγχωρήσαντος
3049 1320 3306 1390 γενέσθαι
3348 1322 3415 1375 ἐκ
3448 1320 3669 1391 χρᾶνου,

2088 1414 2177 1467 ἵνα
2202 1414 2269 1466 δι’
2298 1415 2484 1485 ἀναμα
2494 1413 2693 1486 ρτήτου
2720 1414 3010 1485 συμφορᾶς
3035 1411 3383 1484 ὑψηλοτάτην
3403 1411 3676 1483 κτήσηται

2086 1505 2186 1577 τὴν
2216 1506 2569 1561 ταπείνωσιν.
2605 1502 2815 1576 Μηδεὶς
2837 1504 2907 1560 τὰ
2929 1504 3055 1559 καθ’
3077 1503 3284 1569 ὕπνους
3312 1503 3677 1574 φαντάσματα

2089 1598 2225 1669 πρὸς
2280 1598 2476 1652 ἑαυτὸν
2540 1596 2660 1667 μεθ’
2715 1596 2931 1668 ἡμέραν
2983 1593 3297 1664 λογίζεσθαι
3354 1591 3672 1664 θελήσειεν·

2091 1691 2293 1755 σκοπὸς
2334 1690 2444 1763 γὰρ
2498 1690 2594 1746 καὶ
2656 1685 2813 1754 οὗτος
2869 1691 2983 1752 τοῖς
3037 1687 3314 1758 δαίμοσιν,
3352 1687 3440 1741 ἶνα
3467 1684 3528 1753 ἐξ
3553 1686 3677 1738 ἐνυ-

2094 1785 2264 1837 πνίων
2303 1783 2712 1855 χρηγοροῦντας
2755 1784 2907 1853 ἡμᾶς
2957 1780 3281 1852 μολύνωσιν.
3326 1779 3678 1849 ’Δκούσωμεν

2093 1876 2189 1928 καὶ
2237 1872 2405 1943 ἄλλην
2446 1872 2557 1926 τῶν
2605 1870 2819 1941 ἐχθρῶν
2857 1870 3014 1941 ἡμῶν
3058 1867 3418 1940 πανουργίαν.
3458 1866 3677 1938 Ὠσπερ

2090 1967 2160 2019 τὰ.
2201 1966 2262 2019 τὸ
2311 1963 2472 2035 σῶμα
2524 1961 2837 2033 βλάπτοντα
2881 1959 3149 2033 βρώματα
3197 1957 3336 2031 μετὰ
3381 1957 3597 2029 χρόνον,
3641 1956 3674 2028 ἢ

2089 2056 2303 2127 ἡμέραν
2326 2054 2424 2123 τὴν
2457 2054 2614 2107 νόσον
2637 2055 2770 2123 ἡμῖν
2796 2055 2972 2106 ποιεῖν
3002 2049 3336 2120 πεφύκασιν,
3377 2050 3523 2103 οὕτω
3548 2047 3675 2103 πολ-

2090 2152 2248 2214 λάκις
2274 2151 2370 2204 καὶ
2395 2148 2622 2203 ἐπὶτῶν
2648 2148 2746 2220 τὴν
2771 2146 2952 2217 ψυχὴν
2982 2145 3322 2217 μολυνόντων
3351 2142 3542 2198 αίτίων
3575 2140 3680 2195 ιώ-

2093 2259 2240 2317 ρεικα
2266 2239 2593 2314 τρυφῶντες
2621 2238 2759 2311 (9.9),
2787 2237 2885 2291 καὶ
2927 2236 3247 2308 παραυτίκα
3293 2232 3372 2304 μὴ
3400 2233 3676 2304 πολεμου-

2093 2335 2291 2404 μένους
2313 2349 2327 2363 ’
2358 2333 2455 2387 καὶ
2485 2331 2709 2400 ἑώρακα
2741 2327 2960 2399 γυναιξὶ
2994 2326 3379 2390 συνεσθίοντας
3409 2322 3550 2397 (50),
3580 2323 3678 2377 καὶ

2092 2425 2610 2496 συνδιατρίϐοντας·
2652 2425 2751 2478 καὶ
2820 2421 3093 2494 μηδεμίαν
3159 2416 3406 2491 πονηρὰν
3467 2416 3677 2472 ἔννοιαν

2089 2518 2219 2589 παρ’
2257 2514 2399 2579 αὐτὰ
2430 2515 2855 2587 λογιζομένους’
2896 2513 2992 2566 καὶ
3040 2513 3229 2584 μέντοι
3290 2509 3676 2581 θαρρήσαντες

2088 2611 2138 2666 οἱ
2164 2607 2538 2681 ἀπατώμενοι,
2568 2608 2697 2662 ὅταν
2738 2606 2926 2671 ἔδοξαν
2962 2606 3190 2678 εἰρήνην
3234 2604 3327 2658 καὶ
3372 2602 3676 2673 ἀσφάλειαν

2088 2703 2256 2778 ἔχειν,
2296 2706 2355 2755 ἐν
2406 2704 2474 2772 τῇ
2520 2700 2732 2753 ἑαυτῶν
2783 2699 2948 2772 κέλλῃ
2998 2697 3268 2768 αἰφνίδιον
3303 2695 3510 2750 ἔπαθον
3555 2693 3674 2747 ὄλε-

2089 2797 2237 2867 θρον.
2270 2795 2364 2858 Τίς
2391 2794 2447 2848 δὲ
2484 2795 2512 2848 ὁ
2548 2792 2794 2865 ὄλεθρος,
2839 2795 2867 2845 ὁ
2910 2791 3053 2846 κατὰ
3100 2790 3271 2859 μόνας
3321 2789 3507 2860 μόνοις
3540 2789 3675 2857 ἡμῖν

2090 2886 2421 2957 σωματικῶς
2478 2884 2573 2941 καὶ
2613 2884 2863 2955 ψυχικῶς
2911 2885 3220 2954 γινόμενος,
3262 2884 3293 2934 6
3325 2883 3424 2953 μὲν
3477 2896 3674 2952 πειρα-

2090 2980 2237 3046 σθεὶς
2256 2981 2564 3043 ἐπίσταται·
2588 2980 2686 3034 ὁδὲ
2709 2979 2785 3050 μὴ
2806 2976 3373 3050 πειρασθεὶς,γνῶναι
3395 2974 3458 3029 οὐ
3478 2972 3672 3027 δεῖται.

2010 3107 2053 3169 c
2087 3074 2179 3143 Τῷ
2214 3071 2393 3145 καιρῷ
2415 3072 2611 3144 ἐκείνῳ
2641 3071 2808 3125 καλὸν
2843 3072 2976 3143 ἡμῖν
3009 3070 3268 3142 βοήθημα
3297 3071 3677 3169 admei,an-

2089 3165 2200 3233 δὺς,
2263 3165 2455 3230 στάσις
2505 3165 2835 3235 παννύχιοςσ
2894 3162 3164 3234 ἐπιθυμία
3211 3163 3412 3232 ἄρτου·
3453 3160 3676 3231 γλῶσσα

2089 3257 2424 3330 φλεγομένη,
2451 3258 2548 3312 καὶ
2605 3256 2842 3330 μετρίως
2884 3253 3271 3327 δροσιζομένη,
3310 3253 3487 3325 σορῶν
3516 3254 3670 3323 οἴκη-

2089 3370 2210 3418 σις,
2247 3350 2346 3405 καὶ
2395 3350 2503 3422 πρὸ
2560 3350 2781 3404 πάντων
2838 3349 3172 3412 ταπείνωσις
3199 3346 3429 3417 καρδίας
3455 3388 3469 3411 ,
3503 3344 3598 3399 καὶ
3625 3346 3676 3399 εί

2086 3444 2337 3511 δυνατὸν,
2382 3442 2588 3514 πατὴρ,
2630 3441 2664 3513 ἦ
2703 3440 2934 3510 ἀδελφὸς
2965 3439 3256 3503 σπουδαῖος
3293 3478 3308 3505 ,
3336 3438 3568 3509 γηραιὸς
3594 3435 3679 3505 τῷ

2090 3537 2398 3609 φρονήματι
2423 3536 2504 3598 είς
2538 3533 2812 3606 βοήθειαν.
2853 3531 3134 3602 Θαυμάζω
3167 3530 3278 3600 γὰρ
3304 3532 3352 3582 εἰ
3385 3529 3546 3600 μόνος
3584 3544 3676 3589 τις

2090 3626 2155 3677 ὲκ
2180 3621 2453 3692 πελάγους
2477 3619 2613 3674 ναῦν
2645 3619 2913 3674 διασῶσαι
2939 3619 3183 3674 δύναται.
3210 3618 3283 3672 Τὸ
3316 3615 3451 3671 αὐτὸ
3476 3616 3682 3686 πτῶμα

2093 3714 2355 3778 πολλάκις
2423 3712 2927 3767 ἑκατονταπλάσιον
2964 3709 3059 3763 τοῦ
3101 3709 3292 3781 ἑτέρου
3337 3706 3678 3777 πραχθέντος

2092 3809 2267 3883 κρῖμα
2293 3807 2558 3878 κέκτηται
2582 3805 2715 3876 (52),
2763 3807 2827 3857 ὲκ
2873 3804 3101 3875 τρόπον,
3145 3804 3210 3856 ἐκ
3233 3803 3424 3864 τόπου,
3459 3803 3523 3852 ὲκ
3542 3815 3678 3869 προ-

2089 3901 2290 3972 κοπῆς,
2314 3900 2409 3954 καὶ
2442 3896 2502 3962 ἐξ
2530 3896 2704 3951 ἄλλων
2732 3894 2963 3951 πολλῶν.
3001 3892 3312 3965 Παράδοξὸν
3339 3892 3429 3964 μοί
3457 3907 3544 3954 τις
3573 3890 3672 3943 καὶ

2093 3996 2394 4068 ἀκρότατον
2425 3989 2648 4061 ἁγνείας
2678 3989 2805 4061 ὅρον
2828 3989 3174 4061 ὑφηγήσατο.

395 4098 497 4139 suo
542 4084 708 4154 228
745 4086 997 4143 cubiculo
1036 4090 1090 4143 in
1124 4089 1351 4144 exitium
1394 4092 1713 4161 praecipitati
1754 4102 1903 4148 sunt.
1931 4091 2087 4160 Quod
2125 4101 2308 4148 autem
2340 4088 2473 4145 illud
2506 4088 2578 4144 sit
2604 4088 2856 4152 exitium,
2901 4085 3048 4157 quod
3075 4084 3231 4140 nobis
3269 4097 3518 4138 seorsum
3546 4079 3681 4136 solis

394 4176 739 4247 degentibus,
775 4194 884 4248 qua
944 4182 1229 4252 corporis,
1283 4199 1392 4252 qua
1444 4186 1641 4239 animte
1713 4186 1887 4242 soleat
1931 4187 2216 4251 accidere,
2272 4182 2427 4238 novit
2460 4181 2507 4237 is
2539 4180 2636 4251 qui
2668 4190 2911 4235 tentatus
2946 4179 2999 4234 id
3036 4177 3182 4234 facto
3248 4180 3368 4248 ipso
3417 4182 3680 4246 expertus

393 4279 499 4326 est.
532 4267 638 4337 Qui
687 4280 946 4341 expertus
1016 4289 1122 4328 non
1177 4284 1293 4341 est,
1340 4277 1578 4346 experiri
1626 4294 1695 4333 ne
1738 4280 1944 4350 cupiat.
1995 4278 2053 4334 In
2110 4277 2220 4333 illis
2272 4275 2635 4330 tentationum
2688 4272 2945 4329 ﬂuctibus
2994 4270 3432 4341 periclitantibus
3479 4284 3682 4340 magno

396 4359 643 4416 subsidio
696 4372 875 4425 erant,
910 4364 1139 4420 molesta
1183 4366 1347 4420 cilicii
1394 4369 1601 4433 tunica,
1669 4370 1845 4433 cinis,
1909 4371 2074 4427 totius
2113 4369 2292 4427 noctis
2341 4382 2464 4423 cum
2518 4376 2780 4436 perpetuo
2831 4363 3011 4421 standi
3062 4363 3246 4417 labore
3293 4361 3675 4432 pervigilium,

398 4453 570 4509 fames
621 4463 903 4524 prmtcrca,
935 4473 1027 4512 seu
1069 4462 1224 4525 panis
1265 4462 1638 4529 desiderium,
1670 4478 1723 4519 et
1759 4466 2135 4533 ardenselsiti
2184 4466 2404 4536 lingua,
2466 4464 2685 4519 modico
2744 4462 2955 4533 liquore
3000 4460 3196 4527 tincta;
3248 4460 3300 4512 in
3347 4458 3681 4513 cadaverum

399 4550 655 4621 liypogeis
681 4559 734 4604 et
764 4553 992 4609 assariis
1034 4556 1318 4624 habitatio,
1353 4565 1409 4612 et
1452 4576 1563 4629 pra:
1593 4563 1808 4618 cuiietis
1842 4564 1969 4619 aliis
2003 4564 2111 4618 alta
2146 4560 2335 4618 cordis
2391 4561 2698 4626 humilitas,
2729 4567 2785 4613 et
2836 4557 2882 4613 si
2919 4557 3075 4627 ecpia
3128 4555 3220 4621 sit,
3254 4553 3545 4625 religiosus
3573 4555 3684 4609 ali-

396 4645 518 4714 quis
548 4656 718 4715 ιδθιθν,
773 4659 863 4703 aut
910 4649 1116 4719 probus
1168 4651 1352 4719 frater,
1398 4656 1491 4725 qui
1541 4671 1645 4712 non
1681 4670 1790 4713 tam
1825 4662 1985 4714 annis
2020 4675 2185 4730 quam
2216 4658 2484 4729 sapientia
2542 4672 2729 4712 senem
2792 4653 3013 4719 referat,
3049 4662 3106 4709 et
3144 4652 3415 4708 laboranti
3443 4666 3679 4706 succur-

400 4752 502 4795 rat.
536 4741 671 4797 Nam
709 4753 768 4798 ut
816 4747 970 4801 snlus
1024 4758 1118 4803 tuo
1173 4752 1333 4805 mlius
1397 4753 1583 4808 labore
1625 4770 1818 4810 navem
1867 4772 1898 4811 e
1931 4756 2220 4826 naufragio
2275 4769 2484 4819 serves,
2536 4751 2787 4807 miraculi
2838 4751 2960 4805 loco
3007 4750 3131 4805 erit.
3189 4747 3334 4803 Idem
3388 4757 3679 4819 peceatum

400 4851 541 4905 ⁵³³1³0
573 4837 835 4907 “'"U'Pl0
862 4841 1081 4908 gravius
1114 4853 1354 4900 meretur
1409 4847 1676 4918 judicium
1723 4860 1779 4904 et
1835 4850 2167 4919 supplicium
2201 4847 2271 4902 ab
2303 4849 2412 4902 alio
2447 4856 2613 4917 atque
2669 4845 2780 4900 alio
2836 4843 3053 4900 diversa
3109 4843 3326 4897 ratione
3358 4851 3633 4912 patratum
3664 4859 3680 4893 :

400 4938 559 4998 anget
607 4930 753 4985 enim
804 4934 887 4986 vel
934 4936 1130 4990 minuit
1161 4940 1369 4994 crimen
1403 4944 1769 5007 consuetudo,
1802 4945 1978 5012 locus,
2032 4944 2332 5016 prolectus,
2384 4953 2440 4998 et.
2463 4942 2566 4996 alia
2599 4941 2746 4998 haud
2772 4952 2969 5013 pauca.
3000 4938 3206 4994 Rarum
3240 4937 3373 4993 mihi
3403 4945 3458 4993 et
3500 4936 3683 4991 inusi-

399 5033 569 5078 tatum
607 5027 826 5095 quidam
863 5044 1290 5101 supremumque
1324 5036 1598 5093 castitatis
1626 5040 1863 5108 gradum
1890 5037 2184 5109 descripsit
2215 5051 2271 5092 et
2299 5037 2601 5092 enarravit.

471 5117 725 5184 Quidam,
765 5118 961 5187 inquit,
996 5134 1118 5174 cum
1159 5125 1447 5190 pulchrum
1483 5144 1683 5198 corpus
1713 5142 1861 5185 esset
1895 5132 1979 5185 in-

2154 5128 2363 5191 Κάλ).ος
2407 5127 2553 5199 γὰρ,
2600 5128 2783 5201 φησιν,
2850 5127 2940 5192 τὶς
3006 5125 3348 5195 θεασάμενος
3402 5122 3538 5195 (55),
3586 5124 3685 5178 τὸν

396 5211 595 5270 tuitus.
640 5219 920 5264 auctorem
954 5212 1101 5266 illius
1148 5216 1315 5271 Deum
1375 5234 1439 5272 es
1501 5222 1790 5276 occasione
1840 5223 1982 5279 illitis

401 5301 685 5371 magnilicc
717 5301 1051 5368 prmdicmil,
1104 5314 1158 5357 rt
1195 5323 1259 5359 ex
1311 5309 1424 5361 sola
1472 5308 1617 5364 illius
1651 5319 1986 5382 Contempla-

398 5394 543 5448 tione
579 5395 630 5445 in
667 5392 759 5447 Dei
792 5408 1032 5448 amorem
1066 5396 1270 5452 effusus
1298 5416 1543 5471 magnam
1579 5402 1684 5455 vim
1718 5404 1984 5474 laeryaut-

399 5502 521 5539 runt
576 5486 814 5555 proludit
870 5486 1079 5558 [fontes
1133 5490 1500 5561 lacryinarnut
1556 5495 1825 5569 laxavit]:
1867 5507 1984 5552 stu-

401 5576 747 5647 pendnmqne
777 5587 894 5632 erat
928 5579 1110 5635 ι’ἰιίιψιε
1139 5583 1188 5635 id
1222 5584 1364 5653 quod
1399 5586 1630 5641 alterum
1665 5588 1717 5642 in
1754 5589 1979 5643 csitium

2090 5220 2322 5289 Ποιητὴν
2366 5220 2618 5290 μεγάλως
2652 5220 2711 5286 ἐξ
2750 5218 2962 5274 ἐκείνου
2998 5215 3219 5282 ἐδόξασε
3243 5232 3256 5245 ·
3291 5214 3387 5269 καὶ
3431 5216 3544 5267 ἀπὸ
3577 5216 3685 5285 po-

2088 5327 2185 5379 νης
2211 5311 2309 5380 τῆς
2363 5309 2493 5374 θέας
2537 5311 2617 5372 εἰς
2666 5310 2888 5381 ἀγάπην
2943 5307 3077 5362 Θεοῦ
3138 5309 3231 5361 καὶ
3276 5304 3528 5378 δακρύων
3574 5322 3681 5375 πη-

2092 5404 2194 5473 Υῆν
2220 5403 2555 5474 κατεφέρετο
2582 5418 2596 5433 '
2646 5404 2740 5456 καὶ
2774 5400 2841 5473 ἦν
2883 5400 3091 5472 θάμϐος
3144 5397 3352 5453 ἰδέσθαι
3397 5397 3488 5449 τ’»ν
3546 5398 3688 5452 ἑτέ-

2093 5513 2189 5567 pou
2244 5495 2458 5566 βόθρον,
2488 5495 2634 5566 ἄλλοι)
2685 5496 2949 5565 στέφανον
2973 5494 3267 5563 γενόμενον
3295 5492 3439 5561 ὑπὲρ
3480 5490 3686 5559 (partv.

2093 5591 2153 5644 Ei
2176 5591 2401 5644 πάντοτέ
2430 5593 2454 5643 ὁ
2485 5588 2725 5653 τοιοῖιος
2772 5589 2829 5644 ἐν
2865 5589 2976 5653 τοῖς
3014 5585 3277 5649 τοιούτοις
3310 5580 3567 5653 αἴσθησιν
3590 5588 3693 5640 καὶ

475 5738 552 5803 (μ)
593 5739 843 5806 Hist-ni:
865 5742 1151 5812 antiquiss.
1185 5746 1411 5800 inmtbr.
1449 5755 1501 5803 et
1532 5744 1726 5801 melius
1776 5762 1804 5801 a
1842 5746 1983 5816 ρεῦσι

2087 5749 2318 5822 ιρευσία.
