4076 6202
450 328 565 395 893

1458 336 1688 398 SCALA
1740 335 2122 402 PARADISI.
2167 366 2239 379 -
2276 341 2588 408 GRADUS
2619 345 2733 407 XV.

3619 346 3730 412 ὅθί

456 441 726 513 ὶργασίαν
761 440 1049 513 κέκτηται,
1074 443 1274 515 ἀνέστη
1300 445 1580 521 ἄφθαρτος
1604 448 1711 524 πρὸ
1728 455 1828 522 τῆς
1846 454 2018 523 κοινῆς

2138 462 2195 511 et
2226 456 2441 511 ruinam
2493 456 2762 521 trahebat,
2799 457 2905 514 hoc
2948 457 3107 515 alteri
3137 471 3301 529 supra
3357 464 3566 513 natura:
3615 461 3723 511 vim

453 533 807 600 ἀναστάσεως
840 536 976 605 (55).
1009 536 1100 607 Τῷ
1131 536 1281 609 αὐτῷ
1310 542 1516 608 κανόνι,
1552 544 1647 597 καὶ
1673 544 1766 599 ἐπὶ
1801 545 1911 600 τῶν
1942 562 2040 617 με-

454 624 702 695 λῳδιιιῶν
734 625 829 681 καὶ
850 626 1112 698 ᾀσμάτων
1146 628 1482 701 χρησόμεθα.
1513 635 1578 687 Οί
1623 636 1722 706 μὲν
1755 636 1865 707 γὰρ
1895 637 2038 707 φιλό-

455 715 589 784 θεοι,
618 719 697 782 εις
727 719 1021 791 ἱλαρότητα
1062 723 1157 777 καὶ
1199 721 1350 777 θείαν
1379 725 1623 797 ἀγάπην,
1659 728 1754 782 καὶ
1802 729 2034 800 δάκρυα,

454 809 547 863 καὶ
576 810 641 865 ὲκ
672 810 781 864 τῶν
812 811 1031 879 ἔξωθεν,
1060 815 1157 870 καὶ
1187 816 1253 870 ὲκ
1294 816 1406 871 τῶν
1452 821 1842 891 πνευματικῶν
1879 821 2036 893 ᾠδῶν

455 901 721 957 κινεῖσθαι
763 904 1075 973 πεςιύκασιν
1101 923 1117 938 ο
1153 908 1204 960 ot
1248 908 1307 962 δὲ
1348 909 1637 981 φιλήδονοι,
1669 911 1731 966 τὸ
1771 912 2031 969 ἐναντίον.

454 989 633 1056 Τινὲς,
664 992 850 1058 καθὼς
875 994 971 1047 καὶ
999 994 1307 1063 φθάσαντες
1330 999 1579 1071 εἴπομεν,
1600 1003 1661 1054 ἐν
1690 1004 1801 1066 τοῖς
1828 1005 2036 1075 ἡσυχα-

455 1086 661 1148 στικοίς
690 1086 898 1149 τόποις,
923 1086 1106 1155 πολλῷ
1138 1089 1302 1144 πλέον
1330 1092 1690 1162 πολεμεῖσθαι
1719 1094 2031 1165 πεφύκασν

453 1175 547 1228 καὶ
578 1174 640 1228 οὐ
673 1174 879 1247 θαῦμα,
914 1178 1275 1249 φιλοχωροῦσι
1306 1182 1417 1254 γὰρ
1447 1186 1563 1237 ἐκεῖ
1591 1183 1771 1256 πολλῷ
1797 1185 1959 1242 πλέον
1982 1187 2033 1242 oi

452 1266 704 1336 δαίμονες
738 1268 843 1324 ὑπὸ
868 1269 965 1324 τοῦ
990 1270 1198 1342 Κυρίου
1227 1273 1286 1327 ἐν
1320 1277 1441 1338 ταῖς
1467 1276 1719 1348 ἐρήμοις,
1759 1279 1855 1333 καὶ
1881 1279 1941 1333 ὲν
1961 1281 2029 1353 τῇ

452 1357 673 1427 ἀσύσσῳ
714 1360 1083 1433 ὲξορισθέντες
1128 1364 1263 1433 πρὸς
1308 1368 1583 1438 σωτηρίαν
1634 1367 1816 1442 ἡμῶν.
1868 1371 2032 1426 Πολε-

453 1447 644 1517 μοῦσιν
672 1450 955 1525 ἡσυχαστῇ
993 1454 1107 1524 (35)
1139 1456 1389 1527 χαλεπῶς
1416 1461 1463 1512 οἱ
1502 1464 1596 1530 τῆς
1631 1462 1886 1534 πορνείας
1912 1462 2029 1518 δαί-

452 1558 611 1612 μονες
636 1557 649 1570 ο
692 1543 780 1597 ἵνα
829 1543 904 1607 ὡς
953 1546 1123 1616 μηδὲν
1158 1547 1536 1620 ὠφελούμενον
1583 1554 1647 1606 ὲκ
1687 1552 1786 1625 τῆς
1815 1555 2030 1626 ἐρήμου

449 1634 584 1705 ’πρὸς
616 1634 704 1689 τὸν
749 1638 953 1708 κόσμον
993 1638 1293 1707 διώξωσιν
1357 1643 1731 1717 ἀναχωροῦσιν
1774 1646 1836 1711 ιε
1874 1646 2029 1720 ἡμῶν

447 1727 505 1779 ιν
533 1725 612 1797 τῷ
648 1728 839 1800 κόσμῳ
864 1729 1201 1798 διαγόντων,
1245 1731 1332 1788 ἶνα
1378 1733 1456 1799 ὡς
1508 1736 1584 1805 μὴ
1628 1735 2028 1809 πολεμούμενοι

2146 544 2201 601 in
2229 547 2514 614 premium
2559 546 2785 603 caeleste
2829 549 3082 605 cessisse.
3139 547 3197 602 Si
3243 548 3534 619 quisquam
3572 547 3725 618 ejus-

2144 636 2293 693 modi
2320 646 2424 703 est,
2459 638 2552 709 qui
2587 639 2642 694 in
2689 640 2786 695 tali
2833 651 2977 697 statu
3016 642 3180 696 talem
3216 657 3437 698 sensum
3475 650 3530 697 et
3564 657 3725 696 usum

2144 730 2198 786 in
2240 730 2357 788 suis
2396 731 2666 802 religiosis
2709 734 2907 788 studiis
2939 733 3166 805 adeptus
3195 742 3300 798 est,
3361 736 3406 788 is
3442 748 3567 788 vere
3602 742 3727 788 ante

2143 835 2492 877 communem
2558 823 2825 878 omnium‘
2869 824 3331 879 resurrectionem
3395 823 3509 892 jam
3580 838 3726 879 nunc

2143 913 2310 984 229
2343 915 2696 983 incorruptus
2733 917 3053 971 resurrexit.
3108 913 3233 970 Pari
3267 913 3433 970 modo
3469 914 3633 970 etiam
3669 915 3724 969 in

2142 1005 2399 1061 melodiis
2429 1015 2486 1062 et
2517 1008 2748 1063 canticis
2778 1016 3012 1063 utemur.
3057 1007 3193 1063 Nam
3239 1008 3333 1079 qui
3378 1023 3505 1063 vere
3552 1007 3721 1061 Deum

2139 1098 2394 1168 diligunt,
2436 1114 2501 1155 ex
2533 1098 2954 1172 quibuseunque
2998 1117 3095 1157 seu
3143 1101 3316 1156 sacris
3346 1115 3443 1156 seu
3479 1099 3723 1170 profanis

2140 1190 2492 1246 cantionibus
2535 1190 2602 1245 ad
2636 1191 2968 1249 hilaritatem
2998 1201 3053 1249 et
3083 1193 3327 1248 divinum
3372 1206 3614 1248 amorem
3644 1193 3723 1246 la-

2139 1295 2466 1351 crymasque
2495 1280 2809 1337 excitantur
2855 1293 2910 1339 et
2954 1291 3390 1338 commoventur.
3440 1282 3543 1348 Qui
3590 1297 3722 1336 vero

2138 1372 2510 1441 voluptatibus
2553 1372 2885 1442 capiuntur,
2943 1374 3129 1428 omnia
3184 1373 3288 1427 alia
3340 1375 3713 1444 experiuntur.

2138 1465 2393 1530 Quidam,
2442 1464 2516 1519 uti
2552 1481 2715 1536 supra
2759 1467 3023 1528 diximus.
3054 1468 3147 1536 Qui
3192 1467 3244 1521 in
3287 1467 3419 1522 solis
3446 1467 3608 1527 locis,
3660 1477 3718 1520 nt

2139 1554 2504 1619 anachoreta,
2551 1553 2776 1624 degunt,
2826 1556 2999 1609 multo
3041 1560 3261 1627 gravius
3292 1559 3596 1627 impugnari
3630 1573 3717 1610 so-

2137 1645 2249 1701 lent
2282 1665 2293 1699 :
2327 1661 2427 1701 nec
2456 1648 2508 1699 id
2531 1662 2557 1702 s
2576 1662 2663 1703 sne
2683 1648 2882 1701 mirum
2900 1648 3072 1703 videri
3101 1648 3291 1703 debet:
3322 1648 3493 1702 multo
3517 1648 3715 1716 quippe

2137 1736 2312 1808 magis
2348 1738 2627 1796 daemmtcs
2656 1740 3010 1795 solitudinem
3056 1738 3344 1804 infestant,
3395 1754 3427 1795 a
3481 1737 3713 1792 Domino

446 1820 557 1883 τοῖς
587 1824 867 1891 κοσμικοίς
888 1823 1393 1895 συναπομείνωμεν.
1420 1823 1597 1881 Ὅπου
1623 1826 2018 1900 πολεμούμεθα,

2137 1845 2201 1883 ex
2257 1829 2538 1884 hominum
2597 1831 2923 1901 corporibus
2980 1841 3035 1887 et
3088 1831 3310 1887 sedibus
3364 1832 3430 1886 ad
3479 1833 3710 1887 salutem

445 1911 562 1964 itte!
594 1911 809 1978 πάντως
836 1914 915 1985 τῷ
937 1914 1117 1986 ὲχθρῶ
1143 1915 1397 1987 χαλεπῷς
1410 1917 1779 1991 πολεμοῦμεν.
1802 1921 1895 1992 Μὴ
1928 1939 2029 1974 πο-

444 2004 908 2077 λεμούμενοςγὰρ
936 2008 994 2074 ἐξ
1027 2008 1205 2080 ἡμῶν,
1258 2009 1411 2079 φίλος
1456 2010 1671 2082 ὲχθρῶν
1717 2012 1812 2066 καὶ
1866 2013 2031 2076 αὐτὸς

445 2095 779 2167 εὑρίσκεται.
811 2099 1134 2170 Σκεπόμεθα
1172 2104 1239 2172 τῇ
1287 2103 1433 2174 χειρὶ
1468 2102 1565 2156 τοῦ
1610 2105 1815 2175 Κυρίου
1844 2107 1902 2157 ἐν
1949 2104 2029 2174 τῷ

446 2189 634 2258 κόσμῳ
673 2188 816 2243 κατά
857 2207 975 2243 τινα
1023 2192 1215 2262 χρείαν
1268 2193 1566 2261 διάγοντες.
1601 2195 1730 2256 ἴσως
1769 2192 1829 2259 ἐξ
1861 2194 2027 2264 εὐχῆς

445 2281 539 2334 τοῦ
570 2283 776 2350 πατρὸς
800 2284 1083 2347 πολλάκις,
1125 2286 1212 2338 ἵνα
1248 2285 1324 2356 μὴ
1355 2286 1450 2339 καὶ
1473 2288 1503 2339 6
1542 2286 1750 2356 Κύριος
1777 2287 2022 2357 βλασφη-

446 2374 592 2446 μηθῇ
626 2374 692 2428 δι’
724 2378 891 2446 ἡμᾶς’
926 2378 1042 2430 ἐστι
1073 2377 1133 2431 δὲ
1186 2377 1274 2431 ὅτε
1310 2378 1406 2431 καὶ
1436 2378 1497 2443 ἐξ
1532 2378 1885 2448 ἀναλγησίας,
1926 2379 2020 2433 καὶ

442 2470 537 2525 τοῦ
572 2473 629 2525 ιν
658 2471 825 2544 πολλῇ
856 2475 1040 2546 πείρᾳ,
1071 2475 1167 2530 καὶ
1193 2475 1362 2545 κόρῳ,
1412 2476 1521 2528 τῶν
1570 2476 1878 2547 θεωμένων,
1927 2477 2020 2530 καὶ

442 2560 791 2633 λαλουμένων
822 2564 1201 2636 προϋπάρχειν
1222 2582 1234 2595 ·
1260 2566 1293 2636 ἢ
1324 2567 1417 2620 καὶ
1452 2566 1560 2620 τῶν
1589 2566 1859 2637 δαιμόνων
1890 2568 2023 2621 ὑπο-

442 2651 761 2723 χωρούντων
789 2656 1069 2721 ἑκουσίως,
1090 2658 1185 2710 καὶ
1210 2660 1731 2728 καταλιμπανόντων
1782 2660 1910 2730 ἡμῖν
1932 2659 2024 2727 τὸν

440 2746 536 2816 τῆς
556 2748 784 2819 οἰήσεως
804 2749 1033 2819 δαίμονα
1051 2749 1141 2803 τὸν
1160 2751 1219 2804 τό
1229 2769 1322 2804 πον
1341 2753 1556 2806 πάντων
1578 2752 1794 2821 ἀναπλη
1804 2750 2018 2819 ροῦντχ.

439 2836 736 2893 Ἀκούσατε
752 2840 845 2894 τοῦ
864 2841 1179 2907 ἀπατεῶνος
1194 2841 1384 2896 τούτου
1406 2843 1652 2914 μηχανὴν
1669 2844 1761 2896 καὶ
1781 2859 2020 2913 πανουρ--

437 2933 582 3001 τίαν,
648 2935 849 3001 πάντες
893 2939 947 2991 οἱ
991 2938 1215 3008 ἁγνείαν
1253 2938 1505 3003 ὲξασκεῖν
1551 2938 2003 3011 προαιρούμενοι,

440 3025 536 3078 καὶ
560 3026 886 3095 φυλάξασθε.

2132 1912 2376 1978 nostram
2411 1924 2729 1993 proscripti,
2774 1934 2829 1979 et
2870 1925 2923 1980 in
2960 1940 3205 1980 eremum
3240 1934 3329 1979 aut
3378 1925 3580 1980 inferos
3611 1924 3707 1978 dt:-

2129 2015 2288 2071 trusi.
2324 2015 2576 2072 Graviter
2609 2024 2928 2087 oppugnant
2994 2017 3351 2072 anachoretas
3408 2017 3709 2086 prtrscrtitn

2129 2108 2359 2161 luxnria!
2406 2108 2658 2177 spiritus,
2712 2116 2772 2162 ut
2802 2107 3046 2163 infelices
3092 2108 3330 2181 religiosi
3364 2110 3573 2163 nullum
3606 2109 3707 2164 sibi

2125 2199 2364 2255 fructum
2403 2215 2468 2254 ex
2519 2204 2699 2271 quieta
2730 2200 2836 2255 vita
2869 2203 3148 2271 percipere
3182 2202 3487 2265 videantur,
3557 2204 3707 2256 iude-

2129 2308 2235 2358 que
2272 2309 2493 2349 rursum
2524 2295 2591 2349 ad
2619 2294 2908 2349 hominum
2936 2296 3126 2349 turbas
3151 2306 3203 2349 et
3232 2295 3494 2350 mundum
3525 2296 3705 2364 expel-

2128 2387 2331 2443 lantur.
2380 2386 2510 2442 Dein
2540 2387 2805 2443 recedunt
2833 2405 2863 2441 a
2890 2388 3049 2442 nobis
3074 2388 3203 2442 dum
3240 2389 3292 2442 in
3322 2389 3523 2444 sreculo
3553 2390 3706 2460 degi-

2132 2493 2277 2543 mus,
2308 2488 2368 2532 ut
2395 2494 2425 2532 a
2457 2478 2757 2535 tentatione
2787 2479 2943 2534 liberi
2988 2480 3131 2550 apud
3161 2480 3454 2536 stectrlarrs
3488 2497 3708 2535 manea-

2130 2585 2273 2626 mus.
2293 2569 2522 2635 Quando
2544 2571 2613 2626 ah
2631 2570 2787 2625 hoste
2807 2585 3204 2640 oppugnantur,
3232 2574 3457 2627 omnino
3512 2575 3708 2627 acriter

2130 2671 2185 2716 et.
2212 2660 2559 2716 vehementer
2584 2676 2707 2715 eum
2758 2662 2851 2717 illo
2883 2660 3249 2733 conﬂigimus.
3285 2663 3608 2733 Quicunque
3640 2682 3702 2719 ex

2132 2756 2293 2811 nobis
2351 2772 2458 2810 non
2512 2766 2876 2826 oppugnatur,
2935 2755 3048 2826 jam
3106 2758 3531 2827 deprehenditur
3580 2775 3703 2813 cum

2129 2847 2286 2903 hoste
2316 2847 2462 2902 velut
2493 2849 2673 2904 amico
2717 2847 3029 2918 coniurare.
3078 2846 3309 2914 Quando
3353 2851 3493 2905 inter
3535 2866 3706 2906 smoo-

2128 2940 2272 2994 lares
2298 2939 2533 3008 alicujus
2561 2939 2764 3007 negotii
2802 2938 3127 2995 conficiendi
3176 2955 3339 2996 causa
3386 2943 3535 2998 missi
3589 2957 3705 2995 ver-

2131 3040 2340 3092 samur,
2382 3036 2495 3081 tuttt
2535 3025 2746 3081 Domini
2787 3042 2950 3082 manu
2985 3041 3037 3084 et
3074 3032 3246 3101 gratia
3277 3031 3531 3101 tegimur,
3565 3045 3706 3100 saepe

444 3121 613 3177 etiam
685 3122 921 3181 fortasse
955 3130 1210 3195 precibus
1250 3126 1494 3196 religiosi
1538 3125 1714 3183 Patris
1755 3124 1965 3193 nostri,
2003 3141 2071 3180 ne
2111 3122 2375 3180 Dominus
2406 3122 2817 3193 blaspltemetur
2855 3134 3076 3195 propter
3136 3141 3255 3181 nos.
3307 3123 3399 3180 Esi
3439 3142 3562 3180 eunt
3597 3141 3701 3178 non

436 3228 720 3278 tentamur
744 3221 888 3279 inter
920 3224 1133 3289 turbas,
1165 3227 1312 3295 quod
1338 3227 1475 3296 jam,
1506 3225 1665 3295 quasi
1708 3223 2019 3290 insensiles,
2054 3221 2260 3279 callum
2305 3219 2721 3285 obduxerimus,
2750 3228 2843 3274 aut
2897 3235 2962 3274 ex
3025 3221 3185 3290 longo
3218 3236 3317 3275 usu
3360 3228 3413 3274 et
3454 3220 3704 3276 satietate

434 3327 619 3368 rerum
657 3314 739 3370 vel
775 3325 1141 3386 spectatarum
1180 3316 1264 3372 vel
1306 3318 1617 3375 auditarum
1652 3319 1729 3373 nil
1766 3332 2053 3373 movemur
2096 3316 2355 3386 amplius,
2395 3322 2490 3369 aut
2536 3315 2683 3383 quod
2732 3312 3112 3369 recedentibus
3162 3314 3325 3386 230
3374 3315 3494 3369 aliis
3548 3313 3705 3369 malis

436 3411 610 3479 geniis
638 3411 947 3483 relinquant
977 3413 1138 3471 nobis
1173 3431 1342 3471 unum
1377 3414 1631 3472 elationis
1678 3424 1733 3470 et
1761 3415 2034 3484 superbire
2066 3412 2343 3483 spiritum,
2372 3412 2465 3482 qui
2510 3411 2742 3465 aliorunt
2810 3410 3059 3466 omnium
3097 3421 3277 3481 partes
3319 3412 3553 3481 expleat.
3589 3413 3702 3464 Au-

433 3503 548 3559 dite
589 3514 859 3575 quptquot
908 3506 1041 3562 estis
1089 3507 1293 3577 quibus
1339 3508 1668 3563 castimonia
1714 3509 1864 3563 cordi
1909 3518 2016 3570 est,
2059 3518 2337 3575 quamque
2384 3517 2642 3558 exercere
2688 3512 2742 3558 et
2788 3502 2930 3559 tueri
2981 3503 3259 3560 conamini
3299 3524 3311 3561 :
3372 3506 3575 3568 audite,
3617 3506 3699 3559 in-

434 3612 621 3671 quam,
661 3599 983 3655 veteratoris
1025 3598 1191 3669 huius
1231 3600 1533 3673 improbam
1566 3609 1740 3657 artem
1768 3608 1822 3656 et
1849 3598 2149 3664 malitiam;
2199 3596 2293 3651 sed
2338 3604 2394 3651 et
2438 3605 2647 3651 cavete.

504 3690 815 3762 Διηγήσατό
849 3692 941 3763 μοί
968 3708 1053 3755 τις
1087 3691 1197 3747 τῶν
1231 3694 1291 3746 ἐν
1338 3693 1502 3763 πείρα
1540 3691 1635 3747 τοῦ
1666 3688 1819 3747 δόλου
1856 3708 2018 3762 γεγο-

2195 3684 2462 3758 Exposuit
2495 3685 2629 3742 mihi
2668 3684 2890 3756 quidam
2938 3700 3003 3741 ex
3043 3686 3109 3741 iis
3139 3686 3231 3757 qui
3266 3688 3699 3759 experimentum

429 3784 623 3851 νότων,
651 3784 727 3849 ὡς
766 3783 1091 3850 πλειστάκις
1122 3787 1151 3840 6
1183 3784 1293 3840 τῶν
1333 3785 1601 3857 σωμάτων
1633 3785 1844 3857 δαίμων
1883 3785 2016 3839 ὐπο-

434 3877 642 3933 στέλλει
692 3878 889 3934 ἑαυτὸν
938 3879 1019 3942 εἰς
1069 3876 1241 3943 τέλος,
1279 3877 1564 3932 εὐλάϐειαν
1604 3878 1914 3949 ἀκροτάτην
1937 3874 2014 3947 τῷ

432 3971 654 4045 μοναχῷ
680 3972 1191 4045 ὐποτιθέμενος,καὶ
1217 3972 1469 4045 δακρύων
1499 3971 1629 4035 ἴσως
1658 3971 1840 4043 πηγὴν
1871 3970 2014 4025 κατὰ

427 4062 521 4117 τὸν
545 4062 739 4134 καιρὸν
768 4064 933 4135 ἡνίκα
961 4061 1180 4131 γυναιξὶ
1219 4061 1583 4133 συγκαθηται,
1625 4062 1658 4132 ἢ
1699 4061 2011 4132 διαλέγεται

429 4155 558 4228 περὶ
593 4157 811 4227 μνήμης
842 4173 901 4209 τε
937 4155 1191 4218 θανάτου,
1233 4154 1327 4208 καὶ
1365 4155 1629 4225 κρίσεως,
1666 4156 1757 4208 καὶ
1795 4171 2010 4226 stuppa.

429 4248 618 4319 σύνης,
648 4244 814 4301 αὐτὸν
856 4247 1061 4311 ταύτας
1110 4246 1384 4301 νουθετεῖν
1421 4246 1761 4310 ὑποδάλὶων,
1806 4247 1894 4301 ἵνα
1925 4245 2013 4300 διὰ

426 4342 522 4393 τοῦ
549 4339 730 4411 λόγου.
767 4341 866 4394 καὶ
899 4338 999 4411 τῆς
1039 4336 1375 4393 ἑπιπλάστου
1413 4337 1699 4403 εὐλαϐείας
1742 4336 2013 4410 προσδρά-

430 4448 608 4505 μωσιν
630 4431 707 4497 ὡς
729 4430 952 4503 ποιμένι
974 4430 1055 4503 τῷ
1085 4430 1235 4502 λύκῳ
1264 4432 1319 4485 αἱ
1345 4430 1547 4495 ἄθλιαι,
1578 4430 1671 4484 καὶ
1702 4429 2008 4500 συνηθείας,

425 4526 525 4581 καὶ
555 4526 872 4600 παρρησίας
913 4524 1103 4579 λοιπὸν
1144 4525 1471 4596 γενομένης,
1502 4523 1624 4578 τότε
1665 4523 1725 4577 τὸ
1756 4521 1956 4595 πτῶμα
1982 4523 2012 4576 6

428 4617 724 4682 πανάθλιος
771 4617 1160 4688 ὑποστήσετςιι.
1212 4615 1510 4684 Φεύγοντες
1569 4614 1864 4686 φεύγωμεν
1914 4612 2009 4667 τοῦ

430 4709 506 4784 μὴ
533 4711 753 4783 βλέπειν
791 4710 942 4781 (56),
992 4707 1129 4781 μηδὲ
1174 4707 1395 4765 ἀκούειν
1427 4705 1642 4779 καρποῦ
1680 4701 1742 4761 οὗ
1777 4706 1852 4777 μὴ
1883 4706 2010 4777 γεύ-

428 4801 809 4859 σασθαιλοιπὺν
828 4801 1260 4875 σννεταξὰμεθα.
1295 4801 1572 4871 Θαυμάζω
1598 4800 1706 4871 γὰρ
1737 4799 1863 4872 [ὅτι]
1914 4798 2008 4853 τοῦ

429 4894 593 4952 Δανῖδ
628 4896 726 4950 τοῦ
773 4897 1056 4967 προφήτου
1080 4893 1470 4965 ἰσχυροτέρους
1522 4893 1748 4956 ἑαυτοὺς
1799 4890 2009 4957 λυγιζό-

427 4988 586 5061 μεθα,
640 4989 779 5061 ὅπερ
821 4988 1126 5059 ἀμήχανον,
1164 4985 1351 5050 υετως
1399 4984 1600 5056 ὑψηλὸν
1636 4987 1725 5038 καὶ
1770 4983 1912 5054 μέγα
1950 4982 2008 5037 τὸ

2119 3774 2330 3831 fraudis
2367 3775 2533 3847 hujus
2575 3775 2814 3846 accepit,
2855 3777 3000 3846 quod
3048 3776 3282 3834 luxuria:
3327 3780 3552 3850 spiritus
3593 3782 3703 3836 fre-

2115 3868 2479 3938 quentissime
2517 3882 2576 3922 se
2621 3883 2716 3939 per
2758 3868 2988 3922 insidias
3028 3871 3094 3923 ad
3140 3868 3301 3926 linem
3344 3872 3524 3941 operis
3556 3874 3701 3944 quod

2115 3959 2435 4023 destinavit,
2468 3960 2761 4023 subducat,
2792 3961 3121 4031 interimque
3147 3967 3412 4021 monacho
3431 3982 3700 4022 summam

2116 4052 2397 4123 religionis
2430 4051 2681 4121 pietatem
2717 4063 2992 4125 suggerat,
3032 4056 3373 4128 subindeque
3424 4061 3475 4124 in_
3514 4061 3701 4133 lacty-

2115 4160 2234 4202 mas
2258 4146 2336 4200 ire
2356 4156 2532 4215 cogat,
2583 4160 2650 4200 eo
2678 4154 2921 4215 tempore
2972 4163 3083 4218 quo
3126 4163 3252 4204 cum
3296 4149 3512 4206 feminis
3564 4155 3701 4207 resi-

2118 4239 2228 4301 det,
2258 4248 2319 4293 ut
2356 4253 2481 4293 cum
2520 4237 2586 4293 iis
2639 4236 2707 4293 de
2740 4239 3180 4297 consideratione
3222 4243 3434 4307 mortis,
3484 4245 3697 4314 iudicii,

2118 4333 2491 4403 temperantiae
2521 4339 2739 4396 tractet,
2777 4346 2983 4403 easque
3014 4331 3081 4387 ad
3109 4348 3204 4388 eas
3242 4335 3473 4390 virtutes
3508 4349 3561 4389 et
3589 4355 3699 4391 tuo-

2113 4424 2408 4481 ditatioues
2440 4423 2707 4493 impellat.
2743 4433 2802 4479 ut
2829 4424 2903 4479 ita
2945 4440 3041 4494 per
3070 4425 3401 4498 colloquium
3435 4440 3491 4483 et
3531 4431 3695 4483 sintu-

2113 4518 2278 4573 latam
2324 4515 2579 4585 pietatem
2632 4518 2847 4573 miserm
2895 4517 3137 4588 deceptae
3194 4521 3260 4574 ad
3304 4520 3457 4574 illum
3513 4523 3697 4592 lupunt

2114 4619 2374 4682 tanquam
2419 4624 2611 4664 verum
2664 4618 2941 4679 pastorem
2994 4622 3307 4678 accurraut,
3362 4613 3453 4684 qui
3497 4618 3697 4670 settsittt

2114 4702 2246 4758 inita
2283 4718 2409 4757 eum
2441 4701 2551 4757 illis
2578 4700 2972 4767 tatniliaritate,
3021 4712 3075 4759 et
3103 4707 3295 4776 agendi
3334 4706 3696 4779 loquendique

2113 4795 2363 4851 libertate
2391 4793 2516 4850 inde
2542 4805 2689 4858 nata,
2721 4794 3135 4852 infelicissimus
3159 4798 3378 4853 demum
3406 4802 3460 4854 in
3484 4802 3697 4858 ruinam

2113 4902 2355 4959 prmct‘ps
2384 4898 2597 4961 agatur.
2638 4887 2775 4943 Tota
2813 4898 2996 4945 mente
3044 4890 3320 4961 fugiamus
3345 4936 3357 4957 ,
3404 4910 3579 4966 neque
3620 4898 3696 4952 vi-

2113 4980 2264 5045 dere,
2299 4994 2473 5050 neque
2520 4980 2709 5035 audire
2757 4981 3046 5051 cupiamus
3082 4983 3319 5041 fructum
3359 4989 3571 5043 arboris
3618 4990 3698 5044 iu-

422 5084 519 5151 τῆς
540 5081 764 5150 ἁγνείας
794 5080 1091 5151 ἐγκώμιον,
1127 5080 1202 5144 ὡς
1232 5079 1499 5151 τολμῆσαί
1528 5097 1677 5142 τινας
1700 5080 1807 5133 τῶν
1832 5079 2005 5132 Ιιτστέ-

2125 5069 2310 5135 felicis,
2338 5086 2496 5141 quem
2524 5070 2578 5125 in
2625 5087 2845 5127 omnem
2882 5075 3048 5128 vitam
3086 5093 3369 5146 nunquam
3400 5095 3496 5134 nos
3524 5090 3691 5150 gusta-

425 5191 532 5245 ρων
574 5175 843 5229 ἀπάθειαν
902 5172 1073 5246 αὐτὴν
1118 5172 1579 5245 προσαγορεῦσαι.
1624 5174 1782 5237 Τινές
1838 5191 2003 5243 φασιν

421 5268 705 5340 ἀμήχανον
733 5267 921 5321 λοιπὸν
950 5266 1089 5338 μετὰ
1128 5265 1318 5334 γεῦσιν
1351 5267 1648 5337 ἁμαρτίας,
1691 5267 1856 5334 ἁγνὸν
1884 5266 1997 5318 ὀνο⁹

428 5356 716 5429 πλάζεσθαι.
768 5355 909 5424 Ἐγὼ
940 5357 996 5409 δὲ
1034 5356 1231 5418 αὐτοὺς
1257 5355 1581 5424 ἀνατρέπων
1608 5354 1842 5422 Ξςαςκον
1869 5370 1878 5380 ’
1908 5355 1997 5406 δυ-

423 5447 583 5503 νατὸν
614 5448 711 5502 καὶ
738 5448 920 5519 ῥᾴδιον
951 5448 1031 5520 τῷ
1058 5447 1371 5517 βουλομένῳ
1399 5446 1711 5518 ἀγριέλαιλν
1755 5450 1833 5508 είς
1878 5446 1999 5500 xx).-

421 5536 657 5594 ὶιέλαιον
705 5542 1171 5611 μετεγκεντρίσαι.
1218 5540 1282 5593 Et
1328 5540 1425 5609 μὲν
1472 5537 1727 5609 παρθένῳ
1769 5538 1847 5610 τῷ
1893 5539 1999 5592 σώε-

426 5650 556 5701 ματι
594 5633 705 5701 (57)
756 5636 807 5685 ai
857 5634 998 5697 afui;
1028 5634 1134 5686 τῶν
1172 5633 1283 5686 ἄνω
1340 5629 1774 5696 ἐπιστεύθησαν,
1819 5632 2001 5687 δίκαια

425 5724 554 5790 ἴσως
580 5726 631 5779 οἱ
673 5724 1060 5797 προλεχθέδτες
1108 5725 1490 5795 ἐδογξιάτιςον·
1553 5724 1854 5796 αἰσχυνὲτω
1899 5726 2000 5780 αύ-

2111 5173 2268 5219 turos
2300 5166 2528 5234 professi
2552 5180 2763 5221 sumus.
2786 5164 3032 5221 Demiror
3050 5169 3196 5222 enim
3224 5171 3344 5224 illos
3370 5191 3382 5236 ;
3410 5189 3465 5225 se
3496 5172 3695 5226 Davide

2104 5254 2366 5325 propheta
2425 5254 2676 5309 fortiores
2731 5255 3045 5311 existimant
3085 5256 3264 5329 [quod
3333 5277 3431 5314 nos
3494 5260 3694 5318 Davide

2107 5346 2365 5402 fortiores
2404 5347 2837 5421 existimemus],
2885 5351 3026 5419 quod
3058 5352 3168 5405 heri
3199 5370 3302 5405 tton
3340 5364 3532 5421 potest.
3560 5355 3691 5413 Tant

2109 5441 2553 5507 alttuu,sublimc
2586 5450 2640 5494 et
2683 5442 2863 5497 nobile
2889 5453 2943 5497 et
2977 5446 3315 5499 encotnieum
3353 5457 3405 5499 ιι
3439 5448 3557 5502 laus
3597 5466 3691 5504 ca-

2109 5536 2314 5590 stitatis
2342 5543 2447 5598 est,
2507 5544 2565 5587 ιιι
2596 5542 2706 5587 sunt
2743 5551 2804 5588 ex
2857 5535 3112 5591 Pan-ibus
3141 5540 3232 5608 qni
3271 5541 3414 5594 illam
3461 5546 3691 5599 audeant

2111 5630 2322 5686 beatam
2359 5647 2421 5684 ae
2454 5630 2602 5684 omni
2645 5629 2776 5683 vitio
2824 5644 3097 5688 carentem
3134 5636 3298 5691 animi
3334 5642 3689 5711 corporisque

2110 5730 2558 5802 tranquillitatem
2601 5730 2897 5802 appellare.
2951 5732 3090 5789 Sunt
3141 5736 3231 5807 qui
3275 5737 3458 5795 dicant
3512 5739 3685 5800 ncmi~
