4076 6202
385 322 492 385 809

1654 316 1714 376 S.
1740 313 2061 376 JOANNIS
2087 311 2397 373 CLIMACI

3549 306 3653 369 900

388 435 546 492 beata
585 433 675 490 illa
702 432 1022 505 simplicitas
1051 433 1246 489 thorax
1276 448 1388 503 quo
1418 433 1658 491 hostium
1686 435 1794 490 doli
1853 436 1970 490 etu-

2098 433 2162 487 λὸν
2192 433 2295 503 τῆς
2327 428 2499 500 πηλοῦ
2533 429 2763 500 σύζυγον
2805 428 3037 500 δαίμονα
3083 431 3505 500 ἀγωνισάμενοι,
3533 429 3654 485 τοῦ·

391 526 618 584 duntur.
677 524 832 582 Mala:
871 527 954 582 ha:
992 526 1337 596 voluptatum
1396 527 1725 596 cupiditates
1775 529 1969 597 partim

396 618 544 675 intus
574 618 626 673 in
657 619 845 674 animo
872 628 1020 675 nata:
1049 618 1102 672 in
1139 632 1339 688 corpus
1360 626 1654 688 erumpunt
1685 637 1698 672 :
1726 619 1973 688 quaedam

391 718 581 766 contra
619 726 650 766 e
688 724 920 780 corpore
970 710 1038 765 ad
1089 710 1333 764 animum
1369 718 1672 765 transeunt.
1703 709 1774 765 lis
1799 710 1893 779 qui
1921 711 1975 765 in

392 801 593 857 smeulo
630 799 835 872 degunt
868 799 1099 856 alterum
1138 798 1279 855 solet
1316 815 1417 856 usu
1445 799 1673 864 venire;
1709 800 1978 870 religiosis

395 894 654 963 primum,
698 893 922 963 quodin
954 892 1040 949 his
1069 892 1213 947 absit
1248 892 1471 947 materia
1506 892 1690 964 (quam
1736 907 1980 963 prasen-

397 998 501 1040 tem
536 987 740 1041 habent
781 986 1031 1041 homines
1066 983 1325 1056 profani).
1361 984 1436 1040 De
1460 986 1568 1039 hoc
1594 986 1727 1040 illud
1757 1001 1976 1043 censeo.

394 1079 557 1151 235
594 1080 817 1145 qucres
868 1079 1011 1149 apud
1060 1077 1341 1149 improbos
1395 1093 1619 1133 sensum
1654 1080 1977 1149 prudentiae,

396 1190 495 1228 nec
526 1173 789 1228 invenies.
822 1171 1054 1238 Quando
1081 1172 1174 1226 diu
1200 1172 1540 1242 multumque
1576 1188 1700 1226 eum
1733 1173 1982 1228 daemone

397 1282 634 1322 (minusue
667 1268 847 1320 carnis
878 1265 1030 1320 socio
1060 1265 1269 1331 luctati,
1298 1265 1446 1320 hunc
1467 1265 1686 1319 demum
1714 1280 1781 1319 ex
1816 1265 1983 1320 corde

400 1373 588 1415 nostro
613 1358 882 1427 lapidibus
900 1357 1120 1428 jejunii,
1149 1366 1202 1413 et
1234 1357 1414 1427 gladio
1439 1357 1762 1412 humilitatis
1781 1367 1982 1412 tortum

399 1452 746 1523 ejecerimus,
772 1458 905 1505 tunc
932 1449 1114 1506 infelix
1142 1450 1230 1503 ilie
1255 1459 1513 1518 tanquam
1547 1449 1751 1504 vermis
1781 1448 1834 1502 in
1867 1465 1985 1505 cor-

400 1560 534 1617 pore
564 1554 754 1600 uestro
785 1543 1034 1600 residens
1074 1556 1175 1599 nos
1208 1543 1274 1597 ael
1329 1542 1676 1612 importunus
1696 1544 1981 1614 quosdam,

401 1645 456 1692 et
499 1636 699 1691 rationi
750 1634 1062 1691 contrarios
1090 1641 1274 1691 motus
1322 1635 1644 1705 prorilando
1697 1636 1987 1707 inquinare

400 1742 652 1791 conatur.
700 1732 851 1800 Quod
886 1732 922 1787 ii
960 1731 1310 1802 potissimum
1342 1728 1722 1799 experiuntur,
1753 1726 1847 1798 qui
1886 1740 1986 1783 va-

2079 543 2172 581 τον
2192 524 2257 578 εκ
2279 524 2378 594 τῆς
2403 522 2675 595 ἡμετέρας
2707 521 2932 593 καρδίας
2960 520 3047 576 διά
3073 521 3239 575 λίθων
3264 520 3538 590 νηστείας,
3566 523 3659 575 καὶ

2083 617 2271 687 ξίφους
2296 614 2677 678 ταπεινώσεως
2709 613 3100 685 βασανίσαντες
3138 613 3502 683 ὲξελάσωμεν,
3538 613 3659 666 τότε

2082 711 2266 764 λοιπὸν
2305 711 2363 763 ὲν
2392 707 2469 779 τῷ
2496 706 2711 778 σώματι
2758 707 2948 774 ὥσπερ
2977 704 3195 778 σκώληξ
3233 723 3315 768 τις
3349 705 3661 774 ἐγκαθήμε-

2083 820 2174 862 νος
2220 803 2300 866 εἰς
2348 800 2576 869 ἀλόγους
2622 798 2771 861 τινάς
2807 799 3049 869 κινήσεις
3090 797 3186 851 καὶ
3221 797 3482 867 ἀκαίρους
3514 795 3660 865 ἡμᾶς

2084 893 2431 965 γαργαλίζων
2463 893 2493 948 δ
2527 889 2759 953 δείλαιος
2792 889 3042 961 μολύνειν
3087 887 3358 960 βιάζεται.
3392 889 3563 941 Τοῦτο
3605 887 3661 940 δὲ

2087 986 2325 1058 μάλιστα
2358 983 2590 1054 πάσχειν
2613 981 2839 1036 εἰώθασι
2880 982 2931 1034 oi
2963 980 3042 1052 τῷ
3073 980 3174 1053 τῆς
3211 981 3516 1045 κενοδοξίας
3548 979 3663 1033 δαίο

2089 1095 2213 1150 μονι
2259 1075 2594 1146 πειθόμενοι,
2625 1072 2756 1127 διότι
2801 1073 2861 1127 ἑν
2891 1074 3090 1146 καρδίᾳ
3136 1074 3332 1144 μηκέτι
3368 1073 3664 1142 λογισμοὺς

2087 1166 2379 1239 πορνικοὺς
2421 1166 2658 1235 συνεχῶς
2686 1164 3048 1237 λογιζόμενοι,
3081 1166 3148 1236 τῇ
3181 1163 3460 1235 κενοδοξία
3499 1180 3669 1234 προσ-

2088 1256 2374 1312 επέλασεν.
2400 1256 2510 1309 Καὶ
2534 1255 2700 1309 ὅτιτὸ
2717 1256 3012 1328 εἰρημένον
3033 1255 3283 1326 ἀψευδὲς,
3312 1256 3516 1309 ὁπόταν
3539 1257 3667 1328 ἡσυ-

2088 1346 2214 1417 χίας
2278 1344 2424 1410 τινος
2482 1340 2631 1401 οὗτοι
2680 1344 3066 1411 ἐπιλάϐωνται,
3116 1345 3383 1416 νουνεχῶς
3439 1347 3668 1410 ἑαυτοὺς

2089 1439 2560 1510 ἀνακρινάτωσαν·
2607 1441 2704 1492 καὶ
2759 1438 2979 1502 πάντως
3031 1439 3348 1510 εὑρίσκουσι
3408 1438 3669 1510 λογισμόν

2090 1546 2216 1584 τινα
2243 1529 2384 1584 κατὰ
2421 1528 2619 1601 βάθους
2657 1531 2756 1602 τῆς
2798 1531 3023 1602 καρδίας
3077 1531 3279 1595 αὐτῶν,
3323 1529 3515 1602 ὥσπερ
3548 1532 3672 1584 τινά

2091 1620 2216 1689 ὅφιν
2245 1619 2303 1672 ὲν
2332 1619 2524 1691 κόπρῳ
2550 1620 2950 1692 κρυπτόμενον,
2976 1618 3070 1674 καὶ
3108 1618 3167 1684 ἐξ
3199 1619 3406 1683 οἰκείας
3436 1619 3672 1687 σπουδῆς

2095 1710 2188 1764 καὶ
2214 1709 2523 1781 προθυμίας
2552 1708 2616 1762 τὸ
2651 1710 2985 1782 κατόρθωμα
3014 1711 3075 1764 τὸ
3099 1712 3196 1781 τῆς
3235 1710 3535 1781 καρδιακῆς
3573 1727 3671 1763 που

401 1846 485 1884 na:
507 1829 690 1902 gloria:
718 1827 953 1882 daemoni
996 1825 1372 1896 obsequuntur
1403 1841 1415 1877 :
1445 1823 1579 1877 dum
1617 1821 1764 1876 enim
1804 1834 1990 1876 secum

2098 1799 2205 1865 σῶς
2236 1801 2458 1869 ἁγνείας
2497 1799 2916 1872 κατορθωκότας
2946 1799 3045 1873 [σε.
3082 1800 3515 1871 κατορθωκέναι]
3546 1801 3676 1853 ὑπο-

402 1922 622 1979 assiduc
650 1928 928 1991 reputant,
955 1934 1013 1974 se
1046 1917 1114 1972 ab
1151 1916 1381 1987 impuris
1408 1914 1590 1970 cordis
1642 1912 1987 1982 cegitationi-

405 2017 514 2071 bus
540 2030 646 2071 non
679 2014 915 2085 amplius
957 2008 1227 2073 infestari,
1258 2008 1511 2064 incidunt
1537 2006 1593 2061 in
1629 2019 1831 2062 vanam
1872 2006 1991 2076 glo-

404 2108 562 2164 riam.
594 2105 661 2161 Et
687 2098 815 2177 quia
844 2114 1056 2162 certum
1090 2114 1197 2167 est,
1243 2099 1394 2171 quod
1439 2108 1526 2157 est
1554 2099 1760 2155 dictum
1796 2098 1899 2169 (a),
1936 2099 1992 2154 lii

404 2201 500 2273 qui
544 2197 784 2268 aliquam
828 2196 920 2266 (ab
972 2195 1207 2266 impuris
1258 2192 1707 2264 cOgitationibus)
1750 2191 1991 2262 quietem

406 2291 585 2364 adepti
618 2298 767 2356 sunt,
810 2303 870 2345 se
912 2286 1206 2358 diligenter
1254 2285 1558 2352 excutiant,
1592 2293 1647 2340 et
1676 2284 1795 2339 sine
1823 2281 1989 2338 dulii-

408 2385 617 2443 tatione
660 2379 1068 2453 deprehendent
1103 2378 1157 2432 in
1188 2376 1396 2431 intimis
1425 2375 1609 2431 cordis
1639 2374 1725 2430 sui
1771 2372 1996 2428 latebris

411 2486 673 2549 tanquam
708 2473 764 2529 in
799 2469 1145 2541 sterquilinio
1172 2469 1476 2523 latitantem
1507 2466 1744 2536 aliquem
1770 2479 1997 2535 serpen-

409 2579 520 2626 tem
547 2607 564 2638 ,
625 2566 719 2639 qui
759 2570 1016 2635 Suggcrat
1064 2558 1244 2627 nobis,
1298 2559 1446 2633 quod
1492 2567 1684 2615 nostro
1716 2556 1901 2613 studio
1943 2563 1998 2611 et

411 2663 599 2718 labore
618 2659 869 2715 virtutem
902 2654 1175 2712 castitatis
1205 2664 1258 2708 et
1296 2652 1515 2723 qualem
1548 2651 1770 2722 qualem
1809 2648 1998 2707 cordis

411 2751 735 2812 munditiem
768 2748 932 2805 nobis
989 2744 1493 2816 comparaverimus
1515 2782 1530 2810 ,
1573 2741 1761 2797 miseri
1815 2754 1917 2797 nos
1946 2747 2003 2796 et

413 2847 765 2902 immemores
800 2839 949 2895 illius
986 2835 1118 2892 dicti
1151 2853 1163 2889 :
1197 2833 1339 2901 Quid
1371 2833 1517 2888 enim
1547 2832 1704 2886 habes
1734 2833 2003 2902 quodnon

413 2938 581 3013 gratis
612 2935 729 2993 sive
757 2948 789 2989 a
823 2931 958 2998 Deo,
992 2931 1107 2986 sive
1145 2941 1243 2999 per
1281 2925 1549 2982 auxilium
1579 2936 1912 2995 operamque
1949 2931 2006 2979 et

413 3040 607 3102 preces
645 3024 881 3083 aliorum
918 3018 1211 3092 accepisti?
1239 3016 1381 3074 Dent
1406 3032 1537 3087 ergo
1575 3029 1798 3085 operam
1828 3023 1890 3070 ut
1924 3014 2005 3069 la-

413 3123 663 3176 titantem
711 3115 858 3171 bunc
903 3125 1139 3184 anguem
1195 3108 1348 3167 omni
1384 3107 1568 3163 studio
1604 3121 1698 3176 per
1728 3119 2003 3162 summam

416 3213 589 3270 animi
641 3206 1034 3266 demissionem
1091 3211 1390 3258 mactatum
1433 3215 1497 3256 ex
1563 3197 1730 3255 corde
1789 3197 2007 3270 penitus

417 3304 732 3366 excludant,
765 3306 829 3356 ut
858 3297 929 3355 ab
974 3296 1068 3352 illo
1096 3293 1314 3351 liberati
1357 3292 1594 3363 possint,
1634 3298 1690 3346 et
1717 3290 1824 3360 ipsi
1876 3289 2006 3347 olim

418 3397 677 3469 pelliceas
730 3388 948 3446 tunicas
993 3386 1297 3443 exnticum
1340 3381 1496 3453 puris
1547 3379 1655 3436 illis
1700 3378 2009 3436 infantibus

422 3486 655 3565 [pueris]
704 3481 1096 3553 triumphalem
1151 3475 1421 3534 castitatis
1472 3474 1738 3546 hymnum
1779 3469 2010 3527 Domino

421 3561 731 3641 decantare.
786 3574 843 3631 Si
873 3584 1052 3628 tamen
1076 3570 1248 3642 pelles
1270 3567 1443 3634 exuti,
1476 3580 1583 3620 non
1613 3563 1745 3626 nudi
1768 3561 2010 3628 interim,

423 3678 518 3734 sed
559 3674 682 3731 tecti
725 3672 943 3727 illorum
977 3665 1145 3740 336
1176 3660 1515 3725 innocentia,
1549 3667 1604 3714 et
1636 3654 1879 3712 naturali
1911 3654 2013 3711 hu-

424 3766 657 3823 militate
700 3759 1064 3831 reperientur.
1110 3755 1434 3823 Aucupatur
1484 3748 1571 3803 hic
1605 3749 1722 3817 ipse
1774 3745 2010 3811 daemon,

423 3869 482 3914 et
502 3857 661 3928 longe
685 3854 961 3910 curiosius
984 3863 1148 3920 quam
1171 3858 1366 3901 omnes
1389 3842 1502 3907 alii,
1528 3851 1773 3910 tempora
1794 3837 1884 3893 illa
1917 3853 2014 3906 po-

428 3952 700 4010 tissimum
723 3987 740 4014 ,
776 3946 980 4018 quibus
1014 3942 1089 3999 uti
1120 3936 1372 4011 corporis
1396 3949 1561 4006 opera
1594 3932 1663 3989 ad
1697 3946 1886 4004 preces
1900 3929 2017 3984 {uno

426 4046 633 4107 dendas
657 4043 922 4099 adversus
946 4051 1072 4094 eum
1094 4047 1204 4091 non
1236 4044 1554 4104 possumus,
1576 4034 1631 4083 et
1657 4033 1789 4080 tunc
1810 4022 2018 4094 impius

429 4139 520 4195 ille
576 4136 815 4192 maxime
883 4147 984 4188 nos
1042 4126 1268 4184 invadit.
1338 4118 1562 4191 Alioqui
1648 4116 1807 4173 valde
1861 4114 2019 4187 juvat

429 4247 551 4299 eos,
586 4230 679 4302 qui
708 4226 953 4283 nondum
987 4222 1055 4277 ad
1076 4232 1259 4275 veram
1285 4215 1469 4274 cordis
1511 4210 1817 4269 orationem
1864 4207 2018 4279 aspi-

431 4333 643 4388 rarunt,
686 4319 900 4377 vexatio
933 4312 1178 4386 corporis
1224 4311 1367 4366 inter
1411 4302 1768 4379 precandum,
1798 4312 2018 4365 manus,

2089 1890 2399 1961 τιθέμενον,
2437 1892 2513 1962 μὴ
2551 1888 2800 1953 νοοῦντες
2829 1891 2879 1944 oi
2910 1889 3139 1953 τάλανες
3177 1889 3257 1941 τό·
3297 1888 3355 1940 Τί
3377 1888 3486 1958 γὰρ
3512 1886 3677 1956 ἔχεις

2090 1985 2124 2041 δ
2155 1989 2267 2042 οὐκ
2290 1987 2508 2050 ἔλαϐες
2528 1984 2756 2054 δωρεὰν
2787 1983 2923 2057 (te),
2956 1985 2990 2057 ἦ
3026 1985 3090 2038 ὲκ
3121 1983 3279 2049 Θεοῦ,
3314 1985 3347 2053 ἢ
3377 1981 3434 2049 εξ
3476 1982 3678 2051 ἑτέρων

2094 2079 2388 2153 συνεργίας
2410 2078 2507 2132 καὶ
2536 2077 2737 2150 εὐχῆςς
2767 2075 3146 2132 Σκοπείτωσαν
3173 2076 3374 2141 τοίνυν,
3403 2075 3496 2128 καὶ
3526 2075 3676 2143 πάσῃ

2094 2173 2310 2245 σπουδῇ
2335 2172 2427 2226 τὸν
2457 2169 2858 2243 προειρημένον
2892 2170 3012 2241 ὅφιν
3057 2171 3159 2241 τῆς
3196 2169 3408 2224 ἑαυτῶν
3450 2168 3677 2239 καρδίας

2094 2269 2185 2324 διὰ
2205 2264 2709 2339 ταπεινοφροσύνης
2736 2263 2940 2333 πολλῆς
2961 2263 3333 2334 νεκρώσαντες
3355 2261 3682 2330 ἀποπεμπὲ-

2098 2363 2335 2427 σθωσαν,
2370 2361 2517 2423 ὅπως
2560 2356 2751 2413 τούτου
2790 2355 3353 2428 ἀπαηοτριωθέντες,
3407 2355 3680 2426 δυνήσων-

2098 2472 2190 2510 ται
2214 2455 2346 2517 ἴσως
2371 2451 2501 2505 ποτὲ
2525 2450 2619 2505 καὶ
2641 2442 2788 2503 οὗτοι
2808 2448 2936 2513 τοὺς
2959 2447 3014 2501 δε
3023 2465 3165 2519 ρματ
3175 2447 3314 2512 ίνους
3342 2447 3574 2518 χιτῶνας
3595 2449 3685 2502 ὲκ-

2099 2544 2386 2611 δύσασθαι,
2404 2542 2609 2598 καὶτὸν
2637 2541 2904 2597 ἐπινίκιον
2924 2537 3022 2611 τῆς
3055 2541 3299 2610 ἁγνείας,
3350 2541 3431 2604 εἷς
3463 2557 3593 2594 ποτε
3612 2541 3685 2596 τὰ

2101 2638 2241 2709 ἁγνά
2261 2638 2454 2710 νήπια,
2479 2633 2648 2706 ὕμνον
2669 2634 2748 2707 τῷ
2773 2632 2965 2705 Κυρίῳ
2992 2629 3140 2705 ᾆσαι·
3191 2633 3348 2703 εἴπερ
3382 2632 3685 2702 ἐκδυσάμε-

2101 2749 2184 2789 νοι
2203 2732 2267 2784 οὐ
2295 2732 2496 2802 γυμνοὶ
2519 2728 2619 2800 τῆς
2644 2727 2869 2782 ἐκείνων
2902 2726 3136 2791 ἀκακίας
3175 2728 3270 2781 καὶ
3297 2725 3687 2788 ταπεινώσεως

2103 2823 2344 2895 φυσικῆς
2375 2821 2784 2895 εὑρεθήσονται.
2821 2821 3105 2892 Ἐπιτηρεί
3132 2821 3226 2875 καὶ
3257 2820 3418 2883 αὐτὸς
3456 2814 3611 2884 οὗτος
3657 2821 3687 2872 ό

2104 2919 2334 2988 δαίμων,
2362 2917 2458 2971 καὶ
2492 2914 2673 2988 πολλῴ
2720 2914 2882 2970 πλέον
2921 2912 3030 2968 τῶν
3056 2912 3231 2968 ἄλλων
3276 2914 3404 2976 τοὺς
3435 2912 3685 2983 καιροὺς,

2105 3010 2235 3066 ὃταν
2266 3009 2502 3082 μάλιστα
2524 3008 2583 3061 οὺ
2608 3006 2884 3076 δυνάμεθα
2909 3005 3236 3077 σωματικῶς
3266 3006 3385 3059 κατ’
3406 3006 3572 3060 αὑτοῦ
3593 3004 3689 3060 εὖ·

2109 3104 2323 3173 ξασθαι*
2356 3104 2452 3158 καὶ
2474 3104 2593 3156 τότε
2620 3103 2879 3174 πολεμεῖν
2908 3103 3054 3174 ἡμᾶς
3081 3099 3366 3173 δοκιμάζει
3394 3103 3423 3154 ό
3450 3101 3687 3164 ἀνόσιος.

2033 3170 2077 3230 C
2110 3170 2436 3271 έυνέρχεται
2478 3197 2592 3259 τοῖς
2627 3170 2796 3268 μήπω
2837 3170 3339 3267 κεκτημένοιςμῖ)
3381 3193 3695 3266 προσευχὴν

2112 3291 2339 3366 καρδίας
2362 3289 2537 3360 ἀληθῆ
2568 3290 2596 3344 ὁ
2616 3291 2673 3343 εν
2698 3292 2767 3361 τῇ
2793 3290 3080 3361 σωματικῇ
3101 3288 3235 3363 εὐχῇ
3266 3288 3528 3359 σκυλμὸς,
3546 3288 3696 3357 λέγω

2110 3384 2196 3455 δὴ,
2220 3382 2440 3448 ἕκτασις
2461 3380 2682 3455 χειρῶν,
2715 3383 2946 3455 στήθους
2970 3383 3151 3452 τύψις,
3174 3389 3254 3445 εις
3272 3381 3536 3454 οὐρανοὺς
3555 3379 3696 3435 εἰλι-

2115 3477 2306 3552 κρινὴς
2331 3473 2649 3546 ἀνάϐλεψις,
2671 3476 2991 3546 στεναγμῶν
3024 3472 3271 3545 θόρυϐος,
3303 3473 3546 3542 γονάτων
3572 3489 3700 3526 συν·-

2113 3571 2247 3643 εχὴς
2292 3569 2492 3637 κλίσις,
2512 3569 2655 3641 ἅπερ
2675 3569 2847 3623 ποιεῖν
2864 3565 2951 3620 διὰ
2970 3569 3095 3630 τοὺς
3113 3565 3388 3635 παρόντας
3400 3566 3460 3618 ού
3472 3564 3699 3620 δύναται

2115 3665 2400 3731 πολλάκις.
2431 3666 2631 3736 Διόπερ
2660 3662 2787 3718 τότε
2816 3662 3075 3732 πολεμεῖν
3104 3663 3154 3715 οἱ
3187 3661 3438 3732 δαίμονες
3469 3659 3701 3731 δοκιμά-

2118 3756 2325 3819 ζουσιψ
2347 3756 2398 3810 oi
2430 3754 2487 3809 δὲ
2521 3754 2595 3824 μὴ
2630 3753 2905 3826 ἰσχύοντες
2928 3753 3114 3825 ἀκμὴν
3142 3755 3209 3825 τῇ
3233 3752 3328 3805 τοῦ
3354 3752 3471 3816 νοὸς
3503 3751 3700 3821 euripi.-

2119 3847 2260 3919 Θείᾳ,
2292 3846 2388 3899 καὶ
2416 3843 2633 3915 ἀοράτῳ
2655 3843 2883 3914 δυνάμει
2906 3842 3221 3914 προσευχῆς
3252 3840 3604 3896 ἀνθίστασθαι
3637 3841 3703 3909 ἐξ

2119 3939 2366 4008 ἀνάγκης
2409 3936 2539 4000 ἴσως
2582 3933 2897 4006 ὑωχαλῶσι
2937 3936 3050 3998 τοῖς
3097 3932 3429 4004 πολεμοῦσιν
3476 3933 3700 3998 αὐτούς’

2119 4028 2496 4100 ἀποπήδησον,
2527 4026 2578 4080 εἰ
2607 4025 2852 4088 δυνατὸν,
2879 4024 3183 4095 συντόμως,
3218 4024 3563 4096 ἀποκρύδητι
3606 4042 3705 4095 μι-

2120 4121 2254 4194 κρὸν
2286 4118 2602 4189 άγνὼστως’
2635 4116 2934 4171 ἀνάνευσον
2955 4115 3184 4185 ὄμματι,
3218 4117 3267 4168 εί
3292 4115 3517 4168 δυνατὸν
3540 4113 3707 4185 ψυχι-

2122 4213 2222 4283 κῷ·
2250 4211 2298 4263 εἰ
2326 4209 2384 4265 δὲ
2409 4208 2508 4282 μὴ,
2536 4207 2640 4262 κᾶν
2661 4206 2927 4277 ὲξωτικῷ·
2957 4206 3272 4276 σταύρωσον
3300 4207 3487 4276 χεῖρας
3513 4206 3710 4275 ἀκινὴ-
3762 4270 3779 4282 ⁸

2121 4316 2230 4364 τως
2257 4297 2393 4369 (48),
2425 4297 2513 4351 ἵνα
2554 4295 2620 4366 δὴ
2663 4295 2751 4349 διὰ
2775 4293 2868 4348 τοῦ
2895 4293 3066 4349 τύπου
3097 4296 3188 4349 τὸν
3227 4294 3478 4365 Ἀμαλὴκ
3512 4295 3709 4366 αίσχύ-

435 4386 685 4487 inquam,
712 4407 1077 4468 extendendo,
1110 4400 1389 4459 tundendo
1409 4406 1621 4473 pectus,
1643 4393 1846 4451 calum
1870 4391 1991 4487 idea

2125 4407 2222 4463 νῃς
2248 4390 2360 4445 καὶ·
2378 4389 2626 4461 νικήσῃς·
2660 4387 2855 4461 βόησον
2880 4387 3017 4460 πρὸς
3046 4386 3138 4441 τὸν
3165 4388 3462 4459 δυνάμενον
3510 4387 3708 4452 σῶσαι,

444 4479 611 4564 tidem
637 4479 852 4562 sincere
885 4494 1258 4571 suspiciendo,
1295 4492 1646 4549 vehementer
1692 4484 1996 4560 suspirandi

2129 4482 2205 4555 μὴ
2251 4483 2310 4537 ἐν
2359 4480 2770 4551 σεσοφισμένοις
2822 4479 3100 4552 ῥήμασιν,
3146 4479 3263 4534 ἀλλ’
3311 4486 3370 4534 εν
3425 4482 3709 4544 ταπεινοῖς

436 4613 489 4658 et
528 4595 956 4670 ingemiscendo,
985 4591 1219 4664 genibus
1257 4586 1411 4643 ﬂexis
1455 4582 1677 4641 assidue
1725 4576 1996 4651 precando

2127 4575 2404 4646 φθέγμασι
2473 4571 2580 4644 πρὸ
2643 4572 2883 4627 πάντων·
2953 4572 3243 4642 Ἐλέησόν
3289 4590 3364 4642 με
3421 4572 3553 4645 (49),
3615 4572 3710 4628 ὅτι

439 4710 561 4769 qua:
590 4664 735 4749 dum
775 4691 832 4746 in
879 4687 1112 4743 aliorum
1151 4678 1443 4754 praesentia
1478 4687 1721 4769 persaepe
1767 4669 1887 4769 θοι-ἱ
1916 4684 1996 4725 nm

2125 4665 2394 4737 ἀσθενής
2431 4667 2569 4736 ειμι,
2614 4664 3126 4736 προοιμιαζόμενος.
3184 4664 3317 4720 Τότε
3363 4664 3711 4738 πειρασθήσῃ

438 4756 694 4863 possunt,
747 4793 881 4838 tunc
931 4779 1193 4835 nimirum
1242 4772 1510 4829 insultare
1542 4765 1705 4824 nobis
1752 4764 1996 4863 daemone

2138 4759 2395 4830 Ὑψίστου
2421 4758 2725 4828 δυνάμεως
2764 4757 2859 4812 καὶ
2889 4757 3137 4830 ἀοράτως
3175 4759 3445 4829 ἀοράτους
3493 4756 3714 4822 διώξεις

444 4848 861 4938 consueverunt.
894 4872 999 4941 Qui
1023 4885 1133 4927 non
1161 4873 1393 4940 possunt
1417 4861 1596 4918 adhuc
1618 4857 1764 4914 hosti
1791 4854 1844 4909 vi
1875 4868 1996 4909 men

2128 4852 2197 4905 δι’
2220 4849 2460 4923 ἀοράτου
2511 4848 2783 4918 βοηθείας.
2824 4849 2883 4904 Ὀ
2926 4848 3101 4914 οὕτως
3143 4849 3516 4920 σεσυνηθικὼς
3551 4849 3716 4902 πολε-

447 4974 517 5030 tis
564 4981 619 5030 et
659 4971 870 5026 interna
923 4940 1126 5020 virtute
1170 4956 1438 5015 Orationis
1487 4953 1760 5017 resistere,
1797 4947 1996 5003 fortass

2137 4946 2279 5017 μεῖν,
2308 4943 2522 5013 ταχέως
2551 4941 2648 4995 καὶ
2671 4944 2739 5011 τῇ
2766 4940 2914 5014 ψυχῇ
2948 4943 3085 5013 μόνῃ
3114 4944 3241 5007 τοὺς
3267 4942 3499 5013 ἐχθροὺς
3522 4941 3717 4996 ἐκδιῶ-

446 5063 758 5122 nccessario
794 5059 1045 5116 hostibus
1071 5055 1292 5112 cedunt.
1330 5050 1437 5106 Sed
1486 5056 1566 5115 tu,
1596 5046 1643 5102 si
1676 5044 1792 5099 ﬁeri
1826 5049 1996 5113 pmcst

2134 5053 2251 5090 κειν
2273 5034 2517 5108 ἅρξεταυ
2540 5033 2829 5104 ἀντίδωρον
2853 5033 2963 5105 γάρ
2985 5032 3079 5086 τοῦ
3099 5033 3363 5105 προτέρου
3384 5033 3447 5086 τὸ
3463 5031 3717 5104 δεύτερον

448 5175 610 5233 quam
646 5156 883 5229 primum
912 5160 967 5208 te
991 5148 1226 5212 subduc,
1250 5143 1334 5199 vel
1364 5142 1547 5213 potius
1582 5136 1739 5195 exsili
1780 5153 1810 5190 a
1840 5132 1996 5190 turba

2135 5127 2288 5199 παρὰ
2313 5126 2450 5181 Θεοῦ
2474 5127 2586 5189 τοῖς
2617 5125 2897 5196 ἐργάταις,
2929 5125 3022 5181 καὶ
3044 5125 3287 5191 δικαίως.

448 5216 505 5317 et
535 5216 674 5315 abde
710 5256 946 5311 latenter
1016 5252 1072 5306 in
1139 5254 1438 5309 secretum,
1477 5241 1608 5296 tolle
1655 5237 1858 5293 mentis
1912 5236 2109 5300 aciem,
2149 5232 2194 5286 si
2237 5240 2412 5300 potes,
2441 5228 2495 5282 in
2549 5228 2783 5294 coelum;
2837 5224 2883 5279 si
2921 5238 3029 5277 non
3068 5232 3244 5292 petes,
3308 5218 3502 5274 saltem
3540 5216 3718 5273 oculis

449 5355 647 5411 οωιιιιιι
679 5348 918 5420 suspice,
953 5344 1198 5416 exprime
1225 5340 1457 5395 formam
1491 5334 1693 5400 crucis,
1723 5331 1974 5386 manibus
2002 5326 2261 5389 immotis,
2297 5336 2357 5381 ut
2388 5341 2485 5396 per
2511 5326 2742 5395 ﬁguram
2770 5320 2952 5376 crucis
2983 5315 3272 5370 Amalecen
3322 5309 3637 5383 pudefacias
3664 5321 3722 5367 et

450 5407 794 5526 prosternas.-
808 5407 997 5502 Clama
1024 5407 1093 5497 ad
1136 5454 1260 5496 eum
1293 5435 1387 5506 qui
1416 5444 1469 5489 te
1513 5446 1731 5489 servare
1760 5436 1962 5500 potest,
2013 5439 2120 5479 non
2151 5422 2329 5479 verbis
2355 5421 2423 5476 ad
2450 5421 2767 5491 elegantiam
2799 5427 2853 5473 et
2878 5413 3198 5518 sapientiam
3248 5407 3590 5526 coicnpositis,
3621 5408 3722 5526 Sid

450 5499 703 5618 precibus
726 5537 931 5595 intimis
965 5545 1020 5591 et
1040 5533 1245 5591 intimis
1297 5528 1518 5586 tocibus
1566 5541 1676 5596 pra:
1698 5499 1956 5579 omnibus
1973 5519 2092 5574 aliis
2125 5517 2302 5587 incipe
2324 5517 2508 5573 dicere
2537 5534 2550 5569 :
2569 5512 2815 5569 Miserere
2837 5511 2959 5571 mei,
2979 5507 3230 5577 quoniam
3250 5504 3490 5572 inﬁmas
3510 5516 3626 5554 sum
3648 5499 3719 5555 ⁵⁸.

525 5656 571 5688 "
602 5651 752 5707 Psal.
780 5660 859 5712 νι,
888 5646 943 5702 '5.

530 5753 621 5819 (α)
637 5745 862 5819 Anhoc
882 5735 1269 5819 dictum,__Dia:i
1292 5735 1345 5787 in
1374 5728 1723 5819 abundantia.

1944 5719 2038 5791 Van
2149 5714 2288 5791 inira
2352 5709 2621 5791 sequitur,
2671 5705 2808 5773 Quid
2863 5704 3020 5759 habes
3077 5701 3217 5774 quod
3270 5715 3376 5754 non
3424 5692 3728 5765 accepisti?

461 5790 1260 5881 ωδῖέὸίῖὺῖἶιῖιίιιιιῖιῖ-(Ριαί.
1294 5819 1445 5868 xxix,
1481 5801 1555 5871 7),
1591 5798 1723 5857 etc.?
1772 5796 1853 5851 An
1888 5790 1996 5866 quo

2142 5790 2183 5859 (l
2219 5790 2351 5843 Cur,
2390 5799 2463 5847 tv,
2487 5790 2566 5850 ἶ.)
3662 5798 3665 5801 δ

2142 5788 2183 5859 (1
2219 5785 2351 5843 Cur,
2390 5779 2463 5847 tv,
2487 5779 2566 5850 7.)
