4076 6202
376 329 482 397 901

1406 337 1638 399 SCALA
1656 334 2036 398 PARADISI.
2063 355 2132 370 ε-
2161 334 2472 397 GRADUS
2506 335 2626 397 XV.

3551 335 3662 403 902

375 444 819 505 TancAltissimi
863 450 1068 509 senties
1103 451 1392 520 auxilium,
1417 465 1472 508 et
1494 451 1916 523 iuaspcctabiles
1970 447 2159 506 hostes
2186 451 2392 507 emiceti
2428 466 2594 506 manu
2628 452 2976 523 persequeris
3002 459 3055 508 et
3085 449 3334 524 repelles.
3359 451 3462 519 Qui
3498 452 3570 509 ita
3602 453 3658 509 in

376 538 565 620 {testes
593 555 842 616 pugnare
874 544 1182 614 consuevit,
1208 547 1440 604 celerem
1476 547 1542 602 de
1591 546 1842 603 hostibus
1873 542 2158 600 victoriam
2186 545 2302 600 sola
2332 545 2496 599 etiam
2535 550 2716 602 mente
2754 545 3047 616 pugnando
3078 555 3464 619 consequetur.
3496 544 3661 620 237

377 611 453 684 lla
496 632 641 687 enim
681 631 824 691 Deus
854 651 988 692 suos
1018 636 1317 693 luctatores
1360 637 1594 694 invictus
1645 647 1928 709 praestare,
1975 642 2029 688 et
2077 637 2285 706 pramii
2320 639 2441 694 loco
2481 638 2679 693 merito
2706 637 3043 694 remunerari
3068 638 3223 695 solet.

459 720 551 776 Ἐν
619 727 966 799 συναθροίσει
1022 746 1124 783 που
1197 730 1466 801 εὑρεθεὶς,
1531 731 1968 800 ὲπεσημτινὰμην

2146 730 2206 785 lu
2237 729 2474 801 quodam
2508 740 2652 787 ccetu
2683 728 3062 802 religiosorum
3096 732 3335 788 virorum
3369 733 3661 788 observavi

380 814 671 871 σπουδαῖον
699 818 927 887 ἀδελφὸν
962 820 1067 874 ὑπὸ
1097 820 1353 895 πονηρῶν
1385 821 1661 892 λογισμῶν
1704 820 1966 891 ὀχληθέν-

378 922 449 961 τα
471 924 486 939 ο
534 908 627 963 καὶ
655 912 824 965 τόπου
856 913 1112 984 ἁρμοδίου
1148 916 1223 986 μὴ
1257 914 1573 981 εὑρεθέντος
1607 914 1686 977 εἰς
1722 911 1967 981 ἀπόκρυ-

380 1017 480 1067 φον
508 1005 838 1075 προσευχῆς,
876 1007 957 1070 είς
978 1006 1076 1079 τὴν
1101 1005 1201 1077 τῆς
1222 1006 1457 1078 γαστρὸς
1485 1007 1675 1076 χρείαν
1705 1007 1972 1075 εἰσπεπη-

378 1090 560 1162 δηκὼς
592 1094 669 1159 ὡς
702 1095 796 1150 ὕπ’
820 1096 992 1167 αὐτῆς
1024 1098 1354 1169 νενυγμένος
1380 1141 1394 1163 ,
1425 1099 1628 1169 εὐτόνῳ
1666 1098 1801 1169 εὐχῇ
1831 1095 1970 1150 κατὰ

378 1184 489 1241 τῶν
531 1186 808 1256 πολεμίων
849 1182 1159 1261 ἐχρήσατο·
1209 1190 1344 1261 ἐμοῦ
1384 1191 1442 1243 δὲ
1493 1192 1586 1241 ἐπὶ
1633 1192 1700 1261 τῇ
1742 1189 1834 1242 τοῦ
1882 1188 1971 1241 τό-

381 1291 488 1328 που
521 1275 598 1346 (α)
653 1278 1012 1351 ἀνοικειότητι
1063 1280 1225 1333 αὐτὸν
1280 1279 1759 1352 ὲπιμεμψαμένου,
1799 1277 1973 1349 ’Υπὲρ

376 1367 730 1442 ἀκαθάρτων,
758 1370 925 1440 φησιν
951 1411 964 1435 ,
996 1371 1272 1442 λογισμῶν
1310 1372 1546 1438 διώξεως
1592 1373 1650 1424 ἐν
1679 1369 1973 1441 ἀκαθάρτῳ

380 1458 533 1532 τόπῳ
593 1461 991 1536 προσηυξάμην
1053 1462 1450 1535 καθαρισθῆναι
1511 1464 1708 1534 ῥύπου.
1768 1463 1975 1524 Πάντες

383 1555 486 1626 μὲν
512 1556 560 1608 οἱ
586 1553 841 1626 δαίμονες
872 1557 1097 1611 σκοτοῦν
1121 1558 1211 1610 τὸν
1264 1556 1386 1610 νοῦν
1417 1554 1799 1627 δοκιμάζωσιν
1828 1572 1839 1584 ⁵
1867 1553 1972 1610 εἶθ’

376 1648 597 1714 οὕτως,
642 1647 712 1702 τὰ
755 1649 938 1714 αὐτοῖς
986 1649 1117 1719 φίλα
1157 1647 1571 1703 ὑποϐάλλουσιν.
1620 1648 1684 1701 Εἰ
1741 1647 1817 1719 μὴ
1865 1647 1975 1717 γὰρ

382 1743 593 1807 ἐκεῖνος
632 1741 938 1814 καμμύσει,
979 1742 1041 1795 οὐ
1090 1739 1456 1814 συληθήσεται
1483 1741 1529 1809 ξό
1569 1739 1863 1811 θησαυρός.
1915 1738 1974 1794 '0

383 1832 443 1887 δὲ
469 1832 568 1905 τῆς
592 1834 848 1906 πορνείας
880 1833 1063 1906 πολλῷ
1094 1833 1255 1889 πλέον
1290 1835 1530 1891 πάντων.
1580 1823 1751 1897 Οὗτος
1773 1832 1975 1888 πολλά-

386 1942 473 1991 κις
502 1925 595 1981 τὸν
640 1927 887 1998 ἡγεμόνα
925 1925 1050 1982 νοῦν
1086 1925 1378 1998 συλλήσας,
1413 1925 1510 1980 καὶ
1550 1924 1643 1980 ἐπὶ
1672 1924 1976 1997 ἀνθρώπων

386 2020 564 2073 ποιεῖν
596 2020 983 2092 προτρέπεται,
1013 2017 1109 2074 καὶ
1146 2018 1578 2091 παρασκευάζει,
1620 2016 1767 2088 ἅπερ
1790 2016 1841 2069 οἱ
1880 2014 1972 2080 ἒξ-

383 2110 680 2182 εοτηκότες
715 2109 870 2181 μόνοι
908 2107 1251 2182 ἐργάζονται.
1287 2107 1450 2162 Ὅθεν
1481 2105 1621 2180 μετὰ
1664 2107 1854 2177 καιρὸν
1881 2103 1976 2159 τοῦ

386 2201 509 2265 νοὸς
528 2202 854 2272 ἐκνήφοντος
874 2202 937 2256 οὐ
963 2201 1126 2274 μόνον
1149 2201 1273 2265 τοὺς
1303 2189 1695 2273 θεασαμένους,
1724 2201 1861 2256 ἀλλὰ
1883 2202 1977 2255 καὶ

385 2295 619 2360 ἑαυτοὺς
645 2296 737 2350 ἐπὶ
768 2298 885 2362 ταῖς
916 2294 1127 2363 ἑαυτῶν
1151 2295 1409 2367 ὰσέμνοις
1442 2294 1696 2368 πράξεσι,
1728 2296 1824 2350 καὶ
1855 2297 1980 2367 ὁμι-

388 2387 532 2453 λίαις
560 2388 593 2459 ἥ
623 2389 896 2462 σχήμασιν
919 2387 1309 2459 αἰσχυνόμεθα,
1331 2388 1428 2442 καὶ
1450 2388 1550 2457 τὴν
1567 2385 1794 2460 πρώτην
1818 2387 1978 2459 ήμῶν

391 2483 652 2555 πώρωσιν
694 2481 1140 2555 ἑκθαμδούμεθα.
1191 2480 1386 2537 Τοίνυν
1431 2480 1576 2544 τινὲς
1612 2479 1875 2546 πολλάκις
1917 2483 1981 2534 ἐκ

392 2577 493 2649 τῆς
513 2575 767 2646 τοιαύτης
796 2574 1120 2647 διακρίσεως
1143 2573 1235 2628 τοῦ
1261 2572 1434 2628 κακοῦ
1456 2573 1785 2630 ἐπαύσαντο.
1818 2575 1984 2628 Ἀποο

396 2672 629 2746 στρέφου
662 2672 774 2743 (50)
818 2670 912 2725 τὸν
969 2669 1228 2742 πολέμιον
1288 2668 1379 2724 τὸν
1440 2669 1584 2741 μετά
1633 2670 1734 2741 τὴν
1781 2668 1982 2742 πρᾶξιν

397 2763 799 2840 προσεύχεσθαι
830 2780 891 2818 σε
913 2804 928 2829 ,
960 2764 996 2835 ἢ
1030 2761 1337 2831 θεοσεϐεῖν,
1378 2763 1416 2835 ἢ
1450 2763 1750 2835 ἀγρυπνεῖν
1778 2761 1981 2818 ἀνακό-

398 2876 603 2915 πτοντα
625 2875 639 2888 ο
679 2856 1039 2931 μνημονεύων
1067 2855 1157 2912 τοῦ
1190 2853 1437 2920 εἰπόντος
1463 2871 1479 2886 ο
1506 2854 1609 2910 Διά
1638 2853 1701 2910 τὸ
1727 2855 1854 2918 τοὺς
1893 2853 1984 2907 κό-

394 2969 535 3017 πους
570 2969 662 3023 μοι
704 2950 967 3022 παρέχειν
994 2947 1094 3022 τὴν
1119 2947 1226 3003 ὑπὸ
1269 2946 1379 3003 τῶν
1419 2946 1747 3019 προλήψεων
1783 2963 1983 3019 τυρανο

398 3047 665 3118 νουμένην
684 3044 884 3114 ψυχὴν,
914 3042 1127 3113 ποιήσω
1155 3037 1254 3111 τὴν
1294 3039 1576 3111 ἐκδίκησιν
1598 3038 1768 3108 αὐτῆς
1790 3041 1857 3092 ἑκ
1876 3038 1984 3092 τῶν

399 3136 613 3210 ἐχθρῶν
645 3136 836 3208 αὐτῆς.
867 3133 964 3198 Τίς
1005 3132 1164 3205 σῶμα
1195 3131 1445 3205 ἑνίκησεν
1471 3150 1488 3197 ;
1524 3131 1711 3193 ’Ὀστις
1753 3131 1984 3202 καρδίαν

402 3229 742 3302 συνέτριψεν.
778 3227 874 3292 Τίς
904 3226 960 3282 δὲ
994 3225 1222 3298 καρδίαν
1273 3222 1625 3294 συνέτριψενς
1665 3225 1759 3284 ⁸ος
1793 3222 1986 3279 ἑαυτὸν

400 3326 696 3396 ἠρνήσατο.
719 3319 842 3385 Πῶς
866 3320 973 3391 γὰρ
1000 3320 1061 3374 οὐ
1086 3317 1397 3390 συνετρίϐη,
1420 3317 1475 3381 δς
1499 3316 1769 3390 θελήματι
1797 3316 1987 3387 τέθνη-

2079 822 2371 893 quemdam
2431 832 2698 880 attentum
2741 824 2807 880 ad
2836 824 3070 882 salutem
3103 840 3260 880 suam
3290 823 3539 890 fratrem.
3566 826 3663 898 qui

2079 913 2296 983 spurcis
2354 914 2782 984 cogitationibus
2837 915 2905 971 ab
2959 914 3117 971 hoste
3172 915 3483 983 infestatus,
3537 932 3663 972 cum

2080 1013 2350 1062 secretqu
2382 1014 2437 1060 et
2475 1015 2660 1077 aptum
2693 1006 2760 1062 ad
2789 1010 3126 1081 precandum
3163 1006 3342 1064 locum
3372 1023 3483 1064 non
3518 1008 3669 1065 inve-

2082 1098 2239 1161 liit‘t't,
2287 1101 2443 1168 quasi
2496 1101 2566 1154 ab
2623 1101 2748 1154 alvo
2806 1099 2871 1153 ad
2927 1100 3191 1170 requisita
3223 1109 3432 1159 natura
3469 1103 3668 1159 citatus

2081 1192 2412 1262 properavit,
2471 1199 2525 1246 et
2583 1192 2718 1247 inibi
2776 1194 3165 1249 iuteutissimis
3227 1195 3486 1263 precibus
3542 1210 3668 1250 cum

2084 1284 2240 1339 hoste
2285 1283 2569 1339 conﬂixit:
2605 1300 2765 1355 quem
2805 1301 2906 1355 ego
2939 1301 3064 1340 eum
3087 1285 3158 1341 ob
3189 1286 3364 1341 locum
3419 1290 3671 1355 precibus

2083 1374 2556 1433 inconveniontem
2615 1376 3034 1448 olijurgasscm:
3088 1375 3222 1447 Ego,
3288 1378 3487 1449 inquit,
3545 1394 3671 1434 cum

2082 1468 2378 1525 immunda}
2406 1484 2492 1525 me
2517 1469 2878 1540 cogitationes
2902 1469 3246 1535 iufestareut,
3280 1470 3332 1524 in
3384 1471 3506 1525 loco
3568 1474 3673 1525 im-

2081 1559 2288 1615 mundo
2327 1575 2518 1633 preces
2544 1559 2657 1616 fudi
2688 1569 2748 1617 ut
2792 1560 2861 1617 ab
2915 1561 3276 1617 immunditiis
3326 1576 3670 1633 repurgarer.

2085 1647 2292 1706 Omnes
2350 1650 2524 1706 nostri
2575 1651 2760 1705 hostes
2807 1649 3085 1707 cla-mones
3118 1652 3285 1706 menti
3311 1652 3564 1709 tenebras
3594 1650 3674 1706 of-

2085 1738 2315 1798 fundere
2365 1742 2563 1805 solent.
2627 1752 2739 1798 tum
2788 1742 2949 1798 nobis
2988 1760 3085 1798 sua
3116 1745 3316 1815 philtra
3355 1744 3671 1815 propinauit.

2083 1832 2201 1891 Nisi
2223 1834 2369 1891 enim
2396 1837 2686 1908 religiosus
2717 1839 2871 1908 prius
2901 1838 3096 1893 uiculis
3145 1839 3333 1894 oculos
3390 1838 3670 1901 clauserit,

2086 1926 2351 1983 thesauro
2385 1929 2607 2001 spoliari
2642 1946 2749 1986 non
2772 1931 2991 2002 poterit.
3023 1930 3129 1987 Sed
3161 1931 3267 1987 hoc
3299 1946 3409 2003 prae
3460 1931 3674 1989 cunctis

2087 2020 2319 2077 luxuria:
2343 2021 2555 2079 dromon
2591 2021 2770 2079 facere
2793 2025 3096 2080 consuevit.
3152 2023 3252 2080 llic
3282 2024 3428 2081 enim
3461 2034 3674 2082 rectore

2010 2093 2136 2171 θοι
2187 2116 2329 2172 duco
2380 2114 2623 2172 hominis
2670 2119 2857 2173 animo
2915 2127 3075 2174 nocte
3128 2119 3363 2188 quadam
3405 2118 3671 2174 caecitatis

2080 2209 2315 2266 confuso
2348 2207 2415 2265 ad
2443 2226 2507 2266 ea
2534 2208 2676 2266 facta
2699 2219 2755 2267 et
2779 2209 3021 2267 facinora
3049 2213 3215 2266 etiam
3269 2225 3455 2267 coram
3492 2210 3672 2265 homi-

2082 2302 2245 2358 nibus
2315 2300 2562 2359 l‘aeienda
2618 2301 2791 2374 adigit
2848 2304 3190 2376 religiosum,
3225 2320 3347 2375 qum
3385 2320 3544 2360 nemo
3566 2305 3676 2359 nisi

2083 2407 2272 2448 amens
2325 2391 2505 2449 facere
2567 2393 2726 2449 solet.
2762 2391 2914 2450 Unde
2964 2393 3023 2448 ﬁt
3048 2393 3127 2448 uti
3155 2403 3280 2464 post
3301 2393 3563 2463 temporis
3588 2394 3677 2447 in-

2084 2485 2393 2552 tervallum,
2420 2492 2622 2550 mente,
2655 2484 2906 2541 discussa
2937 2482 3182 2553 crapula,
3226 2482 3292 2537 ad
3332 2499 3393 2538 se
3431 2498 3671 2547 reversa,

2086 2592 2194 2633 non
2263 2576 2441 2634 solum
2493 2585 2833 2647 spectatores
2892 2576 3171 2633 actionum
3204 2585 3540 2640 nostrarum,
3580 2578 3676 2632 sed

2085 2685 2188 2725 nos
2224 2670 2373 2740 ipsos
2409 2669 2482 2725 ob
2519 2669 2830 2726 indeeentia
2860 2667 3024 2735 facta,
3063 2682 3347 2725 sermones
3381 2678 3438 2722 et
3486 2676 3675 2739 gestus

2084 2762 2500 2828 erubescamus,
2571 2770 2931 2833 nostramque
2982 2761 3185 2817 mentis
3245 2762 3482 2831 priorem
3522 2764 3680 2817 eieci-

2088 2860 2253 2907 tatem
2304 2866 2635 2923 magnopere
2677 2853 3156 2923 obstupescamus.
3217 2850 3376 2909 Unde
3417 2867 3525 2909 non
3553 2866 3678 2907 raro

2087 2942 2291 3000 factum
2340 2952 2428 3000 est
2491 2959 2550 3000 ut
2612 2943 2767 3000 multi
2829 2959 2897 3001 ex
2929 2941 3097 3015 hujus
3126 2943 3204 2999 rei
3236 2943 3675 3002 consideratione

2089 3051 2272 3094 mores
2306 3037 2670 3094 emendarint.
2700 3036 3000 3095 Exsecrare
3039 3036 3250 3094 hostem
3279 3037 3452 3103 illum,
3485 3039 3579 3110 qui
3618 3047 3672 3092 te

2087 3137 2214 3200 post
2263 3138 2626 3201 perpetratum
2651 3137 2933 3200 peccatum
2965 3128 3215 3199 prohibet
3251 3129 3509 3200 precibus
3546 3144 3678 3200 ope-

2088 3233 2207 3277 ram
2262 3219 2415 3287 dare,
2464 3230 2560 3277 aut
2611 3221 2718 3293 piis
2767 3222 2965 3278 studiis
3013 3236 3248 3289 vacare,
3292 3232 3388 3277 aut
3432 3223 3677 3293 vigilare,

2089 3310 2258 3384 338
2308 3326 2519 3369 memor
2548 3313 2696 3369 illius
2723 3314 2818 3383 qui
2847 3312 2984 3369 dixit
3014 3331 3030 3368 :
3076 3312 3156 3367 Eo
3189 3315 3329 3385 quod
3374 3313 3503 3368 mihi
3569 3330 3682 3369 mo-

401 3432 537 3480 κενς
572 3416 761 3468 Ἔστιν
798 3412 1054 3484 ἐμπαθὴς
1084 3409 1364 3483 ὲμπαθοῦς
1406 3407 1839 3481 ἐμπαθέστερος,
1892 3408 1984 3463 καὶ

2092 3405 2224 3460 testa
2259 3415 2391 3460 esset
2423 3404 2468 3436 '°
2509 3407 2693 3461 anima
2730 3422 2870 3471 mea,
2922 3420 3272 3477 peccatorum
3313 3421 3560 3463 meorum
3584 3423 3683 3461 au-

403 3507 573 3579 αύτὴν
616 3507 715 3577 τὴν
747 3503 854 3556 τῶν
896 3500 1090 3558 ἑαυτοῦ
1128 3499 1421 3573 μολυσμῶν
1460 3500 1816 3571 ἐξαγόρευσιν
1853 3501 1984 3571 μετὰ

2096 3498 2412 3569 ticipatione
2440 3499 2588 3554 velut
2614 3499 2898 3569 tyrannide
2921 3500 3156 3570 quadam
3198 3514 3480 3571 oppressa,
3515 3500 3682 3556 ultio-

401 3596 737 3675 ἡδυπαθείας
763 3593 1027 3667 ἐνηδόνως
1058 3593 1396 3664 ποιούμενος.
1424 3593 1489 3646 οι
1526 3593 1587 3647 ἑν
1619 3593 1819 3665 καρδίᾳ
1854 3592 1991 3646 ἀχά.

406 3692 597 3763 θαρτοι
623 3690 720 3745 καὶ
746 3688 966 3759 αἰσχροὶ
991 3685 1140 3756 λόγοι
1160 3687 1226 3740 ἐκ
1250 3681 1344 3739 τοῦ
1378 3684 1695 3749 ἁπατεῶνος
1727 3687 1826 3753 τῆς
1853 3701 1989 3758 καρ-

404 3784 525 3851 δίας
552 3784 650 3838 τοῦ
674 3782 773 3854 τῆς
803 3778 1061 3853 πορνείας
1083 3778 1335 3851 δαίμονος
1368 3779 1645 3847 πεφύκασι
1666 3778 1985 3833 τίκτεσθαι·

404 3879 503 3943 οὒς
537 3879 683 3932 lata:
715 3876 1013 3947 ἐγκράτεια
1053 3873 1148 3928 καὶ
1185 3872 1245 3926 τὸ
1276 3871 1498 3938 τούτους
1538 3872 1620 3936 εἰς
1674 3870 1826 3926 οὐδὲν
1855 3871 1991 3935 ὅλως

407 3968 720 4041 λογίζεσθαι
749 3982 765 3999 ⁸
795 3967 947 4039 ποίῳ»
966 3965 1025 4021 δὲ
1056 3966 1167 4034 ἐγὼ
1205 3965 1326 4038 ἣθει
1371 3964 1464 4019 καὶ
1513 3965 1701 4037 τρόπῳ
1732 3965 1824 4018 τὸν
1858 3963 1992 4035 ἒμδν

406 4061 598 4118 τοῦτον
622 4061 774 4132 φίλον
799 4060 972 4134 δήσας
1000 4059 1141 4114 κατὰ
1172 4060 1269 4131 τὴν
1297 4057 1620 4113 ἀκολουθίαν
1645 4058 1753 4113 τῶν
1789 4056 1992 4112 λοιπῶν

405 4157 637 4219 δικάσω,
671 4154 772 4208 οὐκ
798 4152 1102 4223 ἐπίσταμαι
1126 4168 1141 4182 ·
1169 4152 1299 4224 πρὶν
1320 4150 1431 4222 γὰρ
1459 4150 1630 4222 δήσω,
1655 4150 1841 4205 λύεται
1863 4170 1875 4180 ο
1900 4151 1993 4204 καὶ

409 4247 543 4318 πρὶν
594 4246 821 4312 δικάσω,
875 4245 1303 4316 διαλλάσσομαι’
1352 4243 1447 4297 καὶ
1496 4244 1627 4315 πρὶν
1669 4245 1990 4316 τιμωρήσει),

410 4337 902 4408 κατακάμπτομαι.
934 4331 1061 4399 Πῶς
1103 4331 1322 4406 μισήσω
1353 4332 1410 4385 ὃν
1447 4330 1607 4403 φύσει
1633 4331 1855 4404 ἀγαπᾷν
1894 4331 1995 4384 πέ-

410 4446 593 4500 φυκας
639 4428 763 4491 Πῶς
807 4426 1159 4500 ὲλευθερωθῶ
1199 4418 1244 4496 ᾧ
1285 4426 1364 4489 εἰς
1402 4423 1605 4490 αἰῶνας
1640 4424 1992 4497 συνδέδεμαις

412 4522 536 4586 Πῶς
564 4519 900 4592 καταργήσω
937 4518 997 4573 τὸ
1036 4517 1131 4573 καὶ
1161 4518 1258 4574 σὺν
1291 4516 1417 4588 ἐμοὶ
1442 4515 1834 4586 ἀνιστάμενονς
1871 4514 1995 4576 Πῶς

409 4613 568 4682 δείξω
594 4612 874 4685 ἄφθαρτον
906 4608 969 4665 τδ
1002 4610 1250 4682 φθαρτὴν
1296 4609 1521 4681 εἰληφὸς
1558 4608 1760 4682 φύσιν;
1804 4606 1871 4661 Τί
1908 4605 1994 4660 εύ-

412 4704 572 4776 λογον
594 4704 736 4759 εἴπω
757 4703 834 4776 τῷ
856 4703 927 4757 τὰ
951 4701 1150 4771 εὔλογα
1168 4702 1493 4777 κεκτημένῳ
1517 4700 1606 4756 διὰ
1622 4701 1719 4771 τῆς
1743 4698 1957 4770 φύσεως
1976 4718 1991 4767 ;

2096 3603 2216 3643 nem
2276 3585 2468 3642 faciam
2527 3605 2592 3643 ex
2643 3587 2883 3646 inimicis
2931 3591 3073 3658 ejus.
3110 3588 3248 3656 Quis
3278 3605 3480 3660 corpus
3517 3607 3680 3646 suum

2094 3696 2189 3736 seu
2244 3696 2462 3735 carm-ui
2525 3682 2654 3736 vicit
2680 3681 2703 3734 ἲ
2729 3681 3015 3738 Coutritus
3046 3684 3229 3740 corde.
3258 3682 3393 3751 Quis
3432 3692 3514 3739 est
3544 3698 3681 3739 con-

2095 3773 2254 3829 tritus
2312 3774 2522 3829 corde?
2574 3774 2678 3841 Qui
2745 3776 2987 3847 seipsum
3050 3776 3363 3846 abnegavit.
3393 3775 3682 3844 Quomodo

2091 3867 2238 3922 enim
2306 3879 2416 3920 nou
2466 3867 2734 3921 contritus
2757 3868 2939 3934 corde,
2975 3868 3067 3938 qui
3102 3869 3364 3923 voluntati
3391 3883 3504 3923 sum
3535 3883 3681 3922 mor-

2096 3967 2224 4013 tuus
2276 3956 2412 4012 est?
2443 3954 2541 4010 Esr
2584 3973 2655 4012 ex
2716 3958 2923 4012 vitiosis
2980 3958 3120 4012 alius
3156 3957 3263 4014 alio
3292 3958 3559 4021 vitiosior,
3585 3958 3679 4028 qui

2096 4048 2529 4120 intemperantia
2553 4049 2745 4104 sordes
2781 4065 2904 4104 cum
2937 4051 3216 4121 voluptate
3262 4059 3676 4106 commemorat.

2097 4140 2329 4210 lmpurae
2383 4139 2584 4194 mentis
2638 4140 2995 4208 cogitationes
3047 4149 3101 4196 et
3160 4140 3412 4197 obscenae
3445 4139 3681 4196 solenta

2094 4222 2276 4289 cordis
2319 4243 2642 4303 corruptore
2703 4233 2951 4288 dmone
3004 4233 3233 4289 luxuria:
3257 4233 3506 4299 excitari,
3540 4247 3681 4303 quas

2096 4327 2476 4396 temperantia,
2528 4336 2581 4380 et
2628 4340 2819 4383 carum
2845 4325 3122 4396 neglectus
3146 4334 3203 4381 et
3229 4324 3562 4397 contemptio
3588 4340 3680 4380 sa-

2095 4429 2228 4472 nare
2276 4417 2584 4474 consuevit.
2646 4415 2766 4484 Qua
2788 4427 2971 4473 autem
2996 4418 3228 4484 ratione,
3268 4434 3486 4488 quoque
3515 4417 3680 4473 modo

2095 4509 2241 4564 hunc
2262 4509 2497 4564 amicum
2540 4510 2759 4581 meum(
2785 4525 2982 4580 corpus
3025 4510 3250 4580 inquam
3288 4511 3307 4582 )
3343 4525 3490 4566 more
3518 4520 3679 4567 crete-

2097 4615 2281 4657 rerum
2313 4602 2569 4657 vitiorum
2599 4603 2837 4659 vinctum
2859 4602 3124 4674 iudicem,
3170 4619 3277 4658 non
3327 4605 3507 4657 video.
3567 4603 3679 4658 An-

2099 4702 2318 4763 tequam
2371 4694 2517 4748 cnim
2577 4692 2739 4765 ligem
2798 4694 2972 4758 illum,
3025 4694 3298 4758 solvitur;
3360 4694 3679 4765 priusquam

419 4797 520 4855 'Av
551 4799 703 4872 δήσω
730 4795 956 4869 νηστείᾳ
1000 4795 1214 4861 τοῦτον,
1259 4793 1593 4866 κατακρίνας
1627 4792 1718 4847 τὸν
1748 4791 1984 4865 πλησίον,

2102 4783 2361 4855 iudicem,
2435 4802 2559 4842 cum
2616 4787 2711 4845 illo
2767 4788 2823 4844 iu
2883 4789 3114 4859 gratiam
3144 4789 3326 4846 redeo.
3377 4790 3680 4860 Antequam

413 4891 563 4962 αὐτῷ
610 4888 773 4945 πάλιν
814 4887 1201 4962 παραδίδομαι.
1265 4887 1363 4941 Ἂν
1408 4885 1469 4941 τὸ
1528 4887 1734 4956 κρίνειν
1783 4886 1999 4947 παύσας

414 4985 606 5040 τοῦτον
647 4985 891 5056 νικήσω,
943 4981 1178 5053 ὑψωθεὶς
1225 4980 1293 5052 τῇ
1347 4978 1547 5052 καρδίᾳ
1574 4976 1912 5049 κατηνέχθην
1942 4978 2001 5030 ἐν

412 5080 609 5149 τούτῳ.
630 5078 740 5131 Καὶ
767 5076 878 5146 γὰρ
905 5076 1000 5128 καὶ
1029 5071 1289 5145 σύνεργός
1331 5072 1447 5125 ἐστι
1470 5069 1568 5124 καὶ
1590 5067 1872 5138 πολέμιος,
1904 5067 1999 5119 καὶ

417 5167 610 5241 βοηθὸς
633 5166 729 5221 καὶ
750 5165 1042 5230 ἀντίδικος,
1073 5165 1169 5218 καὶ
1187 5161 1536 5233 ἀντιλήπτωρ
1558 5161 1649 5214 καὶ
1679 5157 1961 5219 ἐπίϐουλος
1983 5173 1994 5185 ’

417 5260 853 5334 θεραπευόμενος
886 5256 1136 5327 πολεμεῖ,
1169 5254 1265 5309 καὶ
1296 5253 1600 5326 τηκόμενος
1634 5251 1835 5315 ἀτονεῖ,
1867 5249 1999 5303 ἀνα-

419 5355 728 5424 παυόμενος
760 5351 1016 5415 ἀτακτεῖ,
1050 5347 1144 5402 καὶ
1189 5346 1506 5417 σαινόμενος
1570 5345 1633 5398 ού
1690 5345 1847 5417 φέρει
1878 5361 1893 5375 ο
1931 5341 1999 5397 ἂν

419 5447 668 5519 λυπήσω.
699 5446 836 5508 ὅλως
869 5441 1231 5497 κινδυνεύσω’
1277 5442 1344 5495 ἃν
1389 5439 1596 5511 πλήξω,
1633 5440 1734 5492 οὐκ
1776 5436 1884 5509 ἔχω
1912 5434 2000 5489 διὰ

420 5538 563 5603 τινος
585 5536 684 5601 τὰς
708 5535 909 5608 ἀρετὰς
941 5536 1214 5605 κτήσομαι
1235 5551 1248 5563 ·
1282 5533 1373 5586 τὸν
1415 5530 1577 5585 αὐτὸν
1608 5530 1698 5584 καὶ
1727 5526 1996 5598 ἀποστρέ-

493 5656 539 5687 ¹η⁶
575 5652 724 5710 Psai.
758 5669 866 5718 xu,
900 5655 954 5707 6.

499 5744 577 5814 (ο)
595 5744 692 5800 Adi
715 5744 1000 5814 episwlam
1031 5742 1174 5797 Petri
1200 5740 1446 5814 Damiaui
1471 5738 1621 5814 card.
1646 5737 1712 5814 ad
1738 5738 1998 5814 ᾼιτηοιοηι

430 5808 724 5887 Augustam
752 5808 880 5887 quae
917 5823 1137 5886 rogarat
1162 5828 1229 5869 an
1260 5812 1441 5868 liceret
1473 5813 1527 5865 in
1582 5809 1710 5864 sella
1743 5808 1994 5866 tauriliari

2094 4879 2341 4950 puniam,
2397 4877 2606 4936 ﬂector.
2668 4879 2955 4949 Quomodo
3012 4882 3219 4939 oderim
3274 4897 3434 4955 quem
3487 4892 3680 4938 natura

2098 4972 2306 5044 diligo?
2351 4973 2639 5040 Quomodo
2681 4975 2751 5031 ab
2792 4976 2884 5032 illo
2933 4977 3229 5044 liberabor,
3286 4993 3412 5034 cum
3458 4990 3569 5047 quo
3624 4976 3680 5031 in

2099 5078 2291 5120 omnes
2337 5067 2672 5125 aeternitates
2738 5071 3021 5142 colligatus
3075 5070 3242 5127 sum?
3270 5070 3557 5137 Quomodo
3587 5084 3682 5125 ex-

2105 5156 2401 5228 stinguam,
2446 5176 2568 5215 cum
2598 5177 2708 5232 quo
2731 5175 3138 5221 resurrecturus
3182 5165 3349 5220 sum?
3396 5162 3681 5229 Quomodo

2106 5247 2483 5322 incorruptum
2542 5252 2833 5323 praestabo,
2880 5266 3196 5330 corruptam
3228 5265 3481 5312 naturam
3516 5254 3682 5312 sorti-

2107 5340 2242 5397 tus?
2291 5340 2503 5410 Quibus
2543 5348 2848 5404 rationibus
2873 5358 3064 5405 contra
3092 5348 3245 5402 illum
3290 5362 3469 5417 agam,
3507 5350 3601 5417 qui
3629 5352 3682 5400 et

2107 5447 2237 5489 suas
2275 5447 2484 5494 natum
2530 5441 2768 5498 rationes
2822 5443 2953 5498 mihi
3009 5441 3271 5512 opponit?
3305 5440 3460 5498 unite
3508 5440 3555 5495 si
3586 5453 3683 5510 per

2101 5526 2371 5597 jejunium
2405 5532 2612 5590 vincire
2637 5549 2825 5600 coner,
2854 5545 2968 5593 tum
3003 5551 3112 5593 non
3143 5535 3482 5607 jejunantem
3536 5533 3685 5590 dam-

2106 5740 2347 5812 preeari.
2376 5740 2530 5810 Apud
2568 5740 2764 5797 Baron.
2796 5751 2929 5797 tom.
2964 5741 3057 5809 XI,
3081 5755 3226 5796 anno
3259 5738 3416 5807 1062,
3439 5735 3685 5812 με.δῦ

2105 5811 2232 5867 cdit.
2272 5811 2533 5881 Auturrp.
2576 5828 2667 5869 an.
2710 5813 2870 5867 ιουδ.
