4086 6180
386 283 496 350 995

1655 280 1717 340 S.
1750 278 2076 342 IOANNIS
2103 282 2415 344 CLIMACI

3572 295 3684 358 996

387 403 474 452 est
503 393 668 450 turris
707 391 1044 448 fortitudinis
1090 404 1122 445 a
1164 389 1305 446 facie
1343 389 1569 449 inimici.
1644 388 1796 445 Nihil
1867 391 2110 461 proficiet
2150 395 2399 449 inimicus
2439 397 2493 450 in
2525 413 2585 449 eo
2610 437 2625 460 ,
2672 405 2722 450 et
2754 397 2900 467 ﬁlius
2927 439 2941 463 ,
2982 415 3078 456 seu
3149 404 3330 473 potius
3397 406 3682 475 cegitatin,

389 489 689 558 iniquitatis
714 505 818 542 non
849 495 1073 561 apportet
1103 501 1290 542 nocere
1316 485 1366 540 ei
1389 525 1405 552 ,
1433 493 1486 541 et
1514 483 1751 540 concidet
1778 501 1811 538 α
1839 485 1979 556 facie
2009 487 2124 558 esz
2200 489 2443 546 inimicos
2485 490 2599 559 ejus
2637 491 2673 521 "
2699 533 2713 555 ,
2765 501 2820 547 et
2861 507 2958 549 eos
3002 495 3095 565 qui
3145 496 3382 552 oderunt
3452 513 3577 554 eum
3624 496 3682 554 in

390 585 578 657 fugam
619 588 920 637 convertet.

458 677 598 734 Sunt
668 683 721 728 et
783 673 905 732 alia:
976 671 1104 728 huic
1175 669 1443 742 praeclaro
1504 667 1795 724 domestici
1869 668 1990 723 tlie-
2019 687 2064 743 Α

389 770 540 830 sauri
609 766 833 823 dou'tino
895 765 949 819 in
1011 763 1195 822 anima
1257 778 1365 818 non
1416 764 1614 831 ignota:
1680 762 1985 832 proprieta-

387 876 470 921 tes
505 904 521 928 ,
586 869 782 932 praeter
849 872 1046 913 omnes
1107 855 1229 913 illas
1287 854 1406 924 iam
1466 854 1770 923 explicatas
1807 895 1823 919 ,
1881 855 1989 911 illa:

385 958 532 1010 enim
603 967 842 1018 omnes,
911 957 1137 1018 excepta
1205 962 1362 1010 una,
1441 946 1782 1001 intuentibus
1857 956 1990 1003 sunt

386 1047 550 1122 317
584 1046 793 1101 indices
822 1043 988 1112 hujus
1022 1041 1264 1096 thesauri
1297 1039 1648 1096 humilitatis.
1672 1039 1990 1111 Deprehen-

387 1143 510 1206 des,
554 1147 609 1194 et
637 1135 994 1198 nonfalleris,
1031 1133 1306 1202 inteipso
1335 1142 1584 1187 sanctam
1621 1132 1762 1187 hanc
1800 1134 1983 1186 humi-

387 1233 560 1288 litatis
587 1231 873 1292 virtutem,
943 1235 1000 1282 et
1047 1235 1301 1280 naturam
1363 1225 1460 1280 tibi
1520 1233 1864 1294 praesentem,
1921 1241 1986 1279 ex

389 1322 768 1394 inexplicabili
853 1321 1012 1389 c0pia
1084 1319 1311 1374 luminis
1362 1319 1556 1384 divini,
1610 1329 1665 1372 et
1722 1321 1990 1374 orationis

390 1415 764 1472 inenarrabili.
801 1413 1052 1482 Praecipit
1081 1412 1196 1466 haec
1238 1422 1292 1467 et
1345 1411 1610 1481 anticipat
1671 1427 1769 1466 cor
1801 1412 1985 1466 omnis

394 1508 683 1565 calumnia
741 1520 938 1577 expers
991 1506 1043 1559 in
1096 1503 1340 1574 lapsibus
1383 1514 1440 1559 et
1489 1503 1712 1560 offensis
1771 1505 1985 1560 alienis.

395 1601 697 1657 Antevertit
730 1612 914 1654 veram
950 1596 1310 1653 humilitatem
1344 1597 1534 1652 odium
1596 1611 1750 1650 vana:
1803 1597 1990 1665 gloriae

391 1708 561 1762 supra
591 1691 903 1761 explicatae.
937 1686 1042 1754 Qui
1077 1689 1318 1758 seipsum
1363 1688 1534 1759 probe
1581 1691 1887 1758 cognoscit,
1935 1699 1990 1743 et

395 1786 620 1839 intimos
652 1782 820 1838 animi
849 1782 932 1836 sui
956 1795 1156 1836 sensus
1197 1781 1511 1852 exploratos
1559 1780 1744 1844 habet,
1771 1795 1990 1836 semen-

397 1888 501 1932 tcm
535 1878 585 1930 in
613 1888 754 1930 terra
787 1873 942 1930 fecit.
971 1871 1115 1927 Fieri
1149 1873 1298 1928 enim
1351 1887 1462 1927 non
1521 1881 1699 1943 potest
1748 1881 1829 1938 ut,
1883 1872 1990 1926 nisi

393 1971 483 2024 tali
517 1971 676 2024 modo
705 1978 940 2031 seratur,
981 1965 1263 2021 humilitas
1336 1965 1665 2022 efﬂorescat.
1741 1965 1844 2030 Qui
1901 1979 1990 2019 se-

2169 669 2339 723 ’Ἂλλα
2363 672 2432 725 τά
2455 668 2534 739 τῷ
2564 671 2790 742 κτήτορι
2805 671 2977 742 τούτῳ
2997 672 3076 741 τῷ
3107 675 3332 745 μεγάλῳ
3362 676 3458 730 τοῦ
3478 679 3682 734 οίκείου

2091 761 2326 816 πλούτου
2360 763 2420 815 ιν
2449 765 2516 833 τῇ
2557 763 2704 833 ψυχῇ
2739 766 3115 835 γνωριζόμενα
3182 768 3472 841 ἰδιώματα,
3522 773 3681 844 παρὲ

2089 857 2270 908 πάντα
2293 855 2364 909 τὰ
2391 855 2868 927 προδεδηλωμένα.
2897 857 3115 912 Ἐκεῖνα
3136 857 3249 930 γὰρ
3271 860 3509 927 ᾶπαντα,
3545 864 3682 933 ἄτερ

2087 946 2232 1012 ἑνὸς,
2260 949 2374 1011 τοῖς
2402 947 2604 1020 ὁρῶσίν
2632 949 2740 1001 εἰσι
2761 947 2856 1002 τοῦ
2883 950 3116 1004 πλούτου
3171 967 3239 1022 ση
3249 955 3486 1022 μαντικὰ
3518 956 3631 1024 (Η)
3664 975 3676 988 ο

2087 1039 2280 1112 γνώσῃ
2312 1044 2409 1097 καὶ
2455 1043 2556 1096 οὐκ
2608 1045 2939 1117 ἀπατηθήσῃ
3001 1047 3060 1100 ὲν
3110 1050 3324 1120 σεαυτῷ
3365 1054 3679 1122 προσοῦσάν

2091 1151 2173 1188 σοι
2210 1137 2308 1206 τὴν
2344 1135 2500 1190 όσίαν
2543 1138 2750 1207 ταύτην
2777 1138 2991 1201 οὐσίαν,
3047 1141 3107 1192 ὲν
3138 1141 3333 1212 πλήθει
3362 1146 3540 1212 φωτὸς
3572 1149 3679 1218 ἀρε

2091 1227 2278 1293 ρήτου,
2316 1227 2408 1278 καὶ
2453 1225 2766 1298 προσευχῆς
2789 1229 2953 1298 ἔρωτι
3001 1231 3270 1303 άμυθήτῳ
3330 1237 3680 1306 προκαταλή-

2088 1317 2234 1386 ψεως
2284 1317 2516 1381 τούτων,
2569 1319 2919 1391 ἀλοιδόρητος
2968 1323 3167 1393 καρδία
3228 1327 3290 1378 ἐν
3337 1328 3679 1398 πταίσμασιν

2087 1408 2412 1478 ἀλλοτρίοις.
2452 1409 2768 1479 Πρὸδρομον
2812 1409 2913 1483 [αι.
2958 1414 3290 1487 πρόδρομος]
3321 1418 3422 1487 τῆς
3453 1418 3672 1488 λεχθεί-

2091 1516 2191 1568 σης
2228 1500 2532 1566 κενοδοξίας
2560 1501 2742 1571 πάσης
2773 1506 2947 1572 μῖσος.
3006 1505 3063 1559 '0
3092 1507 3290 1560 ἑαυτὴν
3319 1510 3578 1577 ἐπιγνοὺς
3613 1513 3678 1564 ιν

2092 1595 2242 1665 πάσῃ
2293 1594 2546 1664 αίσθήσει
2591 1593 2772 1666 ψυχῆς
2801 1597 2937 1667 (15),
2972 1597 3067 1650 ἐπὶ
3111 1598 3208 1670 τὴν
3236 1602 3342 1669 γῆν
3379 1601 3634 1674 ἔσπειρεν
3657 1622 3676 1638 ο

2089 1687 2190 1739 οὐκ
2237 1685 2351 1739 ἐστι
2380 1686 2490 1757 γὰρ
2521 1689 2596 1757 μὴ
2619 1687 2792 1750 οὓτως
2816 1689 3144 1759 σπείραντας
3173 1697 3678 1766 ταπεινοφροσύνην

2091 1778 2322 1847 ἀνθῆσαι
2355 1795 2369 1808 ·
2398 1781 2426 1832 ό
2455 1779 2648 1832 ἑαυτὸν
2662 1780 2919 1847 ἐπιγνοὺς
2943 1783 3242 1853 κατείληφε
3267 1785 3434 1852 φόϐου
3460 1787 3673 1860 Κυρίου

2090 1865 2320 1934 ἔννοιαν,
2356 1868 2444 1923 διὰ
2485 1869 2542 1922 δὲ
2595 1870 2800 1940 ταύτης
2834 1871 3058 1941 βαδίσας
3114 1877 3195 1937 εὶς
3241 1876 3416 1946 πύλην
3452 1879 3679 1950 ἀγάπης

2090 1961 2312 2030 ἔφθασε.
2353 1964 2696 2027 Ταπείνωσίς
2719 1967 2837 2018 ἐστι
2860 1965 3140 2035 βασιλείας
3169 1970 3337 2038 πύλη,
3365 1977 3492 2033 τοὺς
3535 1972 3678 2042 πλη-

391 2064 580 2133 ipsum
621 2060 888 2131 pernovit,
925 2058 1140 2113 timoris
1199 2055 1415 2112 Domini
1463 2058 1828 2128 cognitionem
1894 2071 1984 2111 ac-

2089 2056 2370 2121 σιάζοντας
2403 2059 2722 2126 εἰσάγουσα.
2761 2059 2862 2113 Διὰ
2891 2059 3097 2129 ταύτης
3137 2054 3294 2131 οἶμαι
3341 2064 3432 2115 τὸν
3468 2063 3678 2134 Κύριον

389 2154 538 2226 cepit
572 2170 666 2224 per
704 2168 867 2221 quam
901 2151 996 2220 qui
1030 2149 1257 2214 incedit,
1317 2150 1383 2204 ad
1447 2150 1732 2205 charitatis
1771 2159 1984 2219 portam

391 2248 659 2319 pervenit.
721 2246 1012 2300 llumilitas
1055 2252 1140 2298 est
1176 2242 1343 2313 jauua
1380 2242 1534 2312 regni
1564 2242 1832 2305 caelestis,
1864 2256 1988 2312 qua:

392 2341 718 2396 accedentes
745 2338 1077 2402 introducit;
1150 2351 1247 2406 per
1309 2337 1452 2390 hanc
1525 2350 1652 2392 reor
1695 2334 1985 2391 Dominum

391 2435 572 2506 ipsum
597 2432 988 2504 ingredientem
1012 2427 1219 2484 dixisse
1239 2426 1411 2500 :quod
1437 2427 1704 2500 (humilis)
1723 2430 1987 2499 ingredie-

395 2535 484 2579 tur
519 2535 568 2579 et
606 2521 923 2595 egredietur,
957 2538 1020 2575 cx
1047 2521 1149 2574 hac
1176 2519 1284 2574 vita
1311 2519 1518 2590 absque
1549 2519 1659 2573 ullo
1688 2521 1908 2582 timore,
1936 2529 1986 2574 et

389 2633 591 2688 pascua
621 2616 840 2669 inveniet
877 2614 941 2679 ’⁸,
974 2621 1030 2667 et
1080 2627 1298 2668 ammna
1355 2612 1410 2665 in
1477 2611 1735 2681 paradiso
1790 2612 1983 2668 vireta.

391 2711 717 2780 Quicunque
750 2710 858 2761 alio
894 2706 1056 2761 modo
1088 2713 1143 2760 et
1193 2704 1382 2760 habitu
1415 2719 1509 2775 per
1549 2705 1712 2758 aliam
1759 2703 1982 2774 januam

391 2813 682 2870 venerunt,
718 2799 868 2855 fures
901 2808 1029 2856 sunt
1059 2807 1112 2854 et
1135 2799 1376 2853 latrones
1402 2799 1524 2853 vitae
1559 2813 1694 2852 sua.
1727 2795 1831 2864 Qui
1883 2811 1986 2853 nos

393 2899 540 2970 ipsos
588 2911 848 2964 pernosse
880 2894 1156 2958 volumus,
1194 2906 1475 2962 nunquam
1546 2891 1879 2946 desistamus
1927 2891 1983 2945 in

392 3007 494 3046 nos
517 2993 664 3060 ipsos
707 2989 1020 3058 inquirere;
1071 2994 1126 3039 ct
1154 2985 1200 3040 si
1232 3001 1296 3039 ex
1347 2985 1538 3038 intimo
1587 2983 1758 3038 animi
1817 2999 1980 3038 sensu

391 3085 528 3140 alios
556 3097 746 3138 onmes
779 3080 933 3136 nobis
973 3079 1230 3133 meliores
1269 3077 1584 3144 credamus,
1617 3086 1732 3130 tum
1759 3077 1981 3131 demum

391 3194 495 3235 nos
527 3194 634 3232 non
685 3174 928 3245 procula
980 3172 1164 3226 divina
1212 3169 1592 3227 misericordia
1615 3169 1812 3226 abesse
1863 3184 1984 3224 cre-

391 3273 603 3326 demus.
639 3267 928 3334 Nunquam
957 3280 988 3319 e
1023 3265 1145 3318 nive
1176 3263 1315 3334 ignis
1346 3263 1586 3317 emicare
1611 3269 1812 3331 potest,
1842 3260 1984 3313 mul-

392 3374 451 3418 to
484 3363 666 3416 minus
692 3361 748 3414 in
775 3359 1032 3413 heretico
1062 3371 1156 3410 seu
1197 3354 1424 3409 alterius
1459 3363 1624 3409 sectae
1652 3354 1877 3407 almnno
1903 3353 1982 3406 lo-
2011 3391 2053 3447 Ο

394 3469 520 3509 cum
569 3453 768 3506 habere
827 3448 1127 3503 humilitas.
1185 3443 1455 3500 Fidelium
1533 3460 1630 3498 seu
1683 3445 1982 3498 catholico-

395 3560 516 3598 rum
549 3553 601 3597 et
633 3543 846 3612 piorum
883 3541 1060 3593 virtus
1090 3544 1204 3594 habe
1238 3538 1458 3609 propria
1499 3544 1605 3598 est,
1659 3545 1712 3590 et
1761 3535 1982 3605 quidem

397 3638 732 3705 integrorum
772 3643 825 3687 et
849 3631 931 3700 fab
1001 3631 1260 3685 omnibus
1333 3627 1478 3683 vitiis
1543 3638 1981 3698 repurgatorunt.

395 3726 718 3796 Complures
747 3738 810 3776 ex
840 3721 996 3776 nobis
1027 3733 1126 3774 nos
1163 3715 1330 3789 318
1358 3717 1506 3787 ipsos
1532 3726 1850 3786 peccatores
1898 3714 1984 3768 di-

395 3821 594 3883 cimus,
625 3828 678 3872 et
703 3815 936 3870 fortasse
961 3812 1298 3881 iudicamus,
1334 3810 1428 3866 sed
1465 3807 1765 3878 ignominia
1798 3809 1987 3877 explo-

398 3912 564 3968 ratrix
629 3908 815 3965 cordis
844 3914 946 3961 est.
978 3903 1245 3974 Quisquis
1302 3901 1368 3956 ad
1414 3900 1564 3955 hunc
1613 3899 1982 3969 tranquillita-

399 4007 469 4060 tis
498 4016 715 4075 portum
748 4000 1020 4071 appellere
1047 3994 1346 4056 contendit,
1415 4010 1695 4062 nunquam
1751 3992 1988 4048 cessabit

401 4101 675 4172 inquirere
705 4100 917 4163 modos,
953 4094 1223 4154 rationes,
1259 4089 1729 4152 ratiocinationes,
1762 4088 1984 4156 excogi-

403 4195 634 4248 tationcs
669 4205 764 4244 seu
794 4185 1308 4248 commentationes,
1337 4179 1691 4248 quaestiones,
1758 4178 1988 4246 inquisi-

405 4285 579 4340 tiones
609 4297 706 4338 seu
752 4278 1225 4349 investigationes,
1292 4274 1689 4339 institutiones,
1756 4271 1988 4326 solet-tes

404 4375 710 4436 machinas,
733 4371 1010 4428 solertiam
1039 4387 1053 4435 ;
1086 4381 1274 4438 preces
1319 4367 1482 4420 etiam
1513 4362 1792 4418 adhibebit
1818 4371 1871 4416 et
1893 4378 1986 4432 apo

407 4467 766 4540 precationes,
815 4463 1002 4517 omnia
1075 4453 1241 4513 faciei
1299 4468 1356 4511 et
1409 4455 1762 4526 excogitabit,
1806 4453 1987 4523 quoad

2089 2149 2367 2220 εἰρηκέναι
2416 2149 2507 2202 τὸν
2554 2151 2813 2216 εἰσιόντα,
2857 2151 2941 2204 ὅτι
2978 2152 3072 2206 καὶ
3111 2155 3522 2209 εἰσελεύσεται
3562 2155 3677 2227 (16)

2089 2244 2187 2294 καὶ
2211 2242 2600 2305 ἐξελεύσεται
2616 2241 2836 2312 ἀφόϐως
2851 2247 2914 2296 ἐκ
2937 2243 3033 2297 τοῦ
3051 2245 3191 2313 βίου,
3236 2245 3335 2299 καί
3357 2247 3556 2316 νομὴν
3573 2252 3678 2304 εὐ-

2085 2335 2289 2402 ρήσει,
2333 2335 2429 2388 καὶ
2464 2335 2628 2405 χλόην
2684 2337 2743 2387 ὲν
2792 2335 2872 2405 τῷ
2923 2337 3241 2408 παραδείσῳ
3267 2355 3282 2368 θ
3321 2339 3524 2403 πάντες
3561 2342 3679 2397 ὅσοι

2088 2422 2251 2497 ἦλθον
2298 2427 2366 2478 δι’
2410 2427 2606 2496 ἑτέρας
2637 2429 2695 2479 ὲν
2722 2426 2800 2496 τῷ
2831 2431 3093 2497 σχήματι,
3135 2428 3366 2484 κλέπται
3420 2432 3525 2486 elo!
3574 2433 3677 2503 τῆς

2089 2517 2299 2570 ἑαυτῶν
2333 2517 2479 2588 ζωῆς
2527 2519 2620 2571 καὶ
2671 2519 2889 2592 λῃσταί.
2945 2521 3313 2589 Συζητοῦντες
3364 2524 3592 2587 ἑαυτοὺς
3623 2529 3675 2580 oi

2089 2606 2418 2663 καταλαϐεῖν
2435 2606 2770 2679 βουλόμενα.
2795 2609 2869 2680 μὴ
2883 2609 3242 2678 διαλίπωμεν,
3266 2611 3370 2666 κᾶν
3392 2613 3451 2664 ὲν
3478 2615 3673 2678 αἰσθή-

2091 2717 2172 2754 σει
2191 2699 2371 2770 ψυχῆς
2396 2699 2490 2751 τὸν
2508 2698 2737 2768 πλησίον
2755 2700 2930 2754 πάντα
2963 2698 3224 2769 προῦχειν
3252 2703 3284 2771 ὴ
3293 2700 3412 2770 μῶν
3429 2703 3678 2774 οἰώμεθα

2086 2794 2254 2860 ἐγγὺς
2297 2790 2359 2844 τδ
2401 2791 2550 2852 ἔλεος
2598 2789 2735 2860 (Π).
2782 2790 3067 2844 Ἀδύνατον
3093 2792 3158 2843 ὲκ
3199 2793 3375 2861 χιόνος
3425 2797 3677 2866 προϊέναι

2086 2885 2258 2954 φλόγα
2284 2902 2298 2916 ο
2337 2883 2764 2955 άμηχανώτερον
2792 2883 2850 2937 δὲ
2882 2886 2939 2938 ὲν
2971 2885 3266 2957 ὲτεροδόξῳ
3311 2903 3676 2961 ταπεινοφρο..

2088 2980 2255 3048 σύνην
2299 2979 2587 3048 ὑπάρχειν.
2653 2977 2871 3030 Πιστῶν
2933 2983 3028 3031 καὶ
3075 2980 3316 3036 εὐσεϐῶν
3364 2981 3424 3036 τὸ
3475 2984 3673 3052 κατόρ-

2085 3069 2245 3139 θωμα
2300 3069 2436 3142 (18),
2495 3070 2590 3122 καὶ
2631 3068 2791 3123 τοῦτο
2849 3073 2961 3135 τοῖς
3007 3072 3192 3126 λοιπὸν
3239 3075 3674 3148 κεκαθαρμένοις

2087 3162 2218 3236 [τῶν
2240 3159 2713 3232 κεκαθαρμένων)
2733 3161 2796 3215 οι
2814 3162 3032 3226 πλείους
3051 3165 3150 3234 μὲν
3163 3165 3391 3230 ἑαυτοὺς
3405 3167 3675 3238 ἁμαρτω-

2085 3255 2210 3319 λοὺς
2235 3255 2332 3309 καὶ
2367 3254 2599 3325 λέγομεν
2640 3255 2769 3316 ίσως
2821 3255 2915 3307 καὶ
2956 3257 3152 3326 ἔχομεν
3173 3274 3188 3287 ο
3237 3259 3431 3328 ἀτιμία
3457 3260 3512 3311 δὲ
3539 3277 3676 3330 καρ-

2085 3350 2202 3404 δίαν
2265 3351 2592 3420 ιδοκίμασεν
2639 3348 2790 3418 (19)·
2847 3350 2910 3402 οὑ
2965 3351 3234 3405 πάυσεται
3262 3355 3290 3406 δ
3319 3355 3674 3425 ἐπειγόμενος

2086 3445 2180 3498 ἐπὶ
2218 3444 2310 3498 τὸν
2340 3443 2536 3513 λιμένα
2576 3443 2762 3496 τοῦτον
2790 3444 2883 3495 τὸν
2918 3443 3253 3512 ἀκύμαντον,
3293 3446 3550 3516 τρόπους,
3577 3449 3673 3500 καὶ

2087 3538 2301 3606 λόγους,
2335 3538 2429 3590 καὶ
2454 3535 2684 3601 ἑννοίας,
2716 3537 2810 3590 καὶ
2839 3537 3106 3600 ἐπινοίας,
3142 3538 3236 3590 καὶ
3265 3537 3543 3608 ζητήσεις,
3579 3540 3671 3592 καὶ

2088 3630 2438 3700 ἐκζητήσεις,
2472 3627 2567 3680 καὶ
2616 3625 2863 3694 ἀγωγὰς,
2907 3629 2998 3680 καὶ
3051 3629 3438 3698 μηχανάς.καὶ
3480 3631 3671 3699 εὐχάς,

2087 3721 2183 3774 καὶ
2203 3718 2513 3790 προσευχάς
2543 3717 2734 3783 ποιῶν,
2769 3719 2866 3772 καὶ
2889 3718 3050 3783 νοῶν,
3080 3721 3174 3773 κα)⁸
3211 3721 3462 3783 ἐπινοῶν,
3511 3723 3675 3792 ἀχρες

2086 3806 2148 3868 οὗ
2172 3812 2260 3866 διὰ
2275 3811 2411 3865 Θεοῦ
2445 3809 2732 3882 συνεργίας
2756 3811 2852 3862 καὶ
2866 3813 3268 3881 ταπεινοτέρων
3297 3815 3389 3867 καὶ
3417 3815 3674 3885 ἀτιμοτέ-

2091 3924 2198 3977 ρων
2241 3903 2495 3973 ἀγωγῶν,
2547 3908 2646 3973 τῆς
2693 3905 3082 3974 ἁειχειμάστου
3111 3905 3342 3975 οἰήσεως
3392 3905 3674 3974 θαλάσσης

2088 3993 2436 4067 ἐλευθερώσῃ
2474 3994 2538 4047 τὺ
2585 3993 2688 4062 τῆς
2715 3994 2922 4056 οἰκείας
2963 3993 3144 4064 ψυχῆς
3191 3995 3400 4065 σκάφος
3431 4011 3446 4024 ·
3485 3999 3513 4049 ό
3561 3995 3674 4066 γὰρ

2086 4087 2294 4155 ταύτης
2321 4085 2682 4153 ἀπαλλαγεὶς,
2713 4085 2808 4137 ἐπὶ
2853 4085 2989 4138 πᾶσι
3021 4088 3133 4148 τοῖς
3181 4086 3386 4151 λοιποῖς
3415 4089 3672 4160 ἁμαρτή-

2091 4195 2254 4250 μασιν
2282 4175 2686 4244 εὑαπολόγητος
2729 4173 2968 4246 τελώνης
2999 4176 3230 4244 γίνεται.
3269 4177 3424 4240 Τινὲς
3456 4177 3562 4248 γάρ
3601 4180 3673 4232 τὰ

2088 4270 2460 4342 προγεγονότα
2491 4267 2660 4333 κακὰ,
2699 4268 2792 4322 καὶ
2828 4267 2966 4336 μετὰ
2994 4269 3092 4337 τὴν
3127 4269 3324 4338 ἄφεσιν
3362 4271 3568 4322 τούτοιν
3592 4273 3675 4332 είς

2087 4362 2347 4416 ὑπόθεσιν
2375 4359 2894 4430 ταπεινοφροσύνης,
2935 4360 3039 4422 ἕως
3063 4361 3250 4424 τέλους
3281 4362 3570 4432 ἐσχήκασι,
3604 4362 3672 4415 δι’

2090 4456 2316 4508 ἐκείνων
2346 4454 2408 4506 τὸ
2439 4452 2668 4523 μάταιον
2707 4453 2878 4522 οἴημα
2910 4452 3314 4521 κολαφίζοντες.
3353 4453 3574 4524 Ἐτεροι
3615 4455 3674 4508 δὲ

404 4575 508 4630 ope
569 4555 780 4611 cmlesti
821 4568 915 4623 per
966 4550 1288 4621 abjectiora,
1319 4559 1371 4602 et
1435 4547 1627 4601 viliora
1687 4545 1889 4610 studia,
1935 4553 1989 4599 ct

2088 4548 2150 4602 τὸ
2177 4548 2270 4602 τοῦ
2299 4543 2536 4617 Χριστοῦ
2568 4545 2877 4609 ἐννοοῦντες
2909 4545 3102 4611 πάθος,
3123 4548 3356 4611 ἑαυτοὺς
3383 4549 3470 4600 ἀεὶ
3499 4548 3670 4620 χρεώ-

404 4651 827 4705 cxercitationes
863 4645 1060 4699 anima:
1095 4657 1206 4697 sua:
1242 4639 1458 4710 puppim
1496 4656 1565 4694 ex
1604 4637 1804 4692 infesto
1840 4644 1989 4697 sem-4

2092 4657 2219 4701 στας
2261 4638 2581 4706 λογίζονται.
2610 4637 2794 4692 Ἀλλοι
2829 4638 2918 4690 διά
2955 4638 3064 4690 τῶν
3091 4637 3475 4709 καθημερινῶν
3505 4640 3677 4693 ἐλλεί-

410 4759 504 4814 pcr
545 4749 599 4794 et
629 4739 934 4810 procelloso
965 4735 1238 4805 superbia:
1267 4737 1459 4803 pelago
1486 4739 1728 4801 ereptam
1762 4730 1813 4781 in
1848 4741 1989 4780 tran-

2089 4731 2237 4801 ψεων
2283 4730 2511 4792 ἑαυτοὺς
2570 4727 2954 4792 εὐτελίζουσιν.
2989 4727 3174 4782 Ἀλλοι
3205 4731 3270 4782 ὲκ
3323 4729 3677 4800 συμϐατικῶν

409 4833 582 4904 quillo
655 4839 812 4899 portu
865 4827 1112 4883 collocet.
1144 4823 1248 4890 Qui
1309 4825 1451 4877 enim
1504 4823 1572 4875 ab
1613 4823 1712 4874 hac
1783 4820 1989 4890 (supcr-

2097 4820 2444 4892 πειρασμῶν,
2495 4820 2588 4872 κα)⁵
2642 4821 2832 4883 νόσων,
2883 4821 2976 4873 καὶ
3031 4821 3364 4889 πτωμάτων,
3418 4823 3517 4891 τὴν
3565 4822 3680 4876 τῶν

412 4925 524 4994 hia)
574 4923 739 4978 fuerit
777 4918 1084 4990 expeditus,
1127 4916 1196 4971 de
1249 4915 1507 4968 omnibus
1570 4911 1808 4981 peccatis
1841 4910 1989 4965 facile

2099 4913 2453 4982 χαρισμάτων
2484 4913 2695 4982 μητέρα
2720 4911 3086 4982 ᾠκειώσαντο.
3113 4914 3231 4966 Etsi.
3253 4914 3311 4967 δέ
3333 4931 3496 4979 τινες·
3519 4917 3681 4984 εἴπερ

415 5028 676 5088 tanquam
709 5014 1034 5085 publicanus
1058 5011 1170 5072 ille,
1211 5004 1533 5062 satisfaciet.
1574 5007 1714 5059 Sunt
1743 5004 1834 5074 qui
1863 5020 1989 5071 prac-

2098 5007 2189 5058 καὶ
2232 5004 2325 5057 νῦν
2365 5007 2524 5065 είσιν,
2567 5005 2666 5057 οὐκ
2701 5003 2808 5074 ἔχω
2832 5004 3014 5072 λέγειν
3035 5019 3048 5031 ·
3071 5005 3120 5056 oi
3147 5005 3216 5058 δι’
3241 5005 3421 5060 αὐτῶν
3445 5007 3553 5059 τῶν
3581 5010 3679 5062 τοῦ

413 5111 574 5166 terita
611 5114 829 5177 peccata
862 5104 1026 5160 etiam
1064 5113 1184 5173 post
1211 5102 1426 5154 veniam
1460 5099 1527 5154 de
1558 5099 1663 5153 illis
1695 5107 1989 5166 acceptam,

2095 5095 2232 5150 Θεοῦ
2259 5097 2477 5166 δωρεῶν
2507 5097 2650 5150 κατά
2677 5095 2980 5166 πρόσϐασιν
3011 5096 3218 5152 τούτων
3241 5099 3468 5162 ἑαυτοὺς
3486 5117 3552 5153 τα
3564 5118 3682 5153 πει-

411 5207 465 5259 in
501 5202 830 5257 humilitatis
866 5213 1088 5252 causam
1119 5206 1172 5251 et
1207 5206 1587 5265 argumentum
1619 5193 1860 5257 trahunt,
1887 5209 1989 5246 mc—

2099 5189 2313 5253 νοῧντες
2345 5189 2480 5260 (‘20),
2517 5187 2774 5252 ἀναξίους
2798 5180 3028 5252 ἑαυτοὺς
3058 5188 3152 5243 τοῦ
3175 5189 3421 5244 τοιούτου
3444 5191 3678 5245 πλούτου

412 5310 592 5349 nmrcs
625 5294 843 5346 illorum
873 5306 1047 5360 usque
1079 5289 1143 5343 ad
1198 5295 1453 5348 mortem,
1495 5301 1590 5354 per
1635 5301 1756 5354 qua:
1798 5300 1989 5353 supcr-

2096 5281 2456 5350 λογιζὸμενοι,
2504 5279 2601 5333 καὶ
2639 5279 2716 5343 ώς
2771 5279 3096 5352 καθημέραν
3134 5281 3213 5352 τῷ
3273 5282 3470 5336 ἑαυτοῦ
3523 5284 3680 5355 χρέει

414 5386 554 5438 bium
606 5393 843 5438 mactant
904 5379 1042 5434 Sunt
1073 5378 1162 5433 alii
1189 5377 1282 5447 qui
1311 5375 1515 5431 Christi
1544 5376 1850 5445 paSsionctn
1881 5390 1989 5427 mc-

2099 5372 2477 5442 προστιθέντες
2507 5373 2680 5436 οὕτως
2703 5373 3063 5444 διακείμενοι.

410 5475 638 5531 ditando
671 5489 882 5542 semper
941 5486 999 5526 se
1057 5480 1288 5525 :etcrnos
1345 5465 1622 5521 debitores
1678 5476 1998 5536 agnoscunt.
2041 5463 2146 5519 Alii
2221 5473 2441 5534 propter
2474 5465 2788 5534 quotidiana
2858 5467 3078 5534 delicta,
3145 5485 3266 5525 sese
3327 5472 3596 5543 abjiciunt
3627 5484 3686 5528 et

413 5571 714 5625 vilissimos
737 5569 1005 5637 iudicant.
1037 5567 1144 5621 Alii
1211 5581 1278 5619 ex
1318 5563 1711 5618 tcntationibns
1771 5577 1893 5632 qua:
1958 5559 2230 5626 accidunt,
2297 5569 2352 5616 ct
2415 5558 2623 5617 morbis
2693 5560 2886 5629 animi,
2943 5569 2997 5618 ct
3045 5563 3310 5634 lapsibus,
3375 5567 3685 5636 gratiarum

487 5749 527 5778 ⁸⁷
556 5746 700 5800 Ρε.ιι.
739 5757 998 5812 cxxxvttt,
1030 5743 1120 5810 ‘23,
1165 5740 1258 5794 24.
1342 5742 1385 5774 ³⁸
1435 5740 1590 5795 Joau.
1635 5755 1687 5801 χ,
1727 5743 1779 5790 ir.

428 5999 494 6029 ’Ἢ-
