4086 6180
400 275 500 342 991

1376 274 1605 334 SCALA
1646 268 2026 333 PARADISI.
2062 291 2129 304 -·
2159 267 2466 330 GRADUS
2494 270 2667 330 XXV.

3557 272 3664 339 998

404 382 679 460 parentem
720 387 823 442 sibi
869 385 1195 442 familiarem
1248 384 1502 448 reddunt.
1566 384 1707 438 Sunt
1759 392 1813 436 et
1871 380 1961 434 alii
2019 379 2224 442 (utrum
2275 391 2404 434 vero
2453 378 2612 433 hodie
2638 384 2772 446 sint,
2796 380 2977 436 dicere
3040 392 3145 435 non
3214 380 3409 452 haben)
3447 382 3540 454 qui
3569 396 3665 453 per

401 488 518 556 ipsa
591 485 833 539 coelestia
900 483 993 538 Dei
1043 484 1188 538 dona
1269 482 1472 549 quibus
1576 478 1824 548 quotidie
1931 472 2241 527 aﬂiciuntnr
2328 482 2383 527 et
2454 473 2767 543 proﬁciunt,
2826 476 3021 546 scipsis
3082 475 3466 532 submissiores
3506 475 3663 541 tium,

399 577 531 634 dum
568 590 628 630 se
667 575 920 643 indignos
948 572 1112 626 tantis
1156 569 1455 641 gratiarum
1508 567 1787 624 thesauris
1850 563 2193 626 existimant,
2227 571 2283 616 et
2344 563 2571 633 perinde
2628 563 2941 620 allieiuntur
2969 580 3034 621 ac
3092 566 3139 622 si
3171 567 3416 638 quotidie
3442 566 3666 621 nomina
3760 560 3765 564 ’

401 671 708 729 debitorum
740 677 1024 738 augerent.

471 763 643 819 Τοῦτο
692 762 1042 827 ταπείνωσις,
1082 759 1241 813 τοῦτο
1288 761 1325 830 ἡ
1376 756 1717 829 μακαριότης
1751 768 1769 787 ο
1825 754 1984 808 τοῦτο

2158 741 2284 797 Haec
2312 751 2397 799 est
2427 744 2728 809 humilitas,
2762 748 2876 803 haec
2904 748 3199 811 beatitudo,
3225 749 3392 821 319
3422 750 3525 805 hoc
3547 767 3670 822 per-

397 861 464 914 τδ
486 858 692 911 τιλειον
716 853 968 909 ἔπαθλον.
1013 853 1247 908 ὀπόταν
1299 851 1423 906 τινά
1480 850 1598 924 ίδῃς
1646 849 1681 921 ἢ
1737 848 1978 918 ἀκούσῃς

401 953 462 1004 ὲν
514 949 717 1019 ὀλίγοις
777 946 954 1000 ἔτεσιν
1008 944 1352 1015 ὑψηλοτάτην
1393 942 1662 998 ἀπάθειαν
1708 943 1982 1011 κτησάμε-

402 1059 514 1107 νον,
561 1041 657 1095 καὶ
711 1039 788 1111 μὴ
839 1038 1030 1110 ἀλλην,
1062 1037 1200 1092 ἀλλά
1227 1031 1436 1106 ταύτην
1468 1037 1633 1091 αὑτὸν
1670 1036 1775 1110 τὴν
1806 1052 1981 1106 μακα-

403 1135 524 1206 ρίαν
554 1132 817 1200 σύντομον
856 1128 976 1182 ὁδὸν
1023 1127 1478 1199 ττεζοπορήσαντα
1502 1126 1874 1198 ὕπολάμσανε.
1915 1127 1982 1179 Ἢ

404 1225 528 1295 ἰερά
567 1222 818 1291 ξυνωρὶς,
861 1219 1054 1287 ἀγάπη
1108 1220 1203 1274 καὶ
1245 1220 1575 1281 ταπείνωσις
1598 1219 1677 1288 ἠ
1733 1219 1832 1285 μὲν
1872 1216 1982 1288 γὰρ

401 1317 550 1386 ὑψοί,
591 1317 626 1384 η
660 1315 718 1368 δὲ
763 1314 890 1376 τοὺς
923 1311 1241 1381 ὐψωθέντας
1281 1310 1560 1380 κρατοῦσα
1595 1310 1852 1363 οὐδέποτε
1891 1309 1982 1361 πί-

402 1425 551 1462 πτει.
588 1404 751 1460 Ἄλλο
802 1403 1141 1474 συντριμμὸς
1182 1402 1292 1474 (21)
1321 1443 1334 1468 ,
1368 1405 1465 1455 καὶ
1502 1401 1632 1457 ἄλλο
1659 1403 1980 1469 ἐπίγνωσις,

352 1486 355 1489 ’
402 1502 497 1554 καὶ
547 1498 678 1555 ἀλλο
714 1496 1070 1561 ταπείνωσις.
1111 1495 1458 1566 Συντριμμός
1506 1496 1626 1549 ἐστι
1689 1495 1983 1564 πτώματος

400 1592 672 1662 γέννημα.
714 1589 773 1641 '0
799 1588 908 1661 γὰρ
942 1588 1160 1642 πίπτων
1200 1586 1546 1658 συντρίϐεται
1594 1588 1692 1642 καὶ
1724 1588 1984 1659 ἀπαρρη-

402 1684 625 1746 σίαστος
677 1684 736 1735 ὲν
782 1680 1058 1750 προπυχῇ
1102 1679 1219 1747 μετ’
1267 1679 1664 1748 ἐπαινουμένης
1710 1679 1985 1743 ἀναιδείας

402 1774 760 1841 παρίσταται,
793 1770 976 1842 ῥάϐδῳ
1004 1769 1218 1833 ἰλπίδος
1252 1768 1327 1832 ὡς
1360 1768 1829 1841 συντεθλασμένος
1858 1772 1984 1824 ὲπι-

404 1863 819 1934 στηριζόμενος,
864 1864 961 1918 καὶ
1008 1862 1066 1914 ὲν
1114 1861 1252 1930 αὐτῇ
1297 1861 1389 1912 τὸν
1440 1860 1576 1914 κύνα
1604 1861 1703 1929 τῆς
1736 1858 1986 1927 ἀπογνώ-

404 1971 545 2018 σεως
576 1954 809 2009 διώκων.
845 1952 1170 2021 Ἐπίγνωσίς
1190 1955 1338 2006 ἐστιν
1359 1953 1610 2024 ἀσφαλὴς
1638 1953 1749 2005 τῶν
1769 1953 1988 2006 οἰκείων

405 2046 656 2117 μέτρων.
687 2046 783 2099 καὶ
812 2044 987 2115 thle
1015 2044 1376 2115 πταισμάτων
1417 2044 1766 2115 ἀρὲμσαστος
1797 2044 1986 2115 μνήμη

2082 834 2284 891 [cetum
2322 840 2627 906 premium.
2660 838 2810 904 Quod
2847 842 2893 895 si
2926 855 3086 908 quem
3117 842 3316 898 videris
3343 846 3427 898 vel
3480 847 3667 903 audie-

2083 929 2159 983 ris
2209 929 2348 982 intra
2374 944 2581 999 paucos
2619 948 2791 987 annos
2805 934 2871 987 ad
2898 950 3169 989 summam
3200 936 3369 990 animi
3405 937 3673 1010 tranquil-

2081 1021 2289 1076 litatem
2322 1024 2617 1093 aspirasse,
2657 1040 2766 1081 non
2800 1026 2904 1080 alia
2935 1026 3088 1082 illum
3124 1029 3209 1082 via
3262 1030 3331 1083 ad
3366 1029 3508 1086 hanc
3543 1047 3671 1101 per-

2085 1112 2373 1169 fectionem
2411 1117 2722 1185 pervenisse
2750 1118 2916 1180 scias,
2971 1136 3134 1188 quam
3169 1136 3262 1191 per
3295 1121 3432 1176 lianc
3457 1124 3670 1178 beatam

2082 1215 2139 1260 et
2170 1209 2611 1275 compendiosam
2659 1211 2908 1265 semitam
2970 1213 3292 1281 pedestrem.
3354 1214 3519 1270 Sacra
3559 1218 3673 1274 haec

2087 1297 2210 1366 biga
2253 1308 2338 1352 est
2374 1298 2615 1354 charitas
2652 1309 2705 1354 et
2739 1302 3053 1366 humilitas;
3094 1321 3219 1358 nam
3280 1306 3369 1360 illa
3443 1309 3669 1371 exaltat.

2088 1387 2201 1442 haec
2232 1390 2497 1446 cxaltatos
2531 1408 2598 1446 ne
2645 1409 2887 1462 unquam
2963 1396 3238 1460 decidant,
3292 1407 3459 1455 tenet.
3514 1401 3672 1457 Aliud

2086 1489 2169 1535 est
2196 1485 2471 1547 contritio,
2505 1484 2650 1539 aliud
2683 1487 2944 1556 cOgnitio,
2978 1488 3125 1543 aliud
3189 1490 3490 1546 humilitas.
3528 1492 3676 1549 Con-

2088 1573 2237 1626 trilio
2268 1590 2332 1628 ex
2387 1588 2520 1631 casu
2570 1592 2666 1631 seu
2698 1578 2850 1647 lapsu
2887 1580 3145 1634 nascitur.
3174 1579 3310 1635 Nam
3379 1585 3473 1653 qui
3504 1586 3672 1652 cadit,

2089 1667 2415 1731 conteritur,
2444 1678 2498 1720 ct
2528 1670 2647 1723 sine
2681 1670 3007 1725 conﬁdentia
3038 1675 3122 1727 sui
3157 1674 3209 1727 in
3237 1679 3493 1744 precibus
3548 1695 3673 1733 cum

2089 1758 2344 1812 laudabili
2375 1760 2706 1829 impudentia
2744 1761 2853 1817 Deo
2881 1773 3043 1829 astat,
3073 1767 3292 1822 innixus
3327 1769 3518 1824 baculo
3537 1773 3674 1839 spei,

2091 1860 2347 1920 tanquam
2381 1852 2717 1920 confractus,
2753 1872 2861 1923 quo
2900 1859 3291 1926 desperationis
3318 1876 3507 1915 canem
3563 1864 3680 1916 abi-

2090 1942 2166 2010 git
2199 1950 2252 1993 et
2284 1943 2607 2010 insequitur.
2644 1945 2899 2013 Cognitio
2926 1954 3012 2000 est
3073 1946 3223 1998 ﬁrma
3266 1949 3495 2016 propria:
3554 1949 3675 2018 (seu

2094 2034 2432 2105 facultatum)
2461 2039 2904 2106 comprehensio,
2937 2052 2989 2094 et
3022 2041 3379 2096 intentissima
3408 2044 3569 2098 etiam
3596 2046 3677 2100 le-

401 2114 529 2192 ita‘t'
552 2114 876 2207 κατάληψις.
927 2135 1270 2198 Ταπείνωσίς
1319 2137 1440 2189 ἐστι
1464 2114 1469 2115 ί
1495 2135 1685 2205 διδαχὴ
1743 2135 1986 2206 Χριστοῦ

2093 2130 2305 2184 viorum
2348 2131 2652 2201 lapsionnm
2690 2138 2971 2189 memoria.
3007 2135 3295 2193 Humilitas
3328 2149 3405 2192 est
3430 2141 3678 2197 doctrina

402 2230 570 2300 νοερά
596 2228 800 2300 ventri;
829 2230 943 2291 τοῖς
970 2226 1418 2298 καταξιουμένοις
1436 2230 1496 2282 ὲν
1522 2227 1602 2296 τῷ
1629 2227 1863 2298 ταμιείῳ
1889 2228 1987 2294 τῆς

401 2320 587 2393 ψυχῆς
640 2320 1091 2391 θαλαμευομένη,
1137 2318 1236 2373 καὶ
1284 2318 1465 2387 λόγοις
1518 2319 1796 2390 αἰσθητοῖς
1852 2315 1989 2372 οὖσα

402 2414 722 2485 ἀπρόσιτος.
759 2411 819 2465 ὐ
866 2411 1000 2475 ὅλως
1042 2410 1222 2483 ὀσμῆς
1269 2409 1366 2463 τοῦ
1416 2409 1658 2465 τοιούτου
1703 2412 1877 2482 μύρου
1931 2414 1991 2465 ὲν

401 2503 589 2576 ἑαυτῷ
615 2503 898 2558 αἰσθέσθαι
928 2503 1126 2571 λέγων,
1162 2503 1259 2556 καὶ
1283 2505 1345 2556 ὲν
1368 2503 1550 2575 καιρῷ
1572 2504 1839 2566 ἐπαίνων,
1883 2503 1985 2556 κᾶν

403 2597 547 2670 πρὸς
569 2596 744 2668 βραχὺ
768 2595 868 2666 τὴν
912 2594 1139 2666 καρδίαν
1169 2594 1483 2665 κινούμενος
1514 2611 1527 2625 ο
1565 2596 1599 2665 ἢ
1631 2596 1733 2665 τὴν
1756 2594 1868 2649 τῶν
1895 2594 1986 2648 λό-

402 2705 524 2758 γων
552 2689 787 2760 δύναμιν
808 2689 1175 2758 ἐπιστάμενος
1209 2687 1345 2759 (‘22),
1383 2689 1459 2759 μὴ
1497 2688 1743 2761 πλανηθῇ
1776 2688 1991 2742 πιπλά-

402 2797 568 2854 νηται
599 2797 614 2813 ο
649 2781 748 2847 Μὴ
780 2779 943 2849 ἡμῖν,
969 2781 1168 2848 Κύριε,
1203 2779 1292 2849 μὴ
1324 2781 1491 2850 ἡμῖν,
1525 2782 1582 2834 ιν
1613 2782 1864 2853 αἰσθήσει
1890 2782 1991 2851 ψυ-

403 2875 510 2945 χῆς
529 2890 674 2936 τινος
703 2874 916 2943 ἀκήκοα
939 2872 1187 2941 λέγοντος
1219 2890 1231 2903 ·
1258 2872 1398 2926 ἀλλ’
1424 2874 1462 2943 ἢ
1494 2873 1573 2939 τῷ
1601 2875 1847 2943 ὀνόματι
1872 2890 1990 2929 σου

401 2964 516 3031 δὸς
541 2960 752 3029 δόξαν.
791 2964 1084 3031 Ἐγίνωσκε
1113 2964 1223 3033 γὰρ
1248 2963 1347 3034 τὴν
1372 2965 1554 3032 φύσιν,
1591 2965 1665 3036 μὴ
1695 2966 1772 3029 ὡς
1800 2968 1990 3037 ετυχεν

402 3055 467 3123 δε
489 3056 694 3125 εαυτῆς
720 3055 936 3125 ἀϐλαϐῆ
977 3054 1279 3125 διαμένειν.
1326 3056 1492 3123 Παρά
1533 3058 1634 3111 σοί
1676 3062 1709 3111 ό
1745 3059 1991 3125 ἔπαινός

402 3165 524 3219 μου
553 3150 626 3203 ἐν
673 3149 974 3215 ἐκκλησίᾳ
1005 3146 1262 3217 (rapti/tn,
1305 3149 1364 3200 ὲν
1409 3148 1489 3218 τῷ
1549 3150 1816 3218 μέλλοντι.
1877 3151 1991 3222 Πρὸ

402 3242 520 3314 τὰρ
568 3240 802 3306 ἐκείνου,
852 3239 1057 3309 ταύτην
1108 3237 1428 3314 [εὐφημίαν]
1462 3244 1762 3308 ἀκινδύνως
1801 3246 1991 3316 φέρειν

401 3336 469 3390 οὺ
496 3333 754 3405 δύναμαι.
792 3334 855 3386 Εἰ
903 3333 1063 3387 τοῦτο
1102 3332 1248 3404 δρος,
1287 3334 1382 3388 καὶ
1427 3335 1605 3405 λόγος,
1652 3339 1747 3391 καὶ
1787 3338 1989 3406 τρόπος

2093 2222 2297 2278 Christi
2329 2240 2434 2293 qua
2460 2227 2764 2296 spiritualis
2793 2230 3044 2282 eruditur
3070 2230 3139 2283 ab
3168 2232 3234 2283 iis
3261 2233 3350 2301 qui
3385 2234 3529 2303 digni
3549 2243 3679 2288 sunt

2090 2317 2522 2384 comprehensa;
2552 2334 2784 2390 qucque
2811 2321 2864 2374 in
2892 2323 3134 2377 conclavi
3163 2324 3359 2378 animm
3415 2335 3675 2394 tauquam

2091 2407 2333 2463 thalamo
2361 2409 2638 2465 recondita
2678 2414 3154 2467 manetmnnibus
3190 2430 3312 2484 quas
3358 2431 3520 2471 sensu
3555 2433 3678 2486 per-

2090 2498 2368 2568 cipiuntur
2405 2502 2585 2558 verbis
2615 2502 2928 2559 inell‘abilis.
2959 2504 3063 2571 Qui
3097 2523 3155 2560 se
3184 2508 3410 2561 omnino
3435 2508 3680 2579 fragran-

2092 2591 2222 2644 tiam
2254 2592 2414 2661 hujus
2450 2596 2712 2665 unguenti
2740 2599 2946 2653 sentire
2978 2599 3031 2652 in
3064 2612 3122 2653 se
3161 2601 3280 2668 ipso
3306 2600 3457 2665 dicit,
3485 2612 3538 2656 et
3597 2604 3681 2656 in-

2092 2684 2247 2738 terim
2297 2684 2573 2752 landibus,
2607 2689 2708 2743 etsi
2742 2691 2899 2758 quasi
2926 2705 3021 2761 per
3056 2702 3415 2759 momentum,
3449 2695 3502 2749 in
3560 2698 3678 2750 ani-

2092 2790 2183 2829 mo
2216 2791 2583 2845 permovetur,
2611 2790 2705 2835 aut
2739 2786 2844 2835 vim
2879 2783 3169 2838 verborum
3202 2786 3472 2856 intelligit,
3513 2788 3559 2842 is
3609 2803 3679 2843 ne

2094 2880 2256 2935 erret,
2285 2872 2398 2938 jam
2431 2873 2690 2942 deceptus
2716 2885 2837 2929 est:
2901 2874 3028 2930 Non
3080 2879 3249 2938 nobis.
3304 2877 3544 2946 Domine,
3576 2897 3683 2935 non

2093 2957 2241 3011 nobis
2273 2960 2584 3028 (quemdam
2605 2964 2786 3019 audivi
2827 2964 2882 3019 in
2916 2966 3108 3022 all‘ectu
3136 2969 3358 3036 spiritus
3385 2971 3677 3038 dicentem,

2097 3051 2191 3100 sed
2240 3051 2439 3104 nomini
2472 3060 2560 3105 tuo
2613 3053 2685 3107 da
2712 3054 2939 3125 gloriam
2973 3055 3037 3108 ³⁸.
3069 3054 3236 3111 Norat
3267 3061 3408 3112 enim
3427 3070 3675 3117 naturain

2091 3154 2189 3208 pro
2215 3156 2366 3197 more
2384 3159 2506 3210 suo,
2530 3160 2624 3213 per
2656 3161 2718 3204 se
2747 3162 2855 3202 non
2886 3161 3047 3217 posse
3076 3150 3299 3206 illaesam
3321 3166 3637 3218 permanere
3661 3174 3674 3208 :

2091 3230 2246 3297 Apud
2287 3243 2334 3286 te
2365 3237 2507 3289 enim
2532 3236 2653 3290 laus
2679 3253 2795 3292 mea
2833 3239 2892 3291 in
2943 3237 3184 3295 Ecclesia
3242 3260 3433 3314 magna
3463 3246 3531 3310 ’°,
3595 3247 3677 3300 fu-

2094 3332 2223 3378 turo
2283 3341 2478 3397 nempe
2531 3339 2776 3400 tempore
2825 3329 3096 3406 [saeculo].
3149 3336 3288 3392 Ante
3335 3335 3500 3408 320
3549 3355 3678 3393 vero

402 3425 644 3499 ἐσχάτης
679 3424 1057 3497 ὑπερηφανίας
1096 3425 1403 3496 καθέστηκε
1430 3467 1445 3493 ,
1480 3429 1542 3482 τὸ
1582 3429 1682 3494 τὰς
1715 3431 1790 3500 μὴ
1821 3449 1987 3501 προσ.

2091 3432 2253 3489 quam
2284 3418 2416 3475 illud
2449 3420 2724 3486 adveniat,
2758 3422 2899 3478 hanc
2943 3422 3085 3479 ferre
3110 3426 3229 3483 sine
3264 3432 3508 3501 periculo
3566 3446 3675 3487 non

401 3519 574 3582 οὐσας
611 3517 814 3588 ἀρετὰς
838 3555 854 3581 ,
888 3515 1049 3586 δόξης
1080 3517 1261 3586 χάριν,
1303 3518 1715 3588 ὑποκρίνεσθαι,
1750 3522 1850 3575 οὐκ
1892 3517 1988 3575 οὖν

402 3612 570 3668 τοῦτο
615 3610 918 3680 τεκμήριον
971 3606 1277 3678 βαθυτάτης
1316 3612 1820 3683 ταπεινοφροσύνης
1863 3614 1990 3668 καθ-

404 3705 612 3775 ἕστηκε
642 3703 705 3757 τὸ
730 3701 828 3765 τὰς
863 3703 940 3773 μη
971 3701 1277 3769 προσούσας
1319 3702 1451 3770 ἡμῖν
1480 3704 1663 3765 αἰτίας
1697 3704 1789 3755 ἐπί
1819 3721 1988 3777 τινων

404 3795 686 3858 εὐτελείας
734 3796 897 3865 χάριν
941 3792 1392 3863 σχηματίζεσθαι.
1436 3794 1622 3859 Οὕτως
1648 3798 1676 3847 ὁ
1706 3796 1795 3848 τὸν
1822 3798 1988 3865 ἄρτον

407 3889 512 3944 καὶ
555 3887 649 3942 τὸν
679 3884 846 3957 τυρὸν
894 3885 1033 3954 μετὰ
1091 3888 1278 3955 χεῖρας
1318 3887 1431 3956 (15)
1479 3889 1717 3959 εἰληφὼς
1759 3892 1991 3961 πεποίη-

406 3997 507 4036 κεν
531 3979 610 4050 (ιι)
627 3996 642 4011 ·
664 3977 837 4041 οὕτως
854 3978 884 4031 δ
903 3976 999 4048 τὴν
1017 3976 1213 4029 ἑαυτοῦ
1239 3977 1443 4047 ἐσθῆτα
1468 3981 1835 4051 ἐκδυσάμενος
1851 3981 1985 4048 (24),

407 4075 506 4129 καὶ
530 4070 758 4130 ἀπαθῶς
793 4071 822 4124 ὁ
847 4074 945 4138 της
984 4070 1207 4135 ἁγνείας
1237 4073 1479 4143 ἐργάτης
1503 4075 1605 4145 τὴν
1643 4073 1797 4127 πόλιν
1827 4089 1988 4143 περι-

408 4165 686 4234 πολήσας·
739 4162 801 4216 οὐ
854 4160 1194 4231 μεριμνῶσιν
1243 4166 1293 4216 οἱ
1357 4164 1588 4219 τοιοῦτοι
1642 4165 1988 4236 ἀνθρωπίνου

409 4253 860 4327 προσκόμματος,
900 4250 1088 4305 λοιπὸν
1116 4253 1401 4325 εἰληφότες
1430 4258 1658 4327 δύναμιν
1684 4258 1775 4312 διὰ
1817 4275 1991 4331 προσ-

412 4350 578 4419 ευχῆς
607 4347 858 4416 ἀοράτως
899 4343 1110 4409 πάντας
1155 4347 1593 4419 πληῳφορῆσαι.
1643 4351 1703 4403 '0
1732 4351 1825 4404 τοῦ
1855 4367 1990 4422 προ⁶

411 4446 571 4510 τέρου
591 4438 1018 4508 ἐπιμελούμενος
1053 4438 1185 4510 (25),
1217 4441 1312 4492 τοῦ
1342 4440 1596 4512 δευτέρου
1627 4442 1830 4495 ἔνδειαν
1859 4445 1992 4515 ἐσή-

417 4549 604 4604 μανεν.
638 4531 811 4585 Ὅπου
843 4530 952 4601 γὰρ
983 4529 1117 4594 Θεὸς
1154 4533 1292 4603 πρὸς
1319 4534 1539 4604 αἴτησιν
1570 4536 1810 4606 ἕτοιμος,
1853 4538 1990 4592 πάν-

412 4641 483 4678 τα
524 4623 701 4678 ποιεῖν
750 4621 1047 4691 δυνάμεθα.
1083 4622 1220 4678 Θέλε
1262 4625 1465 4695 μᾶλλον
1502 4626 1844 4698 ἀνθρώπους,
1897 4632 1990 4685 καὶ

418 4716 495 4788 μὴ
514 4715 649 4769 Θεὸν
676 4714 897 4768 λυπεῖνο
928 4716 1109 4786 χαίρει
1129 4718 1239 4788 γὰρ
1268 4716 1412 4789 δρῶν
1432 4720 1579 4789 ἡμᾶς
1604 4723 1796 4793 ἀτιμίᾳ
1820 4741 1987 4795 προσ.

417 4786 708 4879 τρίχοντας
744 4805 881 4875 (Ξϐ),
927 4805 1011 4859 ἵνα
1070 4806 1170 4878 την
1206 4786 1659 4880 ματαίαν-οἴησιν
1700 4786 1987 4883 -θλίψωμεν
2020 4786 2064 4843 θ

417 4900 517 4953 καὶ
541 4896 857 4968 πλήξωμεν,
892 4896 990 4951 καὶ
1018 4899 1398 4971 ἀπολέσωμεν.
1435 4901 1689 4957 Χενιτεία
1713 4904 1988 4977 ἀκροτάτη

416 4990 526 5046 τῶν
549 4989 809 5044 τοιούτων
843 4989 1020 5043 ἄθλων
1053 4991 1316 5061 πρόξενος
1338 5008 1352 5023 ο
1387 4995 1641 5064 μεγάλων
1680 4998 1789 5069 γὰρ
1822 5000 1990 5064 δντως

420 5082 480 5146 ἐξ
500 5081 717 5135 οἰκείων
754 5080 941 5150 φέρειν
990 5082 1381 5151 ὲμπαίζεσθαι.
1432 5088 1527 5156 κὴ
1580 5085 1867 5162 θαμσηθῇς
1898 5094 1992 5144 ἐ,πί

402 5177 532 5237 ’τοῖς
573 5174 924 5245 εἰρημένοις·
963 5174 1142 5239 οὐδεὶς
1187 5176 1299 5247 γὰρ
1345 5181 1586 5251 κλίμακα
1627 5183 1717 5253 ὑφ’
1760 5185 1817 5237 ἓν
1858 5201 1986 5238 ποτε

422 5265 663 5320 ἀνελθεῖν
704 5266 1008 5337 δεδύνηται.
1064 5267 1153 5322 Ἐν
1189 5272 1372 5343 τούτῳ
1420 5275 1719 5342 γνώσονταί
1766 5277 1988 5340 πάντες.

421 5357 504 5413 δτι
525 5360 661 5413 Θεοῦ
699 5359 937 5431 μαθηταί
978 5363 1178 5432 ἔσμεν,
1214 5364 1315 5433 οὐχ
1355 5364 1435 5418 ὅτι
1476 5366 1545 5419 τὰ
1579 5367 1829 5439 δαιμόνια
1859 5373 1994 5442 ἡμῖν

428 5450 808 5515 ὑπακούουσιν,
840 5452 954 5506 ἀλλ’
991 5452 1081 5507 ὅτι
1108 5454 1181 5508 τὰ
1201 5455 1462 5524 ὀνόματα
1483 5458 1652 5528 ἡμῶν
1671 5461 1993 5532 γέξψαπται

495 5584 538 5616 ¹⁶
568 5582 710 5639 Psal.
743 5599 902 5645 cxiii,
935 5587 984 5640 ἰ.
1063 5587 1108 5618 ⁸⁸
1138 5586 1282 5642 l‘sal.
1319 5607 1430 5660 ut,
1461 5593 1546 5648 25.

499 5677 574 5746 (a)
597 5673 652 5735 ὃ.
689 5677 1044 5748 Serapionem
1082 5679 1355 5752 intelligit.

2089 3523 2333 3578 possum.
2384 3508 2444 3565 Si
2475 3509 2590 3566 haec
2626 3511 2872 3568 dellnitio
2917 3523 2973 3569 et
3028 3516 3168 3571 ratio
3232 3527 3287 3575 et
3335 3522 3529 3577 modus
3595 3534 3679 3578 est

2088 3611 2345 3657 extrema:
2375 3604 2667 3674 superbiae,
2700 3605 2885 3676 gloria:
2939 3607 3118 3663 studio
3173 3612 3420 3680 virtutes,
3477 3616 3678 3685 quibus

2087 3710 2263 3758 cares.
2299 3709 2394 3766 per
2419 3696 2749 3768 hypocrisim
2804 3699 3086 3766 simulare,
3119 3701 3359 3772 profecto
3399 3706 3678 3764 altissimae

2087 3787 2410 3844 humilitatis
2434 3799 2817 3861 argumentum
2852 3793 2977 3859 erit,
3008 3795 3198 3864 culpas
3231 3799 3497 3866 quasdam
3524 3800 3675 3871 (qni-

2088 3880 2192 3937 bus
2226 3890 2405 3936 tamen
2437 3884 2617 3955 vaces)
2651 3885 2928 3940 nonnullis
2961 3888 3015 3941 in
3059 3888 3222 3944 rebus
3255 3899 3315 3945 ut
3363 3891 3523 3946 vilior
3578 3896 3678 3948 ba-

2090 3972 2268 4028 bearis
2294 3974 2566 4045 efﬁngere.
2598 3975 2688 4032 Sic
2722 3978 2849 4033 fecit
2878 3978 2955 4048 (a)
2988 3980 3075 4050 qui
3120 3996 3317 4049 panem
3369 3994 3423 4038 et
3455 4000 3674 4041 caseum

2097 4067 2151 4120 in
2181 4082 2378 4121 manus
2408 4070 2651 4137 accepit:
2696 4070 2777 4126 sic
2819 4073 2834 4091 ‘
2856 4072 2949 4141 qui
2990 4073 3200 4143 abjccta
3234 4086 3399 4141 veste,
3434 4079 3568 4133 liber
3595 4090 3677 4133 ta-

2091 4174 2214 4213 men
2246 4159 2316 4214 ab
2344 4161 2492 4213 omni
2535 4176 2698 4216 sensu
2740 4162 3004 4228 libidinis,
3064 4180 3354 4234 germanus
3410 4173 3678 4227 castitatis

2090 4253 2270 4307 cultor
2297 4252 2571 4308 civitatem
2599 4254 2732 4309 obiit
2767 4254 2864 4324 (b).
2892 4254 3009 4309 Non
3045 4267 3174 4311 sunt
3207 4260 3425 4316 solliciti
3485 4262 3675 4332 hujus-

2090 4348 2243 4405 modi
2288 4363 2355 4403 ne
2392 4350 2702 4418 quempiam
2735 4351 3017 4408 hominum
3053 4353 3349 4420 offendant,
3377 4371 3497 4411 eam
3530 4360 3675 4414 enim

2092 4444 2323 4515 gratiam
2341 4455 2393 4499 et
2419 4445 2671 4500 virtutem
2690 4461 2786 4517 per
2803 4462 3034 4515 precesa
3054 4449 3162 4504 Deo
3179 4462 3520 4521 acceperunt,
3547 4464 3605 4508 ut
3622 4456 3673 4509 in

2103 4538 2296 4607 Spiritu
2313 4536 2569 4592 omnibus
2591 4539 2947 4595 satisfaciant.
2969 4540 3071 4607 Qui
3092 4544 3287 4611 prioris
3309 4546 3672 4602 rationemha-

2093 4629 2203 4694 bet,
2220 4630 2391 4684 altero
2413 4645 2472 4685 se
2491 4630 2730 4700 indigere
2749 4633 3001 4689 ostendit.
3022 4632 3250 4700 Quando
3262 4636 3404 4691 eriim
3424 4638 3587 4693 Deum
3607 4642 3673 4696 ad

2093 4731 2279 4776 votum
2316 4731 2564 4778 nostrum
2585 4737 2830 4794 paratum
2876 4726 3156 4796 habemus,
3183 4729 3317 4784 nihil
3345 4746 3453 4786 non
3478 4747 3571 4802 per
3594 4734 3678 4804 ip—

2097 4831 2215 4870 sum
2246 4831 2555 4884 possumus.
2598 4816 2883 4874 Hominem
2916 4820 3095 4889 potius
3137 4837 3300 4892 quam
3334 4824 3503 4882 Deum
3542 4828 3676 4884 velis

2097 4907 2387 4973 oﬂendere,
2413 4911 2517 4980 qui,
2542 4911 2801 4980 gaudium
2828 4912 3046 4984 quando
3065 4929 3165 4971 nos
3187 4916 3330 4972 videt
3352 4919 3420 4973 ad
3444 4920 3676 4991 ignomi-

2098 5002 2242 5056 niam
2276 5016 2588 5072 properare,
2621 5012 2681 5058 ut
2708 5005 2928 5059 stultam
2971 5009 3142 5063 nostri
3178 5011 3593 5068 aestimationem
3625 5025 3681 5070 et

2098 5095 2462 5165 arrogantiam
2493 5094 2813 5167 aﬂligamus,
2842 5098 3109 5156 clidamus
3137 5109 3189 5154 et
3229 5104 3675 5161 exterminemns.

2098 5187 2421 5259 llujusmodi
2454 5194 2752 5247 certamina
2781 5202 3186 5250 creatextrema
3219 5197 3345 5267 fuga
3364 5200 3546 5254 saeculi
3579 5217 3674 5255 seu

2098 5282 2477 5352 peregrinatio.
2513 5281 2829 5355 Magnorum
2871 5287 3015 5340 cnim
3054 5302 3237 5342 revera
3308 5291 3546 5344 virorum
3593 5301 3677 5346 est

2103 5375 2171 5427 ab
2218 5374 2532 5431 domesticis
2586 5386 2638 5431 et
2684 5375 3040 5433 familiaribus
3120 5378 3350 5434 ludibria
3392 5382 3521 5449 pati.
3563 5379 3672 5436 Nec

2105 5476 2186 5523 cst
2216 5468 2358 5536 quod
2383 5480 2549 5537 super
2582 5465 2667 5523 his
2692 5467 2850 5522 dictis
2872 5469 3226 5540 obstupescas
3256 5484 3449 5525 :ncmo
3473 5470 3670 5540 quippe

2174 5693 2248 5756 ib)
2288 5694 2475 5748 Simon
2511 5691 2670 5749 Salus
2707 5693 2790 5748 hic
2820 5695 2941 5747 fuit.
