4086 6180
308 305 446 378 1023

1566 321 1620 379 ς,
1646 316 1965 381 ΙΟΛΝΝῙΞ
1995 315 2310 380 CIJMACl

3439 312 3458 374 ί
3467 305 3572 376 024

301 427 504 497 quibus
534 428 794 482 nonnulla
827 428 880 483 io
910 428 1014 484 lioc
1040 426 1181 486 libro
1203 429 1560 501 collocamus,
1584 444 1646 488 ιιι
1673 448 1741 488 ex
1774 433 1878 488 illis

1998 449 2078 497 νος
2120 433 2386 496 τίκτεται,
2429 431 2560 486 ποτὲ
2607 429 2666 486 δὲ
2711 431 2778 485 ἐκ
2819 429 3144 494 κενοδοξίας,
3196 429 3323 483 εταν
3367 447 3450 493 τις
3484 425 3570 499 ἐφ’

297 531 465 587 etiam
495 531 563 586 de
591 531 819 602 reliquis
849 532 1026 588 lucem
1054 548 1363 604 captamus.
1416 535 1660 607 Exempli
1687 535 1883 606 gratia,

302 623 650 692 importunus
669 633 722 677 et
756 625 1173 694 intempestivus
1199 626 1347 682 risus
1368 628 1505 684 alias
1550 644 1618 682 ea
1671 628 1888 700 impuro

303 710 496 781 spiritu
554 715 792 780 exsistit;
827 717 963 771 alias
995 733 1063 772 ex
1089 735 1225 776 vana
1258 720 1456 792 gloria,
1513 720 1735 790 quando
1763 720 1892 790 quis

303 809 359 864 in
393 825 452 866 ac
476 811 596 882 ipso
621 815 760 869 clam
792 817 1156 874 inverecunde
1189 828 1243 874 et
1309 819 1654 890 impudenter
1688 821 1890 890 gloria-

306 910 395 956 tur
423 921 436 968 ;
465 905 600 959 alias
627 922 694 961 ex
721 909 847 978 gula
883 920 938 964 et
962 911 1172 968 deliciis
1209 913 1477 970 ciborum.
1513 913 1670 969 Sicut
1699 925 1753 970 et
1772 929 1893 987 pro-

307 993 472 1050 lixior
498 1010 748 1064 somnus,
773 1016 920 1057 nunc
943 1019 1008 1058 ex
1039 1004 1288 1060 ciborum
1311 1007 1491 1076 copia,
1529 1023 1676 1062 nunc
1703 1018 1890 1064 contra

303 1097 366 1137 cx
393 1084 628 1153 jejunio,
653 1090 878 1158 quando
908 1094 1002 1162 qui
1045 1109 1076 1150 a
1099 1095 1239 1151 cibis
1290 1096 1590 1165 abstinent,
1645 1113 1743 1168 per
1797 1116 1894 1155 su-

304 1175 548 1242 perbiam
605 1180 1096 1251 etl’eruntur;nunc
1140 1203 1207 1245 ex
1259 1189 1487 1254 desidia,
1529 1206 1676 1245 nunc
1729 1191 1893 1246 etiam

303 1281 370 1320 ex
411 1267 527 1336 ipsa
558 1283 776 1330 natura.
810 1276 1139 1348 Loquacitas
1185 1280 1480 1353 aliquando
1497 1299 1564 1336 ex
1617 1281 1766 1352 gula,
1797 1282 1898 1336 ali-

305 1360 525 1427 quando
547 1377 614 1419 εχ
639 1379 776 1422 vana
821 1370 989 1439 gloria
1061 1372 1253 1427 oritur.
1313 1373 1526 1428 Desidia
1569 1375 1898 1443 quandoque

304 1461 375 1502 ex
402 1449 574 1507 nimio
629 1455 782 1525 luxu,
809 1464 1138 1532 quandoque
1165 1479 1230 1518 ex
1270 1463 1484 1519 delectu
1533 1464 1748 1520 timoris
1791 1463 1884 1519 Dei

307 1536 523 1596 initium
580 1547 770 1602 sumit.
830 1550 1176 1623 Blaspbemia
1241 1557 1460 1626 proprie
1495 1564 1580 1610 est
1631 1557 1902 1626 superbiae

309 1628 488 1722 fetus:
524 1648 632 1691 non
665 1653 793 1695 raro
839 1650 1020 1700 tamen
1053 1661 1120 1702 ex
1155 1646 1365 1717 juditﬁio
1409 1649 1700 1704 temerario
1736 1665 1902 1722 super

303 1718 494 1810 eadem
520 1741 581 1782 re
608 1731 877 1800 sequitur.
901 1735 1210 1806 Aliquando
1253 1754 1319 1795 ex
1349 1739 1595 1810 improba
1630 1718 1897 1799 daemonis

307 1809 510 1866 invidia
548 1818 789 1874 exsistit.
817 1820 982 1895 πω
1017 1825 1213 1884 Cordis
1236 1809 1445 1883 duritia
1491 1828 1574 1882 vel
1598 1845 1633 1886 e
1678 1831 1786 1886 cibi
1809 1847 1894 1887 sa-

303 1898 510 1971 tietate,
546 1905 629 1962 vel
657 1917 878 1979 stupore
914 1913 1152 1985 quodam
1179 1917 1370 1984 animi,
1399 1919 1482 1973 vel
1509 1919 1704 1976 affectu
1720 1921 1787 1975 ad
1811 1937 1899 1978 res

303 2004 534 2092 creatas.
561 1997 803 2059 Allectus
847 2020 981 2061 vero
1002 2023 1131 2080 erga
1160 2024 1249 2065 res
1305 2010 1429 2066 illas
1450 2026 1598 2066 nunc
1632 2028 1662 2067 a
1698 2014 1896 2084 spiritu

305 2097 539 2182 impuro,
575 2105 722 2150 nunc
748 2110 812 2150 ex
849 2101 1100 2166 avaritia,
1136 2112 1230 2158 aut
1268 2105 1479 2158 ventris
1510 2103 1768 2174 ingluvie,
1797 2116 1892 2160 aut

304 2179 454 2277 iuani
480 2179 674 2250 gloria,
712 2186 958 2260 adeoque
979 2207 1047 2246 ex
1085 2193 1207 2249 aliis
1237 2196 1424 2251 multis
1457 2197 1705 2266 pullulat.
1734 2196 1890 2252 Mali-

306 2278 381 2321 tta
405 2285 599 2330 rursus
631 2292 697 2331 ex
727 2280 895 2337 animi
961 2291 1174 2340 tumore
1191 2296 1249 2341 et
1287 2286 1372 2341 sui
1415 2288 1822 2345 existimatione
1843 2289 1900 2346 el

304 2356 405 2451 ira.
437 2359 752 2434 llypocrisis
780 2386 846 2426 ex
876 2389 942 2427 eo
977 2376 1177 2445 prodit,
1213 2377 1358 2447 quod
1407 2378 1512 2433 sibi
1556 2379 1681 2450 quis
1719 2395 1898 2451 quan-

302 2449 481 2542 doque
504 2455 734 2514 nimium
805 2464 1013 2533 placeat
1069 2477 1165 2522 aut
1198 2469 1405 2531 credat,
1449 2449 1592 2539 quod
1653 2449 1769 2542 ipse
1793 2471 1899 2528 sibi

303 2539 554 2606 suﬂiciat,
585 2557 639 2600 et
671 2549 786 2620 ipse
829 2555 914 2608 sui
948 2555 1210 2625 magister
1232 2565 1286 2611 et
1340 2557 1465 2613 vitae
1514 2539 1716 2615 arbiter
1768 2575 1892 2615 esse

304 2628 498 2691 possit.
546 2631 722 2690 Vit-tut
763 2653 790 2692 s
829 2656 959 2695 vero
1009 2657 1134 2713 qua:
1180 2645 1324 2700 vitiis
1356 2663 1388 2701 e
1421 2648 1694 2704 contrario
1734 2665 1895 2720 repit.

304 2733 501 2789 gnam,
563 2743 628 2783 ex
683 2735 978 2792 contrariis
1029 2736 1275 2796 fontibus
1335 2743 1664 2797 scaturiunt.
1719 2741 1784 2799 Et
1835 2752 1897 2800 ut

305 2829 420 2914 rem
482 2816 536 2914 in
593 2833 765 2891 pauca
813 2825 1119 2893 conferam,
1169 2840 1414 2902 tempore
1469 2833 1616 2887 enim
1647 2833 1892 2902 deﬁcior,

303 2907 350 2957 si
385 2907 570 2965 omnia
601 2926 848 2970 seorsum
869 2926 924 2972 et
955 2918 1230 2990 sigillatim
1264 2923 1519 2993 persequi
1548 2922 1731 2987 velim,
1772 2940 1895 2979 om-

306 2998 456 3054 nium
488 3001 772 3072 vitiorum,
800 3007 870 3062 de
901 3008 1104 3077 quibus
1145 3010 1405 3075 diximus,
1443 3027 1568 3069 vere
1597 3023 1646 3068 et
1671 3016 1894 3084 proprie

1989 523 2168 596 ἑαυτῷ
2195 522 2404 580 ἔνδοθεν
2433 524 2769 596 σεμνύνηται
2803 524 3078 595 ἁσέμνως·
3109 521 3238 577 ποτὲ
3264 522 3320 576 δὲ
3348 524 3412 576 ἐκ
3443 536 3572 592 τρυ-

1991 619 2117 689 φῆς.
2150 620 2179 672 ό
2215 615 2381 684 ὕπνος
2409 620 2439 671 ὁ
2487 617 2653 681 πολύς
2697 616 2832 687 (56).
2881 615 3022 670 Ποτὲ
3075 615 3177 686 μιν
3218 616 3282 669 ἐκ
3322 617 3574 686 τρυφῆς,

1993 713 2124 767 ποτε
2141 713 2198 766 δὲ
2216 717 2278 767 ἐκ
2303 711 2580 782 νηστείας,
2606 712 2735 765 ὅταν
2757 710 2807 765 οἱ
2834 710 3191 782 νηστεύοντες
3211 709 3574 780 ἐπαίρωνται’

1994 810 2127 863 ποτὲ
2158 808 2218 862 δὲ
2254 807 2314 874 ἐξ
2341 802 2589 876 ἀκηδίας,
2622 802 2754 856 ποτὲ
2789 803 2847 858 δὲ
2886 804 2981 857 καὶ
3003 805 3068 858 ἐκ
3096 803 3336 872 φύσεως.
3377 801 3441 854 'H
3473 815 3573 854 mo

1993 901 2214 971 λυλογία
2250 899 2382 954 ποτὲ
2408 900 2507 970 μὲν
2546 895 2656 952 ἀπὸ
2690 895 3161 968 γαστριμαργίας,
3211 892 3345 948 ποτὲ
3377 891 3434 945 δὲ
3463 888 3579 944 ἀπὸ

1994 993 2300 1061 κενοδοξίας
2322 1011 2339 1027 ο
2369 995 2403 1062 ή
2433 990 2635 1062 ἀκηδία
2675 986 2806 1044 ποτὲ
2861 988 2960 1059 μὲν
2996 987 3108 1042 ἀπὸ
3150 988 3391 1058 τρυφῆς,
3443 982 3578 1038 ποτὶ

1993 1085 2050 1142 δὲ
2088 1086 2150 1154 ἐξ
2173 1084 2406 1156 ἀφοϐίας
2430 1077 2568 1139 Θεοῦ
2593 1101 2604 1113 ·
2638 1084 2671 1153 ὴ
2697 1080 3016 1152 βλασφημία
3043 1081 3194 1134 ἔστιν
3236 1079 3337 1152 μὲν
3367 1077 3578 1152 κυρίως

1997 1180 2190 1249 κύημα
2222 1178 2606 1248 ὑπερηφανίας
2626 1190 2639 1202 ·
2675 1173 2937 1236 πολλάκις
2966 1172 3022 1226 δὲ
3047 1171 3142 1225 καὶ
3178 1171 3245 1225 ἐκ
3262 1167 3362 1225 τοῦ
3393 1168 3578 1238 κρῖναι

1997 1271 2056 1324 ὲν
2079 1267 2159 1340 τῷ
2187 1265 2340 1338 αύτῷ
2374 1266 2468 1320 τὸν
2524 1265 2774 1335 πλησίον,
2815 1265 2848 1336 ἢ
2885 1265 2980 1318 καὶ
3027 1261 3135 1316 ἀπὸ
3173 1259 3373 1328 φθόνου
3419 1255 3580 1312 ἀκαίο

2000 1379 2097 1434 pou
2124 1361 2232 1414 τῶν
2278 1357 2551 1430 δαιμόνων
2573 1373 2585 1386 ·
2622 1357 2656 1429 ἡ
2717 1354 3122 1425 σκληροκαρδία
3161 1352 3311 1406 ἐστὶν
3342 1351 3434 1405 ὅτε
3470 1347 3580 1404 ἀπὺ

1999 1452 2189 1522 κόρου,
2225 1449 2335 1502 ἀπὸ
2375 1448 2757 1518 ἀναισθησίας,
2801 1448 2911 1501 ἀπὸ
2963 1443 3347 1518 προσπαῦείας
3373 1459 3387 1473 ο
3415 1439 3582 1495 πάλιν

1998 1541 2056 1596 δὲ
2088 1543 2121 1612 ἡ
2149 1539 2495 1612 προσπάϐεια
2519 1540 2634 1593 ἔστι
2677 1537 2776 1610 μὲν
2806 1536 2896 1593 ὅτε
2940 1535 3050 1592 ἀπὸ
3085 1536 3363 1608 πορνείας,
3390 1532 3426 1606 ἢ
3458 1529 3583 1603 φιλο

2000 1629 2291 1704 αργυρίας,
2339 1629 2375 1700 ἦ
2418 1625 2957 1700 γαστριμαργίας,ἧ
2998 1622 3328 1690 κενοδοξίας,
3376 1617 3474 1674 καὶ
3518 1614 3587 1682 ἐξ

2002 1720 2209 1796 ἑτέρων
2250 1720 2462 1775 πολλῶν
2487 1734 2503 1751 ο
2540 1720 2574 1790 ὴ
2610 1717 2847 1791 πονηρία
2879 1714 3045 1771 πάλιν
3088 1713 3198 1769 ἀπὸ
3222 1712 3452 1785 οἰήσεως
3483 1705 3584 1762 καὶ

1929 1785 1972 1845 Β
1999 1785 2190 1887 όργὲῆς.
2229 1815 2296 1868 Ἦ
2334 1811 2448 1883 (37)
2486 1785 2778 1882 ὑπόκρισις
2820 1811 2880 1877 ἐξ
2927 1804 3262 1878 αύταρκείας
3313 1803 3408 1858 καὶ
3449 1801 3584 1855 ἰδιοο

2001 1905 2263 1978 ρυθμίαςο
2302 1904 2372 1958 τὰ
2409 1904 2465 1957 δὲ
2516 1902 2726 1958 τούτων
2771 1900 2988 1956 ἐναντία
3036 1901 3101 1953 ὲκ
3154 1897 3266 1951 τῶν
3315 1892 3583 1950 ἐναντίων

1996 1996 2338 2067 γεννητόρων
2366 1993 2550 2047 αὐτῶν
2577 1991 2986 2046 ἀποτίκτονται.
3025 1989 3137 2043 Καὶ
3178 1988 3264 2041 ἵνα
3293 1985 3370 2056 μὴ
3410 1979 3584 2038 πολλὰ

1996 2083 2442 2155 λέγω,ὲπιλείψει
2472 2101 2539 2155 με
2564 2085 2671 2154 γὰρ
2689 2083 2719 2134 ό
2745 2082 2954 2154 χρόνος,
2987 2081 3132 2151 ἥπερ
3161 2078 3228 2131 τὸ
3254 2077 3373 2132 καθ’
3397 2073 3458 2128 ἓν
3495 2072 3583 2138 ἐξ·

1997 2178 2213 2244 ετᾶζειν
2233 2176 2512 2249 βούλομαι·
2542 2176 2748 2247 κυρίως
2776 2175 2990 2229 πάντων
3016 2173 3127 2226 τῶν
3159 2165 3584 2244 προειρημένων

2003 2271 2194 2328 παθῶν
2230 2269 2506 2342 ἀναιρέσεις
2534 2268 2736 2340 ἐστὶνὴ
2769 2262 3265 2337 ταπεινοφροσύνη,
3287 2262 3356 2331 ῆν
3377 2261 3428 2313 oi
3450 2275 3582 2329 κτη-

2000 2369 2226 2438 σάμενοι
2249 2368 2429 2420 πάντα
2466 2362 2808 2437 νενικήκασι.
2839 2358 2952 2432 (38)
2991 2355 3262 2429 Γενήτρια
3307 2353 3418 2429 [αι.
3453 2368 3582 2422 γεν-

1999 2453 2233 2529 νήτρια]
2263 2455 2484 2509 πάντων
2514 2453 2625 2508 τῶν
2670 2450 2882 2515 κακῶν,
2931 2448 3093 2521 ἡδονὴ
3132 2448 3232 2502 καὶ
3259 2444 3516 2516 πονηρία,
3544 2441 3585 2496 ι

1999 2553 2028 2603 ό
2053 2549 2302 2620 κατέχων
2325 2548 2430 2601 οὐκ
2455 2545 2645 2615 ὄψεται
2681 2543 2774 2598 τόν
2803 2543 3008 2615 Κύριον
3033 2559 3049 2575 ο
3091 2540 3246 2594 οὐδὶν
3269 2538 3328 2592 δὲ
3349 2537 3498 2608 ἡμᾶς
3518 2534 3584 2588 ἐκ

1999 2645 2100 2714 τῆς
2141 2643 2419 2716 προτέρας
2457 2640 2644 2712 ἀποχὴ
2695 2639 2853 2704 ἐκτὸς
2903 2641 3006 2710 τῆς
3042 2634 3307 2707 δευτέρας
3341 2632 3582 2704 ὀνήσειε.

1998 2737 2172 2795 Φόϐου
2211 2737 2420 2810 Κυρίου
2469 2734 2778 2804 ὑπόδειγμα
2831 2729 2894 2797 ἐξ
2931 2729 3212 2802 ἀρχόντων
3259 2725 3352 2779 καὶ
3377 2720 3594 2795 θηρίων

2000 2829 2323 2905 ληψώμεθα.
2379 2826 2552 2882 Πόθον
2605 2825 2665 2881 δὲ
2714 2822 2812 2878 τοῦ
2853 2821 2992 2894 πρὸς
3027 2819 3166 2875 Θεὸν
3208 2817 3534 2905 ὑπόδειγμα
3555 2812 3588 2868 ὁ

2000 2903 2112 2978 τῶν
2142 2919 2414 2992 σωμάτων
2451 2918 2594 2992 ἔρως
2637 2917 2812 2979 τύπος
2858 2911 3106 2982 γενέσθω
3147 2919 3266 2965 σοι⁴
3294 2904 3449 2962 οὐδὲν
3473 2903 3586 2976 γὰρ

2002 3014 2066 3068 τὸ
2105 3011 2335 3077 κωλύον,
2373 3012 2469 3066 καὶ
2499 3012 2563 3063 ὲκ
2591 3009 2700 3063 τῶν
2735 3005 2998 3061 ἐναντίοιν
3025 3001 3301 3058 ποιεῖσθαι
3337 2998 3488 3073 ἡμᾶς
3515 2997 3588 3052 τὰ

305 3089 575 3159 ειριιΙιι-ἰι
601 3099 660 3148 et
696 3094 1034 3152 interfectrix
1089 3109 1178 3155 est
1227 3102 1745 3173 humilitas:quam
1801 3106 1897 3176 qui

2007 3102 2118 3160 τῶν
2144 3101 2356 3174 ἀρετῶν
2381 3100 2778 3172 ὑποδείγματα.

310 3185 749 3255 scquisiverunt,
779 3192 966 3248 omnia
1027 3195 1292 3250 vicerunt.
1341 3194 1683 3252 Procrcatrix
1715 3203 1963 3256 omnium
2001 3199 2269 3256 malorum
2313 3195 2636 3252 estluxuria
2681 3203 2738 3248 et
2777 3191 3007 3257 malitia,
3063 3187 3270 3261 quibus
3315 3182 3588 3241 obnoxius

304 3293 590 3350 nunquam
643 3281 846 3337 videbit
883 3282 1196 3340 Dominum.
1234 3285 1391 3352 Quod
1425 3287 1528 3343 sia
1584 3303 1762 3358 priore
1787 3289 2239 3352 abstinuerimus,
2306 3292 2362 3340 et
2412 3285 2469 3340 in
2499 3285 2705 3338 malitia
2769 3291 2953 3338 tamen
2995 3276 3561 3351 numeraverimus,

306 3371 517 3427 nullum
554 3373 676 3430 inde
711 3374 951 3430 fructum
999 3379 1299 3448 capiemus.
1347 3377 1607 3449 Exempla
1643 3380 1859 3435 timoris
1918 3379 2135 3436 Domini
2162 3394 2194 3434 a
2233 3375 2570 3449 principibus
2601 3390 2698 3430 seu
2745 3371 3156 3444 magistratibus
3183 3377 3239 3424 et
3300 3366 3432 3423 feris
3489 3379 3588 3421 su-

308 3478 546 3521 mamus.
578 3463 838 3522 lieaiderii
871 3481 999 3523 vero
1035 3484 1162 3534 erga
1223 3469 1394 3523 Deum
1423 3471 1658 3541 exempli
1698 3471 1817 3526 loco
1863 3472 1908 3525 si
1932 3474 2026 3528 tibi
2058 3471 2234 3540 turpis
2259 3483 2416 3524 amor
2431 3481 2750 3537 corporum;
2777 3463 2915 3519 nihil
2951 3462 3098 3519 enim
3132 3458 3407 3532 prohibet,
3447 3473 3587 3528 quo-

308 3557 492 3610 minus
547 3558 714 3612 etiam
754 3575 788 3614 c
841 3559 1132 3616 contrariis
1155 3563 1402 3630 exempla
1432 3562 1499 3615 ad
1530 3560 1884 3618 declarandas
1914 3565 2145 3619 virtutes
2167 3570 2436 3631 petamus.

383 3646 552 3703 Valde
580 3658 842 3720 corrupta
864 3658 947 3706 est
964 3665 1209 3721 praesens
1227 3664 1378 3718 aetas,
1406 3661 1633 3723 totaque
1662 3654 1804 3708 fastu
1836 3663 1893 3708 et

308 3738 759 3796 simulationibus
797 3741 974 3810 plena,
1008 3742 1222 3799 labores
1263 3753 1521 3800 externos
1547 3743 1795 3814 corporis
1825 3743 1893 3800 ad

311 3845 520 3887 morem
545 3835 845 3901 primorum
878 3843 1164 3904 parentum
1205 3835 1438 3891 fortasse
1497 3835 1681 3909 aliquo
1733 3835 1896 3893 modo

312 3935 728 3995 repraesentans,
771 3926 868 3983 sed
905 3928 1219 3984 cmlestibus
1243 3930 1544 3999 gratiarum
1578 3929 1740 3986 donis
1783 3945 1894 3985 non

310 4017 554 4088 dignata,
617 4021 718 4076 etsi
736 4060 739 4064 -
759 4035 1039 4092 nunquam
1076 4031 1320 4093 tempore
1347 4030 1508 4093 atque
1534 4038 1678 4078 nunc
1707 4025 1897 4095 gratiis

314 4112 421 4167 illis
445 4124 695 4168 naturam
732 4114 1028 4187 indiguisse
1058 4116 1390 4182 existimem;
1421 4128 1474 4172 ct
1527 4119 1724 4173 merito
1753 4137 1766 4184 ;
1797 4134 1892 4172 ne-

312 4221 422 4275 que
449 4208 594 4261 enim
626 4207 904 4263 laboribus
933 4207 1096 4280 353
1145 4207 1308 4273 Deus,
1345 4211 1436 4266 sed
1459 4210 1805 4283 simplicitate
1842 4218 1898 4266 et

317 4300 627 4356 humilitate
677 4302 890 4371 capitur
935 4311 990 4356 et
1047 4302 1343 4356 invenitur.
1406 4301 1672 4369 Quamvis
1719 4304 1896 4358 virtus

315 4393 528 4449 Domini
565 4395 621 4449 in
640 4393 962 4450 inﬁrmitate
987 4394 1324 4464 perﬁiciatur
1345 4395 1412 4460 “,
1431 4413 1540 4452 non
1565 4397 1776 4468 i-ejieiet
1822 4404 1902 4450 ta-

316 4499 443 4537 men
485 4481 752 4540 Dominus
774 4483 1037 4538 humilem
1083 4483 1418 4538 ministrum.
1452 4485 1683 4550 Quando
1704 4499 1771 4539 ex
1816 4483 1901 4539 lu-

315 4576 622 4631 ctatoribus
639 4576 844 4631 nostris
862 4573 1099 4647 aliquem
1117 4590 1342 4646 corpore
1361 4576 1500 4632 male
1516 4575 1767 4632 affectum
1787 4591 1907 4631 eer-

317 4681 537 4734 nemus,
567 4682 677 4722 non
734 4667 881 4723 illico
928 4683 993 4721 ex
1064 4667 1410 4737 improbitate
1456 4683 1677 4724 causam
1729 4667 1906 4723 morbi

317 4759 532 4814 discere
552 4757 1022 4822 studebimus,uee
1074 4758 1297 4815 malitiae
1355 4761 1605 4815 morbum
1659 4759 1904 4831 assigna—

318 4851 524 4918 bimus,
549 4851 643 4905 sed
672 4850 1008 4920 simplicitati
1037 4855 1217 4922 potius
1235 4851 1476 4922 (exclusa
1499 4851 1648 4906 omni
1673 4852 1901 4921 malitia)

318 4940 585 4996 rharitate
645 4949 706 4995 ut
760 4941 1040 5012 proprium
1093 4941 1428 5005 membrum,
1482 4953 1536 4996 et
1560 4943 1786 4996 militem
1837 4956 1906 4997 ex

320 5032 508 5103 prmlio
545 5031 796 5086 saucium
840 5038 1120 5102 receptum
1158 5031 1497 5088 curabimus.
1555 5032 1653 5087 Est
1677 5033 1904 5089 morbus

323 5144 352 5178 a
377 5123 487 5179 Deo
515 5107 738 5195 propter
763 5133 1116 5194 peccatorum
1145 5125 1338 5179 sordes
1369 5123 1666 5179 abluendas
1694 5124 1908 5180 immis-

323 5235 450 5283 sus;
479 5227 562 5273 est
598 5227 653 5272 ct
677 5219 903 5273 morbus
929 5219 1108 5289 quiad
1149 5218 1444 5273 elationem
1496 5218 1664 5272 animi
1719 5227 1906 5275 retun~

322 5311 554 5366 dcndam
587 5311 748 5366 valet.
793 5310 1041 5380 Optimus
1069 5319 1123 5366 et
1150 5309 1611 5367 clementissimus
1644 5309 1909 5366 Dominus

324 5415 531 5472 noster,
567 5419 673 5460 non
706 5419 830 5459 raro
857 5420 980 5459 cum
1039 5404 1254 5475 aliquos
1292 5404 1634 5459 remissiores
1674 5405 1728 5458 in
1786 5414 1876 5458 stu
1891 5435 1906 5443 σ-

325 5500 416 5553 dio
448 5499 662 5569 pictatis
697 5499 862 5562 videt,
893 5515 988 5569 per
1014 5499 1298 5555 adversam
1355 5498 1742 5561 valetudinem,
1785 5508 1905 5553 tan~

325 5608 488 5662 quam
519 5591 815 5647 faciliorem
846 5591 1289 5650 exercitationem
1325 5606 1524 5663 corpus
1581 5601 1635 5649 ct
1686 5607 1904 5648 carnem

405 5754 445 5783 "
470 5751 508 5803 ll
540 5755 644 5806 (Lor
705 5757 877 5817 “1,9.

2066 3654 2484 3723 Πεπονήρευται
2511 3647 2770 3720 χαλεπῶς
2789 3647 2825 3718 ἠ
2856 3643 3108 3716 παροῦσα
3139 3641 3328 3714 γενεὰ.
3367 3641 3462 3696 καὶ
3487 3639 3586 3709 ὅλη

1991 3745 2233 3816 οἰήσεως
2285 3742 2382 3796 καὶ
2424 3740 2772 3811 ὑποκρίσεως
2815 3735 3214 3808 πεπλήρωται·
3248 3734 3455 3799 κόπους
3485 3733 3589 3805 μιν

1995 3834 2341 3906 σωματικοὺς
2368 3833 2509 3888 κατὰ
2532 3833 2659 3896 τοὺς
2690 3829 2955 3902 ἀρχαίους
2980 3828 3226 3900 πατέρας
3251 3827 3410 3900 ἡμῶν
3455 3828 3587 3890 ἴσως

1991 3927 2268 3982 ὲπιὸεικνυ
2277 3926 2435 3998 μένηο
2475 3924 2588 3981 τῶν
2603 3924 2664 3980 δὲ
2685 3923 3048 3997 χαρισμάτων
3070 3923 3252 3978 αὐτῶν
3276 3923 3381 3976 οὐκ
3401 3921 3589 3990 ἀξιου-

1997 4021 2156 4094 μένη,
2193 4018 2398 4092 καίπερ
2428 4015 2607 4092 οἶμαι,
2639 4017 2840 4072 οὔποτε
2885 4018 2963 4081 ὡς
3001 4015 3098 4071 νῦν
3143 4019 3178 4088 ή
3234 4017 3397 4084 φύσις
3428 4031 3587 4087 χαρι-

2000 4115 2228 4185 σμάτων
2255 4112 2434 4166 ἐδέετο
2451 4128 2466 4142 ο
2489 4112 2584 4165 καὶ
2604 4109 2828 4174 εἰκότως
2861 4109 3232 4180 πεπόνθαμεν
3263 4108 3327 4162 ού
3358 4108 3468 4182 γὰρ
3488 4107 3584 4162 36-

1994 4222 2140 4271 ποις,
2167 4205 2282 4259 ἀλλ’
2327 4203 2595 4275 ἁπλότητι
2647 4202 2742 4257 καὶ
2781 4199 3116 4256 ταπεινώσει
3137 4198 3320 4264 ὁΘεὺς
3348 4199 3584 4271 ἐμφανί-

1993 4298 2168 4363 ζεται.
2189 4297 2252 4351 El
2283 4297 2378 4352 καὶ
2401 4300 2435 4368 ἡ
2467 4297 2694 4366 δύναμις
2738 4294 2946 4366 Κυρίου
2977 4295 3036 4348 ἑν
3063 4292 3320 4366 ἀσθενείᾳ
3345 4292 3584 4347 τελειοῦ-

2001 4407 2118 4458 ται,
2139 4391 2289 4463 ὅμως
2314 4391 2377 4444 ού
2401 4388 2637 4443 κωλύσει
2656 4389 2862 4460 Κύριος
2883 4387 3126 4459 ἐργάτην
3159 4387 3588 4460 ταπεινόφρονα.

2019 4482 2252 4536 Ὀπόταν
2289 4481 2412 4535 τινὰ
2439 4479 2550 4534 τῶν
2603 4479 2851 4548 ἀθλητῶν
2892 4477 3053 4549 ἡμῶν
3088 4477 3433 4548 κακούμενον
3477 4494 3584 4532 σω-

2009 4573 2256 4645 ματικῶς
2284 4571 2613 4643 θεασώμεθα
2646 4571 2784 4643 (41),
2835 4570 2913 4644 μὴ
2949 4571 3015 4625 ὲκ
3065 4572 3333 4642 πονηρίας
3371 4570 3435 4624 τὸ
3460 4572 3584 4642 κρῖ-

2008 4683 2084 4737 μα
2123 4663 2226 4734 τῆς
2267 4663 2433 4719 αὐτοῦ
2476 4663 2764 4727 ἀσθενείας
2823 4663 3134 4734 μανθάνειν
3155 4662 3582 4732 σπουδάσωμενο

2008 4754 2212 4828 μᾶλλον
2258 4756 2315 4812 δὲ
2359 4757 2507 4829 ἁπλῇ
2554 4758 2649 4810 καὶ
2693 4757 2958 4828 ἁπονήρῳ
2999 4755 3211 4826 ἀγάπῃ,
3263 4753 3342 4818 ὡς
3381 4754 3586 4808 οἰκεῖον

2009 4850 2189 4920 μέλος,
2217 4850 2313 4904 καὶ
2335 4849 2412 4912 ὡς
2449 4847 2791 4919 στρατιώτην
2823 4847 2889 4900 ὲκ
2918 4845 3014 4901 τοῦ
3048 4845 3288 4917 πολέμου
3307 4845 3587 4916 πληγέντα

2000 4941 2284 5012 δεξάμενοι
2329 4939 2782 5016 θεραπεύσαιμεν.
2833 4940 3025 4994 Ἔστιν
3062 4936 3318 4994 ἀσθένεια
3353 4937 3443 4992 διὰ
3485 4954 3586 4992 κα-

2004 5033 2272 5106 θαρισμὸν
2333 5029 2716 5104 πταισμάτων,
2770 5031 2864 5084 καὶ
2911 5029 3029 5084 ἐστι
3075 5029 3163 5084 διὰ
3213 5029 3276 5084 ca
3317 5044 3586 5084 ταπεινω⁴

2005 5125 2164 5193 θῆναι
2195 5125 2255 5178 τὺ
2286 5124 2560 5197 φρόνημα.
2605 5123 2666 5177 '0
2691 5122 2895 5191 ἀγαθὸς
2937 5121 3097 5192 ἡμῶν
3134 5122 3230 5176 καὶ
3269 5118 3582 5190 πανάγαθος

2004 5216 2282 5286 Δεσπότης
2333 5217 2425 5269 καὶ
2453 5215 2657 5288 Κύριος
2693 5213 2831 5285 (42),
2873 5215 3078 5267 ὁπόταν
3129 5211 3388 5275 πολλάκις
3430 5207 3584 5274 τινὰς

2005 5309 2400 5383 όκνηροτέρους
2440 5311 2567 5380 περὶ
2603 5309 2704 5380 τὴν
2733 5309 2970 5378 ἄσκησιν
3013 5307 3301 5378 Θεάσηται,
3329 5304 3396 5359 δι’
3418 5301 3583 5360 ασθαι

2009 5407 2155 5468 νείας
2183 5404 2388 5470 λοιπὸν,
2432 5403 2623 5474 ὥσπερ
2665 5403 2732 5456 δι’
2772 5403 3112 5472 ἀνετωτέρας
3157 5401 3447 5470 ἀσκήσεως
3485 5399 3586 5469 τὴν

2011 5499 2190 5569 σάρκα
2217 5498 2493 5549 ταπεινοῖ·
2525 5495 2639 5550 ἔστι
2663 5496 2722 5548 δὲ
2743 5498 2832 5548 ὅτε
2863 5497 2959 5549 καὶ
2992 5493 3088 5564 τὴν
3115 5493 3294 5564 ψυχὴν
3311 5491 3584 5562 λογισμῶν

2010 5589 2260 5659 πονηρῶν
2312 5590 2404 5643 καὶ
2465 5588 2657 5642 παθῶν
2710 5587 3052 5658 ἐκκαθαίρει.
3119 5585 3301 5639 Πάντα
3338 5586 3474 5654 ἡμῖν
3515 5581 3588 5637 τὰ
