4086 6180
526 272 662 339 mas

1499 270 1732 331 SCALA
1788 270 2168 331 PAR-\DISI.
2207 295 2276 306 -η
2305 269 2613 330 GRADUS
2631 269 2818 330 XXVI

3640 274 3775 338 1026

525 387 888 460 συμϐαίνοντα
914 386 1054 458 (ιδ),
1095 386 1194 458 ἦτε
1221 384 1418 458 ὁρατά,
1445 388 1541 457 ἦτε
1572 386 1803 456 ἀόρατα,
1848 385 1961 438 ἔστι
1999 383 2094 437 καὶ

2215 380 2472 446 humiliat,
2515 391 2568 435 et
2597 381 2927 450 quandoque
2949 381 3112 436 etiam
3172 382 3410 440 animam
3465 384 3534 440 ab
3567 384 3775 456 impro-

520 478 721 545 xa‘aﬁx,
743 495 838 533 και
866 477 1152 548 ἐμπαθῶς,
1188 479 1282 530 καὶ
1321 476 1501 546 μέσως
1545 474 1963 540 καταδέξατθαι.
2006 467 2096 526 Εἷ-

521 573 611 626 δον
645 574 793 644 τρεῖς
829 571 1093 638 ἀδελφοὺς
1131 568 1542 638 ζημιωθέντας·
1577 571 1671 624 καὶ
1718 571 1747 623 6
1779 570 1879 638 μὲν
1925 570 2098 638 ηγαν-

525 669 678 718 άκτει
706 705 722 726 ,
751 666 780 719 6
818 662 880 718 δὲ
907 663 1125 736 ἔμεινεν
1147 662 1375 726 ἄλυπος,
1408 662 1439 714 6
1464 661 1523 715 δὲ
1571 661 1774 732 πολλὴν
1801 661 1900 732 τὴν
1920 658 2098 731 χαράν

521 755 912 826 προσελάϐετο.
940 751 1096 809 Εἶδον
1117 756 1269 827 παρά
1295 756 1562 826 γεωργοῖς
1591 753 1649 808 ἐν
1701 755 1924 825 σπέρμα
1967 771 2038 806 πα
2050 754 2095 824 ρ’

520 846 856 920 ἀμφοτέροις
910 846 1388 918 καταϐαλλόμενον
1411 887 1428 909 ,
1475 846 1614 902 ἀλλά
1661 848 1862 901 σκοπὸν
1901 848 2098 900 οἰκεῖον

485 988 488 992 .
521 940 752 1002 ικαστος
781 940 1083 1012 ἐκέκτητοο
1109 940 1139 992 6
1183 942 1304 1012 μὲν,
1345 941 1434 995 ἴνα
1471 939 1540 994 τά
1593 939 1789 994 ἑαυτοῦ
1829 938 2098 992 ἀποδώσει

524 1033 662 1104 χρέη
684 1047 699 1063 ·
737 1034 765 1086 6
797 1031 853 1086 δὲ
887 1031 975 1087 ἵνα
1001 1032 1230 1087 πλοῦτον
1263 1031 1442 1104 ἑαυτῷ
1473 1031 1784 1103 Θησαυρίση
1807 1048 1822 1065 ο
1867 1033 1896 1084 ό
1935 1032 1990 1084 δὲ
2014 1031 2098 1084 ἵνα

522 1124 714 1196 δώροις
740 1124 834 1178 τὸν
879 1125 1160 1196 Δεσπότην
1203 1125 1445 1196 τιμήσῃο
1472 1127 1502 1178 6
1539 1123 1597 1178 δὲ
1636 1123 1844 1194 ἕτερος,
1881 1125 1969 1177 ἵνα
2006 1122 2099 1176 ἐπὶ

522 1218 591 1287 τῇ
618 1215 916 1288 καλοεργία
973 1215 1065 1273 τδν
1111 1216 1264 1288 παρά
1319 1217 1427 1271 τῶν
1469 1216 1898 1288 παρερχομένων
1933 1217 1994 1267 ὲν
2031 1217 2098 1286 τῇ

523 1307 627 1381 6δῷ
665 1308 759 1363 τοῦ
789 1309 906 1380 βίον
934 1309 1157 1365 ἔπαινον
1200 1309 1416 1383 θηράσῃ
1459 1309 1608 1382 (ιι)-
1636 1310 1666 1362 6
1703 1311 1759 1363 δὲ
1802 1309 1889 1363 ίνα
1937 1307 2100 1362 αὐτὸν

523 1401 720 1456 ἑαυτοῦ
765 1403 960 1474 ἐχθρὸν
993 1403 1314 1474 ζηλώσαντα
1351 1404 1514 1475 θλίψῃ
1539 1403 1652 1474 (45)
1681 1419 1692 1431 ’
1729 1404 1760 1456 6
1789 1402 1867 1465 δὲ,
1907 1401 1996 1455 ἶνα
2023 1403 2098 1474 μὴ

522 1495 599 1560 ὡς
634 1497 807 1568 ἀργὸς
834 1495 985 1567 παρὰ
1006 1495 1117 1552 τῶν
1151 1495 1456 1568 ἀνθρώπων
1476 1495 1806 1566 ὀνειδίζηται
1836 1493 1969 1563 (46).
1993 1487 2100 1548 A5-

524 1603 613 1642 ται
649 1588 708 1642 αἰ
735 1587 846 1642 τῶν
875 1586 1139 1659 γεωργῶν
1170 1586 1268 1640 τοῦ
1301 1587 1504 1659 σπόρου
1547 1585 1916 1658 προσηγορίαι
1948 1601 1962 1616 ·
2003 1601 2101 1654 νη·

527 1679 700 1746 στεία,
763 1678 1060 1750 ἀγρυπνία,
1127 1679 1490 1750 ἐλεημοσύνη,
1545 1677 1834 1741 διακονίαι,
1887 1678 1983 1730 καὶ
2032 1678 2099 1732 τά

2201 473 2286 527 bis
2307 474 2796 543 cogitationibuset
2818 473 3200 531 vitiositatibus
3216 485 3487 550 repurgat.
3506 477 3778 545 Quaecun-

2198 581 2305 636 que
2333 566 2490 620 nobis
2515 565 2866 634 usnveniunt,
2900 567 3014 624 sive
3033 569 3208 624 oculis
3233 568 3479 641 subjecta
3508 573 3636 636 sint,
3664 576 3780 626 sive

2199 676 2308 715 non
2345 661 2477 726 sint,
2519 672 2614 715 aut
2644 677 2770 716 eum
2832 661 3036 718 virtute
3096 663 3455 735 recipiuntur,
3512 674 3605 718 aut
3653 679 3778 718 cum

2201 755 2352 821 vitio,
2396 765 2492 810 aut
2525 756 2706 810 medio
2742 754 2982 828 quodam
3013 756 3195 812 modo.
3231 755 3369 811 'l'rcs
3397 757 3531 813 olim
3561 755 3781 824 religio-

2200 859 2294 900 sos
2319 845 2430 899 vidi
2458 843 2655 900 fratres
2700 846 2841 900 male
2897 845 3062 900 simul
3093 857 3350 915 acceptos
3382 855 3438 901 et
3499 846 3779 910 multatos,

2199 955 2436 1010 quorum
2466 941 2676 1010 primus
2709 956 2821 996 rem
2844 939 3064 1012 indigne
3101 941 3264 1006 tulit;
3297 939 3434 994 alter
3489 939 3608 994 sine
3663 953 3783 1008 per-

2201 1035 2512 1090 turbatione
2539 1035 2799 1089 damnum
2829 1034 3075 1105 pertulit,
3132 1036 3326 1089 tertius
3379 1035 3568 1104 ingens
3618 1033 3782 1086 etiam

2201 1128 2461 1198 gaudium
2495 1129 2704 1183 retulit.
2738 1127 2858 1185 Vidi
2893 1129 3035 1200 apud
3067 1129 3334 1198 agricolas
3367 1128 3510 1182 idem
3557 1126 3785 1181 seminis

2201 1235 2372 1290 genus
2400 1235 2433 1273 a
2494 1219 2706 1276 duobus
2759 1223 2962 1291 spargi,
3024 1222 3120 1276 sed
3171 1220 3388 1275 diverso
3436 1219 3508 1274 ab
3554 1228 3788 1289 utroque

2202 1310 2308 1365 ﬁne
2352 1327 2361 1364 :
2396 1309 2466 1366 ab
2499 1313 2671 1366 altero
2705 1315 3001 1366 utnomina
3029 1312 3286 1367 creditori
3319 1327 3423 1368 suo
3441 1311 3784 1373 dissolveret,

2200 1400 2270 1453 ab
2295 1400 2466 1454 altero
2492 1408 2551 1454 ut
2604 1399 2650 1455 is
2705 1399 2995 1458 thesauros
3045 1401 3149 1456 sibi
3201 1411 3566 1472 compararet.
3590 1400 3704 1465 Ille,
3727 1409 3789 1455 ut

2199 1494 2484 1551 dominum
2523 1511 2683 1554 suum
2707 1498 3027 1554 muneribus
3051 1497 3291 1563 coleret;
3337 1497 3445 1566 hic,
3475 1506 3532 1553 ut
3559 1513 3627 1552 ex
3673 1497 3788 1552 ele-

2201 1589 2351 1661 ganti
2411 1591 2806 1661 agricolatione
2872 1592 3142 1647 laudema
3189 1589 3790 1665 transeuntibusm

2203 1680 2258 1736 in
2305 1682 2392 1736 via
2426 1691 2484 1737 et
2531 1685 2641 1738 vita
2681 1695 3070 1752 aucuparetur.
3109 1681 3224 1748 Ille,
3268 1693 3324 1738 ut
3368 1683 3577 1737 hostem
3626 1698 3787 1738 suum

524 1772 708 1842 ὅμοια.
740 1771 881 1834 Τοὺς
906 1771 964 1826 δὲ
990 1774 1226 1833 σκοποὺς
1249 1771 1544 1842 προθύμως
1559 1773 1617 1824 ἐν
1645 1771 1834 1841 Κυρίῳ
1870 1771 1919 1822 οἱ
1945 1769 2103 1824 ἀδελ-

2215 1775 2456 1830 emulum
2483 1773 2685 1832 invidia
2714 1783 3010 1846 torqueret,
3043 1776 3152 1844 hic,
3189 1786 3248 1830 ut
3273 1790 3345 1832 ne
3382 1775 3691 1832 desidiosus
3718 1775 3790 1830 ab

526 1865 618 1935 φοὶ
660 1862 1041 1935 βασανίσουσιν
1063 1864 1198 1936 (Π),
1235 1864 1424 1936 ὥσπερ
1453 1862 1596 1934 ὕδωρ
1631 1863 1694 1917 ὲκ
1716 1861 1906 1932 πηγῶν
1931 1862 2105 1916 ἀπαν-

526 1955 960 2027 τλοῦντες.(ιε),
991 1955 1138 2010 ἔστιν
1186 1957 1275 2010 ὅτε
1331 1955 1656 2028 λεληθότως,
1713 1954 1810 2008 καὶ
1859 1953 1950 2008 τὸν
2012 1953 2103 2010 λέ-

526 2053 759 2124 γόμενον
811 2052 1084 2125 βάτραχον
1138 2051 1610 2124 συνηντλησαμεν.
1658 2050 1847 2113 Οὕτως
1883 2050 2102 2114 καὶτὰς

525 2146 732 2219 ἀρετάς
767 2148 1160 2219 μετερχόμενοι
1186 2143 1446 2209 πολλάκις
1486 2141 1985 2213 συμπεπλεγμένας
2006 2140 2102 2194 αὑ-

525 2242 647 2304 ταῖς
671 2239 893 2309 ἀφανῶς
915 2238 1011 2302 τάς
1035 2237 1236 2298 κακίας
1262 2236 1638 2309 μετερχόμεθα
1661 2250 1676 2265 ⁸
1703 2229 1818 2287 οἷόν
1838 2250 1889 2285 τι
1914 2233 2058 2300 λέγω
2084 2247 2098 2260 ·

527 2330 594 2400 τῇ
634 2326 906 2393 ξενοδοξία
933 2327 969 2398 ἡ
1007 2325 1421 2396 γαστριμαργία
1477 2322 1895 2393 συμπέπλεκται
1939 2321 2054 2392 (ιθ)
2085 2336 2098 2351 ⁸

524 2423 594 2494 τῇ
623 2422 815 2493 ἀγάπῃ
841 2421 877 2491 ἠ
912 2419 1141 2492 πορνεία
1162 2434 1177 2449 ·
1217 2420 1286 2488 τῇ
1315 2416 1588 2488 διακρίσει
1615 2417 1650 2486 ἡ
1673 2413 1916 2484 δεινότης
1948 2413 2058 2481 (50)
2088 2427 2099 2440 ο

527 2514 593 2583 τῇ
635 2511 898 2582 φρονήσει
930 2510 966 2580 ἡ
987 2508 1221 2581 πονηρία
1246 2523 1258 2534 '
1287 2509 1354 2580 τῇ
1397 2507 1675 2578 πραΰτητι
1709 2505 1743 2576 ἠ
1777 2503 2100 2572 omnium.

529 2599 622 2656 καὶ
656 2598 953 2671 νωθρότης,
982 2599 1078 2652 καὶ
1106 2596 1363 2669 όκνηρία,
1393 2597 1487 2651 καὶ
1509 2594 1810 2663 ἀντιλογία,
1844 2594 1940 2648 καὶ
1979 2593 2105 2646 trito-

531 2690 759 2764 ρυομία,
811 2692 904 2746 καὶ
937 2691 1170 2762 άνηκοία
1200 2707 1210 2718 '
1247 2693 1314 2762 τῇ
1367 2693 1546 2760 σιωπῇ
1577 2688 1675 2760 τῆς
1702 2685 2049 2751 διδασκαλίας
2075 2688 2104 2740 6

526 2784 692 2853 ὄγκος
715 2803 729 2814 ο
755 2785 822 2856 τῇ
874 2783 1020 2856 χαρᾷ
1064 2783 1244 2854 οἰησις
1270 2800 1282 2815 ·
1311 2786 1380 2854 τῇ
1430 2783 1605 2860 ἐλπίδι
1653 2783 1685 2850 ὴ
1717 2779 1950 2850 όκνηρία
1980 2794 1995 2810 ·
2036 2781 2102 2850 τῇ

531 2876 727 2947 ἀγάπῃ
771 2873 936 2929 πάλιν
967 2875 1029 2929 τὸ
1088 2875 1440 2945 κατακρίνειν
1462 2889 1477 2904 ο
1502 2876 1568 2944 τῇ
1600 2873 1801 2944 ἡσυχίᾳ⁸
1831 2873 1863 2942 ἡ
1908 2869 2105 2942 άκηὸία

531 2969 626 3022 καὶ
673 2965 907 3038 ὁκνηρία
930 2978 944 2992 ’
983 2965 1051 3036 τῇ
1078 2965 1273 3034 ἁγνείᾳ
1305 2963 1338 3035 ἡ
1384 2964 1580 3034 πικρία
1606 2980 1620 2993 ·
1647 2965 1713 3034 τῇ
1743 2976 2104 3030 ταπεινοφροσ-

2204 1871 2329 1926 aliis
2356 1880 2698 1942 carperetur.
2725 1871 2852 1931 Hae
2901 1882 3032 1929 sunt
3091 1874 3363 1930 seminum
3409 1872 3480 1928 ab
3536 1872 3792 1944 agricolis

2204 1978 2519 2033 sparsorum
2559 1966 2784 2021 nomina
2815 1982 2830 2020 :
2855 1963 3144 2036 jejunium.
3169 1966 3383 2038 vigiliae,
3415 1966 3787 2036 eleemosyna,

2205 2057 2526 2124 ministeria,
2557 2069 2612 2113 et
2645 2061 2749 2116 hoc
2777 2075 2950 2130 genus
2981 2061 3104 2115 alia.
3135 2059 3323 2115 Finem
3349 2069 3532 2115 autem
3556 2071 3612 2114 et
3639 2075 3792 2115 inen-

2205 2160 2334 2212 tem,
2365 2165 2474 2221 qua
2513 2153 2642 2221 quid
2670 2153 2892 2220 faciant,
2927 2155 3124 2210 fratrea
3156 2155 3409 2210 alacriter
3434 2164 3484 2210 et
3540 2163 3794 2225 prompte

2206 2242 2260 2295 in
2300 2241 2528 2298 Domino
2579 2247 2994 2310 examinabunt,
3049 2261 3159 2302 non
3203 2263 3363 2303 secus
3388 2256 3550 2319 atque
3570 2248 3666 2311 illi,
3695 2250 3789 2318 qui

2204 2347 2404 2404 aquam
2459 2333 2704 2393 fontibus
2753 2337 3032 2396 hauriunt.
3069 2337 3207 2395 Nam
3258 2341 3319 2395 fit
3366 2340 3659 2410 aliquando
3711 2341 3790 2396 uti

2205 2429 2345 2481 clam
2402 2445 2500 2500 per
2554 2430 2978 2501 imprudentiam
3035 2449 3219 2500 ranas,
3259 2449 3398 2506 quas
3435 2434 3790 2505 appellamus,

2205 2520 2370 2576 simul
2397 2522 2734 2580 bauriamus.
2761 2525 2837 2580 Ita
2865 2527 2960 2597 qui
3003 2526 3279 2598 negotium
3319 2541 3444 2580 cum
3477 2528 3675 2582 virtute
3695 2529 3794 2582 ba-

2204 2613 2417 2682 bemus,
2443 2631 2586 2688 saepe
2619 2619 2839 2674 mistam
2914 2619 3130 2676 occulte
3177 2621 3417 2691 aliquam
3466 2621 3652 2676 virtuti
3717 2621 3798 2676 vi-

2204 2707 2498 2764 liositatcm
2562 2709 2869 2766 referimus.
2894 2711 3066 2778 Quale
3096 2727 3177 2769 cst
3243 2713 3463 2785 quando
3509 2730 3634 2769 cum
3696 2715 3798 2770 bo-

2206 2803 2502 2873 spitalitate
2529 2806 2653 2875 gula
2694 2806 2991 2872 miscetur;
3018 2821 3144 2862 cum
3165 2808 3453 2872 cliaritate.
3492 2823 3648 2863 amor
3683 2824 3800 2864 car-

2207 2894 2323 2959 nis;
2350 2905 2474 2946 eum
2527 2893 2890 2961 discretione,
2923 2886 3167 2951 vanities
3204 2910 3300 2951 seu
3335 2895 3641 2957 calliditas:
3670 2912 3797 2952 cum

2206 2986 2510 3056 prudentia,
2542 2989 2746 3043 malitia
2774 3009 2788 3054 ;
2823 3004 2946 3043 eum
2999 2989 3440 3056 mansuetudine,
3474 2989 3687 3047 fallacia
3743 2999 3800 3046 et

532 3059 667 3134 σύνη
742 3060 779 3132 ἡ
851 3058 1171 3132 παρρησίαο
1223 3058 1431 3120 τούτοις
1513 3057 1571 3112 δὲ
1634 3058 1802 3110 πᾶσιν
1833 3095 1848 3119 ,
1915 3052 2106 3124 ὥσπερ

579 3170 582 3171 ,
655 3154 710 3171 \,_
747 3169 754 3171 Α
787 3149 1019 3171 _\__’_,__.
1075 3149 1252 3171 _-_'£\‘.-,
1308 3149 1360 3171 ΩΧ
1403 3148 1728 3171 ε--ι..-.ι---..
1773 3149 1801 3171 Δ
1834 3147 2104 3171 -.-υ-ὶηεῖ..

2215 3077 2427 3149 ignavia
2451 3088 2507 3136 et
2529 3081 2759 3136 tarditas
2783 3091 2838 3137 et
2885 3081 3267 3150 contradictio,
3317 3093 3373 3138 et
3405 3085 3662 3155 proprius
3715 3084 3802 3140 τί·

531 3154 712 3209 κοινὸν
743 3149 1044 3226 κολούριον,
1070 3149 1272 3223 μᾶλλον
1303 3149 1362 3204 δὲ
1399 3148 1729 3220 δηλητήριον
1773 3149 1806 3218 ἡ
1834 3147 2108 3209 κενοδοξία

2215 3169 2369 3224 vendi
2399 3180 2459 3227 ut
2491 3173 2624 3228 velis
2654 3188 2851 3228 sensus
2882 3183 2935 3228 et
2987 3174 3355 3232 inobedientia
3375 3219 3391 3244 ,
3431 3191 3557 3231 cum
3585 3176 3802 3232 silentio

537 3246 851 3302 συνέπεται.
899 3245 993 3317 Μὴ
1039 3241 1372 3314 λυπηθῶμεν
1416 3241 1728 3312 αἰτούμενοι
1769 3242 1863 3293 τὸν
1901 3239 2110 3310 Κύριον

533 3339 835 3412 αἰτήματα,
868 3337 966 3391 καὶ
987 3337 1082 3390 ἰπὶ
1105 3335 1332 3408 χρόνους
1359 3335 1434 3406 μὴ
1459 3333 1891 3402 εἰσακουόμενοι.
1925 3330 2110 3383 Ἐδού-

533 3445 657 3500 λετο
681 3443 792 3516 γάρ
829 3441 1036 3514 Κύριος
1059 3440 1270 3503 πάντας
1309 3436 1632 3510 ἀνθρώπους
1676 3439 1736 3491 ἰν
1785 3436 1884 3508 μιᾷ
1918 3431 2112 3506 καιροῦ

537 3548 679 3619 ῥοπῇ
696 3543 926 3608 ἀπαθεῖς
953 3540 1228 3613 γενέσθαι.
1245 3541 1455 3603 ῐιάντες
1473 3541 1524 3594 οἰ
1546 3538 1858 3609 αἰτούμενοι
1889 3540 1953 3591 ἐκ
1976 3535 2111 3589 Θεοῦ

535 3649 607 3706 τά
628 3651 932 3722 αἰτήματα,
965 3644 1060 3700 καὶ
1091 3643 1170 3715 μὴ
1194 3641 1474 3706 λαὸόντες,
1506 3639 1596 3694 διὰ
1613 3640 1746 3712 μίαν
1773 3637 1981 3694 τούτων
2003 3635 2114 3691 τῶν

537 3746 733 3805 αἰτιῶν
757 3743 1046 3810 πάντωςού
1065 3741 1401 3814 κομίζονται,
1428 3739 1462 3812 ἢ
1485 3738 1567 3793 ὅτι
1593 3736 1698 3808 πρὸ
1717 3736 1910 3807 καιροῦ
1929 3733 2114 3787 αἰτοῦ-

541 3841 694 3912 σιν,ῆ
720 3840 802 3894 δτι
823 3835 1059 3906 ἀναξίως
1079 3831 1313 3900 αίτοῦσι,
1341 3833 1435 3888 καὶ
1468 3829 1780 3896 κενοδόξως,
1815 3828 1955 3901 ηὸτι
1981 3828 2120 3898 λαμ-

541 3935 797 3997 ὕάνοντες
828 3928 1139 4001 ὲπαρθῆναι
1166 3924 1414 3998 ἔμελλον,
1443 3924 1479 3997 ἢ
1509 3921 1736 3995 ἀμελεῖν
1765 3921 1954 3976 λοιπὸν
1983 3920 2120 3991 μετά

539 4027 634 4081 τὸν
678 4022 774 4079 τοῦ
834 4023 1138 4095 αίτήματος
1183 4017 1396 4089 κτῆσιν.
1438 4014 1562 4069 Ὅτι
1611 4012 1713 4082 μιν
1747 4009 2122 4083 ἀναχωροῦσιν

542 4122 594 4176 οι
636 4119 912 4189 δαίμονες,
961 4114 1056 4168 ul.
1102 4111 1174 4167 τά
1221 4112 1369 4182 πάθη
1413 4111 1481 4166 ὲκ
1523 4110 1624 4180 τῆς
1655 4105 1852 4179 ψυχῆς,
1880 4105 1916 4178 ἢ
1947 4102 2124 4175 καιρῷ

542 4211 735 4282 τινι,ἢ
778 4207 1066 4282 διηνεκῶς,
1109 4204 1283 4268 οὐδεὶς
1332 4201 1681 4276 ἀμφιϐάλλει,
1724 4196 1902 4271 οἶμαι.
1946 4197 2020 4253 Τὸ
2066 4197 2123 4252 δὲ

545 4308 611 4360 ἰκ
656 4303 840 4357 πόσων
879 4299 1101 4373 τρόπων
1147 4299 1184 4368 ἡ
1231 4296 1440 4351 τούτων
1481 4290 1832 4366 ἀναχώρησις
1872 4291 1933 4358 ἐξ
1965 4288 2125 4362 ἡμῶν

545 4398 752 4467 γίνεται
790 4392 961 4462 ὀλίγοι
985 4391 1332 4448 ἰπίστανται.
1369 4387 1754 4458 Ἀνεχώρησαν
1781 4383 1850 4438 τὰ
1878 4383 2024 4453 πάθη
2061 4380 2125 4435 ἐκ

2214 3264 2517 3334 magisterii
2546 3266 2896 3336 supercilium
2925 3274 2981 3323 et
3004 3267 3200 3334 fastus,
3232 3283 3358 3324 cum
3379 3268 3384 3272 ’
3409 3268 3608 3339 gaudio
3635 3269 3802 3325 elatio

2213 3363 2404 3429 animi,
2440 3377 2563 3417 cum
2600 3377 2698 3432 spe
2725 3363 2976 3434 pigritia;
3007 3378 3132 3420 cum
3180 3365 3444 3421 charitate
3477 3381 3694 3423 rursum
3723 3376 3803 3421 te-

2216 3459 2508 3510 merarium
2539 3455 2805 3526 judicium
2833 3472 2848 3522 ;
2893 3472 3016 3510 cum
3055 3457 3235 3528 quiete
3267 3458 3473 3513 desidia
3499 3469 3552 3515 et
3578 3459 3801 3529 quidam

2216 3548 2383 3603 animi
2413 3563 2637 3619 torpor;
2665 3563 2789 3604 cum
2835 3551 3085 3607 castitate
3105 3553 3450 3616 amaritudo;
3473 3567 3596 3609 cum
3623 3552 3803 3608 humi-

2217 3639 2370 3695 litate
2418 3641 2591 3696 nimia
2648 3641 3005 3704 confidentia;
3049 3649 3104 3697 et
3171 3641 3286 3698 bare
3344 3657 3564 3699 rursum
3617 3645 3800 3698 omnia

2217 3733 2385 3790 veluti
2431 3749 2727 3790 commune
2784 3735 3244 3791 medicamentum
3296 3747 3352 3792 et
3373 3737 3659 3808 collyrium
3705 3753 3802 3792 seu

2218 3829 2402 3900 potius
2427 3843 2696 3885 venenum
2741 3831 3038 3886 comitatur
3073 3846 3210 3887 vana
3238 3833 3426 3904 gloria.
3456 3832 3570 3888 Non
3605 3833 3804 3905 allligat

2222 3936 2324 3977 nos
2339 3921 2386 3978 si
2408 3919 2673 3979 Dominus
2688 3921 2960 3992 postulata
2990 3935 3175 3980 nostra
3204 3927 3803 3998 precesqueadtempas

2221 4029 2331 4071 non
2355 4015 2629 4081 exaudiat,
2660 4015 2822 4072 vellet
2845 4016 2992 4072 enim
3049 4016 3314 4076 Dominus
3335 4034 3525 4075 omnes
3547 4021 3804 4077 mortales

2222 4123 2334 4164 uno
2357 4110 2618 4179 temporis
2642 4121 2920 4166 momento
2933 4110 3002 4166 ab
3023 4112 3279 4167 omnibus
3299 4113 3464 4168 animi
3484 4115 3807 4185 perturbati-

2223 4203 2640 4271 onibusliberoa
2655 4203 2794 4258 ﬁeri.
2816 4201 3138 4274 Quicunque
3161 4219 3188 4258 a
3207 4202 3317 4261 Deo
3365 4205 3570 4277 aliquid
3595 4218 3806 4279 petunt,

2223 4306 2280 4354 et
2309 4312 2415 4352 non
2446 4297 2762 4368 impetrant,
2787 4297 2859 4352 ob
2909 4312 3071 4352 unam
3104 4299 3342 4368 aliquam
3370 4315 3436 4355 ex
3467 4301 3553 4356 his
3585 4315 3808 4358 causam

2226 4390 2389 4465 355
2420 4391 2474 4447 id
2501 4391 2617 4448 fieri
2655 4401 2866 4446 certum
2894 4401 3014 4458 est;
3043 4393 3124 4446 vel
3149 4392 3297 4462 quod
3328 4403 3455 4448 ante
3485 4403 3701 4465 tempus
3756 4397 3812 4451 td

547 4459 708 4543 τινων
745 4486 808 4541 οὐ
866 4486 1028 4558 μόνον
1065 4479 1292 4544 πιστῶν,
1337 4477 1476 4532 ἀλλὰ
1512 4478 1605 4531 καὶ
1654 4475 1921 4536 ἀπίστων,
1968 4472 2113 4537 ἐκτὸς

2227 4490 2431 4553 petant,
2482 4482 2567 4536 vel
2617 4497 2724 4537 non
2783 4482 2965 4538 debito
3014 4483 3177 4538 modo
3211 4493 3432 4554 petant;
3471 4485 3551 4541 vel
3583 4501 3649 4542 ex
3671 4501 3812 4543 vana

548 4581 666 4646 ἰνὸς
700 4579 837 4651 (51),
868 4578 1047 4632 ἐκεῖνο
1071 4575 1234 4648 μόνον
1257 4569 1626 4628 καταλιπόντα
1652 4568 1833 4630 αὐτοῖς
1853 4567 1929 4629 ὡς
1954 4565 2124 4620 κακόν

547 4694 598 4729 τι
643 4670 950 4745 πρωτεῦον,
1007 4669 1104 4725 καὶ
1140 4666 1233 4722 τὸν
1277 4664 1444 4720 τόπον
1487 4662 1706 4717 πάντων
1755 4657 2125 4730 ἀναπληροῦν,

548 4767 704 4836 εἴπερ
723 4763 979 4832 τοιαύτην
1005 4759 1268 4830 κέκτηται
1296 4758 1394 4829 τὴν
1417 4754 1640 4829 βλάϐην,
1662 4753 1737 4817 ὡς
1759 4755 1852 4808 καὶ
1877 4752 1938 4820 ἐξ
1961 4755 2129 4824 οὐρα-

549 4857 641 4916 νοῦ
661 4856 1012 4926 κατενέγκαι.
1056 4853 1431 4909 ’Δνοιλίσκεται
1460 4850 1564 4921 ὕλη
1607 4849 1741 4921 πυρὶ
1786 4848 1918 4920 Θείῳ
1952 4849 2129 4902 δαπα-

551 4952 766 5024 νωμένη
797 4949 938 5021 (52),
972 4948 1066 5004 καὶ
1101 4947 1202 5020 τῆς
1241 4945 1421 5017 ψυχῆς
1458 4942 1843 5018 ἰκριζουμένη.
1887 4942 2131 5012 ’Υποχω-

555 5045 708 5116 ροῦσι
740 5043 995 5113 δαίμονες
1033 5039 1320 5104 ἑκουσίως,
1369 5039 1746 5110 άμεριμνῆσαι
1779 5035 2134 5107 παρασκευά-

555 5138 736 5204 ζοντες
770 5177 786 5203 ,
819 5134 918 5191 καὶ
939 5133 1206 5204 αἰφνίδιον
1232 5130 1332 5203 τὴν
1349 5131 1542 5186 ἀθλίαν
1565 5129 1744 5200 ψυχὴν
1771 5128 2130 5198 ἁρπάζοντες,

556 5233 650 5288 καὶ
689 5231 772 5294 εἰς
821 5229 992 5301 ἀκρον
1036 5227 1340 5298 ποιωθῐψαι
1385 5227 1497 5288 τοῖς
1539 5225 1736 5279 πάθεσι
1782 5228 2135 5296 παρασκευας

557 5324 763 5392 ζοντες,
793 5322 872 5388 ὡς
912 5320 1163 5376 ἐντεῦθεν
1182 5318 1576 5374 αὐτεπίεουλον
1607 5315 1772 5374 οὖσαν
1818 5319 2006 5373 λοιπὸν
2045 5319 2138 5373 καὶ

558 5413 975 5485 αὕτοπολὲμιον.
1039 5407 1172 5466 οἶδα
1236 5410 1331 5464 καὶ
1402 5409 1570 5480 ἀλλην
1625 5406 1973 5478 ὑποχώρησιν
2029 5408 2140 5460 τῶν

559 5506 764 5580 θηρίων
801 5503 940 5576 μετά
984 5504 1048 5556 τδ
1076 5502 1299 5566 τελείως
1331 5501 1618 5573 συνηθίσαι
1661 5501 1756 5570 τὴν
1794 5498 1970 5570 ψυχὴν
2000 5500 2137 5570 (55),

560 5599 976 5671 καὶῦπόδειγμα
996 5597 1092 5654 τοῦ
1115 5599 1406 5670 εἰρημένου
1425 5598 1492 5652 τά
1523 5598 1712 5667 νήπιαο
1745 5595 1882 5666 μετά
1905 5594 2013 5665 γάρ
2043 5595 2142 5664 τὴν

565 5693 790 5764 μακρὰν
813 5693 1125 5763 συνήθειαν,
1155 5691 1248 5746 καὶ
1283 5691 1451 5764 χωρὶς
1480 5691 1676 5762 μαζοῦ,
1704 5690 1764 5742 ἐκ
1795 5688 1902 5742 τῶν
1925 5687 2142 5741 οἰκείων

561 5787 840 5845 δακτύλων
867 5787 1210 5860 θηλάζουσιν.
1239 5782 1370 5841 Οἶδα
1399 5787 1491 5842 καὶ
1529 5785 1779 5857 πέμπτην
1813 5787 1868 5838 ἐν
1898 5786 1964 5855 τῇ
1996 5782 2140 5853 ψυχῇ

2227 4573 2399 4644 gloria
2433 4590 2449 4641 ;
2484 4573 2566 4629 vel
2597 4573 2743 4642 quod
2767 4573 2822 4627 in
2854 4572 3166 4644 superbiam
3207 4573 3552 4644 eﬂ‘errentur,
3584 4579 3629 4635 si
3664 4578 3811 4647 quod

2228 4682 2421 4744 petunt
2476 4674 2870 4746 impetrarent;
2920 4671 3007 4728 vel
3045 4673 3334 4744 impetrato
3369 4683 3495 4725 voto
3524 4670 3742 4726 desides
3761 4678 3815 4726 et

2231 4767 2568 4838 negligentes
2589 4765 2802 4822 tierent.
2842 4765 3000 4834 Quod
3031 4765 3305 4821 daemones
3343 4771 3396 4819 et
3425 4763 3555 4817 vitia
3585 4761 3816 4819 subinde

2231 4875 2297 4914 ex
2351 4859 2532 4914 anima
2581 4859 2798 4925 cedant,
2861 4870 2918 4914 et
2961 4859 3044 4914 vel
3065 4859 3133 4914 ad
3163 4866 3400 4926 tempus,
3433 4857 3592 4910 velin
3622 4870 3815 4926 perpe-

2235 4960 2392 5007 tuum
2435 4951 2720 5008 nobiscum
2780 4951 3030 5007 inducias
3090 4950 3310 5014 faciant,
3361 4948 3566 5012 nullus,
3603 4949 3814 5016 opinor,

2235 5045 2468 5099 dubitat.
2533 5043 2678 5111 Quot
2723 5054 2906 5100 autem
2941 5043 3120 5099 modis
3153 5043 3367 5096 illorum
3392 5056 3422 5095 a
3450 5039 3609 5095 nobis
3637 5055 3818 5094 reces-

2239 5151 2332 5192 sus
2397 5134 2509 5200 liat,
2561 5136 2816 5207 perpauci
2886 5143 3102 5190 norunt,
3178 5135 3540 5189 accesserunt
3591 5132 3720 5186 vitia
3757 5147 3822 5186 ex

2240 5230 2571 5300 quibusdam
2596 5244 2704 5285 non
2731 5229 2910 5284 solum
2945 5227 3312 5291 credentibus,
3345 5225 3438 5280 sed
3497 5226 3659 5277 etiam
3718 5241 3825 5278 non

2239 5321 2608 5386 credentibus,
2640 5331 2866 5392 excepto
2903 5335 3035 5386 uno,
3065 5318 3208 5390 quod
3245 5321 3298 5372 in
3335 5316 3650 5371 hominibus
3692 5317 3824 5370 reli-

2241 5425 2502 5485 querunt,
2537 5423 2598 5470 ut
2627 5428 2692 5470 ex
2724 5412 2982 5468 erunibus
3007 5411 3157 5465 vitiis
3219 5408 3452 5480 capitale
3499 5416 3829 5461 cacterorttm

2242 5509 2488 5564 omnium
2543 5508 2718 5563 vicem
2771 5513 2824 5561 et
2887 5504 3066 5560 locum
3124 5503 3392 5572 impleret,
3457 5499 3678 5571 quando
3712 5506 3832 5552 tam

2245 5599 2470 5654 noxium
2523 5605 2577 5652 et
2634 5597 2894 5669 pestilens
2949 5604 3056 5660 cst,
3090 5594 3338 5650 utetiam
3367 5607 3400 5647 c
3424 5589 3564 5646 coelo
3592 5589 3831 5655 dejicere

2246 5691 2434 5763 possit.
2498 5690 2824 5746 Absumitur
2871 5687 3097 5744 materia
3146 5688 3164 5756 (
3197 5681 3436 5756 peccati)
3466 5684 3587 5746 igne
3615 5681 3826 5738 cmlesti

2247 5785 2541 5853 exhausta,
2576 5791 2632 5840 et
2675 5797 2745 5840 ex
2785 5781 2968 5838 anima
2996 5777 3260 5835 radicitus
3306 5775 3588 5832 convulsa.
3617 5773 3826 5828 Daemo-
