4086 6180
343 219 484 282 1031
1590 219 1648 278 S.
1695 218 2013 280 JUANNIS
2059 219 2368 282 CLIMACI
3483 233 3619 292 13"2

353 333 543 384 animo
581 341 945 398 personarum
1001 326 1267 380 rationem
1330 326 1840 396 baberejudirant:
1887 329 1918 382 In

2044 329 2254 398 δαίμων
2304 330 2610 397 κενοδοξίας
2642 331 2780 404 πρὸς
2820 333 3189 407 ἐλεημοσύνην
3235 342 3618 410 προτρεπόμε-

342 422 488 477 cnim
545 421 813 492 superbia:
846 421 1134 490 progenies
1158 429 1363 474 etsunt
1403 433 1455 474 et
1484 436 1608 475 esse
1629 421 1925 491 deprehen-

2035 442 2125 486 νος
2149 467 2163 487 ,
2187 425 2378 496 ὥσπερ
2407 427 2502 481 καὶ
2531 427 2863 498 φιληδονίας.
2919 429 3040 484 Ἐάν
3082 430 3411 502 ἀμφοτέρων
3434 431 3616 488 τοίνυν

339 517 567 570 duntur.
620 513 712 569 Est
739 513 962 584 spiritus
991 513 1230 567 avaritim
1257 513 1518 583 quiszrpe
1577 514 1925 568 humilitatem

2037 517 2504 589 καθαρεὺσωμεν,
2549 523 2608 573 ὲν
2655 521 2826 576 παντὶ
2879 523 3032 593 τόπῳ
3078 523 3250 578 ἐλεεῖν
3290 525 3368 597 μή
3398 531 3618 580 παυσω-

339 607 592 664 simulat.
620 605 716 662 Est
743 606 970 676 spiritus
994 621 1146 658 vana:
1195 606 1400 675 gloria,
1426 607 1518 676 qui
1569 606 1819 662 homines
1870 608 1925 662 ad

2039 608 2200 682 μεθα.
2229 611 2388 674 Τινὲς
2407 611 2504 680 μὲν
2528 611 2735 684 ἔφησαν
2756 611 3017 684 δαίμονας
3038 614 3292 686 δαίμοσιν
3315 615 3618 689 ἀντιπράτ-

337 697 750 770 clecmosynam
775 695 1011 750 dandam
1038 695 1230 750 incitat
1257 695 1274 767 (
1295 697 1439 751 sicut
1462 704 1513 750 ct
1541 697 1769 768 spiritus
1791 699 1925 752 lusu

2038 718 2154 756 τειν
2184 718 2196 730 ·
2253 703 2368 768 ἐγὼ
2411 702 2471 760 δι
2508 703 2721 773 ἔγνωκα
2752 707 2959 771 πάντας
2988 707 3088 780 τὴν
3118 707 3277 783 ήμῶν
3316 707 3616 784 ζητοῦντας

339 790 434 846 ria
459 790 480 862 )
505 791 598 862 qui
632 791 704 846 ab
731 798 964 860 utroque
1010 790 1114 845 hoc
1143 791 1417 860 repurgati
1442 790 1732 855 fuerimus,
1802 808 1943 862 quo—
2039 794 2344 852 ἀπώλειαν.

334 879 427 938 τι.
481 880 604 939 loco
655 882 1041 951 benignitatem
1093 882 1148 935 in
1206 896 1470 950 pauperes
1517 883 1774 937 exhibere
1813 898 1918 936 non
1954 898 2256 944 cessemus.
2311 885 2488 945 Fuere
2555 889 2821 955 nonnulli,
2862 891 2952 962 qui
3013 903 3300 948 censerent
3335 892 3612 949 dztnonas

339 972 564 1029 lnterse
593 971 698 1028 sibi
729 979 920 1026 mutuo
951 969 1232 1025 adtersari
1261 981 1316 1026 et
1343 971 1633 1027 obluctari.
1708 972 1814 1027 Sed
1870 987 1975 1044 ego
2041 978 2166 1033 novi
2229 977 2300 1034 ab
2372 979 2626 1036 omnibus
2701 980 2836 1035 nihil
2904 982 3008 1038 nisi
3073 983 3301 1039 exitium
3360 993 3610 1047 nostrum

341 1083 537 1140 queri.

411 1155 615 1214 Omnes
658 1157 779 1228 pias
808 1164 865 1210 et
897 1157 1206 1226 spiritnales
1237 1156 1660 1212 exercitationes
1711 1165 1925 1212 nostras

2105 1154 2298 1227 Πάσης
2346 1155 2727 1226 πνευματικῆς
2781 1157 3047 1228 ἐργασίας
3078 1158 3365 1232 όρωμένης
3407 1176 3468 1216 τι
3519 1160 3613 1216 καὶ

342 1250 458 1306 sive
483 1249 732 1320 corporis
757 1263 836 1304 ea:
851 1248 962 1303 sint
987 1258 1041 1303 et
1062 1248 1242 1303 oculis
1275 1247 1553 1319 subjectae,
1588 1247 1708 1328 sive
1728 1248 1925 1302 mentis

2034 1249 2335 1318 νοουμένης
2388 1250 2712 1319 προηγεῖται
2763 1250 3022 1320 πρόθεσις
3076 1251 3252 1306 οἰκεία
3313 1253 3469 1325 (64),
3515 1253 3612 1312 καὶ

339 1353 394 1398 et
413 1342 799 1413 intelligentia,
825 1341 1074 1412 przceedit
1103 1341 1320 1412 propria
1345 1338 1584 1394 hominis
1601 1353 1750 1393 mens
1768 1336 1925 1410 350

2036 1338 2202 1404 πόθος
2222 1339 2462 1411 ἄριστος,
2501 1341 2638 1412 μετὰ
2668 1342 2957 1413 συνεργίας
3003 1341 3140 1399 Θεοῦ
3177 1345 3460 1418 γινόμενα.
3487 1347 3611 1402 Τῶν

340 1441 396 1488 et
427 1433 788 1504 propositum,
821 1433 1199 1503 optimumque
1223 1431 1554 1486 desiderium
1582 1439 1633 1485 et
1672 1429 1922 1493 adtectus,

341 1541 462 1595 qua:
489 1541 558 1580 ex
613 1524 708 1580 Dei
753 1539 1018 1579 suceursu
1061 1533 1116 1579 et
1159 1522 1365 1577 auxilio
1395 1522 1556 1578 lium.
1606 1520 1723 1578 Nisi
1773 1523 1921 1575 enim

341 1616 684 1688 propositum
735 1617 1082 1685 praemissum
1150 1615 1346 1680 fuerit,
1394 1615 1534 1670 bona
1596 1628 1762 1684 opera
1818 1629 1926 1669 non

339 1720 661 1781 sequentur.
719 1707 779 1764 Si
845 1711 1070 1773 omnia,
1129 1724 1251 1781 quae
1302 1708 1406 1764 sub
1458 1706 1599 1762 calo
1629 1706 1805 1770 fiunt,
1866 1712 1928 1760 ut

338 1800 699 1858 Ecclesiastes
746 1809 1010 1865 testatur,
1059 1800 1254 1872 quavis
1302 1800 1359 1854 in
1409 1813 1466 1853 re
1497 1813 1660 1853 suum
1710 1808 1926 1868 tempus

340 1897 565 1962 habent,
613 1897 754 1952 inter
808 1897 994 1950 omnia
1046 1903 1228 1950 autem
1279 1891 1446 1949 etiam
1497 1902 1700 1950 nostra:
1743 1909 1915 1949 sacrm

337 1986 658 2056 reipublicae
713 1988 928 2058 negotia
952 1995 1008 2040 et
1035 2001 1123 2041 res
1138 1986 1449 2042 constitutae
1467 1995 1618 2048 sunt,
1644 1986 1925 2041 videamus

340 2078 387 2133 si
418 2079 593 2149 placet
619 2087 675 2134 et
703 2078 759 2133 in
791 2078 1009 2148 quovis,
1048 2087 1314 2147 tempore,
1353 2093 1475 2144 quze
1497 2075 1608 2131 sint
1634 2078 1852 2148 propria
1874 2088 1928 2134 et

341 2171 723 2226 convenientia
749 2171 947 2240 cuique
973 2171 1206 2240 tempori
1227 2170 1620 2238 disquiramus.
1654 2166 1748 2224 Est
1773 2170 1918 2224 enim

340 2264 567 2319 omnino
625 2263 681 2318 in
720 2263 790 2319 iis
839 2264 933 2333 qui
986 2264 1039 2316 in
1111 2263 1379 2332 religiosa:
1448 2263 1574 2317 vita:
1627 2263 1928 2318 certamine

340 2364 635 2413 versantur
657 2363 894 2425 tempus,
922 2369 1031 2424 quo
1057 2354 1127 2408 ab
1148 2354 1297 2408 omni
1317 2355 1483 2408 animi
1510 2354 1923 2423 perturbatione

338 2449 483 2506 liber
540 2456 598 2504 et
652 2447 979 2518 tranquillus
1039 2447 1274 2502 exsistas
1325 2445 1492 2517 (quod
1549 2454 1770 2517 prepter
1828 2461 1926 2504 eos

339 2540 490 2608 dico,
577 2539 676 2612 qui
741 2539 922 2594 adhuc
1014 2539 1069 2592 in
1152 2538 1466 2592 certaminis
1551 2537 1776 2592 infantia
1875 2547 1928 2593 et

349 2633 604 2688 tirocinio
679 2641 968 2688 versantur
1006 2634 1048 2701 ).
1099 2629 1195 2684 Est
1239 2640 1454 2700 tempus
1526 2633 1923 2706 lacrymarum,

340 2738 558 2798 tempus
613 2726 890 2781 ariditatis
963 2739 1060 2780 seu
1123 2724 1363 2781 duritiei.
1415 2725 1634 2794 cordis;
1705 2737 1923 2799 tempus

1957 1480 1999 1536 Β
2036 1430 2141 1500 γὰρ
2174 1431 2455 1502 προτέρων
2486 1431 2564 1504 μὴ
2605 1431 3079 1502 καταϐληθέντων,
3126 1434 3192 1488 τὸ
3220 1435 3475 1510 δεύτερον
3511 1439 3610 1492 ἐπ-

2027 1523 2340 1576 ακολουθεῖν
2366 1524 2429 1578 οὐ
2453 1523 2720 1595 πέφυκεν.
2752 1527 2813 1579 El
2831 1527 3024 1598 καιρὸς
3049 1522 3110 1582 ἐν
3135 1531 3298 1587 παντὶ
3319 1533 3607 1605 πράγματι

2025 1614 2137 1670 τῶν
2164 1616 2269 1669 ὑπὸ
2294 1615 2386 1669 τὸν
2415 1617 2666 1688 οὐρανὸν,
2685 1616 2872 1684 καθώς
2898 1637 3064 1693 φησιν
3091 1622 3120 1676 ό
3154 1622 3606 1698 Ἐκκλησιαστὴς.

2026 1707 2085 1760 ὲν
2119 1710 2234 1772 τοῖς
2263 1710 2399 1763 πᾶσι
2427 1709 2486 1763 δὲ
2517 1711 2611 1764 καὶ
2635 1710 2706 1765 τά
2727 1713 2826 1782 τῆς
2855 1713 3132 1783 ἡμετέρας
3149 1714 3425 1781 πολιτείας
3453 1718 3606 1791 ἱερᾶς

2028 1798 2402 1872 καθεστήκασι
2458 1803 2800 1874 πράγματα·
2846 1803 3040 1858 οὐκοῦν
3099 1807 3504 1879 σιωπήσαιμεν,
3554 1812 3606 1864 εί

2026 1893 2197 1959 δοκεῖ,
2241 1895 2337 1949 καὶ
2381 1898 2441 1956 δν
2485 1896 2701 1967 ἑκάστῳ
2755 1895 2934 1969 καιρῷ
2975 1897 3048 1952 τά
3087 1897 3170 1971 τῷ
3210 1899 3390 1971 καιρῷ
3430 1903 3607 1959 οἰκεία

2028 1985 2360 2060 ζητήσωμεν
2384 2006 2397 2020 ο
2433 1988 2626 2061 καιρὸς
2650 1990 2760 2061 γὰρ
2789 1989 3009 2054 πάντως
3032 1991 3094 2044 ἐν
3126 1995 3240 2057 τοῖς
3269 1993 3607 2065 ἀγωνιζομέ-

2027 2095 2137 2144 νοις
2163 2080 2313 2133 ὲστὶν
2340 2081 2632 2146 ἀπαθείας.
2660 2081 2750 2136 διὰ
2775 2080 2876 2154 τήν
2903 2081 3010 2138 τῶν
3028 2083 3444 2156 ἀγωνιζομένων
3462 2085 3609 2156 λέγω

2034 2173 2354 2243 νηπιότητα.
2390 2173 2596 2244 Καιρὺς
2626 2172 2898 2245 δακρύων,
2927 2174 3024 2230 καὶ
3047 2177 3239 2248 καιρδς
3263 2178 3605 2251 σκληροκαρ-

2027 2264 2145 2329 δίας
2171 2278 2187 2294 ’
2221 2263 2410 2336 καιρὸς
2446 2265 2747 2337 ὑποταγῆς,
2784 2267 2879 2320 καὶ
2904 2267 3092 2339 καιρὸς
3125 2269 3221 2322 τοῦ
3255 2271 3564 2325 ἐπιτάττειν
3584 2287 3602 2308 ·

2028 2357 2222 2428 καιρὸς
2270 2359 2548 2428 νηστείας,
2598 2361 2696 2412 καὶ
2753 2359 2945 2432 καιρὸς
2983 2359 3340 2434 μεταλήψιως
3365 2379 3380 2392 ⁸
3413 2365 3605 2435 καιρὸς

2028 2448 2288 2518 πολέμου,
2324 2447 2577 2521 σώματος
2611 2447 2833 2520 ἐχθροῦ,
2863 2449 2960 2503 καὶ
2992 2451 3182 2526 καιρθς
3222 2451 3457 2510 θανάτου
3502 2472 3606 2508 πυ·-

2031 2541 2267 2612 ρώσεως’
2295 2542 2485 2613 καιρὸς
2513 2540 2780 2613 χειμῶνος
2806 2541 3006 2614 ψυχῆς,
3031 2531 3126 2598 καί
3147 2544 3338 2616 καιρὸς
3365 2547 3606 2618 γαλήνης

2027 2633 2180 2697 νοός⁹
2223 2633 2414 2703 καιρὸς
2461 2632 2638 2703 λύπης
2686 2634 3009 2706 καρᾶακῆς,
3050 2632 3148 2690 καὶ
3193 2637 3383 2708 καιρός
3430 2640 3605 2709 χαρᾶς

2026 2725 2429 2798 πνευματικῆς
2461 2724 2653 2798 καιρὸς
2666 2723 3039 2794 διδασκαλίας,
3074 2727 3172 2782 καὶ
3197 2728 3391 2801 καιρὸς
3435 2731 3604 2802 ἀκρον

338 2820 750 2894 obteinperandi
766 2827 823 2876 et
839 2827 1054 2892 tempus
1079 2818 1382 2890 imperandi
1415 2839 1430 2875 :
1453 2829 1669 2892 tempus
1692 2820 1920 2893 jejunii,

2026 2819 2204 2882 άσεως
2236 2836 2250 2850 ο
2281 2817 2474 2891 καιρὸς
2505 2815 2822 2890 μολυσμῶν,
2852 2817 2984 2883 ῐσως
3016 2817 3108 2875 διά
3128 2818 3230 2891 τήν
3256 2815 3456 2890 οἴησιν,
3484 2837 3604 2875 και-

341 2922 559 2984 tempus
601 2926 842 2967 mensae:
877 2919 1091 2981 tempus
1138 2910 1286 2974 belli,
1322 2908 1499 2966 hostis
1541 2913 1822 2982 corporis;
1867 2922 1924 2968 et

341 3017 557 3080 tempus
605 3008 758 3079 pacis
804 3021 900 3062 seu
958 3005 1153 3061 mortis
1193 3005 1464 3061 exstincto
1514 3021 1710 3078 nempe
1740 3007 1924 3065 carnis

340 3103 822 3170 ardore:tcmpus
872 3097 1212 3168 tempestatis
1261 3098 1315 3151 in
1363 3097 1568 3164 anima,
1612 3107 1668 3154 et
1711 3108 1926 3172 tempus

343 3196 656 3252 serenitatis
697 3194 752 3248 in
809 3203 991 3247 mente
1023 3210 1036 3246 :
1069 3200 1284 3260 tempus
1326 3192 1584 3247 maeroris
1635 3191 1690 3246 in
1734 3195 1921 3261 corde,

341 3297 397 3343 et
447 3297 661 3356 tempus
711 3284 897 3357 gaudii
947 3284 1002 3337 in
1041 3282 1519 3354 spirit'n:tcmpus
1569 3283 1820 3350 docendi,
1869 3295 1926 3340 et

344 3394 560 3454 tempus
609 3381 902 3437 discendi:
938 3387 1150 3449 tempus
1196 3376 1640 3449 inquinationum
1687 3376 1926 3434 fortasse

344 3487 566 3548 prepter
619 3473 791 3529 animi
843 3471 1044 3528 fastum
1075 3514 1090 3538 ,
1144 3479 1198 3526 et
1257 3480 1473 3540 tempus
1524 3469 1925 3541 repurgationis

345 3579 567 3644 propter
612 3567 977 3623 humilitatem
1013 3583 1029 3622 ε
1061 3574 1280 3635 tempus
1336 3564 1535 3630 lucus,
1588 3572 1647 3619 et
1706 3573 1925 3634 tempus

343 3675 553 3718 secura:
612 3656 956 3713 remissionis
989 3670 1006 3709 :
1037 3664 1252 3722 tempus
1313 3651 1513 3722 quietis
1542 3694 1556 3717 ,
1606 3660 1662 3706 et
1711 3660 1925 3722 tempus

342 3755 465 3812 sine
521 3751 878 3807 distraetione
948 3745 1329 3817 occupationis
1385 3765 1394 3794 :
1450 3754 1666 3815 tempus
1721 3744 1814 3798 diu
1868 3755 1925 3800 et

343 3848 568 3906 assidue
619 3843 902 3916 precandi,
959 3849 1180 3914 tempus
1253 3839 1487 3895 ﬁdeliter
1547 3839 1916 3896 ministrandi.

342 3945 680 4013 Quapropter
726 3953 792 3992 ne
831 3951 897 3991 ex
945 3935 1184 4006 superbo
1237 3932 1404 3988 animi
1452 3932 1657 4002 impetu
1707 3931 1923 4004 decepti

343 4043 468 4090 ante
494 4042 710 4101 tempus
740 4027 1125 4099 aggrediamur
1157 4040 1220 4080 ea
1249 4039 1372 4095 qum
1396 4037 1499 4078 suo
1529 4031 1774 4093 tempore
1795 4032 1925 4080 sunt

344 4124 612 4187 facienda,
661 4137 765 4178 nec
794 4123 847 4175 in
882 4120 1058 4174 hieme
1078 4133 1307 4188 agamus
1333 4132 1456 4187 quae
1502 4115 1555 4168 iu
1585 4124 1772 4171 estate
1792 4123 1922 4171 sunt

2027 2912 2120 2987 ρδς
2145 2909 2492 2982 καθάρσεως,
2524 2910 2615 2970 διὰ
2647 2909 2750 2984 τὴν
2774 2912 3139 2966 ταπείνωσινο
3170 2913 3362 2987 καιρὸς
3402 2912 3602 2987 πάλης,

2025 3004 2119 3060 καὶ
2157 3003 2436 3074 ἀσφαλοῦς
2462 3003 2704 3067 ἀνέσεως
2727 3018 2743 3034 ο
2783 3000 2976 3073 καιρὸς
3004 3000 3259 3076 ήσυχίας,
3288 3001 3384 3056 καὶ
3411 3001 3602 3071 καιρός

2023 3095 2441 3166 ἀπερισπάστου
2467 3091 2862 3168 περισπασμοῦ
2881 3109 2894 3122 ·
2921 3091 3112 3163 καιρὸς
3147 3091 3458 3165 προσευχῆς
3479 3093 3604 3148 ἀεν-

2025 3183 2179 3254 νάου,
2215 3189 2310 3241 καὶ
2341 3185 2535 3260 καιρός
2562 3185 2841 3248 διακονίας
2876 3183 3261 3255 ἀνυποκρίτου.
3299 3184 3394 3257 Μὴ
3423 3185 3605 3240 τοίνυν

2025 3280 2133 3352 πρὸ
2163 3279 2359 3350 καιροῦ
2405 3279 2466 3348 ἐξ
2500 3278 2854 3350 ὑπερηφάνου
2903 3277 3211 3350 προθυμίας
3254 3279 3604 3350 ἀπατώμενοι

2023 3377 2093 3431 τά
2136 3374 2233 3429 τοῦ
2286 3376 2483 3449 καιροῦ
2527 3376 2886 3448 ζητήσωμεν·
2929 3374 3006 3447 μή
3045 3377 3105 3431 ἑν
3148 3375 3380 3447 χειμῶνι
3406 3376 3476 3431 τὰ
3506 3375 3602 3430 τοῦ

2024 3464 2254 3537 θέρους·
2291 3467 2369 3538 μὴ
2414 3469 2474 3520 ὲν
2518 3466 2707 3539 σπόρῳ
2741 3465 2812 3520 τὰ
2859 3465 2968 3520 τῶν
2995 3465 3366 3537 δραγμάτων,
3413 3462 3605 3537 ἐπειδὴ

2025 3559 2212 3630 καιρὸς
2253 3557 2351 3612 τοῦ
2398 3562 2620 3630 σπεῖραι
2651 3559 2870 3625 ⁶ιτόνους,
2901 3559 2994 3615 καὶ
3037 3558 3230 3630 καιρός
3252 3557 3347 3612 τοῦ
3389 3557 3601 3630 θερίσαι

2023 3650 2123 3714 τάς
2150 3650 2376 3722 χάριτας
2400 3650 2500 3716 τάς
2527 3649 2822 3726 ἀρρήτους.
2848 3651 2914 3705 El
2939 3650 2998 3705 δὲ
3029 3654 3104 3723 μή
3141 3668 3228 3720 γε,
3276 3650 3400 3707 οὐδὲ
3430 3651 3490 3707 ὲν
3522 3652 3603 3724 τῷ

2024 3741 2206 3814 καιρῷ
2235 3741 2306 3798 τά
2328 3743 2426 3798 τοῦ
2455 3743 2653 3815 καιροῦ
2675 3745 2853 3798 οἰκεῖα
2887 3742 3229 3815 κομισόμεθα
3276 3744 3412 3816 (65).
3445 3744 3598 3812 Τινὲς

2023 3835 2133 3906 πρὸ
2157 3837 2266 3888 τῶν
2317 3835 2602 3907 καμάτων,
2638 3835 2785 3900 τινὲς
2840 3837 2898 3889 ὲν
2947 3839 3063 3909 τοῖς
3117 3836 3404 3906 καμάτοις,
3455 3837 3602 3903 τινὶς

2027 3929 2167 4000 μετὰ
2197 3930 2321 3994 τοὺς
2349 3930 2652 4001 καμάτους,
2703 3933 2848 3995 τινὲς
2879 3933 2938 3983 ἐν
2965 3929 3045 4002 τῷ
3077 3928 3296 4001 θανάτῳ
3320 3930 3418 3991 τὰς
3444 3931 3602 3995 ὁσίας

2026 4021 2263 4091 ἀμοιϐὰς
2313 4023 2469 4093 παρὰ
2518 4022 2612 4077 τοῦ
2647 4022 2786 4076 Θεοῦ
2833 4022 2945 4078 τῶν
2995 4022 3216 4076 οίκείων
3260 4021 3447 4076 κόπων
3483 4022 3605 4077 κατ’

2023 4114 2338 4184 οἰκονομίαν
2381 4114 2622 4188 ἄρρητον
2667 4113 3016 4184 ἐκομίσαντο.
3063 4112 3336 4185 Ζητητέον
3367 4113 3452 4178 τίς
3477 4112 3603 4168 τοὺο

342 4217 572 4290 agenda,
597 4231 697 4270 nec
722 4215 778 4268 in
815 4221 1058 4268 semente
1084 4224 1317 4266 messem
1353 4222 1702 4281 quaeramus;
1731 4207 1775 4263 si
1792 4208 1917 4279 qui-

2025 4223 2131 4258 των
2160 4207 2253 4260 τοῦ
2293 4205 2479 4278 ἑτέρου
2507 4204 2888 4276 ταπεινότερος
2921 4203 3284 4276 καθέστηκεν.

340 4310 465 4368 dem
499 4317 713 4376 tempus
764 4313 820 4359 et
871 4299 1089 4358 serendi
1139 4300 1355 4353 labores
1378 4339 1393 4364 ,
1421 4294 1582 4368 351
1647 4305 1704 4351 et
1758 4304 1976 4368 tempus
2011 4297 2248 4353 metendi
2298 4295 2706 4367 inexplicabiles
2739 4297 3040 4367 gratiam
3073 4312 3301 4354 messes.
3337 4295 3436 4353 Sin
3502 4301 3605 4354 mi.

342 4416 468 4465 nus,
505 4408 637 4454 tunc
660 4409 839 4466 neque
867 4408 970 4450 suo
1006 4401 1270 4463 tempore,
1305 4404 1427 4460 qua:
1463 4397 1595 4445 sunt
1619 4387 1737 4457 ejus
1768 4390 2029 4459 temporis
2056 4389 2275 4461 prepria
2298 4387 2616 4445 referemus.
2646 4388 2879 4456 Quidam
2923 4401 3051 4447 ante
3077 4390 3330 4456 labores,
3379 4391 3602 4462 quidam

342 4498 487 4556 inter
516 4495 664 4564 ipsos
685 4491 900 4547 labores
921 4487 1146 4560 quidam
1177 4495 1300 4557 post
1329 4485 1569 4553 labores,
1598 4485 1818 4556 quidam
1892 4484 1950 4542 in
2011 4494 2186 4542 morte
2209 4487 2427 4540 demum
2462 4485 2742 4541 cmlestem
2790 4483 3057 4538 sudorum
3103 4485 3603 4555 compensationem

341 4605 408 4646 ex
449 4600 652 4644 arcana
682 4592 740 4640 et
777 4579 1137 4644 inenarrabili.
1163 4577 1258 4634 Dei
1303 4577 1698 4650 gubernatione
1720 4585 1775 4631 et
1796 4577 2071 4634 voluntate
2094 4587 2433 4649 receperunt.
2459 4575 2651 4635 Restat
2680 4577 3065 4650 inquirendum
3090 4577 3186 4648 qui
3214 4578 3411 4634 horum
3435 4579 3607 4637 altero

343 4685 505 4745 fuerit
539 4681 819 4739 humilior.

413 4778 512 4834 Est
559 4772 960 4846 desperationis
1015 4783 1192 4841 genus
1247 4767 1396 4838 quod
1451 4780 1517 4821 ea
1580 4764 1932 4820 multitudine

342 4883 715 4946 peccatorum.
778 4873 836 4921 et
881 4863 1233 4920 conscientiae
1310 4861 1551 4930 pondere
1600 4868 1656 4914 et
1735 4859 1934 4914 intole~

344 4966 502 5024 rabili
573 4963 793 5018 tristitia
847 4956 1084 5022 exsistit,
1141 4955 1363 5027 quando
1429 4954 1614 5009 anima
1666 4967 1736 5007 ex
1789 4951 1931 5006 mul—

343 5062 576 5120 titudine
607 5059 901 5114 vulnerum
933 5052 1168 5108 nimium
1200 5048 1491 5119 mergitur,
1522 5054 1578 5101 et
1609 5059 1778 5101 onere
1805 5059 1932 5115 pec-

338 5165 591 5216 catorum
611 5192 628 5219 ,
661 5149 928 5206 altissima
961 5142 1366 5213 desperationis
1393 5139 1652 5210 voragine
1680 5138 1930 5193 hauritur

336 5265 393 5312 et
421 5248 766 5310 absorbetur.
805 5243 901 5299 Est
929 5250 984 5298 et
1011 5241 1116 5296 alia
1145 5237 1459 5309 desperatio
1489 5250 1614 5307 quae
1643 5252 1709 5291 ex
1739 5249 1930 5306 super-

341 5349 431 5405 bia
459 5355 516 5403 et
559 5339 940 5400 astimationis
981 5336 1130 5391 fastu
1186 5333 1347 5388 nobis
1396 5328 1684 5400 contingit,
1735 5335 1794 5383 ut
1833 5327 1928 5397 qui

339 5440 620 5496 existimet
647 5433 931 5506 indignum
963 5443 1042 5497 se,
1074 5427 1171 5500 qui
1203 5427 1257 5481 in
1293 5425 1461 5481 talem
1497 5438 1692 5478 casum
1719 5420 1930 5476 incide-

345 5531 647 5590 rctl‘uisse.
701 5529 760 5583 In
811 5527 902 5583 his
949 5523 1208 5586 duobus,
1253 5520 1346 5591 qui
1391 5515 1788 5581 observaverit,
1826 5514 1930 5569 hoc

348 5625 629 5696 proprium
652 5617 1041 5690 deprehendet,
1070 5613 1216 5686 quod
1248 5614 1385 5667 alter
1426 5626 1492 5665 ex
1517 5610 1921 5680 desperatione,

349 5716 587 5784 aeipsum
614 5713 870 5783 deinceps
893 5709 1013 5767 sine
1063 5706 1384 5762 discriminc
1416 5703 1670 5761 omnibus
1689 5701 1926 5772 peccatis

2098 4771 2289 4828 Ἔστιν
2315 4772 2625 4841 ἀπόγνωσις
2676 4773 2742 4825 ὲκ
2764 4769 3004 4841 πλήθους
3031 4768 3602 4841 ἁμαρτημάτωνωϐ),

2027 4867 2123 4924 καὶ
2153 4864 2454 4928 συνειδότος
2493 4863 2716 4934 βάρους,
2749 4861 2845 4916 καὶ
2883 4861 3163 4932 ἀφορήτου
3190 4859 3369 4932 λύπης
3403 4861 3495 4916 διά
3536 4865 3603 4916 το

2029 4957 2541 5030 ὑπερδαπτισθῆναι
2579 4955 2662 5026 τῷ
2713 4951 2909 5026 πλήθει
2943 4951 3054 5007 τῶν
3104 4951 3446 5024 τραυμάτων
3505 4953 3604 5024 τὴν

2027 5053 2227 5126 ψυχὴν,
2277 5053 2374 5107 καὶ
2409 5049 2489 5123 τῷ
2517 5051 2675 5121 βάρει
2731 5045 2932 5111 αὐτῶν,
2985 5047 3068 5110 είς
3125 5044 3605 5115 τδνάπογνώσεως

2030 5144 2193 5217 βυθὸν
2246 5140 2768 5208 καταποντίζεσθαι·
2817 5139 2913 5194 καὶ
2969 5136 3120 5193 ἔστιν
3175 5137 3487 5207 ἀπόγνωσις
3543 5138 3604 5207 ἐξ

2027 5237 2407 5310 ὑπερηφανίας
2463 5235 2559 5289 καὶ
2607 5231 2840 5304 οἰήσεως
2900 5232 3036 5304 ἡμῖν
3099 5229 3604 5299 ἐπισυμδαίνουσα,

2025 5328 2373 5402 λογιζόμενον
2425 5325 2617 5381 ἑαυτὸν
2663 5325 2740 5388 ὡς
2778 5324 3002 5388 ἀνάξιον
3032 5321 3164 5376 ὄντα
3189 5320 3286 5376 τοῦ
3325 5320 3604 5396 συμϐεϐη-

2026 5421 2184 5484 κότος
2223 5417 2516 5488 πτώματος
2539 5431 2559 5448 ·
2591 5413 2751 5469 τοῦτο
2772 5413 2828 5470 δὶ
2877 5415 2908 5468 ό
2930 5411 3271 5486 παρατηρῶν
3319 5412 3380 5464 ὲν
3419 5412 3604 5482 ἀμφο-

2027 5511 2204 5584 τέροις
2257 5509 2480 5579 εὑρήσει
2514 5505 2577 5560 τὸ
2618 5505 2816 5575 ἰδίωμα
2842 5521 2855 5534 ·
2900 5503 2993 5554 τὸν
3046 5502 3147 5572 μὲν
3201 5501 3260 5554 ιν
3313 5499 3606 5573 ἀδιαφορία

2033 5604 2224 5659 ἑαυτὸν
2253 5601 2440 5655 λοιπον
2465 5597 2833 5654 ἐκδεδωκότα*
2881 5595 2972 5648 τὸν
3019 5593 3075 5647 δὲ
3115 5594 3212 5662 τῆς
3244 5593 3529 5663 ἀσκήσεως
3547 5595 3607 5644 ἐν

2036 5693 2349 5764 ἀπογνώσει
2407 5691 2688 5763 ἐχόμενον,
2747 5688 2884 5758 ὅπερ
2934 5683 3303 5758 ἀσύμφωνον
3348 5678 3486 5738 άλὶά
3512 5683 3612 5752 τον,
