4086 6180
344 259 484 333 ίθθι

1298 259 1529 320 ΒΟΑΙΑ
1568 259 1947 327 ΡΑΙίΑῡΙδΙ.
1984 261 2385 324 -ΟΙὶΑυυΒ
2423 265 2609 323 XXVI
2638 312 2646 320 .

3487 266 3626 334 1062

353 383 495 458 ἡμᾶς
524 381 662 455 πρὸς
691 381 752 436 τὸ
781 378 968 443 κακὸν,
996 378 1088 431 καὶ
1116 376 1336 447 ἑτέρους
1358 375 1504 447 ἔχειν
1533 375 1933 448 συμϐουλεύου-

2051 377 2121 431 rel
2152 388 2210 433 ut
2251 386 2305 432 te
2336 392 2432 448 per
2461 378 2867 434 sanctissimam
2917 380 3280 434 humilitatem
3314 381 3382 434 ad
3423 381 3498 432 tui
3532 397 3626 433 eo—

353 495 456 540 σιν,
498 474 586 528 ἴνα
623 471 1009 544 χαλεπωτέραν
1036 471 1169 541 ἡμῖν
1203 469 1303 540 τὴν
1349 468 1572 522 κόλασιν
1609 471 1929 536 ποιήσωσιν.

363 563 613 638 Ἑώρακα
656 565 948 637 συνήθειαν
976 563 1218 633 πονηρὰν
1261 560 1322 626 ἐξ
1348 559 1537 631 ἑτέρου
1574 559 1933 632 μεμαθηκότα

350 660 535 731 ἓτερον
563 673 578 687 ⁸
619 659 714 714 καὶ
768 657 953 727 μέντοι
999 658 1028 708 ὀ
1068 654 1167 724 μὲν
1199 653 1420 718 διδάξας
1463 656 1544 717 εἰς
1582 653 1935 723 συναίσθησιν

352 747 623 819 ἐληλυθὼς
656 748 937 818 μετανοεῖν
973 744 1198 815 ἤρξατο,
1239 745 1334 798 καὶ
1363 742 1456 795 τοῦ
1485 741 1656 797 κακοῦ
1689 742 1936 796 επαύσα-

350 857 412 896 το
432 857 448 872 ·
483 839 569 894 διὰ
596 839 653 896 δὲ
679 841 777 910 τῆς
808 838 900 891 τοῦ
934 837 1177 908 μαθητοῦ
1213 835 1479 906 ἐργασίας
1519 836 1810 908 ἀνίσχυρος
1841 833 1939 888 αύ-

352 931 445 986 τυῦ
473 932 506 1001 ἡ
535 930 796 1001 μετάνοια
825 929 1040 998 γέγονε.
1065 928 1267 994 Πολλὴ,
1298 928 1471 991 ὅντως
1502 925 1673 995 πολλὴ
1701 927 1796 978 καὶ
1816 924 1938 979 δυσ-

357 1023 699 1095 κατάληπτος
725 1025 756 1093 ἡ
786 1021 893 1074 τῶν
934 1022 1261 1089 πνευμάτων
1290 1018 1550 1090 πονηρία,
1598 1020 1694 1073 καὶ
1735 1017 1938 1085 ὀλίγοις

353 1117 518 1186 ὁρατή
551 1131 566 1146 ⁸
609 1111 764 1183 οἶμαι
795 1114 851 1168 δὲ
904 1113 1026 1168 οὐδὲ
1068 1114 1271 1181 ὀλίγοις
1310 1115 1480 1167 πᾶσα.
1514 1111 1641 1174 Πῶς
1690 1109 1750 1163 δὲ
1803 1125 1938 1180 τρυ-

354 1211 560 1278 φῶντες
617 1209 714 1264 καὶ
760 1207 1147 1279 κορεννύμενοι
1193 1202 1589 1276 ἅγρυπνοῢμεν
1636 1203 1938 1274 νηφόντως.

354 1300 708 1371 νηστεύοντες
731 1299 896 1354 δὲκαὶ
919 1297 1394 1368 ταλαιπωροῦντες
1414 1295 1493 1368 τῷ
1518 1295 1671 1365 ὕπνῳ
1691 1293 1941 1356 ἐλεεινῶς

354 1393 797 1466 καταφερόμεθα,
846 1391 880 1464 ἢ
932 1390 1302 1463 ἡσυχάζοντες
1353 1387 1807 1459 σκληρυνόμεθα,
1845 1386 1943 1440 καὶ

353 1487 738 1554 συνδιάγοντες
806 1481 1295 1552 κατανυσσόμεθα;
1373 1479 1760 1550 Διμώττοντες
1822 1477 1942 1536 καθ’

351 1572 554 1637 ὕπνους
594 1572 998 1644 πειραζόμεθα,
1040 1572 1134 1626 καὶ
1177 1570 1581 1642 ἔμφορούμενοι
1619 1571 1941 1640 ἀπείραστοι

345 1665 680 1736 διαμένομεν
710 1681 722 1693 '
777 1667 836 1718 ὲν
885 1664 1066 1736 ἐνδείᾳ
1099 1662 1366 1718 σκοτεινοί
1419 1679 1565 1726 τινες
1609 1661 1706 1715 καὶ
1735 1656 1943 1716 ἀκατὰ-

345 1775 534 1815 ννκτοι
569 1757 868 1831 γιγνόμεθα
891 1777 924 1808 ·.
945 1759 1006 1813 ὲν
1041 1758 1320 1828 οίνοποσιᾳ
1351 1756 1408 1810 δὲ
1444 1755 1620 1827 ίλαρολ.
1653 1755 1748 1809 καὶ
1773 1754 1940 1808 εὐκα-

344 1852 605 1906 τάνυκτοι
633 1851 733 1920 (7);
767 1852 904 1922 πρὸς
933 1849 1106 1904 ταῦτα
1133 1850 1164 1902 ὁ
1193 1848 1492 1919 δυνάμενος
1520 1850 1578 1900 ὲν
1606 1846 1797 1916 Κυρίῳ
1829 1862 1942 1914 φω-

344 1947 490 1999 τίσει
537 1945 896 2015 ἁφωτίστους.
943 1945 1135 2012 Ἡμεῖς
1186 1944 1294 2013 γὰρ
1341 1940 1640 2010 ἀφώτιστοι
1689 1939 1824 2009 πρὸς
1873 1938 1944 1991 τὰ

343 2036 530 2090 τοιάδε
556 2036 900 2107 τυγχάνομεν
918 2047 930 2062 ⁸
955 2033 1096 2106 πλὴν
1121 2035 1302 2088 ἐκεῖνο
1331 2032 1586 2102 λέγομεν,
1610 2032 1694 2084 ὅτι
1717 2032 1778 2082 ού
1805 2033 1944 2086 πάν-

340 2145 471 2182 τοτε
499 2129 563 2182 ὲκ
590 2127 866 2197 δαιμόνων
889 2127 923 2198 ή
949 2123 1179 2194 τοιαύτη
1213 2121 1486 2193 μεταϐολὴ
1517 2121 1749 2190 γίνεται.
1803 2121 1941 2175 Ἀλλ’

340 2220 501 2274 ἔστιν
531 2219 622 2273 ὅτε
657 2219 754 2273 καὶ
795 2220 862 2272 ὲκ
903 2217 1006 2287 τῆς
1037 2218 1398 2286 συγκράσεως
1427 2213 1526 2284 τῆς
1562 2213 1813 2283 δοθείσης
1852 2231 1942 2284 μοι

337 2313 576 2384 ταύτης,
615 2314 709 2366 καὶ
739 2310 1119 2382 περιδεθείσης
1157 2325 1271 2379 μοι,
1306 2307 1425 2370 πῶς
1454 2308 1555 2360 οὐκ
1580 2303 1719 2370 οἶδα,
1766 2310 1940 2379 ρυπαο

339 2407 454 2478 ρᾶς
492 2405 588 2457 καὶ
619 2401 911 2474 λιχνώδους
939 2400 1272 2470 παχύτητος.
1320 2397 1460 2466 Περὶ⁸
1503 2395 1597 2449 τοῦ
1631 2395 1943 2466 δυσδιακρί-

335 2515 446 2553 του
484 2497 585 2569 τῆς
627 2494 899 2566 τυχούσης
936 2492 1046 2546 τῶν
1086 2487 1508 2561 προειρημένων
1541 2486 1943 2558 μεταπτώσεως

341 2590 661 2662 εἰλικρινῶς
686 2588 781 2642 καὶ
801 2585 1075 2647 ταπεινῶς
1114 2583 1208 2636 τὸν
1241 2581 1445 2652 Κύριον
1489 2581 1905 2651 δυσωπήσωμεν
1927 2595 1939 2607 ·

344 2681 452 2737 κᾶν
503 2679 642 2750 μετὰ
689 2678 786 2749 τὴν
818 2676 1049 2739 ἱκεσίαν,
1103 2674 1199 2726 καὶ
1239 2671 1332 2726 τὸν
1364 2671 1572 2741 ταύτης
1607 2672 1800 2740 χρόνον
1828 2670 1942 2723 ὠσ-

345 2776 536 2836 αύτως
565 2773 819 2843 εὖρωμεν
875 2766 1135 2838 ἐνεργοῦν
1171 2765 1234 2818 τὸ
1258 2765 1546 2834 γινόμενον
1572 2803 1588 2827 ,
1620 2760 1944 2832 γνωσόμεθα

342 2866 421 2930 ὡς
451 2865 560 2919 οὐκ
593 2865 659 2915 ἐκ
695 2859 990 2931 δαιμόνων,
1029 2855 1170 2911 ἀλλά
1203 2855 1418 2923 φύσεώς
1467 2854 1586 2906 ἐστι
1620 2852 1684 2905 τὸ
1730 2852 1946 2920 γινόμε-

343 2975 460 3012 νον.
497 2954 768 3016 Πολλάκις
803 2952 860 3006 δὲ
895 2950 987 3007 καὶ
1032 2950 1152 3002 θεία
1199 2947 1484 3017 οἰκονομία
1513 2944 1605 2999 διὰ
1641 2945 1749 2999 τῶν
1784 2945 1942 2997 ἐναν-

2034 471 2358 542 κηίιίοηειιι,
2388 481 2605 539 tuaeque
2655 471 3045 527 imbecillitatis
3089 473 3420 540 agnitionem
3453 472 3628 527 dedu-

2035 571 2180 618 cant.
2221 560 2361 616 Sunt
2390 577 2456 619 ex
2483 562 2719 632 impuris
2743 563 3088 622 daemonibus
3119 564 3362 624 aliialiis
3397 565 3629 634 nequio-

2038 670 2146 719 res,
2181 655 2274 722 qui
2315 655 2604 724 impellunt
2658 671 2757 709 nos
2801 671 2870 709 ne
2903 657 3004 711 soli
3036 671 3346 725 peccemus,
3397 655 3492 715 sed
3538 672 3630 711 so-

2039 748 2153 802 cios
2202 746 2371 819 372
2418 747 2486 801 ad
2543 747 2947 818 improbitatem
2999 750 3138 804 alios
3188 748 3345 804 nobis
3391 750 3632 806 asciae:-

2041 855 2186 904 mus,
2216 850 2276 894 ut
2316 843 2537 908 gravius
2573 839 2698 895 inde
2731 841 2891 896 nobis
2938 842 3268 910 supplicium
3311 841 3624 897 conciliem.

2045 928 2162 986 Vidi
2201 933 2296 1000 qui
2319 932 2390 986 ab
2430 932 2603 986 altero
2637 933 2837 991 malam
2883 935 3142 1002 peccandi
3176 933 3629 993 consuetudinem

2040 1022 2298 1086 disceret,
2353 1023 2617 1093 illumque
2662 1025 2757 1094 qui
2803 1024 3036 1078 alterum
3091 1040 3318 1094 peccare
3344 1025 3630 1088 docuerat,

2042 1113 2109 1169 ad
2137 1131 2360 1171 sensum
2390 1115 2618 1170 rediisse
2639 1124 2695 1168 et
2719 1115 3104 1185 pmuitentiant
3155 1131 3322 1186 agere
3371 1116 3632 1185 cwpisse,

2043 1208 2384 1276 omninoque
2413 1223 2441 1261 a
2477 1209 2624 1262 malo
2653 1209 2912 1270 desiisse,
2948 1208 3041 1263 sed
3075 1220 3297 1278 propter
3327 1209 3477 1266 illius
3507 1224 3633 1280 pec-

2043 1310 2166 1354 cata
2199 1315 2360 1368 quem
2396 1299 2682 1363 docuerat,
2731 1302 2896 1355 etiam
2937 1303 3111 1370 ipsius
3140 1301 3517 1370 puniitcntiam
3549 1303 3635 1358 in-

2044 1392 2383 1446 fructuosam
2419 1403 2473 1446 et
2508 1394 2727 1446 inanem
2773 1392 3037 1446 redditam
3067 1393 3165 1461 (ιι).
3206 1393 3362 1447 Varia
3392 1392 3636 1463 profecto

2043 1491 2098 1536 et
2127 1483 2296 1536 multa
2320 1491 2483 1553 atque
2509 1493 2671 1553 captu
2695 1482 2932 1538 diﬂicilis
2957 1491 3044 1538 est
3077 1483 3320 1553 nequitia
3345 1483 3634 1554 spirituum

2046 1573 2450 1642 improborum,
2492 1575 2795 1643 paucisque
2845 1587 3152 1646 perspecta,
3200 1576 3308 1629 imo
3345 1575 3532 1638 nullis,
3576 1585 3638 1632 ut

2047 1665 2263 1734 opinor,
2299 1673 2434 1718 tota.
2473 1663 2761 1730 Quomodo
2797 1666 3082 1721 delicatius
3121 1668 3372 1722 viventes
3413 1675 3466 1721 et
3495 1665 3637 1724 cibis

2044 1757 2288 1818 distenti,
2319 1765 2580 1826 tauquam
2603 1757 2771 1811 sobrii
2795 1757 3185 1826 pervigilamus
3212 1779 3228 1825 ;
3248 1756 3420 1829 jejuni
3453 1765 3636 1812 autem

2044 1857 2095 1898 cl
2130 1845 2313 1902 aﬂlicti
2341 1848 2712 1900 miserandum
2746 1848 2800 1902 in
2835 1847 3055 1903 modum
3086 1864 3280 1904 somno
3302 1848 3639 1919 mergimur?

2044 1945 2141 1992 aut
2170 1937 2452 2006 quomodo
2486 1939 2537 1991 in
2577 1939 2799 1995 silentio
2842 1951 2896 1994 et
2929 1942 3116 2010 quiete
3147 1942 3407 2010 degentes
3453 1939 3638 1996 cordis

2045 2029 2245 2084 duritia
2297 2030 2635 2096 laboramus,
2663 2042 2719 2087 et
2756 2048 2882 2088 cum
2931 2033 3054 2088 aliis
3085 2034 3285 2089 versati
3315 2034 3640 2104 compuugi-

2049 2124 2221 2178 ntur?
2259 2121 2428 2178 Fame
2451 2124 2686 2179 confecti
2722 2127 2776 2180 in
2812 2125 3045 2182 somniis
3076 2141 3362 2190 vexamur,
3403 2125 3640 2197 saginati

2045 2232 2177 2272 vero
2221 2217 2473 2272 intentati
2502 2219 2815 2274 duramus?
2851 2217 2909 2273 In
2961 2235 3144 2275 rerum
3186 2221 3415 2292 penuria
3439 2231 3496 2276 et
3545 2235 3640 2276 so-

2046 2311 2274 2365 brietate
2321 2311 2536 2365 confusi
2568 2321 2621 2364 et
2667 2311 2788 2366 duri
2826 2327 3016 2367 sumus
3047 2329 3060 2377 ;
3107 2330 3231 2368 cum
3262 2315 3450 2368 \inum
3484 2323 3639 2382 pota-

2045 2420 2191 2470 mus,
2225 2405 2424 2459 hilares
2447 2414 2501 2458 ct
2534 2405 2690 2474 proni
2731 2406 2785 2460 iu
2831 2408 3124 2475 lacrymas,
3171 2415 3228 2460 et
3261 2409 3644 2474 compunctio-

2045 2515 2170 2555 nem
2199 2499 2526 2554 evadimus?
2546 2498 2602 2553 In
2635 2501 2719 2556 his
2751 2500 2846 2571 qui
2877 2517 2975 2554 nos
3007 2501 3060 2554 in
3099 2500 3329 2556 Domino
3361 2499 3643 2554 illustrare

2045 2600 2246 2662 potest,
2277 2591 2511 2648 illustret
2538 2601 2595 2646 et
2631 2593 2843 2658 doceat,
2871 2609 2973 2648 nos
2999 2593 3146 2648 enim
3174 2593 3228 2647 in
3262 2591 3641 2662 hujuscemodi

2047 2687 2210 2739 rebus
2240 2685 2367 2739 caeci
2394 2700 2608 2740 sumus.
2639 2686 2748 2740 Etsi
2777 2689 2881 2741 hoc
2903 2686 3262 2750 allirmamus,
3297 2699 3403 2739 non
3428 2699 3644 2753 semper

2046 2778 2118 2832 ab
2151 2777 2310 2832 malis
2337 2777 2512 2847 geniis
2553 2778 2932 2848 hujuscemodi
2983 2777 3428 2834 vicissitudinum
3462 2786 3642 2832 muta-

2047 2872 2224 2926 tiones
2255 2874 2560 2942 provenire.
2595 2870 2660 2925 Et
2683 2881 2762 2927 est
2793 2887 2920 2927 cum
2970 2873 3168 2925 accidit
3199 2871 3332 2926 mihi
3377 2870 3504 2933 hoc.
3547 2884 3643 2926 ue-

2048 2965 2164 3019 scio
2203 2964 2496 3032 quomodo,
2531 2964 2600 3019 ob
2630 2963 3034 3019 concretionem
3067 2963 3198 3018 mihi
3227 2963 3435 3028 datam,
3458 2971 3513 3018 et
3534 2963 3644 3017 eir-

342 3055 481 3108 τίων
539 3049 849 3119 εὐεργετεῖν
897 3045 1047 3115 ἡμᾶς
1097 3041 1372 3112 βούλεται,
1427 3039 1517 3093 διὰ
1563 3040 1782 3093 πάντων
1838 3037 1939 3108 τὴν

2051 3060 2360 3112 cumfusum
2416 3057 2546 3112 mihi
2589 3059 2974 3127 sordidamque
3006 3067 3062 3112 et
3113 3058 3488 3113 illecebrosam
3521 3056 3646 3126 pin-

341 3147 533 3218 οἴησιν
569 3143 728 3215 ἡμῶν
762 3140 1230 3196 καταστέλλουσα.
1269 3134 1522 3190 Χαλεπὸν
1559 3134 1659 3205 μὲν
1679 3133 1773 3186 τὸν
1813 3135 1944 3203 περὶ

343 3238 645 3312 χριμάτων
698 3235 860 3307 βυθὸν
919 3229 1431 3304 περιεργάζεσθαι·
1496 3230 1554 3280 ὃν
1609 3225 1778 3297 πλοίῳ
1833 3227 1945 3296 γὰρ

340 3333 588 3404 οἰήσεως
612 3327 897 3398 περίεργοι
924 3321 1201 3376 πλέουσιν.

2053 3143 2362 3213 guediuem.
2411 3142 2520 3197 Pro
2576 3145 2698 3207 hac,
2749 3143 3051 3211 dijudicatu
3105 3143 3328 3209 didii-ili,
3383 3157 3506 3212 quae
3542 3156 3644 3197 usu

2055 3232 2242 3285 venire
2270 3230 2412 3285 solet
2434 3231 2488 3284 in
2521 3246 2684 3302 supra
2716 3230 3128 3298 demonstratis,
3170 3230 3552 3288 vicissitudine
3592 3238 3648 3285 et

2057 3321 2358 3376 mulatione
2386 3336 2540 3392 pure,
2594 3322 2806 3377 sincere
2833 3335 2885 3376 et.
2909 3323 3182 3378 submisse
3213 3320 3506 3376 Dominum
3553 3321 3650 3376 de-

341 3439 666 3498 precemur,
695 3430 750 3476 et
779 3421 825 3477 si
859 3426 982 3490 post
1001 3416 1163 3489 373
1190 3415 1463 3486 supplices
1489 3427 1683 3482 preces
1718 3420 1773 3467 et
1803 3414 2065 3481 temporis
2135 3430 2345 3470 moram
2422 3417 2476 3472 id
2539 3417 2688 3488 quod
2727 3417 2788 3472 tit
2849 3417 3209 3473 nihilominus
3247 3417 3440 3472 eodem
3485 3415 3647 3471 modo

343 3519 464 3575 ﬂeri
526 3514 887 3580 senserimus,
937 3520 1054 3567 tum
1087 3508 1298 3566 veroid
1327 3521 1438 3561 non
1471 3507 1781 3562 damonum
1838 3504 2196 3574 improbitati,
2267 3509 2360 3564 sed
2422 3520 2632 3565 natura:
2693 3511 3066 3565 ascribemus.
3138 3508 3524 3580 Saepenumero
3563 3505 3650 3561 di-

342 3618 478 3670 vina
512 3609 852 3683 providentia
888 3622 1003 3664 rem
1039 3605 1114 3660 ita
1154 3603 1454 3674 dispensat,
1489 3608 1550 3656 ut
1595 3615 1693 3671 per
1730 3602 2007 3655 contraria
2076 3603 2236 3659 nobis
2274 3605 2598 3662 benefacere
2661 3606 2792 3661 velit
2825 3647 2839 3672 ,
2906 3618 2960 3661 ut
3010 3607 3271 3662 omnibus
3333 3604 3514 3660 modis
3557 3617 3653 3659 su-

345 3711 592 3782 perbum
629 3720 856 3763 sensum
893 3710 1149 3759 nostrum
1177 3699 1453 3755 relundat.
1503 3694 1730 3752 Diﬂicile
1758 3705 1840 3751 cst
1899 3699 2176 3757 curiosius
2239 3701 2308 3757 de
2369 3701 2680 3760 divinorum
2703 3704 3036 3774 judiciorum
3096 3707 3311 3760 arcanis
3354 3702 3651 3776 inquirere,

345 3798 565 3857 curiosi
590 3798 736 3852 enim
767 3793 1024 3851 elationis
1062 3791 1190 3845 navi
1225 3791 1523 3846 vehuntur.

422 3892 636 3963 Ἴιρετύ
656 3891 738 3954 τίς
774 3907 895 3944 τινα
919 3889 1028 3942 τῶν
1060 3887 1280 3958 βλέπειν
1301 3885 1633 3957 δυναμένων,
1664 3886 1716 3936 τί
1743 3885 1944 3953 δήποτε

344 3989 647 4062 γινώσκων
678 3988 706 4040 ὁ
734 3985 867 4051 Θεός
903 4003 1067 4040 τινων
1105 3983 1174 4038 τὰ
1208 3984 1547 4054 πταίσματα,
1577 3981 1802 4044 τούτους
1845 3997 1945 4051 χα-

347 4087 592 4158 ρίσμασι
645 4081 742 4135 καὶ
785 4079 978 4150 τέρασι
1029 4076 1468 4147 κατεκόσμησεν.
1523 4075 1584 4128 Ὀ
1621 4074 1679 4126 δέ
1728 4090 1894 4143 φησιν
1936 4087 1948 4100 ·

345 4179 475 4232 Ἰνα
503 4175 602 4230 καὶ
626 4173 846 4237 λοιποὺς
885 4169 1292 4240 πνευματικοὺς
1323 4167 1691 4238 ἀσφαλίσηται
1719 4181 1732 4193 ·
1765 4165 1859 4217 καὶ
1892 4164 1952 4217 τὸ

343 4265 706 4335 αὐτεξούσιον
743 4262 892 4334 δείξῃ
941 4262 1036 4316 καὶ
1079 4259 1521 4330 ἀναπολογήτους
1578 4259 1636 4311 ἑν
1676 4258 1744 4327 τῇ
1776 4255 1956 4325 κρίσει

341 4363 482 4425 τοὺς
524 4356 883 4419 πεπτωκότας
933 4357 1157 4425 ποιήσῃ.
1236 4352 1296 4404 ’0
1353 4351 1450 4422 μὲν
1499 4351 1661 4419 νόμος
1718 4349 1795 4411 ὡς
1830 4348 1957 4401 ἀτε-

342 4456 451 4526 λὴς
481 4449 590 4524 (8),
623 4451 896 4520 Πρόσεχε
928 4443 1186 4512 σεαυτῷ.
1233 4443 1294 4498 '0
1310 4445 1366 4498 δὲ
1393 4445 1598 4514 Κύριος
1626 4443 1702 4506 ὼς
1731 4443 1959 4510 ὑπερτε-

2123 3878 2249 3937 Fuit
2286 3895 2354 3938 ex
2407 3883 2908 3951 providentioribus
2956 3885 3181 3956 quidam
3221 3885 3316 3957 qui
3362 3890 3647 3958 quemdam

2055 3973 2269 4042 rogavit
2304 3975 2666 4043 quamobrem
2698 3975 2863 4044 Deus,
2893 3993 3020 4032 cum
3053 3979 3419 4049 quorumdam
3462 3981 3654 4052 lapsus

2055 4066 2342 4137 provideat
2368 4076 2421 4122 et
2471 4070 2634 4133 sciat,
2676 4069 2801 4126 illos
2833 4071 2982 4141 ipsos
3012 4080 3196 4128 tamen
3221 4082 3276 4128 et
3301 4074 3495 4146 gratiis
3535 4091 3650 4131 cm-

2063 4157 2292 4215 lestibus
2332 4167 2388 4214 et
2417 4159 2811 4216 miraculorum
2844 4177 3066 4232 quoque
3107 4163 3280 4233 signis
3313 4163 3608 4220 illustrat-it
3635 4168 3659 4220 ‘3

2067 4250 2154 4314 Ut,
2217 4250 2414 4320 inquit,
2450 4251 2691 4320 reliquos
2716 4252 2863 4307 viros
2899 4252 3186 4321 religiosos
3227 4254 3502 4309 cautiores
3529 4254 3658 4309 red-

2062 4343 2232 4407 deret,
2275 4342 2548 4413 simulque
2587 4343 2886 4400 voluntatis
2924 4353 3128 4399 nostrte
3183 4344 3489 4402 libertatem
3563 4361 3657 4404 os-

2064 4436 2334 4499 tenderet,
2395 4444 2566 4507 utque
2620 4437 2744 4492 illos
2799 4436 2896 4508 qui
2958 4437 3294 4502 ceciderunt,
3333 4438 3385 4492 iu
3445 4439 3659 4510 judicio

343 4525 474 4615 λῆς,
523 4541 618 4596 καὶ
645 4539 747 4609 τὴν
798 4536 894 4592 τοῦ
949 4534 1179 4604 ἀδελφοῦ
1210 4535 1343 4606 ἡμῖν
1386 4532 1672 4605 διόρθωσιν
1717 4546 1949 4601 προσπε-

2063 4526 2464 4583 inexcusabiles
2536 4527 2760 4585 faceret.
2817 4526 2929 4584 Lex
2985 4539 3045 4584 ut
3103 4528 3417 4600 imperfecta
3481 4531 3652 4588 dicit:

343 4637 616 4706 φώνηκεν
663 4632 834 4686 εἰπών
856 4649 869 4661 ·
904 4630 1049 4685 Ἐὰν
1080 4627 1412 4697 ἁμαρτήσει
1442 4628 1474 4680 o'
1512 4625 1779 4693 ἁδελφός
1813 4638 1953 4685 σου,

342 4730 447 4784 καὶ
475 4729 553 4780 τὰ
592 4725 742 4793 ἑξῆς.
779 4724 837 4776 El
875 4725 972 4793 μὲν
1015 4720 1255 4791 καθαρός
1287 4736 1380 4772 σου
1417 4720 1448 4772 ὁ
1489 4717 1710 4788 ἐλεγχος
1736 4717 1832 4770 καὶ
1863 4731 1960 4768 ταο

339 4820 550 4882 στεινὸς
577 4860 592 4884 ,
631 4816 830 4887 μᾶλλον
855 4815 911 4868 δὲ
947 4815 1276 4884 ὑπόμνησις,
1304 4812 1367 4867 τὸ
1402 4812 1498 4865 τοῦ
1536 4812 1742 4882 Κυρίου
1785 4811 1958 4862 ποιεῖν

345 4913 432 4987 μὴ
487 4912 834 4985 παραιτήσῃ,
879 4910 974 4964 καὶ
1009 4909 1242 4980 μάλιστα
1277 4908 1333 4958 ὲν
1372 4909 1484 4968 τοῖς
1515 4903 1828 4974 δεχομένοις
1859 4918 1870 4930 ⁸
1910 4903 1959 4954 εἰ

339 5007 404 5060 δὲ
433 5002 601 5058 οῢπω
628 5000 937 5071 πέφθακας,
968 4999 1069 5055 κᾶν
1093 5001 1193 5070 τὴν
1228 4999 1458 5070 νομικὴν
1492 4998 1652 5052 ἄσκει
1679 4996 1955 5067 λατρείαν.

339 5095 449 5166 Μὴ
485 5093 708 5163 θαμῦοὖ
753 5094 848 5146 καὶ
898 5093 1025 5158 τοὺς
1065 5093 1190 5157 σοὺς
1221 5088 1538 5162 προσφιλεῖς
1576 5086 1960 5159 ἑχθραίνοντὰς

343 5208 439 5243 σοι
464 5185 746 5256 θεώμενος
785 5185 860 5253 (9)
891 5201 904 5214 °
935 5183 1205 5254 δαιμόνων
1244 5183 1352 5252 γὰρ
1385 5181 1638 5248 ἐργαλεῖα
1679 5182 1728 5233 οί
1759 5179 1961 5247 κουφό-

341 5300 537 5352 τεροι,
589 5281 683 5332 καὶ
722 5278 958 5348 μάλιστα
1000 5279 1057 5330 ὲν
1095 5279 1208 5339 τοῖς
1247 5276 1462 5345 ἔλθροίς
1495 5273 1697 5326 αὐτῶν.
1741 5272 1963 5342 Θαυμά-

344 5375 478 5446 ζειν
505 5390 606 5443 μοι
635 5375 719 5441 ἐφ’
750 5372 834 5424 ἑνὶ
860 5369 969 5426 τῶν
999 5372 1056 5422 ὲν
1081 5371 1215 5442 ημῖν
1235 5368 1356 5421 λίαν
1382 5367 1683 5436 ὑπέρχεται
1707 5382 1718 5394 ·
1750 5363 1870 5426 πῶς
1902 5380 1960 5416 τε

2064 4617 2542 4688 Αιιεηάειίὁίἱμεί
2575 4619 2641 4671 ⁸³.
2684 4616 2950 4676 Dominus
3010 4625 3192 4673 autem
3249 4618 3410 4690 longe
3475 4617 3654 4688 perfe-

2065 4708 2345 4763 ctissimus
2361 4725 2549 4764 curam
2580 4709 2742 4766 nobis
2756 4720 2810 4767 et
2837 4710 3278 4766 emendationem
3309 4709 3495 4767 fratris
3512 4727 3659 4766 eom-

2068 4801 2377 4858 mendavit:
2431 4803 2512 4870 Si,
2546 4804 2741 4873 inquit,
2776 4806 3064 4874 peccaverit
3120 4805 3292 4872 frater
3352 4813 3472 4858 tuus
3507 4804 3574 4867 ⁸⁸,
3605 4814 3659 4858 et

2067 4911 2190 4964 quae
2281 4910 2610 4966 sequuntur.
2703 4898 2760 4953 Si
2847 4907 2939 4952 tua
3015 4898 3366 4968 reprehensio
3445 4900 3659 4952 sincera

2069 5002 2118 5046 et
2211 4992 2474 5055 modesta,
2576 5001 2632 5046 et
2715 4993 2899 5057 potius
2991 4992 3295 5046 admonitio
3345 4989 3658 5056 familiaris,

2070 5100 2233 5154 quam
2271 5083 2622 5153 reprehensio
2664 5083 2845 5147 fuerit,
2876 5083 3112 5137 oﬂicium
3155 5081 3333 5138 facere
3385 5097 3486 5150 pro
3551 5081 3656 5136 Do-

2072 5178 2204 5231 mini
2243 5177 2535 5238 voluntate,
2573 5192 2680 5229 non
2719 5175 3025 5248 recusabis,
3057 5173 3360 5242 pra-serum
3391 5170 3536 5242 apud
3565 5187 3661 5228 eos

2073 5275 2163 5340 qui
2204 5270 2361 5323 facile.
2415 5269 2840 5322 admonitionem
2908 5267 3197 5336 recipiunt.
3244 5263 3303 5318 Si
3343 5273 3524 5318 autem
3591 5263 3657 5317 ad

2071 5380 2191 5420 eam
2234 5364 2622 5434 perfectionem
2653 5361 2896 5418 nondum
2951 5359 3230 5430 aspirasti,
3273 5357 3464 5415 saltem
3508 5356 3658 5427 quod

424 5559 474 5588 ”
510 5551 1034 5617 Eecli.»xnx,27;l
1073 5550 1217 5606 Tim.
1254 5549 1428 5612 tv,l6.
1507 5548 1551 5579 ⁸⁸
1579 5546 1771 5601 Matth.
1812 5560 1970 5610 svnt,
2010 5543 2099 5597 15.

425 5676 514 5734 (ιι)
546 5673 660 5726 Sed
689 5671 778 5741 qui
805 5679 1028 5726 Secutus
1055 5682 1134 5726 est
1164 5677 1504 5739 peccantem,
1538 5681 1705 5734 quare
1740 5681 1846 5718 non
1921 5673 2143 5718 secutus
2174 5676 2256 5717 est
2315 5661 2707 5732 pumilcntcuz‘.’
2742 5661 2820 5712 An
2886 5667 3204 5728 peccantem
3265 5654 3422 5710 vidit.
3478 5652 3658 5722 pecni-

349 5756 572 5804 tcntcm
597 5759 705 5798 non
731 5742 902 5795 vidit?
