4086 6180
346 256 476 333 ιοοι

1289 257 1520 318 SCALA
1559 256 1938 327 ΡΑΒΑῺΗΞΙ.
1973 258 2377 320 "GILADUS
2414 261 2601 320 XXVI
2628 309 2637 318 .

3478 263 3617 332 1062

353 381 487 459 ημᾶς
515 379 654 452 πρός
682 379 744 434 τι
772 375 961 441 κακὸν,
987 375 1079 428 καὶ
1107 373 1327 445 ἑτέρους
1349 372 1496 444 ἔχειν
1524 372 1924 446 συμϐουλεύου-

2043 374 2113 429 rel
2142 384 2201 431 ut
2242 383 2296 430 te
2326 389 2425 445 per
2452 374 2859 431 sanctissimam
2908 376 3271 433 humilitatem
3304 378 3373 431 ad
3414 377 3490 430 tui
3523 394 3617 431 eo-

351 494 448 539 σιν,
488 472 577 526 ἵνα
614 469 1001 543 χαλεπωτέραν
1027 468 1161 539 ἡμῖν
1194 465 1294 538 τὴν
1339 465 1563 520 κόλασιν
1599 468 1920 533 ποιήσωσιν.

2024 469 2350 540 gnitionem,
2379 477 2597 537 tuaique
2646 468 3035 525 imbecillitatis
3080 469 3412 538 agnitionem
3444 469 3620 525 dudu-

359 562 605 637 Ἑώρακα
647 562 940 634 συνήθειαν
967 560 1210 631 πονηρὰν
1252 557 1314 624 ἐξ
1339 557 1528 629 ἐτέρου
1565 557 1924 630 μεμαθηκότα

2043 568 2172 616 :ant.
2212 557 2352 614 Sunt
2381 574 2448 617 ex
2473 558 2710 630 impuris
2734 559 3080 621 daemonibus
3110 561 3354 622 aliialiis
3388 562 3621 632 nequio-

349 658 527 729 ιτερον
554 669 570 685 ⁰
611 656 706 713 καὶ
759 655 945 725 μέντοι
991 655 1019 707 ό
1060 651 1159 722 μὶν
1189 650 1412 717 διδάξας
1454 652 1536 715 εἰς
1573 649 1926 721 συναίσθησιν

351 745 615 818 annos;
647 745 929 816 μετανοεῖν
963 741 1189 813 ἦρξατο,
1230 741 1326 796 καὶ
1354 739 1448 793 τοῦ
1476 738 1648 794 κακοῦ
1680 739 1927 794 ἐπαύσα-

350 855 444 895 το·
475 837 562 892 διὰ
587 837 644 894 δὲ
670 838 768 908 τῆς
799 835 891 889 τοῦ
924 834 1169 906 μαθητοῦ
1204 832 1470 904 ἐργασίας
1511 833 1801 905 άνίσχυρος
1833 831 1930 886 αύ-

350 929 441 986 τοῦ
465 931 498 999 ἡ
526 927 787 1000 μετάνοια
816 927 1032 997 γέγονε.
1057 924 1259 991 Πολλὴ,
1289 925 1463 989 ὅντως
1492 923 1664 992 πολλὴ
1692 923 1787 976 καὶ
1807 920 1929 977 δυσ-

353 1021 748 1094 κατάληπτοςὴ
777 1019 884 1073 τῶν
924 1019 1252 1087 πνευμάτων
1280 1015 1541 1088 πονηρία,
1589 1016 1685 1071 καὶ
1726 1014 1930 1083 ὀλίγοις

348 1115 511 1185 ὁρατή
543 1129 558 1144 ·
599 1108 756 1181 οἴμαι
786 1112 843 1167 δὲ
895 1110 1017 1166 οὐδὲ
1059 1110 1262 1179 ὀλίγοις
1300 1111 1472 1165 πᾶσα.
1504 1107 1633 1172 Πῶς
1681 1105 1742 1161 δὲ
1794 1122 1929 1177 τρυ-

349 1209 551 1277 φῶντες
609 1206 706 1262 καὶ
751 1204 1138 1277 κορεννύμενοι
1184 1198 1579 1273 ἀγρυπνοῢμεν
1627 1198 1929 1272 νηφόντως.

348 1297 699 1369 νηστεύοντες
722 1296 780 1352 δὲ
793 1298 889 1351 καί⁸
910 1293 1386 1366 ταλαιπωροῦντες
1404 1292 1485 1365 τῷ
1509 1291 1662 1363 ὕπνῳ
1682 1290 1933 1354 ἐλεεινῶς

346 1390 788 1464 καταφερόμεθα,
837 1389 871 1461 ἢ
922 1386 1294 1461 ἡσυχάζοντες
1344 1384 1799 1457 σκληρυνόμεθα,
1835 1383 1934 1437 καὶ

346 1485 729 1552 συνδιάγοντες
797 1478 1286 1550 κατανυσσόμεθας
1364 1476 1751 1549 Διμὼττοντες
1813 1474 1934 1533 καθ’

344 1570 545 1635 ὕπνους
585 1569 989 1643 πειραζόμεθα,
1031 1569 1126 1623 καὶ
1168 1567 1573 1640 ἔμφορούμενοι
1609 1567 1933 1638 άπείραστοι

339 1663 671 1734 διαμένομεν
701 1679 713 1691 ·
769 1664 828 1717 έν
877 1661 1057 1734 ἐνδείᾳ
1090 1660 1359 1716 σκοτεινοί
1410 1676 1557 1723 τινες
1599 1657 1697 1713 καὶ
1726 1652 1935 1714 ἀκατά-

337 1773 526 1813 ννκτοι
559 1755 859 1829 γιγνόμεθα
881 1774 915 1806 ο.
936 1756 997 1811 εν
1031 1755 1312 1826 οίνοποσίᾳ
1342 1753 1399 1807 δὲ
1437 1752 1611 1825 ἱλαροὶ
1644 1751 1740 1807 καὶ
1764 1751 1931 1806 εὐκα-

2028 667 2138 717 res,
2172 652 2265 720 qui
2306 652 2596 722 impellunt
2649 668 2749 707 nos
2792 668 2861 707 ne
2894 653 2996 708 soli
3026 668 3337 723 peccemus,
3388 652 3485 714 sed
3528 669 3622 709 so-

2030 745 2144 799 cios
2193 743 2363 816 372
2409 744 2477 798 ad
2533 744 2939 816 improbitatem
2990 747 3129 801 alios
3178 745 3337 802 nobis
3382 747 3624 804 ascisca-

2032 851 2177 902 mus,
2207 846 2267 891 ut
2307 839 2529 905 gravius
2564 836 2690 892 inde
2722 837 2883 894 nobis
2929 839 3260 908 supplicium
3301 838 3616 895 concilient.

2035 925 2154 984 Vidi
2192 930 2287 998 qui
2310 929 2382 983 ab
2421 928 2594 983 altero
2628 930 2829 989 malam
2874 931 3133 1000 peccandi
3167 930 3621 990 consuetudinem

2030 1019 2289 1083 disceret,
2344 1018 2608 1090 illumque
2653 1021 2748 1091 qui
2794 1021 3028 1076 alterum
3081 1037 3310 1091 peccare
3335 1021 3621 1086 docuerat.

2033 1110 2100 1167 ad
2128 1127 2353 1168 sensum
2381 1111 2610 1167 rediisse
2631 1121 2687 1165 et
2710 1112 3096 1181 paenitentiam
3146 1128 3313 1183 agere
3361 1112 3624 1182 etrpisse,

2033 1205 2376 1274 omninoque
2405 1220 2433 1258 a
2468 1205 2616 1259 man
2644 1205 2904 1268 desiisse,
2939 1204 3033 1260 sed
3065 1217 3288 1275 propter
3318 1206 3468 1264 illius
3498 1221 3625 1277 pec-

2033 1306 2157 1351 cata
2191 1312 2353 1365 quem
2387 1296 2674 1360 docuerat,
2722 1299 2888 1352 etiam
2928 1299 3102 1368 ipsius
3131 1298 3508 1368 ptenitentiant
3540 1299 3627 1355 in-

2035 1388 2376 1444 fructuosam
2411 1399 2465 1443 et
2499 1390 2718 1443 inanem
2764 1388 3029 1443 redditam
3057 1390 3157 1459 (ιι).
3197 1389 3354 1445 Varia
3383 1389 3628 1460 profecto

2034 1488 2089 1534 et
2117 1480 2288 1533 multa
2311 1488 2475 1550 atque
2501 1489 2664 1550 captu
2686 1478 2924 1535 difficilis
2949 1488 3035 1535 est
3068 1481 3311 1550 nequitia
3335 1479 3626 1551 spirituum

2037 1571 2442 1641 improborum,
2483 1572 2788 1641 paucisque
2837 1584 3144 1644 perspecta,
3191 1573 3300 1627 imo
3335 1572 3524 1636 nullis,
3568 1581 3630 1629 ut

2037 1662 2254 1731 opinor,
2290 1670 2424 1717 tota.
2464 1660 2754 1728 Quomodo
2789 1663 3074 1718 delicatius
3111 1665 3363 1719 viventes
3404 1671 3458 1719 et
3487 1662 3628 1723 cibis
3720 1690 3721 1693 η

2035 1753 2280 1817 distenti,
2311 1762 2571 1825 tanquam
2593 1753 2762 1809 sobrii
2786 1754 3176 1824 pervigilamus
3203 1753 3412 1826 ;jejuni
3444 1761 3628 1809 autem

337 1850 597 1903 τάνυκτοι
624 1848 725 1918 (7);
759 1849 895 1920 πρὸς
924 1847 1098 1902 ταῦτα
1124 1848 1155 1899 ό
1184 1844 1484 1916 δυνάμενος
1511 1848 1570 1898 ὲν
1597 1843 1788 1914 Κυρίῳ
1820 1858 1933 1912 φω-

2043 1854 2087 1896 et
2121 1842 2304 1899 amicti
2331 1845 2705 1898 miserandum
2737 1845 2792 1899 in
2827 1844 3047 1900 modum
3077 1860 3271 1902 somno
3292 1844 3630 1917 mergimur?

337 1944 481 1998 τίσει
529 1943 888 2013 ἁφωτίστους.
934 1942 1127 2010 Ἡμεῖς
1176 1941 1286 2011 γὰρ
1331 1937 1631 2008 ἀφώτιστοι
1680 1936 1816 2007 πρὸς
1863 1935 1935 1988 τά

2043 1942 2132 1990 aut
2160 1934 2443 2004 quomodo
2476 1936 2530 1989 in
2568 1936 2791 1993 silentio
2833 1947 2888 1992 et
2921 1939 3108 2009 quiete
3139 1938 3399 2008 degentes
3443 1936 3629 1993 cordis

337 2034 523 2088 τοιάδε
547 2033 892 2105 τυγχάνομεν
908 2045 922 2060 ·
947 2030 1088 2104 πλὴν
1113 2032 1294 2085 ἐκεῖνο
1323 2030 1578 2100 λέγομεν,
1601 2029 1685 2082 ὃτι
1707 2029 1770 2080 οὐ
1796 2029 1935 2083 πάν-

2043 2026 2238 2082 dnritia
2288 2027 2627 2094 laboramus,
2654 2039 2711 2085 et
2747 2045 2874 2085 cum
2923 2030 3046 2086 aliis
3076 2031 3277 2086 versati
3305 2031 3632 2102 compungi-

334 2143 458 2180 τοτε
489 2127 555 2180 ὲκ
581 2124 858 2195 δαιμόνων
880 2125 915 2196 η
940 2120 1171 2191 τοιαύτη
1204 2119 1478 2191 μεταϐολὴ
1508 2118 1740 2189 γίνεται.
1794 2119 1933 2173 Ἀλλ’

2043 2136 2163 2176 ηιιιι·
2188 2121 2213 2172 ?
2250 2118 2421 2176 Fame
2443 2121 2677 2177 confecti
2712 2123 2768 2178 in
2803 2122 3037 2179 somniis
3068 2138 3354 2188 vexamur,
3395 2122 3631 2195 saginati

335 2218 492 2273 ἐστιν
522 2217 614 2271 ὅτε
647 2216 745 2271 καὶ
786 2217 853 2269 ὲκ
894 2213 997 2285 τῆς
1028 2215 1390 2283 συγκράσεως
1417 2211 1518 2283 τῆς
1552 2210 1804 2281 δοθείσης
1842 2228 1934 2282 μοι

2043 2228 2169 2270 vero
2212 2214 2465 2270 intentati
2493 2215 2807 2273 duramus?
2841 2215 2901 2271 In
2952 2232 3135 2272 rerum
3177 2217 3407 2289 penuria
3431 2227 3488 2273 et
3537 2232 3631 2273 so-

333 2311 568 2383 ταύτης,
605 2311 701 2365 καὶ
730 2307 1111 2380 περιδεθείσης
1149 2323 1263 2377 μοι,
1298 2305 1417 2368 πῶς
1445 2305 1547 2358 οὑκ
1571 2300 1710 2368 οἶδα,
1756 2308 1932 2377 ῥυπα-

337 2405 439 2477 ρᾶς
480 2402 579 2455 καὶ
610 2399 903 2473 λιχνώδους
930 2397 1263 2468 παχύτητος.
1311 2394 1451 2464 Περὶ
1493 2393 1589 2447 τοῦ
1621 2392 1935 2464 δυσδιςιιιρί⁹

332 2513 430 2550 του
471 2494 578 2567 τῆς
618 2492 892 2564 τυχούσης
926 2489 1039 2544 τῶν
1077 2484 1499 2560 προειρημένων
1532 2483 1935 2557 μεταπτώσεως

334 2588 654 2660 εἰλικρινῶς
677 2585 773 2640 καὶ
793 2582 1066 2646 ταπεινῶς
1105 2581 1204 2635 τὸν
1231 2578 1436 2650 Κύριον
1480 2578 1897 2649 δυσωπήσωμεν
1917 2592 1931 2605 ⁸

335 2679 440 2735 κᾶν
493 2676 633 2748 μετὰ
680 2675 779 2747 τὴν
810 2673 1040 2737 ἱκεσίαν,
1094 2671 1191 2725 καὶ
1230 2669 1324 2724 τὸν
1355 2668 1564 2738 ταύτης
1599 2669 1791 2737 χρόνον
1819 2667 1934 2721 ὠσ-

2037 2308 2266 2363 brietate
2312 2308 2528 2363 confusi
2558 2318 2613 2362 et
2658 2308 2780 2364 duri
2817 2324 3008 2365 smnus
3038 2326 3053 2375 ;
3098 2326 3223 2366 eum
3253 2311 3442 2365 \inunt
3475 2320 3630 2380 pota-

2036 2417 2183 2469 mus,
2215 2402 2417 2458 hilares
2437 2411 2493 2457 et
2524 2402 2682 2473 proni
2723 2404 2778 2457 in
2821 2405 3116 2473 lacrymas,
3163 2411 3219 2458 et
3252 2405 3636 2472 compnnctio-

2036 2512 2162 2552 nem
2191 2495 2594 2552 evadimusﬂn
2626 2498 2711 2554 his
2742 2498 2839 2569 qui
2868 2514 2967 2552 nos
2998 2497 3051 2551 in
3090 2496 3321 2554 Domino
3352 2496 3634 2552 illustrare

2037 2596 2238 2660 petest,
2268 2588 2503 2645 illustrct
2530 2598 2586 2644 et
2621 2590 2836 2655 doceat,
2862 2605 2964 2646 nos
2990 2590 3137 2645 enim
3165 2590 3220 2644 in
3253 2588 3634 2661 hujuscemodi

2037 2682 2202 2736 rebus
2231 2682 2359 2736 caeci
2385 2697 2600 2738 sumus.
2630 2683 2741 2737 Etsi
2768 2685 2874 2739 hoc
2894 2683 3254 2748 allirmanius,
3288 2696 3395 2737 non
3419 2695 3637 2751 semper

335 2773 528 2834 αύτως
556 2769 810 2841 εὕρωμεν
866 2763 1127 2835 ἐνεργοῦν
1162 2761 1226 2816 τὸ
1249 2762 1538 2833 γινόμενον
1563 2801 1580 2825 ,
1611 2757 1936 2830 γνωσόμεθα

2043 2774 2110 2830 ab
2142 2774 2302 2830 malis
2329 2774 2504 2845 geniis
2544 2775 2925 2845 hujuscemodi
2975 2774 3420 2832 vicissitudinum
3453 2782 3635 2830 muta-

333 2864 411 2928 ὡς
438 2862 551 2918 οὐκ
584 2862 651 2913 ἐκ
687 2856 981 2929 δαιμόνων,
1020 2853 1162 2909 ἀλλὰ
1193 2852 1410 2921 φύσεώς
1458 2851 1577 2904 ἐστι
1611 2850 1676 2903 τὸ
1722 2850 1938 2918 γινόμευ

2043 2868 2216 2925 tiones
2246 2871 2551 2940 provenire.
2585 2867 2652 2923 Et
2675 2879 2755 2925 est
2785 2884 2912 2924 cum
2961 2870 3160 2923 accidit
3190 2867 3324 2923 mihi
3368 2867 3495 2930 hoc,
3537 2880 3635 2924 ne-

334 2973 448 3011 νον.
485 2952 760 3015 Πολλάκις
794 2949 852 3004 δὲ
886 2948 979 3005 καὶ
1023 2947 1144 3023 θεία
1190 2944 1477 3015 οἰκονομία
1505 2941 1597 2996 διὰ
1632 2941 1741 2997 τῶν
1775 2942 1933 2996 ἐναν-

2043 2961 2155 3017 scio
2193 2961 2489 3030 quomodo,
2522 2961 2592 3017 ob
2621 2960 3026 3017 concretionem
3058 2960 3190 3015 mihi
3218 2961 3427 3026 datam,
3449 2968 3504 3016 et
3525 2960 3635 3015 cir-

333 3052 467 3106 τίων
530 3046 841 3117 εὐεργετεῖν
888 3042 1039 3113 ἡμᾶς
1088 3038 1364 3110 βούλεται,
1419 3036 1508 3091 διὰ
1555 3037 1773 3091 πάντων
1829 3034 1930 3106 τὴν

2043 3057 2352 3111 cumfusum
2407 3055 2540 3110 mihi
2580 3056 2967 3125 sordidamque
2997 3064 3054 3110 et
3104 3055 3481 3111 illecebrosam
3512 3051 3638 3123 pin-

332 3145 525 3216 οἷησιν
561 3141 720 3213 ἡμῶν
753 3138 1222 3194 καταστέλλονσα.
1260 3131 1514 3188 Χαλεπὸν
1550 3131 1651 3203 μὲν
1671 3130 1765 3184 τὸν
1805 3132 1935 3201 περὶ

2044 3141 2354 3211 guedinem.
2403 3139 2512 3196 Pro
2567 3142 2689 3205 hac,
2740 3139 3043 3209 diiudicata
3097 3140 3320 3207 didirili,
3375 3154 3498 3210 quae
3533 3153 3635 3194 usu

334 3235 637 3310 χριμάτων
689 3232 853 3305 βυθδν
910 3227 1422 3302 περιεργάζεσθαιο
1487 3227 1545 3278 ἐν
1600 3223 1771 3295 πλοίῳ
1824 3224 1937 3295 γάρ

2045 3229 2235 3284 venire
2261 3227 2404 3284 solet
2426 3228 2480 3283 in
2512 3244 2675 3300 supra
2707 3228 3120 3295 demonstratis,
3161 3228 3543 3286 vicissitudine
3582 3235 3640 3283 et

331 3331 581 3402 οἰήσεως
603 3324 889 3396 περίεργοι
915 3319 1193 3374 πλέουσιν.

2048 3319 2349 3374 mutatione
2377 3334 2532 3391 pure,
2585 3319 2798 3375 sincere
2824 3331 2878 3373 et.
2900 3320 3174 3376 submisse
3204 3317 3498 3374 Dominum
3543 3318 3641 3374 de-

332 3437 658 3496 precemur,
686 3428 742 3475 et
771 3419 818 3475 si
851 3423 974 3488 post
992 3413 1155 3487 373
1181 3412 1454 3485 supplices
1480 3424 1675 3481 preces
1709 3418 1765 3465 et
1794 3412 2057 3480 temporis
2125 3428 2337 3469 moram
2412 3414 2467 3470 id
2530 3415 2680 3485 quod
2719 3415 2779 3470 tit
2839 3414 3201 3471 nihilominus
3238 3413 3432 3470 eodem
3477 3412 3639 3469 modo

335 3516 454 3573 fleri
517 3512 879 3579 senserimus,
927 3518 1046 3566 tum
1077 3505 1290 3564 veroid
1318 3518 1430 3560 non
1462 3504 1774 3560 damonum
1830 3502 2188 3572 improbitati,
2259 3507 2352 3562 sed
2413 3517 2625 3563 natura:
2684 3508 3058 3563 ascribemns.
3129 3505 3517 3578 Saepenumero
3554 3502 3641 3559 di-

334 3615 468 3669 vina
502 3606 844 3682 providentia
879 3619 995 3662 rem
1031 3603 1107 3659 ita
1145 3601 1446 3672 dispensat,
1481 3606 1542 3655 ut
1587 3613 1685 3669 per
1721 3600 2000 3653 contraria
2067 3601 2227 3657 nobis
2266 3602 2590 3661 benefacere
2652 3603 2783 3660 velit
2817 3645 2832 3671 ,
2897 3616 2953 3659 ut
3001 3603 3263 3660 omnibus
3324 3600 3506 3658 modis
3549 3614 3645 3656 au-

338 3709 585 3779 perbum
620 3718 849 3761 sensum
884 3708 1141 3757 nostrum
1169 3697 1446 3753 retundat.
1495 3692 1722 3751 Difficile
1749 3702 1832 3749 est
1891 3696 2168 3755 curiosius
2231 3698 2299 3755 de
2361 3699 2672 3758 divinorum
2695 3701 3028 3772 iudiciorum
3087 3705 3303 3758 arcanis
3345 3699 3643 3775 Inquirere,

338 3795 558 3855 curiosi
581 3795 729 3850 enim
759 3790 1016 3849 elationis
1053 3788 1182 3843 navi
1216 3788 1515 3844 vehuntur.

414 3890 492 3946 ’Ἢ
503 3889 628 3961 ρετό
647 3888 731 3953 τίς
765 3904 887 3942 τινα
910 3886 1020 3941 τῶν
1051 3884 1273 3957 βλέπειν
1292 3883 1625 3955 δυναμένων,
1655 3884 1709 3935 τί
1735 3881 1936 3950 δήποτε

338 3986 639 4060 γινώσκων
669 3986 699 4038 ὁ
725 3983 859 4049 Θεός
895 4000 1059 4038 τινων
1097 3981 1166 4036 τὰ
1200 3981 1539 4053 πταῖσματα,
1569 3978 1795 4042 τούτους
1837 3995 1938 4049 χα-

341 4084 584 4156 ρίσμασι
637 4079 735 4134 καὶ
776 4077 970 4148 τέρασι
1021 4073 1460 4145 κατεκόσμησεν.
1514 4073 1576 4126 '0
1612 4071 1671 4124 δέ
1720 4087 1886 4141 φησιν
1927 4084 1940 4098 ·

339 4176 468 4230 Ἵνα
495 4172 595 4228 καὶ
618 4171 839 4235 λοιποὺς
877 4167 1284 4239 πνευματικοὺς
1314 4165 1683 4236 ἀσφαλίσηται
1710 4177 1724 4191 ο
1756 4163 1851 4215 καὶ
1883 4161 1944 4215 τὸ

337 4262 699 4332 αὐτεξούσιον
734 4259 885 4333 δείξῃ
933 4260 1028 4314 καὶ
1070 4256 1513 4328 ἀναπολογήτους
1570 4256 1629 4309 έν
1667 4256 1736 4326 τῇ
1768 4253 1948 4323 κρίσει

335 4360 474 4423 τοὺς
519 4354 875 4417 πεπτωκότας
924 4355 1149 4424 ποιήσῃ.
1227 4349 1289 4402 '0
1344 4349 1443 4420 μὲν
1490 4348 1653 4417 νόμος
1709 4346 1787 4409 ὡς
1821 4345 1948 4399 ἁτε-

336 4453 445 4524 λὴς
475 4446 582 4522 (8),
615 4449 889 4518 Πρὸσεχε
920 4441 1178 4510 σεαυτῷ.
1224 4441 1359 4496 Ὄδὲ
1385 4442 1590 4512 Κύριος
1618 4441 1694 4504 ὡς
1722 4440 1951 4509 ὑπερτε-

2114 3875 2241 3934 Fuit
2277 3893 2346 3935 ex
2399 3880 2900 3949 providentioribus
2947 3882 3172 3953 quidam
3212 3883 3308 3955 qui
3353 3888 3639 3955 quemdam

2046 3971 2261 4041 rogavit
2295 3973 2657 4041 quamobrem
2690 3972 2855 4043 Deus,
2884 3989 3012 4030 cum
3044 3976 3411 4046 quorumdam
3453 3978 3645 4050 lapsus

2047 4064 2333 4135 provideat
2360 4073 2412 4120 et
2463 4067 2627 4132 sciat,
2668 4066 2794 4124 illos
2824 4068 2975 4138 ipso:
3004 4077 3188 4126 tamen
3212 4079 3267 4126 et
3292 4072 3487 4143 gratiis
3524 4088 3643 4129 cte-

2054 4154 2284 4213 lestibtts
2323 4165 2380 4213 et
2408 4156 2803 4214 miraculorum
2835 4174 3057 4229 quoque
3099 4160 3272 4231 signis
3305 4160 3599 4218 illustrat-it
3626 4166 3651 4218 ΣΡ

2057 4246 2146 4311 Ut,
2208 4247 2406 4318 inquit,
2441 4248 2684 4319 reliquos
2708 4249 2855 4305 viros
2890 4249 3178 4318 religiosos
3218 4252 3494 4307 cautiores
3519 4251 3650 4307 red.

2053 4340 2225 4406 deret,
2266 4339 2541 4411 simulque
2579 4341 2878 4398 voluntatis
2916 4350 3120 4397 nostrae
3174 4341 3482 4400 libertatem
3554 4358 3649 4403 os-

2056 4433 2326 4498 tenderet,
2386 4442 2559 4505 utque
2613 4434 2736 4490 illos
2790 4433 2889 4506 qui
2949 4434 3287 4501 ceciderunt,
3324 4435 3377 4490 in
3437 4436 3651 4507 judicio

339 4522 469 4613 λῆς,
517 4539 611 4594 καὶ
637 4536 740 4608 τὴν
789 4534 886 4590 τοῦ
940 4531 1171 4603 ἀδελφοῦ
1202 4533 1336 4604 ἡμῖν
1378 4529 1664 4603 διόρθωσιν
1708 4543 1943 4599 προσπε-

2054 4524 2456 4581 inexcusabiles
2528 4525 2752 4584 faceret.
2809 4524 2921 4582 Lex
2976 4536 3038 4583 ut
3094 4525 3409 4599 imperfecta
3472 4528 3644 4585 dicit:

340 4634 609 4704 φώνηκεν
655 4630 827 4684 είπών
848 4646 860 4659 ·
895 4628 1041 4684 Ἐὰν
1071 4624 1404 4696 ἁμαρτήσει
1433 4626 1467 4678 d
1503 4622 1771 4691 ἁδελφός
1805 4636 1945 4683 σου,

339 4726 445 4781 καὶ
472 4726 545 4778 τὰ
583 4722 734 4791 ἑξῆς.
770 4722 830 4774 El
866 4722 965 4792 μὲν
1006 4717 1247 4790 καθαρός
1278 4734 1372 4771 σου
1409 4717 1439 4770 ὁ
1480 4715 1702 4786 ἐλεγχος
1728 4713 1824 4768 καὶ
1854 4729 1952 4766 τα-

338 4816 543 4880 πεινὸς
568 4857 585 4883 ,
622 4814 823 4885 μᾶλλον
847 4812 904 4867 δὲ
939 4813 1268 4883 ὑπόμνησις,
1296 4810 1359 4865 τὸ
1393 4809 1490 4864 τοῦ
1527 4810 1735 4880 Κυρίου
1777 4808 1950 4860 ποιεῖν

343 4909 431 4985 μὴ
484 4909 825 4982 παραιτήσῃ,
871 4907 967 4962 καί⁸
999 4906 1234 4977 μάλιστα
1268 4906 1325 4957 ὲν
1364 4906 1476 4966 τοῖς
1506 4901 1820 4973 δεχομένοις
1851 4915 1863 4928 °
1902 4901 1951 4952 εἰ

337 5002 404 5057 δὲ
431 4999 593 5055 οὔπω
620 4997 929 5070 πέφθακας,
959 4996 1061 5053 κάν
1085 5000 1185 5068 τὴν
1219 4997 1449 5068 νομικὴν
1483 4996 1645 5051 ἄσκει
1671 4992 1947 5065 λατρείαν.

339 5092 449 5164 Μὴ
484 5091 700 5161 θαμόοῠ
744 5091 841 5145 καὶ
890 5090 1018 5156 τοὺς
1056 5091 1182 5155 σοὺς
1212 5085 1530 5160 προσφιλεῖς
1568 5083 1952 5157 ἔχθραίνοντάς

341 5203 439 5240 σοι
463 5183 738 5254 θεώμενος
776 5181 852 5251 (9)
882 5198 896 5212 '
926 5180 1197 5252 δαιμόνων
1235 5180 1344 5251 γὰρ
1376 5179 1630 5247 ἐργαλεῖα
1670 5179 1721 5231 oi
1750 5177 1953 5245 κουφό-

341 5295 535 5348 τεροι,
580 5278 675 5331 καὶ
713 5275 951 5347 μάλιστα
991 5276 1049 5328 ὲν
1087 5276 1200 5337 τοῖς
1238 5273 1454 5343 ἐχθροῖς
1487 5271 1690 5324 αὐτῶν.
1733 5269 1955 5339 Θαυμά-

344 5370 479 5442 ζειν
507 5385 599 5439 μοι
627 5371 712 5438 ἐφ’
741 5370 826 5422 ένὶ
851 5365 961 5424 τῶν
991 5369 1048 5421 ὲν
1072 5368 1207 5440 ἡμῖν
1227 5365 1349 5419 λίαν
1374 5364 1675 5435 ὑπέρχεται
1698 5378 1711 5392 ·
1742 5360 1861 5424 πῶς
1893 5377 1953 5414 τε

2056 4615 2535 4687 Λιιεηιιειίὸίίρεί
2567 4616 2633 4670 ⁸⁸.
2675 4614 2942 4674 Dominus
3002 4622 3184 4671 autem
3241 4615 3402 4688 longe
3466 4615 3647 4687 perfe-

2056 4706 2338 4762 ctissitnus
2352 4723 2542 4763 curam
2572 4707 2803 4765 nobiset
2829 4707 3270 4765 emendationem
3301 4706 3488 4765 fratris
3504 4724 3651 4764 eont-

2060 4800 2369 4855 mendavit:
2423 4800 2504 4868 Si,
2538 4801 2733 4872 inquit,
2767 4803 3057 4872 peccaverit
3110 4802 3283 4870 frater
3343 4810 3464 4857 tuus
3499 4802 3566 4867 “,
3597 4812 3651 4857 et

2058 4909 2182 4963 quae
2273 4907 2602 4965 sequuntur.
2694 4895 2752 4951 Si
2839 4905 2931 4950 tua
3006 4895 3359 4966 reprehensio
3436 4896 3651 4951 sincera

2060 4999 2110 5044 et
2202 4989 2466 5053 ittodesta,
2568 5000 2624 5045 et
2707 4990 2892 5056 potius
2982 4990 3287 5044 admonitio
3336 4987 3651 5054 familiaris,

2061 5097 2226 5152 quam
2262 5081 2615 5152 reprehensio
2656 5080 2836 5147 fuerit,
2868 5081 3105 5136 officium
3145 5079 3325 5137 facere
3377 5094 3479 5149 pro
3541 5078 3649 5135 Do-

2063 5175 2196 5229 mini
2232 5175 2527 5236 \o|untate,
2564 5190 2673 5227 non
2710 5174 3017 5246 recusabis,
3049 5171 3352 5241 praesertim
3383 5168 3528 5241 apud
3556 5184 3653 5227 eos

2064 5271 2156 5337 qni
2196 5268 2353 5320 fat-ile
2407 5267 2832 5320 admonitionem
2898 5266 3189 5334 recipiunt.
3235 5261 3295 5317 Si
3335 5270 3517 5316 autem
3582 5261 3651 5315 ad

2062 5376 2184 5417 eam
2225 5361 2614 5432 perfectionem
2646 5358 2889 5415 nondum
2942 5356 3222 5428 aspirasti,
3264 5355 3456 5414 saltem
3499 5353 3650 5425 quod

427 5554 478 5585 "
515 5550 681 5607 Eccli.
712 5549 1027 5615 xmx,27;l
1064 5547 1210 5604 Tim.
1246 5546 1420 5612 tv,l6.
1498 5545 1544 5577 “
1571 5543 1764 5599 Matth.
1803 5557 1963 5607 xvnt,
2001 5541 2092 5595 15.

431 5672 522 5731 (al
548 5670 652 5724 Sed
679 5668 770 5739 qui
797 5678 1021 5725 secntns
1047 5679 1126 5724 est
1155 5674 1496 5737 peccantem,
1529 5678 1697 5733 quare
1732 5677 1839 5716 non
1912 5670 2135 5716 secutus
2166 5673 2249 5715 est
2307 5659 2700 5730 pmnitentcnz?
2734 5658 2812 5710 An
2878 5664 3196 5726 peccantem
3257 5651 3415 5711 vidit,
3469 5649 3649 5720 pecui-

354 5751 572 5799 tentCtn
591 5757 698 5796 non
723 5739 894 5793 vidit?
