4086 6180
508 213 651 282 1063

1761 231 1821 290 S.
1847 230 2171 294 JOANNIS
2190 237 2503 302 CLIMACI

3625 247 3761 314 1064

506 321 593 436 ie:
621 323 876 436 imperat,
899 323 1084 382 facito.
1116 325 1194 382 Ne
1221 329 1440 387 mireris
1487 348 1612 389 eum
1648 335 1851 395 videris
1913 339 2068 397 etiam

2186 345 2280 436 imi
2303 352 2423 414 ταῖς
2459 349 2680 421 ἀρεταῖς
2708 349 2841 405 θεὸν
2867 352 2963 405 τὸν
2999 353 3427 426 παντοδύναμον,
3464 354 3560 409 καὶ
3595 359 3764 428 ἀγγέ-

507 411 808 470 familiares
854 423 981 472 tuos
1007 417 1419 476 amantissimos
1450 422 1546 477 tibi
1593 423 1845 484 inimicos
1899 429 2081 486 reddi-

503 513 612 573 tos,
638 515 770 562 sunt
800 506 949 563 enim
978 507 1037 564 bi
1079 509 1312 566 leviores
1339 511 1704 572 instrumenta
1740 519 2079 588 daemonum.

501 598 806 666 praesertim
829 599 1095 656 adversus
1141 617 1238 658 eos
1275 616 1416 674 quos
1487 606 1741 664 oderunt.
1792 609 1978 666 Mirari
2029 622 2085 669 et

502 690 660 747 valde
714 693 935 764 quidem
969 696 1158 750 mirari
1207 697 1382 754 habeo
1411 716 1575 770 super
1606 718 1713 758 una
1763 719 1823 760 re
1849 721 1970 776 qua:
2023 708 2086 763 iit

501 781 559 839 in
575 785 732 842 nobis
753 828 766 841 .
785 784 1069 854 Quomodo
1095 805 1219 844 cum
1245 791 1301 846 in
1334 791 1627 849 virtutibus
1655 798 1972 854 exercendis
1991 799 2086 854 ad-

495 879 708 951 jutores
728 883 1025 941 habeamus
1057 895 1113 939 et
1135 885 1310 957 ipsum
1333 889 1426 956 qui
1446 891 1627 945 omnia
1663 891 2081 962 potest,.Denm,

498 982 556 1029 et
591 974 816 1045 angelos
841 987 899 1031 et
926 990 1168 1044 sanctos,
1206 978 1372 1052 374
1397 983 1452 1034 in
1471 983 1762 1039 contrariis
1781 995 1960 1041 autem
1991 1001 2082 1043 so-

497 1066 612 1122 lum
639 1075 695 1123 et
720 1069 1028 1138 improbum
1054 1071 1378 1136 daemonem,
1420 1073 1635 1130 facilius
1656 1086 1835 1131 tamen
1858 1087 1914 1132 et
1941 1079 2083 1134 cele-

497 1159 614 1213 rius
653 1161 722 1214 ad
753 1161 953 1215 malum
987 1172 1044 1217 et
1071 1160 1200 1217 vitia
1258 1164 1636 1220 iuclinemnr?
1703 1167 1778 1222 De
1814 1185 1923 1238 quo
1976 1185 2079 1239 ego

495 1253 812 1309 accuratius
884 1255 1167 1324 disputare
1241 1271 1351 1310 non
1397 1272 1645 1327 possum,
1703 1274 1882 1329 neque
1930 1263 2074 1316 volo.

497 1341 552 1396 Si
587 1345 772 1400 omnia
805 1344 898 1402 Dei
925 1361 1090 1417 opera
1129 1356 1338 1402 natura:
1395 1364 1509 1404 sua:
1566 1351 1948 1407 convenienter
1995 1354 2078 1408 af-

495 1435 635 1490 l'eeta
671 1446 820 1502 sunt,
849 1439 1130 1508 quomodo
1162 1455 1266 1510 ego
1304 1441 1484 1512 imago
1509 1440 1604 1497 Dei
1669 1459 1810 1510 sum,
1841 1453 1895 1499 et
1949 1460 2078 1501 cum

2187 434 2335 502 λους,
2372 441 2467 492 καὶ
2487 439 2678 507 ἀγίους
2725 441 2807 504 είς
2849 439 3137 510 συνεργίαν
3172 441 3407 513 ἔχοντες,
3449 443 3624 500 tutu
3649 447 3762 511 τοῖς

2188 528 2448 591 ἐναντίοις
2480 529 2571 585 τὸν
2599 530 2857 602 πονηρὸν,
2889 537 2984 586 καὶ
3017 533 3177 604 μόνον
3198 533 3448 606 δαίμονα,
3479 537 3755 610 εὐπρεπε-

2189 620 2395 690 στὲρως
2436 622 2530 675 καὶ
2574 621 2847 695 ὀξυτέρως
2887 623 3026 694 πρὸς
3071 624 3142 678 τά
3178 624 3330 695 πάθη
3362 627 3760 700 ικαμπτόμεοα.

2191 709 2325 780 Περὶ
2352 711 2452 781 μὲν
2483 713 2674 766 τούτου
2701 711 2813 782 ἐγὼ
2849 715 2931 778 είς
2966 712 3250 786 ἀκρίϐειαν
3289 715 3474 784 λέγειν
3503 719 3567 772 ού
3607 717 3765 772 δύνα-

2193 815 2313 868 μαι,
2337 797 2457 852 οὐδὲ
2489 798 2769 870 βούλομαι.
2795 801 2878 855 Τὰ
2899 803 3001 871 μὲν
3023 803 3285 874 γεγονότα
3306 805 3506 872 πάντα,
3540 807 3592 861 εί
3616 806 3762 862 οὕτω

2190 890 2314 946 καθ’
2348 892 2379 947 ό
2411 893 2668 965 γεγόνασι
2705 895 2919 964 φύσεως
2951 895 3168 968 ἔχουσι,
3211 897 3330 962 πῶς
3357 913 3418 952 τε
3455 895 3621 953 εἰκῶν
3643 899 3759 967 εἰμι

2185 983 2283 1039 τοῦ
2318 985 2476 1052 Θεοῦ,
2523 987 2619 1041 καὶ
2656 991 2724 1059 τῇ
2759 987 2917 1059 πηλῷ
2966 990 3360 1062 συμφύρομαι;
3408 991 3483 1054 ὦς
3518 1005 3685 1062 φησιν
3729 991 3761 1043 6

2190 1075 2363 1146 μέγας
2390 1076 2710 1149 Γρηγόριος.
2750 1080 2815 1134 Et
2861 1080 2918 1136 δὲ
2957 1081 3160 1153 ἑτέρως
3192 1080 3310 1148 πῶς
3345 1099 3470 1137 τινα
3510 1081 3760 1136 τῶνκτιο

2183 1168 2416 1222 σθέντων
2444 1170 2576 1241 παρ’
2603 1169 2634 1222 ὁ
2660 1172 2851 1238 γέγονε
2878 1170 3206 1241 καθέστηκε.
3244 1172 3464 1236 πάντως
3493 1173 3594 1245 τῆς
3620 1172 3751 1227 ἑαυ-

2180 1260 2275 1315 τοῦ
2335 1261 2651 1330 συγγενείας
2684 1263 2976 1333 ἀπλήστως
3017 1265 3305 1337 όρέγεται;
3361 1262 3453 1318 Ἑν
3484 1264 3633 1337 πάσῃ
3669 1280 3757 1330 τις

2185 1354 2399 1423 μηχανῇ
2434 1354 2708 1422 χρησάτω,
2738 1352 2806 1407 ἶν’
2833 1352 3004 1417 οὕτως
3033 1354 3192 1419 εἴπω,
3222 1355 3374 1418 ὅπως
3400 1355 3462 1410 ὲν
3479 1353 3559 1426 τῷ
3578 1353 3754 1428 θρόνῳ

2180 1442 2276 1497 τοῦ
2303 1441 2438 1496 Θεοῦ
2466 1441 2565 1514 τὴν
2584 1442 2756 1515 πηλὸν
2777 1445 3076 1514 ἀνενέγκας
3097 1444 3437 1519 ἑνθρονιάσῃ.

491 1528 612 1583 luto
673 1531 1036 1585 commiseeor
1101 1543 1157 1586 ct
1217 1530 1561 1588 fermentor?
1620 1536 2077 1604 quemadmodum
2113 1533 2408 1606 Gregorius
2471 1534 2565 1590 ille
2631 1550 2862 1606 magnus
2901 1536 3054 1594 dicit.
3081 1537 3142 1592 Si
3174 1547 3355 1596 autem
3403 1537 3654 1609 quasdam
3683 1552 3748 1594 es
3835 1550 3837 1553 ‘

491 1623 698 1681 creatis
729 1625 893 1679 rebus
919 1624 1080 1680 aliter
1098 1640 1262 1694 quam
1291 1636 1484 1681 natura
1517 1629 1756 1698 ipsarum
1787 1630 1910 1696 fert,
1949 1629 2154 1687 affecta
2189 1638 2337 1696 sunt,
2370 1629 2633 1686 omnibus
2660 1630 2842 1686 modis
2891 1631 2960 1687 ad
2989 1642 3232 1702 cognata
3256 1647 3370 1688 sua:
3391 1641 3603 1688 natura:
3635 1641 3752 1690 stau

490 1729 610 1772 tum
650 1718 830 1772 redire
864 1719 1245 1775 contendunt?
1269 1717 1428 1775 Omni
1455 1737 1586 1795 ergo
1615 1734 1730 1780 arte
1779 1735 1834 1780 et
1865 1725 1914 1780 vi
1981 1735 2184 1794 utatur,
2225 1734 2284 1780 ut
2346 1725 2422 1779 ita
2491 1725 2705 1796 loquar,
2766 1738 2878 1797 quo
2909 1723 3087 1781 lutum
3139 1724 3244 1784 hoe
3290 1725 3495 1783 elatum
3559 1740 3616 1781 In
3654 1720 3752 1782 Dei

493 1811 696 1866 throno
737 1811 987 1868 collucet.

559 1945 730 2002 Nemo
757 1962 888 2020 ergo
915 1963 975 2003 se
1014 1947 1085 2002 ab
1108 1964 1340 2006 ascensu
1364 1962 1612 2022 excuset,
1672 1954 1759 2010 via
1813 1956 1960 2011 enim
2015 1965 2068 2012 et

2239 1949 2452 2007 οὐκοῦν
2478 1952 2672 2025 μηδεὶς
2701 1951 2838 2025 πρὸς
2862 1952 2964 2024 τὴν
2995 1951 3262 2009 ἀνάϐασιν
3288 1952 3744 2026 προφασιζὼθωο

487 2039 654 2110 ianua
682 2048 886 2110 patent,
926 2040 1306 2111 religiosorum
1344 2044 1572 2099 Patrum
1605 2046 1730 2101 vitae
1757 2059 1811 2102 et
1838 2050 2070 2104 virtutes

491 2130 690 2185 auditu:
714 2145 808 2184 seu
848 2130 1090 2186 recitatae
1113 2139 1168 2188 et
1217 2133 1373 2189 lectae
1426 2143 1662 2192 mentem
1723 2147 1774 2193 et
1829 2134 2066 2195 animam

494 2230 735 2278 nostram
765 2222 832 2277 ad
864 2222 1114 2279 imitandi
1167 2225 1410 2282 studium
1472 2229 1738 2286 excitant.
1794 2227 2070 2287 Doctrina

489 2328 621 2371 vero
656 2315 885 2381 auditio,
918 2325 1006 2370 est
1031 2316 1256 2372 lucerna
1291 2332 1415 2389 quae
1439 2320 1695 2378 tenebras
1720 2323 1892 2391 pellit,
1916 2337 2068 2393 qua-

487 2419 596 2474 que
619 2414 870 2460 errantes
898 2403 954 2460 in
1020 2406 1166 2460 viam
1218 2406 1452 2475 reducit,
1540 2410 1890 2466 mentientes
1940 2411 2067 2468 illu-

488 2506 647 2554 strat.
677 2496 955 2553 Discretus
983 2507 1068 2554 est
1106 2506 1359 2569 repertor
1425 2500 1699 2568 sanitatis,
1732 2503 1906 2559 morbi
1965 2501 2067 2560 de-

486 2590 697 2662 pulsor.
746 2588 894 2646 Duas
931 2591 1005 2646 ob
1033 2606 1250 2659 causas,
1295 2592 1392 2662 qui
1437 2593 1663 2650 minima
1699 2609 1932 2667 queque
1962 2595 2056 2652 ad-

487 2683 778 2750 mirantur,
833 2682 941 2740 hoc
982 2685 1187 2755 perpeti
1234 2685 1435 2752 solent,
1477 2695 1571 2742 aut
1625 2695 1854 2759 propter
1909 2704 2066 2746 sum-

485 2789 635 2830 mam
685 2773 962 2830 inscitiam
1029 2775 1212 2831 studio
1279 2775 1606 2834 humilitatis
1663 2793 1777 2849 quo
1829 2779 2064 2836 aliorum

483 2867 713 2923 virtutes
755 2866 1041 2939 magnifice
1078 2867 1379 2938 pradicant
1397 2876 1454 2924 et
1471 2869 1761 2928 extollunt.
1792 2869 1947 2929 Totis
1982 2875 2067 2928 vi-

482 2958 640 3015 ribus
681 2972 948 3015 conemur
978 2973 1090 3016 non
1116 2960 1295 3016 solum
1328 2960 1521 3018 luctari
1552 2976 1682 3019 cum
1728 2962 1908 3029 hoste,
1967 2965 2064 3021 sed

480 3066 549 3107 es
590 3050 838 3123 professo
874 3049 1080 3107 bellum
1127 3067 1318 3124 gerere
1343 3068 1470 3110 cum
1501 3053 1866 3112 daemonibus.
1924 3052 2060 3110 Nam

481 3141 597 3209 ille,
651 3141 747 3213 qui
785 3141 1024 3198 luctatur
1086 3143 1375 3211 duntaxat,
1441 3159 1590 3203 nunc
1661 3145 1788 3202 [erit
1823 3145 2062 3214 hostem,

481 3247 629 3289 nunc
676 3233 871 3288 teritur
917 3231 991 3288 ab
1039 3233 1198 3290 hoste
1241 3233 1338 3306 qui
1393 3249 1524 3328 vero
1574 3235 1776 3292 bellum
1828 3247 2057 3306 gerunt,
2083 3265 2131 3328 ε

480 3341 694 3396 semper
725 3325 938 3382 hostem
978 3336 1402 3397 persequuntur.
1431 3325 1538 3396 Qui
1589 3328 1761 3384 vincit
1830 3328 2061 3386 vitiosos

480 3419 735 3486 alectus,
771 3418 1023 3474 vulnerat
1083 3418 1383 3488 daemones,
1407 3421 1538 3478 dum
1582 3421 1675 3478 ille
1726 3423 1946 3493 quidem
2001 3438 2061 3480 se

480 3512 664 3585 pravis
685 3510 1074 3582 cupiditatibus
1093 3511 1346 3569 laborare
1383 3514 1631 3582 simulat,
1662 3513 1824 3586 375
1847 3531 1940 3586 per
1955 3517 2062 3575 hoc

483 3606 694 3660 hostem
728 3604 888 3668 iallit,
938 3615 992 3660 et
1029 3605 1146 3675 ipse
1166 3605 1385 3661 interim
1442 3605 1880 3680 inexpugnabilis
1938 3625 2060 3680 per-

479 3699 643 3756 sistit.
675 3698 916 3755 All‘ectus
952 3699 1232 3768 quidame
1297 3699 1557 3756 fratribus
1627 3701 1946 3772 ignominia,
2006 3712 2063 3760 et

481 3791 618 3848 nihil
638 3793 857 3862 penitus
893 3791 1078 3847 animo
1131 3792 1509 3862 perturbatus,
1559 3803 1922 3864 precatusque
1971 3809 2061 3850 sc-

477 3899 606 3942 cum
639 3893 840 3951 mente,
869 3882 996 3940 deiu
1031 3883 1155 3940 ﬁcte
1190 3884 1272 3941 sic
1299 3884 1372 3939 ob
1407 3884 1679 3957 irrOgatas
1731 3886 2064 3959 ignominias

479 3977 767 4034 lamentari
799 3977 988 4048 coepit,
1016 3985 1183 4048 atque
1225 3976 1276 4034 si
1313 3975 1509 4034 fuisset
1532 3976 1689 4035 valde
1715 3986 1921 4047 motus,
1948 3994 2062 4051 quo

480 4079 642 4143 pacto
665 4084 825 4126 suam
879 4068 1054 4125 animi
1092 4067 1545 4142 tranquillitatem
1588 4070 1660 4126 ah
1701 4071 1856 4126 omni
1929 4086 2059 4142 per-

482 4162 797 4218 turbatione
875 4160 1126 4227 liberam,
1197 4176 1296 4232 per
1318 4160 1500 4217 ﬁctam
1587 4161 2059 4232 perturbationem

478 4251 794 4310 occultavit.
839 4251 998 4308 Alius
1027 4250 1261 4307 fratrum
1290 4266 1324 4308 a
1375 4252 1550 4324 prima
1581 4251 1842 4308 cathedra
1895 4267 2061 4323 pror—

478 4361 578 4404 sua
616 4345 829 4402 alienus
857 4347 1110 4402 eamdem
1137 4355 1322 4400 tamen
1347 4360 1409 4402 se
1453 4345 1612 4401 valde
1670 4344 1926 4402 allectare
1982 4347 2059 4402 si-

481 4437 732 4496 mulavit.
756 4436 1045 4507 Quomodo
1072 4436 1173 4493 tibi
1219 4437 1368 4494 illins
1425 4439 1730 4495 castitatem
1767 4453 2059 4509 exponam.

477 4532 574 4602 qui
615 4529 778 4603 quasi
809 4539 1133 4602 peccaturus
1163 4530 1219 4584 in
1249 4530 1484 4601 lupanar
1515 4531 1703 4595 irruit,
1759 4540 1819 4587 et
1873 4530 2060 4602 lupam

2169 2045 2205 2113 ὴ
2229 2042 2339 2114 γὰρ
2369 2042 2488 2106 ὁδὸς
2524 2043 2622 2100 καὶ
2647 2044 2685 2115 ἡ
2728 2044 2871 2113 θύρα
2905 2045 3178 2117 meum
3215 2043 3332 2116 (ιο)
3367 2062 3386 2079 ·
3423 2045 3458 2117 ἡ
3498 2046 3602 2117 μιν
3634 2044 3749 2100 τῶν

2167 2133 2612 2208 κατορθωμάτων
2638 2133 2750 2190 τῶν
2787 2134 3173 2206 πνευματικῶν
3201 2135 3456 2208 πατέρων
3479 2139 3746 2211 ἀκρόασις

2165 2224 2261 2280 τὸν
2309 2224 2439 2282 νοῦν
2472 2225 2570 2281 καὶ
2606 2224 2709 2299 τὴν
2738 2226 2918 2299 ψυχὴν
2959 2227 3098 2300 πρὸς
3133 2227 3298 2300 ζῆλον
3335 2228 3705 2295 διυπνίζοοσιν
3725 2247 3744 2265 ο

2166 2317 2202 2388 ἠ
2221 2316 2279 2370 δὲ
2299 2315 2658 2389 διδασκαλικὴ
2688 2315 2953 2388 ἀκρόασις
2992 2318 3113 2371 ἔστι
3139 2316 3362 2382 σκοτίας
3388 2316 3603 2389 λύχνος,
3638 2334 3744 2374 πε.

2165 2408 2527 2482 ulva
2550 2406 2829 2476 ἀπάνοδος,
2857 2408 3265 2479 μυωπαζόνεων
3291 2407 3592 2481 φοηισμός.
3617 2411 3745 2464 Δια-

2165 2499 2412 2573 κριτικός
2441 2502 2592 2555 ἐστιν
2624 2497 2838 2569 ὑγιείας
2859 2498 3123 2571 εὑρετὴς,
3166 2499 3263 2554 καὶ
3291 2500 3447 2555 νόσου
3483 2497 3744 2571 καθαιμ-

2163 2608 2285 2662 της.
2314 2591 2476 2647 Κατά
2503 2590 2602 2646 δύο
2629 2590 2867 2663 τρόπους
2907 2589 3110 2656 πάντες
3138 2590 3192 2644 οί
3226 2590 3512 2664 λεγόμενοι
3545 2606 3745 2664 μικρο·

2163 2683 2470 2756 θαύμαστοι
2512 2683 2676 2738 τοῦτο
2717 2683 2948 2755 πάσχειν
2999 2682 3278 2752 πεφύκασι
3299 2701 3314 2717 ο
3367 2683 3404 2755 ἦ
3460 2682 3740 2751 ἀγνωσίας

2163 2774 2399 2847 ἐσχάτης
2437 2775 2636 2846 χάριν,
2668 2773 2706 2847 ἢ
2758 2773 2950 2845 σκοπῷ
2999 2773 3499 2847 ταπεινοφροσύνης
3538 2773 3608 2828 τά
3643 2772 3743 2829 τοῦ

2163 2867 2391 2942 πλησίον
2415 2867 2813 2939 μεγαλύνοντες
2835 2869 2932 2922 καὶ
2967 2867 3310 2939 ὶπαίροντες.
3355 2866 3740 2938 ’Δγωνισὼμε-

2162 2959 2233 3016 θα
2257 2959 2335 3033 μὴ
2357 2959 2520 3030 μόνον
2546 2957 2821 3025 παλαίειν,
2843 2958 2983 3015 ἀλλά
3003 2958 3260 3030 πολεμεῖν
3285 2960 3411 3022 τοὺς
3441 2959 3700 3030 δαίμονας
3717 2973 3738 2990 ο

2159 3051 2192 3106 ό
2231 3050 2334 3123 μὶν
2359 3049 2472 3123 γάρ
2503 3048 2637 3105 ποτὶ
2667 3050 2775 3123 μὲν·
2795 3049 3001 3121 βάλλει,
3029 3050 3162 3105 ποτε
3187 3049 3246 3104 δὲ
3276 3050 3550 3123 βάλλεται.
3587 3048 3655 3102 οι
3674 3049 3737 3104 δὲ

2163 3145 2397 3202 πάντοτε
2427 3145 2519 3200 τὸν
2547 3142 2745 3216 ιχθρδν
2785 3142 3098 3202 διώκουσιν.
3137 3141 3201 3198 '0
3241 3143 3472 3214 νικήσας
3491 3142 3563 3197 τά
3591 3141 3743 3213 πάθη

2159 3235 2451 3309 τιτρώσκει
2459 3236 2720 3308 δαίμονας
2733 3253 2748 3269 ο
2768 3234 2840 3290 τά
2855 3235 3002 3308 πάθη
3017 3235 3116 3307 μὲν
3132 3235 3554 3306 ὑποκρινόμενος
3571 3234 3743 3307 ιχειν,

2159 3327 2249 3382 διά
2273 3327 2462 3382 τούτου
2492 3327 2552 3383 δὲ
2591 3325 2820 3383 ἀπατῶν
2857 3327 2985 3390 τοὺς
3013 3325 3243 3397 ἐχθροὺς
3273 3326 3440 3381 αὐτοῦ
3458 3366 3475 3391 .
3515 3325 3614 3380 καὶ
3642 3325 3748 3397 με·

2160 3439 2268 3478 νων
2290 3422 2635 3495 suum»;
2670 3421 2732 3490 ιε
2761 3421 2959 3477 αὐτῶν.
3009 3419 3315 3494 Ἦτιμάσθη
3353 3423 3487 3476 ποτε
3517 3437 3604 3486 τις
3629 3420 3746 3476 τῶν

2161 3513 2408 3584 ἀδελφῶν
2425 3513 2476 3585 (l
2491 3515 2563 3587 l),
2611 3513 2706 3568 atat
2763 3511 2888 3586 μηδ’
2925 3512 3067 3577 ὅλως
3110 3510 3355 3582 κινηθεὶς
3397 3513 3466 3584 τῇ
3517 3510 3741 3585 καρδίᾳ,

2163 3604 2306 3658 κατά
2342 3602 2469 3658 νοῦν
2500 3601 2942 3676 προσευξάμενος
2973 3617 2988 3632 ·
3023 3597 3127 3658 εἷο*
3160 3601 3335 3668 οὕτως
3373 3600 3746 3673 ἀποδύρεσθαι

2160 3697 2257 3750 ἐπὶ
2289 3699 2411 3762 ταῖς
2438 3696 2687 3766 ἀτιμίαις
2716 3695 2921 3768 ἧρξατο
2939 3695 3009 3750 δι’
3037 3695 3379 3751 ἑπιπλάστου
3399 3693 3608 3758 πάθους
3634 3694 3745 3768 τὴν

2160 3789 2355 3845 ἑαυτοῦ
2383 3789 2654 3846 ἀπάθειαν
2687 3788 3167 3862 ἀποκρυψάμενος.
3201 3788 3430 3860 Ἕτερος
3458 3787 3569 3842 τῶν
3586 3786 3745 3842 ἀδελ-

2158 3882 2277 3953 φῶν
2306 3885 2387 3947 είς
2421 3881 2823 3955 προκαθεδρίαν
2852 3879 2930 3936 ῶν
2957 3882 3038 3946 είς
3070 3880 3220 3936 am
3249 3880 3564 3950 άνόρεκτος,
3593 3879 3746 3954 ὑπὲρ

2158 3973 2364 4047 ταύτης
2381 3974 2474 4030 τὸν
2503 3973 2774 4030 πονοῦντα
2804 3972 3161 4045 ὑπεκρίνατο.
3188 3973 3319 4039 Πῶς
3338 3973 3396 4029 δέ
3425 3990 3508 4028 σοι
3540 3973 3747 4043 φράσειε

2155 4064 2257 4137 τὴν
2289 4065 2504 4120 ἑκείνου
2534 4065 2759 4137 ἁγνείαν
2780 4065 2919 4138 (li),
2948 4064 3046 4122 τοῦ
3086 4065 3148 4120 ιν
3186 4064 3423 4138 πορνείῳ
3454 4063 3536 4138 τῷ
3556 4064 3746 4122 δοκεῖν

2159 4155 2436 4228 ἁμαρτίας
2457 4156 2624 4212 ἕνεκα
2650 4157 3105 4233 εἰσπηδήσαντος.
3129 4155 3229 4229 τὴν
3265 4157 3324 4212 δὲ
3354 4155 3564 4230 πόρνην
3596 4156 3744 4230 πρδς

2157 4252 2393 4325 ἀσκησιν
2437 4251 2886 4323 ἀναγκάσαντος
2919 4251 3040 4307 Τίνι
3076 4249 3242 4308 πάλιν
3272 4248 3384 4306 τῶν
3428 4249 3743 4323 ἡσυχαζόνο

2155 4360 2269 4399 των
2299 4342 2499 4417 βότρυν
2525 4361 2612 4410 τις
2637 4345 3048 4417 προσκεκόμικε
3075 4343 3224 4416 πρωῒ
3247 4344 3370 4399 λίαν
3403 4358 3435 4426 °_
3451 4345 3482 4398 ό
3506 4342 3567 4398 ει
3593 4341 3745 4414 μετᾶ

2157 4435 2256 4507 τὴν
2290 4435 2388 4492 τοῦ
2424 4436 2871 4508 προσαγηοχότος
2918 4435 3106 4506 ἄφιξιν
3144 4437 3299 4511 ὀξείᾳ
3332 4437 3478 4508 ὁρμῇ
3506 4451 3614 4490 τινι
3641 4435 3743 4489 ἀνι

2159 4529 2401 4600 ορέκτως
2443 4529 2633 4584 τοῦτον
2669 4527 2936 4603 βόσρωκε,
2988 4531 3104 4591 τοῖς
3136 4528 3355 4600 δαίμοσι
3391 4527 3742 4600 γαστρίμαρ-

476 4621 610 4677 inde
667 4621 999 4676 abstractam
1056 4618 1123 4673 ad
1187 4617 1507 4689 religiosam
1566 4619 1735 4674 vitam
1782 4618 2059 4675 traduxit?

2167 4635 2256 4690 γον
2279 4621 2471 4676 ἑαυτὸν
2509 4620 2867 4691 ιμφανίζωνς
2898 4619 3059 4684 ἀλλος
3100 4617 3264 4674 πάλιν
3293 4616 3472 4691 μικρά
3518 4616 3742 4673 ἀπολωο

481 4714 648 4773 Mteri
674 4713 888 4768 cuidam
917 4726 984 4766 ex
1009 4709 1269 4766 solitariis
1304 4711 1524 4780 quidam
1547 4711 1726 4781 prima
1751 4709 1876 4766 luce
1896 4726 2058 4766 uvam

478 4807 682 4875 attulit,
704 4806 826 4878 qui,
867 4813 996 4876 post
1030 4805 1152 4875 ejus
1181 4805 1276 4875 qui
1303 4804 1518 4859 botrutn
1552 4807 1811 4860 attulerat
1852 4802 2062 4860 disces-

479 4916 629 4969 sum,
677 4913 878 4971 magno
903 4898 1110 4968 impetu
1167 4912 1330 4952 uvam
1365 4896 1527 4953 simul
1559 4896 1678 4954 sine
1723 4897 1837 4952 ullo
1896 4906 2058 4968 gustu

477 5003 575 5053 aut
611 4991 850 5064 appetitu
898 4997 1178 5047 momento
1211 4989 1514 5055 devoravit,
1547 4999 1609 5044 ut
1655 4990 1935 5046 (laniones
1992 4989 2056 5044 il-

481 5088 593 5143 lum
622 5098 722 5157 pro
744 5083 940 5156 guloso
968 5081 1253 5139 haberent.
1305 5081 1463 5138 Alius
1510 5086 1728 5138 rursum
1771 5097 1894 5138 eum
1937 5084 2054 5154 pal-

478 5176 659 5233 mulas
681 5173 946 5246 quasdam
975 5171 1274 5236 amisisset,
1309 5179 1426 5225 toto
1478 5168 1567 5224 die
1620 5183 1682 5225 se
1726 5169 1912 5225 dolere
1956 5169 2056 5222 iiu-

2159 4708 2333 4775 leau‘u;
2355 4708 2570 4778 ’θαλλία,
2597 4710 2816 4768 ἃπασαν
2835 4712 2939 4772 τὴν
2969 4710 3181 4784 ἡμέραν
3213 4709 3391 4764 ἰποίει
3423 4709 3614 4764 ἑαυτὸν
3639 4709 3747 4765 ἀλ-

2157 4801 2458 4874 γυνόμενον
2487 4817 2502 4832 °
2532 4800 2705 4874 πολλὴ
2731 4805 2848 4868 τοῖς
2869 4802 3132 4868 τοιούτοις
3163 4801 3380 4873 νήψεως
3407 4800 3568 4872 χρεία
3595 4801 3741 4855 καθε-

2155 4893 2355 4966 ιστηκε
2385 4933 2404 4960 ,
2461 4895 2658 4967 μήπως
2753 4893 3046 4966 ἐμπαίζειν
3096 4894 3544 4965 ἐπιχειρήσαντες
3573 4929 3590 4955 ,
3658 4894 3746 4957 είς

2154 4987 2472 5058 ἑμπαιγμδν
2495 4987 2874 5059 καταλήξωσιν
2897 4985 3033 5062 (13).
3074 4977 3235 5041 οὗτοι
3264 4984 3373 5056 γάρ
3409 4983 3580 5047 ὅντως
3607 4983 3743 5052 περὶ

2157 5072 2236 5132 ὢν
2265 5094 2351 5142 τις
2387 5077 2611 5149 ἔφησεν,
2652 5079 2751 5147 Ὠς
2787 5077 3014 5134 πλάνοι
3045 5075 3420 5148 τυγχάνουσι
3450 5073 3552 5130 καί
3588 5073 3746 5145 ἀλη-

2161 5170 2306 5237 θεῖς.

477 5276 580 5333 ait.
613 5272 721 5330 Sed
769 5271 942 5328 multa
981 5269 1068 5325 bis
1108 5283 1249 5340 opus
1278 5280 1364 5325 est
1416 5267 1672 5323 cautione
1738 5277 1794 5322 et
1849 5265 2167 5330 sobrietate,
2217 5282 2307 5333 ne,
2379 5268 2509 5323 dum
2570 5266 2757 5324 ludere
2800 5272 3104 5322 daemonem
3164 5274 3454 5329 conantur,
3499 5263 3606 5336 ipsi
3639 5263 3735 5317 de-

482 5380 632 5422 mum
681 5364 977 5422 ludibrium
1011 5361 1280 5420 damonis
1307 5359 1458 5416 tiaut.
1484 5357 1574 5416 Isti
1603 5357 1749 5415 enim
1805 5356 2050 5430 profecto
2086 5368 2216 5413 sunt
2279 5358 2350 5415 de
2410 5358 2612 5428 quibus
2641 5358 2866 5429 quidam
2897 5357 3035 5415 dixit
3066 5375 3082 5412 :
3127 5355 3198 5413 Ut
3245 5355 3543 5412 seductum
3569 5362 3624 5410 et
3645 5369 3745 5411 re-

482 5479 630 5524 ηερε
662 5461 732 5516 ⁸⁷.

548 5641 592 5674 ⁸⁷
614 5638 654 5693 ll
683 5636 810 5695 Cor.
857 5654 931 5701 vi,
960 5637 1017 5694 8.
