4086 6180
359 291 492 355 109³9

349 500 517 571 gt-lica
549 499 716 554 tutela
759 509 813 556 et
851 501 1052 556 virtute
1099 501 1316 572 indiget.
1352 501 1573 570 Loquor
1617 518 1718 572 ego
1747 510 1802 555 rt
1834 519 1934 573 ago

350 590 419 644 tle
444 591 587 646 veris
609 593 866 647 solitariis
881 608 1111 664 corpore
1139 603 1192 646 et
1219 593 1412 662 spiritu
1452 593 1543 660 tali
1568 593 1713 646 muni
1740 594 1934 647 huma-

359 693 427 733 no
457 681 738 736 consortio
759 681 1074 751 seiunctis).
1121 682 1410 737 Solitariua
1445 684 1672 754 ignavus
1699 683 1937 752 proleret

359 772 661 837 mendacia,
692 775 915 842 quando
942 789 1038 844 per
1068 775 1336 830 obsrttros
1361 789 1642 829 set-mones
1667 776 1736 829 ab
1761 775 1937 830 homi-

1613 294 1674 352 S.
1715 293 2038 354 JOANNIS
2064 291 2372 354 CLIMACI

351 423 418 466 ue
452 408 645 462 ducem
671 407 974 463 habuerint.
1011 406 1168 474 Quod
1198 423 1344 464 enim
1369 409 1671 464 solitarium
1698 418 1801 469 est.
1834 424 1930 462 an-

2047 427 2234 472 ςαντας
2264 425 2276 438 ·

3464 293 3486 358 1
3503 294 3602 358 100

2327 410 2421 462 καὶ
2449 407 2560 480 πζρ
2597 409 2746 478 πυρὶ,
2785 409 2876 463 καὶ
2907 409 3066 480 ἔρωτι
3099 408 3292 480 ἔρωτα,
3330 409 3421 461 καὶ
3456 408 3606 481 πόθῳ

2036 499 2202 550 πόθον
2233 499 2616 568 γεννήσαντας.
2659 498 2998 568 ἠσυχαττής
3028 499 3144 550 ἐστι
3175 514 3340 560 tum;
3369 498 3606 566 ἀγγέλου

2035 589 2277 658 ἐπίγειος
2326 593 2504 662 Zatng
2552 589 2718 644 πόθου
2766 590 2860 642 καὶ
2915 589 3148 658 σπουδῆς
3182 589 3470 660 γράμμασι
3508 590 3610 660 τὴν

2036 680 2228 738 ἐαυτοῦ
2260 683 2567 756 προσευχὴν
2613 682 2885 754 ῥᾳθυμίας
2933 683 3026 736 καὶ
3060 681 3348 754 ὀλιγωρίας
3396 683 3609 736 ἐλευθε-

2037 775 2239 846 ρώσας.
2277 777 2618 847 ἸΙσυχαστής
2651 777 2800 829 ἐστιν
2819 775 2847 828 δ
2877 775 3076 846 βοὴσας
3104 773 3348 845 ἐναργῶς
3367 792 3381 806 ο
3422 775 3602 830 'Etol-

356 865 542 928 uibus,
600 875 722 920 uta
774 865 1016 920 solit-ria
1057 867 1166 920 vita
1208 867 1455 930 desistat,
1507 867 1786 923 inritatur.
1835 868 1935 924 Ubi

2047 883 2114 932 ειη
2143 868 2181 934 ἡ
2210 866 2425 934 καρδία
2446 883 2586 934 μου.
2611 868 2644 916 ὀ
2665 865 2829 930 Θεός.
2871 865 3212 935 ’ίισυχαστής
3239 867 3386 916 ἐστιν
3405 866 3610 930 ἐκεῖνος

359 955 545 1011 cellam
580 956 841 1023 deseruit,
871 959 1086 1027 culpam
1121 959 1176 1014 in
1212 959 1491 1014 diabolum
1519 959 1750 1027 confert,
1784 960 1937 1030 igna-

360 1063 451 1102 rus
485 1048 632 1118 quod
669 1049 786 1118 ipse
820 1049 921 1104 sibi
953 1051 1206 1106 diaboltts
1241 1053 1311 1105 sit
1339 1049 1534 1106 factus.
1571 1049 1691 1105 Vidi
1723 1065 1822 1122 ego
1847 1067 1936 1106 so-

356 1140 568 1193 litarios
609 1141 700 1210 qui
737 1141 936 1197 ardens
975 1156 1137 1197 suum
1187 1157 1318 1212 erga
1370 1144 1538 1196 Deum
1577 1143 1932 1206 desiderium,

357 1249 448 1302 per
485 1233 786 1288 solitariam
831 1235 1073 1305 quietem
1100 1236 1410 1306 inexplebili
1447 1236 1610 1292 modo
1639 1239 1940 1308 explerent,

351 1341 482 1381 cum
510 1326 690 1398 ignem
720 1343 784 1382 ex
807 1327 952 1398 igne,
988 1341 1233 1383 amorem
1263 1344 1330 1383 ex
1367 1343 1579 1390 amore,
1603 1329 1939 1386 desiderium

349 1433 420 1472 ex
457 1417 734 1474 desiderio
756 1427 1106 1489 procrearent
1133 1431 1187 1474 et
1217 1428 1495 1492 augerent.
1531 1421 1824 1477 Solitarius
1857 1433 1941 1477 est

356 1511 632 1567 terrestris
683 1509 858 1568 forma
903 1512 1120 1583 angeli,
1173 1513 1268 1584 qui
1318 1513 1624 1568 orationem
1673 1530 1827 1570 suam
1874 1517 1943 1568 ab

355 1603 570 1672 ignavia
597 1611 651 1657 et
687 1603 1014 1674 negligentia
1041 1619 1137 1674 per
1157 1605 1404 1660 chartam
1428 1605 1684 1660 desiderii
1717 1615 1770 1660 et
1795 1608 1942 1663 litte-

360 1710 448 1749 ras
501 1695 797 1764 diligentia:
845 1695 1119 1751 liberavit.
1166 1693 1459 1752 Solitari'us
1494 1707 1578 1753 est
1627 1699 1720 1768 qui
1775 1699 1942 1756 libere

2037 960 2063 1011 ὁ
2089 958 2260 1012 εἰπών
2280 975 2294 987 ν
2349 957 2498 1026 Ἐγὼ
2531 956 2822 1020 καθεύδω,
2855 955 2952 1010 καί
2979 957 3016 1024 ἡ
3046 955 3260 1024 καρδίη
3283 973 3402 1022 μου
3432 957 3612 1026 dmi;-

2039 1047 2192 1104 πνεῖ.
2243 1049 2402 1102 Κλείε
2450 1049 2547 1119 μὲν
2580 1047 2748 1118 θύραν
2783 1047 2980 1116 nam;
3009 1047 3224 1117 σώματι
3250 1064 3262 1078 ο
3317 1050 3411 1098 καὶ
3443 1048 3612 1117 θύραν

2041 1142 2288 1212 γλώσσης
2359 1141 2666 1209 φθέγμασι,
2741 1141 2834 1194 καὶ
2883 1139 3032 1194 ἔνδον
3083 1138 3258 1206 πύλην
3314 1138 3609 1209 πνεύμασι.

2041 1234 2256 1305 Γαλήνη
2285 1233 2406 1304 μὲν,
2453 1234 2547 1286 καὶ
2579 1232 2898 1303 μεσημϐρία
2929 1231 3083 1302 ἡλίου
3113 1231 3388 1302 ὑπομονὴν
3417 1231 3614 1286 ναύτου

2039 1327 2133 1396 ﬁas
2147 1325 2264 1394 γξεν
2289 1324 2366 1396 (7)
2393 1339 2408 1354 ·
2438 1323 2639 1394 ἀπορία
2661 1323 2715 1376 δὲ
2745 1321 2966 1394 χρειῶν,
2990 1321 3287 1394 καρτερίαν
3308 1323 3614 1392 ἡσυχαστοῦ

2040 1420 2386 1490 ἐφανέρωσεν
2410 1436 2426 1451 ·
2474 1421 2502 1473 δ
2539 1420 2639 1490 μιν
2681 1418 2910 1490 ἀθυμῶν
2950 1419 3174 1492 νήχεται
3208 1417 3398 1473 ὕδασιν
3421 1435 3436 1448 ·
3489 1419 3520 1472 ὁ
3558 1417 3618 1473 δέ

2041 1511 2278 1582 ἀκηδιῶν
2325 1510 2557 1583 φύρεται
2605 1510 2834 1582 πλήθεσι
2880 1510 2979 1582 (8).
3032 1510 3124 1580 Μὴ
3178 1507 3347 1578 φοϐοῦ
3396 1509 3619 1564 κτύπων

2041 1602 2354 1674 ἀθύρματαο
2395 1601 2598 1656 δειλίαν
2623 1603 2734 1674 γὰρ
2779 1600 2974 1666 πένθος
3018 1603 3120 1655 οὐκ
3163 1601 3452 1657 ἐπίσταται
3495 1601 3619 1656 οὐδὲ

2044 1696 2328 1768 πτύρεται.
2374 1688 2476 1748 Ὧν
2507 1697 2536 1748 ὁ
2573 1693 2697 1758 νοῦς
2747 1693 3065 1765 μεμάθηκεν
3097 1693 3312 1766 ἀληθῶς
3341 1695 3617 1768 εὔχεσθαι.

359 1787 626 1842 exclamat
661 1805 674 1842 :
709 1786 967 1842 Paratum
1011 1805 1102 1842 cor
1151 1804 1344 1854 meum,
1387 1788 1524 1843 Deus
1551 1791 1618 1844 ".
1649 1767 1938 1847 Solitarius

2047 1767 2192 1844 οὗτοι
2220 1789 2394 1861 κυρίῳ
2437 1787 2682 1850 ἐνωπίως
2715 1787 2931 1858 ἐνωπίῳ
2967 1787 3242 1854 λαλοῦσιν,
3281 1787 3356 1850 ὡς
3558 1787 3622 1842 τὸ

360 1879 449 1934 ille
467 1889 553 1936 est
577 1881 670 1950 qui
690 1881 820 1936 dicit
850 1900 862 1935 :
897 1875 1007 1950 Ego
1035 1879 1266 1946 dormio,
1291 1890 1338 1944 et
1366 1897 1456 1935 cor
1481 1897 1650 1936 meum
1674 1883 1855 1954 vigilat
1873 1884 1940 1938 ".

360 1971 521 2027 (lt-lla:
553 1971 778 2041 januam
825 1973 1054 2028 occlude
1087 1972 1324 2042 corpori,
1375 1972 1572 2045 linguae
1599 1971 1823 2044 ianuam
1861 1976 1944 2030 Io-

359 2065 554 2134 quclz,
587 2075 642 2120 et
669 2064 868 2120 anima:
889 2065 1130 2120 claustra
1157 2064 1418 2118 interiora
1447 2065 1605 2121 malis
1633 2066 1942 2136 spiritibus.

360 2157 704 2213 St-renitaset
732 2157 812 2214 sol
837 2156 1172 2212 meridianus
1207 2166 1387 2209 nautae
1406 2157 1723 2226 patientiam
1760 2167 1945 2215 osten-

2046 1877 2137 1946 οὖς
2165 1881 2260 1935 τοῦ
2299 1881 2586 1952 βασιλέως.
2627 1875 2730 1933 Ὧν
2766 1881 2827 1934 τι
2855 1879 3032 1952 στόμα
3061 1879 3304 1952 εὔχεται,
3350 1875 3494 1936 οὗτοι
3525 1881 3622 1935 ἐπὶ

2049 1975 2228 2042 πάσης
2254 1973 2352 2043 τῆς
2383 1971 2684 2042 συγκλήτου
2715 1970 2862 2042 αὐτῷ
2893 1973 3346 2043 προσπίπτουσιν.
3378 1973 3529 2025 Ὅσοι
3561 1974 3620 2024 ἐν

2047 2063 2238 2133 κόσμῳ
2277 2061 2686 2132 διατρίϐουσιν,
2738 2055 2886 2116 οὗτοι
2935 2065 2994 2115 ἐν
3050 2061 3201 2132 μέσῳ
3244 2059 3339 2116 τοῦ
3390 2060 3620 2132 θορύϐου

2049 2153 2254 2217 παντὸς
2292 2153 2388 2208 τοῦ
2431 2153 2606 2224 δήμου
2648 2151 2742 2206 τὸν
2781 2151 3005 2222 βασιλέα
3041 2152 3395 2208 ἱκετεύουσιν.
3429 2153 3492 2206 Ei
3523 2154 3624 2222 τὴν

361 2249 531 2316 dum;
555 2264 737 2303 rerum
765 2263 894 2304 vero
921 2249 1354 2305 necessariarum
1385 2247 1564 2318 inopia
1600 2249 1938 2304 tolerantiam

2047 2249 2238 2320 τέχνην
2271 2247 2648 2316 ἐπισταμένως
2673 2245 3002 2317 μεμάθηκας
3022 2285 3037 2310 ,
3079 2247 3180 2300 οὐκ
3209 2247 3424 2314 ἀγνοεῖς
3449 2245 3510 2298 τὸ
3539 2245 3621 2298 λε-

362 2341 588 2396 solitarii
637 2341 1042 2411 comprobant:
1075 2356 1199 2395 nam
1249 2341 1338 2395 ille
1383 2342 1724 2410 impatientia
1778 2341 1942 2414 ωε

2047 2341 2296 2410 γόμενον.
2335 2335 2714 2408 Καθεζόμενος
2741 2337 2828 2406 ἐφ’
2876 2335 3045 2406 ὕψους
3077 2339 3250 2408 τήρει,
3287 2337 3335 2390 εί
3379 2337 3488 2406 ἄρα
3529 2337 3625 2390 καὶ

365 2428 538 2484 victus
559 2430 718 2498 aquis
743 2431 987 2496 innatat;
1026 2431 1112 2483 hic
1161 2432 1321 2483 taedio
1367 2431 1678 2484 solitudinis
1717 2431 1942 2488 allectus

2048 2431 2359 2493 ἐπίστασαι,
2395 2429 2489 2484 καὶ
2515 2427 2638 2482 τότε
2663 2427 2784 2498 ὕψει
2821 2426 2958 2494 πῶς,
2988 2429 3084 2482 καὶ
3118 2430 3268 2493 ποτε,
3297 2427 3391 2481 καὶ
3423 2427 3620 2480 πόθενο

363 2521 644 2576 hominum
673 2522 852 2577 turbis
889 2537 946 2577 se
974 2523 1188 2577 miscet.
1226 2521 1342 2576 Non
1371 2516 1621 2594 estquod
1661 2527 1782 2580 rani
1812 2535 1945 2582 stre-

2049 2525 2141 2577 za‘t
2175 2521 2355 2585 πόσοι,
2394 2521 2490 2576 καὶ
2521 2524 2668 2576 ποῖοι
2701 2519 2931 2574 κλέπται
2967 2519 3252 2587 εἰσελθεῖν,
3295 2519 3390 2572 καὶ
3428 2519 3624 2588 κλέψαι

362 2613 508 2682 pitus
541 2613 772 2669 ludibria
797 2613 1078 2677 l'urtnides,
1110 2614 1290 2670 luctus
1318 2617 1460 2668 enim
1491 2625 1692 2672 temere
1721 2626 1815 2673 aut
1837 2629 1946 2673 ter—

2049 2616 2175 2678 τοὺς
2199 2613 2435 2685 βότρυας
2466 2612 2699 2685 ἔχονται.
2731 2611 3058 2684 ’Δποκαμὼν
3088 2613 3118 2666 ὸ
3146 2609 3366 2673 σκοπὸς.
3387 2609 3625 2672 ἀναστὰς

363 2705 468 2759 reri
517 2705 712 2760 nescit.
748 2707 995 2772 Quorum
1038 2721 1193 2761 utens
1225 2722 1362 2760 vera.-
1401 2707 1640 2762 orationi
1689 2709 1944 2774 insuevit,

2053 2707 2436 2781 προσεύχεται,
2475 2707 2570 2760 καὶ
2594 2707 2756 2760 πάλιν
2782 2704 3012 2768 καθίσας
3039 2703 3140 2774 τῆς
3165 2701 3436 2774 προτέρας
3463 2703 3626 2772 ἐργα-

363 2796 438 2851 illi
459 2811 584 2853 eum
619 2797 732 2854 Deo
763 2797 902 2854 facie
930 2800 996 2853 ad
1021 2797 1216 2855 faciem
1249 2807 1508 2868 tauquam
1542 2800 1595 2854 in
1635 2799 1824 2855 aurem
1861 2818 1946 2856 re-

2055 2799 2176 2862 σίας
2201 2796 2460 2870 ἀνδρείως
2488 2799 2695 2868 ἔχεται.

363 2885 446 2957 gis
478 2887 800 2956 loquuntur.
835 2887 939 2953 Qui
971 2903 1067 2942 ore
1104 2888 1370 2943 duntaxat
1393 2899 1702 2958 precantur,
1742 2891 1816 2946 illi
1853 2891 2000 2946 velut
2061 2905 2245 2944 coram
2288 2897 2404 2943 toto
2459 2897 2652 2943 senatu
2713 2887 2780 2940 ad
2819 2884 2940 2955 ejus
2967 2899 3143 2956 genua
3209 2884 3486 2940 accidunt.
3519 2879 3626 2952 Qui

366 2975 419 3028 in
452 2975 655 3030 saeculo
684 2984 992 3040 versantur,
1036 2975 1110 3028 illi
1137 2975 1188 3028 in
1220 2975 1400 3029 medio
1456 2975 1718 3033 tumultus
1776 2986 2040 3046 praesente
2089 2987 2202 3031 toto
2261 2975 2461 3046 papqu
2515 2974 2626 3044 regi
2699 2976 3026 3044 suppiicant.
3083 2971 3238 3041 Quod
3283 2975 3329 3030 si
3371 2977 3628 3046 precandi

365 3073 539 3120 artem
563 3066 734 3136 probe
755 3065 946 3127 calles.
970 3081 1078 3119 non
1118 3074 1270 3136 potes
1296 3067 1550 3138 ignorare
1571 3069 1719 3138 quod
1765 3069 1974 3126 dictum
2013 3081 2116 3122 (Fel.
2153 3069 2206 3122 lu
2237 3067 2343 3122 alla
2397 3066 2617 3136 speeula
2668 3068 2912 3122 residens
2942 3066 3170 3121 observa
3211 3066 3282 3134 (si
3312 3076 3489 3122 tamen
3527 3069 3630 3125 hoc

369 3156 538 3226 noSIi)
569 3166 624 3212 et
659 3168 791 3212 tunc
815 3157 1022 3211 videbis
1052 3171 1162 3227 quo
1193 3167 1350 3226 pacto
1373 3167 1427 3212 et
1453 3159 1693 3228 quando,
1719 3169 1775 3214 et
1825 3161 1988 3225 unde,
2029 3169 2078 3214 et
2119 3173 2282 3230 quam
2319 3157 2499 3220 multi,
2530 3165 2585 3209 et
2633 3155 2936 3224 (-uju‘stttodi
2989 3153 3281 3212 latrunculi
3335 3173 3431 3214 seu
3480 3157 3631 3218 fures

368 3249 437 3304 ad
473 3250 682 3304 vineam
705 3257 854 3302 tuam
891 3251 1208 3303 tastandam
1263 3247 1528 3319 irrepant.
1559 3247 1732 3304 Mente
1779 3249 2000 3321 fatigata
2040 3259 2226 3321 surget
2278 3259 2332 3302 et
2361 3248 2613 3318 precibus
2641 3261 2866 3316 Operam
2895 3245 3068 3310 dabit,
3104 3257 3218 3302 tum
3265 3263 3460 3306 rursus
3490 3254 3630 3308 resi-

369 3343 538 3404 debit,
567 3351 622 3395 et
651 3341 800 3410 operi
832 3341 996 3407 priori
1025 3341 1278 3394 alacriter
1305 3341 1538 3395 vacabit.

449 3431 728 3488 Statuerat
757 3431 1030 3502 quispiam
1075 3432 1167 3502 qui
1212 3433 1406 3486 harum
1455 3447 1638 3487 rerum
1683 3446 1844 3488 usum
1895 3438 2018 3496 etc

373 3523 764 3596 experientiam
799 3521 1058 3588 habebat,
1095 3521 1356 3578 subtilius
1403 3532 1459 3577 et
1495 3524 1806 3578 accuratius
1857 3539 1952 3577 su-

374 3635 468 3689 per
500 3619 582 3672 his
602 3616 870 3671 disserere
895 3632 910 3675 :
936 3615 1030 3672 sed
1063 3614 1268 3670 veritus
1294 3623 1380 3668 est
1409 3630 1476 3670 ne
1499 3625 1754 3672 strenuos
1782 3617 1952 3672 athle-

375 3721 459 3766 tas
485 3707 762 3778 segniores
789 3705 1054 3773 redderet,
1083 3716 1136 3763 et
1159 3708 1412 3764 alacriter
1457 3718 1737 3764 currentes
1764 3707 1953 3762 verbo-

377 3820 498 3858 rum
539 3801 769 3871 strepitu
811 3799 1131 3856 deterreret.
1184 3801 1291 3868 Qui
1335 3801 1402 3858 de
1431 3801 1746 3858 solitudinis
1773 3801 1954 3887 quiete

376 3889 636 3946 subtilius
673 3897 729 3944 et
765 3887 1034 3944 eruditius
1082 3887 1358 3958 disputat,
1395 3889 1702 3943 dazmonum
1743 3889 1951 3944 rabiem

377 3983 430 4035 iu
467 3994 526 4035 se
562 3979 797 4035 concitat
828 3997 843 4036 :
877 3994 1040 4034 nemo
1067 3981 1211 4034 enim
1247 3981 1406 4034 alios
1450 3982 1643 4034 borum
1685 3989 1870 4050 turpes
1899 3991 1956 4036 et

376 4073 646 4128 absurdas
668 4071 1094 4126 machinationes
1119 4080 1227 4126 tant
1258 4064 1560 4128 luculenter
1583 4082 1762 4144 potest
1787 4072 1838 4127 iu
1868 4073 1951 4126 lu-

377 4177 495 4218 cem
537 4159 801 4232 prolerre.
830 4159 1152 4217 Solitudinis
1175 4161 1372 4232 quieta:
1404 4171 1642 4218 sectator
1665 4164 1776 4219 alta
1802 4178 1954 4220 arca-

378 4269 574 4308 norum
625 4251 934 4308 divinorum
970 4259 1254 4321 penetrat,
1305 4253 1372 4306 ad
1424 4268 1547 4323 qua:
1593 4268 1702 4308 non
1747 4253 1954 4323 aspirat

379 4348 482 4400 uisi
513 4346 663 4415 prius
695 4343 959 4400 tumultus
981 4344 1245 4399 ﬂuctuum
1273 4356 1327 4401 et
1353 4343 1659 4402 datttonum
1685 4355 1858 4401 status
1889 4361 1953 4402 ac

377 4437 624 4491 turbines
645 4444 702 4491 et
729 4433 924 4490 viderit
948 4443 1002 4490 et
1021 4434 1278 4500 audierit,
1305 4443 1359 4490 et
1390 4433 1620 4491 fortasse
1647 4437 1811 4490 etiam
1836 4435 1953 4490 fuc-

381 4529 449 4582 rit
495 4528 562 4582 iis
606 4541 911 4596 respersus.
951 4525 1252 4581 Continuat
1288 4524 1454 4600 ‘06
1496 4527 1597 4583 hoc
1629 4527 1952 4584 auctoritate

379 4635 476 4675 sua
512 4621 732 4685 Paulus,
763 4621 856 4687 qui
889 4617 994 4672 nisi
1040 4618 1094 4672 itt
1131 4619 1440 4688 patatlisum
1477 4627 1732 4690 tanquam
1780 4620 1832 4674 in
1863 4636 1952 4676 so-

378 4714 610 4769 litariam
639 4711 876 4782 quietem
905 4721 1096 4780 raptus
1136 4711 1348 4777 luisset,
1380 4727 1660 4782 nunquam
1687 4713 1954 4784 potuisset

375 4819 573 4858 arcana
633 4803 796 4858 verba
842 4801 1051 4858 audire.
1101 4803 1264 4858 Auris
1321 4804 1374 4856 iu
1423 4804 1713 4860 solitudine
1775 4806 1951 4876 posita

374 4895 603 4964 at'cipirl
641 4909 670 4948 a
707 4893 817 4946 Dro
865 4893 1144 4947 inusitata.
1195 4891 1538 4965 Quapropter
1573 4905 1627 4948 et
1671 4895 1812 4965 apud
1853 4893 1958 4949 Job

2134 3431 2422 3486 Ἢεούλετό
2451 3446 2536 3496 τις
2564 3432 2624 3486 ἐν
2659 3431 2826 3504 πείρα
2857 3433 2990 3501 περὶ
3031 3431 3241 3486 τούτων
3264 3432 3503 3502 γεγονὼς
3540 3435 3628 3490 λι.

2057 3524 2204 3588 πτὼς
2256 3525 2349 3576 καὶ
2394 3521 2792 3598 ἠκριϐωμένως
2841 3524 3018 3576 εἰπεῖν
3042 3540 3056 3553 ⁸
3110 3523 3248 3579 ἀλλὰ
3297 3526 3623 3598 πεφόϐηται,

2057 3619 2256 3686 μήπως
2284 3616 2376 3668 καὶ
2406 3597 2517 3678 τοῖς
2554 3615 2814 3686 ἐργάταις
2867 3613 3142 3686 ῥᾳθυμίαν
3184 3597 3502 3690 ἐμποιήσῃ,
3530 3619 3626 3675 καὶ

2051 3709 2178 3769 τοὺς
2207 3704 2667 3778 προαιρουμένους
2709 3705 2790 3776 τῷ
2819 3705 3011 3778 κτύπῳ
3055 3706 3162 3762 τῶν
3206 3707 3382 3776 λόγων
3425 3711 3626 3764 ἀποσο-

2053 3797 2219 3869 ϐἡσῃ.
2270 3797 2329 3852 '0
2357 3796 2485 3869 περὶ
2513 3797 2743 3868 ἡσυχίας
2791 3797 3004 3862 λεπτῶς
3047 3799 3140 3853 καὶ
3181 3799 3497 3867 γνωστικῶς
3535 3801 3626 3866 ἐξ-

2053 3887 2374 3960 ηγούμενος,
2396 3887 2636 3960 διήγειρε
2653 3887 2774 3941 καθ’
2795 3887 2988 3942 ἐαυτοῦ
3015 3888 3290 3960 δαίμονας·
3320 3890 3495 3955 οὐδεὶς
3517 3892 3628 3963 γὰρ

2053 3979 2238 4050 ἕτερος
2269 3980 2368 4046 τὰς
2393 3981 2597 4034 τούτων
2633 3978 3022 4052 ἀσχημοσύνας
3060 3979 3432 4051 θριαμϐεῦσαι
3469 3983 3630 4038 δύνα-

2051 4088 2162 4126 ται.
2209 4072 2266 4126 '0
2299 4073 2526 4144 ὴσυχάν
2567 4071 2890 4128 καταλαϐὼν
2923 4074 3064 4143 ἔγνω
3103 4072 3264 4143 βυθὸν
3291 4076 3626 4146 μυστηρίων,

2052 4165 2114 4215 οὺ
2149 4162 2475 4233 κατελήλυθε
2507 4162 2565 4216 δὲ
2597 4164 2655 4216 ἐν
2694 4162 2868 4234 τούτῳ
2901 4165 2950 4218 εἰ
2997 4163 3073 4235 μὴ
3116 4165 3310 4236 πρώην
3347 4169 3476 4230 τοὺς
3517 4167 3633 4221 τῶν

2054 4253 2313 4322 κυμάτων
2338 4251 2598 4326 θορύϐους
2623 4253 2719 4306 καὶ
2743 4255 3068 4323 πνευμάτων
3095 4255 3353 4326 ἀνέμους,
3391 4256 3486 4310 καὶ
3513 4251 3626 4310 εἶδε

2055 4345 2148 4398 καὶ
2173 4345 2406 4416 ἡκουσεν
2431 4361 2445 4375 ο
2494 4343 2623 4408 ἴσως
2665 4345 2759 4400 καὶ
2785 4345 3138 4416 ἐρραντίσθη.
3187 4347 3361 4418 κυροῖ
3387 4347 3448 4402 τδ
3474 4349 3628 4420 εἰρησ-

2057 4435 2214 4506 μένον
2247 4434 2478 4498 Παῦλοςο
2506 4437 2552 4488 εί
2575 4436 2652 4508 μὴ
2678 4435 2787 4506 γὰρ
2810 4438 2868 4489 ἐν
2893 4435 3208 4509 παραδείσῳ
3235 4437 3312 4501 ὡς
3342 4439 3400 4492 ἐν
3426 4439 3630 4510 ἡσυχία

2053 4527 2298 4598 ἡρπάγη,
2347 4527 2444 4580 οὐκ
2485 4525 2552 4579 ἂν
2594 4527 2812 4600 ἄρρητα
2859 4528 3083 4600 ῥήματα
3111 4528 3342 4584 ἀκοῦσαι
3374 4529 3624 4599 ἠδύνατο.

2053 4617 2165 4686 Τῆς
2188 4620 2412 4688 ἡσυχίας
2441 4620 2503 4672 τὸ
2535 4616 2628 4683 οὖς
2663 4621 2876 4688 δέξεται
2907 4621 3059 4691 παρὰ
3088 4621 3223 4674 θεοῦ
3265 4621 3496 4687 ἐξαίσια.
3536 4623 3628 4676 Διὸ

2054 4711 2146 4763 καὶ
2183 4711 2240 4762 ἐν
2281 4710 2360 4780 τῷ
2411 4708 2529 4764 Ἰὼϐ
2561 4710 2702 4781 αὕτη
2745 4711 2781 4782 ἡ
2813 4711 3090 4780 πάνσοφος
3127 4710 3279 4781 ἔλεγε
3302 4727 3319 4744 ο
3368 4713 3628 4780 Πότερον

2054 4803 2125 4855 οὐ
2160 4799 2396 4866 δέξεταί
2429 4820 2550 4872 μου
2592 4803 2658 4856 τὸ
2693 4797 2805 4870 οὖς
2838 4802 3078 4867 ἐξαίσια
3125 4805 3261 4870 παρ’
3298 4803 3484 4858 αὑτοῦ
3526 4804 3628 4873 t9);

2067 4892 2412 4963 Ἦσυχαστής
2441 4893 2588 4946 ἐστιν
2605 4895 2632 4947 ὀ
2651 4893 2824 4956 οὕτως
2850 4893 3065 4962 φεύγων
3090 4894 3320 4962 ἁμίσως.
3345 4893 3422 4956 ὡς
3442 4894 3628 4965 ἕτερος

373 4988 775 5058 sapientissima
817 4987 932 5040 haec
961 4987 1118 5056 quies
1167 4987 1305 5040 dixit
1333 5007 1346 5041 :
1379 4985 1570 5041 Utrum
1605 5005 1705 5041 nou
1738 4990 1952 5058 arripiet

2062 4983 2410 5054 προστρέχων
2441 4983 2697 5056 ῥᾳθύμως
2726 4985 2966 5055 ἐκκοπὴν
2993 4985 3326 5054 γλυκύτητος
3365 4985 3502 5038 Θεοῦ
3532 4985 3630 5038 λα-

373 5086 520 5134 ctari;
553 5097 670 5134 mea
717 5079 977 5135 inusitata
1020 5077 1086 5131 ab
1132 5093 1192 5132 eo
1240 5078 1328 5131 "P
1355 5075 1646 5132 Solitaritts
1691 5087 1810 5143 est,
1867 5077 1952 5148 qui

2064 5073 2180 5126 ϐεῖν
2221 5075 2296 5144 μὴ
2349 5075 2689 5145 βουλόμενος.
2757 5073 3032 5127 ’Λπελθὼν
3077 5075 3368 5143 σκόρπισὸν
3413 5091 3507 5126 σου
3550 5091 3626 5143 μη

375 5187 444 5226 ua
473 5172 823 5240 outues(sine
848 5170 974 5225 odio
998 5169 1203 5238 tamen)
1235 5168 1454 5240 refugit,
1489 5179 1548 5223 ut
1575 5169 1713 5226 alius
1735 5170 1801 5224 ad
1829 5186 1950 5224 om-

2057 5168 2339 5236 συντόμως
2366 5183 2380 5196 ·
2440 5167 2500 5220 τὸ
2554 5168 2702 5240 γὰρ,
2745 5167 3040 5236 Πὼληινόν
3091 5184 3230 5232 σου,
3281 5168 3496 5239 χρόνον.
3554 5169 3625 5221 τὰ

375 5276 472 5312 ues
506 5259 660 5313 facile
689 5257 945 5313 accurrit.
979 5255 1136 5322 Quod
1167 5256 1450 5312 solitarius
1477 5255 1626 5322 facit,
1663 5272 1732 5312 ne
1759 5257 1946 5313 dulce-

2056 5259 2426 5330 ὑπάρχοντα,
2479 5260 2576 5314 καί
2610 5261 2716 5327 δὸς
2743 5261 3001 5330 πτωχοῖς
3045 5261 3182 5333 (ιο),
3232 5261 3318 5314 ἵνα
3350 5260 3415 5314 δι’
3459 5261 3626 5330 εὐχῆς

373 5352 518 5406 diuis
565 5350 766 5404 divina:
813 5349 1086 5417 jac-turam
1127 5348 1309 5404 faciat.
1356 5349 1619 5403 Abiturus
1643 5350 1822 5404 omnia
1856 5359 1946 5404 tua

2057 5345 2194 5416 πρὸς
2227 5347 2324 5418 τὴν
2377 5349 2603 5419 ἡσυχίαν
2649 5349 3029 5420 συνδρᾶμωσι·
3077 5346 3209 5421 ἆρον
3255 5349 3347 5403 τὸν
3395 5350 3626 5419 σταυρόν

441 5552 482 5582 ’⁸
509 5550 652 5604 Ρεςιι.
683 5548 866 5612 ινι,8.
941 5545 1216 5600 "Canta
1255 5545 1308 5600 ‘2.
1383 5543 1548 5600 "Job
1574 5547 1822 5610 tr,l2.—
1848 5546 1952 5601 Lati

2056 5547 2204 5618 Sept.
2231 5547 2456 5619 lutet-pr.
2486 5548 2646 5604 habet.
2665 5549 2981 5617 iudcccmia,
2999 5552 3144 5621 quod
3182 5565 3290 5608 non
3307 5557 3387 5604 est
3413 5549 3480 5604 ad
3505 5563 3616 5602 ruit

472 5669 520 5728 υ)
559 5665 638 5716 Al.
675 5662 828 5718 deest
860 5658 975 5714 σοῦ.
1011 5658 1261 5717 Fortasse
1297 5659 1704 5716 rescribendum
1730 5665 1792 5716 τα
1825 5679 1940 5720 σου.
1981 5673 2093 5717 tua.
