4086 6180
414 258 550 325 H31

1569 290 1578 298 -
1658 261 1720 320 S.
1754 259 2077 322 JOANNIS
2124 264 2432 326 CLlMACl

3541 271 3680 340 1132

409 372 598 431 omnia
625 371 680 427 in
709 369 942 428 exordio
969 367 1318 442 chirographi
1345 367 1624 440 petitionis
1651 380 1854 426 nostra:
1877 373 1987 426 sin-

2093 374 2271 430 λύσιν.
2316 377 2432 450 Πρὸ
2481 377 2700 432 πάντων
2745 377 2804 431 ὲν
2855 378 2933 449 τῷ
2979 378 3077 448 τῆς
3121 380 3396 453 ἡμετέρας
3441 381 3685 456 δεήσεως

408 482 593 525 ceram
636 465 936 538 gratiarum
979 463 1253 520 actionem
1307 462 1660 521 collocemus.
1707 463 1766 518 In
1815 463 1987 520 altero

405 560 529 616 dein
558 573 720 614 versu
745 555 1170 623 confeSsionem,
1217 563 1271 612 et
1312 554 1698 612 contritionent
1743 571 1812 612 ex
1857 570 1989 612 vero

407 658 605 711 anim'e
643 668 804 710 sensu
851 653 1288 724 proﬁciscentem
1338 667 1636 723 ponamus,
1687 662 1855 724 atque
1913 652 1989 708 ita

405 749 661 819 deinceps
709 762 900 817 preces
944 759 1164 802 neStras
1203 745 1450 800 omnium
1505 747 1618 818 regi
1655 745 1986 816 aperiamus.

403 839 656 912 Optimus
676 839 822 896 enim
848 839 1106 912 precandi
1127 840 1322 895 modus
1344 853 1430 896 εει
1453 853 1615 908 quem
1643 839 1782 904 dixi,
1805 855 1992 910 quem-

406 935 704 990 admodum
737 936 806 990 ab
832 933 1024 1006 angelo
1051 931 1270 993 cuidam
1304 949 1336 990 e
1365 933 1629 990 fratribus
1659 943 1745 990 est
1782 935 1992 1005 signiﬁ-

405 1039 486 1083 cat
499 1043 611 1084 um.
625 1025 782 1097 Quod
799 1028 845 1086 si
867 1027 1000 1085 olim
1019 1044 1147 1086 reus
1165 1038 1315 1084 tuam
1335 1042 1558 1084 causam
1585 1029 1728 1098 apud
1747 1027 1988 1098 judicent

407 1119 693 1176 mortalem
727 1119 908 1192 egisti,
960 1135 1069 1176 non
1121 1121 1394 1194 indigebis
1422 1123 1528 1178 alia
1562 1125 1741 1178 forma
1781 1123 1835 1177 in
1869 1135 1992 1194 pre-

406 1212 563 1268 cibus
587 1209 694 1268 tuis
716 1225 904 1268 coram
931 1211 1066 1268 Deo.
1104 1210 1164 1267 Si
1191 1229 1322 1270 vero
1347 1229 1627 1286 nunquam
1653 1213 1720 1270 ad
1749 1213 1990 1269 tribunal

407 1301 794 1376 ulliu‘sjudicis
825 1305 1086 1372 astitiSti,
1146 1321 1324 1378 neque
1373 1307 1512 1363 alios
1549 1307 1858 1362 examinari
1908 1305 1991 1360 vi-

406 1397 556 1462 disti,
586 1396 778 1454 saltem
828 1396 935 1454 hoc
975 1397 1046 1454 ab
1071 1398 1232 1470 aegris
1263 1399 1434 1467 disce,
1467 1400 1691 1470 quando
1717 1398 1990 1455 medicum

409 1497 620 1560 rogant,
655 1504 780 1546 mox
809 1490 892 1545 vel
927 1489 1171 1556 secandi,
1205 1488 1287 1546 vel
1317 1489 1535 1548 utendi.
1556 1487 1708 1545 Nihil
1735 1489 1988 1562 estquod

407 1587 460 1639 in
491 1584 740 1654 precibus
771 1583 1046 1656 exquisita
1073 1585 1351 1656 excogites
1382 1584 1547 1641 verba
1572 1601 1588 1640 :
1620 1584 1823 1654 saepius
1842 1581 1988 1638 enim

2097 467 2276 542 χὰρτῃ
2300 468 2652 542 εὐχαριστίαν
2677 469 2943 541 εἰλικρινῆ
2972 471 3386 543 κατατάξωμεν.
3418 475 3684 548 Δεύτερον

2096 560 2154 615 δὲ
2198 561 2405 631 στίχον,
2445 560 2851 636 ἐξομολόγησιν,
2883 563 2980 618 καὶ
3023 565 3364 636 συντριμμδν
3406 566 3591 637 ψυχῆς
3623 570 3685 622 ἐν

2097 654 2420 725 ἀναισοήσει
2439 673 2454 688 ο
2489 651 2590 709 εἷθ’
2625 656 2804 721 οὕτως
2835 658 2935 729 τήν
2967 656 3186 728 αἴτησιν
3215 658 3374 728 ἡμῶν
3417 658 3494 728 τῷ
3525 659 3684 730 ﬂag.-

2097 744 2312 802 ϐασιλεῖ
2374 749 2754 822 γνωρίσωμεν.
2825 731 3083 820 Ἄριστος
3137 753 3248 819 γὰρ
3310 752 3340 804 ὀ
3397 753 3682 822 είρημὲνος

2098 843 2411 912 προσευχῆς
2441 842 2664 914 τρόπος,
2693 841 2770 907 ὥς
2808 860 2916 898 τινι
2944 845 3055 898 τῶν
3103 844 3222 898 ἀδελ
3235 845 3348 914 (ρων
3382 847 3488 899 ύπὺ
3520 848 3686 916 ἀγγέ-

2097 931 2190 988 λου
2229 935 2440 1005 Κυρίου
2489 933 2806 1008 δεδήλωται.
2843 936 2906 991 Ei
2957 936 3056 1007 μὲν
3107 937 3408 1002 ὑπεύθυνος
3449 939 3684 1009 γέγονας

2097 1042 2231 1082 ποτε
2264 1027 2445 1099 ὁρατῷ
2475 1026 2726 1101 δικαστῇ,
2771 1029 2833 1084 οὐ
2881 1028 3122 1103 δεηθήσῃ
3169 1029 3360 1102 ἑτέρου
3403 1031 3578 1086 τύπου
3623 1032 3686 1086 ἑν

2094 1123 2164 1190 τῇ
2206 1121 2548 1194 παραστάσει
2577 1123 2677 1195 τῆς
2726 1123 3036 1196 προσευχῆς
3081 1141 3198 1178 σου.
3239 1124 3304 1179 Εἰ
3348 1125 3406 1179 δὲ
3445 1125 3682 1194 οὐδέπω,

2097 1211 2220 1268 οὐδὲ
2270 1213 2644 1286 παρέστηκας,
2693 1215 2816 1269 ούδὲ
2848 1213 3272 1286 ἐξεταζομένους
3313 1217 3548 1282 ἐθεάσω,
3579 1218 3685 1273 κᾶν

2097 1306 2163 1358 ὲκ
2209 1303 2310 1374 τῆς
2360 1305 2498 1380 πρὸς
2550 1307 2769 1379 ἰατροὺς
2811 1307 2922 1363 τῶν
2972 1307 3274 1361 νοσούντων
3323 1309 3532 1374 ἱκεσίας
3557 1349 3573 1374 ,
3619 1309 3684 1366 τδ

2095 1396 2338 1454 τοιοῦτον
2370 1397 2715 1472 ἂταιδεύθητι,
2745 1399 2906 1472 ἡνίκα
2948 1400 3042 1455 ὑπ’
3089 1400 3270 1456 αὐτῶν
3315 1401 3570 1473 μέλλουσι
3593 1403 3686 1458 τέ-

2101 1491 2352 1563 μνεσθαι,
2382 1490 2416 1563 ἢ
2447 1490 2723 1548 καίεσθαι.
2772 1492 2864 1563 Μὴ
2895 1491 3115 1561 σοφίζου
3145 1494 3204 1546 ὲν
3247 1492 3414 1564 εὐχῆς
3453 1508 3550 1548 σου
3582 1493 3684 1565 μή.

2099 1599 2232 1654 μασι
2269 1583 2346 1652 (1)
2370 1597 2384 1612 °
2435 1581 2640 1637 παίδων
2683 1581 2794 1654 γὰρ
2833 1582 3094 1648 πολλάκις
3143 1581 3292 1638 ἁπλᾶ
3339 1583 3682 1656 ψελλίσματα

405 1675 696 1733 infantium
723 1676 1059 1748 [puerorum
1085 1693 1176 1733 seu
1212 1674 1602 1750 parvulorum]
1634 1675 1904 1746 simplicia
1934 1683 1987 1729 et

2099 1679 2194 1732 καὶ
2230 1677 2488 1733 ἀποίκιλα
2517 1677 2612 1731 τὸν
2642 1676 2865 1750 Πατέρα
2905 1677 3110 1746 αὐτῶν,
3143 1658 3236 1732 τὸν
3263 1679 3322 1732 ἐν
3361 1681 3477 1740 τοῖς
3519 1679 3685 1750 οὐρα-

409 1770 624 1824 tertiata
659 1769 824 1824 verba
857 1765 1076 1824 Patrem
1105 1768 1324 1824 illorum
1364 1769 1457 1840 qui
1485 1769 1542 1824 in
1575 1749 1732 1824 ctelis
1758 1775 1845 1824 est
1869 1782 1987 1836 pio-

2098 1772 2208 1836 νοῖς
2245 1769 2644 1843 ἐθεράπευσαν.
2677 1771 2772 1843 Μὴ
2797 1749 3115 1839 πολυλογεῖν
3140 1769 3410 1842 ἐπιχείρει
3453 1770 3556 1842 (9.),
3588 1749 3683 1826 ἶνα

405 1862 686 1932 pitiarunt.
713 1861 878 1934 5.31
908 1860 1098 1933 Neque
1129 1862 1301 1918 multa
1328 1863 1490 1918 verba
1520 1861 1710 1929 facias,
1741 1876 1829 1930 ne,
1857 1864 1986 1916 dum

409 1955 610 2026 quat-ris
642 1956 786 2024 quod
819 1957 994 2018 dicas,
1022 1969 1178 2011 mens
1205 1954 1322 2024 ipsa
1354 1953 1717 2011 distrahatur.
1755 1952 1988 2009 Unicum

407 2046 685 2120 publicani
718 2049 944 2104 verbum
974 2046 1145 2103 Deum
1175 2047 1432 2118 placavit.
1466 2045 1533 2102 Et
1555 2063 1661 2102 una
1689 2061 1788 2101 vox
1815 2044 1988 2101 ﬁdelis

405 2144 668 2198 latronem
706 2143 759 2197 in
803 2157 966 2198 cruce
1007 2141 1219 2198 salvum
1273 2139 1420 2198 fecit.
1473 2138 1792 2196 Verbositas
1841 2137 1987 2192 enim

407 2239 546 2290 inter
577 2249 760 2304 preces
794 2247 938 2304 saepe
962 2244 1196 2288 mentem
1237 2231 1716 2304 pliautasmatibus
1761 2230 1990 2286 involvit

403 2335 458 2381 et
490 2325 738 2396 dissipat.
773 2325 950 2380 Pauca
979 2324 1145 2380 verba
1176 2332 1416 2378 mentem
1440 2323 1762 2380 distractam
1787 2325 1990 2395 sapius

404 2421 659 2492 colligere
685 2419 882 2475 solent.
915 2416 1018 2473 Ubi
1049 2418 1193 2474 inter
1236 2432 1428 2488 preces
1457 2416 1624 2473 verbo
1663 2418 1850 2489 aliquo
1892 2419 1989 2473 de-

406 2513 636 2570 lectatns
663 2509 858 2576 fueris,
895 2518 993 2566 aut
1021 2515 1385 2580 compunctus
1421 2510 1586 2566 etiam
1630 2524 1792 2566 mane
1834 2511 1886 2563 in
1921 2525 1989 2566 eo

404 2605 612 2662 verbo:
639 2615 826 2660 custos
859 2602 1008 2659 enim
1039 2611 1230 2658 noster
1265 2603 1494 2674 angelus
1534 2611 1664 2658 tunc
1694 2602 1986 2656 nobiscum

407 2709 680 2769 precatur.
726 2697 806 2753 Ne
839 2695 1202 2754 conﬁdentius
1251 2705 1344 2753 aut
1379 2696 1632 2752 licentius
1673 2710 1806 2766 agas
1860 2710 1986 2752 cum

408 2791 541 2858 Deo,
569 2791 782 2847 etiamsi
817 2804 986 2862 purus
1018 2785 1190 2844 fueris
1221 2807 1236 2842 :
1273 2786 1370 2848 sed
1415 2788 1612 2844 accede
1639 2803 1767 2844 cum
1815 2789 1985 2844 multa

407 2886 588 2954 potius
617 2881 944 2948 humilitate,
985 2892 1039 2938 et
1065 2882 1329 2952 majorem
1365 2881 1670 2952 experieris
1703 2881 1985 2938 ﬁduciam.

403 2979 662 3046 Quamvis
703 2977 816 3048 jam
863 2991 1056 3032 omnes
1097 2975 1368 3030 virtutum
1408 2973 1610 3044 gradus
1656 2975 1854 3031 enixus
1891 2988 1988 3046 per

2101 1863 2177 1935 μὴ
2231 1862 2368 1934 πρὸς
2417 1863 2646 1934 ζήτησιν
2688 1860 2865 1932 λόγων
2915 1861 3278 1936 διασκεδασοῇ
3323 1866 3352 1918 ό
3385 1863 3532 1930 νοῦς.
3586 1859 3682 1928 Εἷς

2092 1953 2252 2024 λόγος
2289 1952 2582 2018 -τελωνικδς
2613 1953 2704 2008 τὸν
2736 1953 2870 2010 Θεὸν
2900 1953 3228 2020 ὲξιλεώσατο
3248 1971 3264 1988 ο
3300 1954 3394 2010 καὶ
3437 1955 3496 2008 ἓν
3529 1955 3682 2027 ῥῆμα

2093 2048 2284 2102 πιστὸν
2316 2048 2410 2111 τὸν
2439 2047 2644 2122 λῃστὴν
2670 2048 2920 2104 διέσωσε.
2951 2047 3251 2116 Πολυλογία
3289 2048 3391 2118 μὲν
3422 2045 3680 2112 πολλάκις

2091 2141 2149 2194 ἐν
2181 2144 2459 2216 προσευχῇ
2509 2125 2602 2196 τὸν
2647 2139 2794 2208 νοῦν,
2841 2141 2934 2194 καὶ
2976 2141 3248 2211 ἐφάντασε
3295 2141 3389 2195 καὶ
3441 2141 3677 2212 διέχυσε.

2093 2236 2399 2306 Μονολογία
2445 2235 2503 2289 δὲ
2536 2233 2800 2296 πολλάκις
2829 2233 2924 2288 τὸν
2960 2231 3084 2288 νοῦν
3125 2233 3380 2304 συνάγειν
3429 2233 3680 2304 πέφυκε·

2091 2333 2548 2404 καθηδυνόμενος,
2603 2331 2636 2403 ἢ
2681 2331 3157 2400 κατανυσσόμενος
3189 2330 3248 2383 ὲν
3276 2330 3419 2401 λόγῳ
3445 2345 3684 2400 προσευ-

2091 2427 2228 2498 κῆςς
2273 2427 2402 2499 μένε
2459 2429 2520 2481 ἐν
2559 2425 2747 2498 αὐτῷ’
2809 2425 2840 2480 ὁ
2892 2424 3003 2494 γὰρ
3059 2422 3236 2494 φύλαξ
3293 2422 3454 2495 ἡμῶν
3503 2424 3566 2477 τό
3617 2440 3680 2478 τε

2091 2521 2327 2592 ὑπάρχει
2367 2521 2397 2574 ὁ
2432 2517 2984 2593 συμπροσευχόμενος
3033 2519 3201 2590 ἡμῖν·
3237 2517 3314 2590 μὴ
3364 2518 3684 2590 παρρησιά-

2090 2611 2222 2677 ζου,
2274 2610 2380 2666 κᾶν
2429 2611 2787 2683 καθαρότητα
2837 2611 3140 2680 κέκτησαι·
3206 2609 3680 2684 ταπεινοσροσύνῃ

2089 2703 2149 2758 δὲ
2195 2703 2396 2776 μᾶλλον
2433 2702 2603 2774 πολλῇ
2652 2701 2942 2775 πρόσελθε,
2983 2701 3080 2756 καὶ
3131 2700 3314 2756 πλεῖον
3367 2703 3682 2774 παρρησια-

2091 2797 2306 2872 σθήσῃ’
2351 2797 2455 2852 κᾶν
2503 2797 2684 2851 πᾶσαν
2712 2795 2812 2866 τὴν
2861 2793 3108 2864 κλίμακα
3139 2792 3249 2848 τῶν
3289 2791 3502 2864 ἀρετῶν
3545 2793 3686 2847 ἀναε-

2089 2889 2330 2963 6έ6ηκας
2354 2929 2370 2955 ,
2439 2888 2582 2957 ὑπὲρ
2650 2885 2900 2956 ἀφέσεως
2973 2883 3260 2956 ἁμαρτιῶν
3331 2881 3677 2954 προσεύχου·

2087 2985 2303 3038 ἀκούων
2375 2980 2590 3036 Παύλου
2649 2978 2777 3050 περὶ
2827 2975 3173 3048 ἁμαρτωλῶν
3233 2973 3498 3044 βοῶντος·
3562 2968 3678 3028 '09-

404 3075 604 3129 scalam
629 3070 996 3141 superaveris,
1020 3077 1141 3139 pete
1163 3079 1342 3124 tamen
1369 3067 1586 3123 veniam
1615 3077 1982 3139 peccatorum,

2093 3075 2318 3146 πρῶτος
2355 3073 2470 3144 εἰμὶ
2515 3071 2650 3143 ἐγώ.
2719 3067 3034 3141 Ἐξαρτύειν
3063 3067 3170 3138 ὄψα
3203 3067 3378 3122 ἔλαιον
3409 3067 3505 3122 καὶ
3545 3066 3674 3132 ἅλες

403 3169 703 3235 auditisque
755 3162 984 3218 Paulum
1037 3163 1106 3218 de
1167 3161 1550 3232 peccatoribus
1610 3163 1986 3218 clamantem:

405 3263 640 3328 Quorum
673 3258 873 3324 primus
905 3273 999 3328 ego
1033 3271 1148 3312 sum
1179 3257 1242 3310 ⁸⁵.
1271 3254 1436 3312 Cibos
1461 3255 1642 3310 oieum
1671 3263 1726 3312 et
1753 3256 1830 3312 sal
1857 3271 1985 3314 con-

403 3355 522 3410 dire
567 3354 779 3408 solent:
829 3351 1132 3406 orationem
1183 3349 1394 3405 elevare
1440 3350 1798 3420 temperantia
1824 3357 1879 3404 et
1905 3349 1986 3404 la-

412 3462 632 3520 t-ryttlm.
670 3443 774 3501 Ubi
801 3443 1015 3514 plenam
1043 3442 1213 3498 animi
1241 3441 1716 3500 mansuetudinem
1743 3441 1985 3498 indueris

403 3551 459 3597 ct
501 3553 718 3595 onmem
766 3539 904 3593 iram
939 3535 1192 3604 exueris,
1237 3551 1347 3592 non
1395 3536 1629 3591 multum
1684 3535 1982 3600 laborabis,

407 3643 466 3687 ut
509 3640 744 3686 mentem
789 3643 821 3684 c
862 3627 1126 3684 servitute
1165 3626 1383 3682 liberes.
1427 3623 1684 3693 Quandiu
1731 3641 1842 3682 non
1885 3641 1984 3682 cx-

405 3724 640 3796 peditam
674 3733 726 3776 et
758 3729 964 3776 certam
1011 3719 1273 3790 precandi
1316 3718 1584 3774 rationem
1629 3717 1987 3789 acquisiveri-

411 3833 550 3880 inus,
591 3811 800 3870 similes
839 3827 1032 3870 sumus
1077 3811 1145 3866 iis
1189 3811 1282 3880 qui
1346 3809 1585 3866 infantes
1628 3810 1866 3880 primum
1916 3811 1985 3868 ad

406 3924 679 3965 incessum
721 3913 998 3963 exercent.
1043 3901 1252 3959 Labora
1293 3912 1356 3959 ut
1381 3914 1618 3959 mentem
1645 3904 1846 3972 elcvcs,
1873 3903 1984 3960 imo

401 4017 533 4057 vero
560 4011 620 4056 ut
651 3999 1013 4071 cogitationes
1057 3997 1114 4050 in
1161 4005 1314 4052 certa
1345 3995 1636 4052 verborum
1677 4008 1830 4068 septa
1857 4013 1984 4054 ora.

404 4096 552 4150 tione
605 4092 932 4158 concludas,
993 4098 1050 4145 et
1095 4089 1349 4160 quamvis
1399 4096 1497 4160 per
1556 4087 1982 4146 imbecillitatem

402 4199 622 4262 propter
669 4188 954 4243 infantiam
1011 4185 1276 4240 cecideris
1305 4223 1321 4250 ,
1372 4184 1522 4256 erige
1580 4193 1764 4240 tamen
1833 4184 1981 4240 illam

2093 3170 2410 3240 πεφύκασι·
2458 3165 2692 3238 πτεροῦν
2749 3163 2805 3216 δὲ
2844 3162 3152 3234 προσευχὴν
3207 3159 3532 3232 σωφροσύνη
3577 3159 3674 3214 καὶ

2091 3263 2320 3336 δάκρυα.
2383 3261 2508 3316 Ἐὰν
2542 3261 2721 3314 πᾶσαν
2761 3258 3051 3328 πραΰτητα
3095 3257 3186 3309 καὶ
3215 3255 3520 3326 ἀοργησίαν
3565 3255 3674 3324 ἀμ.-

2093 3357 2284 3429 φιάσῃ·
2313 3353 2376 3410 οὗ
2407 3351 2578 3406 πολλὰ.
2611 3349 2907 3420 κοπωθήσῃ
2935 3345 3255 3418 ἐλευθεροῦν
3291 3343 3673 3416 αἰχμαλωσίας

2090 3449 2184 3504 τὸν
2208 3446 2334 3502 νοῦν
2363 3463 2478 3500 σου.
2515 3445 2660 3507 Ἕως
2689 3436 2750 3497 οῦ
2796 3439 3108 3512 προσευχὴν
3139 3435 3343 3508 ἐναργῆ
3375 3437 3439 3490 οὐ
3473 3435 3674 3506 κεκτή-

2095 3541 2236 3614 μεθα
2264 3540 2375 3603 τοῖς
2404 3533 2739 3608 γυμνάζουσι
2770 3533 2839 3588 τὰ
2879 3533 3048 3604 νήπια
3091 3526 3330 3600 βαδίζειν
3378 3529 3436 3582 ἐν
3478 3543 3671 3600 προοι-

2094 3634 2241 3708 μίοις
2273 3632 2532 3702 ἐοίκαμεν
2567 3627 2666 3700 (3).
2714 3623 2958 3680 Πύκτευε
3003 3619 3319 3693 ἀναφέρειν,
3357 3615 3670 3708 μᾶλλον

2089 3705 2402 3782 ἀποκλείειν
2431 3719 2532 3790 τὴν
2564 3717 2774 3774 ἔννοιαν
2817 3715 2876 3770 εν
2923 3713 3034 3777 τοῖς
3074 3713 3174 3782 τῆς
3213 3707 3522 3782 προσευχῆς
3569 3705 3669 3778 Μ-

2092 3833 2250 3889 μασι,
2283 3812 2388 3868 κᾶν
2415 3809 2778 3880 ἑξατονήσασα
2805 3803 2895 3860 διὰ
2931 3803 2994 3858 τδ
3021 3801 3292 3875 νηπιῶδες
3316 3797 3670 3874 πέσῃ,πῶιν

2089 3907 2258 3981 αὐτὴν
2289 3905 2579 3974 εἰσάγαγε·
2629 3900 2759 3956 ίδιον
2787 3901 2897 3970 γὰρ
2923 3895 3018 3952 τοῦ
3047 3895 3163 3959 voc;
3186 3895 3249 3949 τδ
3273 3895 3526 3951 ἄστατον.
3565 3893 3670 3946 Δυ-

2090 3997 2249 4054 νκτὺν
2273 3997 2331 4051 δὲ
2378 3995 2568 4050 τοῦτον
2611 3993 2807 4064 στῆσαι
2839 3989 2916 4063 τῷ
2947 3989 3129 4045 πάντα
3156 3987 3445 4059 δυναμένῳ
3490 3985 3667 4058 ίστᾷν.

2091 4091 2223 4164 [Nat
2271 4088 2406 4162 μὴν]
2457 4087 2554 4143 ἐὰν
2611 4083 2914 4148 ἁνελλιπῶς
2961 4083 3056 4138 τὸν
3129 4079 3314 4151 ἀγῶνα
3377 4079 3664 4151 κέκτησαι,

2089 4182 2408 4255 ἐπιδημήσῃ
2451 4173 2829 4254 [ἑπιδημήσει]
2873 4177 2966 4230 καὶ
2989 4178 3050 4228 ἐν
3079 4172 3164 4227 σοὶ
3198 4174 3230 4228 ό
3272 4173 3372 4243 τὴν
3399 4173 3668 4228 θάλατταν

404 4301 594 4338 rursus
619 4293 674 4338 et
697 4283 940 4337 reducito
971 4279 1024 4335 in
1051 4279 1192 4334 viam
1221 4297 1236 4333 :
1267 4278 1484 4350 propria
1501 4279 1648 4334 enim
1677 4287 1760 4334 est
1785 4279 1984 4336 mentis

2093 4275 2182 4330 τοῦ
2211 4275 2330 4338 νοὸς
2377 4269 2743 4344 περιορίζων*
2799 4269 2896 4324 καὶ
2923 4269 3042 4340 ἐρεῖ
3091 4267 3230 4337 πρὸς
3279 4266 3452 4338 αὐτὴν
3494 4267 3554 4319 ἐν
3595 4265 3664 4336 τῇ

405 4375 790 4444 inconstantia.
827 4371 934 4430 Sed
963 4372 1058 4443 qui
1093 4371 1281 4428 omnia
1312 4379 1516 4442 pctest,
1551 4377 1730 4443 potest
1763 4379 1818 4426 et
1842 4373 1982 4426 hanc

2093 4368 2366 4440 προσευχῇ
2417 4381 2513 4418 σου
2539 4379 2555 4395 ⁶
2604 4362 2798 4434 Μέχρι
2843 4361 3060 4418 τούτου
3105 4360 3354 4430 “sua”,
3403 4358 3504 4412 καί
3551 4359 3666 4426 οὐχ

402 4471 648 4526 stabiiirc
672 4477 728 4524 et
750 4469 989 4524 ﬁrmare.
1014 4462 1267 4522 Profecto
1293 4465 1339 4520 si
1361 4473 1678 4520 constanter
1697 4473 1752 4520 et
1774 4463 1982 4534 absque

2093 4459 2426 4530 ὑπερδήσῃ,
2481 4456 2770 4510 ’Δδύνατον
2809 4456 3026 4527 πνεῦμα
3066 4452 3317 4524 δεσμεῖν⁹
3366 4454 3500 4505 ὅπου
3532 4451 3590 4504 δὲ
3636 4451 3667 4504 ό

401 4563 708 4621 cessatione
757 4559 1163 4624 decertavcris,
1236 4557 1417 4614 veniet
1477 4557 1546 4614 ad
1597 4567 1650 4614 te
1697 4558 1793 4629 qui
1841 4556 1980 4612 mari

2093 4555 2184 4611 τοῦ
2219 4550 2530 4624 πνεύματος
2557 4549 2801 4621 κτίστης,
2836 4550 3012 4606 πάντα
3038 4548 3424 4603 ὑποτέτακται.
3457 4543 3522 4598 Et
3566 4544 3667 4615 μὲν

401 4655 599 4711 utentis
633 4665 739 4711 tua:
785 4653 1050 4711 terminos
1110 4649 1330 4722 posuit,
1391 4648 1558 4723 433
1604 4658 1662 4706 et
1701 4650 1848 4706 dicet
1903 4649 1982 4705 illi

2093 4649 2240 4720 ἥλιόν
2273 4661 2402 4701 ποτε
2425 4642 2684 4698 τεθέασαι
2712 4642 2812 4714 (4),
2841 4641 3048 4715 δυνήσῃ
3075 4639 3228 4713 αὐτῷ
3271 4639 3369 4695 καὶ
3403 4636 3668 4708 “nam.

401 4747 454 4802 in
477 4751 725 4803 oratione
759 4757 852 4802 tua
887 4767 902 4801 :
949 4743 1066 4798 "tu:
1089 4760 1249 4814 usque
1288 4745 1456 4799 venies
1489 4745 1554 4810 ",
1583 4753 1638 4801 et
1666 4759 1776 4800 non
1803 4753 1979 4800 trans~

2093 4762 2182 4795 σλι
2213 4736 2530 4811 πρεπόντως
2551 4749 2568 4764 ⁸
2601 4733 2632 4788 ὃ
2658 4733 2768 4806 γὰρ
2802 4735 2902 4808 οὐχ
2951 4732 3224 4806 ἑώρακας,
3254 4731 3373 4796 πῶς
3399 4726 3666 4800 ἐντυγχά-

403 4843 507 4896 ibis
545 4842 798 4898 ulterius.
839 4837 1081 4908 Spiritus
1125 4838 1291 4892 nullis
1332 4835 1566 4894 vinculis
1602 4836 1842 4894 coerceri
1886 4852 1983 4908 po-

2093 4853 2201 4890 νειν
2233 4825 2477 4902 ἀψευδῶς
2503 4822 2732 4879 δύνασαι
2751 4841 2767 4892 ;

405 4947 531 4992 test.
568 4935 677 4994 Ubi
716 4943 902 4991 autem
943 4940 1031 4990 est
1070 4931 1325 4988 conditor
1368 4929 1618 5002 spiritus,
1681 4940 1810 4988 tunc
1869 4932 2058 4988 omnia
2095 4931 2173 4986 illi
2217 4925 2606 4997 subjiciuntur.
2639 4921 2698 4978 Si
2721 4933 2962 4991 unquam
3002 4917 3174 4975 solem
3200 4915 3507 4987 inspexisti,
3533 4922 3664 4968 tunc

419 5049 543 5088 rum
592 5032 684 5086 illo
713 5029 916 5102 potetis
955 5029 1033 5084 uti
1063 5027 1220 5084 decet
1257 5025 1517 5097 colloqui.
1549 5025 1704 5092 Quod
1729 5025 1874 5080 enim
1912 5040 2019 5083 non
2067 5021 2269 5088 vidisti,
2313 5017 2594 5090 quomodo
2633 5014 2836 5088 poteris
2875 5025 3003 5070 vere
3043 5025 3168 5068 cum
3209 5007 3304 5066 illo
3348 5007 3558 5102 agere?

463 5101 802 5196 Principium
831 5121 1104 5178 orationis
1135 5128 1216 5176 est
1265 5119 1646 5189 obstrepentes
1679 5116 1972 5190 [objectas]

2164 5114 2333 5187 Ἀρχὴ
2385 5111 2487 5184 μὲν
2539 5106 2853 5182 προσευχῆς
2908 5102 3206 5175 προσϐολαὶ
3266 5101 3664 5173 μονολογίστως

395 5219 566 5276 menti
596 5194 1006 5278 distracttuncs,
1055 5211 1240 5268 statim
1286 5208 1357 5266 ab
1386 5208 1564 5274 initio,
1609 5209 1728 5266 solo
1773 5210 1970 5264 mentis

2093 5208 2405 5280 ἰιωκόμεναι
2441 5207 2507 5258 ἐκ
2535 5200 2836 5274 προοιμίων
2872 5197 3053 5252 αὐτῶν
3087 5196 3187 5267 (5).
3221 5195 3472 5266 Μεσότης
3507 5194 3572 5248 τὸ
3601 5196 3664 5248 ὲν

395 5324 528 5370 nutu
565 5309 846 5373 repellere.
876 5306 1114 5362 Medium
1145 5320 1274 5361 vero
1300 5317 1424 5358 cum
1457 5315 1615 5358 mens
1651 5301 1707 5356 in
1739 5300 1808 5356 iis
1847 5310 1969 5356 tau-

2093 5303 2190 5363 ιοῖς
2238 5297 2552 5368 λεγομένοις
2596 5293 2629 5366 ἢ
2669 5289 2980 5362 νοουμένοις
3021 5289 3204 5360 μόνοις
3248 5281 3514 5357 εἶναιτὴν
3539 5286 3656 5340 διάο

395 5415 509 5459 tuin
553 5403 719 5456 lueret
749 5416 871 5472 qua:
901 5400 1210 5454 meditanda
1241 5403 1298 5452 et
1327 5393 1611 5450 tractanda
1657 5393 1966 5464 praposuit.

2093 5407 2247 5446 IOfJ-V.
2278 5389 2351 5442 Τὸ
2391 5387 2448 5441 δὲ
2491 5384 2695 5456 ταύτης
2737 5381 2940 5438 τέλειον
2982 5379 3206 5453 ἁρπαγὴ
3253 5378 3391 5450 πρὸς
3428 5377 3653 5447 Κύριον.

394 5496 543 5550 Finis
570 5507 656 5550 est
687 5468 873 5564 raptus
898 5493 950 5546 in
981 5489 1176 5546 Deum.
1207 5488 1326 5545 Alia
1356 5494 1441 5543 est
1469 5485 1650 5542 latitia
1675 5483 1967 5558 [jubilum,

2093 5479 2248 5553 Ἄλλη
2280 5481 2315 5552 ἡ
2341 5477 2664 5549 ἀγαλλίασις
2713 5477 2748 5548 ἠ
2778 5474 2835 5527 ἐν
2873 5473 3150 5544 προσευχῇ
3191 5472 3304 5536 τοῖς
3351 5470 3410 5523 ἐν
3440 5468 3658 5540 συνοδίᾳ

393 5587 708 5656 casttlt'tlin}
749 5561 1018 5640 orationis
1045 5596 1238 5639 eorum
1288 5579 1384 5649 qui
1424 5577 1590 5635 simul
1638 5578 1694 5633 in
1724 5577 1965 5647 plurium

2093 5574 2350 5644 ῑιάγουσιν
2380 5568 2774 5642 ὲπισυμΰαίνου
2785 5585 2868 5636 σα,
2891 5565 2988 5622 καὶ
3011 5567 3170 5638 ἑτέρα
3186 5568 3219 5636 ὴ
3237 5564 3352 5630 τοῖς
3379 5561 3505 5618 καθ’
3522 5564 3656 5632 ήσυο

473 5749 507 5767 ’³
555 5741 570 5793 ί
619 5746 738 5797 ’[εἰο
827 5761 866 5804 1.
923 5741 1008 5798 13.
