4086 6180
443 239 588 320 1173
1647 251 1876 312 LIBER
1914 252 2015 311 AD
2040 247 2459 310 PASTOREM.
3575 231 3713 297 ml:r

1057 365 1310 421 ΚΕΦΑΛ.
1347 368 1418 420 Δν.
2056 376 2108 429 Α
2635 356 2670 428 ἀ

2056 376 2108 429 Α
2635 356 2798 428 uo
2835 353 3062 412 canor
3115 353 3201 408 tv.

518 456 756 521 Τελείως
791 456 936 514 αὐτὰ
970 455 1178 526 ὀφείλει
1225 456 1294 512 τὰ
1335 455 1482 528 πάθη
1509 459 1537 511 ὀ
1581 454 1763 528 ίατρδς
1800 455 2032 509 ludﬁca-

2207 450 2433 521 Oportet
2479 457 2540 503 ut
2591 448 2838 528 medicus
2891 463 3084 504 omnes
3135 445 3303 502 animi
3375 445 3608 513 impetus
3657 457 3713 500 et

457 548 599 614 edat,
633 548 722 603 ἵνα
739 549 799 604 ιν
826 549 1006 622 καιρῷ
1031 566 1142 604 τινι
1165 548 1462 622 δυνήσηταί
1487 565 1634 612 τινα,
1665 548 1761 602 καὶ
1798 546 2034 615 μάλιστα

2135 542 2577 614 perturbationes
2613 543 2832 612 penitus
2881 547 3081 607 exuat,
3110 549 3170 594 ut
3204 538 3260 594 in
3295 547 3536 606 tempore
3569 553 3714 592 nunc

457 643 543 696 τὸν
563 643 760 714 Θυμὸν,
791 641 1210 713 ὑποκρίνασθαι.
1245 643 1309 696 Εἰ
1338 641 1415 712 μὴ
1439 640 1549 711 γὰρ
1582 639 1725 695 αὐτὰ
1759 642 1840 704 εἰς
1865 639 2036 710 ἄκρον

2137 638 2258 701 Iros.
2283 652 2430 692 nunc
2461 636 2605 698 illos,
2634 634 2874 689 maxime
2906 648 3034 688 vero
3063 633 3200 686 iram
3232 631 3493 685 simulare
3521 632 3713 700 possit.

456 731 806 806 ἁταίι[σαι]το,
836 734 899 788 οὐ
926 735 1216 807 δυνήσεται
1244 733 1382 788 αὐτὰ
1413 731 1640 797 ἀπαθῶς
1682 730 2034 787 ὑποδύεσθαι.

2135 729 2349 785 Etenim
2395 728 2501 784 nisi
2544 729 2647 783 bos
2697 727 2869 782 animi
2913 725 3136 780 morbos
3185 722 3402 794 penitus
3429 723 3715 792 expulerit,

458 823 607 878 Εἶδον
637 826 801 879 ἵππον
827 825 912 879 ἔτι
947 823 1144 896 μικρὸν
1177 824 1546 895 ἀγυμνάστως
1584 823 1946 895 διακείμενον,
1976 821 2038 887 ὃς

2137 837 2248 877 non
2291 823 2494 893 poterit
2533 821 2643 877 iliis
2669 836 2798 877 eum
2849 835 2938 874 res
2984 819 3167 889 exiget
3211 818 3332 873 sine
3364 817 3496 872 vitio
3541 817 3715 872 abuti.

459 917 568 970 ὑπὸ
593 915 816 988 χαλινοῦ
840 917 1130 989 ἀγόμενος,
1155 917 1252 970 καὶ
1286 917 1528 988 ἡσυχίως
1571 913 1822 987 βαδίζων,
1845 913 2035 985 itais-

2137 916 2517 974 Animadverti
2567 915 2862 985 equuleum
2903 915 3082 969 adhuc
3115 923 3362 968 tenerum
3399 919 3454 964 et
3480 909 3719 965 indomi-

455 1026 557 1076 νης
584 1008 663 1078 τῷ
687 1010 804 1080 ἰδίῳ
818 1009 996 1082 κυρίῳ
1021 1007 1440 1075 ἐπεϐούλευσεν,
1465 1007 1664 1081 μικρὸν
1687 1006 1783 1064 τοῦ
1815 1002 2036 1080 χαλινοῦ

2139 1016 2278 1071 tum,
2302 1003 2578 1060 frenatum
2610 1014 2816 1068 tamen,
2840 1003 3123 1059 commode
3156 1003 3409 1056 incedere
3439 1019 3452 1055 :
3488 1002 3719 1054 remisso

455 1099 622 1155 αὐτοῦ
663 1099 1033 1171 χαυνωθέντος
1059 1116 1074 1130 '
1119 1100 1215 1156 ἰαὶ
1243 1099 1362 1154 δυσὶ
1406 1099 1486 1171 (1)
1515 1099 1737 1172 δαίμοσι
1771 1099 1834 1153 τὸ
1863 1099 2042 1169 παρὸν

2137 1114 2268 1156 vero
2295 1098 2580 1168 paululum
2626 1097 2806 1163 freno,
2850 1098 3053 1153 vectori
3097 1111 3198 1151 suo
3239 1103 3462 1165 repente
3492 1093 3720 1150 exitium

455 1193 533 1256 ὡς
583 1195 783 1246 ἐπίπαν
835 1194 1132 1265 πρόϐλημα
1190 1192 1578 1248 ἐπακολουθεῖν
1640 1192 1915 1262 πέφυκενο
1988 1193 2037 1243 οἱ

2142 1187 2346 1241 moliri.
2418 1185 2679 1242 Geminos
2748 1188 2862 1242 haec
2911 1185 3143 1256 quaestio
3208 1184 3435 1253 spiritus
3488 1196 3719 1252 nequam

460 1285 772 1358 βουλόμενοι
797 1287 981 1358 ζητεῖν
1015 1285 1355 1358 ζητείτωσαν
1381 1285 1654 1356 ὲμπόνως.

2143 1279 2381 1350 attingit,
2412 1292 2552 1351 quos
2581 1281 2627 1333 si
2661 1279 3122 1349 volentqnzerere,
3155 1278 3383 1334 sollicite
3416 1286 3680 1348 quaerant.

970 1397 1082 1452 ΕΙΣ
1118 1395 1374 1452 ΚΕΦΔΛ.
1412 1397 1487 1450 Δ’.

2706 1392 2796 1448 Μ)
2845 1393 3003 1450 CAP.
3059 1392 3141 1446 IV.

1061 1512 1323 1581 Σχόλιον
1367 1517 1440 1567 α’.

2753 1505 3001 1560 Scltoltou
3054 1503 3103 1558 L

532 1603 612 1676 Τῇ
639 1603 918 1676 κενοδοξία
945 1603 1043 1659 καὶ
1069 1606 1136 1676 τῇ
1179 1602 1582 1677 γαστριμαργίᾳ
1611 1603 1645 1673 ἢ
1675 1603 1742 1673 τῇ
1782 1599 2006 1672 πορνείᾳ
2025 1612 2040 1628 ·

2217 1603 2443 1660 inanem
2483 1602 2727 1666 laudem,
2753 1599 2937 1670 gulam
2967 1605 3062 1652 aut
3096 1598 3364 1650 luxuriam
3400 1615 3412 1650 τ
3441 1597 3557 1649 inec
3579 1596 3724 1649 enim

463 1696 755 1768 αὗταιγὰρ
787 1696 949 1770 μέχρι
971 1695 1161 1760 τέλους
1179 1695 1272 1750 τὸν
1291 1695 1428 1769 πρὸς
1457 1695 1607 1766 ἡμᾶς
1629 1693 1691 1748 οὐ
1716 1690 2043 1748 καταλύουσι
2075 1715 2076 1720 π

2116 1694 2274 1764 ,Ὗῖιὶιι
2303 1697 2558 1768 persequi
2610 1710 2712 1749 nos
2763 1692 2828 1746 ad
2878 1700 3107 1745 mortem
3160 1705 3334 1758 usque
3379 1688 3574 1752 solent,
3630 1704 3729 1743 nee

466 1789 594 1842 πόλε
600 1805 723 1860 μον.

2152 1790 2292 1848 ullas
2317 1791 2442 1848 belli
2475 1791 2728 1847 inducias
2753 1786 2985 1843 faciunt.

1168 1879 1370 1934 Ἄλλο.

2844 1877 3024 1933 Aliud.

549 1970 611 2024 Ὅ
635 1971 737 2044 τῆς
765 1971 1049 2042 ὀξυχολίας
1089 1964 1261 2034 οὗτοι..
1291 1969 1390 2028 καὶ
1423 1969 1452 2022 ὀ
1475 1969 1579 2039 τῆς
1613 1972 1899 2042 πορνείας·
1953 1970 2052 2026 ἐὰν

2219 1973 2287 2030 Hi
2337 1983 2467 2031 sunt
2494 1972 2723 2044 spiritus
2754 1969 3225 2028 excandescentia:
3271 1978 3324 2024 et
3371 1966 3647 2022 luxuriae:
3683 1966 3729 2020 si

468 2067 576 2135 γὰρ
620 2081 707 2130 τις
743 2065 940 2138 μικρὸν
979 2063 1265 2137 ἀμελήσει,
1295 2064 1517 2135 ζταχέως
1542 2062 1927 2136 ἐξεγείρονται,
1955 2063 2051 2118 καὶ

2146 2067 2274 2139 quis
2312 2066 2458 2122 enim
2491 2065 2577 2121 vel
2610 2065 2824 2120 modice
2863 2073 3063 2128 cesset,
3096 2061 3279 2117 statim
3304 2059 3645 2123 excitantur;
3679 2066 3733 2112 et

467 2155 724 2212 τοσοῦτον
748 2158 832 2213 ὃτι
860 2157 955 2213 καὶ
981 2157 1144 2229 μέχρι
1177 2157 1362 2220 τέλους
1400 2155 1913 2228 συμπαραμένουσι,
1954 2157 2050 2210 καὶ

2149 2158 2372 2230 quidem
2406 2168 2517 2214 tam
2550 2156 2740 2212 infesti
2773 2165 2920 2221 sum,
2957 2165 3016 2208 ut
3056 2153 3122 2208 ad
3166 2163 3395 2209 mortem
3427 2167 3600 2221 usque
3637 2165 3735 2203 nos

466 2249 568 2321 τὴν
591 2250 756 2320 φύσιν
785 2250 1267 2317 καταδουλοῦνται,
1294 2247 1373 2315 ὣς
1404 2249 1631 2319 φυσικά.

2151 2250 2511 2315 comitentur,
2551 2255 2917 2316 naturamque
2961 2255 3222 2314 tauquam
3267 2253 3321 2296 et
3368 2243 3470 2312 ipsi
3528 2253 3736 2296 natura:

2153 2345 2374 2415 cognati
2403 2344 2535 2407 sint,
2567 2341 2622 2396 in
2648 2341 2964 2396 servitutem
2998 2340 3275 2406 redigunt.

1168 2426 1380 2480 Ἄλλο.

2858 2428 3037 2483 Aliud.

543 2519 606 2572 Ei
653 2518 787 2572 διότι
814 2519 850 2588 ἡ
896 2517 1313 2588 γαστριμαργία
1341 2517 1437 2569 καὶ
1462 2517 1499 2584 ἡ
1550 2512 1778 2586 πορνεία
1806 2512 2054 2584 ἀλλήλων

2231 2526 2289 2581 Si
2332 2539 2462 2597 ergo
2488 2523 2615 2596 gula
2667 2533 2725 2578 et
2751 2523 2966 2576 luxuria
3002 2522 3142 2574 inter
3192 2534 3249 2574 se
3283 2531 3542 2573 connexa:
3589 2528 3736 2578 sunt,

469 2614 704 2685 ἔχονται,
739 2612 835 2666 καὶ
858 2612 950 2666 διὰ
990 2611 1152 2666 τοῦτο
1195 2610 1272 2675 ὠς
1305 2609 1364 2666 ἓν
1411 2610 1697 2681 ἀμφότερα
1738 2607 2046 2663 τάττονται.

2158 2627 2455 2686 utrumque
2476 2617 2666 2672 vitium
2699 2625 2958 2684 tanquam
2994 2629 3091 2682 pro
3120 2627 3232 2665 uno
3264 2611 3503 2680 ponitur.
3549 2608 3654 2664 Sed
3683 2619 3735 2662 tu

487 2706 646 2759 Ἀλλὰ
677 2707 742 2758 σὺ
770 2706 922 2778 ζήτει
948 2707 1044 2760 καὶ
1072 2705 1133 2759 τὸ
1161 2706 1348 2776 ἕτερον
1397 2702 1590 2769 πάθος,
1637 2702 1774 2776 ὅπερ
1819 2701 1968 2755 ἐστὶν
2014 2700 2049 2770 ὴ

1747 2718 1774 2776 P
1819 2701 1968 2755 ἐστὶν
2014 2700 2049 2770 ἢ
2157 2727 2338 2782 quaere
2359 2721 2414 2767 et
2442 2711 2693 2776 alterum,
2715 2709 2864 2780 quod
2893 2715 2979 2763 est
3008 2721 3143 2760 rana
3173 2705 3360 2776 gloria.

473 2798 770 2867 κενοδοξία.

1365 3115 1836 3177 OBSERVAT'IO
1862 3118 2378 3178 INTERPRETIS
2415 3119 2512 3175 AD
2545 3117 2704 3177 CAP.
2737 3119 2842 3176 IV.

556 3233 762 3291 Vaeare
786 3233 1066 3292 Climacus
1094 3235 1212 3290 vult
1243 3233 1625 3306 religiosorum
1646 3237 1930 3308 pmidem
1965 3237 2119 3292 omni
2147 3235 2735 3307 animipertubatione,
2751 3244 2808 3289 et
2829 3236 2883 3289 in
2907 3249 3122 3290 summa
3153 3237 3320 3290 animi
3346 3235 3740 3304 tranquillitate

477 3331 726 3386 ol’licium
755 3346 918 3387 suum
948 3330 1358 3397 adinistrare,
1391 3346 1556 3402 quam
1580 3332 1749 3387 animi
1793 3333 2148 3389 serenitatem
2173 3330 2335 3405 571
2372 3342 2427 3387 et
2453 3330 2907 3401 tranquillitatem
2948 3331 3000 3384 in
3037 3329 3210 3400 gradu
3245 3347 3372 3385 xxix
3411 3328 3738 3384 vocatam-1-

481 3426 657 3490 οειαν,
691 3426 891 3482 caelum
915 3423 1122 3493 cordis,
1161 3424 1426 3496 palatium
1455 3425 1698 3497 supremi
1737 3426 1897 3496 regis,
1923 3428 2175 3498 corporis
2227 3427 2384 3496 quasi
2435 3427 2723 3482 mortalem
2763 3425 3059 3499 quamdam
3096 3425 3584 3480 immortaiitatem.
3627 3421 3740 3476 ite-

482 3521 814 3588 preliensum
841 3519 1068 3575 veniunt
1096 3518 1343 3574 nonnulli
1369 3517 1445 3591 (α)
1477 3519 1621 3576 hanc
1658 3519 1882 3574 Climaci
1933 3521 2281 3586 sententiam,
2323 3519 2618 3589 potiusque
2652 3520 2804 3575 illum
2850 3517 3093 3574 Stoicum
3145 3533 3310 3588 quam
3343 3517 3744 3578 Christianum,

485 3621 580 3666 aut
609 3611 910 3668 humanum
941 3619 1253 3669 autumant.
1281 3611 1390 3667 Sed
1418 3610 1563 3668 haud
1587 3610 1705 3668 scio
1730 3611 1926 3682 jureue
1956 3629 2026 3668 an
2056 3613 2277 3682 injuria.
2310 3613 2540 3667 Planum
2582 3621 2666 3668 est
2695 3609 3008 3666 Stoicorum
3040 3613 3340 3674 decretum,
3372 3611 3486 3678 irae,
3513 3613 3729 3682 cupidi-

486 3707 598 3774 nis,
618 3716 674 3761 et
697 3707 1034 3776 reliquorum
1063 3706 1228 3762 etiam
1249 3705 1414 3761 libras
1439 3705 1733 3782 an‘ectuum
1759 3708 2056 3774 elidendas,
2091 3710 2386 3778 omniaque
2419 3707 2778 3764 vitiositatum
2801 3715 2856 3764 et
2882 3708 3138 3763 vitiorum
3159 3708 3425 3764 elementa
3444 3710 3742 3765 eradenda.

484 3797 604 3855 Non
624 3809 784 3871 negat
816 3798 1042 3854 Latinus
1067 3798 1427 3870 philosophus
1450 3800 1526 3872 (ὑ)
1561 3802 1701 3856 iram
1732 3804 1787 3857 in
1816 3802 1994 3859 solum
2033 3801 2308 3857 hominem
2338 3801 2552 3868 cadere,
2586 3818 2710 3858 esse
2732 3812 2915 3859 tamen
2953 3813 3142 3859 contra
3197 3814 3448 3859 naturam
3483 3804 3731 3862 anirtnat.

487 3891 807 3948 Aristotelea
835 3894 906 3962 (ε)
936 3907 1060 3948 cum
1100 3889 1587 3962 Peripateticorum
1621 3896 1874 3962 concilio,
1906 3894 2060 3950 Plato
2089 3895 2314 3967 (djcum
2357 3897 2686 3952 Academico
2722 3906 2935 3961 senatu,
2971 3895 3108 3950 iram
3143 3913 3249 3952 non
3277 3897 3500 3953 omnino
3529 3915 3594 3952 ex
3639 3901 3740 3954 lm-

488 3999 652 4040 mano
677 3997 893 4056 pectore
922 3986 1313 4042 excludendam
1342 3987 1685 4044 decernunt:
1727 4004 1869 4059 saepe
1927 3990 2112 4045 utilem
2151 4007 2295 4045 esse.
2351 3989 2455 4055 lra,
2521 3990 2700 4061 inquit
2758 3991 3102 4056 Aristoteles,
3153 3994 3467 4047 necessaria
3502 4004 3606 4058 est,
3647 4010 3746 4048 nec

488 4077 787 4150 quidquam
817 4080 936 4134 sine
959 4079 1052 4135 illa
1078 4085 1382 4150 expugnari
1415 4089 1615 4152 potest,
1675 4081 1779 4137 nisi
1839 4082 1932 4137 illa
1987 4083 2212 4152 impleat
2260 4083 2526 4146 animum,
2556 4093 2611 4138 et
2638 4083 2893 4153 spiritum
2927 4083 3212 4140 accendat.
3253 4083 3522 4140 Utendum
3559 4096 3744 4142 autem

489 4178 582 4234 illa
605 4185 687 4233 est
719 4192 826 4232 non
863 4186 922 4231 ut
957 4177 1116 4243 duce,
1142 4176 1237 4232 sed
1284 4184 1340 4232 ut
1371 4176 1563 4232 milite.
1615 4173 1810 4233 Noster
1847 4179 2125 4234 illimaeus
2151 4187 2234 4234 est
2286 4179 2339 4232 in
2367 4195 2429 4232 ra
2470 4177 2762 4243 sententia,
2794 4186 2849 4232 et
2873 4176 3007 4230 iram
3039 4187 3093 4231 et
3121 4191 3316 4233 omnes
3344 4178 3511 4232 animi
3550 4178 3747 4234 noxios

489 4269 720 4326 allectus
746 4269 963 4340 penitus
984 4270 1288 4333 emendos.
1315 4273 1460 4341 quod
1499 4281 1554 4326 et
1584 4271 1794 4326 Seneca
1816 4271 2086 4342 docet(e),
2110 4281 2162 4326 et
2193 4285 2386 4326 omnes
2421 4269 2662 4341 religiosi
2685 4269 2809 4336 viri,
2841 4269 2936 4339 qui
2987 4269 3136 4324 illum
3183 4270 3568 4326 vincendorum
3617 4273 3746 4328 aue-

491 4373 676 4420 ctunm
705 4374 987 4428 conatum,
1009 4362 1296 4434 νέκρωσιν,
1317 4363 1491 4418 nostri
1517 4364 1768 4434 religiosa
1805 4379 1956 4430 voce,
1987 4381 2104 4418 mor

2133 4365 2454 4435 iﬁcatiouem
2490 4365 2786 4435 appellant,
2818 4381 2882 4420 ex
2910 4380 3018 4436 qua
3058 4366 3146 4420 illa
3183 4368 3381 4422 mentis
3403 4376 3456 4421 et
3489 4369 3738 4438 corporis

494 4455 785 4526 tranquilla
805 4457 1076 4511 serenitas
1107 4456 1388 4522 redundat,
1421 4457 1502 4511 uti
1529 4457 1706 4512 victor
1729 4457 1814 4513 sui
1845 4459 1992 4512 velut
2012 4459 2066 4513 in
2100 4459 2211 4514 alta
2235 4459 2542 4514 collocatus
2563 4459 2807 4529 specula,
2844 4457 3106 4514 inferiora
3129 4460 3314 4516 omnia
3357 4469 3746 4530 tempestatum

491 4549 670 4604 ventis
699 4549 922 4619 agitata,
955 4554 1011 4600 et
1046 4546 1324 4600 turbinum
1355 4547 1607 4618 procellis
1627 4561 1895 4604 concussa
1922 4565 1983 4603 ex
2019 4557 2138 4604 tuto
2173 4566 2401 4606 securus
2423 4550 2686 4620 despiciat
2713 4568 2726 4604 :
2761 4550 2937 4621 possit
2967 4560 3170 4618 tamen,
3227 4553 3273 4608 si
3303 4553 3449 4613 velit.
3484 4553 3619 4606 iram
3657 4564 3747 4608 aut

491 4659 876 4720 quemcunque
903 4643 1156 4700 aﬂectnm
1187 4642 1253 4698 ad
1279 4652 1494 4714 tempus
1518 4658 1820 4710 assumere,
1845 4644 1928 4700 vel
1949 4645 2017 4717 (ί)
2039 4645 2298 4702 simulare
2319 4646 2517 4718 potius.
2537 4645 2771 4704 Proinde
2792 4647 2978 4704 nescio
2996 4665 3064 4704 an
3089 4647 3352 4704 Joannem
3379 4649 3674 4706 Gersonem
3699 4660 3748 4703 et

493 4743 814 4817 Dionysium
836 4739 1286 4803 Cartltusianum,
1314 4747 1511 4794 caetera
1544 4746 1767 4796 sanctos
1794 4739 1964 4805 viros,
1984 4755 2093 4795 non
2107 4742 2371 4812 paenitere
2397 4742 2590 4798 debeat
2618 4744 2920 4806 sententia),
2957 4760 3082 4799 cum
3110 4745 3198 4798 ille
3221 4747 3428 4800 notarit
3450 4746 3749 4802 Climacum

495 4840 629 4913 περὶ
649 4835 961 4911 μετανοίας,
985 4835 1073 4889 hic
1101 4833 1337 4904 καὶπερὶ
1362 4831 1654 4898 ἀπαθείας,
1675 4851 1796 4890 eum
1825 4836 1876 4889 in
1895 4836 2108 4906 quinto;

2133 4837 2277 4900 radu
2300 4853 2408 4892 non
2440 4836 2509 4892 de
2530 4836 2869 4908 praescripto,
2895 4841 2989 4895 sed
3022 4839 3330 4894 voluntario
3356 4843 3536 4898 studio
3559 4859 3746 4913 paena-

496 4951 645 5000 rum,
676 4944 840 5005 atque
881 4931 1260 5003 puenitentium
1326 4937 1482 5000 agat,
1523 4944 1831 5000 quanquam
1894 4932 2048 4989 locus
2079 4943 2264 4988 certus
2283 4941 2339 4989 et
2368 4933 2582 4989 vivendi
2613 4932 2812 4989 modus
2845 4934 3238 5002 prenitentibus
3273 4945 3422 4992 esset
3453 4939 3750 5006 generatim

500 5028 776 5092 deﬁnitus,
799 5026 1045 5096 plerique
1083 5033 1265 5078 tamen
1295 5039 1396 5079 sua
1427 5032 1620 5092 sponte
1659 5025 1828 5080 animi
1859 5028 2034 5082 multo
2058 5027 2403 5099 gravioribus
2437 5043 2497 5085 se
2525 5027 2912 5084 alliictiouilms
2943 5030 3266 5096 multabant,
3303 5032 3565 5086 mirandis
3599 5043 3748 5090 certe

500 5125 550 5184 si
575 5136 683 5178 non
711 5119 1025 5184 imitandis;
1056 5117 1148 5174 sed
1163 5116 1231 5171 de
1246 5116 1414 5170 animi
1442 5117 1855 5187 tranquillitate,
1871 5127 1926 5175 et
1953 5124 2197 5176 omnium
2216 5122 2570 5191 cupiditatum
2589 5122 3004 5191 exstirpatione,
3033 5139 3097 5176 ex
3112 5139 3218 5192 qua
3241 5124 3451 5178 nascitu
3461 5142 3484 5176 ι·
3503 5126 3594 5180 illa
3608 5127 3748 5181 ἀπάο

501 5221 624 5276 θεια
672 5227 728 5273 et
779 5229 971 5272 secura
1002 5210 1289 5275 serenitas,
1323 5212 1506 5268 minus
1543 5212 1810 5267 laudarim
1871 5213 2106 5271 aliorum
2136 5217 2532 5288 Opinationem,
2564 5219 2657 5290 qui
2694 5218 2842 5273 illam
2863 5220 3147 5276 damnant.
3177 5228 3271 5273 aut
3301 5220 3555 5288 quiddam
3590 5223 3745 5291 quasi

505 5314 764 5370 ἀδύνατον
785 5315 1032 5372 censent,
1068 5321 1191 5361 cum
1222 5304 1282 5360 ί).
1308 5304 1511 5362 Paulus
1538 5309 1591 5361 in
1617 5305 1838 5364 Litteris
1872 5308 1940 5363 ad
1976 5308 2293 5368 Corinthios
2345 5311 2531 5367 missis
2588 5312 2734 5366 illam
2785 5313 2959 5382 ipsam
2993 5313 3235 5365 videatur
3262 5312 3595 5380 depinxtssc,
3629 5330 3750 5367 cum

575 5477 653 5543 (α)
691 5477 902 5532 Gersnn
932 5517 947 5540 ,
983 5475 1277 5547 Dionysius
1318 5477 1738 5534 Cartbusinuus.
2254 5477 2320 5542 (ι’)
2358 5478 2420 5532 C.
2465 5479 2515 5534 9.
2553 5477 2645 5533 lib.
2681 5494 2696 5530 l
2736 5480 2807 5532 De
2842 5482 2942 5532 ita.

575 5548 650 5615 (ο)
684 5547 910 5604 Seneca.
961 5615 993 5617 _
1032 5616 1036 5617 ν
1124 5543 1138 5547 ⁷
2255 5549 2318 5617 (Γ)
2353 5549 2554 5603 Sent-ca
2585 5549 2746 5603 etiam
2789 5551 3148 5605 simulandam
3203 5551 3337 5602 irum
3371 5547 3525 5601 docet
3580 5543 3672 5598 lib.
3713 5558 3747 5599 ιι

577 5621 650 5683 (ε)
679 5617 796 5673 Lib.
843 5633 897 5670 Ill
952 5615 1120 5671 Ethic.
2187 5654 2190 5668 ι

985 5615 1120 5671 ἷιίιὶε.
2187 5615 2267 5671 Ῑ)ε’
2291 5619 2391 5683 ἕνα,
2424 5635 2473 5673 c.
2521 5619 2598 5673 Μ.

579 5687 658 5760 (d)
693 5684 768 5745 De
796 5687 920 5756 Rep.
965 5697 1018 5744 et
1049 5689 1168 5745 aiiis
1203 5687 1335 5744 locis
