4008 6148
366 316 499 379 liti;

364 425 554 487 Λίθους
586 440 644 476 τε
685 422 869 477 λοιπὸν
895 422 1084 492 φέρειν
1118 424 1438 476 δυοκαίδεκα
1470 423 1802 487 διακελεύεις
1826 439 1839 452 ·

360 519 454 571 τὸν
474 516 833 571 ἀποστολικδν
861 515 961 584 βαθ
973 516 1071 586 μὸν
1099 516 1158 569 ἐν
1189 516 1374 580 αὐτοῖς
1406 513 1862 586 ἀνῳκοδομηκὼς,
1892 516 1926 586 ἢ

361 609 470 662 τῶν
491 607 636 661 ὀκτὼ
669 624 769 661 που
802 606 969 661 ἐθνῶν
1005 608 1115 660 τῶν
1150 606 1246 660 καὶ
1285 605 1472 661 παθῶν
1510 606 1670 676 νίκην
1694 607 1792 677 (9),
1834 608 1930 661 καὶ

360 697 520 763 αὖθις
539 700 645 754 τῶν
673 698 953 769 τεσσάρων
981 697 1362 767 γενικωτάτων
1394 697 1626 769 ἀρετῶν,
1662 698 1933 768 πρόληψιν

357 791 753 863 αἰνιττόμενος,
782 790 880 861 τὴν
908 789 1128 862 Νεκράν
1158 790 1347 845 λοιπον
1387 792 1483 843 καὶ
1515 789 1706 858 ἄγονον
1739 788 1933 845 θάλατο

361 900 463 936 ταν
494 882 671 953 πάντη
710 882 937 936 κατόπιν
967 880 1271 950 πεποίηκας
1295 896 1309 912 °
1359 881 1450 934 ἐπὶ
1500 881 1600 951 τὴν
1644 880 1801 934 πόλιν
1837 879 1934 934 τοῦ

363 973 561 1045 ἐχθροῦ
584 973 752 1044 ἔρχῃ·
792 972 1071 1038 σαλπίζεις
1102 974 1160 1028 ὲν
1207 975 1485 1044 προσευχῇ
1522 971 1610 1026 διά
1650 969 1746 1025 τοῦ
1789 969 1937 1025 ἑϐδό-

367 1083 472 1136 μου
530 1064 721 1119 τούτου
765 1066 809 1098 ⁸⁷
857 1064 1076 1118 αἰωνίου
1138 1063 1361 1129 κύκλου,
1424 1061 1697 1128 κατέαξας
1731 1061 1937 1133 ταύτην

365 1155 676 1226 νενίκηκας,
706 1154 780 1217 ὡς
809 1155 904 1209 καὶ
941 1155 1001 1208 σὲ
1030 1152 1216 1208 λοιπὸν
1244 1153 1380 1226 πρὸς
1405 1153 1500 1207 τὸν
1530 1153 1819 1224 σύμμαχον
1847 1152 1939 1207 τὸν

364 1247 528 1302 ᾰῡλον
565 1247 713 1317 ᾄδειν
736 1262 752 1277 ’
801 1245 914 1302 Τοῦ
948 1245 1168 1317 ἐχθροῦ
1197 1263 1319 1315 μου
1370 1243 1659 1309 ἐξέλιπον
1689 1246 1750 1299 αἰ
1788 1244 1938 1313 ῥομ-

368 1340 532 1409 φαῖαι
555 1341 643 1405 εἰς
670 1338 841 1406 τέλος
873 1355 887 1368 ·
919 1340 1013 1392 καὶ
1053 1337 1237 1401 πόλεις
1275 1337 1466 1393 παθῶν
1508 1353 1608 1408 μου
1670 1333 1940 1398 καθεῖλες.

371 1433 437 1486 Εἰ
467 1448 554 1486 πω
586 1430 791 1504 βούλει,
827 1431 890 1486 τδ
922 1432 1142 1485 πάντων
1183 1429 1516 1500 κυριώτερον
1556 1428 1649 1483 καὶ
1684 1427 1943 1499 κραταιό-

367 1541 546 1594 τερον,
579 1525 673 1579 ἐπὶ
700 1523 798 1596 τὴν
836 1522 1183 1594 Ἰερουσαλὴμ
1223 1521 1596 1591 ἀναϐέϐηκας,
1627 1520 1726 1592 τὴν
1755 1521 1943 1592 ὅρασιν

369 1616 470 1683 τῆς
495 1614 709 1676 τελείας
744 1614 965 1686 εἰρήνης
993 1613 1193 1685 ψυχῆς.
1233 1613 1468 1684 Χριστὸν
1507 1613 1640 1685 ὁρᾷς
1678 1612 1770 1665 τὸν
1809 1610 1944 1665 Θεὸν

372 1692 472 1778 τῆς
492 1708 720 1779 εἰρήνης
746 1723 762 1739 ο
799 1705 1241 1776 συγκακοπαθεϊς
1264 1705 1339 1770 ὡς
1370 1705 1534 1769 καλὸς
1560 1704 1901 1776 στρατιώτης
1926 1720 1939 1735 ο

375 1797 777 1868 συσταυροῦσαι
823 1795 871 1829 ⁸⁵
916 1797 1014 1849 σὺν
1055 1798 1122 1867 τῇ
1151 1796 1334 1864 σαρκὶ,
1365 1796 1461 1849 καὶ
1488 1799 1602 1860 τοῖς
1632 1794 1943 1868 παθήμασι,

376 1888 470 1939 καὶ
497 1890 617 1951 ταῖς
640 1886 955 1957 ἐπιθυμίαις
975 1902 988 1916 ·
1022 1884 1117 1938 καὶ
1144 1885 1386 1948 εἰκότως,
1407 1886 1483 1946 ὡς
1503 1884 1597 1940 καὶ
1630 1884 1792 1950 αὐτὸς
1813 1884 1946 1951 Θεὸς

375 1977 575 2051 Φαραὼ
620 1979 931 2048 γενόμενος,
991 1977 1086 2032 καὶ
1125 1976 1305 2046 πάσης
1352 1975 1516 2029 αὑτοῦ
1563 1975 1947 2047 ἀντικειμένης

374 2071 654 2142 δυνάμεως
683 2109 701 2135 ,
758 2070 1036 2142 συνθάπτῃ
1080 2067 1265 2123 λοιπὸν
1323 2068 1419 2124 καὶ
1472 2068 1820 2140 συγκατέρχῃ
1868 2069 1947 2133 εἰς

374 2165 511 2235 ᾅδην
538 2161 652 2233 (ιο)
684 2161 961 2230 θεολογίας
996 2160 1162 2230 λέγω,
1210 2161 1304 2215 καὶ
1333 2162 1591 2234 ἀρρήτων
1630 2159 1948 2233 μυστηρίων

378 2256 582 2329 μυρίζῃ
614 2255 706 2308 καὶ
743 2254 1014 2326 εὺωδιάζῃ
1050 2255 1155 2308 ὑπὸ
1190 2253 1303 2308 τῶν
1337 2251 1613 2322 συγγενῶν
1646 2255 1741 2307 καὶ
1778 2252 1947 2322 φίλων

376 2346 649 2414 γυναικῶν
685 2347 719 2417 ἢ
756 2344 988 2417 ἀρετῶν.
1028 2346 1093 2400 Τί
1125 2345 1233 2416 γάρ
1261 2362 1330 2416 με
1351 2345 1413 2399 τὸ
1438 2344 1645 2400 κωλύον
1667 2345 1788 2398 κατ’
1815 2344 1947 2408 ἔπος

376 2439 556 2507 λέγειν
582 2438 675 2491 καὶ
698 2437 962 2509 φράζεινς
996 2437 1169 2491 Ὅπου
1202 2452 1266 2505 γε
1297 2436 1389 2490 καὶ
1418 2437 1477 2489 ἐν
1505 2435 1720 2506 οὐρανῷ
1769 2436 1828 2490 ἐν
1858 2435 1947 2489 δε-

378 2525 468 2595 ξιᾷ
493 2525 757 2596 ὑπάρχεις
788 2523 1097 2596 καθήμενος
1127 2524 1237 2597 (ll)
1267 2523 1335 2594 (ὦ
1366 2525 1464 2594 τῆς
1485 2527 1530 2558 ⁶⁹
1556 2527 1836 2598 κλοπῆςί),
1857 2529 1949 2581 ἀν-

380 2618 593 2669 ίστασαι
628 2616 720 2671 καὶ
751 2616 912 2679 αὐτὸς
933 2617 1229 2688 τριήμερος
1269 2617 1407 2688 μετά
1443 2618 1601 2689 νίκην
1652 2619 1821 2690 τριῶν
1854 2636 1952 2672 τυ-

379 2708 589 2776 ρὰννων
615 2724 628 2737 ·
653 2709 793 2779 τάχα
816 2709 1147 2780 οἰκειότερον
1173 2709 1333 2775 εἴπω,
1368 2709 1458 2763 ἴνα
1485 2708 1627 2781 μετά
1652 2709 1810 2781 νίκην
1842 2710 1952 2765 σώ-

379 2815 550 2870 ματος
574 2799 671 2853 καὶ
690 2797 870 2871 ψυχῆς
891 2800 986 2854 καὶ
1015 2798 1347 2870 πνεύματος,
1381 2800 1414 2870 ἢ
1441 2801 1537 2854 καὶ
1571 2801 1711 2874 μιτά
1735 2800 1949 2873 κάθαρ-

377 2912 463 2950 σιν
508 2897 671 2951 olom
710 2897 1009 2968 τριημέρου
1069 2896 1248 2967 ψυχῆς
1272 2938 1287 2963 ,
1338 2896 1544 2961 πάθους
1617 2896 1776 2967 λέγω,
1857 2897 1953 2953 καὶ

377 2987 577 3057 θυμοῦ,
612 2986 708 3041 καί
748 2986 969 3054 λογικοῦ
1002 2987 1135 3058 (1⁸2),
1170 2988 1261 3041 ἐπὶ
1304 2987 1364 3041 τὸ
1409 2988 1535 3059 ὅρος
1564 2988 1675 3042 τῶν
1725 2987 1952 3045 Ἐλαιῶν

1583 315 1811 375 L'I'BER
1858 316 1954 375 AD
1984 316 2399 378 PASTOREM.

3469 313 3487 376 l
3504 314 3604 378 306

1891 425 1925 493 ἢ
1957 431 2002 486 Α
2031 425 2200 481 secuti
2234 441 2330 496 per
2349 425 2553 497 lignum
2583 427 2780 490 crucis,
2813 426 3082 498 corporis,
3110 427 3354 496 inquam,
3387 425 3605 481 afﬂictu-

2032 517 2234 572 tionem
2260 560 2275 582 ,
2306 525 2361 572 et
2389 517 2569 572 carnis
2593 533 2715 573 eum
2746 518 2892 573 vitiis
2935 519 3051 573 suis
3073 527 3126 573 et
3153 518 3609 586 cont'ugtist‘t‘ttliis

2032 606 2467 666 crucilixionem.
2500 608 2703 665 fontem
2731 610 3089 681 lacrymarum
3122 610 3450 679 produxisti.
3474 612 3611 664 itur-

2032 715 2156 757 sum
2190 700 2316 757 dein
2346 700 2558 771 objecta
2592 701 2870 757 nationum
2907 715 3056 755 arma
3093 700 3356 759 rotundis.
3394 714 3612 770 gentes-

2031 807 2139 864 que
2165 792 2481 849 caelestibus
2517 793 2801 863 populatas
2827 791 3059 847 ﬂammis
3099 793 3153 846 in
3200 792 3436 846 cinerem
3468 793 3580 846 redi

2034 883 2150 955 gis,
2203 892 2259 940 et
2303 884 2370 939 ad
2410 882 2699 939 Iordanem
2746 899 2919 955 usque
2964 894 3217 954 penetras
3253 882 3424 953 (quid
3466 883 3610 936 etiiu.

2035 974 2281 1046 prohibet
2303 976 2576 1047 paulisper
2595 976 2648 1031 in
2672 976 2896 1031 historia
2916 975 3165 1047 progredi
3193 990 3423 1044 eamque
3447 989 3615 1027 excu-

2035 1067 2217 1136 tere?)
2244 1068 2552 1138 populoque
2579 1069 2727 1123 velut
2767 1068 2901 1124 alter
2936 1066 3100 1122 .lusue
3132 1075 3153 1105 ι
3174 1108 3189 1129 ,
3235 1065 3451 1136 partiris
3496 1082 3616 1120 ver-

2036 1156 2128 1222 bo,
2140 1166 2194 1212 et
2216 1172 2385 1228 aquas
2401 1159 2617 1228 quidem
2639 1157 2917 1213 inferiores
2933 1159 3125 1214 mortis
3143 1159 3361 1227 inquam
3379 1165 3432 1210 et
3451 1157 3620 1210 salsu-

2037 1249 2180 1320 ginis
2194 1289 2212 1315 ,
2242 1250 2296 1305 iu
2317 1248 2467 1305 mare
2489 1247 2703 1306 Salsum
2721 1251 2833 1306 sive
2850 1249 3122 1306 Mortuum
3140 1249 3427 1305 decurrere
3439 1250 3618 1320 juhes,

2039 1342 2350 1412 superiores
2369 1349 2548 1398 autem
2576 1341 2857 1397 cltaritatis
2878 1340 3076 1409 undas,
3102 1344 3156 1398 in
3173 1354 3466 1415 conspectu
3499 1354 3620 1399 tuo-

2040 1448 2165 1489 rum
2183 1433 2449 1504 sapientia
2471 1432 2779 1489 llorentium
2806 1432 3170 1489 lsraelitarum
3197 1436 3249 1489 in
3280 1445 3519 1493 montem
3534 1453 3623 1492 eu-

2041 1526 2239 1583 mulas.
2270 1525 2438 1599 599
2456 1525 2683 1596 Lapides
2711 1539 2971 1598 praeterea
2992 1543 3053 1581 ex
3084 1525 3324 1584 Jordane
3338 1529 3624 1585 duodenos

2045 1618 2147 1689 legi
2195 1618 2513 1689 imperasti,
2546 1634 2608 1672 ev
2638 1620 2836 1689 quibus
2881 1630 2973 1674 aut
3014 1621 3373 1690 apostolicum
3406 1622 3621 1676 culmen

2043 1707 2363 1777 aediﬁcares,
2387 1719 2481 1764 aut
2512 1720 2843 1780 reportatain
2876 1711 2943 1765 de
2973 1721 3096 1766 octo
3128 1712 3362 1781 populis,
3392 1713 3495 1767 hoc
3517 1723 3621 1780 est,

2046 1800 2191 1857 vitiis
2222 1800 2538 1868 victoriam,
2571 1810 2627 1857 et
2650 1801 2877 1858 virtutes
2910 1812 3147 1872 quatuor
3193 1804 3468 1875 principes
3507 1804 3624 1874 jam

2045 1901 2230 1965 partas
2275 1892 2635 1965 signiﬁcares,
2666 1894 2803 1948 mari
2835 1893 3091 1964 deinceps
3118 1893 3334 1949 Mortuo
3362 1902 3418 1951 et
3462 1894 3625 1952 efreto

2045 1999 2142 2042 seu
2174 1984 2348 2041 sterili
2379 2001 2412 2040 a
2449 1995 2603 2057 tergo
2644 1986 2836 2041 relicto
2867 1983 3228 2057 (Jerichunta)
3262 1986 3329 2042 ad
3367 1987 3622 2042 hostilem

2046 2077 2234 2133 urbem
2263 2077 2499 2146 accedis,
2521 2088 2575 2134 et
2610 2077 2758 2134 tubis
2795 2078 3170 2148 precationem
3202 2080 3268 2132 ad
3304 2080 3625 2138 mteruitatis

2046 2169 2283 2225 orbitam
2313 2170 2700 2226 declarandam
2748 2169 2948 2240 septies
2987 2170 3216 2243 clangis,
3244 2171 3529 2244 vineisque
3572 2181 3627 2227 et

2044 2261 2279 2326 evertis,
2320 2270 2381 2316 ut
2422 2261 2683 2331 deinceps
2732 2262 3124 2332 propugnatori
3174 2269 3269 2315 tuo
3298 2264 3477 2317 omnis
3505 2278 3620 2316 ma-

2049 2354 2197 2409 teria:
2223 2354 2430 2425 experti
2460 2364 2624 2424 atque
2650 2353 3020 2424 inaspectabili
3062 2353 3172 2407 Deo
3194 2354 3477 2410 victoriam
3504 2371 3624 2422 gra-

2050 2447 2253 2503 tulatus
2279 2460 2479 2501 canere
2522 2446 2742 2515 possis:
2786 2444 3001 2499 Inimici
3034 2447 3134 2500 mei
3169 2447 3386 2515 {rauim
3422 2446 3625 2512 defece-

2050 2547 2174 2592 runt
2195 2539 2249 2592 in
2272 2539 2430 2607 ﬁnem
2448 2550 2505 2594 ll:
2534 2547 2588 2594 et
2606 2538 2794 2594 urbem
2818 2537 3074 2593 vitiorum
3107 2554 3351 2595 meorum
3382 2540 3627 2597 funditus

2049 2632 2260 2689 delesti.
2298 2630 2419 2687 Vin‘
2448 2631 2627 2687 dicam
2653 2631 2796 2703 quod
2829 2641 2993 2702 caput
3026 2632 3103 2688 rei
3148 2643 3261 2697 est,
3304 2632 3626 2703 facinusque

2049 2726 2295 2778 omnium
2325 2722 2622 2779 maximum
2648 2733 2698 2777 et
2735 2722 3095 2778 fortissimum
3127 2743 3140 2776 :
3190 2722 3624 2794 Hierosolymam

2052 2810 2349 2881 occupasti,
2379 2810 2630 2880 perfecta:
2657 2810 2808 2881 pacis
2831 2810 3028 2864 anima:
3043 2810 3325 2866 visionem.
3348 2811 3625 2866 Christum

2051 2902 2201 2972 pacis
2245 2903 2543 2974 principem
2584 2903 2754 2967 vides,
2797 2903 2984 2958 socius
3040 2901 3288 2958 laborum
3337 2904 3505 2966 illius,
3549 2903 3626 2957 uti

2053 2998 2336 3046 strenuum
2364 2990 2524 3046 docet
2553 2989 2781 3044 militem
2811 2987 3056 3053 eﬂ'ectus,
3093 2990 3342 3045 sensibus
3373 2989 3629 3045 omnibus

377 3080 514 3151 ἔρχῃ
537 3079 637 3148 (δεῖ
664 3077 773 3151 γάρ
791 3079 1102 3148 ὲπιτέμνειν
1128 3081 1219 3135 καὶ
1259 3079 1334 3151 μὴ
1370 3080 1605 3151 περισσὰ
1638 3080 1950 3149 σοφίζεσθαι

2052 3088 2104 3135 οι
2134 3079 2522 3160 cupiditatibus
2542 3094 2666 3135 cum
2691 3079 2839 3134 vitiis
2868 3091 2922 3134 et
2948 3080 3406 3148 concupiscentiis
3434 3082 3548 3136 suis
3574 3083 3627 3136 in

377 3173 516 3241 πρὸς
559 3169 748 3237 σοφίας
785 3169 1086 3232 ἀνάπλεων,
1125 3170 1356 3241 μάλιστα
1407 3170 1809 3235 ἐπιστέλλοντα,
1855 3170 1951 3226 καὶ

378 3265 598 3315 πάντων
619 3260 727 3314 τῶν
756 3261 896 3331 ὑπὲρ
926 3261 1070 3331 ἡμᾶς
1106 3261 1165 3313 ἐν
1202 3258 1401 3328 γνώσει
1437 3260 1785 3333 προῦχοντα),
1821 3262 1952 3334 περὶ

377 3347 464 3418 οὗ,
513 3349 667 3424 οἶμαί
717 3369 840 3417 που,
901 3354 1059 3422 ὅρους
1104 3351 1458 3423 καλλίδρομός
1511 3369 1597 3416 τις
1644 3351 1951 3408 ἀναϐαίνων

379 3447 565 3519 tle-{sv
589 3461 605 3476 °
640 3447 787 3514 Ὀρη
811 3444 884 3499 τὰ
917 3445 1131 3514 ὑψηλὰ
1159 3444 1288 3510 ταῖς
1313 3444 1582 3514 ἐλάφοις,
1609 3444 1807 3515 ψυχαῖς
1831 3445 1951 3506 ταῖς

380 3539 508 3599 τοὺς
539 3534 710 3607 θῆρας
735 3535 1170 3599 ἀναλισκούσαις.
1211 3535 1399 3605 Τούτῳ
1417 3535 1617 3601 τοίνυν,
1651 3535 1826 3605 τούτῳ
1857 3534 1952 3588 καὶ

380 3629 540 3691 αὐτὸς
565 3626 965 3699 συμπαραθέων
993 3628 1085 3682 καὶ
1128 3629 1630 3701 συμπαρομαρτῶν,
1669 3629 1804 3701 πρὸς
1851 3629 1951 3697 τὴν

380 3722 570 3775 τούτου
622 3719 780 3791 βάσιν
822 3719 1110 3791 ἐλήλυθας,
1163 3721 1471 3790 ἀνασλέψας
1515 3725 1594 3787 εἰς
1648 3720 1948 3794 οὐρανούς’

382 3812 546 3866 πάλιν
571 3811 679 3883 γάρ
697 3811 789 3866 τὸν
826 3810 921 3865 τοῦ
952 3811 1109 3883 λόγου
1135 3813 1302 3868 τύπον
1323 3813 1415 3867 ἐπὶ
1440 3812 1532 3867 τὸν
1559 3813 1716 3883 λόγον
1743 3813 1950 3884 ἀνάγω.

384 3905 698 3975 Εὐλόγησας
726 3904 852 3967 τοὺς
875 3902 1123 3975 μαθητὰς
1151 3906 1318 3975 ἡμᾶς,
1351 3905 1602 3974 ἑώρακας
1627 3903 1725 3977 τὴν
1754 3907 1952 3976 προσε-

383 3992 660 4064 ὕλημὲνην
698 3991 794 4045 καὶ
839 3992 1243 4062 ἐστηριγμένην
1281 3992 1388 4045 τῶν
1431 3991 1640 4062 ἀρετῶν
1679 3992 1949 4066 κλίμακα·

382 4081 567 4156 ἧσπερ
593 4083 735 4139 κατά
755 4082 853 4154 τὴν
874 4084 1032 4154 χάριν
1063 4082 1155 4136 τοῦ
1179 4083 1316 4137 Θεοῦ
1347 4085 1443 4153 τὴν
1465 4084 1713 4138 δοθεῖσάν
1736 4102 1820 4139 σοι
1838 4125 1853 4150 ,
1878 4084 1952 4150 ὡς

386 4177 549 4244 σοφὸς
576 4174 912 4246 ἀρχιτέκτων
946 4172 1194 4244 θεμέλιον
1216 4173 1465 4234 τέθεικας
1491 4190 1504 4203 ·
1538 4173 1737 4245 μᾶλλον
1766 4174 1823 4228 δὲ
1860 4176 1955 4229 καὶ

386 4267 660 4338 πλήρωμα
682 4281 695 4295 ο
721 4266 770 4318 εἰ
802 4265 897 4320 καὶ
917 4266 1063 4336 ἡμᾶς
1091 4266 1217 4328 τοὺς
1243 4264 1458 4335 εὐήθεις
1498 4266 1562 4318 ἐκ
1594 4282 1953 4338 ταπεινοφρο-

385 4359 553 4430 σύνης
582 4358 907 4429 βαλλόμενος
938 4356 999 4411 τὸ
1029 4357 1200 4428 στόμα
1239 4356 1394 4427 ἡμῶν
1424 4358 1482 4409 τὸ
1510 4357 1829 4429 ρυπαρῶδές
1869 4372 1954 4410 σοι

386 4451 525 4523 πρὸς
548 4448 638 4504 τδν
670 4450 761 4503 σὺν
788 4447 915 4504 λαὸν
943 4449 1140 4520 κιχρᾷν
1158 4451 1581 4520 τετυράννηκας.
1608 4449 1716 4502 Καὶ
1747 4448 1808 4502 οὗ
1827 4447 1959 4502 θαῦ-
1991 4433 2034 4488 1)

389 4558 503 4614 μα’
542 4539 772 4594 εἰθισται
809 4538 917 4609 γὰρ
947 4541 1041 4594 καὶ
1062 4540 1268 4609 Μωυσῇ
1303 4538 1441 4593 κατὰ
1471 4538 1563 4592 τὸν
1594 4538 1693 4610 τῆς
1719 4541 1959 4610 ἱστορίας

386 4636 451 4688 τύ
461 4652 578 4700 πον,
617 4634 940 4704 ἰσχνόφωνον
963 4634 1152 4688 ἑαυτὸν
1176 4633 1470 4689 ἀποκαλεῖν
1497 4635 1591 4688 καὶ.
1616 4635 1960 4707 βραδύγλωσ-

389 4745 481 4779 σον
502 4741 516 4754 ·
554 4725 668 4780 ἀλλ’
709 4727 912 4788 ἐκεῖνος
946 4724 1045 4794 μὲν
1086 4724 1294 4797 Ἀαρὼν
1334 4727 1559 4797 ἀρίστου
1594 4727 1824 4796 ἐπέτυχε
1866 4730 1960 4782 καὶ

387 4818 669 4886 λογοδὸτου
693 4818 788 4871 καὶ
816 4816 1156 4888 λεξιδρόμου.
1191 4818 1262 4870 Σὺ
1294 4818 1374 4883 δὲ,
1410 4812 1456 4871 ὧ
1492 4819 1691 4890 μύστα,
1721 4820 1821 4873 οὐκ
1863 4819 1959 4873 οἷδ’

386 4911 581 4965 ὁπόθεν
605 4911 705 4982 τὴν
732 4907 914 4979 ἄφιξιν
941 4911 1033 4963 ἐπὶ
1062 4910 1222 4964 τοῦτο
1252 4911 1557 4981 πεποίηκας
1594 4912 1730 4981 πρὸς
1774 4910 1960 4982 πηγὴν

388 5005 618 5075 ἄνυδρον
640 5003 734 5056 καὶ
753 5001 881 5072 ὅλην
905 5003 1217 5070 Αἰγυπτίων
1238 5001 1545 5073 βατράχων,
1574 5001 1773 5070 μᾶλλον
1794 5002 1851 5055 δὲ
1866 5002 1960 5055 ἀν-

390 5098 611 5169 θράκων
633 5096 711 5165 (α)
738 5094 1193 5166 πεπληρωμένην.
1230 5095 1379 5147 Ἑπεῖ
1419 5094 1474 5147 δὲ
1509 5096 1572 5146 οὺ
1598 5097 1679 5147 δ;ἰ
1716 5094 1792 5167 μὴ
1829 5111 1961 5148 κατ-

391 5190 724 5262 ειλημμένον
754 5205 822 5259 με
861 5190 949 5243 τὸν
983 5188 1172 5260 μῦθον,
1212 5180 1257 5241 ὦ
1304 5186 1689 5259 οὖρανοδρόμε,
1736 5187 1828 5240 τὸν
1867 5186 1960 5241 τοῦ

394 5284 490 5340 σοῦ
511 5282 708 5354 δρόμου
733 5282 792 5334 ιν
813 5275 890 5348 at}:
925 5280 1077 5350 μέσῳ
1096 5278 1462 5333 καταλιπόντα
1492 5277 1756 5349 οἴχεσθαι,
1801 5278 1961 5332 πάλιν

471 5472 491 5498 ι
519 5456 686 5514 Iosue
733 5473 815 5525 ut,
846 5466 873 5522 ν
903 5471 1058 5527 seqq.
1132 5467 1158 5497 ιι
1192 5453 1331 5511 Psal.
1373 5471 1449 5518 ix,
1497 5454 1551 5510 7.
1629 5454 1655 5494 ι’
1684 5454 1859 5510 Galat.
1900 5471 1947 5518 ι’,
1972 5455 2059 5509 24.

466 5617 509 5647 ⁸⁷
538 5615 638 5684 τῆς
688 5613 1034 5685 ἀνθρωπίνης
1072 5611 1239 5680 ζωῆς.

1316 5609 1367 5642 ⁸⁸
1424 5610 1741 5681 συσταυρῶο
1753 5628 1824 5665 1:.

503 5754 579 5818 (a)
604 5749 858 5824 'A-ﬂipre,
894 5764 1042 5810 caro.
1080 5759 1129 5805 et
1152 5744 1515 5803 carbunculus
1577 5745 1816 5801 morbus.

2051 3185 2214 3224 cruce
2234 3156 2500 3239 subigeris
2524 3169 2573 3224 δ.
2615 3167 2681 3222 Et
2711 3168 2906 3223 merito
2934 3182 3085 3234 sane,
3115 3184 3241 3223 cum
3267 3178 3323 3223 et
3351 3170 3463 3238 ipse
3485 3170 3631 3227 velut

2051 3259 2197 3316 Deus
2235 3272 2424 3316 contra
2469 3259 2808 3315 Pharaonem
2842 3260 3141 3330 copiasque
3182 3260 3301 3329 ejus
3336 3269 3392 3316 et
3444 3261 3630 3317 hostes

2051 3354 2332 3408 universos
2347 3353 2677 3410 constitutus
2689 3366 2750 3408 es
2762 3361 2784 3391 ο
2796 3350 2865 3406 αι.
2883 3352 2949 3407 Ει
2966 3367 3095 3407 vero
3109 3355 3354 3422 sepultus
3368 3355 3601 3422 quodam
3613 3385 3630 3394 -

2053 3444 2215 3500 modo
2252 3460 2376 3500 cum
2415 3444 2634 3500 Christo
2679 3442 2749 3498 ad
2800 3442 3006 3499 inferos
3037 3444 3091 3499 iu
3146 3459 3350 3507 rerum,
3382 3446 3626 3515 inquam,

2052 3535 2353 3590 cmlestium
2375 3545 2430 3589 et
2454 3548 2780 3589 arcanorum
2804 3533 3190 3603 mysteriorum
3219 3534 3628 3589 meditationem

2052 3633 2106 3679 et
2147 3624 2511 3695 cognitionem
2543 3622 2849 3689 descendis,
2896 3623 3192 3692 unguentis
3240 3639 3458 3694 quoque
3497 3625 3631 3679 deli-

2054 3718 2216 3773 butus
2243 3726 2298 3771 et
2334 3731 2363 3769 a
2395 3715 2640 3786 cognatis
2664 3715 2952 3778 matronis,
2988 3715 3277 3770 virtutibus
3324 3715 3444 3781 aio,
3488 3716 3632 3772 velut

2053 3817 2354 3864 aromatum
2425 3808 2638 3879 liquore
2707 3805 2966 3877 perfusus
3020 3808 3218 3862 odores
3270 3807 3526 3873 rcdoles,
3579 3818 3635 3863 et

2053 3900 2228 3969 spiras
2284 3898 2438 3969 (quid
2487 3899 2632 3953 enim
2665 3898 2842 3953 obstet
2887 3898 3185 3967 quominus
3229 3897 3466 3953 strictim
3516 3898 3633 3954 lucc

2053 4005 2474 4047 commemorem
2534 3998 2588 4045 et
2646 3988 2947 4059 exponam)
2978 4006 2991 4040 :
3024 3988 3113 4042 ubi
3154 3998 3208 4043 et
3258 3989 3311 4042 in
3369 3989 3508 4043 coelo
3566 3990 3632 4043 ad

2053 4084 2328 4137 dexteram
2356 4082 2512 4136 sedes
2536 4082 2590 4150 (ο
2619 4082 2931 4150 ριέοιοιτιιη
2965 4079 3231 4150 praedam!
3253 4078 3293 4149 ).
3320 4081 3560 4149 resurgis
3581 4089 3636 4133 et

2056 4176 2169 4244 ipse
2206 4185 2330 4244 post
2371 4172 2651 4238 triduum,
2705 4172 2807 4227 hoc
2836 4181 2958 4236 est,
2991 4172 3166 4227 tribus
3204 4171 3431 4227 devictis
3475 4170 3636 4242 500

2057 4267 2343 4338 tyrannis;
2388 4265 2469 4320 vel
2501 4275 2561 4320 ut
2605 4265 2836 4320 fortasse
2868 4280 2941 4317 rei
2965 4265 3072 4318 tius
3100 4263 3312 4333 loquar,
3358 4272 3482 4333 post
3513 4278 3634 4318 eor-

2060 4360 2210 4430 poris
2241 4365 2298 4413 et
2323 4357 2489 4412 animi
2525 4354 2969 4426 concupiscendi,
3006 4356 3251 4424 inquam,
3282 4355 3547 4410 irascendi
3580 4367 3635 4409 et

2062 4450 2417 4508 ratiocinandi
2448 4464 2642 4520 nempe
2671 4448 2941 4505 facultatis
2964 4447 3353 4517 expiationem.
3381 4447 3445 4500 ad
3475 4461 3633 4501 mou-

2062 4555 2168 4598 tetn
2212 4541 2406 4596 Oliveti
2452 4539 2603 4594 venis
2656 4543 2762 4605 (est
2808 4537 2953 4591 enim
3010 4534 3380 4604 abrumpenda
3429 4534 3630 4589 oratiu.

2063 4632 2361 4705 praesertim
2403 4630 2688 4701 epistolam
2716 4625 2961 4683 curanti
2986 4666 3000 4690 ,
3036 4640 3140 4678 nou
3173 4624 3427 4678 volumen
3465 4623 3635 4676 medi-

2062 4727 2214 4790 tanti,
2249 4739 2346 4780 nec
2377 4722 2517 4792 apud
2544 4720 2823 4792 sapientiae
2849 4716 3169 4787 magistrum
3202 4713 3359 4769 nobis
3382 4713 3636 4767 «ιηιιιὶιηιι,

2064 4822 2120 4875 in
2158 4831 2340 4873 rerum
2372 4816 2676 4871 divinarum
2706 4809 2931 4867 scicntia
2979 4805 3410 4879 praestantiorem
3440 4805 3632 4858 νου-ιω-

2063 4915 2178 4970 sius
2205 4907 2634 4981 disputandum),
2653 4905 2718 4961 de
2746 4917 2856 4973 quo
2884 4910 3067 4956 monte
3094 4898 3316 4968 quidam
3346 4896 3637 4966 pra-clarus

2064 5020 2275 5071 cursor,
2316 5017 2440 5059 cum
2482 5001 2535 5054 in
2560 5013 2687 5065 eum
2741 5004 3059 5068 properaret
3105 4994 3374 5049 canebat:
3429 4990 3635 5047 leum

2063 5098 2254 5152 excelsi
2291 5095 2456 5149 cervis
2482 5104 2528 5157 υ,
2584 5091 2685 5145 hoc
2713 5099 2799 5144 est
2842 5088 3113 5144 mentibus
3146 5086 3289 5142 feras
3318 5085 3635 5140 insectanti-

2069 5189 2191 5257 bus,
2224 5201 2346 5241 cum
2385 5186 2489 5238 huc
2536 5191 2591 5236 tu
2634 5194 2800 5252 prope
2831 5193 2997 5233 cursu
3026 5177 3331 5240 contendis,
3367 5175 3511 5228 hune
3540 5188 3635 5227 co-

2072 5282 2295 5334 mitatus
2332 5275 2532 5331 coelum
2576 5270 2823 5334 all'ectas,
2873 5270 3102 5340 ejusque
3141 5266 3367 5338 vestigia
3415 5264 3632 5334 premis.

2142 5454 2218 5493 ιτοά
2257 5453 2420 5508 Exod,
2448 5468 2541 5514 γη,
2573 5453 2593 5506 t
2632 5465 2784 5520 seqq.
2864 5459 2888 5487 ο
2931 5445 3068 5503 Psal.
3099 5458 3215 5509 cui,
3240 5442 3333 5499 l8.

1905 5614 1947 5644 CO
2004 5610 2372 5644 ove-rushr.u"s.9-

2004 5626 2400 5681 φημεςομενηί.
