4008 6148
1527 300 1585 361 S.
1630 298 1950 361 JOA‘NNIS
1997 297 2516 362 [{AITlIUENSIS

3518 296 3653 360 1212

3088 435 3624 471 π

975 439 3586 475 WW

1433 619 1956 767 SANCTI
2025 617 2627 736 JOANNIS

1666 847 1985 911 ABBATIS
2026 847 2373 922 RAYTHU,

717 1018 781 1077 ιη
827 1015 1023 1077 sancti
1067 1014 1350 1087 Joannis,
1397 1021 1823 1092 cognomento
1854 1011 2226 1076 Scholastici
2257 1030 2370 1076 seu
2401 1009 2652 1074 Climaci
2693 1009 3026 1075 Climacem
3057 1007 3330 1073 Scholia.

670 1329 800 1385 Car.
835 1328 855 1383 Ι
890 1328 967 1383 Au
994 1327 1221 1385 ϐειΑυωι
1250 1324 1422 1395 1(col.
1453 1323 1553 1382 63l
1584 1327 1671 1398 A).

464 1424 503 1478 Α
552 1423 662 1478 Deo
691 1424 804 1491 ipso
829 1437 1126 1487 sumamus,
1169 1430 1275 1476 etc.
1315 1420 1656 1490 Principium
1697 1420 1966 1489 omnium,

396 1517 536 1570 Deus
560 1525 666 1578 est,
708 1525 768 1569 ut
789 1523 1024 1577 creator,
1054 1513 1315 1578 medium,
1340 1524 1400 1568 ut
1432 1514 1703 1581 provisor,
1741 1514 1885 1579 linis,
1913 1523 1972 1569 ut

392 1608 664 1680 perfector
689 1627 702 1661 :
731 1625 761 1661 a
808 1621 919 1676 quo
955 1605 1219 1663 debemus
1252 1605 1432 1662 facere
1464 1620 1573 1661 non
1613 1606 1793 1661 solum
1821 1606 1971 1678 prin-

391 1700 596 1769 eipium
629 1698 921 1761 sermonis,
957 1697 1051 1754 sed
1096 1696 1437 1759 intentionis.
1469 1705 1524 1752 et
1551 1699 1751 1768 aperis,
1779 1706 1841 1751 ut
1871 1711 1970 1751 no-

391 1802 502 1845 stra
535 1799 753 1861 propter
784 1791 986 1858 ipsum,
1011 1798 1067 1843 et
1100 1790 1154 1842 in
1188 1789 1303 1858 ipso
1333 1787 1486 1842 ﬁaut.
1525 1788 1593 1841 Et
1628 1789 1828 1842 antica:
1853 1791 1973 1859 qui-

388 1884 506 1936 dem
543 1881 636 1935 D.:i
666 1897 684 1933 :
712 1894 945 1949 quorum
965 1879 1359 1949 experientiam
1391 1879 1591 1934 habent
1621 1881 1713 1949 qui
1747 1880 1970 1935 humilia

391 1974 631 2044 sapiunt.
671 1972 902 2041 Propter
926 1972 1247 2028 deleCtaliile
1286 1980 1465 2027 autem
1507 1972 1720 2029 amicus
1747 1971 1968 2040 dicitur,

390 2076 450 2121 ut
495 2075 710 2137 propter
748 2066 878 2121 utile
908 2077 961 2121 et
1011 2074 1228 2134 propter
1271 2065 1504 2131 bonum,
1540 2080 1733 2121 servus
1765 2075 1859 2120 :et
1883 2065 1971 2119 hic

388 2159 606 2229 quidem
640 2158 953 2214 conditione.
994 2169 1060 2213 et'
1090 2158 1388 2221 creatione,
1432 2167 1492 2212 ut
1531 2157 1716 2223 ﬁlius;
1766 2158 1873 2212 ﬁde
1917 2168 1973 2212 et

389 2251 825 2316 conversatione,
846 2258 903 2305 ut
928 2249 1130 2303 Paulus
1150 2259 1204 2304 et
1222 2248 1435 2320 Moyses
1465 2248 1596 2304 ;Per
1620 2252 1971 2307 obedientiam

389 2342 743 2396 indiscussam
766 2340 845 2410 (1)
877 2358 890 2392 :
917 2338 1289 2394 (ibcdientiam
1316 2338 1405 2393 hic
1428 2339 1561 2395 dicit
1582 2341 1967 2408 indiscussam,

387 2443 611 2504 propter
631 2433 752 2487 ﬁdei
785 2432 1172 2500 plenitudinem
1196 2440 1251 2487 et
1272 2432 1568 2488 voluntatis
1589 2432 1824 2502 propriae
1848 2448 1967 2503 pcr-

389 2525 585 2580 l‘ectam
628 2523 1122 2579 mortiﬁcationem.
1187 2524 1447 2579 Subtristi
1474 2524 1551 2597 (2)
1593 2535 1642 2580 et
1683 2526 1968 2595 perlucida:

385 2617 675 2670 nundinari
714 2636 726 2670 :
759 2614 1077 2672 Mmrentem
1110 2616 1283 2684 ipsam
1310 2617 1671 2671 humilitatem
1701 2628 1881 2683 vocat.
1913 2628 1967 2675 et

384 2712 746 2763 tentationum
780 2718 833 2763 et
881 2723 1167 2779 pcenarum
1215 2709 1703 2778 supportatiouem,
1749 2722 1969 2782 propter

390 2800 626 2856 tristium
659 2801 1056 2867 sull'crcntiam,
1090 2811 1145 2856 et
1171 2803 1550 2866 adversitates,
1582 2814 1638 2858 et
1670 2818 1881 2873 poenas,
1912 2815 1968 2860 et

387 2908 676 2964 pressurus
698 2936 712 2959 ,
769 2904 825 2949 et
869 2893 1120 2949 utilitatis
1148 2894 1389 2949 studium
1412 2935 1425 2959 ,
1458 2902 1513 2949 et
1555 2896 1964 2966 castigationem

386 2990 660 3059 corpmis,
699 2999 754 3044 et
798 2989 1117 3043 memoriam
1159 2989 1354 3042 mortis
1386 3008 1397 3041 :
1428 2988 1802 3057 splendentem
1837 3005 1965 3045 vero

388 3081 634 3136 eamdem
675 3081 839 3142 dicit,
882 3088 1103 3149 propter
1141 3094 1328 3147 pacein
1375 3081 1746 3144 intrinsecam,
1788 3082 1963 3136 virtu-

382 3181 498 3226 tum
530 3172 802 3235 decorem,
829 3170 1096 3225 desideria
1126 3170 1387 3235 emlestia,
1421 3187 1571 3241 spem
1613 3182 1963 3238 meritorum,

384 3262 704 3317 charitatcm
739 3264 789 3316 in
831 3262 1021 3326 Deutu,
1065 3271 1119 3316 et
1146 3261 1459 3332 dignitatem
1492 3278 1653 3333 quam
1687 3264 1802 3319 suis
1833 3279 1963 3334 pos-

385 3356 690 3411 sessoribus
730 3356 1012 3425 elargitur.
1071 3353 1307 3410 utereris
1348 3366 1513 3409 etiam
1565 3366 1651 3411 est
1686 3358 1962 3412 humilitas

387 3449 589 3519 tepidis
624 3461 674 3502 et
714 3447 1134 3518 negligentibus,
1187 3450 1280 3519 qui
1324 3448 1378 3504 in
1413 3449 1691 3504 laboribus
1727 3460 1780 3504 et
1807 3450 1962 3505 dolo-

387 3544 536 3594 ribus
564 3550 780 3610 propter
813 3542 978 3595 Deum
1016 3550 1382 3606 murmurant,
1418 3542 1732 3608 anxiantur,
1773 3550 1828 3597 et
1864 3545 1962 3597 do-

385 3632 500 3687 lent
550 3651 562 3685 :
618 3635 908 3703 splendens
954 3649 1104 3700 vero,
1155 3644 1420 3700 mortem,
1468 3643 1523 3690 ct
1563 3635 1960 3702 adversitates,

383 3735 437 3780 et
468 3727 723 3798 martyris
755 3727 1107 3798 diligentibus
1130 3737 1349 3800 propter
1386 3729 1687 3795 Christum,
1722 3738 1777 3785 et
1819 3731 1962 3783 utili-

384 3826 547 3871 tatem
590 3816 998 3873 tribulationum
1029 3827 1083 3874 et
1111 3819 1360 3874 dolorum
1391 3832 1445 3875 et
1483 3822 1676 3874 mortis
1721 3820 1960 3877 suﬂ‘crre

384 3923 445 3964 se
479 3911 956 3977 cognoscentibus,
991 3921 1209 3983 propter
1240 3911 1504 3982 Spiritum
1526 3922 1800 3968 sanctum.
1834 3914 1960 3982 Spi-

2009 1337 2051 1394 Λ
2084 1327 2367 1396 proﬁtetur
2400 1326 2767 1398 evangelicam
2806 1336 2860 1382 et
2909 1325 3214 1397 religiosam
3253 1329 3419 1377 vitam
3453 1332 3507 1378 et
3561 1342 3649 1381 ar-

2072 1426 2205 1484 tem,
2238 1428 2290 1473 et
2318 1419 2612 1481 mundane,
2647 1428 2704 1474 et
2741 1416 2961 1472 resolut.
2986 1462 3000 1482 ,
3038 1417 3093 1470 in
3124 1416 3356 1480 deliciis,
3405 1428 3459 1471 et
3501 1434 3651 1474 reso-

2074 1507 2374 1563 lutionibus
2420 1517 2476 1562 et
2516 1508 2967 1563 delectationibus
3016 1511 3141 1562 vitae
3198 1507 3451 1572 labentis,
3490 1509 3651 1564 latam

2073 1600 2217 1654 viam
2266 1600 2501 1671 diligens
2527 1611 2907 1657 conversatur.
2942 1598 3145 1671 Impius
3183 1608 3265 1656 est
3291 1616 3509 1672 quoque
3557 1605 3651 1673 qui

2074 1706 2183 1745 non
2217 1692 2504 1761 proﬁtetur
2551 1691 2923 1761 evangelicum
2954 1690 3121 1745 vitam
3158 1698 3376 1760 prOptcr
3402 1691 3655 1746 humana:

2076 1784 2375 1852 prudentia:
2399 1784 2797 1854 insipientiam,
2818 1783 2972 1854 juxta
3014 1783 3142 1838 illttd
3175 1800 3192 1838 :
3231 1783 3378 1838 Dixit
3403 1786 3653 1854 insipiens

2072 1877 2127 1928 in
2157 1875 2312 1930 corde
2331 1892 2428 1931 suo
2456 1876 2496 1943 ⁸,
2527 1884 2661 1941 etc.,
2693 1875 2821 1947 quia
2858 1875 2946 1931 hic
2972 1875 3094 1930 talis
3124 1875 3357 1932 honorat
3378 1887 3434 1931 et
3463 1892 3654 1948 apprc-

2073 1968 2237 2024 tiatur
2273 1969 2603 2024 creationem
2634 1972 2817 2039 potius
2854 1982 3018 2039 quam
3064 1967 3403 2025 Creatorem.
3442 1968 3543 2024 Dei
3588 1987 3648 2023 a-

2074 2071 2249 2114 mator
2277 2071 2352 2117 est
2380 2078 2399 2115 :
2429 2059 2791 2117 diﬂerentiam
2827 2059 3064 2117 ostendit
3096 2059 3188 2115 Dei
3228 2060 3555 2126 dilectionis,
3598 2073 3653 2119 et

2073 2152 2352 2217 monachi,
2377 2153 2587 2207 scilicet
2627 2160 2945 2208 sanctorum
2985 2151 3328 2207 saecularium
3356 2166 3412 2207 et
3441 2154 3651 2209 ordinis

2070 2246 2485 2316 conjugatorum
2537 2253 2594 2301 et
2648 2244 2994 2316 perfectioris
3043 2247 3459 2303 monachorum.
3513 2246 3652 2305 Dicit

2069 2352 2199 2406 ergo
2231 2339 2298 2392 de
2350 2337 2599 2392 saeculari
2629 2347 2821 2394 sancto
2859 2356 2872 2391 :
2925 2336 3018 2393 Dei
3071 2347 3281 2393 amator
3331 2349 3436 2405 est,
3466 2341 3561 2410 qui
3594 2340 3647 2395 in

2069 2431 2270 2486 mundo
2300 2429 2658 2500 corporaliter
2697 2429 2908 2495 vivens,
2947 2444 3057 2485 non
3088 2433 3462 2487 communicat
3490 2448 3648 2487 aver-

2069 2522 2319 2577 sionibus
2342 2537 2465 2592 qua:
2505 2529 2635 2577 sunt
2661 2529 2852 2577 contra
2878 2529 3157 2589 naturam,
3182 2539 3309 2578 cum
3347 2532 3556 2580 motum
3593 2535 3648 2580 et

2069 2617 2315 2672 ordinem
2347 2617 2440 2688 qui
2469 2625 2553 2672 est
2574 2617 2876 2673 secundum
2912 2628 3188 2685 naturam,
3216 2621 3312 2676 sed
3337 2618 3434 2676 Dei
3457 2621 3648 2678 volun-

2073 2719 2240 2764 tatem
2276 2710 2535 2766 omnihus
2565 2710 2854 2779 praeponit,
2892 2710 3079 2767 imitus
3121 2711 3323 2768 Christi
3370 2715 3643 2768 charitati.

2073 2800 2339 2870 Perpetua
2372 2811 2581 2855 natura:
2602 2802 2869 2857 uiolentia.
2906 2801 2964 2857 ιη
2992 2812 3187 2858 natura
3210 2805 3485 2870 rationali,
3514 2804 3647 2860 all‘e-

2068 2896 2276 2950 ctioncs
2316 2903 2370 2950 et
2403 2893 2752 2949 habitudines
2785 2902 2913 2950 sunt
2942 2911 2956 2948 :
2988 2894 3217 2961 scilicet,
3262 2895 3315 2950 in
3366 2896 3646 2961 irascihili,

2068 2986 2241 3053 furor,
2272 2987 2374 3047 ira,
2413 2986 2735 3057 indignatio,
2762 2985 2936 3053 livor;
2966 2988 3021 3040 in
3047 2986 3481 3058 concupiscibili,
3503 2989 3647 3045 dele-

2067 3080 2255 3141 ctatio,
2281 3079 2633 3146 desiderium,
2664 3079 2909 3135 tristitia.
2951 3078 3054 3134 Ista
3088 3079 3254 3151 igitur
3287 3095 3644 3151 superaseen-

2066 3166 2235 3227 deus.
2288 3180 2537 3224 naturam
2575 3169 2799 3224 omnino
2860 3171 3097 3241 negavit.
3152 3171 3461 3242 Quicunque
3511 3188 3646 3242 pm-

2065 3263 2226 3314 sentis
2258 3262 2381 3316 vim
2409 3278 2427 3316 :
2458 3259 2592 3317 Tres
2618 3263 2948 3319 intentiones
2974 3263 3341 3321 recedentium
3367 3278 3396 3317 a
3421 3264 3642 3333 mundo,

2067 3353 2238 3408 tribus
2275 3354 2859 3418 abrenuntiationibus,
2887 3363 2940 3410 et
2963 3356 3136 3412 tribus
3156 3355 3271 3412 Deo
3292 3358 3642 3413 servientium

2067 3445 2323 3513 gradibus
2379 3447 2752 3510 concordant,
2804 3447 2960 3517 juxta
3007 3463 3264 3519 magnum
3322 3448 3642 3518 Gregorium

2066 3536 2396 3608 Theologum
2431 3539 2520 3607 qui
2549 3539 2677 3593 dicit
2709 3557 2722 3592 :
2756 3537 2883 3594 Tres
2919 3543 3100 3610 utique
3136 3557 3227 3611 ego
3276 3543 3395 3595 novi
3433 3543 3642 3597 ordines

2062 3632 2455 3694 salvandorum,
2491 3631 2781 3697 servitutis,
2831 3633 3086 3687 mercedis
3120 3673 3134 3695 ,
3164 3645 3217 3688 et
3251 3634 3549 3701 ﬁliatiouis.
3574 3664 3645 3674 -—

2063 3720 2309 3776 Imitetur
2338 3723 2382 3777 is
2401 3725 2513 3795 qui,
2541 3736 2646 3779 etc.
2694 3722 2791 3780 Hic
2812 3724 2966 3794 juxta
2992 3726 3143 3781 illum
3167 3740 3421 3798 magnum
3436 3743 3643 3794 senem,

2069 3815 2162 3884 qui
2211 3825 2624 3871 monumentum
2659 3817 2763 3872 sibi
2808 3828 2858 3874 et
2918 3833 3020 3874 suo
3069 3817 3339 3891 discipulo
3374 3819 3539 3889 fecit,
3587 3833 3644 3878 ut

2063 3911 2240 3977 ipsum
2290 3908 2356 3963 ad
2409 3909 2615 3965 luctum
2665 3909 2967 3978 induceret,
3008 3920 3064 3968 et
3095 3914 3345 3982 exemplo
3388 3924 3445 3969 et
3481 3914 3645 3970 verbo

386 4002 673 4056 ritualibus
723 4002 922 4058 tabulis
951 4019 970 4057 :
991 4004 1146 4069 dicit,
1176 4014 1398 4075 propter
1450 4006 1691 4070 ﬁrmum,
1726 4007 1958 4062 solidum
1989 4008 2031 4065 C
2063 4001 2302 4068 doceret,
2327 4005 2428 4059 iste
2468 4015 2692 4061 sanctus
2723 4005 2965 4076 loquitur
2996 4026 3009 4061 :
3043 4015 3098 4061 et
3141 4008 3194 4063 in
3233 4010 3486 4078 praesenti
3519 4025 3642 4080 spe-

385 4102 439 4146 et
475 4094 814 4149 imlclcbilem
849 4096 1253 4163 characterem;
1295 4098 1511 4163 chartis,
1552 4108 1770 4169 progiter
1805 4116 1964 4154 inun-

389 4184 541 4251 dum,
574 4198 806 4252 castum,
838 4199 1183 4245 mansuetum
1214 4201 1270 4245 et
1291 4189 1512 4246 humile.
1535 4208 1664 4253 cor;
1711 4191 1964 4248 Volunta—

385 4288 435 4334 u
474 4290 524 4335 et
569 4281 733 4335 libero
773 4281 1047 4337 arbitrio:
1102 4284 1294 4339 electio
1345 4297 1394 4337 et
1451 4285 1700 4341 \oluntas
1752 4289 1961 4341 arbitrii

383 4371 659 4438 diﬂ‘eruut,
711 4373 836 4444 quia
877 4375 1129 4430 voluntas
1172 4385 1251 4431 est
1288 4377 1630 4446 pessiliilium
1666 4387 1719 4431 et
1755 4380 1961 4445 impos-

384 4464 645 4533 sibilium,
671 4466 866 4522 electio
887 4476 1096 4521 tantum
1131 4467 1472 4536 possibiliqu
1510 4486 1523 4522 :
1556 4469 1789 4540 denique
1834 4472 1959 4540 quia

382 4558 637 4613 voluntas
669 4570 753 4614 cst
805 4560 1039 4616 maxime
1071 4563 1233 4625 ﬁnis;
1273 4562 1465 4615 electio
1512 4570 1727 4628 autem,
1772 4578 1958 4617 eorum

381 4666 504 4721 (ιιιω
531 4662 657 4707 sunt
682 4652 746 4706 ad
775 4654 931 4708 liuent
965 4671 978 4705 :
1022 4653 1273 4708 Omnibus
1298 4656 1421 4708 rita.
1454 4653 1767 4710 Secundqu
1797 4657 1959 4711 ratio-

380 4761 508 4799 nein
563 4746 854 4801 creatiouis
905 4754 962 4800 et
1001 4745 1356 4815 providentia:
1397 4744 1663 4802 factorum
1690 4788 1708 4815 ,
1758 4749 1959 4804 dicitur

385 4834 529 4892 Deus
559 4835 891 4892 credentium
925 4853 1052 4893 vero
1085 4836 1453 4893 obedientium
1499 4849 1553 4893 et
1595 4840 1958 4911 diligentium,

381 4928 711 4984 excellenter
744 4929 948 4985 dicitur
977 4931 1107 4995 vita,
1149 4939 1203 4984 et
1237 4929 1408 4996 salus,
1444 4930 1600 4998 juxta
1638 4932 1765 4986 illud
1798 4951 1811 4985 :
1846 4933 1959 5004 Ego

382 5037 504 5075 sum
538 5019 680 5078 Deus
707 5024 1001 5089 Abraham,
1030 5022 1181 5078 Isaac
1223 5035 1278 5079 et
1307 5021 1479 5078 Jacoh
1532 5023 1734 5090 Impius
1768 5038 1841 5080 est
1865 5027 1959 5078 lia-

383 5132 468 5169 me
496 5130 514 5167 :
546 5114 790 5171 deﬁnitio
824 5118 896 5187 pii
923 5118 1305 5172 manifestatur
1330 5117 1384 5173 iu
1416 5119 1732 5173 deﬁnitione
1760 5121 1909 5190 impii
1940 5136 1955 5187 ;

380 5216 435 5260 ct
469 5206 653 5276 iojttsti
684 5208 949 5273 deﬁnitio,
976 5211 1031 5265 in
1055 5209 1519 5280 delinitionejusti
1554 5230 1565 5263 :
1599 5212 1724 5267 licet
1748 5215 1840 5283 qui
1875 5225 1955 5269 est

382 5301 498 5353 sine
524 5300 659 5370 lege,
701 5302 783 5356 vel
822 5290 954 5374 legis
991 5305 1395 5372 przetariczator,
1437 5304 1651 5358 dicatur
1693 5306 1951 5373 iniquus;

384 5389 617 5457 inittsws
654 5408 783 5446 vero
814 5392 945 5465 legis
982 5404 1209 5459 natura‘,
1267 5404 1321 5450 et
1349 5396 1603 5466 scriptae.
1658 5404 1714 5451 et
1745 5398 1949 5466 gratim,

382 5480 881 5545 prm'aricatiouem
931 5480 1190 5538 insinuat.
1248 5482 1447 5552 Impius
1496 5494 1580 5536 est
1626 5484 1807 5554 igitur,
1857 5486 1949 5552 qui.

458 5637 655 5691 ’l’sol.
728 5653 842 5702 xm,
901 5642 949 5694 Ι.

458 5790 534 5854 {li
560 5792 771 5846 Liuius
811 5808 855 5843 νε
878 5805 961 5847 tus
985 5795 1270 5866 interpr-:5,
1305 5812 1402 5849 non
1429 5797 1830 5852 discernentem.

2063 4094 2351 4149 eulatiouis
2410 4095 2576 4148 verbo
2625 4096 2879 4159 ostendit,
2916 4096 3046 4166 quia
3094 4097 3273 4153 luctus
3305 4098 3641 4166 sanctiﬁcat,

2063 4194 2342 4255 operatur,
2378 4195 2432 4240 et
2456 4187 2715 4254 custodit,
2740 4198 2793 4242 et
2821 4189 3172 4243 annuutiator
3194 4188 3365 4244 beata:
3393 4189 3644 4258 itnpassi-

2067 4280 2288 4332 Iiilitatis
2324 4280 2555 4335 exsistit.
2608 4279 2916 4351 Quicunque
2955 4297 3019 4334 ea:
3057 4280 3289 4353 zEgyplo
3321 4283 3587 4353 egreditur
3615 4300 3633 4335 :

2062 4382 2270 4440 oportet
2300 4389 2424 4429 eum
2453 4375 2545 4444 qui
2576 4375 2779 4430 mundo
2820 4375 3188 4437 ahrenuutiat,
3220 4388 3564 4444 perseverum
3586 4377 3640 4429 iu

2062 4468 2331 4522 eo‘oohio.
2363 4467 2420 4521 Si
2445 4483 2572 4521 vero
2603 4484 2708 4521 non
2745 4467 2796 4521 in
2827 4467 3075 4522 cuinobio
3110 4468 3475 4535 ahrenuotiat,
3513 4478 3643 4523 tunc

2062 4575 2285 4615 necesse
2316 4561 2495 4624 habet,
2531 4559 2633 4616 sub
2668 4560 2928 4631 magistro
2973 4571 3029 4615 et
3072 4572 3221 4631 patre
3269 4560 3535 4630 spirituali
3567 4562 3641 4617 iu-

2063 4650 2291 4707 fonuari
2340 4652 2405 4706 ad
2441 4652 2918 4706 mortiﬁcationem
2962 4654 3197 4722 propriae
3239 4652 3554 4720 voluntatis,
3587 4660 3642 4708 et

2061 4760 2274 4799 morum
2300 4745 2679 4806 directionem.
2715 4754 2769 4800 et
2794 4746 3137 4815 disciplinam
3175 4746 3521 4801 discretionis
3544 4761 3639 4802 co-

2060 4838 2384 4908 gitationum
2428 4851 2482 4891 et
2513 4838 2803 4907 spirituum
2840 4856 2851 4890 :
2882 4838 2985 4892 hoc
3013 4837 3157 4892 enim
3211 4839 3405 4907 probat
3436 4848 3491 4893 et
3521 4839 3638 4893 lau-

2060 4930 2149 4985 dat
2188 4945 2281 5000 per
2322 4928 2491 4984 Musis
2523 4931 2791 5000 exeinpla,
2837 4942 2891 4986 et
2923 4928 3310 4997 lsraelitarum,
3341 4941 3395 4987 et
3437 4934 3636 5003 angeli,

2058 5032 2111 5077 et
2143 5022 2258 5078 Lot.
2315 5023 2448 5077 Nam
2496 5024 2541 5078 si
2592 5026 2738 5093 quis,
2768 5024 2820 5078 in
2859 5025 3068 5080 artibus
3106 5023 3337 5081 faciliter
3379 5028 3497 5082 siue
3521 5043 3638 5081 ma-

2058 5121 2227 5186 gistro
2281 5132 2387 5172 nou
2412 5117 2683 5189 dirigitur,
2716 5120 2889 5174 multo
2929 5121 3105 5191 magis
3142 5121 3196 5175 in
3252 5122 3352 5177 hac
3397 5133 3512 5177 arte
3549 5136 3637 5173 ar-

2059 5211 2215 5270 tium,
2248 5211 2508 5280 magistro
2534 5210 2837 5281 indigemus
2860 5220 2915 5267 et
2940 5212 3098 5274 duce;
3137 5212 3440 5268 humilitate
3473 5213 3639 5283 igitur

2059 5317 2197 5372 opus
2245 5311 2349 5367 cst,
2390 5311 2444 5357 et
2468 5304 2768 5373 praesertim
2813 5305 3158 5363 orationibus
3204 5307 3446 5376 Patrum,
3481 5308 3640 5365 abre-

2059 5395 2368 5450 nuutiantcs
2398 5396 2598 5450 st'eculo
2635 5395 2895 5468 indigent.
2938 5397 3075 5453 Dicit
3102 5399 3265 5470 igitur
3281 5412 3451 5471 pater,
3495 5417 3637 5469 quo-

2059 5489 2203 5542 niam
2232 5489 2694 5555 abrenuntiantes,
2718 5494 2810 5562 qui
2838 5492 2983 5547 vitiis
3009 5491 3383 5562 spiritualihus
3402 5496 3635 5567 (utputa,

2115 5802 2189 5871 t2)
2239 5802 2402 5867 ltlcnz,
2445 5802 2699 5856 iumenti.
