4008 6148
422 346 560 415 1213

1610 369 1923 431 SCHOLH
1966 371 2044 430 Ν
2086 373 2494 438 CLIMACUM.

3548 384 3680 448 ωτι

419 464 693 536 superbia,
727 484 862 524 vana
905 473 1098 543 gloria,
1143 474 1363 544 invidia,
1411 482 1619 549 acedia,
1651 488 1902 550 elatione,
1944 496 1996 541 ct
2024 492 2069 547 Α
2100 489 2325 563 Signum
2342 493 2736 564 quoqueestde
2753 495 3256 563 contingentibusct
3272 497 3674 565 verisimilibus,

422 557 665 630 tristitia,-
694 563 1075 634 molestantur,
1123 569 1367 641 indigent
1406 587 1735 647 praeceptore
1761 588 1816 634 et
1863 580 2001 637 duce

422 655 891 723 mansuetissimo,
932 668 984 713 et
1029 662 1395 727 misericordi,
1441 669 1537 737 qui
1583 686 1773 740 parum
1814 673 1999 729 indul-

419 754 543 815 goat
574 750 747 812 carni,
783 759 841 803 ut
882 765 989 806 non
1026 761 1278 825 tanquam
1327 759 1660 818 abstinentes
1697 774 1751 818 ct
1786 769 2000 822 studio--

419 840 465 892 si
490 841 729 911 amplius
753 845 1088 901 extollantur
1117 869 1129 901 :
1160 858 1216 905 ct
1246 866 1638 923 comparantur
1669 859 1782 923 isti,
1813 876 1998 933 egres-

420 934 496 989 sis
527 951 591 990 ει
625 935 879 1012 Αἰεγριο,
908 942 1013 997 sub
1044 942 1245 1015 Moyse.
1281 946 1384 1014 Qui
1416 966 1544 1006 vero
1572 955 1886 1010 carnalibus
1920 957 2000 1012 vi-

420 1026 509 1082 tiis
552 1027 779 1099 (scilicet
825 1035 974 1103 gula,
1015 1036 1252 1105 luxuria,
1288 1042 1538 1112 avaritia)
1587 1045 1993 1118 impugnantur,

421 1117 668 1190 indigent
712 1124 852 1181 duce
904 1129 1124 1185 homine
1174 1132 1500 1203 abstinente,
1533 1117 1772 1205 austero,
1826 1151 1879 1197 et
1914 1144 1997 1198 iii-

418 1220 784 1287 compassivo,
813 1223 978 1279 vitam
1011 1228 1332 1299 angelicam,
1366 1231 1485 1287 sine
1527 1248 1689 1291 carne
1718 1234 1831 1293 fere
1873 1254 1996 1308 per-

418 1314 709 1382 ticicntem,
744 1322 837 1389 qui
870 1336 965 1390 per
987 1324 1259 1393 ieiunium
1283 1336 1335 1381 et
1360 1331 1738 1388 austeritatem
1771 1349 1991 1390 carnem

417 1406 669 1477 castiget,
716 1423 769 1464 et
810 1412 942 1467 vitia
984 1418 1316 1473 mortilicet:
1363 1427 1418 1473 et
1466 1421 1838 1479 assimilantur
1881 1427 1989 1493 isti,

413 1503 647 1567 egressis
674 1502 740 1558 de
782 1504 1040 1573 Sodoma,
1073 1514 1224 1567 etab
1255 1515 1449 1584 angelo
1489 1515 1730 1573 directis.
1768 1518 1991 1575 Macella

415 1604 682 1647 assuetum
730 1614 909 1653 curtum
941 1616 961 1654 :
1004 1617 1191 1657 canem
1233 1606 1400 1671 dicit,
1449 1618 1686 1666 mentem
1738 1612 1986 1669 vitiosam

413 1695 634 1755 propter
660 1693 1091 1758 perinanentiam
1125 1696 1181 1751 in
1206 1699 1625 1768 cogitationibus
1658 1705 1795 1775 gula:
1818 1716 1872 1762 et
1902 1707 1985 1762 lu-

2102 598 2479 654 arguutentum
2508 604 2634 643 vero
2674 589 2740 643 de
2771 592 3226 657 consequentibus
3256 600 3523 645 naturam.
3577 592 3674 643 l'er

2100 679 2265 731 aliam
2295 688 2505 747 portant
2533 698 2551 735 :
2583 680 2762 748 Dicit,
2813 682 3037 751 quinam
3070 697 3351 748 sensuum,
3390 700 3483 754 per
3534 700 3676 753 quos

2100 785 2255 827 mens
2285 774 2404 828 sine
2438 775 2631 830 timore
2655 776 2879 846 degens,
2920 792 3012 844 per
3054 775 3377 831 oblivionem
3409 785 3464 830 et
3506 777 3674 845 negli-

2098 864 2358 934 gentiam,
2407 875 2462 921 et
2497 868 2699 922 diaboli
2754 869 2985 923 insidias
3015 877 3337 938 capt-ratur,
3375 869 3536 932 unde,
3581 887 3674 939 per

2098 957 2327 1027 gratiam
2353 959 2533 1013 denuo
2556 976 2752 1014 sensus
2778 961 3129 1025 mortiﬁcans,
3155 970 3221 1015 ab
3243 962 3673 1017 insensibilitatis

2097 1065 2215 1105 sum
2243 1064 2462 1106 carcere
2487 1051 2711 1106 liberata
2751 1053 3006 1122 resurgit.
3042 1052 3146 1116 Qui
3185 1070 3251 1107 ca.
3278 1052 3460 1106 timore
3483 1068 3499 1103 :
3524 1050 3672 1116 Quo—

2098 1142 2243 1196 niam
2295 1143 2676 1200 intellectualis
2719 1145 2935 1198 timoris
2993 1145 3236 1215 Operatio
3292 1145 3491 1214 duplex
3549 1158 3669 1208 e51,

2096 1233 2218 1291 ideo
2264 1236 2463 1292 dicitur
2511 1237 2677 1293 timor
2704 1238 2900 1312 duplex
2951 1256 2964 1291 :
3003 1238 3212 1306 scilicet
3256 1238 3576 1306 purgativus
3618 1248 3671 1291 rt

2093 1328 2439 1397 perfectivus.
2468 1329 2564 1384 llic
2587 1345 2734 1394 vero,
2763 1330 2829 1384 de.
2847 1332 3150 1401 purgativo,
3190 1329 3348 1385 Pater
3374 1331 3475 1386 istc
3497 1331 3672 1396 loqui-

2094 1430 2203 1483 tur,
2253 1424 2412 1493 cujus
2448 1424 2764 1492 operatione
2814 1425 3255 1494 compungimur,
3290 1434 3345 1478 et
3380 1425 3446 1478 ad
3483 1425 3668 1479 odium

2092 1515 2339 1571 omnium
2387 1517 2683 1573 visibilium
2720 1525 2776 1571 et
2812 1517 3341 1584 eoneupiscibilinm.
3384 1527 3436 1572 et
3469 1519 3667 1587 propiii

2089 1608 2373 1677 corporis,
2423 1617 2479 1662 et
2518 1608 2751 1678 propriae
2796 1608 3091 1661 voluntatis
3140 1607 3460 1671 incitamur,
3502 1619 3555 1661 et
3602 1611 3669 1662 ad

2088 1701 2358 1771 agendum
2400 1701 2808 1770 pmnitentiam,
2856 1710 2910 1753 et
2941 1701 3202 1755 nmndum
3254 1701 3667 1769 relinquendum

415 1778 585 1834 suria:
612 1798 643 1835 a
674 1784 988 1853 metaphora
1022 1790 1176 1846 canis
1214 1807 1337 1861 qua;
1368 1807 1611 1851 moratur
1634 1799 1689 1851 in
1724 1801 1987 1868 macellis,
2020 1837 2065 1895 Β
2096 1795 2432 1862 animamur,
2458 1802 2514 1849 et
2545 1793 2930 1855 sollicitudine,
2958 1803 3012 1848 et
3035 1792 3219 1848 studio
3249 1792 3556 1861 impletuur,
3599 1794 3667 1847 ad

412 1871 539 1941 quia
561 1873 704 1928 sicut
733 1874 821 1929 illa
850 1886 1154 1936 stercorosa
1180 1884 1499 1943 animalium
1547 1889 1804 1947 intestina
1845 1909 1990 1949 com-

409 1963 577 2020 edens
608 1983 713 2022 non
764 1971 988 2040 recedit,
1028 1974 1099 2029 ita
1132 1991 1289 2034 mens
1335 1981 1525 2050 gulosa
1570 1994 1623 2038 et
1668 1983 1985 2055 fornicaria,

407 2075 516 2113 non
547 2071 727 2131 potest
765 2066 834 2120 ab
880 2066 966 2123 his
997 2070 1145 2127 vitiis
1177 2077 1507 2131 stercorosis
1553 2078 1832 2135 abstinere
1880 2082 1986 2139 nisi

408 2153 602 2223 (gratia
634 2154 726 2211 Dei
754 2160 1049 2233 praeventa)
1074 2164 1129 2218 in
1157 2163 1492 2236 fatigatione,
1525 2169 1744 2241 vigiliis,
1779 2172 1982 2242 labore,

406 2245 598 2302 dolore
638 2258 692 2304 et
738 2251 887 2307 luctu
944 2253 1351 2325 indesinenter,
1397 2261 1633 2331 seipsam
1679 2266 1985 2323 exercitatis

407 2338 691 2396 violenter.
724 2340 858 2398 Nam
887 2344 1029 2400 sicut
1049 2358 1345 2406 amatorem
1369 2353 1576 2409 macelli
1610 2355 1807 2425 primo,
1831 2367 1984 2428 post-

405 2445 471 2484 ea
515 2441 815 2488 amatorem
865 2451 1117 2494 escarum
1153 2443 1350 2510 ponit:
1385 2444 1458 2498 ita
1481 2445 1760 2520 subiungit
1786 2451 1982 2519 prium,

405 2534 705 2579 amatorem
726 2529 1013 2596 castitatis,
1035 2539 1089 2586 et
1114 2543 1323 2602 postea,
1355 2547 1656 2595 amatorem
1685 2541 1985 2611 cujuscun-

404 2630 513 2685 que
542 2618 892 2676 visitationis.
926 2622 1270 2682 Manifestum
1290 2638 1374 2685 est
1397 2631 1564 2699 enim,
1593 2635 1849 2704 quoniam
1873 2637 1983 2691 for-

406 2711 607 2766 nicatio
627 2715 923 2784 opponitur
956 2718 1213 2786 castitati,
1249 2720 1391 2776 sicut
1425 2725 1597 2781 amori
1634 2725 1978 2794 visitationis.

401 2821 558 2859 amor
624 2822 896 2862 escarum.
951 2808 1174 2881 Oportet
1236 2814 1401 2885 igitur
1445 2826 1679 2874 mentem
1726 2824 1981 2878 amabilia

402 2895 513 2951 Deo
546 2900 834 2971 inspicere,
859 2913 914 2959 et
960 2905 1244 2975 diligihilia
1291 2909 1490 2965 anima:
1530 2912 1829 2968 secundum
1857 2931 1978 2969 car-

401 3005 547 3059 nem,
576 2993 846 3061 abnegare
871 3013 885 3047 :
909 3008 963 3053 et
993 2998 1088 3060 ita,
1127 2999 1573 3058 deliberationem
1601 3007 1811 3060 arbitrii
1839 3023 1979 3078 pun-

400 3100 527 3154 gere
559 3089 626 3141 ad
656 3090 1086 3159 assumptionem
1111 3094 1495 3164 castigantiuin
1526 3114 1768 3166 carnem,
1806 3112 1857 3156 et
1886 3118 1981 3172 per

398 3193 643 3234 amorem
701 3182 983 3249 virtutum,
1028 3183 1343 3242 atlcctiones
1379 3189 1600 3246 vitiosas
1646 3193 1824 3260 gladio
1860 3197 1971 3263 spi-
2002 3173 2048 3231 θ

398 3271 540 3328 ritus
563 3288 777 3329 necare.
815 3276 1022 3331 Durum
1056 3290 1105 3333 et
1135 3282 1384 3345 arduum,
1416 3285 1506 3335 sed
1532 3284 1636 3339 lere
1662 3296 1921 3340 certamen
1954 3305 1972 3342 :

395 3381 614 3434 agonem
653 3369 806 3434 dicit,
835 3383 1052 3441 propter
1072 3374 1479 3443 castigationem
1501 3380 1718 3446 carnis;
1745 3378 1970 3447 Durum,

397 3467 618 3528 propter
656 3463 961 3517 custodiam
1003 3479 1264 3521 sensuum
1298 3479 1539 3533 arctam;
1571 3481 1795 3541 preptcr
1833 3475 1973 3527 anti-

396 3566 631 3619 quorum
681 3568 896 3609 morum
937 3572 1227 3625 pravorum
1279 3560 1701 3631 depositionem.
1743 3564 1969 3632 Durum,

397 3654 619 3713 propter
653 3648 1131 3705 mortificationem
1163 3656 1396 3724 propria:
1429 3655 1762 3725 voluntatis;
1790 3660 1969 3720 levetis.

396 3744 618 3804 propter
640 3737 1022 3793 conﬁdentiam
1066 3742 1120 3796 in
1148 3742 1337 3809 Demn,
1371 3755 1425 3799 et
1452 3746 1655 3801 donum
1686 3751 1895 3819 gratiae,
1919 3761 1973 3806 et

398 3828 703 3897 profectum
732 3830 1018 3898 virtutum,
1052 3844 1108 3889 et
1140 3835 1591 3905 impassibilitatis
1622 3843 1968 3898 munditiam.

398 3919 553 3984 Quod
583 3923 638 3975 in
682 3924 849 3994 ignem
880 3927 1081 3981 insilirc
1108 3944 1126 3980 :
1157 3928 1332 3999 ignem
1382 3931 1615 4004 intelligo
1648 3936 1972 3992 tentationes

398 4013 623 4072 diaboli.
671 4016 858 4071 mundi
893 4027 946 4071 et
966 4022 1169 4075 carnis.
1204 4021 1337 4077 Cum
1374 4026 1824 4082 amaritudinibus
1855 4031 1966 4099 (ωε

394 4108 715 4164 exercitium
789 4110 1121 4166 laboriosum
1166 4122 1221 4168 et
1269 4129 1517 4170 amarum
1601 4120 1968 4188 continentia,

394 4208 451 4257 et
482 4202 918 4260 mortificationis
947 4207 1153 4270 carnis,
1193 4215 1248 4261 et
1274 4209 1575 4267 voluntatis
1608 4216 1874 4283 propriae;
1910 4222 1968 4271 tu

400 4308 525 4350 vero
551 4297 787 4368 adiunge
832 4313 1051 4368 panem,
1091 4298 1462 4372 fatigationem
1504 4305 1558 4360 in
1597 4321 1718 4362 vera
1747 4307 1969 4363 humili-

398 4397 527 4453 tate,
562 4398 617 4444 et
659 4391 1207 4457 abrenuntiationem,
1253 4404 1307 4450 et
1350 4398 1548 4453 luctam
1587 4409 1776 4456 contra
1814 4411 1971 4458 natu-

397 4497 514 4538 ram
543 4494 598 4540 et
620 4484 919 4543 invisibiles
961 4496 1277 4556 potestates.
1310 4488 1376 4567 ,εἰ
1409 4507 1510 4545 non
1549 4496 1718 4548 omnis
1755 4497 1844 4564 qui
1875 4497 1969 4550 ba—

395 4578 588 4644 ptisma
618 4581 954 4649 consequitur
992 4583 1272 4647 solvatur;
1306 4582 1401 4639 sed
1432 4584 1636 4642 faciens
1668 4597 1721 4641 et
1752 4603 1974 4646 servans

395 4669 673 4735 mandata,
704 4685 881 4740 neque
894 4673 1074 4729 omnis
1099 4675 1192 4743 qui
1221 4676 1493 4739 tondetur,
1520 4679 1614 4733 sed
1660 4680 1973 4738 custodiens

397 4764 679 4819 monachis
737 4767 1139 4822 convenientia.
1197 4768 1374 4824 Silebo
1417 4774 1619 4841 reliqua
1670 4790 1687 4827 :
1741 4776 1971 4831 subaudi

395 4871 499 4910 non
534 4867 798 4912 sei-rantes
837 4872 984 4920 vero,
1020 4864 1270 4929 graviora
1320 4879 1623 4934 passuros:
1669 4868 1798 4938 quia
1825 4869 1976 4924 dam-

394 4952 545 5008 natio
574 4953 774 5015 futura.
803 4957 1146 5015 amarissima
1171 5000 1184 5021 .
1227 4970 1278 5016 et
1306 4962 1372 5016 ad
1417 4977 1691 5032 prmsens,
1744 4966 1976 5034 privatio

394 5047 607 5116 gratiae.
639 5049 856 5105 caecitas
888 5052 1106 5115 mentis,
1138 5057 1381 5111 carentia
1416 5056 1642 5113 doloris.
1681 5058 1862 5114 cordis
1893 5061 1975 5114 in-

395 5140 744 5204 scusibilitas,
773 5152 831 5198 et
856 5145 1020 5214 impia
1049 5148 1292 5203 avaritiae
1340 5150 1663 5213 idololatria,
1687 5162 1741 5206 ct
1763 5156 1974 5220 passio-

397 5248 528 5286 num
549 5236 861 5303 ignominia
886 5254 1091 5294 carcer.
1120 5239 1239 5295 Non
1257 5246 1537 5297 obscurum
1565 5258 1930 5313 argumentum
1954 5265 1971 5299 :

398 5323 798 5394 Argumentum
829 5338 936 5389 est.
958 5334 1099 5399 quod
1127 5348 1338 5403 semper
1364 5335 1690 5392 similiterse
1713 5339 1896 5404 habet,
1918 5350 1975 5392 ut

398 5417 581 5475 lautos
603 5431 652 5476 et
675 5423 814 5478 trinis
830 5424 897 5477 de
918 5423 1041 5493 igne
1062 5443 1075 5489 ;
1100 5427 1313 5496 signum
1337 5442 1485 5492 vero,
1513 5430 1842 5502 quandoque
1870 5432 1975 5498 sic,

396 5514 728 5583 quandoque
754 5517 927 5583 aliter,
949 5519 1109 5574 sicuti
1129 5522 1410 5588 percussio
1429 5531 1511 5577 est
1526 5522 1741 5593 signum
1761 5540 1971 5594 puguze.

470 5697 486 5722 τ
518 5700 628 5746 λεί.
661 5711 788 5749 xvii.
811 5696 881 5747 ‘28
977 5693 1169 5751 3-Psal.
1206 5713 1390 5765 nam,
1431 5699 1486 5753 ’5.

477 5852 551 5919 (τι)
584 5852 746 5908 Υνιηδ
774 5864 1034 5924 ιίιιίτινῖσδε
1088 5874 1201 5908 mm
1246 5858 1467 5913 lactucis
1496 5861 1809 5931 agrestibus.

2004 4532 2056 4593 D

2092 1889 2439 1945 serviendum
2475 1886 2703 1943 Domino
2734 1886 2855 1942 sine
2904 1886 3231 1956 negligentia
3277 1887 3363 1939 die
3391 1902 3457 1940 ac
3487 1893 3665 1941 nocte.

2089 1981 2379 2038 Perfectivi
2406 1997 2540 2038 vero
2584 1990 2669 2039 est
2703 1981 3087 2045 scientiticare,
3128 1979 3406 2035 vivificare
3454 1988 3511 2035 et
3542 1979 3668 2033 illu-

2090 2076 2298 2129 minare
2320 2075 2580 2139 animam,
2611 2081 2665 2128 et
2687 2073 2985 2137 memoria,
3022 2069 3193 2126 Deum
3226 2070 3512 2127 ostendere
3535 2086 3670 2141 pra:-

2087 2176 2323 2233 si-ntem,
2351 2176 2407 2224 et
2430 2165 2818 2238 intelligentiae,
2843 2164 2935 2220 Dei
2957 2164 3237 2221 veritatem
3260 2174 3317 2220 et
3343 2164 3667 2233 sapientiam

2088 2259 2349 2321 revelare.
2378 2268 2433 2314 et
2459 2274 2681 2315 sensum
2714 2259 2934 2323 habere,
2965 2265 3027 2311 ut
3068 2257 3417 2328 experiamur
3446 2267 3501 2311 et
3528 2257 3668 2312 scia-

2086 2369 2211 2409 mus
2257 2353 2534 2424 quomodo
2587 2352 2640 2407 in
2674 2354 2796 2422 ipso
2850 2367 3065 2417 sumus,
3100 2366 3417 2417 movemur,
3456 2360 3510 2405 et
3535 2350 3667 2406 vivi-

2084 2462 2209 2503 mus
2240 2448 2259 2478 ²
2294 2465 2306 2500 :
2351 2444 2456 2513 Qui
2500 2445 2693 2500 timore
2749 2445 3036 2516 purgativo
3073 2444 3272 2515 agitur,
3321 2453 3668 2512 comparatur

2085 2541 2187 2611 (ait
2214 2540 2399 2608 Pater)
2443 2540 2821 2612 Thymiamati,
2869 2540 2996 2608 quia
3030 2554 3096 2593 ex
3145 2537 3325 2594 studio
3374 2539 3668 2609 spiritualis

2083 2632 2514 2689 conversationis
2559 2631 2910 2687 vehementer
2934 2631 3145 2702 incipit,
3172 2638 3229 2685 et
3271 2645 3368 2701 per
3417 2631 3667 2701 tepidiu-

2083 2737 2189 2781 tem
2218 2726 2273 2780 in
2302 2739 2579 2780 summum
2608 2723 2951 2793 negligentiae
2995 2723 3216 2779 desinit.
3248 2721 3391 2777 Mula
3425 2724 3666 2777 asinaria

2082 2821 2318 2891 profecto
2341 2830 2419 2873 est
2444 2833 2463 2871 :
2498 2816 2604 2884 Qui
2627 2827 2811 2872 autem
2843 2832 2937 2887 per
2973 2830 3153 2887 spem,
3184 2817 3488 2871 mercedem
3523 2831 3666 2886 cpia:-

2084 2913 2174 2977 rit,
2209 2917 2565 2979 comparatur
2611 2909 2923 2964 molendino
2949 2908 3210 2973 asinario,
3239 2923 3454 2977 semper
3494 2917 3661 2976 moto,

2081 3014 2136 3059 et
2175 3020 2273 3075 per
2327 3005 2656 3060 delationem
2693 3012 2967 3072 quaestum
3017 3000 3268 3067 faciente,
3303 3009 3358 3057 et
3398 3001 3661 3056 tributum

2081 3106 2442 3166 aggregante,
2499 3094 2857 3164 subiectionis
2902 3093 3201 3161 pretiosum
3250 3098 3307 3146 et
3360 3091 3665 3146 venerabile

2080 3204 2238 3258 opus.
2295 3189 2401 3255 Qui
2428 3204 2546 3242 vero
2574 3201 2639 3240 ex
2667 3186 2932 3241 charitatr
2953 3185 3155 3249 dicina,
3196 3183 3241 3239 si
3275 3184 3493 3255 imagro
3513 3185 3663 3239 inve.-

2082 3282 2225 3336 nerit
2256 3279 2551 3337 sollicitum
2582 3289 2747 3350 atque
2785 3277 3063 3341 festiuum,
3097 3291 3192 3346 per
3217 3275 3394 3346 ignem
3425 3277 3663 3331 ebarita-

2080 3375 2150 3428 tis
2183 3386 2484 3430 succensus
2510 3387 2540 3426 a
2580 3369 3009 3442 promptitudine
3040 3384 3148 3424 non
3182 3367 3535 3431 relaxabitur,
3567 3370 3663 3423 do-

2079 3482 2179 3522 nec
2208 3468 2493 3537 pertingat,
2515 3464 2815 3520 secundum
2839 3463 3107 3517 dicentem
3142 3481 3156 3517 :
3187 3462 3412 3529 Quando
3435 3464 3661 3528 veniam,

2077 3572 2126 3615 et
2175 3559 2434 3630 apparebo
2490 3566 2612 3612 ante
2658 3556 2850 3627 [aciem
2903 3555 3116 3609 Domini
3147 3556 3188 3608 ³.
3222 3553 3358 3610 Sunt
3419 3555 3662 3609 nonnulli

2077 3657 2168 3724 qui
2203 3668 2363 3722 supra
2402 3652 2605 3721 lapides
2633 3650 2733 3719 (5).
2770 3647 2907 3704 llinc
2931 3651 2999 3704 de
3028 3648 3538 3703 abrenuntiautibns
3580 3649 3662 3702 di-

2078 3750 2153 3803 cit
2191 3756 2435 3811 sauctus,
2476 3743 2734 3815 quoniam
2766 3752 2894 3799 sunt
2922 3741 3165 3813 quidam,
3216 3755 3381 3811 supra
3430 3752 3659 3811 petram,

2078 3839 2275 3895 lateres
2302 3838 2655 3901 aditicantes,
2682 3848 2737 3895 et
2762 3837 2816 3891 hi
2849 3843 2980 3892 sunt
3017 3835 3110 3905 qui
3146 3849 3464 3905 magnarum
3493 3834 3663 3888 virtu-

2080 3942 2193 3987 tum
2231 3932 2284 3987 in
2312 3931 2595 4001 prommiis
2620 3928 3038 3985 aedificationem
3070 3927 3189 3981 sine
3217 3927 3558 3996 subiectione
3586 3926 3663 3981 fa-

2077 4026 2252 4089 ciunt,
2290 4034 2345 4079 et
2395 4024 2546 4095 (quia
2582 4022 2945 4079 certaminum
2976 4021 3286 4083 humilium,
3322 4029 3375 4073 et
3403 4020 3661 4074 obedien-

2080 4118 2168 4171 tia:
2192 4132 2296 4171 non
2326 4116 2527 4171 habent
2553 4114 2969 4185 experientiam)
3003 4125 3062 4168 ut
3086 4110 3328 4182 fragiles.
3361 4111 3660 4168 imbecilles

2080 4213 2237 4267 finiit.
2299 4211 2405 4278 Qui
2454 4225 2580 4264 vero
2619 4224 2783 4278 super
2824 4218 3024 4263 terram
3064 4207 3350 4261 columnas
3392 4209 3663 4276 erigentes

2080 4306 2278 4368 locant,
2305 4312 2435 4358 sont
2460 4303 2553 4373 qui
2584 4301 2751 4356 vitam
2783 4300 3570 4364 anachoreticam,confestim,
3594 4315 3662 4354 es

2079 4397 2381 4467 proonuiis,
2432 4405 2559 4451 ante
2586 4395 2841 4448 vitiorum
2880 4392 3328 4462 expurgationcm
3383 4394 3534 4462 sequi
3565 4408 3663 4447 vo-

2082 4491 2201 4545 lunt
2229 4509 2241 4544 :
2272 4505 2395 4544 nam
2424 4490 2543 4544 sine
2564 4486 2916 4543 fundamento
2940 4485 3294 4554 subiectionis
3313 4486 3661 4550 exsistentes.

2079 4582 2411 4651 deiiciontur
2458 4592 2510 4638 et
2537 4590 2723 4637 ruunt.
2767 4581 2872 4647 Qui
2916 4595 3046 4633 vero
3077 4579 3351 4633 modicum
3387 4566 3664 4648 pedestres

2077 4677 2381 4741 ambulant,
2438 4684 2567 4731 sunt
2614 4674 2707 4744 qui
2738 4675 2858 4729 sine
2910 4682 3126 4726 tumore
3167 4670 3442 4735 elationis,
3469 4672 3660 4742 iugum

2076 4771 2402 4826 ubedientia:
2432 4778 2674 4831 sumunt,
2702 4777 2755 4821 et
2785 4764 3146 4834 subiectionis
3178 4764 3281 4819 iter
3311 4775 3486 4817 tutntn
3536 4782 3660 4819 cum

2079 4864 2382 4919 revetentia
2416 4867 2664 4933 pergunt.
2700 4858 2789 4914 Isti
2823 4858 3083 4927 paulatim
3114 4856 3374 4920 roborati,
3401 4869 3453 4912 et
3481 4858 3665 4912 calore

2081 4956 2318 5025 Spiritus
2376 4956 2613 5021 accensi,
2676 4952 3039 5021 infatigabiles
3100 4960 3157 5005 et
3207 4950 3657 5022 inexpugnabiles

2081 5055 2242 5114 limit,
2272 5061 2325 5105 ct
2346 5064 2651 5121 pugnarum
2678 5046 3071 5120 experientiam
3107 5045 3391 5112 habentes,
3421 5061 3544 5099 cum
3569 5043 3663 5099 Dei

2082 5147 2354 5217 adiutorio
2391 5145 2637 5200 celeriter
2682 5152 2966 5198 transeunt
3003 5156 3177 5209 usque
3211 5140 3264 5194 in
3311 5141 3494 5194 tinem.
3538 5138 3663 5191 Non

2082 5243 2193 5295 sine
2240 5240 2419 5292 labore
2471 5251 2520 5290 et
2566 5237 2865 5291 uiolentia:
2904 5235 3033 5298 quia
3079 5231 3480 5288 consuetudine
3525 5245 3654 5300 pro-

2074 5332 2213 5389 ferta
2278 5335 2331 5387 in
2383 5333 2649 5394 habitum,
2704 5339 2761 5385 et
2810 5331 2863 5383 in
2911 5340 3158 5384 naturam
3198 5341 3336 5396 pene
3379 5338 3664 5390 conversa,

2076 5444 2203 5483 Vere
2259 5425 2514 5482 violentia
2581 5434 2664 5479 est
2712 5438 2833 5476 eam
2883 5434 3137 5476 amovere
3180 5427 3238 5474 et
3276 5425 3658 5473 transmotare.

2079 5524 2233 5576 Sicut
2265 5521 2411 5576 enim
2464 5518 2617 5573 niulti
2655 5517 2916 5585 temporis
2968 5516 3183 5583 volnus,
3209 5522 3293 5569 cst
3320 5512 3477 5582 quasi
3506 5510 3662 5565 iucu-

2159 5859 2235 5921 Ιέι)
2269 5858 2427 5913 \"ttns
2462 5868 2728 5927 n'ilcrpt'cs
2774 5871 2925 5923 super
2954 5864 3171 5921 petram.
