4008 6148
382 297 520 364 1215

1510 298 1571 357 S.
1640 298 1879 359 JUANN
1895 298 1963 358 lS
2010 297 2527 358 RAITHUENSIS

3521 290 3655 359 l2l6

379 412 551 467 rabilc
604 410 832 480 factum,
895 411 968 468 ita
1021 422 1078 467 et
1145 412 1299 468 multi
1370 414 1632 483 temporis
1695 430 1854 468 usum
1925 413 2311 480 etAscibilis,
2363 428 2459 485 per
2495 412 2759 484 Spiritum
2809 423 3060 471 sanctum
3117 415 3282 470 uuitze
3328 411 3398 470 ad
3433 427 3651 470 omnem

380 514 592 561 morem
683 505 1014 576 malignum,
1063 515 1148 562 est
1215 520 1382 578 grave
1435 508 1763 578 relinquere.
1827 505 1966 563 llinc

379 597 647 653 Dominus
673 598 828 664 dicit,
867 599 1128 669 quoniam
1161 596 1394 670 Regnum
1424 600 1672 654 carlorum
1715 602 1818 654 vim
1864 616 1965 670 pa-

383 692 566 746 trtur‘.
607 689 731 746 Sine
759 707 1011 746 mcerore:
1039 699 1262 762 prepler
1283 703 1635 763 augmentum
1667 693 1720 747 in
1751 693 1965 748 virtuti-

384 784 510 848 bus,
531 793 590 838 et
615 786 1104 840 commutationem
1133 799 1200 840 ac
1224 784 1603 842 liberationem
1631 801 1661 838 a
1685 785 1966 855 peccatis;

2070 504 2444 572 operationem
2490 501 2663 556 divini
2715 501 3036 572 bcneplaciti
3070 511 3125 558 et
3169 502 3432 567 mandati,
3462 520 3496 557 η
3521 501 3654 558 ιιι-

2071 602 2169 654 tris
2190 610 2240 655 et
2271 600 2533 666 sinistris,
2564 615 2657 667 per
2689 598 2971 670 infamiam
3004 608 3055 653 et
3079 600 3271 653 bonum
3302 599 3525 668 famam.

2547 691 2677 746 Car.
2713 689 2755 745 ll
2788 690 2931 762 (Col.
2955 689 3062 747 σει
3087 691 3176 760 C).

2162 781 2382 838 Omnem
2409 783 2716 854 hujusmodi
2747 783 3020 852 affectum,
3065 784 3201 838 dixit
3235 783 3498 856 quoniam
3543 779 3653 840 cle-

384 873 466 928 ul
485 883 628 929 certe
655 890 776 929 cum
807 877 1048 930 minimo.
1084 874 1355 932 Modicum
1383 889 1515 930 vero
1545 875 1815 931 eontrista
1838 889 1968 945 pro-
2068 876 2251 931 ctione
2303 875 2612 932 allectionis
2658 875 3061 948 (habitudinem
3088 877 3227 933 dans
3269 875 3382 934 Deo
3421 876 3500 947 (Ἰ)
3529 879 3549 945 )
3587 875 3654 932 ad

383 974 508 1037 pter
531 965 867 1024 desiderium
913 965 1288 1038 perfectionis.
1316 978 1368 1021 et
1395 968 1650 1026 timorem
1682 979 1846 1037 quem
1881 966 1971 1022 iia-

386 1059 604 1126 hemus,
633 1075 704 1116 ne
725 1060 984 1115 cadentes
1013 1061 1210 1115 iterum
1239 1058 1606 1116 odendamus.
1651 1061 1970 1115 Animarum

387 1163 696 1207 nostrarum
717 1151 894 1206 vultus
915 1167 936 1206 :
961 1150 1178 1207 Faciem
1205 1153 1406 1209 animae
1433 1152 1528 1209 hic
1555 1153 1708 1215 dicit,
1741 1154 1973 1208 virtutes

385 1244 529 1314 ejus.
554 1242 766 1300 Etenim
798 1257 868 1300 es
897 1244 1331 1302 conversationis
1361 1258 1564 1301 nostra
1598 1243 1886 1314 exemplis,
1919 1255 1976 1300 ct

387 1355 456 1394 es
484 1339 692 1396 nostris
731 1339 1228 1408 immutationibus,
1256 1349 1312 1396 et
1354 1341 1684 1396 animalibus
1720 1339 1973 1397 all‘ectio-

392 1432 575 1498 nibus,
604 1433 789 1488 vident
821 1441 1067 1489 nostram
1112 1434 1525 1490 consistentiam
1563 1445 1617 1488 et
1654 1433 1976 1504 dispositio-

391 1541 515 1582 nem
543 1567 555 1590 ,
598 1524 805 1580 inimici
857 1525 1031 1582 nostri
1085 1527 1362 1581 dre-nones
1395 1526 1492 1596 qui
1517 1542 1625 1580 non
1671 1542 1739 1582 ex
1777 1526 1976 1596 seipsis

390 1626 613 1674 nostras
630 1628 970 1689 cognoscunt
988 1617 1408 1674 deliberationes
1433 1630 1486 1673 ct
1520 1630 1728 1676 mentes
1759 1638 1772 1672 :
1799 1619 1972 1675 absit!

390 1710 486 1768 scd
516 1712 694 1767 solum
717 1727 828 1767 suae
853 1712 991 1766 artis
1019 1711 1385 1782 malignitates
1412 1713 1874 1782 superseminaut,
1918 1720 1975 1767 et

391 1813 713 1874 exspectant
743 1812 803 1858 ut
840 1805 1018 1860 sciant
1046 1779 1175 1859 cum
1199 1804 1343 1874 quali
1371 1779 1653 1860 all'ectioue
1679 1803 1974 1875 recipimus
2005 1779 2049 1837 Β

394 1896 734 1966 probationis
759 1911 952 1953 eorum
977 1897 1207 1952 insidias
1239 1915 1252 1950 :
1281 1897 1423 1952 unde
1453 1911 1573 1962 nos,
1603 1907 1823 1966 propter
1873 1912 1977 1953 no-

392 1998 560 2044 stram
593 1989 977 2061 negligentiam
1009 1999 1065 2044 et
1089 1989 1375 2060 segnitiem
1414 1989 1538 2044 illos
1561 1989 1711 2058 (cum
1758 2003 1867 2045 non
1897 1988 1978 2043 vi-

392 2081 582 2150 deant)
611 2080 846 2137 l'aeimus
868 2081 1072 2137 videre.
1097 2081 1382 2136 Abscondit
1415 2079 1674 2136 Dominus
1694 2099 1729 2135 ιι
1756 2081 1980 2136 secula-

393 2174 553 2227 ribus.
573 2173 738 2228 stadii
772 2174 1133 2244 dilicultatem
1163 2173 1282 2244 (6):
1307 2171 1476 2228 stadii
1503 2173 1976 2242 importunitatem

393 2267 493 2331 ait,
523 2266 678 2334 iuxta
721 2267 1093 2338 acceptionem
1121 2267 1265 2322 male
1301 2265 1748 2337 intelligentium,
1777 2266 1982 2336 quibus

393 2355 646 2412 certatim
677 2355 867 2428 agouis
886 2355 1130 2411 studium
1160 2355 1377 2409 videtur
1408 2355 1813 2425 importunitas,
1835 2353 1982 2424 quod

396 2464 524 2505 vere
575 2450 884 2505 necessaria
930 2457 1017 2504 est
1059 2448 1485 2519 opportunitas:
1515 2454 1698 2502 tamen
1736 2446 1980 2502 eamdem

393 2541 857 2613 Opportunitatem
880 2542 1278 2613 (apparentem,
1313 2539 1804 2609 importunitateml
1849 2537 1980 2594 abs-

393 2633 585 2691 condit
619 2634 761 2690 Deus
808 2633 896 2688 bis
943 2633 1040 2704 qui
1091 2641 1224 2687 sunt
1256 2632 1312 2686 in
1362 2632 1588 2694 mundo.
1625 2631 1886 2701 quoniam
1937 2629 1984 2685 si

400 2729 768 2800 respexissent
801 2727 870 2783 ad
904 2728 1280 2798 importunum
1303 2726 1416 2802 eis,
1453 2741 1562 2782 non
1605 2725 1795 2794 utique
1829 2723 1983 2780 abre-

401 2820 714 2878 nuntiasset
734 2821 862 2890 quis
908 2819 1098 2876 talium
1127 2819 1443 2889 aliquando.
1480 2815 1539 2871 Si
1586 2819 1756 2881 enim,
1788 2830 1980 2872 secun-

399 2915 532 2970 dum
557 2913 875 2984 Apostolum
903 2931 916 2965 :
947 2911 1202 2967 animalis
1225 2910 1382 2965 homo
1412 2925 1516 2964 non
1535 2910 1757 2979 percipit
1779 2925 1842 2962 ea
1870 2922 1989 2977 qua

401 3019 527 3064 sunt
571 3008 789 3077 spiritus
828 3007 1002 3073 Dei‘,
1043 3007 1110 3062 ad
1138 3004 1310 3061 Deum
1349 3020 1480 3060 vero
1513 2988 1672 3074 jungi
1715 3003 1989 3058 charitatc

408 3113 465 3158 et
498 3101 813 3164 dilectione,
866 3098 1151 3169 spirituale
1199 3105 1285 3155 est
1311 3116 1324 3152 :
1351 3094 1628 3167 quomodo
1667 3093 1988 3167 (secundum

2068 982 2213 1031 eam,
2245 978 2302 1024 et
2345 969 2668 1032 naturalem,
2699 975 2753 1024 et
2787 968 3198 1037 accidentalem,
3225 979 3284 1025 et
3320 968 3654 1026 artilicialem

2077 1059 2457 1114 habitudinem
2478 1061 2730 1130 apposuit
2756 1069 2812 1114 et
2828 1061 3069 1116 devovit.
3099 1059 3291 1117 Omnis
3318 1061 3468 1118 enim
3500 1060 3656 1118 habi-

2074 1151 2281 1206 tudinis
2307 1159 2365 1207 et
2396 1149 2700 1208 alectionis
2728 1152 3020 1224 depositio,
3055 1162 3423 1224 contemptus.
3453 1164 3510 1210 ct
3537 1154 3656 1210 vili-

2075 1255 2181 1310 tas,
2209 1253 2266 1298 et
2306 1245 2636 1314 paenitentia
2669 1244 2902 1316 integra,
2935 1253 2990 1301 et
3022 1245 3244 1302 humilis
3273 1245 3559 1318 prudentia
3601 1247 3654 1302 in

2076 1337 2229 1392 exitu
2279 1349 2336 1393 et
2374 1336 2730 1402 resolutione,
2779 1338 3131 1394 beneﬁcentia
3163 1348 3220 1394 et
3255 1339 3515 1396 viaticum
3556 1353 3656 1395 no-

2075 1440 2201 1484 stra!
2227 1429 2685 1500 peregrinationis
2707 1430 2997 1486 exsistunt.
3027 1429 3156 1487 Sine
3200 1441 3436 1488 mortuos
3474 1433 3661 1502 sepeli-

2078 1538 2132 1577 re
2152 1523 2196 1588 ⁷,
2231 1534 2339 1579 etc.
2369 1521 2842 1589 Quemadmodum
2873 1525 3237 1580 mortitlcatur
3267 1525 3474 1581 mundo
3505 1525 3600 1596 qui
3625 1540 3656 1579 a

2076 1615 2511 1686 proprietatibus
2541 1618 2729 1671 mundi
2757 1617 3002 1684 recessit,
3029 1619 3102 1674 ita
3132 1618 3365 1674 moritur
3388 1621 3514 1675 vitae
3540 1635 3654 1691 gra-

2080 1705 2171 1762 tiae
2195 1707 2291 1778 qui
2325 1708 2450 1763 vitae
2473 1708 2665 1779 gratia:
2680 1719 2951 1781 precepts
2981 1725 3091 1766 non
3114 1707 3248 1766 facit
3277 1730 3291 1766 :
3317 1721 3372 1768 et
3400 1721 3657 1783 tanquam

2077 1807 2300 1870 propter
2321 1801 2623 1856 carentiam
2643 1810 2826 1858 motus
2852 1813 2908 1858 et
2923 1802 3286 1873 privationem
3313 1804 3518 1875 operis,
3543 1805 3663 1860 aui-

2079 1893 2192 1948 mal
2213 1901 2491 1949 mortuum
2529 1893 2790 1960 dicimus,
2821 1895 2896 1952 ita
2920 1897 3086 1951 homo
3118 1904 3370 1954 mortuus
3406 1898 3664 1970 intelligi-

2079 1994 2190 2047 tur,
2211 1994 2266 2042 et
2283 1995 2389 2053 est,
2408 1995 2466 2042 et
2480 1986 2703 2054 dicitur,
2719 2002 2786 2043 ex
2805 2003 2873 2044 eo
2887 1988 3034 2059 quod
3052 1988 3436 2047 mandatorum
3455 1989 3662 2046 Christi

2078 2079 2472 2152 perfectionem
2490 2083 2706 2152 operari
2723 2093 2780 2138 et
2807 2083 3010 2139 imitari
3029 2099 3138 2138 non
3155 2084 3290 2147 vult,
3318 2094 3373 2141 et
3387 2085 3668 2142 adlici-ere

2082 2173 2209 2230 vita
2230 2183 2450 2230 aeterna
2475 2188 2601 2244 qua:
2629 2175 2686 2229 in
2717 2175 2980 2232 mandato
3007 2177 3110 2247 ipsi
3139 2186 3245 2241 est,
3276 2192 3372 2247 per
3412 2178 3669 2234 volunta-

2081 2265 2220 2320 riam
2246 2265 2430 2322 earnis
2472 2265 2918 2336 abnegationem,
2948 2267 3148 2325 renuit.
3198 2268 3572 2325 Adulterinam
3615 2277 3669 2326 et

2083 2351 2263 2421 ﬁctam
2295 2352 2396 2421 (8.)
2437 2350 2818 2409 Adulterinam
2871 2355 3026 2420 dicit,
3077 2356 3422 2412 sacularium
3466 2356 3668 2415 bonam

2084 2445 2582 2510 conversationem,
2615 2455 2843 2517 propter
2893 2446 3079 2502 laudes
3109 2457 3166 2503 et
3197 2463 3390 2505 vanam
3415 2452 3666 2524 gloriam,

2085 2547 2142 2594 et
2170 2548 2393 2609 propter
2423 2555 2585 2596 usum
2636 2541 2873 2612 propriae
2904 2541 3224 2611 voluntatis,
3276 2554 3334 2600 et
3364 2559 3666 2603 conversa~

2085 2630 2288 2686 tionem
2309 2633 2700 2689 tumultuosam
2723 2633 2776 2689 in
2801 2635 2952 2690 curis
2973 2635 3116 2702 vita,
3148 2645 3204 2692 et
3223 2651 3406 2694 rerum
3424 2639 3672 2710 proprie-

2089 2731 2254 2778 tatem
2279 2722 2572 2794 :quoniam
2605 2740 2669 2781 ea
2699 2741 2821 2794 quae
2841 2725 3064 2782 Patrum
3086 2729 3320 2785 consilio
3343 2739 3398 2786 et
3421 2731 3673 2788 obedien-

2089 2816 2160 2869 tia
2193 2815 2352 2882 ﬁunt,
2383 2824 2438 2872 et
2472 2832 2534 2872 ea
2558 2832 2682 2887 quae
2701 2833 2892 2874 eorum
2924 2820 3331 2878 examinatione
3367 2825 3673 2893 probantur

2089 2919 2146 2963 et
2171 2909 2480 2976 ﬁrmantur,
2515 2921 2662 2967 recta
2687 2921 2818 2968 sunt
2852 2920 2908 2968 et
2951 2916 3250 2981 manentia,
3280 2925 3336 2971 et
3362 2914 3477 2973 Deo
3505 2917 3673 2974 bene-

2092 2999 2310 3071 placita,
2336 3001 2466 3072 quia
2501 3000 2637 3057 ﬁunt
2677 3005 2979 3059 secundum
3011 3005 3344 3063 voluntatem
3383 3007 3548 3075 illius,
3577 3013 3670 3080 qui

2092 3092 2227 3150 dicit
2259 3111 2273 3147 ε
2308 3091 2378 3146 Et
2416 3111 2449 3148 a
2501 3097 2699 3166 meipso
2727 3096 2867 3166 facio
2907 3098 3042 3153 nihil
3072 3098 3114 3155 '.
3148 3099 3282 3156 Nam
3311 3103 3455 3174 quod
3503 3105 3576 3160 ita
3615 3108 3677 3161 lit

407 3193 725 3266 mundum).
742 3192 1245 3255 abrenuntiassent,
1293 3190 1457 3245 etiam
1496 3188 1833 3257 abnegautes
1859 3201 1991 3243 suas
2018 3186 2059 3204 ν
2095 3186 2240 3257 (cum
2275 3186 2574 3256 perfectum
2593 3203 2715 3246 esse
2743 3189 2982 3260 habeat),
3012 3192 3085 3246 ab
3122 3195 3270 3249 omni
3294 3196 3534 3251 vanitate
3557 3211 3674 3253 ser-

402 3300 732 3341 mammonz
771 3285 1017 3351 divitias,
1041 3293 1099 3340 et
1125 3281 1466 3340 confusionis
1496 3281 1877 3353 proprietates,
1910 3279 1994 3335 ni-

403 3379 450 3436 si
481 3393 576 3448 per
607 3377 996 3449 compendium
1039 3386 1097 3432 et
1142 3376 1665 3433 circumventionem
1709 3381 1986 3436 sanctam,

402 3484 499 3527 eos
525 3471 766 3526 traheret
791 3478 846 3525 et
883 3468 1144 3526 vocaret?
1185 3466 1401 3523 Etenim
1434 3483 1563 3522 caro
1589 3476 1640 3522 et
1666 3466 1883 3537 sanguis
1901 3481 1991 3520 τε-

404 3578 567 3630 gnum
599 3561 694 3617 Dei
739 3579 842 3616 non
869 3563 1207 3632 possidebunt
1228 3559 1532 3631 ‘.—-Ignem
1563 3560 1617 3614 in
1648 3559 1890 3613 manibus
1915 3569 1990 3614 te—

407 3668 626 3713 nentes:
650 3656 830 3730 Ignem
864 3665 1050 3712 tenent
1071 3656 1126 3710 in
1151 3655 1427 3720 manibus,
1456 3662 1519 3707 ut
1544 3667 1640 3724 per
1659 3664 1992 3708 consensum

405 3757 464 3807 et
496 3758 652 3806 actus
683 3749 936 3814 vitiosos,
969 3747 1222 3804 carnales
1251 3757 1304 3802 et
1328 3745 1593 3801 animales
1624 3744 1910 3809 inclinent,
1935 3753 1990 3799 et

405 3842 511 3908 sic,
556 3855 660 3898 nos
695 3843 920 3912 (corpus
961 3842 1191 3903 scilicet,
1229 3850 1285 3894 et
1325 3836 1594 3907 animum)
1639 3837 1889 3892 ardeant.
1923 3835 1994 3890 In

408 3934 579 3990 tribus
625 3938 858 3990 maxime
899 3933 1283 4005 principalibus
1310 3949 1328 3984 :
1357 3931 1686 3986 auctoritate
1732 3943 1894 3985 sacra
1936 3926 1995 3984 et

407 4031 720 4102 evangelica
751 4029 805 4101 (a
835 4031 1013 4086 tribus
1037 4026 1488 4086 distinctionibus
1519 4025 1839 4080 monasticae
1866 4035 1995 4078 mn-

407 4123 780 4195 versalionis),
821 4137 1009 4178 verum
1041 4121 1303 4176 virtutum
1335 4118 1575 4174 medium
1607 4116 1868 4178 declarat,
1897 4129 1991 4172 so-

411 4219 692 4275 lummodo
717 4219 772 4273 in
807 4217 1064 4289 perlectis
1103 4215 1397 4272 virtutibus
1422 4228 1564 4284 quas
1594 4213 1864 4268 Mediator
1894 4211 1987 4268 Dei

408 4321 465 4366 et
509 4310 796 4366 hominum
821 4308 1074 4366 Christus
1102 4306 1263 4365 Jesus
1299 4307 1488 4363 docuit
1513 4314 1571 4361 et
1597 4304 1845 4375 perfecit,
1877 4319 1995 4359 me—

411 4402 561 4460 dium
594 4403 817 4459 beatum
849 4418 975 4459 esse
1019 4402 1326 4466 insinuans,
1372 4411 1428 4455 et
1467 4400 1523 4454 in
1576 4397 1992 4454 admirationem

2091 3287 2256 3333 vatur
2283 3278 2531 3335 illaesum.
2569 3279 2839 3336 Plurimos
2874 3283 2928 3336 in
2968 3285 3165 3340 scrcqu
3192 3290 3395 3356 aspexi,
3425 3298 3528 3344 etc.
3562 3288 3678 3346 Hoc

2095 3371 2155 3425 tit
2184 3371 2487 3427 secundum
2521 3371 2849 3430 industriam
2898 3376 3009 3431 doli
3051 3386 3105 3433 et
3143 3377 3354 3435 fraudis
3400 3381 3678 3438 illndeutis

2094 3462 2322 3528 inimici,
2353 3470 2614 3535 quoniam
2643 3468 2844 3524 detenti
2879 3469 2934 3524 in
2965 3470 3090 3526 ivita
3120 3473 3392 3540 saeculari,
3430 3491 3555 3544 qua:
3585 3485 3675 3530 est

2092 3555 2282 3612 multis
2308 3559 2544 3627 peccatis
2588 3568 2644 3614 et
2679 3562 3004 3620 tumultibus
3051 3567 3230 3634 plena,
3283 3568 3338 3622 in
3376 3582 3483 3639 qua
3535 3577 3684 3625 recte

2090 3663 2216 3706 esse
2239 3661 2296 3705 et
2327 3649 2465 3706 bene
2495 3653 2678 3708 vivere
2712 3654 3059 3724 videbantur,
3087 3667 3142 3714 ct
3168 3659 3472 3716 secundum
3509 3678 3685 3733 appa-

2093 3744 2325 3798 rentiam
2353 3743 2616 3814 proﬁcere
2640 3748 2693 3801 in
2717 3747 3030 3814 virtutibus,
3061 3751 3360 3822 illaqueati,
3391 3763 3557 3810 ruunt
3583 3757 3685 3810 mi-

2092 3835 2399 3892 serabiliter
2423 3838 2712 3895 sordidati.
2750 3839 3031 3910 Contingit
3067 3844 3232 3899 etiam
3267 3845 3370 3902 hoe
3403 3846 3484 3902 eis
3509 3849 3687 3919 negli-

2092 3929 2296 3998 gentia,
2330 3929 2705 3997 irreverentia,
2733 3933 3144 4004 ingratitudine.
3169 3945 3226 3992 et
3251 3939 3510 4003 elatione.
3535 3950 3590 3996 et
3609 3959 3681 3996 ex

2094 4023 2394 4078 correctiva
2422 4025 2808 4093 permissione,
2836 4035 2891 4080 et
2917 4042 2982 4082 es
3008 4043 3076 4083 eo
3098 4029 3245 4098 quod
3279 4041 3553 4100 pastorem
3583 4035 3688 4090 de-

2095 4121 2221 4169 vote
2275 4129 2384 4170 non
2432 4116 2683 4183 audiunt,
2748 4120 2842 4174 sed
2890 4120 3224 4191 relinquunt.
3274 4122 3689 4182 Immunditiam

2095 4207 2276 4262 διεσιιί
2363 4207 2847 4279 Concupisccntias
2885 4223 2940 4266 et
2969 4215 3358 4272 delectationes
3415 4219 3602 4275 carnis
3627 4230 3693 4275 et

2096 4299 2308 4364 mundi,
2329 4312 2384 4356 et
2402 4316 2645 4357 amorem
2675 4305 3036 4360 matcrialium
3058 4315 3114 4360 ct
3139 4323 3383 4364 amorem
3413 4311 3689 4368 honorum

2095 4401 2151 4448 et
2182 4393 2391 4464 gloriae,
2446 4395 2708 4467 intellige.
2750 4395 2870 4452 Non
2914 4399 3061 4453 cnim
3102 4402 3268 4456 homo
3309 4403 3568 4458 conditus
3601 4412 3693 4460 est

411 4498 690 4561 desinens,
721 4497 928 4566 ubique
955 4510 1085 4551 vero
1122 4509 1154 4549 a
1205 4495 1468 4549 virtutum
1501 4492 1716 4555 medio,
1767 4493 1992 4547 vitiosos
2022 4495 2067 4550 υ
2097 4485 2432 4550 immundus,
2455 4489 2537 4542 vel
2572 4499 2770 4543 natura
2798 4505 3005 4555 rerum,
3034 4492 3117 4547 vel
3143 4495 3370 4550 materia
3411 4497 3688 4552 exsistet:-

416 4587 688 4652 reeedere,
720 4595 777 4644 et
798 4586 903 4644 sibi
936 4585 1101 4642 noxia
1133 4599 1378 4657 quartere
1403 4582 1556 4645 dicit,
1581 4585 1709 4652 quia
1746 4583 1864 4653 sine
1896 4599 1994 4650 pu-

415 4694 522 4752 gna
538 4688 595 4734 ct
619 4680 742 4736 sine
769 4677 974 4742 labore,
1007 4677 1129 4732 sine
1159 4675 1356 4746 vigiliis
1377 4687 1432 4730 et
1453 4675 1572 4730 sine
1594 4675 1858 4730 exercitio
1879 4675 1991 4743 spi-

418 4771 624 4836 rituali,
654 4786 780 4827 cum
812 4785 999 4826 amore
1033 4769 1119 4826 sui
1145 4769 1409 4837 ipsorum,
1431 4766 1653 4822 Christo
1696 4767 1903 4821 servire
1935 4782 1995 4821 se

419 4860 704 4916 simulant.
737 4858 892 4916 Unde
910 4873 1019 4914 non
1049 4867 1180 4914 sunt
1207 4859 1262 4913 hi
1297 4857 1432 4912 tales
1458 4857 1512 4910 in
1541 4856 1761 4910 neruine
1791 4855 1995 4912 Christi

421 4951 758 5022 congregati,
800 4951 932 5022 quia
959 4951 1293 5006 voluntatem
1318 4957 1375 5004 et
1404 4948 1758 5004 intentionem
1789 4949 1992 5006 Christi

420 5051 804 5114 congregantis
831 5045 1100 5114 ignorant.
1143 5039 1244 5095 Ubi
1290 5055 1408 5094 rero
1429 5049 1551 5094 sunt
1575 5039 1682 5093 duo
1707 5040 1785 5094 vel
1813 5052 1919 5096 tres
1948 5043 1993 5106 ',

422 5151 530 5196 etc.
557 5139 677 5195 Duo
702 5141 784 5196 vel
818 5149 930 5195 tres
948 5136 1261 5209 congregati
1288 5138 1344 5192 iu
1373 5137 1592 5191 nomine
1616 5135 1843 5198 Christi.
1869 5139 2005 5194 acti-

426 5233 477 5286 vi
509 5241 564 5288 et
609 5229 1012 5301 contemplativi
1045 5237 1104 5284 ct
1151 5237 1400 5298 regentes
1442 5237 1499 5283 et
1547 5241 1748 5296 corpus
1789 5238 1845 5283 et
1887 5229 2005 5284 ani-

425 5341 592 5391 mam,
639 5339 816 5390 mens,
846 5325 986 5378 ratio
1007 5331 1062 5378 et
1091 5324 1342 5379 voluntas
1366 5340 1382 5373 :
1413 5321 1517 5386 Vel,
1540 5337 1764 5391 corpus,
1796 5323 2000 5387 anima,

423 5425 479 5472 et
519 5416 750 5487 spiritus
779 5414 864 5470 vel
893 5412 1258 5476 rationabilis,
1293 5411 1756 5481 concupiscibilis.
1793 5422 1846 5466 et
1891 5414 2003 5467 ira-

495 5598 518 5628 δ
542 5595 724 5650 Matth.
750 5610 824 5657 xi,
853 5596 916 5649 2|
1017 5599 1040 5626 ³
1066 5591 1233 5651 lCor.
1273 5609 1334 5657 tl,
1376 5593 1461 5647 Η.
1539 5594 1558 5614 ί
1585 5591 1742 5646 lCor.
1773 5608 1858 5658 xv,
1895 5593 1980 5646 50.

501 5687 578 5744 (ti)
638 5681 798 5736 Vrtus
829 5685 1118 5749 interpres,
1150 5682 1625 5743 mtpnrtunilatum.

503 5752 578 5816 (7)
616 5750 782 5807 Vetus
813 5753 1079 5820 interpres
1144 5750 1499 5804 habitudinem
1553 5762 1597 5801 rt
1637 5750 1986 5812 afflatinncm.

2065 5596 2296 5652 ’Mattli.
2340 5616 2456 5663 rm,
2489 5601 2576 5654 “2-2.
2655 5601 2674 5630 ⁸
2709 5599 2867 5655 Joan.
2894 5618 3006 5665 vm,
3035 5602 3120 5656 ⁸58.

2100 4579 2261 4646 tium,
2299 4581 2391 4635 sed
2415 4581 2542 4649 quia
2569 4583 2731 4638 homo
2761 4585 3027 4641 avertitur
3053 4587 3168 4641 suis
3197 4589 3589 4656 voluntatibus,
3611 4590 3690 4646 ab

2099 4687 2168 4728 eo
2190 4673 2337 4743 quod
2362 4685 2448 4730 est
2467 4676 2801 4731 conveniens
2828 4687 2882 4732 et
2911 4677 3226 4746 honestum,
3257 4695 3510 4752 quaerens
3531 4683 3687 4740 dele-

2103 4765 2323 4820 ctabilia
2354 4775 2408 4820 et
2447 4767 2728 4834 sublimia,
2781 4769 2926 4824 altus
2972 4772 3141 4827 corde
3174 4773 3253 4838 lit,
3287 4783 3509 4844 propter
3536 4778 3686 4845 quod

2104 4857 2422 4937 immundus
2485 4871 2570 4914 est
2622 4864 2764 4930 apud
2821 4861 3015 4918 Deum.
3078 4863 3452 4935 Importunum
3499 4871 3683 4926 cordis

2103 4951 2275 5020 ignem
2305 4968 2318 5004 :
2341 4950 2485 5023 Ignis
2509 4952 2856 5023 importunus
2879 4966 2963 5011 est
2981 4957 3161 5013 omnis
3179 4973 3334 5014 amor
3347 4961 3604 5028 carnalis,
3625 4974 3689 5020 et

2101 5044 2284 5099 omnis
2321 5045 2517 5100 vitiosa
2541 5049 3006 5118 concupiscentia.
3029 5059 3085 5104 et
3129 5050 3436 5108 delectatio.
3474 5055 3692 5124 Oppor-

2102 5146 2270 5192 tunus
2298 5151 2430 5208 ergo
2470 5139 2612 5210 ignis
2638 5150 2744 5203 est,
2801 5155 2959 5196 amor
2994 5143 3084 5197 Dei
3135 5152 3301 5215 atque
3335 5147 3604 5216 cognitio,
3630 5159 3691 5202 ct

2103 5227 2341 5299 Spiritus
2378 5231 2556 5286 sancti
2584 5232 2922 5292 incendium.
2947 5243 3003 5289 et
3029 5237 3453 5294 communicatio
3480 5255 3495 5293 :
3524 5250 3581 5295 ct
3611 5241 3689 5295 di-

2103 5326 2243 5378 citur
2271 5336 2634 5394 opportunus,
2658 5326 2784 5396 quia
2812 5328 2998 5382 omnia
3023 5329 3278 5384 arbitrari
3303 5329 3433 5386 facit
3457 5340 3516 5385 ut
3545 5341 3690 5389 δια-ο

2103 5431 2228 5472 cora
2263 5427 2481 5488 propter
2515 5417 2687 5474 Deum
2719 5420 2760 5486 ',
2793 5421 2937 5475 sicut
2988 5423 3332 5492 importunus
3362 5425 3688 5493 diciturqui

3246 5601 3478 5674 Philipp.
3519 5622 3599 5666 ιιι,
3623 5603 3684 5662 3.

2192 5689 2268 5756 (33
2297 5685 2461 5743 Vrtus
2495 5691 2780 5757 interpres,
2808 5706 3034 5760 δαέντι-ηε.
