4008 6148
394 374 522 443 liti?

1580 380 1895 441 SCHOLIA
1932 380 2013 440 IN
2053 379 2173 441 CLI
2187 381 2450 445 MACUM

3526 388 3685 454 1318-

392 492 564 548 timiat
596 501 651 547 et
680 490 954 563 inquinat,
990 500 1046 549 et
1070 496 1402 549 exterminat
1428 494 1667 547 animam
1709 511 1721 545 :
1758 492 1973 546 Deliriis
2006 512 2044 563 Α
2081 490 2201 556 Lut,
2233 496 2327 547 sed
2367 495 2543 564 ipsum
2576 508 2811 568 scqixcns
2842 495 3004 566 fuge:
3039 512 3192 552 amor
3234 499 3380 553 enim
3430 508 3487 556 et
3534 501 3661 557 ale-

390 586 632 639 omuilvus
652 594 704 639 et
732 585 877 640 vitiis
910 586 1282 641 abstinendum
1310 587 1412 656 (8‘)
1444 605 1457 641 :
1487 587 1569 641 Ab
1595 587 1849 641 omnibus
1874 588 1972 640 de-

391 678 535 736 liciis
577 688 632 734 et
680 678 1014 750 malignitate
1069 679 1159 736 hic
1203 677 1337 736 dicit
1385 679 1792 735 abﬂinendum.
1838 677 1972 733 Nam

392 787 511 840 per-
533 772 783 836 delicias.
815 774 1000 829 carnis
1043 774 1542 845 concupiscentias,
1592 782 1649 827 ct
1693 773 1974 830 univrrsas

393 864 581 919 mundi
596 864 988 921 delectationes
1010 866 1249 939 intellige
1284 884 1297 922 :
1330 882 1428 939 per
1453 867 1849 937 malignitatem
1878 882 1973 922 ve-

393 972 477 1020 ro,
506 957 621 1020 irae,
650 967 705 1013 et
734 958 1113 1025 immunditiae,
1138 969 1195 1016 et
1220 960 1511 1031 superbiae,
1535 970 1589 1014 et
1612 960 1852 1029 reliquas
1877 961 1975 1016 atl-

394 1052 757 1109 inventiones.
788 1052 985 1107 Portus
1007 1054 1146 1108 enim
1167 1066 1217 1109 et
1255 1056 1474 1121 salutis,
1499 1064 1606 1112 etc.
1633 1054 1839 1110 Salutis
1851 1056 1972 1125 qui-

389 1146 540 1210 dem,
561 1155 781 1219 propter
808 1145 1043 1217 vigilias,
1067 1147 1560 1212 conversationem,
1586 1146 1972 1211 humilitatem,

392 1240 766 1305 sobrietatem,
794 1250 852 1295 et
881 1240 1179 1297 virtuosam
1212 1240 1671 1305 sollicitmlineni;
1703 1241 1973 1312 periculo-

392 1347 517 1388 rum
558 1347 713 1399 vero,
745 1342 969 1405 propter
1002 1334 1532 1404 pusillanimitatem,
1565 1334 1971 1405 negligentiam,

405 1426 741 1495 tepiditatem
767 1436 823 1483 et
863 1428 1098 1498 propria:
1146 1427 1441 1483 voluntatis
1470 1429 1669 1483 malam
1698 1442 1973 1483 reassum-

391 1519 636 1591 ptionem
676 1539 691 1574 :
718 1519 847 1590 quia
882 1529 1103 1592 propter
1132 1519 1258 1585 ista,
1285 1522 1337 1575 in
1377 1531 1538 1593 portu
1565 1521 1823 1592 angelica:
1855 1523 1975 1576 vita:

392 1612 625 1683 religiosi
650 1613 1042 1684 periclitantur,
1071 1614 1217 1668 sicut
1259 1629 1353 1684 per
1391 1613 1754 1669 obedientiam
1798 1620 1856 1670 et
1889 1629 1973 1668 rc-

394 1707 711 1771 vcrcntiam,
744 1720 877 1778 pace
906 1716 963 1762 et
986 1706 1163 1762 salute
1190 1706 1474 1763 fruuntur.

2081 586 2197 642 ctio
2254 590 2601 657 propriorum
2631 605 2861 647 uxorem
2897 590 2998 646 Lot
3042 595 3309 649 convertit
3340 596 3395 650 in
3422 603 3659 653 statuam

2075 680 2229 736 salis.
2259 679 2487 735 Alectio
2512 696 2760 738 escarum
2803 684 3035 753 privavit
3067 688 3443 757 priniogrnitts
3491 686 3653 744 Esau.

2072 771 2303 827 Alertio
2329 774 2562 845 propria:
2623 775 2924 833 voluntatis
2980 779 3178 835 extulit
3237 778 3549 836 Luciferum
3604 784 3656 835 in

2073 866 2406 936 superbiam,
2438 876 2492 922 et
2537 870 2894 941 praecipitavit
2918 872 2973 926 in
3025 872 3229 930 inferos
3254 892 3379 931 cum
3422 892 3658 947 scqueu-
3754 886 3757 891 ‘

2077 960 2225 1016 tibus
2265 975 2413 1017 cum.
2467 962 2699 1016 Allectio
2746 963 3085 1037 voluptatum
3111 965 3329 1023 Iezabel
3362 969 3657 1038 interfecit,

2072 1062 2127 1106 et
2186 1051 2537 1109 Salomonem
2585 1056 2640 1111 in
2691 1054 3052 1112 idololatriam
3108 1060 3366 1128 pervertit
3397 1061 3459 1115 ".
3514 1061 3659 1118 Alle-

2072 1144 2185 1199 ctio
2233 1148 2590 1217 pecuniarum
2636 1148 2832 1207 ludam
2906 1151 3239 1221 proditorem
3272 1154 3476 1212 Christi
3507 1156 3655 1212 fecit.

2074 1235 2177 1303 Qui
2207 1249 2388 1293 autem
2444 1244 2514 1295 ab
2560 1242 2679 1296 istis
2713 1241 2933 1308 recedit,
2965 1243 3173 1298 invenit
3207 1242 3500 1301 Abrahami
3535 1262 3660 1303 vere

2075 1333 2477 1403 peregrinantis
2510 1336 2700 1400 vitam,
2730 1344 2784 1391 et
2812 1351 2923 1391 non
2971 1337 3284 1409 coniugem,
3319 1337 3419 1393 sed
3476 1339 3657 1410 ipsum

2074 1422 2175 1479 Lot
2229 1426 2493 1481 imitatur.
2522 1426 2699 1483 Corda
2741 1430 2880 1484 enim
2942 1446 3061 1501 qua:
3118 1430 3250 1485 illuc
3280 1446 3487 1487 reuersa
3510 1443 3653 1487 strait.

2076 1513 2230 1579 Vide,
2261 1516 2337 1573 ait
2375 1529 2616 1585 sanctus,
2659 1520 2937 1591 quomodo
2966 1534 3074 1578 non
3106 1522 3173 1577 ad
3215 1538 3326 1588 res,
3355 1522 3455 1578 fuit
3482 1524 3658 1580 lsrac-

2074 1604 2290 1661 litarum
2342 1611 2652 1672 conversio,
2700 1613 2795 1667 sed
2849 1614 2916 1668 ad
2952 1627 3238 1670 sermones
3295 1629 3480 1671 rerum
3527 1625 3655 1670 tau-

2073 1710 2187 1752 tum
2235 1712 2423 1753 eorum
2466 1699 2696 1756 intentio
2724 1710 2779 1757 et
2830 1701 3047 1759 all‘ectio
3078 1706 3539 1776 appropinquavit
3595 1717 3651 1760 et

388 1801 517 1855 Car.
580 1797 666 1854 Ill.
722 1829 790 1842 --
849 1798 1160 1869 Spiritualis
1212 1802 1654 1873 peregrinationis
1730 1799 1973 1869 deﬁnitio
2004 1860 2043 1873 __
2071 1791 2296 1856 errat".
2340 1799 2399 1845 el
2448 1803 2734 1865 propterea
2806 1796 3153 1852 condemnati
3207 1795 3427 1853 luerunt
3468 1818 3483 1853 :
3548 1815 3655 1853 non

999 1892 1122 1961 (col.
1155 1888 1262 1946 603
1303 1890 1382 1962 Β).

460 1981 851 2054 Peregrinatio,
894 1993 982 2039 est
1042 1998 1170 2040 vera
1225 1988 1531 2058 segregatio
1582 1985 1653 2040 ah
1710 1984 1971 2039 omnibus

385 2075 887 2144 concupiscentiis,
953 2076 1344 2148 voluptatibus,
1399 2088 1454 2131 et
1513 2076 1736 2132 malitiis
1779 2094 1793 2129 :
1844 2090 1968 2129 nam

386 2176 609 2236 propter
629 2167 1058 2238 segregationem
1090 2168 1316 2235 avitiis,
1360 2169 1776 2240 insegregabilis
1830 2170 1890 2224 Bt
1938 2183 1969 2222 a

386 2258 516 2323 Deo,
562 2274 688 2315 nam
719 2260 864 2316 vitiis
887 2262 1267 2331 praesentibus,
1311 2262 1389 2317 nil
1453 2263 1658 2317 utiliter
1713 2276 1972 2317 consum-

385 2362 585 2407 matur.
608 2351 830 2408 Oumem
858 2369 1078 2408 suorum
1109 2353 1506 2417 alienat-umque
1536 2352 1784 2422 electum
1804 2369 1823 2408 :
1843 2368 1968 2421 pro-

384 2446 628 2515 priorutn
702 2445 1081 2501 habitudinem
1129 2447 1263 2502 dicit
1312 2455 1560 2511 sanctus,
1621 2444 1965 2502 aﬂ’ectioncm

382 2540 723 2608 voluptatum
779 2538 849 2594 ad
889 2540 1152 2612 seipsum,
1181 2550 1237 2597 et
1262 2539 1333 2597 ad
1376 2541 1618 2611 propria,
1668 2538 1720 2595 id
1758 2551 1847 2594 est
1897 2541 1964 2593 ad

383 2629 717 2688 domesticos
752 2641 809 2688 et
840 2634 1216 2705 propinquos:
1257 2632 1562 2688 Alienorum
1592 2648 1723 2688 vero
1774 2633 1966 2690 amici-

386 2724 515 2779 tiam
565 2740 805 2792 omnem,
854 2735 907 2780 et
938 2726 1281 2782 all‘ectinncm
1333 2741 1786 2797 quorumcunque
1839 2741 1967 2780 seu-

385 2818 618 2883 sualetn,
647 2827 703 2874 et
731 2820 855 2874 aliis
903 2820 1163 2875 omnibus
1194 2836 1318 2891 qua:
1350 2830 1483 2877 sunt
1524 2829 1705 2883 extra,
1737 2818 1856 2876 sive
1896 2819 1966 2874 de

383 2913 654 2984 pecuniis,
697 2914 816 2969 sive
857 2913 1321 2982 possessionibus.
1371 2912 1486 2975 Vel,
1526 2914 1865 2983 propriorum
1886 2910 1965 2965 di-

382 3012 534 3059 ctum
593 3004 853 3070 arbitror,
878 3006 946 3060 de
968 3004 1346 3061 voluntatibus
1407 3003 1819 3060 conferentibus
1869 3017 1962 3059 se-

381 3094 624 3149 cundum
654 3109 897 3150 carnem.
937 3095 1243 3149 Alienorum
1275 3109 1425 3159 vero,
1460 3096 1527 3150 dc
1550 3093 1811 3150 omnibus
1838 3107 1964 3164 qua

384 3195 514 3244 sunt
534 3195 714 3252 extra,
753 3187 1009 3258 superius
1041 3186 1227 3253 dictis,
1275 3200 1308 3237 a
1331 3185 1532 3259 quibus
1556 3184 1841 3251 alienatus,
1874 3198 1964 3276 ra-
1989 3212 2038 3276 α

385 3278 702 3335 tionabilem
737 3287 797 3335 et
864 3280 1003 3334 bene
1045 3277 1307 3333 ferentem
1362 3277 1432 3333 ad
1478 3276 1713 3333 salutem
1762 3275 1964 3332 incedit

385 3372 552 3426 viam.
604 3369 804 3427 Statim
843 3379 899 3425 ut
926 3370 1217 3438 susceperis
1244 3370 1542 3439 ﬂammam,
1594 3384 1767 3423 curre.
1829 3366 1962 3423 Pro-

382 3476 503 3537 pter
532 3473 778 3521 nostram
809 3464 1238 3521 inconstantiam
1280 3472 1337 3519 et
1377 3462 1783 3518 vertibilitatem
1803 3503 1820 3530 ,
1853 3479 1961 3534 qua

382 3572 485 3613 nos
510 3557 658 3628 ipsos
688 3556 985 3613 avertimus
1006 3570 1037 3611 a
1069 3557 1258 3628 gratia:
1292 3556 1469 3619 radio,
1503 3554 1759 3619 dicimur,
1791 3571 1821 3610 a
1854 3553 1964 3610 Deo

382 3649 641 3719 relinqui,
671 3648 801 3719 quia
836 3649 973 3719 ipse,
996 3648 1050 3703 in
1081 3664 1194 3703 sua:
1216 3648 1519 3705 mansionis
1546 3647 1824 3703 identitate
1860 3648 1963 3702 im-

384 3751 567 3797 motus
593 3754 841 3807 manens,
861 3751 915 3795 et
933 3754 995 3796 se
1020 3740 1179 3795 nobis
1205 3740 1505 3795 immittrns
1528 3749 1580 3795 et
1597 3741 1868 3810 ingerens,
1890 3756 1962 3794 ai-

382 3833 620 3905 qusliter
636 3841 688 3891 et
704 3833 963 3889 continue
975 3840 1029 3888 et
1044 3831 1254 3901 absque
1274 3846 1627 3903 personarum
1648 3834 1963 3904 acceptione

382 3942 486 3983 nos
528 3928 692 3982 etiam
747 3925 991 3993 trahens,
1053 3925 1345 3981 mutationi
1401 3940 1509 3980 non
1556 3926 1768 3981 subest.
1826 3925 1963 3981 llinc

380 4027 570 4074 noster
593 4031 865 4082 recessus,
900 4031 998 4072 sua
1039 4016 1251 4071 relicuo
1283 4016 1505 4082 dicitur,
1540 4018 1668 4085 quia
1708 4016 1830 4085 ejus
1862 4016 1961 4069 im-

382 4110 707 4177 mobilitate,
769 4118 971 4166 nostra
1018 4110 1327 4165 aversionis
1379 4125 1547 4165 causa
1601 4120 1938 4164 monstratur

385 4201 686 4257 Flammam
716 4201 879 4273 igitur
908 4202 1222 4271 suscipiens,
1261 4200 1315 4256 id
1375 4211 1482 4265 est,
1534 4203 1722 4271 gratiae
1766 4215 1962 4257 ascen-

381 4297 627 4351 sionem:
666 4312 840 4358 curre,
875 4294 924 4348 id
948 4304 1053 4360 est,
1078 4294 1362 4365 cooperari
1402 4295 1452 4350 ei
1493 4294 1674 4355 stude,
1711 4310 1776 4347 ex
1810 4295 1959 4350 omni

384 4389 583 4444 virtute
612 4407 625 4441 :
676 4404 780 4443 nou
815 4389 961 4443 enim
1002 4388 1146 4443 nosti
1198 4388 1422 4458 quando
1455 4388 1835 4457 exslinguatur
1862 4387 1957 4451 ait,

380 4491 601 4551 propter
641 4481 1068 4553 inexspectatum
1103 4492 1157 4536 et
1202 4479 1551 4545 insull‘erens,
1603 4490 1657 4535 et
1686 4482 1751 4534 ad
1776 4489 1959 4536 trans-

382 4575 715 4631 mutationes
774 4575 1013 4644 proclive
1071 4584 1225 4631 tuum
1279 4574 1580 4643 ingenium.
1650 4572 1796 4628 Tune
1838 4574 1959 4645 jam
1993 4557 2037 4614 θ

378 4668 725 4738 cogitationes
775 4668 1028 4721 uanitatis
1060 4666 1139 4739 (9)
1166 4685 1180 4723 :
1241 4656 1473 4734 Quando
1497 4666 1622 4737 quis
1655 4665 1956 4733 extollitur,

376 4774 429 4817 et
473 4758 751 4814 existimat
786 4773 847 4814 se
899 4759 1103 4828 aliquid
1146 4774 1290 4823 esse,
1326 4760 1504 4829 perdit
1557 4774 1745 4813 verum
1792 4772 1953 4815 esse:

379 4853 531 4920 quia,
556 4868 686 4906 cum
727 4851 861 4906 nihil
895 4853 984 4916 sit,
1030 4854 1133 4907 hoc
1185 4850 1409 4906 credere
1460 4860 1517 4905 et
1580 4851 1821 4921 cogitare
1870 4860 1955 4904 est

379 4943 431 4999 ei
482 4959 513 4997 a
548 4946 775 4999 veritate
804 4944 1075 5000 recedere.
1102 4943 1318 4998 Humile
1347 4958 1540 5014 sapere
1563 4943 1607 4974 ¹⁶
1645 4954 1730 4999 est
1780 4945 1834 4998 in
1867 4959 1957 5001 ve-

382 5037 541 5092 ritate
571 5052 715 5092 esse.
739 5038 924 5093 Altum
960 5050 1173 5109 sapere,
1198 5044 1286 5093 est
1313 5035 1369 5091 in
1398 5038 1625 5093 veritate
1653 5054 1760 5093 non
1788 5054 1911 5097 esse
1938 5059 1951 5093 :

378 5132 507 5203 quia
539 5131 750 5187 vanitas
783 5131 1129 5188 mendacium
1164 5140 1248 5188 est
1278 5141 1334 5187 et
1362 5146 1549 5187 verum
1589 5147 1711 5188 esse
1757 5134 1956 5189 habere

382 5239 490 5279 non
545 5225 692 5279 sinit.
731 5223 959 5283 Vanitas
1004 5236 1189 5283 autem
1250 5226 1609 5297 cogitationes
1654 5234 1713 5283 ct
1766 5227 1955 5282 elatio.

381 5316 470 5372 nis
524 5316 855 5374 intentiones
911 5334 1054 5387 quae.
1099 5332 1162 5375 se
1222 5317 1606 5388 suscipientes,
1656 5327 1957 5373 ostentato-

385 5421 472 5460 res
539 5413 594 5459 et
649 5417 925 5466 amatores
983 5411 1174 5483 gloria:
1234 5407 1487 5475 faciunt;
1559 5426 1667 5464 non
1731 5425 1955 5466 uxorem

459 5557 502 5593 "
535 5558 691 5614 Rom.
721 5576 797 5625 st,
836 5559 929 5615 20.
1010 5563 1051 5595 “
1090 5560 1157 5617 IV
1200 5563 1332 5635 Reg.
1370 5579 1448 5627 ιι.
1501 5566 1589 5621 ἳῖι.

577 5674 743 5756 [etus
789 5678 1078 5756 interpres,
1109 5681 1316 5756 deliciis
1348 5694 1396 5756 et
1433 5684 1783 5756 malignitate.

454 5744 535 5814 (9)
596 5745 760 5831 lit-tus
782 5820 794 5831 .
818 5744 1121 5831 interpres.
1144 5750 1286 5807 Tum:
1320 5744 1589 5812 daemone;
1621 5762 1961 5831 cogitationi-

385 5824 478 5872 bus
498 5824 746 5872 vanitatis
775 5824 1050 5886 instantes,
1076 5830 1179 5879 etc.

1674 5574 1715 5603 ”
1773 5570 1904 5629 Luc.
1964 5587 2035 5635 IV,
2089 5572 2181 5627 25.

2004 1860 2044 1915 Β
2070 1885 2219 1938 enim
2245 1884 2299 1938 in
2328 1860 2645 1957 .Egvptum,
2671 1889 2766 1943 sed
2791 1889 2860 1943 ad
2882 1904 2945 1944 ea
2968 1904 3091 1957 qua:
3111 1898 3270 1955 erant
3305 1891 3359 1945 iu
3393 1890 3653 1965 Egyptn,

2074 1990 2232 2031 mens
2276 1978 2457 2048 populi
2490 1980 2790 2035 descendit.
2823 1979 2980 2037 Time
3008 1981 3196 2054 igitur,
3225 1992 3282 2039 ct
3312 1992 3371 2039 tu
3396 1983 3646 2048 humilis.

2070 2078 2127 2123 et
2156 2067 2249 2122 Dei
2300 2087 2480 2135 serve,
2507 2075 2574 2128 ad
2616 2073 2977 2146 cogitationes
3017 2076 3271 2131 vitiorum
3303 2077 3503 2134 habere
3523 2096 3657 2135 cono

2070 2174 2316 2229 sensum,
2351 2178 2422 2219 ne
2464 2164 2633 2220 etiam
2664 2175 2720 2223 tu
2765 2166 3047 2222 damneris
3090 2182 3188 2238 per
3226 2184 3342 2225 eas.
3374 2167 3445 2224 Et
3480 2170 3655 2227 Hom
3736 2196 3741 2199 -

2071 2253 2168 2307 ille
2188 2256 2281 2325 qui
2318 2252 2484 2310 Deum
2505 2256 2707 2312 uiderat
2726 2256 3049 2331 :Egyptus,
3086 2258 3177 2317 Dei
3208 2260 3572 2332 ignorantiam
3600 2276 3656 2320 et

2069 2335 2375 2413 peccatum,
2406 2356 2462 2403 et
2502 2347 2837 2419 impietatem
2870 2349 3163 2421 signillcat,
3192 2350 3407 2425 Iloyses
3446 2366 3653 2423 autem,

2068 2435 2341 2505 perfectos
2367 2438 2515 2493 viros
2542 2446 2597 2493 et
2626 2436 2717 2494 Dei
2745 2439 3146 2510 pradieatores,
3171 2443 3267 2515 qui
3297 2458 3424 2501 cum
3453 2446 3657 2505 talibus

2070 2527 2269 2585 multas
2301 2530 2573 2584 sustinent
2610 2530 3138 2589 tenehrelactiones:
3177 2536 3274 2607 qui
3338 2551 3484 2609 sape
3525 2556 3654 2611 pro-

2068 2618 2216 2684 tecti,
2242 2634 2307 2674 ea
2338 2618 2662 2690 ignorantia,
2698 2631 2919 2691 peccato
2946 2633 3001 2677 et
3026 2623 3299 2694 impietate
3358 2642 3652 2697 pravorum

2067 2723 2363 2782 gravantur
2391 2730 2405 2766 :
2440 2724 2493 2769 et
2549 2716 2751 2784 turpius
2785 2716 3094 2787 exaggerati
3128 2714 3243 2787 (ιο)
3272 2725 3653 2779 conversatio-

2068 2819 2136 2861 ne
2165 2808 2457 2872 malorum,
2493 2808 2657 2878 quasi
2704 2808 3031 2878 quihusdam
3077 2811 3366 2870 ansietatis
3415 2818 3653 2873 tenebris

2068 2896 2445 2966 involvuntur,
2475 2901 2605 2955 dum
2644 2915 2713 2956 es
2749 2903 2866 2957 telo
2902 2903 3199 2965 Dominlcc
3222 2909 3423 2977 laudis,
3487 2927 3655 2984 super

2064 2990 2363 3046 carnalium
2394 2988 2750 3047 oﬂeusionem
2782 2994 3167 3057 molestantur.
3234 2997 3339 3070 Qui
3395 3004 3468 3058 ad
3520 3019 3653 3061 suos

2068 3084 2359 3140 mittuntur
2382 3084 2588 3140 eisdem
2630 3087 2933 3145 rationibus
2989 3090 3194 3161 quibus
3242 3093 3299 3150 in
3360 3094 3651 3163 Naaareth,

2072 3174 2339 3233 Dominus
2366 3177 2611 3235 ridebat:
2649 3179 2922 3249 videlicet,
2955 3196 3023 3239 ne
3045 3182 3187 3243 forte
3222 3186 3508 3246 dicerent:
3542 3189 3654 3250 le-

2061 3272 2199 3334 dice,
2230 3286 2361 3325 cura
2397 3271 2623 3340 teipsum
2652 3274 2717 3328 ι’.
2746 3272 2811 3329 Et
2834 3288 2905 3330 ne
2928 3275 3192 3348 dicerent,
3222 3280 3355 3352 quia
3395 3283 3653 3341 adversa-

2067 3364 2185 3419 rius
2234 3365 2396 3419 nobis
2422 3374 2508 3420 est
2540 3365 2653 3435 (ll)
2682 3384 2698 3423 :
2725 3375 2802 3435 et,
2837 3382 2906 3426 ne
2930 3369 3197 3439 dicerent,
3236 3373 3285 3430 si
3341 3374 3496 3447 signa
3567 3377 3653 3436 leo

2063 3458 2248 3517 cisset.
2286 3456 2707 3515 credidissem’us
2736 3468 2793 3515 ct
2819 3475 2922 3517 nos
2963 3461 3253 3521 similiter:
3283 3475 3340 3523 et
3371 3468 3494 3524 ideo
3520 3471 3653 3527 mit-

2065 3558 2253 3605 tuntur
2284 3560 2337 3605 et
2367 3550 2494 3619 ipsi,
2521 3552 2654 3622 quia
2694 3550 2823 3610 fecit
2855 3552 2931 3610 ibi
2961 3551 3127 3614 Jesus
3158 3572 3365 3629 paucas
3401 3562 3649 3621 virtutes.

2062 3641 2332 3699 Caeterum
2378 3658 2503 3699 cum
2524 3642 2681 3710 dicit,
2727 3660 2849 3715 qua
2899 3656 2978 3703 est
3034 3660 3206 3705 mater
3240 3668 3380 3717 meo,
3412 3664 3469 3710 et
3529 3674 3652 3727 quae

2064 3745 2368 3806 sequuntur
2395 3738 2465 3802 ",
2502 3735 2744 3793 ostendit
2772 3742 2917 3810 quod
2974 3756 3153 3813 neque
3184 3744 3465 3803 Christum
3512 3740 3651 3807 terre

2066 3844 2244 3900 neque
2314 3841 2527 3899 partum
2589 3830 2741 3886 illum
2820 3834 3367 3904 supcradmirahiletn
3431 3855 3646 3911 parere,

2066 3923 2279 3977 lucrum
2317 3922 2398 3978 vel
2424 3923 2679 3978 meritum
2709 3923 2936 3981 haberet
2978 3926 3101 3984 sine
3147 3929 3366 3987 virtute.
3404 3932 3530 3990 Ideo
3553 3937 3645 3991 de-

2066 4024 2337 4070 monstrat
2371 4016 2519 4086 quod
2572 4017 2717 4071 nulla
2750 4032 2813 4072 es
2874 4018 2978 4074 hoc
3044 4020 3249 4079 utilitas
3302 4036 3469 4092 esset,
3538 4032 3641 4085 nisi

2063 4108 2247 4161 omnia
2286 4108 2693 4175 convenientia,
2723 4110 2969 4168 virtuose
3004 4120 3060 4169 et
3089 4130 3304 4173 summe
3337 4115 3539 4176 laceret
3588 4136 3643 4179 et

2062 4200 2399 4269 adimpleret.
2429 4200 2571 4267 Quin
2610 4203 2795 4268 etiam,
2828 4203 2883 4258 in
2917 4207 3022 4261 hoc
3054 4208 3243 4275 verbo,
3298 4224 3483 4268 veram
3530 4230 3644 4269 ma-

2062 4294 2163 4349 tris
2227 4294 2590 4351 humilitatcm
2622 4296 2862 4352 insinuat
2900 4301 3120 4370 populo,
3160 4303 3291 4359 dum
3369 4308 3503 4363 nihil
3561 4310 3641 4364 al-

2062 4396 2177 4444 tum
2212 4402 2405 4457 sapere
2433 4399 2531 4443 aut
2579 4388 2865 4461 imaginari
2920 4408 3090 4464 super
3135 4395 3228 4452 tali
3296 4408 3450 4456 tanto
3504 4400 3642 4458 Filio

2060 4481 2421 4537 demonstrat.
2458 4480 2577 4537 Non
2610 4484 2751 4553 quod
2764 4487 3090 4557 propinquos
3124 4499 3330 4547 nostros
3357 4505 3407 4549 et
3436 4497 3641 4563 patrios

2065 4590 2218 4644 agros
2242 4589 2261 4627 :
2299 4572 2499 4630 Odium
2542 4585 2625 4633 est
2662 4577 2981 4635 abscondita
3010 4580 3246 4650 all’cctio,
3297 4598 3419 4656 quae
3445 4588 3641 4644 adver-

2064 4675 2221 4722 satur
2253 4668 2338 4722 his
2388 4668 2480 4739 qui
2510 4669 2564 4724 in
2613 4671 2798 4743 aliquo
2826 4690 2923 4729 nos
2948 4677 3301 4735 contristant.
3331 4680 3528 4738 Odium
3557 4695 3643 4741 est

2063 4761 2323 4817 alienatio
2356 4762 2425 4817 ab
2454 4778 2521 4817 eo
2547 4769 2696 4835 quod
2726 4778 2983 4824 moestum
3015 4781 3098 4826 est
3124 4781 3218 4827 aut
3249 4776 3464 4832 aversio
3511 4794 3642 4834 con-

2063 4854 2418 4911 tristantium.
2468 4856 2523 4912 In
2554 4860 2705 4913 nullo
2733 4860 2899 4932 igitur
2941 4863 3158 4933 horum,
3195 4884 3225 4923 a
3266 4874 3534 4927 monacho
3586 4876 3641 4929 fit

2066 4963 2318 5005 recessus
2342 4968 2370 5005 a
2400 4952 2719 5011 domesticis
2752 4965 2807 5010 et
2838 4960 3178 5031 pr0pinquis,
3213 4963 3334 5019 ideo
3360 4967 3488 5021 dicit
3519 4984 3639 5033 nos,

2064 5058 2172 5098 nun
2196 5052 2258 5099 ut
2280 5043 2619 5101 obedientcs.
2638 5044 2876 5103 Latetur
2906 5054 3044 5107 enim
3075 5054 3349 5121 Dominus,
3375 5069 3476 5113 etc.
3507 5062 3639 5131 (li).

2065 5134 2206 5193 Deus
2242 5148 2456 5194 amator
2520 5140 2828 5209 hominum,
2891 5144 3223 5202 humanatus
3280 5157 3382 5212 est,
3420 5160 3476 5205 ut
3545 5170 3646 5209 nos

2063 5245 2330 5287 avencno
2388 5233 2649 5288 mundani
2719 5244 2773 5289 et
2821 5236 3042 5293 humani
3103 5243 3309 5297 amoris
3366 5243 3639 5303 liberaret.

2065 5320 2161 5378 Est
2181 5325 2327 5379 enim
2357 5326 2668 5381 mundanus
2696 5338 2750 5383 et
2781 5329 3054 5387 humanus
3107 5348 3292 5389 carnis
3318 5350 3498 5400 amor,
3517 5353 3642 5392 rar-

2069 5432 2181 5479 ccr,
2219 5426 2274 5471 et
2318 5426 2532 5482 catena,
2589 5428 2647 5473 et
2703 5420 2968 5481 infernus.
3003 5434 3058 5481 et
3102 5442 3249 5482 mors
3290 5448 3304 5485 :
3352 5445 3483 5501 quo,
3521 5434 3647 5502 quis

2266 5576 2307 5608 ³³
2350 5577 2543 5634 Matth.
2616 5597 2711 5644 xu,
2770 5581 2857 5636 48.

2141 5690 2256 5767 (Ψ)
2279 5693 2491 5767 Melius,
2522 5697 2839 5767 exasperati.

2141 5761 2255 5835 (ll)
2282 5762 2595 5835 Contrarias
2629 5761 2701 5821 (ἵει
2733 5770 2965 5835 operibus
3002 5772 3218 5826 nostris.

2143 5830 2255 5903 (ιε)
2294 5832 2459 5893 Vetus
2486 5830 2774 5909 interpres,
2812 5842 2998 5910 gaudet
3022 5853 3066 5896 rt
3096 5843 3361 5908 epulatur.
