4008 6148
361 305 490 371 1221

1544 301 1855 359 Stilllildt
1909 301 1981 358 Ν
2031 303 2446 368 CLIMACUM.

3501 306 3636 368 1‘33‘22

358 419 436 473 cit
486 413 853 471 obedientiam
903 427 1026 467 esse
1083 410 1318 466 stadium
1370 408 1756 463 intellectualis
1802 424 1935 464 con-
1972 430 2008 480 Α
2043 410 2157 464 cit:
2208 410 2332 466 Sine
2364 429 2466 482 quo
2504 429 2655 467 nemo
2687 414 3202 470 oiliosorumridcbit
3239 414 3516 469 Dominum
3545 422 3637 470 ..τυ-

360 508 649 573 fessionis,
680 514 736 563 et
776 505 1024 576 martyrii
1069 502 1375 573 spiritua‘lis
1403 517 1662 575 pugnam,
1699 510 1755 557 et
1774 501 1936 556 Chri-

359 601 427 656 sti
482 600 599 671 jugi
678 598 1019 670 patientiam,
1096 594 1497 665 depositionem
1567 603 1940 665 peccatorum,

360 693 414 747 in
476 692 619 747 libro
676 692 802 745 vitat
852 689 1298 759 inscriptionem,
1378 688 1553 759 pelagi
1629 687 1945 742 ﬂuctuantis

360 784 881 840 transfretationem.
912 780 1065 837 Unde
1122 781 1187 835 ad
1211 780 1414 849 aliquid
1441 779 1735 861 perfectius
1763 787 1946 833 trans-

362 877 444 931 ire
546 892 652 931 non
692 876 955 947 cogitabit
1003 875 1122 929 sine
1156 888 1258 936 ea;
1306 874 1566 943 quoniam
1602 881 1782 926 autem
1812 886 1946 926 cmi-

362 969 541 1024 suevit
610 968 903 1037 malignus,
971 967 1060 1021 his
1103 966 1196 1036 qui
1262 965 1362 1019 sub
1413 964 1716 1019 obetlieutia
1776 974 1924 1026 sunt,

363 1060 505 1115 hanc
559 1057 762 1114 inferre
792 1059 1133 1125 molestiam;
1181 1058 1432 1112 videlicet
1471 1064 1530 1111 ut
1578 1057 1791 1126 seipsos
1813 1070 1944 1126 par—

359 1151 670 1222 vipendaut,
698 1168 762 1205 eo
788 1151 933 1221 quod
969 1168 1077 1204 non
1132 1150 1647 1220 habentjejnuium,
1695 1165 1793 1203 nec
1823 1162 1950 1203 ora-

365 1243 567 1298 tionem
619 1245 903 1311 mundam,
964 1257 1143 1314 neque
1204 1246 1528 1298 exercitium
1586 1241 1838 1310 diligens,
1865 1255 1954 1294 ne-

362 1348 489 1406 que,
512 1335 622 1390 alia
659 1334 965 1406 spiritualia
1005 1350 1171 1405 opera
1203 1349 1325 1406 quae
1372 1342 1504 1390 sunt
1540 1333 1610 1389 .in
1660 1332 1950 1404 quiescen-

363 1428 509 1484 tibus
533 1437 851 1484 :enumerat
877 1429 979 1485 iste
1002 1428 1163 1484 Pater
1176 1438 1363 1484 noster
1385 1436 1609 1483 sanctus
1631 1425 1953 1481 obedientize

363 1517 531 1583 bona,
551 1518 619 1574 ad
646 1532 768 1589 quae
789 1517 972 1574 omnia
1001 1519 1104 1574 alia
1123 1518 1263 1575 bona
1291 1525 1622 1589 comparata,
1648 1526 1772 1572 sunt
1798 1516 1950 1581 nihil;

363 1608 623 1682 quoniam
682 1611 989 1666 obedientia
1050 1611 1310 1682 adimplet
1345 1610 1817 1666 horumomnium
1870 1608 1954 1662 lo-

364 1717 509 1758 cum.
539 1702 670 1770 Quae
693 1719 815 1758 cum
841 1706 1079 1772 perlecta
1111 1701 1291 1766 fuerit,
1323 1701 1459 1773 ipsa,
1485 1703 1539 1756 in
1566 1713 1807 1771 tempore
1828 1714 1954 1770 pro-

2047 519 2162 556 sum
2197 505 2514 560 Christum:
2562 505 2833 573 Quoniam
2880 524 3010 579 ergo
3056 507 3368 562 οιεράίριιιίῖι
3420 511 3633 564 intelle-

2048 595 2268 660 ctualis,
2327 596 2512 651 divina
2587 598 2990 656 illuminatioue
3051 600 3355 670 perficitur,
3392 612 3444 657 et
3504 619 3634 656 con-

2046 688 2331 743 scientiam
2384 688 2628 757 possidet
2668 691 2933 760 judicetn,
2993 692 3287 748 vidi-udum
3347 704 3449 761 est,
3505 700 3633 765 quid

2048 783 2116 834 sit
2182 780 2517 836 conscientia
2567 801 2579 835 :
2625 781 2961 839 Conscientia
3011 796 3088 838 est
3141 786 3333 840 dicina:
3402 789 3634 842 scientiae

2048 883 2221 926 motus
2257 884 2305 927 et
2343 876 2603 944 operatio,
2636 892 2752 931 cum
2798 888 2978 931 nostra
3005 879 3134 933 etin
3184 888 3365 933 nostra
3392 882 3632 936 scicntia.

2048 964 2397 1020 Conscientia
2448 974 2531 1020 est
2589 966 2824 1022 scintilla
2876 967 3046 1024 divini
3101 969 3346 1037 luminis,
3423 973 3478 1028 in
3537 975 3635 1027 ho-

2050 1057 2198 1112 mine
2274 1058 2495 1113 condito
2579 1059 2955 1116 suhseminata
3033 1076 3062 1115 a
3134 1063 3424 1135 principio,
3476 1070 3631 1136 quasi

2050 1147 2299 1217 qumdam
2345 1148 2606 1218 cogitatio
2650 1147 2964 1215 ferventior,
3007 1158 3062 1206 et
3104 1150 3485 1219 illuminativa,
3523 1174 3636 1211 \et-

2053 1237 2180 1293 bum
2205 1251 2300 1293 seu
2326 1238 2593 1293 rationem
2623 1237 2832 1295 lucisin
2861 1255 2920 1295 se
2941 1242 3250 1305 continens,
3268 1253 3321 1299 et
3344 1247 3637 1303 ostendens

2053 1330 2102 1385 ei
2152 1329 2353 1384 bonum
2391 1337 2445 1384 et
2490 1330 2694 1385 malum
2740 1349 2753 1385 :
2792 1340 2844 1385 ct
2881 1331 2996 1388 haec
3038 1337 3374 1391 conscientia
3411 1348 3638 1395 vocatur

2058 1420 2140 1474 lex
2190 1419 2480 1474 naturalis.
2531 1418 2630 1476 llic
2683 1430 2767 1478 est
2820 1430 3020 1492 puteus
3050 1423 3239 1490 Jacob,
3294 1429 3636 1486 utdixeruut

2053 1513 2262 1578 Patres,
2300 1529 2460 1584 quem
2518 1512 2790 1569 Philistini
2842 1517 3202 1584 repleverunt.
3236 1518 3360 1583 Cui,
3392 1524 3634 1592 quaudiu

2056 1607 2109 1659 in
2139 1606 2224 1660 via
2261 1621 2476 1672 smnus,
2502 1609 2810 1662 Consentire
2829 1608 3118 1677 jubemur;
3152 1614 3529 1670 consentimus
3551 1632 3640 1671 vc-

2059 1713 2122 1752 ro
2160 1698 2233 1762 ei,
2271 1714 2399 1753 cum
2431 1715 2549 1754 eam
2602 1701 2944 1757 custodimus
2993 1705 3059 1757 ad
3110 1703 3302 1769 Deum,
3340 1722 3435 1775 per
3478 1707 3639 1763 ﬁdem

363 1798 508 1868 prio,
526 1811 711 1852 secum
730 1798 913 1853 omnia
950 1798 1091 1851 bona
1122 1797 1428 1866 spiritualia
1457 1802 1662 1866 portat,
1695 1804 1750 1850 et
1771 1794 1837 1849 ad
1862 1808 1952 1848 va-
1986 1814 2028 1871 η
2055 1802 2109 1845 et
2132 1791 2520 1858 obedientiam,
2551 1805 2605 1847 ct
2635 1808 2879 1849 amorem
2912 1797 3325 1863 mandatorum;
3359 1800 3425 1853 ad
3452 1802 3638 1869 proxi-

366 1890 504 1943 riam
550 1889 853 1944 introducit
927 1888 1471 1957 contemplationem,
1532 1885 1950 1958 perfectionem,

364 1990 420 2035 et
474 1981 715 2050 quietem
767 1996 898 2037 suos
966 1994 1333 2051 possessores.
1397 1976 1798 2051 Cangrcssionit
1846 1987 1958 2033 sta-

364 2071 514 2127 dium
564 2088 584 2127 :
633 2073 868 2129 stadium
906 2083 991 2127 est
1023 2073 1323 2143 spiritualis
1361 2073 1521 2128 luctm
1579 2072 1879 2143 profectus,
1903 2079 1958 2128 et

365 2161 554 2218 suavis
582 2164 720 2218 odor
754 2163 1023 2218 bonarum
1090 2163 1491 2232 operationum,
1554 2163 1611 2217 in
1662 2161 1953 2218 mortiﬁca-

365 2255 515 2309 tione
565 2254 907 2309 voluntatum
972 2264 1029 2309 et
1074 2270 1338 2310 sensuum
1399 2254 1584 2310 carnis
1638 2254 1958 2311 indelicicns

364 2345 631 2412 studium,
659 2354 717 2401 et
756 2347 1082 2401 exercitatio
1106 2346 1333 2402 humilis
1362 2346 1430 2401 ad
1482 2361 1647 2402 omne
1689 2362 1830 2415 opus
1858 2346 1958 2401 bo-

364 2452 522 2502 num.
554 2446 613 2495 et
676 2438 962 2493 meditatio
1019 2447 1413 2509 praeceptorum
1466 2438 1560 2493 Dei
1617 2447 1672 2494 et
1725 2439 1958 2493 imitatio

365 2529 639 2598 passionis
667 2541 725 2586 et
751 2530 944 2586 mortis
976 2531 1115 2601 ejus.
1152 2529 1462 2599 Quicunque
1477 2529 1666 2601 jugum
1717 2529 1917 2584 Christi
1940 2549 1957 2585 :

366 2615 745 2675 Obedientiam
801 2620 1065 2690 intellige,
1129 2623 1257 2690 quia
1306 2620 1449 2675 sicut
1510 2636 1609 2689 per
1675 2620 1872 2689 ipsam,
1929 2636 1957 2674 a

365 2709 590 2767 Christo
616 2708 743 2767 Iesu
781 2711 1043 2780 redempti
1089 2718 1144 2764 et
1200 2710 1399 2765 salvati
1428 2727 1640 2776 sumtis,
1702 2712 1774 2766 ita
1835 2727 1957 2777 nos,

372 2816 472 2871 per
503 2802 677 2872 ipsam
720 2802 940 2872 proprie
992 2812 1047 2855 ct
1108 2802 1461 2873 singulariter
1518 2811 1804 2873 portamus
1865 2804 1958 2875 ju-

372 2910 522 2965 gum,
585 2895 871 2965 ipsamque
919 2892 1107 2949 Patres
1171 2896 1491 2965 martyrium
1571 2896 1784 2961 dicunt,
1830 2896 1958 2966 quia

368 3000 654 3041 servorum
696 2985 790 3041 Dei
838 2984 1033 3040 foruax
1070 2995 1125 3040 et
1152 2987 1475 3042 exercitatio
1500 2995 1602 3053 est,
1639 2997 1694 3040 et
1750 2988 1816 3042 ad
1875 2988 1957 3057 ip-

369 3093 489 3135 sam
525 3086 836 3149 comparata
878 3078 1019 3132 bona
1048 3077 1233 3131 omnia
1265 3092 1607 3148 quaecunque
1641 3092 1804 3133 sensu
1841 3093 1959 3147 pro-

2057 1896 2227 1946 mum,
2282 1897 2376 1953 per
2427 1883 2704 1952 pietatem,
2762 1884 3082 1953 patientiam
3122 1895 3175 1942 et
3226 1887 3635 1958 humilitatem;

2056 1974 2123 2029 ad
2177 1989 2280 2030 nos
2302 1974 2471 2046 ipsos,
2520 1991 2616 2047 per
2671 1977 3151 2035 mortiﬁcationem
3211 1995 3496 2046 sensuum,
3538 1998 3640 2039 cu-

2056 2061 2290 2119 smdiam
2342 2065 2525 2119 cordis
2565 2075 2620 2120 et
2673 2065 2893 2138 linguae,
2935 2067 3216 2123 etodium
3278 2073 3526 2142 corporis
3587 2083 3642 2130 et

2057 2154 2303 2210 omnium
2344 2154 2640 2210 visibilium
2696 2165 2751 2211 et
2779 2158 3009 2228 propria:
3057 2158 3485 2218 voluntatisz'ad
3523 2179 3640 2219 ma-

2059 2243 2226 2299 terias
2271 2253 2327 2300 et
2365 2260 2525 2300 usum
2576 2261 2782 2310 rerum,
2834 2262 2931 2317 per
2975 2253 3390 2318 temperantiam
3442 2261 3498 2307 et
3547 2271 3640 2308 so-

2058 2335 2348 2399 brietatem
2395 2346 2447 2392 ct
2495 2340 2810 2393 carunnlem
2846 2341 3152 2395 custodiant
3181 2342 3416 2406 ﬁdelem,
3454 2357 3639 2400 osten-

2059 2425 2237 2481 dendo
2287 2427 2340 2481 in
2392 2430 2490 2493 eis,
2544 2433 2689 2484 sicut
2724 2430 2776 2483 in
2828 2434 2990 2486 rebus
3030 2435 3223 2497 sacris,
3284 2434 3500 2492 Domini
3550 2456 3639 2493 re.-

2059 2522 2356 2575 vereutiam
2426 2529 2479 2576 et
2523 2522 2861 2576 servitutem.
2911 2520 3019 2589 Qui
3068 2524 3307 2580 subditus
3365 2538 3483 2582 est:
3530 2530 3637 2599 Qui

2061 2612 2343 2667 humiliter
2369 2612 2619 2669 subditus
2674 2620 2782 2676 est,
2831 2629 2940 2669 non
3014 2618 3227 2686 putabit
3296 2635 3356 2674 se
3404 2622 3639 2691 perteue

2062 2703 2338 2758 subditum
2379 2718 2501 2760 esse
2528 2711 2623 2759 aut
2653 2703 2892 2767 obedire,
2941 2706 3069 2776 quia
3121 2707 3449 2767 obedientiae
3498 2728 3637 2782 opus

2062 2793 2388 2850 immensum
2422 2811 2545 2852 esse
2576 2795 2872 2868 intelligit;
2899 2798 2994 2869 qui
3027 2814 3156 2855 vero
3175 2816 3242 2856 ex
3270 2805 3490 2876 proprio
3519 2821 3642 2862 sen-

2061 2902 2125 2942 su
2173 2898 2228 2941 et
2259 2888 2538 2944 voluntate
2584 2889 2790 2961 aliquid
2843 2888 2992 2956 facit,
3043 2891 3170 2948 licet
3197 2895 3419 2952 obedire
3470 2913 3637 2970 appa-

2061 2988 2200 3044 reat,
2281 2988 2463 3035 tamen
2523 2984 2640 3052 ipsc
2709 2992 2901 3039 contra
2961 2986 3205 3055 seipsum
3279 3003 3423 3045 onus
3473 3008 3635 3048 suum

2064 3071 2473 3140 portatzunde,
2524 3073 2568 3128 si
2620 3075 2666 3128 is
2706 3074 2800 3145 qui
2873 3075 2967 3130 tali
3042 3087 3258 3147 prmest,
3315 3080 3461 3137 hunc
3526 3100 3633 3140 non

368 3171 490 3241 prio
521 3178 577 3227 et
604 3173 880 3227 voluntate
931 3173 1088 3234 tlunt,
1119 3169 1257 3224 nihil
1304 3180 1454 3223 sunt.
1519 3168 1579 3224 Si
1635 3184 1754 3224 vero
1810 3170 1951 3225 alios

2059 3162 2257 3232 arguit,
2312 3162 2529 3232 sibiipsi
2580 3175 2635 3219 ct
2691 3165 2961 3235 discipulo
3016 3183 3182 3223 causa
3264 3172 3633 3241 periculorum

373 3262 650 3333 fecerimus
675 3279 691 3315 :
720 3262 1001 3332 Alioquin,
1030 3260 1228 3329 inquit,
1262 3260 1352 3331 qtti
1379 3260 1553 3315 aliena
1612 3270 1834 3330 peccata
1860 3277 1957 3316 cu-

373 3355 519 3408 riose
549 3354 797 3424 requirit,
846 3364 901 3407 et
931 3363 1230 3420 scrutatur,
1274 3353 1561 3417 discernit,
1620 3353 1954 3421 suspicatur,

374 3454 430 3500 et
466 3445 695 3513 iudicat,
743 3456 799 3498 et
832 3443 1133 3513 praesertim
1166 3443 1550 3513 pricsidentis;
1618 3458 1725 3498 non
1780 3447 1958 3514 pix-ni-

376 3537 559 3591 tentia:
585 3537 725 3591 viam
763 3536 915 3600 vidit,
949 3544 1042 3589 aut
1071 3536 1404 3606 paenitentia!
1440 3534 1652 3589 initium
1685 3534 1838 3603 fecit,
1864 3537 1957 3592 sed

377 3628 628 3683 elationis
656 3637 710 3681 et
759 3627 1053 3696 praecipitis
1088 3626 1229 3679 viain
1281 3635 1448 3681 tenet.
1521 3625 1691 3680 Nemo
1712 3627 1824 3681 sine
1852 3643 1957 3698 qua

378 3720 690 3774 vitiosarum
742 3733 760 3773 :
814 3716 964 3771 Multi
1012 3719 1180 3783 enim,
1257 3718 1376 3772 sine
1447 3718 1784 3786 subiectione
1850 3718 1960 3773 Deo

381 3812 720 3881 placuerunt,
749 3811 893 3866 sicut
924 3809 1126 3864 Paulus
1169 3808 1408 3864 [Gratuita
1466 3820 1521 3864 et
1568 3809 1734 3864 Maria
1789 3808 1957 3882 Egy-

379 3902 582 3974 ptiaca,
610 3912 669 3958 et
693 3900 786 3956 alii
816 3901 1010 3955 multi:
1073 3901 1354 3971 quomodo
1425 3914 1581 3970 ergo,
1642 3900 1761 3956 sine
1820 3902 1956 3971 ipsa,

385 3997 553 4056 Nemo
597 3996 767 4054 Deum
800 3997 994 4052 uidebit
1017 3998 1043 4050 1’
1068 3996 1310 4051 Dicimus
1342 4011 1495 4069 ergo,
1548 3998 1693 4066 quod
1728 3997 1821 4067 qui
1846 4011 1963 4066 per-

380 4088 521 4146 fecte
568 4103 788 4144 carnem
822 4086 1039 4157 spiritui
1089 4086 1332 4155 subjicit,
1372 4093 1428 4141 et
1448 4086 1803 4141 conscientiae
1862 4088 1961 4141 sti-

381 4184 591 4239 mulum
622 4181 863 4253 possidet
893 4180 1156 4252 judicem,
1190 4189 1244 4235 et
1275 4181 1324 4235 ei
1352 4180 1556 4244 obedit,
1589 4181 1728 4235 nihil
1755 4181 1859 4236 sibi
1895 4181 1963 4236 de

382 4277 605 4346 propria
669 4276 948 4329 voluntate
1023 4273 1362 4343 relinquens,
1411 4273 1514 4328 iste
1585 4272 1786 4329 divinis
1825 4289 1962 4345 prte-

381 4367 551 4435 ceptis
595 4363 774 4420 factus
823 4363 1104 4426 obedieus,
1157 4372 1452 4431 antequam
1508 4362 1779 4417 visibilem
1838 4363 1966 4419 obc—

380 4456 642 4513 dientiam
676 4465 1036 4527 pertranseat,
1068 4454 1133 4509 ad
1191 4456 1611 4511 intellectualem
1677 4455 1959 4526 pertingit,

382 4550 782 4622 qtnemtiltuni
826 4548 1035 4605 excedit
1083 4548 1377 4604 visibilem.
1438 4548 1497 4603 Si
1546 4549 1753 4613 anima.
1832 4564 1956 4605 cor-

384 4660 505 4714 pus,
539 4652 595 4699 et
624 4644 868 4715 spiritus,
898 4643 1156 4705 litteram.
1189 4651 1243 4697 et
1274 4642 1505 4712 gratiam
1541 4639 1838 4713 Evangelii,
1885 4642 1963 4696 lc-

382 4751 527 4805 gem,
553 4747 609 4792 et
639 4736 888 4807 gloriam,
921 4735 1170 4805 gratiam,
1224 4747 1278 4789 et
1313 4735 1477 4800 hanc,
1536 4736 1627 4790 illa
1682 4737 1966 4792 substituit

382 4838 436 4882 et
483 4827 972 4884 commendabilem
1006 4827 1154 4881 facit.
1188 4825 1253 4881 Et
1277 4826 1446 4883 habes
1488 4826 1613 4885 illos
1667 4829 1759 4899 qui
1817 4831 1961 4884 circa

382 4935 642 4993 magnum
687 4919 1013 4985 Antonium,
1061 4935 1155 4990 per
1210 4920 1630 4977 intellectualem
1707 4923 1965 4976 obedien-

386 5015 517 5071 tiam
547 5012 898 5074 rcl'ulserunt.
927 5024 982 5069 et
1010 5015 1164 5083 quasi
1198 5015 1374 5086 angeli
1430 5030 1524 5085 per
1560 5017 1805 5071 eamdem
1860 5016 1963 5069 Do-

385 5107 537 5161 mino
562 5107 884 5165 obediehant
938 5112 1115 5164 solum
1152 5110 1395 5167 crrlestia
1432 5113 1725 5182 sapientes,
1761 5113 1963 5182 quibus

384 5202 583 5268 dignus
613 5218 722 5256 non
770 5212 889 5257 erat
917 5205 1173 5258 mundus.
1233 5202 1496 5259 Praecedit
1549 5219 1680 5275 ergo
1755 5206 1964 5260 intelle-

385 5294 583 5349 ctualis
621 5294 927 5349 obedientia
983 5297 1248 5351 visibilem
1281 5296 1784 5365 incomparabiliter
1836 5318 1848 5352 :
1910 5309 1960 5352 et

386 5385 530 5442 sicut
555 5387 658 5450 sol,
698 5402 801 5444 suo
825 5398 948 5443 ortu
981 5388 1165 5444 stellas
1188 5388 1446 5450 occultat,
1477 5389 1552 5443 ita
1585 5387 1961 5444 intellectualis

385 5475 718 5536 obedientia.
776 5477 1061 5533 visibilem.
1127 5476 1329 5544 Quare,
1392 5478 1487 5549 qui
1535 5479 1958 5534 intellectualem

386 5582 497 5625 non
528 5570 826 5639 possident,
856 5571 952 5626 sed
1001 5569 1180 5625 adhuc
1225 5570 1371 5625 vitiis
1421 5570 1798 5638 molestantur,
1844 5574 1961 5628 sine

383 5661 613 5726 visibili,
658 5671 916 5733 tanquam
957 5662 1167 5731 parvuli
1226 5672 1282 5718 et
1330 5662 1432 5717 sub
1491 5672 1651 5719 nocte
1704 5665 1959 5719 vitiorum

386 5752 673 5821 prolicere,
736 5753 812 5809 vel
856 5754 1054 5810 salvari
1106 5769 1213 5808 non
1256 5763 1503 5823 possunt.
1542 5755 1683 5813 Bene
1710 5772 1840 5827 ergo
1872 5759 1958 5812 di-

2057 3262 2160 3308 cst.
2193 3253 2500 3323 Propterea,
2538 3254 2697 3311 Pater
2725 3258 2893 3315 dicit:
2934 3275 3092 3330 super
3121 3262 3217 3315 hoc
3277 3265 3449 3319 dicere
3480 3267 3636 3336 quiil-

2057 3359 2215 3412 quam
2271 3361 2372 3398 non
2436 3346 2621 3414 habeo,
2676 3352 2802 3418 quia
2871 3353 3037 3406 verbo
3094 3354 3399 3409 dubitativa
3456 3357 3634 3427 ipsum

2058 3449 2211 3488 reum
2246 3436 2738 3507 ostenditjudicio.
2796 3441 2880 3495 Ad
2907 3444 3309 3513 confessionem,
3366 3464 3468 3519 qua
3522 3452 3634 3505 sine

2058 3527 2233 3581 nullus
2261 3530 2614 3584 remissionem
2637 3571 2652 3595 ,
2687 3542 2793 3588 etc.
2833 3551 2845 3588 :
2875 3533 3012 3601 Quia
3040 3539 3286 3592 conliteri
3316 3541 3637 3611 simpliciter

2059 3631 2277 3688 peccata
2308 3634 2553 3678 tenemur
2580 3640 2644 3679 ex
2694 3629 3022 3683 necessitate
3049 3629 3217 3684 divini
3252 3634 3512 3704 mandati,
3543 3654 3639 3708 pa-

2061 3721 2136 3768 tet
2165 3731 2230 3768 cx
2288 3718 2605 3785 apostolicis
2637 3719 3022 3777 traditionibus
3071 3732 3124 3777 et
3175 3727 3374 3795 regulis
3433 3728 3503 3784 ab
3558 3731 3636 3786 cis

2060 3807 2353 3876 propositis
2416 3806 2668 3866 Ecclesize
2704 3812 3011 3881 catholicae,
3058 3830 3154 3885 per
3208 3814 3470 3887 Spiritum
3507 3837 3635 3876 sau-

2060 3909 2206 3953 cium
2236 3916 2469 3970 quorum
2501 3918 2739 3960 canones
2753 3914 2806 3962 et
2839 3907 3084 3962 inStituta
3118 3919 3379 3974 tenentes,
3404 3910 3496 3965 Dt-i
3547 3932 3634 3968 sa.

2060 3993 2564 4064 cerdotihus(juxta
2619 4011 2810 4051 corum
2852 4003 3210 4072 prazcepwm)
3266 4015 3489 4071 peccata
3511 4021 3637 4061 cou-

2062 4085 2274 4139 litentes
2322 4086 2710 4158 indulgentiam
2738 4100 2793 4144 et
2844 4091 3224 4148 remissionem
3268 4097 3513 4167 accipere
3558 4099 3638 4152 ct-

2064 4173 2278 4227 licimur
2309 4176 2453 4245 digni
2480 4193 2494 4228 τ
2525 4189 2833 4247 propterea,
2868 4195 2974 4251 qua
3028 4182 3168 4246 sine,
3219 4183 3349 4240 dicit
3414 4197 3637 4243 sanctus

2065 4264 2225 4320 Pater
2267 4291 2277 4323 ;
2317 4266 2485 4342 Nemo
2528 4268 2717 4324 videbit
2760 4270 2950 4327 Deum.
2983 4305 3053 4315 --
3075 4276 3285 4331 Fratris
3321 4290 3377 4333 ut
3407 4283 3461 4334 in
3489 4283 3636 4334 nullo

2064 4359 2382 4414 conscientia
2443 4363 2830 4418 vulneraretur.
2888 4363 3218 4427 Multimodis
3282 4370 3439 4425 factis
3505 4388 3637 4427 cou-

2066 4454 2294 4506 scieutia
2327 4452 2516 4508 feritur
2547 4473 2561 4508 :
2611 4456 2922 4513 extollentia
2958 4467 3012 4514 et
3071 4460 3324 4528 clatimie,
3365 4463 3634 4533 superﬂua

2069 4546 2373 4613 prudentia,
2406 4547 2742 4617 seductionc,
2776 4550 3108 4616 inlidelitatc,
3152 4548 3456 4619 mendacio,
3490 4555 3639 4611 hau-

2066 4637 2155 4701 dc,
2200 4636 2536 4709 deceptione,
2572 4652 2906 4712 contemptu,
2946 4644 3141 4710 livore,
3178 4648 3636 4716 murmuratione,

2066 4730 2421 4796 detractione,
2451 4735 2708 4800 vindicta,
2748 4746 2802 4791 et
2832 4736 3055 4808 reliquis
3085 4755 3205 4809 quae
3236 4740 3527 4810 pariuntur
3572 4762 3638 4800 ex

2068 4821 2210 4877 istis.
2274 4820 2341 4875 Ut
2375 4824 2429 4877 in
2462 4826 2830 4894 gravissimam
2876 4829 3070 4891 animo:
3125 4830 3337 4885 ruinam
3390 4837 3638 4905 prati-ipi-

2068 4925 2225 4969 (orer.
2292 4916 2687 4974 Gravissimum
2744 4922 2938 4975 anima:
3017 4921 3253 4993 lapsum,
3309 4942 3416 4980 non
3470 4929 3636 4983 alium

2066 5010 2215 5071 dicit,
2251 5026 2413 5079 quam
2465 5013 2898 5069 extraordinarie
2931 5016 3107 5086 ipsum
3144 5029 3393 5089 gustasse
3445 5032 3497 5075 ct
3524 5023 3639 5077 [ιιι--

2068 5104 2173 5154 tivo
2198 5117 2259 5156 at;
2287 5104 2509 5158 latenter
2540 5106 2842 5162 comedisse
2879 5123 2943 5162 ex
2970 5108 3052 5164 his
3086 5126 3204 5179 quae
3235 5113 3489 5167 animalia
3514 5131 3640 5186 por-

2067 5198 2274 5260 tabant,
2302 5194 2449 5267 quod
2486 5206 2569 5252 est
2614 5211 2896 5270 peccatum
2945 5201 3353 5271 gravissimum,
3382 5215 3437 5259 et
3504 5223 3639 5276 pene

2064 5290 2390 5360 inexpiabile
2440 5307 2559 5347 esse
2589 5309 2818 5366 magnus
2850 5292 3009 5350 Pater
3036 5308 3222 5352 noster
3268 5297 3497 5352 Basilius
3525 5300 3636 5354 cvi-

2063 5386 2250 5440 dcuter
2279 5387 2514 5441 declarat
2547 5386 2600 5442 in
2637 5387 2921 5445 Prommiis
2958 5390 3154 5459 regulae
3181 5406 3310 5457 suae,
3342 5390 3429 5446 ubi
3457 5400 3643 5447 osten-

2062 5477 2142 5532 dit
2188 5478 2335 5549 quod
2389 5481 2478 5534 tali
2531 5481 2689 5551 culpa
2738 5483 3082 5551 inquinatus,
3128 5484 3285 5553 quasi
3346 5483 3636 5556 iucorrigi~

2062 5570 2187 5626 bilis
2226 5574 2350 5628 erit.
2384 5570 2538 5628 Unde
2594 5574 2754 5630 docet
2802 5576 2946 5646 quod
2980 5575 3104 5632 talis
3156 5576 3285 5632 mali
3321 5575 3639 5633 ccinntissio

2062 5678 2233 5733 usque
2286 5664 2351 5719 ad
2400 5664 2598 5737 lingua:
2626 5667 2798 5723 solius
2843 5680 3085 5738 gustum.
3149 5678 3234 5726 est
3275 5670 3491 5740 penitus
3538 5671 3637 5741 (si-

2063 5768 2152 5812 cut
2180 5759 2370 5814 mortis
2423 5759 2705 5832 obligatio)
2745 5759 3014 5833 fugienda.
3066 5762 3169 5830 Qui
3204 5779 3332 5835 ergo
3385 5765 3488 5821 istc
3519 5762 3637 5820 l'ur-
