4008 6148
427 310 561 374 1219

420 426 670 480 detentus
702 435 921 496 propter
974 424 1253 486 virtutem,

418 524 550 576 tem.
587 515 927 578 charitatcm,
971 525 1028 571 ct
1097 512 1418 582 sapientiam
1455 527 1555 567 nec
1608 521 1846 583 gustare,
1897 525 1999 565 nec

418 607 624 671 videre,
659 608 962 668 intendere.
995 622 1094 663 nec
1120 605 1363 677 cogitare
1387 612 1588 676 potest.
1616 603 1818 671 Quare,
1864 619 2003 674 gau-

417 700 568 754 dium
598 699 824 765 Christi,
861 707 948 755 est
981 701 1038 756 in
1068 711 1257 755 nostro
1292 698 1535 767 perfecto
1572 712 1793 753 recessu
1831 714 1863 751 a
1893 704 2004 751 ter-

418 801 552 841 reno
600 795 656 840 et
709 786 987 842 mundano
1039 793 1094 841 et
1132 785 1336 840 carnali
1398 797 1607 839 amore.
1636 781 1795 846 Cave,
1855 784 2004 837 obse-

417 896 508 934 cro
553 880 685 951 (15).
720 879 978 935 Diabolus
1027 887 1087 934 ut
1137 886 1456 933 retrovertat
1489 876 1581 931 Dei
1634 876 1868 932 famulos
1900 880 2004 933 sub

418 972 599 1042 specie
623 972 759 1027 bene
793 971 1137 1027 rationabilis
1164 970 1403 1041 pietatis,
1431 971 1668 1024 ostendit
1687 970 1788 1034 eis,
1833 971 1916 1023 vel
1948 970 2001 1024 in

418 1066 587 1119 multa
640 1065 864 1133 penuria
923 1073 979 1120 ct
1015 1062 1459 1118 tribulationibus
1514 1062 1818 1119 innumeris
1870 1077 2004 1118 suos

415 1171 538 1213 csse
587 1165 860 1227 parentes,
919 1155 1000 1210 vel
1055 1156 1109 1209 in
1166 1154 1339 1208 mttlto
1405 1153 1647 1224 periculo
1698 1155 1894 1208 anima:
1950 1164 2004 1208 ct

417 1247 719 1318 ignorantia
750 1247 1088 1306 conversari,
1132 1245 1393 1299 rtumuia
1460 1259 1648 1300 eorum
1709 1244 1813 1299 sub
1850 1259 2003 1315 quo-—

416 1337 540 1393 dant
570 1341 727 1411 quasi
769 1339 934 1394 divini
967 1338 1159 1409 judicii
1202 1337 1405 1391 diluvio
1436 1336 1633 1392 debere
1701 1336 2000 1408 submergi,

418 1433 521 1487 nisi
545 1433 748 1489 eisdem
777 1432 1124 1488 vehementer
1148 1430 1385 1495 afllictis,
1419 1444 1544 1485 cum
1606 1445 1734 1484 arca
1788 1429 2002 1486 consilii

420 1527 502 1579 vel
559 1525 760 1582 favoris
789 1525 901 1580 cito
936 1523 1318 1578 subveniatur.
1347 1521 1528 1588 Quare
1557 1536 1703 1576 nunc
1743 1521 1844 1577 iste
1869 1536 2001 1576 san-

417 1625 540 1672 ctus
588 1617 720 1673 dicit
786 1616 937 1684 Vide,
970 1617 1105 1681 ride,
1133 1617 1261 1685 quia
1299 1629 1476 1685 neque
1506 1614 1612 1668 sub
1635 1614 1819 1683 specie
1865 1628 2002 1683 prae-

417 1709 729 1776 dicationis,
761 1724 935 1778 neque
969 1709 1075 1764 sub
1130 1707 1356 1762 obtentu
1405 1706 1712 1776 corporalis
1762 1705 2001 1760 subven-

418 1803 604 1867 tionis,
640 1802 736 1855 tibi
789 1798 915 1854 licet
952 1801 1018 1852 ad
1055 1809 1341 1868 parentum
1390 1812 1637 1852 amorem
1665 1798 1749 1851 vel
1807 1811 1999 1852 curam

1574 313 1632 368 ὃ.
1671 308 1995 369 JOANNIS
2056 308 2571 371 RAITHUENSIS

1327 420 1664 477 altitudinem
1692 436 1748 477 et
1789 423 2006 477 clarita-
2031 439 2080 487 Α
2111 421 2207 477 riis
2229 422 2484 478 deorsum
2517 435 2617 477 nos
2643 419 2969 476 inclinantes
2999 427 3237 475 tentrmt:
3267 424 3322 471 et
3347 416 3401 469 in
3428 416 3533 471 isto
3555 431 3675 468 uia-

3543 300 3674 364 1220

2104 517 2300 573 nifeste
2348 515 2615 582 convicti,
2673 513 3143 585 phantasmatilms
3186 525 3285 567 nos
3344 511 3399 564 in
3443 508 3674 566 somniis

2104 609 2172 663 ad
2220 606 2611 678 malignitatem
2668 621 2829 677 agere
2880 615 3194 660 conantur:
3234 617 3332 673 per
3377 617 3503 672 quae
3562 616 3673 655 sua:

2105 704 2347 774 ipsorum
2385 701 2774 757 imbecillitatis
2825 700 3188 769 cognitionem
3219 698 3539 752 exhibentes
3593 696 3674 750 eis

2103 794 2195 865 qui
2225 793 2408 849 viriles
2439 802 2569 849 sunt
2598 801 2655 849 et
2686 792 2948 849 adversus
2996 805 3057 847 se
3116 803 3399 861 resurgere
3463 797 3673 857 parant,

2105 900 2211 941 non
2266 894 2589 956 apparentes
2633 893 2764 939 tunc
2796 898 2970 953 usque
3002 883 3231 938 insidias
3284 880 3670 936 venenautium

2105 979 2455 1033 seductorum
2486 978 2851 1046 propalantes.
2889 975 2994 1041 Qui
3032 991 3150 1030 vero
3182 975 3261 1029 eis
3286 973 3439 1026 nulla
3470 973 3673 1025 ratione

2103 1071 2306 1125 credit:
2336 1069 2698 1138 Distinguitur
2734 1071 2925 1122 modus
2962 1071 3013 1121 in
3043 1068 3447 1136 generalimtcm
3475 1077 3521 1117 et
3551 1082 3669 1118 cor-

2104 1162 2433 1231 ruptionetu,
2488 1170 2836 1230 augmentum
2882 1165 2936 1211 et
2985 1158 3424 1217 diminutionem,
3479 1158 3675 1208 altera-

2106 1253 2328 1309 tionem.
2375 1261 2427 1305 et
2462 1251 2687 1306 localem
2724 1250 3105 1310 imitationem,
3156 1258 3381 1307 ret-tam,
3428 1262 3482 1301 Ct
3535 1246 3674 1298 obli-

2101 1360 2289 1416 quam,
2327 1352 2381 1397 et
2432 1344 2777 1399 circularem.
2841 1345 2883 1393 Λ
2949 1342 3097 1395 nullo
3148 1340 3343 1394 ιεηπυιιι
3399 1337 3676 1392 tlurmicus

2102 1439 2365 1508 privatur,
2418 1434 2523 1491 nisi
2555 1452 2585 1490 a
2634 1434 2788 1490 lucali
2832 1444 3001 1495 motu,
3034 1434 3286 1502 quamvis
3340 1445 3394 1484 et
3453 1431 3675 1500 quidam

2102 1528 2436 1583 dormientes
2493 1525 2778 1581 ambulare
2842 1528 3048 1580 inventi
3107 1536 3255 1579 sunt.
3307 1523 3445 1578 Cum
3492 1531 3675 1576 autem

2103 1621 2472 1691 multipliciter
2510 1619 2721 1675 somnia
2770 1618 2922 1683 fiant,
2975 1618 3190 1672 duabus
3243 1626 3425 1671 tamen
3467 1614 3674 1685 specie-

2103 1715 2207 1769 bus
2278 1714 2619 1770 somniorum
2688 1716 3016 1783 quanifoque
3076 1712 3396 1767 attribuitur
3454 1707 3678 1764 visionis

2101 1805 2358 1873 qualitas.
2414 1803 2511 1859 Est
2551 1805 2991 1874 enim,quando,
3041 1813 3096 1858 et
3123 1818 3245 1872 qua:
3292 1803 3571 1864 nolumus,
3623 1807 3680 1853 et

416 1894 703 1948 retroverti
733 1910 747 1946 :
779 1892 906 1961 qui-i
935 1892 1036 1945 ltoc
1076 1889 1226 1961 quod
1262 1890 1357 1943 tibi
1392 1888 1629 1942 mundus
1686 1886 1997 1949 universus,
2031 1875 2075 1934 Β
2102 1910 2224 1964 qua:
2247 1895 2523 1965 diligimus
2562 1896 2814 1950 videmus
2860 1895 3069 1950 eisdem
3105 1893 3420 1949 reformatis
3485 1892 3679 1963 imagi-

427 1996 550 2040 tuos
599 1983 929 2054 passibiliter
958 1980 1226 2052 diligenti,
1255 1980 1413 2050 aquis
1439 1979 1653 2032 videtur
1683 1991 1806 2032 esse
1832 1976 2005 2046 reple-

415 2088 526 2142 tus,
578 2091 707 2131 caro
742 2076 999 2130 rcvelavit
1046 2084 1099 2126 et
1124 2073 1350 2145 sanguis
1389 2088 1513 2127 cum
1573 2071 1777 2126 Satana
1839 2072 2004 2127 simul

417 2183 476 2226 ut
516 2184 703 2240 pereas
748 2177 803 2223 et
831 2167 1093 2239 angelica:
1140 2165 1580 2222 conversationis
1613 2173 1829 2235 portum
1860 2164 2004 2219 male

416 2263 713 2332 relinquas.
745 2258 1078 2315 Pollicciitur
1104 2257 1256 2312 nobis
1285 2256 1504 2310 subdole
1530 2271 1549 2308 :
1575 2254 1782 2319 Nostri,
1810 2264 1866 2310 et
1893 2270 2000 2309 non

417 2354 589 2410 nostri
637 2361 785 2418 sunt,
825 2361 1079 2422 parentes
1109 2349 1411 2407 secundum
1444 2333 1698 2414 carnem}
1751 2348 1845 2417 qui
1905 2362 2005 2400 no-

418 2448 517 2503 stri
563 2455 710 2515 sunt,
770 2447 926 2516 juxta
988 2452 1198 2499 naturae
1274 2441 1664 2507 conditionem,
1721 2457 1830 2495 non
1909 2456 2003 2496 uo-

417 2540 540 2605 stri,
568 2539 867 2597 secundum
901 2538 1242 2608 propositum
1287 2547 1343 2590 et
1372 2533 1705 2588 voluntatem
1769 2533 2003 2588 servitu-

419 2634 490 2687 tis
559 2631 693 2686 Dei:
775 2644 1010 2700 quorum
1068 2627 1448 2697 cogitationes,
1509 2633 1639 2680 :aut
1692 2622 2004 2694 frequenter

418 2734 609 2777 contra
673 2735 773 2775 nos
832 2736 863 2775 a
913 2719 1220 2784 daemoniis,
1251 2728 1311 2772 ut
1397 2725 1599 2773 nostra?
1670 2715 1819 2781 fiant,
1883 2730 2006 2786 qua:

419 2824 549 2871 sunt
605 2816 676 2868 ah
730 2814 943 2868 alienis.
998 2813 1130 2882 Ipsae
1199 2825 1328 2866 vero
1373 2821 1658 2878 susceptae,
1711 2824 1806 2880 per
1866 2824 2001 2863 con-

417 2923 641 2964 sensum
683 2908 1049 2962 lluntnostrat
1092 2918 1217 2975 qua:
1244 2903 1556 2958 habuerunt
1613 2901 1881 2973 originem
1936 2900 2004 2955 ab

418 3002 610 3056 alienis
636 3010 688 3056 et
714 2997 951 3054 inimicis
1003 2997 1290 3054 daemoniis
1336 3006 1391 3050 et
1438 2995 1774 3063 parentibus,
1815 3004 1868 3049 et
1902 3009 2003 3064 pu-

420 3094 601 3147 nimur
627 3092 693 3146 dc
718 3090 819 3145 eis.
858 3086 1137 3157 Colloquia
1174 3086 1342 3150 mala,
1386 3084 1667 3140 saecularia
1728 3084 1887 3137 simul
1954 3094 2003 3138 et

422 3183 601 3252 turpia
647 3179 782 3251 (14).
818 3179 884 3234 Et
932 3187 1122 3232 ornata
1156 3177 1377 3248 quidem
1441 3176 1717 3229 mundana
1759 3175 1999 3243 eloquia,

420 3272 710 3342 sapientia,
770 3281 825 3326 et
873 3269 1180 3340 prudentia,
1244 3266 1395 3337 quia,
1454 3265 1595 3319 fastu
1652 3264 1995 3334 eloquentiae,

425 3364 717 3418 vanitatem
751 3360 942 3415 inflant
988 3371 1041 3414 ct
1101 3357 1392 3413 elationem
1455 3354 1745 3419 extollunt,
1806 3354 1999 3409 incon-

419 3471 576 3527 grtia,
607 3465 660 3509 ct
683 3454 825 3524 apud
857 3465 1046 3509 servos
1070 3451 1162 3506 Dei
1204 3450 1455 3505 inornata
1500 3447 1776 3503 exsistunt
1801 3468 1815 3500 :
1846 3448 1999 3500 inor-

420 3556 544 3603 nata
579 3561 707 3601 vero
748 3554 877 3601 sunt
944 3540 1219 3599 mundana
1265 3540 1505 3611 eloquia,
1550 3540 1753 3595 lascive
1807 3547 1861 3593 et
1913 3540 1996 3592 vi-

423 3639 580 3700 tiose,
613 3655 675 3692 ac
724 3640 953 3705 turpiter
996 3636 1165 3697 diota,
1201 3647 1346 3704 quae,
1386 3631 1485 3687 etsi
1514 3632 1789 3702 eleganter
1817 3639 1871 3686 et
1900 3646 1994 3684 or-

422 3738 547 3784 nate
583 3728 855 3790 dicantur,
883 3736 1061 3781 tamen
1096 3741 1203 3778 non
1255 3722 1603 3778 mediocriter
1663 3721 1757 3774 sed
1820 3722 1998 3775 maxi-

424 3836 510 3877 me
549 3821 768 3875 tradunt.
823 3818 1005 3883 Quare
1041 3815 1316 3871 mundana
1344 3814 1561 3883 eloquia
1606 3812 1824 3882 penitus
1901 3812 1992 3865 in-

422 3912 596 3976 utilia,
628 3913 756 3982 quia
799 3912 882 3965 vel
915 3909 1230 3979 temporalia
1261 3917 1313 3962 et
1344 3905 1605 3967 carnalia,
1651 3904 1732 3959 vel
1764 3906 1995 3973 superba

418 4018 473 4063 et
518 4020 740 4061 crrunca
774 4013 926 4065 sunt,
958 4011 1013 4056 et
1039 4003 1263 4055 ontuiuo
1320 3998 1539 4052 vitanda
1605 4006 1659 4050 et
1716 3995 1988 4065 fugienda.

421 4097 697 4154 Somnium
741 4106 817 4149 est
847 4095 1011 4149 animi
1043 4092 1150 4161 (l5)
1185 4101 1377 4154 motus,
1406 4099 1510 4144 etc.
1558 4086 1709 4143 Visio
1740 4097 1824 4142 est
1846 4102 1994 4155 qua:-

420 4190 567 4252 datn,
613 4187 918 4258 phantasia,
952 4200 1082 4255 qua,
1129 4182 1286 4253 quasi
1311 4182 1364 4234 in
1411 4196 1576 4236 sensu
1622 4191 1669 4233 et
1707 4178 1820 4234 fere
1874 4193 1992 4234 ma-

422 4280 614 4336 nifeste
646 4280 818 4334 visum
850 4288 954 4333 cst.
979 4274 1264 4332 Somnium
1297 4282 1402 4337 cst,
1437 4270 1582 4342 quod
1621 4271 1991 4341 (dormienda)

421 4372 476 4425 iu
521 4370 807 4439 phantasia
843 4368 1194 4437 itttaginattlm
1216 4373 1316 4418 est.
1346 4361 1604 4430 Corporis
1641 4374 1768 4414 vero
1795 4359 1990 4412 immo-

422 4461 708 4520 bilitatem.
766 4458 1142 4528 pausationem
1197 4464 1251 4508 et
1283 4452 1520 4523 quietem
1575 4449 1727 4515 dicit,
1791 4463 1989 4502 secun-

421 4552 549 4605 dum
578 4567 740 4620 quam
773 4553 1060 4620 quiescunt
1090 4546 1447 4607 dormientes,
1494 4550 1547 4595 et
1583 4554 1785 4609 corpus
1811 4548 1992 4592 manet

2105 1990 2347 2055 natione,
2405 1990 2722 2060 angelorum
2768 1988 3094 2044 ministerio.
3127 1986 3222 2042 Est
3247 2003 3376 2041 vero
3419 1985 3677 2056 amplius,

2103 2079 2324 2148 quando
2351 2078 2537 2135 divina
2584 2077 2797 2134 visione
2847 2093 3001 2132 meus
3036 2086 3220 2131 nostra
3276 2077 3563 2131 rationalis
3590 2093 3676 2129 ιιιο

2105 2169 2388 2232 formatur,
2437 2180 2493 2226 et
2535 2171 2605 2226 de
2665 2168 3088 2240 pracognitiune
3139 2168 3445 2223 futurorum
3501 2167 3681 2221 taliter

2102 2263 2387 2324 docemur,
2421 2271 2479 2316 ut
2532 2268 2679 2331 patet
2724 2261 2792 2315 de
2826 2260 3149 2329 Scripturis.
3192 2258 3265 2312 At
3310 2259 3456 2313 enim
3489 2272 3679 2313 secun-

2103 2358 2234 2412 dum
2287 2358 2432 2410 hunc
2474 2368 2733 2424 magnum
2783 2367 2924 2408 verae
2954 2352 3235 2422 sapientia:
3282 2365 3524 2406 amorem
3584 2364 3678 2405 os-

2104 2448 2276 2501 tendit
2302 2447 2394 2515 qui
2445 2446 2654 2513 spernit
2704 2442 2916 2498 somnia
2964 2453 3128 2514 atque
3162 2444 3462 2498 contemnit
3490 2460 3503 2497 :
3535 2441 3679 2495 Mul-

2105 2547 2183 2591 tos
2209 2538 2346 2590 enim
2380 2552 2559 2589 errare
2592 2535 2828 2603 fecerunt
2851 2534 3058 2588 somnia
3096 2533 3159 2589 “’.

2208 2657 2340 2716 CAP.
2374 2656 2463 2713 IV.
2506 2688 2574 2697 --
2599 2657 2890 2727 Abnegatio
2923 2657 3049 2727 quid
3080 2658 3147 2711 sit
3178 2658 3303 2720 (col.
3338 2657 3442 2714 679
3475 2658 3565 2729 Α).

2175 2750 2378 2806 Anima!
2404 2752 2633 2821 propriw
2662 2752 2890 2821 perlecta
2920 2751 3192 2821 abnegutio
3220 2752 3553 2823 :Abnegatio
3575 2768 3677 2808 au-

2106 2856 2211 2902 tem
2255 2857 2338 2902 est
2370 2848 2604 2916 perfecta
2638 2847 2883 2901 omnium
2914 2861 3097 2901 rerum
3144 2850 3493 2916 prresentium
3533 2849 3678 2902 obli-

2104 2941 2234 3001 vio.
2286 2949 2340 2994 et
2398 2953 2428 2993 a
2484 2940 2718 3009 propriis
2780 2938 3118 2994 naturalibus
3185 2955 3345 2995 verus
3405 2955 3674 2998 recessus.

2105 3031 2430 3102 Confectum,
2470 3031 2777 3086 dormienda
2824 3032 2969 3085 iter:
3029 3031 3311 3087 Dormiens
3364 3034 3594 3103 quiescit
3644 3050 3677 3089 a

2105 3127 2273 3189 curis,
2315 3139 2415 3180 nec
2451 3134 2605 3179 curat
2643 3127 2708 3179 dc
2733 3124 2939 3193 aliquo,
2989 3123 3085 3189 ita,
3119 3125 3211 3192 qui
3250 3139 3374 3178 vere
3413 3126 3680 3181 obeiliens

2102 3231 2187 3275 est
2218 3219 2357 3286 (sive
2387 3217 2524 3273 mari
2559 3217 2842 3285 navigans,
2881 3217 2996 3271 sive
3025 3216 3269 3271 incidens
3317 3217 3370 3271 in
3415 3218 3679 3292 latrones)

2103 3315 2171 3369 de
2197 3311 2453 3383 periculis
2482 3325 2589 3364 non
2640 3309 2874 3375 curabit,
2933 3323 3108 3378 neque
3152 3319 3415 3380 praecepta
3468 3312 3678 3368 discer-

2106 3415 2233 3460 net:
2284 3404 2389 3460 scit
2420 3404 2566 3458 enim
2601 3400 2905 3471 diligenter,
2934 3402 3063 3472 quia
3103 3402 3155 3456 in
3206 3404 3525 3474 martyrium
3573 3404 3679 3459 ini-

2103 3498 2383 3570 putabitur
2413 3496 2461 3551 ei
2496 3496 2639 3565 quod
2664 3496 3041 3565 supervenerit
3084 3490 3381 3564 periculum
3411 3516 3477 3553 eo
3530 3502 3676 3569 quod

2102 3591 2486 3653 obedientiam,
2516 3591 2634 3645 sine
2668 3590 2920 3642 humanae
2973 3590 3270 3658 prudentia:
3323 3592 3675 3658 discretione,

2102 3683 2410 3755 complevit.
2463 3681 2776 3737 Obedicnfia
2839 3692 2914 3733 est
2977 3681 3238 3746 depositio
3293 3685 3672 3740 discretionis:

2101 3776 2244 3848 quod
2283 3780 2563 3846 praeceptis
2605 3774 2809 3845 (malis,
2841 3776 3246 3845 apparentibus)
3287 3779 3507 3831 oliediat
3552 3795 3678 3836 vere

2100 3870 2564 3934 obediens,sicut,
2621 3867 2713 3936 qui
2774 3867 3002 3937 proiecit
3055 3868 3222 3922 lilium
3264 3885 3425 3924 suum
3474 3872 3525 3925 in
3556 3872 3676 3926 lur-

2103 3979 2251 4018 num.
2288 3959 2355 4015 In
2401 3961 2599 4014 divitiis
2635 3975 2762 4014 vero
2806 3960 3163 4025 discretionis,
3208 3963 3344 4029 sive,
3398 3965 3536 4018 inter
3587 3968 3680 4020 di-

2101 4056 2255 4111 ritias
2290 4053 2620 4108 discretionis
2652 4053 2804 4116 dicit,
2853 4052 2979 4122 quia
3020 4069 3167 4121 vere,
3217 4055 3446 4112 virtutes
3473 4058 3675 4113 divinae

2099 4155 2401 4219 sequuntur
2428 4142 2817 4212 subiectionem
2848 4153 2904 4198 et
2948 4143 3309 4198 obedientiam
3340 4163 3445 4200 non
3467 4148 3675 4204 discer-

2100 4248 2337 4305 nentem,
2369 4237 2826 4307 quemadmodum
2859 4241 3290 4306 subst-quenter:
3328 4238 3393 4291 Et
3429 4242 3673 4296 obedien-

2099 4333 2195 4394 tia,
2252 4329 2548 4389 humilitas,
2606 4342 2672 4379 ex.
2705 4327 3009 4379 Ituiitilitate
3072 4328 3338 4396 discretio,
3405 4340 3534 4395 rte,
3590 4340 3671 4387 rel

2096 4427 2288 4478 animi:
2364 4421 2649 4475 voluntatis
2687 4435 2704 4472 :
2753 4418 3012 4474 Voluntas
3058 4422 3321 4476 naturalis
3368 4434 3453 4478 est
3504 4441 3671 4494 appe-

2097 4518 2262 4573 tentia
2324 4513 2605 4569 rationalis
2653 4522 2814 4582 atque
2862 4512 3063 4576 vitalis,
3119 4514 3171 4565 in
3222 4514 3354 4569 solis
3400 4520 3669 4573 naturali-

424 4645 732 4705 immotum,
767 4641 867 4694 hoc
915 4640 1134 4710 quidem
1185 4635 1417 4705 patiens,
1482 4631 1613 4685 illud
1665 4629 1988 4685 subsistens.

2102 4615 2198 4669 lius
2246 4610 2593 4681 dependens:
2650 4623 2713 4663 ea
2758 4623 2889 4661 vero
2958 4616 3041 4660 est
3098 4610 3166 4662 de
3215 4612 3559 4677 possiliilihus
3611 4626 3671 4668 et

420 4732 817 4801 Contemplatio
862 4742 948 4785 est
1003 4745 1108 4783 non
1170 4726 1478 4782 subsistens
1535 4721 1871 4792 imaginatio,
1938 4731 1992 4775 et

421 4828 687 4896 apparitio
713 4825 868 4894 quasi
898 4831 1115 4891 repente
1138 4821 1272 4883 visa,
1291 4827 1344 4871 ct
1366 4817 1433 4872 ad
1459 4829 1699 4885 praesens
1729 4814 1988 4868 resoluta.

425 4920 500 4973 De
526 4919 743 4971 somniis
771 4933 834 4969 ea:
862 4916 1127 4968 canonicis
1158 4908 1550 4965 characteribus
1574 4908 1757 4977 magni
1779 4905 1987 4960 Basilii.

495 5010 673 5072 Fiunt,
710 5010 900 5077 inquit,
937 5006 1147 5059 somnia
1194 5019 1259 5056 ex
1307 5001 1518 5055 diurnis
1567 5008 1620 5052 et
1661 4996 1994 5066 quotidianis

421 5105 613 5157 omnia:
652 5106 907 5154 motibus.
944 5095 1077 5149 Nam
1110 5095 1383 5150 daemones
1416 5091 1680 5155 nolentes,
1740 5101 1840 5142 nos
1869 5101 1996 5155 age-

423 5213 481 5252 re
510 5195 653 5260 qtu'id
697 5194 896 5247 bonum
941 5200 1044 5252 est,
1095 5186 1280 5241 multis
1321 5180 1783 5237 machinationum
1837 5179 1996 5232 indu-

423 5290 568 5343 striis
613 5284 898 5356 [tittiilllt’ltl
925 5299 937 5331 ;
968 5288 1252 5348 postquam
1288 5291 1413 5330 vero
1457 5270 1848 5340 inceperimus,
1883 5284 1995 5322 mo-

418 5383 623 5437 liuntur
672 5396 736 5432 nc
768 5377 1063 5430 secundum
1098 5370 1382 5423 Dominum
1436 5364 1781 5435 perficiamus
1840 5359 1990 5414 illud.

422 5474 526 5531 Sed
564 5473 725 5527 etiam
763 5470 862 5523 huc
933 5463 1195 5521 frustrati,
1256 5461 1460 5512 vitiosae
1506 5452 1738 5510 actionis
1788 5465 1995 5505 memo-

495 5655 541 5686 “
582 5650 748 5707 Eccli.
786 5662 968 5701 X\\I\'.
1036 5644 1089 5694 7.

490 5746 603 5813 (Ιῦ)
641 5741 803 5794 Vetus
834 5741 1116 5805 itt'trt'prcs,
1149 5732 1280 5793 ritli',
1317 5731 1429 5783 ride
1463 5746 1537 5807 re.
1582 5738 1688 5781 etc.

491 5807 601 5865 ἰή)
642 5812 752 5861 κ’)ιι
779 5826 800 5862 s
839 5813 1127 5873 tttitlt'pt'i‘s,
1161 5807 1387 5863 Uf.ftiltl,
1412 5811 1458 5855 ef
1489 5810 1755 5852 inornata.

2100 4703 2546 4776 impossibilibus.
2600 4700 2677 4754 Ex
2725 4700 3001 4754 voluntate
3045 4701 3485 4769 possiliiliumcst
3516 4720 3673 4775 quae-

2099 4799 2225 4854 sitio
2250 4805 2304 4851 et
2335 4794 2599 4865 inspectio
2621 4835 2638 4860 ,
2679 4791 2875 4847 deinde
2903 4792 3212 4859 consilium,
3242 4794 3438 4849 deinde
3465 4797 3669 4865 dijudi—

2100 4892 2243 4945 ratio
2272 4890 2618 4949 etdiscretio,
2651 4886 2845 4941 deinde
2874 4884 3084 4941 affectio
3113 4889 3178 4939 ad
3206 4889 3256 4942 id
3286 4891 3428 4957 quod
3460 4891 3668 4944 (ηδε-τες

2103 4997 2216 5038 tum
2284 4993 2365 5036 est
2398 4981 2627 5050 judicio.
2683 4979 2878 5033 deinde
2931 4979 3213 5033 arbitrium
3270 4983 3514 5036 :deinde
3540 4995 3667 5051 post

2102 5077 2442 5131 allectiourm
2506 5073 2739 5133 arbitrii,
2814 5071 2869 5124 fit
2911 5069 3104 5125 electio
3157 5087 3279 5138 qua:
3333 5072 3528 5127 dicitur
3583 5076 3665 5127 la~

2100 5170 2275 5221 cultas
2320 5164 2611 5216 voluntatis
2659 5171 2781 5230 post
2831 5161 3014 5213 dilecti
3062 5162 3408 5224 electionem,
3462 5165 3544 5217 vel
3596 5165 3665 5217 li-

2103 5259 2288 5310 berum
2323 5253 2629 5307 arbitrium.
2661 5252 2969 5319 Quicunque
3003 5250 3069 5302 ad
3100 5251 3491 5306 intellectualis.
3529 5253 3661 5320 Qui-

2099 5363 2315 5416 cunque
2344 5346 2572 5414 propriae
2594 5343 2885 5397 voluntatis
2914 5342 2980 5397 ad
3012 5357 3287 5397 summurn
3316 5348 3667 5415 complacen-

2104 5443 2233 5495 nam
2268 5442 2491 5509 sprevit,
2526 5447 2575 5489 ct
2628 5434 2937 5505 abnegavit,
2988 5436 3088 5489 istc
3156 5437 3487 5506 experientia
3524 5437 3661 5493 didia

2183 5720 2294 5791 (lii)
2329 5714 2494 5772 Vetus
2523 5715 2808 5783 interpres,
2840 5717 3063 5762 utentur.
