4008 6148
369 304 498 372 ιξρι

1551 300 1864 359 δαιωῌχ
1915 299 1989 357 l\'
2038 302 2453 368 (ILlMACUM.

3509 304 3642 366 1922

365 419 444 474 cit
493 413 860 471 obedientiam
910 427 1032 467 esse
1090 409 1325 466 stadium
1377 407 1764 463 intellectualis
1809 423 1942 464 cou-
1979 427 2016 478 Α
2049 409 2164 464 cit:
2215 409 2339 464 Sine
2371 428 2474 480 qua
2511 427 2662 466 nemo
2693 412 3208 468 vitiosorumridriiit
3246 411 3522 468 Dominum
3552 419 3645 468 ..ιν-

367 507 657 573 ῐεεεὶοηίδ,,
686 513 743 563 et
783 504 1031 576 martyrii
1076 501 1382 572 spiritua’lis
1410 515 1670 574 pugnam,
1706 509 1762 556 et
1781 500 1944 555 Chri-

367 601 436 656 sti
489 599 606 670 jugi
685 597 1026 670 patientiam,
1103 593 1504 664 depositionem
1574 602 1947 664 peccatorum,

367 693 422 747 in
484 691 626 746 libro
683 691 808 745 vitat
859 688 1306 758 inscriptionem,
1385 686 1561 758 pelagi
1636 686 1952 741 ﬂuctuantis

367 783 888 840 transfretationem.
919 779 1073 837 Unde
1128 781 1195 836 ad
1217 779 1422 848 aliquid
1448 779 1742 848 Pericctius
1770 786 1954 832 trans-

370 877 452 932 ire
554 892 658 932 non
699 875 962 947 cogitabit
1010 875 1129 928 sine
1163 887 1266 936 ea;
1313 873 1573 942 quoniam
1609 880 1790 926 autem
1819 885 1954 925 con-

370 969 548 1024 suevit
617 967 911 1037 malignus,
978 967 1068 1021 his
1111 965 1204 1036 qui
1269 964 1370 1019 sub
1421 962 1724 1019 ohedientia
1783 973 1932 1024 sunt,

372 1060 513 1114 lianc
566 1057 770 1114 inferre
799 1059 1140 1125 molestiam;
1188 1056 1440 1112 videlicet
1478 1063 1538 1110 ut
1585 1056 1798 1125 seipsos
1821 1069 1952 1125 par-

367 1151 677 1222 vipendant.
705 1167 770 1206 eo
795 1150 942 1222 quod
976 1167 1085 1204 non
1139 1149 1342 1204 habent
1357 1149 1654 1218 jejunium,
1701 1164 1800 1203 nec
1831 1162 1958 1202 ora-

373 1243 575 1298 tionem
627 1245 911 1310 mundam,
972 1257 1152 1314 neque
1213 1245 1536 1297 exercitium
1593 1240 1962 1309 diligens,nc-

371 1348 498 1406 que,
521 1334 630 1390 alia
667 1334 974 1406 spiritualia
1013 1349 1178 1405 opera
1210 1349 1334 1405 quas
1379 1341 1512 1390 sunt
1545 1332 1618 1388 .in
1667 1331 1958 1403 quiescen-

370 1428 516 1484 tibus
540 1445 553 1483 :
572 1437 858 1484 enumerat
885 1429 986 1484 iste
1009 1427 1172 1484 Pater
1183 1437 1370 1484 noster
1393 1435 1616 1482 sanctus
1639 1423 1961 1480 obedientia-

371 1517 540 1584 bona,
559 1517 628 1574 ad
653 1531 776 1588 qua
797 1517 980 1574 omnia
1009 1519 1112 1573 alia
1131 1517 1270 1574 bona
1297 1524 1630 1588 comparata,
1656 1525 1781 1570 sunt
1805 1514 1957 1578 nihil;

371 1607 631 1682 quoniam
691 1610 997 1666 obedientia
1059 1609 1318 1681 adimplet
1351 1609 1548 1665 borum
1579 1609 1825 1665 omnium
1877 1607 1962 1662 lo-

371 1717 517 1758 cum.
547 1702 678 1770 Qute
701 1719 823 1758 cum
849 1704 1087 1771 perlecta
1119 1701 1300 1766 interit,
1331 1700 1467 1772 ipsa,
1493 1702 1547 1756 in
1573 1711 1815 1770 tempore
1836 1713 1962 1769 pro-

2054 517 2169 555 sum
2203 503 2521 558 Christum:
2569 503 2841 572 Quoniam
2887 522 3017 578 ergo
3063 506 3375 561 ol‘edictitia
3427 508 3640 562 inti-llo.

2055 594 2275 660 ctualis,
2334 595 2519 650 divina
2594 596 2996 654 illuminatione
3057 598 3362 668 perficitur,
3398 610 3452 656 et
3510 617 3641 654 con—

2054 687 2338 742 scicutiam
2391 687 2636 755 pOSsidet
2675 689 2940 758 judicem,
3000 690 3293 746 vident!qu
3353 702 3456 760 est,
3511 698 3641 764 qut-.l

2055 781 2124 834 sit
2189 779 2524 834 conscientia
2573 799 2586 834 :
2631 779 2968 837 Conscientia
3019 795 3095 836 est
3149 783 3340 838 dit-ina:
3408 787 3642 840 scientim

2055 881 2228 926 motus
2263 883 2312 926 et
2350 873 2611 943 Operatio.
2643 890 2760 930 cum
2804 887 2985 930 nostra
3011 877 3140 930 etin
3190 886 3372 932 nostra
3399 881 3640 934 scientia.

2055 962 2404 1019 Conscientia
2454 973 2540 1018 est
2597 964 2830 1020 scintilla
2883 965 3054 1022 divini
3109 967 3354 1035 luminis,
3431 972 3485 1027 in
3545 973 3642 1026 lm-

2057 1055 2205 1110 mine
2281 1056 2502 1112 condito
2585 1057 2962 1115 subscminata
3039 1075 3070 1114 a
3141 1061 3432 1134 principio,
3483 1067 3638 1135 quasi

2057 1147 2306 1216 quanlam
2351 1146 2614 1216 cogitatio
2656 1145 2972 1214 ferventior,
3015 1157 3070 1204 et
3111 1148 3492 1218 illuminativa,
3530 1172 3643 1209 Hit-

2061 1235 2188 1292 bum
2212 1249 2308 1291 seu
2333 1236 2601 1292 rationem
2630 1235 2771 1294 lucis
2786 1238 2840 1294 in
2869 1253 2928 1294 sc
2948 1240 3256 1304 continens,
3275 1251 3330 1298 et
3351 1245 3644 1301 ostendens

2060 1329 2111 1383 ei
2161 1327 2360 1383 bonum
2398 1335 2453 1383 et
2497 1329 2702 1384 malum
2748 1348 2762 1384 :
2801 1339 2852 1384 et
2889 1329 3004 1386 haec
3047 1335 3382 1389 conscientia
3418 1347 3646 1392 vocatur

2065 1418 2148 1473 lex
2198 1417 2488 1472 naturalis.
2538 1416 2638 1475 llic
2691 1429 2774 1476 est
2827 1429 3028 1490 puteus
3057 1421 3246 1488 Jacob,
3301 1427 3644 1484 utdixerunt

2061 1511 2270 1578 Patres,
2307 1528 2468 1583 quem
2525 1510 2798 1568 Philistini
2849 1515 3209 1583 rrplcverunt.
3243 1517 3368 1582 Cui,
3399 1521 3642 1590 quandiu

2063 1605 2117 1658 in
2146 1605 2232 1659 ria
2269 1619 2484 1672 sumus,
2509 1607 2818 1661 consentire
2837 1605 3126 1676 juhcmur;
3159 1613 3537 1668 consentimus
3559 1629 3648 1670 vc-

2066 1712 2129 1752 ro
2167 1697 2241 1761 ci,
2281 1713 2406 1752 cum
2439 1715 2556 1753 eam
2609 1700 2953 1755 custodimus
3001 1703 3067 1755 ad
3117 1701 3310 1766 Deum,
3348 1721 3442 1774 per
3485 1705 3646 1762 ﬁdem

371 1797 516 1868 prio,
535 1811 718 1852 secum
738 1797 921 1852 omnia
957 1797 1100 1851 bona
1130 1795 1436 1866 spiritualia
1465 1801 1670 1865 portat,
1703 1803 1758 1849 et
1779 1793 1845 1848 ad
1870 1807 1960 1848 va-
1994 1812 2036 1869 Β
2063 1800 2117 1845 et
2140 1790 2528 1857 obedientiam,
2559 1804 2613 1846 et
2643 1807 2887 1848 amorem
2920 1795 3332 1860 mandatorum;
3366 1797 3432 1852 ad
3459 1799 3646 1868 prosi-

373 1889 512 1944 riam
559 1888 861 1944 introducit
935 1887 1480 1956 contemplationem,
1539 1884 1958 1958 perfectionem,

372 1989 428 2035 et
483 1981 722 2051 quietem
775 1995 908 2037 suos
974 1993 1342 2051 possessores.
1405 1975 1806 2050 Congressiom's
1854 1986 1966 2032 sta-

373 2071 523 2126 diam
572 2087 592 2127 :
641 2073 876 2128 stadium
914 2082 998 2127 cst
1031 2072 1332 2142 spiritualis
1369 2072 1530 2127 Iuctm
1587 2071 1966 2142 profectus,et

373 2161 563 2218 suavis
590 2163 728 2218 odor
762 2163 1032 2218 bonarum
1097 2163 1499 2232 operationum,
1562 2161 1619 2216 in
1669 2160 1961 2217 mortiﬁca-

373 2254 524 2310 tione
574 2253 916 2309 voluntatum
980 2263 1037 2310 et
1081 2269 1347 2310 sensuum
1407 2253 1592 2309 carnis
1646 2253 1966 2310 indeticicns

373 2345 640 2412 studium,
667 2353 726 2401 et
764 2346 1089 2401 exercitatio
1114 2345 1340 2402 humilis
1370 2345 1439 2400 ad
1489 2361 1656 2400 omne
1697 2361 1839 2414 opus
1866 2345 1966 2400 bo-

374 2451 531 2502 num,
563 2445 622 2495 et
685 2437 970 2493 meditatio
1027 2447 1422 2509 praceptorum
1474 2437 1568 2493 Dei
1625 2446 1682 2493 et
1733 2437 1966 2492 imitatio

373 2528 648 2598 passionis
675 2541 733 2586 et
759 2530 952 2585 mortis
984 2530 1123 2601 ejus.
1160 2528 1470 2599 Quicunque
1485 2527 1674 2600 iugum
1725 2527 1966 2584 Christi:

375 2615 754 2676 Obedientiam
809 2619 1074 2690 intelligo,
1137 2622 1266 2690 quia
1313 2619 1458 2674 sicut
1519 2635 1617 2688 per
1683 2619 1880 2688 ipsam,
1937 2634 1966 2673 a

375 2708 600 2768 Christo
625 2707 752 2767 Iesu
788 2710 1052 2780 redempti
1097 2717 1152 2764 et
1208 2710 1408 2764 salvati
1436 2725 1648 2774 sumus,
1711 2710 1782 2765 ita
1843 2726 1965 2776 nos,

383 2815 480 2871 per
513 2801 686 2872 ipsam
728 2801 950 2872 proprie
1000 2811 1056 2855 ct
1117 2800 1470 2872 singulariter
1527 2809 1813 2872 portamus
1874 2802 1966 2874 ju-

381 2909 532 2965 gnm,
593 2893 880 2965 ipsamque
927 2891 1116 2948 Patres
1179 2894 1500 2964 martyrium
1579 2894 1792 2960 dicunt,
1839 2895 1966 2966 quia

377 2999 662 3041 servorum
704 2985 798 3042 Dei
847 2984 1042 3040 {ornas
1079 2994 1134 3040 et
1161 2985 1484 3040 exercitatio
1508 2993 1611 3050 est,
1647 2995 1704 3040 et
1758 2986 1824 3041 ad
1883 2987 1967 3056 ip-

379 3093 498 3136 satu
535 3086 846 3149 comparata
887 3077 1028 3132 bona
1057 3077 1241 3131 omnia
1273 3090 1616 3146 quaecunque
1649 3090 1814 3132 sensu
1850 3091 1968 3145 pro.

2065 1895 2234 1946 mum,
2290 1896 2384 1952 per
2434 1882 2712 1950 pietatem,
2770 1883 3090 1952 patientiam
3129 1893 3183 1940 et
3235 1885 3643 1956 humilitatem;

2064 1973 2131 2028 ad
2185 1988 2288 2028 nos
2310 1973 2480 2044 ipsos,
2527 1989 2624 2046 per
2679 1975 3160 2035 mortiﬁcationem
3219 1993 3504 2044 sensuum.
3545 1997 3648 2038 cu-

2065 2060 2299 2118 Stodiam
2349 2064 2533 2119 contis
2573 2075 2628 2118 et
2681 2063 2902 2137 tinguat,
2942 2073 2996 2119 et
3035 2065 3224 2122 odium
3285 2071 3534 2141 corporis
3595 2082 3649 2128 et

2065 2153 2312 2209 omnium
2352 2153 2648 2208 visibilium
2704 2163 2758 2209 et
2787 2155 3017 2226 propria:
3064 2156 3493 2217 voluntatisz'ad
3531 2177 3648 2218 ma-

2067 2243 2234 2298 terias
2279 2251 2336 2298 et
2373 2257 2534 2298 usum
2583 2259 2790 2309 rerum,
2841 2260 2939 2316 per
2984 2252 3400 2317 temperantiam
3451 2260 3506 2306 et
3555 2269 3648 2308 so-

2066 2333 2357 2398 brietatem
2403 2343 2455 2390 et
2503 2338 2818 2391 carunidem
2855 2339 3161 2394 custodiam
3189 2340 3426 2404 ﬁdelem,
3462 2355 3648 2400 osten-

2067 2424 2246 2480 dendo
2295 2427 2348 2480 iu
2401 2427 2499 2491 eis,
2552 2431 2697 2482 sicut
2732 2427 2784 2482 in
2836 2431 2998 2484 rebus
3039 2433 3232 2495 sacris,
3293 2433 3509 2490 Domini
3558 2454 3648 2492 re.-

2067 2519 2364 2574 vcreutiam
2433 2527 2488 2574 et
2531 2520 2870 2575 servitutem.
2920 2519 3029 2588 Qui
3077 2522 3316 2579 subditus
3374 2535 3491 2581 est:
3539 2527 3646 2596 Qui

2069 2611 2351 2666 humiliter
2377 2611 2628 2668 subditus
2683 2619 2790 2675 est,
2839 2627 2950 2668 non
3023 2615 3237 2684 putabit
3305 2633 3365 2673 se
3412 2620 3648 2689 perteue

2070 2701 2347 2756 subditum
2387 2716 2510 2758 esse
2537 2710 2632 2757 aut
2662 2701 2902 2766 obedire,
2949 2705 3078 2774 quia
3129 2705 3458 2765 obedientiie
3507 2726 3645 2780 opus

2070 2791 2397 2848 immensum
2431 2809 2554 2850 esse
2585 2794 2880 2867 intelligit;
2908 2797 3002 2868 qui
3035 2812 3165 2854 vero
3183 2813 3251 2854 ex
3278 2803 3499 2874 proprio
3527 2819 3650 2860 sen-

2069 2901 2132 2940 su
2180 2895 2236 2940 et
2267 2887 2548 2942 voluntate
2593 2887 2798 2958 aliquid
2851 2887 3001 2956 facit,
3051 2890 3179 2947 licet
3205 2893 3428 2950 obedire
3479 2911 3646 2968 appa-

2069 2987 2208 3042 reat,
2289 2987 2472 3034 tamen
2533 2983 2650 3051 ipse
2718 2990 2910 3037 contra
2969 2985 3213 3054 seipsum
3287 3001 3432 3043 onus
3481 3005 3644 3046 suum

2073 3070 2482 3138 portatzunde,
2533 3071 2578 3128 si
2629 3073 2676 3126 is
2715 3071 2810 3142 qui
2881 3073 2975 3128 tali
3050 3085 3267 3145 praest,
3323 3077 3470 3135 hunc
3535 3098 3641 3138 non

377 3171 499 3242 prio
529 3173 889 3227 etvoluntate
939 3171 1096 3233 tlimt,
1126 3168 1264 3223 nihil
1312 3177 1462 3222 sunt.
1527 3167 1587 3223 Si
1645 3183 1764 3222 vero
1819 3160 2264 3230 aliascargllit.
2320 3161 2538 3230 sibiipsi
2588 3171 2644 3218 et
2699 3163 2970 3234 discipulo
3025 3180 3190 3220 causa
3272 3169 3642 3239 periculorum

382 3263 659 3333 fecerimus
683 3277 700 3316 :
729 3262 1009 3332 Alioquin,
1038 3260 1236 3328 inquit,
1269 3259 1361 3330 qui
1387 3259 1562 3314 aliena
1620 3268 1842 3329 peccata
1869 3275 1966 3314 cu-

381 3355 528 3409 riose
557 3353 806 3424 requirit,
855 3365 910 3408 ct
939 3361 1238 3419 scrutatur,
1281 3351 1570 3416 discernit,
1628 3352 1964 3420 suspicatur,

383 3453 438 3500 et
475 3444 704 3514 iudicat,
751 3456 808 3498 et
841 3443 1140 3513 praesertim
1174 3443 1559 3513 priesidentis;
1627 3457 1734 3498 non
1788 3445 1968 3513 pumi—

385 3537 568 3592 tentiae
593 3537 735 3591 viam
771 3535 924 3600 vidit,
957 3543 1050 3589 aut
1079 3535 1414 3606 insanin-otia:
1448 3533 1662 3588 initium
1694 3533 1848 3603 iecit,
1872 3536 1965 3592 sed

386 3628 638 3682 elationis
665 3635 720 3681 et
768 3627 1062 3696 pracipitis
1095 3625 1238 3679 viam
1289 3634 1457 3680 tenet.
1529 3624 1700 3680 Nemo
1721 3626 1834 3680 sine
1861 3642 1966 3698 qua

388 3720 700 3774 vitiosarum
751 3733 770 3772 :
823 3716 973 3771 Multi
1019 3718 1189 3783 enim,
1265 3718 1385 3772 sine
1455 3717 1793 3786 subjeCtionc
1859 3717 1969 3772 Deo

390 3811 728 3881 placuerunt,
758 3811 902 3866 sicut
932 3809 1134 3864 Paulus
1177 3808 1417 3863 Eremita
1474 3819 1530 3864 et
1577 3808 1742 3864 Maria
1797 3807 1967 3881 Egy-

389 3902 592 3973 ptiaca,
619 3911 677 3958 et
702 3899 795 3956 alii
825 3901 1018 3955 multi:
1081 3901 1362 3971 quomodo
1434 3913 1590 3970 ergo,
1651 3899 1770 3955 sine
1828 3901 1965 3970 ipsa,

392 3997 563 4056 Nemo
607 3996 776 4054 Deum
809 3996 1002 4052 uidebit
1025 3997 1052 4050 .9
1077 3995 1319 4052 Dicimus
1351 4011 1504 4069 ergo,
1557 3997 1702 4066 quod
1737 3996 1830 4066 qui
1855 4009 1972 4066 per-

389 4087 530 4146 fecte
577 4102 796 4144 carnem
831 4086 1048 4157 spiritui
1097 4085 1341 4156 subjicit,
1380 4092 1437 4141 et
1456 4085 1812 4140 conscientia:
1871 4087 1970 4140 sti-

391 4183 601 4239 mulum
631 4181 872 4253 possidet
901 4179 1164 4252 judicem,
1197 4189 1252 4236 et
1283 4181 1332 4236 ei
1361 4179 1565 4244 obedit,
1597 4179 1736 4234 nihil
1763 4180 1868 4236 sibi
1904 4181 1972 4236 de

391 4277 614 4346 propria
677 4275 957 4329 voluntate
1031 4273 1371 4343 relinquens,
1419 4273 1522 4328 iste
1592 4271 1796 4330 divinis
1833 4289 1970 4344 pra:-

390 4365 561 4435 ceptis
604 4363 784 4420 factus
832 4362 1113 4426 obediens,
1165 4371 1460 4431 antequam
1517 4361 1787 4418 visibilem
1846 4363 1976 4420 obe-

390 4457 651 4512 dientiam
685 4465 1046 4528 pertranseat,
1077 4454 1142 4509 ad
1199 4456 1618 4512 intellectualem
1685 4455 1967 4526 pertingit,

390 4565 514 4622 quae
561 4550 791 4604 multum
835 4548 1044 4604 excedit
1093 4548 1386 4604 visibilem.
1447 4547 1506 4604 Si
1555 4549 1761 4614 anima,
1841 4564 1964 4604 cor-

393 4659 516 4714 pus,
549 4653 604 4698 et
633 4645 878 4714 spiritus,
907 4642 1166 4704 litteram.
1197 4649 1252 4697 et
1282 4642 1514 4712 gratiam
1550 4639 1847 4713 Evangelii,
1893 4641 1972 4696 le-

391 4751 537 4806 gem,
561 4747 618 4792 et
649 4735 898 4807 gloriam.
930 4735 1179 4805 gratiam,
1232 4747 1287 4789 et
1322 4734 1486 4800 hanc,
1545 4735 1636 4790 illa
1690 4736 1974 4791 substituit

389 4839 444 4884 et
493 4826 982 4884 commendabilem
1015 4827 1162 4880 iacit.
1197 4825 1262 4881 Et
1285 4825 1455 4882 babes
1497 4825 1622 4884 illos
1675 4828 1768 4898 qui
1825 4831 1970 4883 circa

391 4935 651 4993 magnum
697 4919 1022 4984 Antonium,
1070 4933 1164 4990 per
1218 4919 1640 4976 intellectualem
1716 4921 1974 4976 obedien-

393 5015 525 5070 tiam
556 5011 906 5073 reiulscrunt,
936 5023 991 5068 et
1019 5014 1173 5082 quasi
1207 5013 1383 5086 angeli
1439 5029 1533 5084 per
1568 5015 1814 5070 eamdem
1869 5015 1973 5068 Do-

392 5107 547 5161 mino
570 5106 893 5163 obediebant
947 5111 1124 5163 solum
1161 5109 1406 5166 ctrlestia
1441 5112 1734 5181 sapientes,
1769 5112 1973 5182 quibus

392 5201 592 5268 dignus
623 5217 730 5256 non
779 5203 1182 5257 eratmuudus.
1242 5201 1506 5258 Praecedit
1558 5217 1689 5274 ergo
1765 5205 1973 5260 intelle-

393 5293 592 5348 ctualis
630 5293 935 5349 obedientia
992 5295 1257 5350 visibilem
1290 5295 1792 5364 incomparabiliter
1845 5317 1857 5352 :
1919 5307 1970 5352 et

395 5385 539 5442 sicut
563 5387 667 5450 sol,
706 5401 810 5444 suo
833 5396 957 5443 ortu
990 5387 1174 5444 stellas
1197 5387 1456 5450 occultat,
1487 5389 1562 5442 ita
1593 5387 1970 5444 intellectualis

393 5475 726 5537 obedientia.
784 5476 1071 5533 visibilem.
1137 5475 1339 5543 Quare,
1402 5477 1498 5548 qui
1545 5479 1968 5534 intellectualem

395 5581 505 5624 non
537 5569 835 5638 possident,
864 5570 960 5626 sed
1010 5569 1189 5626 adhuc
1235 5569 1381 5625 vitiis
1431 5571 1808 5637 molestautur,
1853 5573 1970 5628 sine

392 5659 622 5726 visibili,
667 5670 924 5733 tanquam
966 5661 1177 5730 parvuli
1236 5671 1292 5718 et
1339 5661 1442 5716 sub
1501 5670 1660 5718 nocte
1713 5664 1970 5718 vitiorum

396 5751 682 5820 proﬁcere,
745 5753 821 5810 vel
865 5753 1064 5809 salvari
1116 5768 1222 5809 non
1265 5761 1513 5823 possunt.
1551 5754 1693 5812 Bene
1721 5771 1850 5826 ergo
1882 5759 1968 5812 di-

2065 3261 2169 3307 est.
2201 3251 2509 3322 Propterea,
2545 3251 2707 3310 Pater
2735 3257 2902 3314 dicit:
2942 3273 3100 3328 super
3129 3259 3226 3313 hoc
3287 3263 3458 3317 dicere
3489 3265 3644 3334 quai-

2065 3358 2224 3410 quam
2279 3360 2381 3397 non
2445 3345 2630 3412 habeo,
2685 3351 2812 3416 quia
2879 3350 3046 3405 \erbo
3103 3352 3408 3407 tluliitativo
3464 3355 3642 3424 ipsutn

2067 3447 2220 3487 reum
2255 3435 2494 3490 ostendit
2517 3435 2747 3506 judicio.
2805 3439 2889 3493 Ad
2916 3441 3319 3511 conlationem,
3375 3461 3478 3516 qua
3531 3449 3642 3502 sine

2067 3525 2242 3580 trullas
2269 3529 2623 3582 remissionem
2647 3570 2662 3594 ,
2696 3539 2802 3586 etc.
2842 3549 2854 3586 :
2883 3531 3022 3599 Quia
3049 3536 3294 3590 conliteri
3325 3537 3646 3608 simpliciter

2068 3630 2285 3687 peccata
2316 3632 2562 3676 tenentur
2589 3639 2654 3678 ex
2703 3626 3030 3682 necessitate
3057 3625 3226 3682 divini
3260 3631 3521 3702 mandati,
3552 3651 3648 3704 pa-

2069 3719 2145 3766 tet
2173 3730 2240 3767 cx
2297 3716 2614 3784 apostolicis
2646 3717 3031 3774 traditionibus
3079 3730 3133 3775 et
3183 3724 3384 3792 regulis
3443 3725 3512 3781 ab
3567 3728 3644 3783 eis

2068 3806 2362 3875 propositis
2425 3805 2677 3866 Ecclesia:
2713 3810 3020 3878 catholicae,
3067 3828 3162 3883 per
3216 3812 3479 3885 Spiritum
3515 3834 3644 3873 san-

2069 3907 2215 3952 ctum
2245 3914 2478 3968 quorum
2509 3917 2748 3958 canones
2761 3913 2816 3960 et
2847 3905 3093 3960 instituta
3125 3916 3388 3972 tenentes,
3413 3907 3506 3962 Dei
3556 3929 3643 3966 sn-

2069 3991 2572 4062 cerdotibus(juxta
2627 4009 2820 4050 eorum
2862 4001 3219 4070 praeceptum)
3274 4013 3498 4069 peccata
3520 4019 3647 4059 con-

2071 4084 2284 4138 ﬁtentes
2331 4084 2720 4156 indulgentiam
2747 4098 2802 4142 et
2853 4089 3233 4146 remissionem
3276 4095 3522 4166 accipere
3567 4097 3648 4150 ct-

2073 4171 2288 4226 licimur
2319 4175 2502 4243 digni:
2533 4186 2842 4246 propterea,
2877 4193 2983 4249 qua
3037 4179 3176 4244 sine,
3227 4181 3357 4238 dicit
3423 4195 3647 4242 sanctus

2073 4263 2234 4320 Pater
2277 4289 2286 4322 :
2325 4264 2494 4341 Nemo
2537 4267 2726 4324 videbit
2769 4269 2960 4326 Deum.
2991 4303 3062 4314 --
3083 4273 3294 4330 Fratris
3329 4288 3386 4332 ut
3416 4281 3470 4334 in
3499 4281 3646 4333 nullo

2073 4359 2392 4412 conscientia
2452 4361 2840 4416 vulneraretur.
2897 4362 3227 4425 Multimodis
3290 4368 3448 4424 factis
3514 4386 3646 4426 con-

2075 4453 2303 4506 scientia
2335 4451 2571 4508 feritur:
2621 4455 2932 4512 extollentia
2967 4466 3021 4512 et
3080 4458 3332 4526 elatione,
3374 4461 3643 4531 super-nua

2077 4545 2383 4613 prudentia,
2415 4545 2752 4616 seductionc,
2785 4549 3118 4614 inﬁdelitate,
3161 4544 3466 4618 mendacio,
3499 4553 3648 4610 itait-

2074 4637 2164 4702 dc,
2209 4636 2546 4708 deceptione,
2581 4649 2916 4712 contemptu,
2955 4643 3150 4708 livore,
3186 4647 3646 4714 murmuratione,

2074 4730 2430 4795 detractione,
2461 4733 2718 4799 vindicta,
2757 4743 2812 4790 et
2841 4735 3064 4806 reliquis
3094 4753 3214 4807 qute
3245 4739 3536 4808 pariuntur
3581 4760 3648 4798 ex

2077 4820 2218 4876 istis.
2282 4820 2349 4875 Ut
2383 4823 2438 4876 in
2471 4823 2840 4893 grauissimam
2885 4827 3079 4891 animo:
3134 4829 3346 4884 ruinam
3399 4835 3647 4904 priet-ipi-

2077 4925 2234 4969 ιτα-ἀν.
2299 4915 2696 4973 Gravissimum
2753 4921 2948 4974 animae
3026 4918 3262 4990 lapsum,
3317 4939 3424 4978 non
3461 4927 3646 4994 alium

2075 5009 2223 5071 dicit,
2259 5025 2422 5078 quam
2473 5011 2908 5068 extraordinaria
2940 5013 3116 5084 ipsum
3153 5027 3402 5086 gustasse
3453 5031 3507 5073 et
3533 5020 3648 5074 lur-

2077 5102 2182 5152 tiw
2207 5117 2268 5156 ac
2295 5103 2520 5157 latenter
2549 5105 2851 5160 comedisse
2889 5121 2952 5160 es
2979 5105 3062 5162 bis
3094 5123 3214 5176 quae
3245 5111 3498 5165 anii‘nalia
3523 5129 3650 5184 por-

2075 5197 2282 5258 tabant,
2311 5193 2458 5266 quod
2495 5205 2579 5251 est
2623 5209 2905 5268 peccatum
2954 5199 3362 5268 gravissimum,
3392 5213 3446 5258 et
3513 5221 3648 5274 pene

2073 5289 2398 5360 inexpiabile
2449 5306 2569 5346 esse
2599 5307 2827 5364 ntaguus
2859 5290 3018 5347 Pater
3045 5307 3232 5350 noster
3277 5295 3508 5352 Basilius
3535 5298 3646 5352 eri-

2071 5385 2259 5440 denter
2287 5386 2524 5441 declarat
2557 5385 2609 5441 in
2647 5385 2930 5443 Prommiis
2967 5389 3164 5458 regula:
3190 5404 3320 5456 suae,
3351 5389 3440 5444 tibi
3466 5398 3653 5446 osten-

2072 5477 2150 5532 dit
2197 5478 2344 5549 quod
2397 5479 2488 5533 tali
2540 5480 2698 5550 culpa
2747 5481 3092 5550 inquinatus,
3137 5481 3295 5552 quasi
3356 5482 3646 5554 incorrigi-

2071 5569 2196 5626 bilis
2235 5573 2359 5628 erit.
2393 5569 2548 5628 Unde
2603 5573 2762 5630 docet
2810 5575 2956 5645 quod
2989 5573 3114 5630 talis
3165 5573 3294 5630 mali
3331 5573 3649 5631 cmumissio

2072 5677 2242 5732 usque
2295 5663 2360 5719 ad
2409 5663 2608 5736 lingua:
2635 5665 2807 5722 solius
2852 5679 3094 5737 gustum.
3159 5677 3243 5724 est
3285 5667 3500 5739 penitus
3547 5668 3646 5738 (si—

2072 5767 2162 5810 cut
2189 5757 2380 5813 mortis
2431 5758 2714 5830 obligatio)
2753 5757 3024 5832 fugienda.
3075 5760 3178 5829 Qui
3213 5777 3341 5832 ei'go
3395 5763 3498 5816 istc
3528 5759 3647 5818 l'ur-
