4008 6148
419 335 557 401 1223

1547 346 1611 406 S.
1665 343 1984 408 JOANNIS
2030 342 2554 404 RAITIIUENSIS

3554 338 3689 404 ιω

416 448 525 501 tivo
599 448 861 513 comedit.
933 451 1326 510 subindnctum
1386 468 1448 511 se
1516 451 1572 507 in
1616 452 1999 525 gravissimum
2031 458 2075 513 Α
2105 457 2278 504 vctnr.
2321 446 2541 501 Necesse
2578 457 2655 502 est
2685 448 2825 501 enim
2868 447 3102 502 converti
3155 462 3305 501 mare
3341 455 3396 502 et
3435 449 3684 505 turbari:

414 539 610 594 anima:
656 541 871 611 lapsum
912 546 1170 600 asseruit.

485 629 679 689 Statue
735 636 792 689 in
841 638 1023 693 cordis
1072 640 1152 693 iui
1193 640 1403 708 janua,
1452 654 1659 695 severos
1695 635 1955 706 ianitores
1984 650 2001 685 :

2106 538 2271 597 Maris
2297 540 2709 596 similitudinem
2736 537 2947 594 inducit
2972 538 3039 595 ad
3063 538 3455 596 ostendendam
3478 539 3686 596 vitiose

2104 634 2303 689 tuentis
2335 634 2667 703 passionem,
2698 648 2822 703 qum
2858 632 3001 688 sicut
3040 646 3213 698 mare,
3248 646 3282 687 s
3316 632 3494 688 ventis
3529 633 3684 688 intel-

416 723 592 779 Durus
617 726 898 792 ostiarius,
916 728 1051 786 dicit
1082 732 1348 801 speciales
1373 740 1430 786 et
1464 729 1749 802 generales
1776 729 2002 783 virtutes
2101 725 2446 792 lcctualibus,
2482 740 2580 783 seu
2606 724 3005 781 tentationibus
3041 733 3098 781 et
3126 724 3350 795 injuriis
3388 734 3445 782 et
3475 726 3681 796 impro-

417 814 658 881 suimm;
694 814 927 877 scilicet.
970 817 1366 883 fortitudinem,
1392 819 1758 891 prudentiam.
1795 825 2000 887 tempe-

413 906 670 973 rantiam,
703 914 764 963 et
801 907 1101 976 justitiam.
1148 911 1309 981 Alige
1346 913 1399 963 in
1447 911 1643 964 anima!
1678 909 1843 981 ligno,
1887 920 1997 963 etc.

414 991 643 1067 Lignum
671 997 808 1054 dicit
838 1000 1316 1056 mortificationem
1359 1003 1545 1056 carnis
1585 1008 1643 1055 et
1676 998 1995 1055 crucilisio-

413 1098 537 1140 nem
558 1101 685 1141 cum
708 1087 828 1143 suis
851 1088 1337 1161 concupiscentiis.
1358 1086 1592 1143 Crucem
1612 1100 1746 1141 vero
1768 1086 1993 1151 anima,

409 1177 543 1234 dicit
567 1176 1042 1236 mortiﬁcationem
1072 1180 1275 1251 proprii
1306 1194 1504 1235 sensus
1528 1189 1586 1234 et
1620 1178 1855 1250 propria:
1900 1192 1999 1233 vo-

412 1267 659 1337 luntatis,
706 1283 805 1340 per
838 1285 1005 1339 quam
1046 1268 1324 1324 diabolum
1370 1268 1661 1331 vincimus,
1710 1275 1767 1321 et
1802 1281 1993 1338 pacem

411 1361 912 1431 imperturbahilein
940 1362 1308 1430 possidemus.
1338 1357 1556 1416 Nullam
1601 1359 1749 1414 enim
1784 1359 1978 1414 utilita-

411 1462 520 1507 tein
548 1454 938 1524 consequimur
967 1453 1037 1506 de
1080 1450 1436 1507 cruciﬁsionc
1472 1450 1682 1513 carnis,
1720 1450 1829 1505 nisi
1861 1450 1995 1521 liga-

411 1560 536 1601 mus
571 1553 626 1602 et
651 1545 1041 1601 coulirmemus
1076 1546 1129 1599 in
1159 1560 1227 1601 ea
1262 1543 1746 1599 mortiﬁcationem
1780 1551 1838 1598 et
1862 1557 1990 1599 cru-

409 1634 718 1692 ciﬁsiouem
741 1637 949 1708 proprii
981 1650 1180 1693 sensus
1206 1645 1264 1691 et
1284 1635 1520 1707 proer
1543 1633 1867 1689 voluntatis.
1904 1636 1989 1688 Ad

408 1729 641 1798 ineptam
686 1744 869 1786 rursus
900 1739 950 1785 et
977 1728 1219 1784 inutilem
1262 1744 1325 1782 ac
1354 1728 1622 1797 spinosam
1649 1728 1942 1781 orationem
1967 1741 1989 1782 :

2100 820 2270 890 periis
2302 833 2495 875 eorum
2532 819 2626 891 qui
2657 816 2764 875 sub
2791 817 3119 888 praesidente
3141 827 3293 880 sunt,
3320 819 3681 875 conturbatur

2098 922 2155 967 et
2192 912 2435 980 inflatur,
2461 921 2518 969 et
2549 919 2801 968 movetur
2836 911 2906 966 sb
2934 911 3403 982 increpationibus
3436 926 3562 983 qua
3590 913 3679 967 in-

2097 1004 2375 1062 ducuntu-
2398 1020 2562 1077 super
2586 1019 2732 1071 eam,
2764 1004 2831 1059 ad
2863 1003 3243 1076 probationem
3276 1013 3328 1060 et
3359 1003 3676 1071 utilitatem,

2095 1112 2127 1152 a
2155 1096 2514 1155 fraternitate.
2549 1095 2706 1152 Vitiis
2733 1094 2899 1168 igitur
2926 1094 3157 1152 interius
3191 1094 3676 1159 tumultuantibus,

2094 1199 2153 1245 et
2187 1188 2522 1245 irascibilem
2545 1185 3023 1243 commoventibus
3059 1185 3128 1242 sd
3158 1185 3319 1250 iram,
3343 1193 3401 1242 et
3433 1185 3681 1241 rationa-

2094 1281 2260 1337 bilem
2290 1278 2779 1344 confundentibus,
2804 1293 2906 1335 nec
2934 1277 3245 1335 sinentibus
3264 1278 3413 1348 «μαι
3437 1288 3526 1336 est
3547 1276 3682 1334 utile

2090 1372 2433 1441 conspicere,
2455 1380 2511 1428 et
2527 1372 2672 1443 quod
2700 1370 2895 1427 melius
2911 1378 2996 1426 est
3020 1378 3226 1437 tenere,
3239 1368 3385 1424 velut
3402 1383 3678 1439 exspuens

2090 1468 2516 1530 praeassumptas
2557 1460 2751 1516 sordes
2788 1474 2941 1515 mare
2982 1460 3203 1526 mentis,
3237 1466 3507 1515 monstrat
3533 1474 3676 1528 quas

2091 1548 2350 1605 vitiorum
2410 1546 2639 1604 numina
2692 1548 2873 1618 primo
2919 1550 2975 1604 in
3036 1548 3212 1620 ipsam
3268 1548 3673 1615 conduxerant,

2089 1644 2338 1707 tempore
2361 1636 2613 1694 videlicet
2643 1638 3078 1707 tranquillitatis,
3103 1646 3161 1695 et
3183 1639 3342 1695 bona:
3358 1640 3673 1695 consisten-

2094 1728 2203 1786 tia.
2261 1724 2421 1785 Nunc
2465 1727 2633 1801 igitur
2678 1742 2905 1786 necesse
2942 1739 3027 1785 est
3069 1744 3220 1786 mare
3252 1731 3483 1799 turbari,
3519 1731 3671 1802 quia,

406 1822 528 1877 Non
573 1830 801 1879 venusta
845 1831 900 1877 et
948 1836 1059 1877 non
1107 1820 1370 1891 proficua,
1413 1828 1470 1876 et
1511 1820 1736 1891 spinosa
1771 1818 1986 1890 eloquia
2019 1813 2061 1870 Β
2085 1835 2153 1879 es
2175 1835 2288 1893 quo
2335 1819 2661 1877 humilitatis
2704 1829 3088 1892 argumentum
3117 1836 3182 1877 es
3215 1829 3402 1878 nostra
3441 1834 3676 1877 conver-

412 1923 639 1972 sanctus
682 1913 845 1971 Pater
874 1914 1007 1970 dicit
1034 1928 1159 1985 quae
1177 1928 1277 1968 sua
1301 1923 1467 1981 sunt;
1497 1912 1726 1979 scilicet,
1758 1926 1865 1968 non
1898 1927 1989 1967 ve-

409 2020 572 2067 nusta
598 2016 905 2068 secundum
930 2008 1325 2080 eloquentiam,
1354 2015 1579 2080 propter
1606 2006 1910 2078 simplicem
1934 2015 1992 2062 et

408 2102 720 2160 ordinata
766 2103 989 2161 modum
1016 2104 1270 2170 dicendi;
1322 2118 1432 2159 non
1483 2103 1751 2176 proﬁcua,
1792 2117 1990 2160 secun-

409 2194 541 2251 dum
566 2196 903 2253 mundanam
932 2198 1205 2269 requiem,
1251 2206 1308 2253 et
1349 2197 1835 2260 commoditatem;
1875 2197 1989 2267 spi-

411 2299 568 2351 nosa,
613 2286 921 2342 secundum
973 2300 1225 2357 asperam
1273 2286 1647 2341 narrationem
1691 2293 1749 2341 et
1791 2285 1987 2357 duram

411 2375 712 2446 spiritualis
750 2378 878 2434 vita
920 2356 1188 2450 regulam,
1212 2378 1363 2449 inata
1410 2377 1542 2434 illud
1588 2356 1986 2448 evangaicum,

410 2471 578 2525 durus
595 2478 677 2526 est
706 2472 791 2527 hic
813 2485 989 2527 sermo
1008 2470 1074 2524 ⁸⁸.
1093 2500 1162 2513 --
1179 2470 1274 2525 Est
1300 2470 1511 2542 quidem
1539 2468 1882 2540 praclarum,
1906 2469 1985 2522 la-

413 2565 561 2622 bores
606 2576 912 2622 sancimus
963 2565 1252 2621 admirari.
1281 2566 1555 2632 Quoniam
1597 2563 1740 2620 Deus
1788 2562 1984 2626 bonus,

412 2671 624 2718 amator
671 2662 960 2719 hominum
1009 2670 1118 2727 est,
1148 2661 1355 2718 multas
1385 2660 1583 2717 salutis
1608 2657 1835 2731 iustitia:
1871 2656 1988 2711 vias

410 2752 654 2811 ostendit
693 2755 874 2823 nobis,
909 2763 971 2811 ut
1015 2769 1126 2811 non
1168 2756 1497 2825 periremus,
1543 2752 1640 2809 sed
1681 2749 1986 2810 secundum

412 2864 567 2905 suam
617 2865 870 2923 magnam
929 2849 1363 2908 misericordiam
1422 2849 1813 2906 salvsremur:
1857 2847 1987 2919 quia

414 2955 523 2997 non
546 2940 679 2998 fecit
705 2942 983 2999 hominem
1014 2941 1160 2999 Deus
1186 2952 1245 2998 ut
1282 2942 1505 3014 periret,
1535 2940 1632 2997 sed
1674 2949 1735 2997 ut
1764 2939 1839 2995 illi
1869 2955 1985 2996 ser-

418 3035 579 3099 viret,
612 3042 669 3090 et
698 3035 1037 3104 salvaretur;
1065 3034 1188 3092 ideo
1227 3034 1543 3091 vocationes
1581 3033 1863 3088 hominum
1895 3045 1987 3087 va-

2088 1914 2303 1970 sationc
2356 1928 2470 1969 non
2523 1913 2835 1980 sumimus,
2906 1913 3302 1969 tentationihus
3359 1916 3675 1970 necessario

2087 2009 2489 2080 immergimur,
2520 2018 2585 2065 ut
2615 2009 2914 2081 probemur
2955 2018 3011 2065 et
3043 2009 3385 2064 inllrmemur
3416 2024 3482 2065 se
3514 2011 3673 2065 inllr-

2085 2098 2223 2153 mati
2247 2111 2566 2168 purgentur,
2588 2112 2656 2153 ac
2676 2095 2913 2169 perfecte
2939 2097 3307 2152 humiliemur.
3347 2093 3489 2153 Dicit
3514 2112 3669 2170 ergo,

2086 2203 2313 2247 necesse
2337 2199 2422 2246 est
2443 2204 2596 2245 mare
2635 2190 2889 2261 quassari
2924 2199 2980 2245 et
3020 2189 3228 2244 turbari
3252 2188 3388 2260 (16).
3436 2188 3521 2244 Ex
3549 2191 3673 2245 obe-

2084 2280 2286 2337 dientia
2309 2322 2328 2349 ,
2383 2280 2679 2337 humilitas.
2729 2280 3040 2338 obcdieutis
3095 2283 3280 2349 enim,
3342 2280 3671 2353 principium

2090 2372 2439 2441 humilitatis,
2473 2373 2737 2444 quoniam
2770 2372 2865 2442 qui
2898 2388 2957 2429 se
2983 2375 3163 2445 ipsum
3202 2387 3312 2429 non
3339 2371 3672 2430 condemnat

2086 2466 2232 2523 sicut
2274 2464 2615 2522 deiicientem
2655 2480 2689 2521 a
2728 2465 3045 2533 virtutibus,
3088 2465 3193 2522 sub
3230 2479 3398 2521 manu
3441 2466 3670 2523 alterius

2085 2574 2210 2615 esse
2237 2573 2346 2613 non
2373 2556 2535 2615 valet.
2564 2555 2755 2628 Igitur,
2795 2558 2920 2614 talis
2959 2556 3350 2615 condemnatio
3390 2559 3670 2615 contrahit

2084 2661 2143 2707 et
2158 2651 2269 2723 agit
2292 2650 2534 2707 animam
2574 2649 2642 2705 ad
2673 2642 3037 2706 obedientiam
3082 2669 3095 2705 :
3124 2650 3431 2707 obcdientia
3459 2662 3667 2717 autem,

2088 2745 2283 2799 timore
2314 2742 2529 2799 Domini
2583 2740 2819 2807 ﬁrmata,
2859 2752 3087 2813 generat
3127 2741 3516 2810 humilitatem,
3558 2742 3667 2800 liu-

2086 2834 2291 2892 militas
2318 2848 2451 2892 vero
2487 2843 2749 2906 perpetuo
2775 2835 3024 2890 exstilem
3048 2833 3177 2890 facit
3212 2835 3522 2891 elationem.
3553 2836 3664 2903 Qui

2085 2941 2269 2989 autem
2305 2931 2377 2987 ab
2399 2930 2590 2988 eadem
2624 2940 2711 2988 est
2750 2931 2908 2996 liber,
2935 2939 2992 2986 et
3025 2945 3056 2985 a
3089 2930 3317 3002 reliquis
3340 2941 3421 2988 cst
3458 2943 3664 3001 purga-

2088 3033 2176 3081 tus
2206 3039 2419 3096 :quare
2457 3023 2657 3080 domus
2683 3023 3141 3093 impassihilitatis
3173 3030 3228 3078 et
3257 3022 3538 3078 munditia
3561 3038 3664 3076 au-

415 3129 530 3191 riae,
581 3133 637 3181 ct
682 3126 1011 3185 donationes
1057 3124 1232 3199 ipsius
1257 3124 1589 3183 dilereutcs.
1623 3122 1783 3192 Hinc,
1820 3125 1979 3188 alius,
2008 3147 2055 3208 α
2088 3117 2390 3174 nuntiatur.
2416 3114 2791 3173 Ohcdientiam
2832 3115 3018 3188 igitur,
3051 3115 3435 3208 humilitatem,
3558 3115 3665 3169 iiu-

412 3215 802 3288 hospitalitatis
849 3230 1086 3285 amator,
1124 3218 1286 3285 alius,
1328 3216 1530 3290 quietis
1571 3225 1628 3273 et
1663 3216 1983 3273 remotionis

413 3308 676 3365 solitaria:
716 3318 966 3366 servator
994 3328 1007 3364 :
1035 3309 1180 3365 alius
1212 3307 1531 3365 consolatur
1570 3316 1629 3364 et
1657 3309 1986 3364 exhortatur

411 3397 662 3467 amictus,
695 3398 836 3456 alios
869 3400 1109 3457 custodit
1141 3400 1404 3473 linguam,
1428 3409 1486 3455 et
1509 3398 1651 3455 silet.
1678 3397 1787 3455 Istc
1816 3399 1985 3455 semel

411 3491 468 3545 in
532 3490 870 3547 hebdomade
913 3492 1186 3561 pascitur;
1244 3492 1347 3546 iste
1394 3488 1634 3546 comedit
1672 3488 1823 3545 omni
1869 3489 1980 3545 die.

409 3576 590 3646 Quare
620 3577 737 3634 haec
766 3579 949 3635 omnia
985 3579 1058 3634 ab
1095 3596 1206 3636 uno
1241 3594 1401 3651 posse
1432 3578 1615 3649 perlici
1647 3566 1984 3650 impossibile

405 3681 513 3727 est.
547 3669 718 3727 Donec
767 3672 1071 3728 uiolentiam
1109 3684 1347 3729 nostrain
1374 3689 1535 3746 quam
1574 3674 1713 3729 velut
1758 3690 1790 3728 a
1834 3674 1982 3729 nobis

408 3763 629 3831 perpeti.
670 3762 792 3819 Vim
838 3762 1135 3823 inferentes
1176 3774 1310 3823 sunt
1340 3766 1398 3821 hi
1435 3766 1533 3837 qui
1562 3765 1748 3824 divina
1785 3766 1984 3822 chari-

410 3865 522 3911 tate
558 3863 689 3909 sunt
731 3854 955 3928 plsgsti,
1001 3865 1058 3914 et
1081 3857 1190 3912 vim
1224 3855 1336 3914 Deo
1378 3856 1620 3913 inferunt
1645 3870 1745 3928 per
1775 3857 1984 3913 oratio-

409 3962 534 4003 nem
561 3957 617 4003 ct
650 3961 815 4018 opera
864 3947 1135 4019 virtuosa,
1182 3961 1238 4006 et
1267 3950 1561 4006 trahuntur
1585 3949 1771 4005 divino
1796 3964 1984 4006 amore

411 4040 476 4096 ad
505 4041 831 4111 portandum
854 4040 1048 4113 iugum
1089 4040 1300 4099 Christi
1348 4058 1473 4100 cum
1512 4043 1678 4099 corde
1716 4042 1905 4099 humili
1927 4052 1984 4100 et

409 4135 594 4189 animo
641 4134 859 4200 devoto,
912 4136 1010 4206 qui
1062 4135 1278 4208 seipsos
1320 4135 1638 4204 violentam,
1682 4136 1981 4192 secundum

410 4221 541 4279 illud
574 4241 588 4277 :
620 4220 887 4278 Turbatus
934 4239 1053 4278 sunt
1092 4234 1145 4279 et
1187 4239 1293 4279 non
1336 4240 1455 4279 sunt
1502 4224 1794 4280 loeutus".
1846 4223 1982 4279 Cum

408 4310 745 4378 corruisseiu,
791 4312 985 4369 iterum
1034 4313 1293 4369 retinuisti
1343 4313 1543 4369 nte:id
1585 4326 1691 4381 est,
1740 4322 1862 4385 post
1903 4315 1981 4369 la-

410 4417 590 4474 psum.
633 4404 746 4461 Nec
774 4418 906 4461 vero
943 4404 1218 4477 intelligas
1256 4405 1473 4477 lapsum
1503 4422 1536 4463 a
1570 4405 1682 4463 Deo
1717 4422 1980 4477 separau-

411 4505 544 4562 tem,
569 4494 667 4553 sed
688 4496 899 4568 lapsum
918 4497 1011 4567 qui
1033 4498 1425 4569 (servientibus
1443 4508 1499 4555 et
1520 4498 1979 4571 ministrantibus)
2010 4488 2057 4545 ι)

408 4603 472 4643 ex
502 4588 852 4659 negligentia,
882 4599 937 4644 et
974 4604 1042 4645 cs
1080 4588 1390 4647 obcdicntia
1422 4591 1736 4661 imperfecta
1764 4593 1981 4648 contin-

406 4680 507 4754 git.
559 4680 664 4748 Qui
713 4698 833 4737 uero
882 4681 1037 4738 illum
1091 4684 1148 4737 in
1198 4684 1374 4738 cordis
1419 4685 1505 4738 sui
1541 4685 1759 4740 latebris
1808 4686 1984 4742 occul-

409 4778 512 4835 tat,
547 4780 654 4825 etc.
685 4770 979 4827 Sciendum
1011 4781 1096 4829 est
1145 4773 1274 4844 quia
1323 4788 1432 4831 non
1477 4773 1729 4832 confessa
1758 4784 1981 4846 peccata

414 4862 533 4917 sine
579 4862 874 4919 formidine
923 4871 983 4919 et
1037 4863 1235 4920 timore
1282 4874 1537 4936 aguntur.
1570 4865 1802 4923 Auferre
1849 4882 1982 4940 ergo

408 4952 775 5009 confessionis
818 4955 1241 5020 conscientiam,
1272 4967 1361 5011 est
1388 4957 1604 5027 aperire
1631 4958 1869 5028 peccatis
1892 4959 1959 5028 ja-

409 5059 596 5111 nusm,
634 5057 691 5103 et
733 5046 985 5102 haeresim
1035 5045 1326 5104 seminare.
1361 5045 1496 5102 Cum
1521 5048 1567 5101 is
1596 5049 1689 5119 qui
1710 5050 1973 5120 subjectus

405 5149 504 5203 (si,
546 5140 681 5195 duos
717 5139 937 5195 euaserit
991 5139 1203 5211 laqueos
1235 5139 1396 5196 :Duo
1436 5140 1561 5208 ista,
1607 5141 1739 5198 dicit
1787 5142 1973 5199 inobc-

406 5232 669 5287 dicntiam
703 5244 757 5287 et
788 5231 1100 5288 elationem.
1152 5230 1355 5288 Praeter
1383 5249 1580 5290 morem
1609 5234 1826 5290 solitum
1860 5246 1973 5290 tur-

406 5324 644 5380 bulentos
668 5340 688 5381 :
718 5324 769 5381 id
798 5333 885 5381 est
906 5324 1001 5396 qui
1031 5322 1191 5382 facile
1212 5332 1531 5386 moveantur
1553 5326 1620 5383 ad
1652 5325 1893 5385 furorem
1922 5339 1977 5387 et

408 5418 573 5486 iram,
603 5429 778 5476 instar
815 5418 1110 5476 molendlni
1136 5421 1284 5490 quod
1329 5419 1383 5474 vi
1426 5430 1557 5478 rota:
1586 5431 1639 5478 et
1668 5437 1823 5491 aqua:
1858 5438 1978 5480 mo-

476 5623 521 5656 “
545 5621 702 5678 Joan.
737 5638 811 5687 vi,
840 5620 930 5679 6|.
1006 5623 1050 5654 ¹⁶
1072 5621 1214 5679 Psal.
1241 5636 1425 5694 usti,
1450 5623 1503 5678 5.

478 5796 591 5870 (lli)
616 5797 940 5856 Alztcoucuti
968 5807 1023 5857 ct
1060 5796 1291 5857 turbari.

2085 3210 2526 3281 passibilitstcm,
2578 3208 2754 3265 tribus
2805 3208 3144 3280 sppropriat,
3204 3207 3416 3263 scilicet
3464 3206 3662 3279 loysi,

2084 3302 2410 3376 Synsgogm,
2437 3312 2492 3359 et
2521 3300 2709 3358 Narin:
2735 3319 2751 3356 :
2777 3300 3041 3373 quoniam
3064 3300 3210 3358 sicut
3235 3315 3386 3358 mare
3413 3298 3665 3356 Rubrum

2081 3403 2431 3453 transeuntes
2466 3390 2662 3459 Judzi,
2701 3401 2757 3450 ct
2802 3407 2966 3464 super
2998 3394 3226 3449 victoria
3272 3394 3666 3464 triumphalem

2082 3487 2298 3545 laudem
2343 3485 2443 3543 Dei
2482 3495 2768 3553 muenia,
2812 3487 3059 3557 ejusdem
3105 3486 3284 3542 laudis
3321 3495 3378 3542 et
3420 3486 3668 3541 victoria

2082 3581 2390 3639 habuerunt
2410 3580 2631 3653 lloysen
2659 3580 2962 3652 genitorem
2984 3588 3042 3635 et
3069 3589 3333 3645 actorem,
3356 3588 3413 3635 ct
3434 3577 3665 3635 larium

2080 3675 2460 3746 perfectriccm
2486 3673 2729 3746 (quidem
2757 3688 2822 3729 ex
2863 3671 3147 3729 communi
3175 3687 3341 3727 unam
3387 3673 3668 3729 cssisten~

2082 3766 2335 3836 tem):ita
2366 3777 2421 3825 et
2449 3781 2600 3823 nunc
2623 3767 2776 3835 dicit,
2810 3766 2865 3822 in
2896 3780 3128 3837 persona
3157 3764 3327 3837 Ιογεί
3350 3765 3665 3824 damac-

2081 3862 2263 3934 cipcre
2291 3861 2699 3927 obedientiam;
2742 3860 2798 3914 in
2855 3872 3152 3931 synagoga,
3193 3857 3580 3921 humilitatem,
3609 3867 3670 3913 et

2083 3954 2137 4010 in
2164 3953 2354 4019 lini-ia,
2383 3954 2894 4024 impassihilitstcm.
2940 3949 3180 4024 Moyses,
3218 3966 3362 4023 aqua
3392 3952 3669 4021 interpre-

2081 4056 2249 4114 tatur,
2292 4046 2379 4103 vel
2411 4055 2727 4117 assumptus
2757 4044 2827 4100 dc
2866 4059 3027 4115 aquis
3053 4059 3070 4098 :
3099 4041 3292 4107 laris,
3333 4043 3669 4113 interpreta-

2082 4149 2173 4197 tur
2216 4139 2332 4203 lux,
2363 4152 2486 4207 quae
2512 4138 2581 4193 de
2619 4136 2920 4208 Syuagoga‘
2950 4135 3218 4207 originem
3262 4143 3527 4190 traxerat.
3560 4131 3670 4203 lgi-

2083 4241 2192 4297 tur,
2241 4232 2297 4287 in
2328 4239 2615 4301 assumpto
2648 4232 2719 4284 de
2755 4230 2915 4299 aquis
2938 4230 3219 4299 generatio
3255 4235 3313 4281 et
3349 4225 3671 4282 fecundstio

2082 4326 2418 4396 reliquorum
2472 4339 2569 4394 per
2614 4322 2986 4379 obedientiam
3038 4341 3054 4376 :
3092 4320 3403 4378 ohedicntis
3450 4327 3666 4387 autem,

2083 4414 2407 4469 humilitatis
2444 4413 2855 4483 possessionem
2889 4412 3093 4477 donat;
3131 4410 3415 4467 humilitas
3449 4420 3671 4477 autem,

2083 4505 2542 4578 impassihilitatis
2564 4506 2745 4563 lucem
2775 4515 2995 4576 prastat
3021 4524 3038 4562 :
3066 4503 3483 4576 impassibilitas
3507 4518 3670 4569 vero,

2084 4614 2250 4671 super
2292 4598 2600 4663 victoriam,
2649 4597 2866 4655 laudem
2906 4597 3168 4667 perfecit,
3216 4598 3519 4662 canticum,
3564 4610 3674 4665 pro

2083 4686 2404 4743 liberatione
2430 4686 2501 4740 ab
2539 4685 2865 4759 intelligihili
2889 4683 3125 4757 Egypto
3155 4683 3388 4755 peccati,
3421 4683 3477 4737 in
3525 4684 3671 4738 luzti-

2083 4781 2158 4833 tia
2180 4787 2426 4833 cantans.
2463 4776 2586 4833 Vidi
2625 4787 2683 4831 ut
2714 4779 2792 4831 ait
2816 4776 2921 4831 Job
2945 4794 2964 4830 :
2992 4774 3274 4832 ﬂabilitati
3298 4783 3355 4830 et
3382 4773 3673 4847 illegitime

2084 4871 2341 4935 naturali,
2364 4879 2417 4924 et
2443 4869 2765 4925 cxtriusecm
2798 4868 3183 4940 compositioni
3205 4882 3445 4932 morum,
3472 4878 3532 4921 et
3564 4881 3667 4936 apo

2080 4960 2337 5031 parentia:
2387 4959 2525 5015 lictae
2562 4959 2887 5025 honestatis,
2932 4958 3135 5030 quibus
3181 4958 3426 5014 occurrit
3473 4957 3669 5019 turba,

2082 5051 2306 5107 malitia:
2349 5052 2588 5108 varietas
2628 5051 2791 5108 habet
2828 5060 3081 5107 naturam
3121 5048 3389 5119 colligari.
3436 5045 3670 5115 'I‘urhc,

2080 5146 2227 5216 quod
2263 5152 2485 5215 apparet
2512 5144 2713 5201 humile
2748 5153 2806 5199 et
2842 5144 3255 5215 morigeratum,
3296 5150 3355 5196 et
3381 5141 3671 5211 composi-

2084 5251 2199 5298 tum
2222 5242 2525 5298 secundum
2553 5240 2771 5305 faciem,
2802 5241 3091 5296 nominaut
3114 5246 3170 5294 et
3196 5237 3468 5294 extollunt
3492 5254 3506 5290 :
3532 5250 3673 5308 pro-

2091 5347 2211 5405 pter
2234 5350 2355 5403 qua:
2392 5335 2612 5405 superbi
2649 5334 2965 5408 hypocrita,
2995 5341 3052 5388 et
3078 5330 3315 5386 animosi
3341 5329 3497 5403 (dicit
3530 5343 3672 5385 sun-

2082 5428 2227 5501 ctus)
2257 5443 2322 5486 es
2350 5428 2605 5485 laudibus
2639 5437 2695 5486 et
2726 5426 2961 5485 elatione
2992 5432 3459 5496 compunguntur,
3482 5432 3543 5479 et
3569 5436 3670 5494 pu-
