4008 6148
384 321 523 390 ΙἉὸ

1520 313 1841 379 SCHOLIA
1874 310 1958 375 IN
2000 308 2412 374 CLIMACUM.

3512 298 3646 364 122:;

381 417 533 471 riunt
575 413 869 489 lacrymas.
906 409 1042 480 Quae
1091 407 1471 473 considerans,
1513 422 1680 479 quam
1725 405 1965 463 maxime
1990 414 2037 471 Α
2067 410 2177 460 tate
2208 404 2302 461 sed
2344 401 2560 467 vitiose,
2600 413 2722 471 qua:
2751 412 2847 455 sua
2885 405 3013 454 sunt
3058 394 3200 453 male
3226 402 3497 467 quzerunt.
3535 411 3643 451 non

380 507 657 580 sapienter
683 515 740 562 et
766 508 935 573 clare,
961 503 1121 560 Pater
1153 504 1277 569 istc,
1308 502 1515 557 variam
1545 514 1671 556 esse
1698 497 1961 555 malitiam

380 594 785 652 determinavit.
818 593 964 650 Sane
1007 591 1196 649 tardus
1227 590 1357 661 quia
1394 599 1452 646 et
1494 587 1776 660 negligens
1815 585 1964 642 exsi-

380 697 558 755 stcns,
598 695 695 743 aut
737 688 793 742 in
838 686 1023 758 aliquo
1057 682 1428 755 corporalium
1480 679 1805 737 naturaliter
1844 678 1965 734 ido-

383 791 522 832 neus
547 791 837 847 apparens,
875 773 1211 845 complacuit
1256 770 1469 834 multis,
1515 778 1571 824 et
1609 768 1677 824 de
1703 765 1970 837 gravitate

385 882 602 925 morum
634 879 691 925 et
726 867 1015 924 honestate
1060 866 1318 921 laudatus
1345 870 1470 919 est:
1505 858 1966 933 quemadmodum

385 961 442 1018 in
494 960 684 1033 aliquo
730 958 1123 1032 corporalium,
1148 955 1287 1014 facie
1326 966 1519 1020 tenus,
1566 952 1695 1025 quia
1740 951 1972 1007 idoneus

387 1052 713 1111 naturaliter
771 1064 1084 1125 apparens,
1138 1046 1473 1120 complacuit
1523 1044 1729 1102 untltis.
1787 1042 1973 1115 Itaque

388 1147 715 1220 plerumque
746 1144 1020 1205 naturalia
1048 1141 1372 1201 suﬁcientia
1397 1149 1490 1196 aut
1519 1136 1830 1201 diminutio,
1862 1138 1975 1191 viro

388 1249 481 1298 tua
511 1240 710 1296 anima
734 1245 1091 1310 reputataeat
1117 1254 1132 1292 :
1162 1233 1431 1292 remissus
1454 1239 1509 1289 et
1536 1231 1798 1294 insolens,
1824 1228 1976 1284 mitia

389 1342 446 1391 et
481 1332 849 1398 inordinatus,
890 1338 948 1387 et
980 1343 1048 1387 ea
1075 1342 1201 1402 qua
1238 1334 1371 1384 sunt
1408 1323 1638 1396 spiritus
1681 1322 1969 1385 deserens,

391 1424 684 1493 sollicitus,
726 1422 1008 1481 acldiosus
1068 1430 1126 1477 et
1169 1418 1343 1477 tristis
1413 1424 1621 1480 orator,
1687 1414 1976 1485 linguosus

391 1527 447 1575 et
469 1531 646 1574 vanus
673 1532 690 1572 :
722 1516 1036 1592 animarum
1063 1513 1346 1571 salvator:
1380 1524 1413 1566 a
1439 1505 1729 1566 daemoniis
1758 1505 1975 1572 illusus,

392 1609 813 1681 contemplator,
858 1615 916 1664 et
964 1605 1278 1664 futuron
1323 1600 1577 1675 provisor
1622 1607 1709 1656 est
1756 1597 1976 1654 habitus

394 1703 536 1777 apud
569 1704 742 1776 ipsos,
792 1700 887 1774 qui
916 1699 1066 1773 quod
1101 1706 1309 1757 rectum
1344 1703 1403 1752 et
1442 1692 1702 1749 vitiosum
1744 1698 1832 1747 est
1867 1689 1977 1745 dia-

392 1766 621 1855 cernere
669 1766 954 1852 nesciunt:
985 1790 1255 1849 Nimirum
1294 1788 1447 1861 (quia
1481 1784 1724 1843 exsultat
1765 1783 1818 1839 in
1856 1782 1979 1839 lau-
2008 1766 2054 1825 Β

396 1889 582 1962 dibus)
625 1904 808 1947 cacus
850 1889 1066 1961 ignorat
1109 1886 1373 1959 seipsum,
1407 1890 1463 1938 et
1491 1887 1639 1936 errat
1667 1897 1682 1932 :
1710 1877 1851 1933 falso
1888 1876 1979 1947 ju-

396 1981 542 2038 dicis
572 1981 871 2039 multorum
918 1977 1232 2045 attendens,
1260 1975 1503 2031 animam
1548 1985 1619 2027 ex
1656 1970 1892 2027 elatione
1928 1976 1986 2025 et

402 2073 651 2134 vanitate
680 2080 1037 2146 compunget,
1065 2077 1122 2125 et
1150 2069 1344 2126 dolens
1373 2071 1705 2129 conteretur,
1730 2070 1785 2118 et
1810 2061 1986 2132 lacry-

399 2182 523 2228 mas
540 2166 736 2240 pariet.
781 2162 965 2236 Quare
994 2159 1157 2219 Pater
1184 2158 1451 2216 malitiam
1479 2154 1563 2212 sic
1587 2151 1984 2209 multiformem

397 2272 456 2319 es
483 2261 691 2316 variam
728 2273 855 2316 esse
901 2256 1155 2313 miratur.
1189 2251 1298 2319 Qui
1338 2249 1441 2305 sibi
1469 2246 1573 2318 ipsi
1603 2246 1834 2302 latenter
1867 2258 1987 2315 per-

397 2354 573 2411 suasit
609 2352 861 2408 (uenter.
914 2347 974 2404 lu
1021 2346 1189 2404 corde
1225 2343 1348 2418 (ait)
1400 2340 1607 2397 bonum
1643 2337 1986 2411 propositum

409 2446 628 2502 lirmare
677 2442 860 2508 stude,
900 2450 958 2497 et
988 2454 1093 2496 non
1137 2434 1444 2510 pompatico
1477 2439 1534 2489 et
1560 2438 1887 2503 apparenter
1923 2440 1989 2484 os

409 2536 710 2603 dilatando,
743 2534 1007 2609 loquaris.
1051 2532 1157 2602 Qui
1193 2530 1340 2586 enim
1380 2538 1646 2600 pompose
1686 2536 1747 2580 se
1778 2520 1988 2589 laudat,

404 2642 462 2689 ct
486 2632 543 2687 in
571 2646 634 2688 se
660 2630 782 2703 ipso
817 2626 1040 2686 conﬁdit
1066 2634 1123 2682 et
1160 2622 1454 2695 gloriatur,
1496 2617 1774 2675 relaxatus
1808 2627 1843 2671 a
1877 2611 1993 2670 Do-

401 2728 556 2785 mino
580 2726 878 2799 castigatur
906 2723 1063 2795 lapsu
1088 2739 1106 2777 :
1136 2717 1233 2777 sed
1258 2728 1412 2774 mora
1435 2713 1637 2771 anime
1660 2709 1812 2768 mille
1836 2723 1991 2767 mor-

402 2821 551 2878 tibus
580 2820 737 2893 pejor
775 2816 1013 2876 exsistit.
1045 2812 1106 2870 Si
1150 2827 1285 2883 ergo
1327 2822 1479 2865 mors
1516 2805 1663 2877 ejus,
1701 2810 1989 2877 peceatum

403 2925 515 2982 est,
540 2923 747 2986 quanta
770 2911 956 2985 vigilia
976 2918 1032 2967 et
1059 2905 1374 2965 sollicitudo
1395 2901 1557 2959 nobis
1581 2898 1847 2986 adversus
1868 2908 1992 2986 pec-

402 2985 589 3064 catum
619 3002 932 3062 necessaria
954 3008 1041 3056 est
1069 3016 1084 3053 :
1113 2996 1304 3069 igitur,
1325 2994 1421 3065 qui
1444 2990 1598 3047 novit
1628 2988 1767 3054 hac,
1806 2985 1993 3043 humi-

2067 512 2190 569 quaa
2218 494 2349 552 .lesu
2390 492 2619 551 Christi.
2671 491 2924 563 Sibiipsis
2973 490 3277 557 attendant,
3321 490 3451 562 quia
3499 490 3645 543 aliud

2067 603 2154 651 est
2179 592 2328 665 quod
2356 607 2569 658 sumus,
2607 590 2755 647 aliud
2790 604 2913 661 quae
2952 598 3081 646 sunt
3119 596 3326 651 nostra,
3352 587 3499 642 aliud
3527 601 3649 655 quae

2068 687 2215 743 circa
2250 700 2374 751 nos,
2413 684 2559 740 aliud
2589 698 2713 756 qua:
2750 692 2902 739 extra
2945 696 3069 745 nos,
3110 694 3163 737 et
3192 681 3337 736 aliud
3366 696 3487 751 qme
3519 694 3652 735 con-

2072 788 2157 836 tra
2193 793 2311 835 nos.
2362 776 2610 849 Plerique
2648 792 2714 831 ea:
2756 775 3109 830 obedientium
3135 791 3304 845 grege,
3355 786 3460 826 etc.
3504 774 3652 826 Nun-

2072 887 2238 945 quam
2268 871 2538 941 suscipias
2564 884 2689 926 eum
2719 869 2813 938 qui
2839 869 2935 924 tibi
2960 868 3213 925 subditus
3246 881 3349 931 est,
3380 868 3649 921 dicentem

2071 966 2170 1023 tibi
2208 984 2222 1021 :
2261 966 2339 1021 Ita
2371 965 2505 1021 milii
2532 965 2809 1021 licentiam
2837 973 2892 1019 et
2908 968 3229 1033 potestatem
3249 959 3314 1015 ad
3342 960 3502 1015 talem
3525 974 3653 1027 ope-

2073 1061 2340 1117 rationem
2367 1058 2452 1115 vcl
2487 1061 2747 1116 virtutem
2773 1056 3201 1129 exsequendam,
3232 1064 3285 1111 et
3317 1072 3328 1109 :
3364 1052 3442 1109 ita
3474 1069 3560 1109 me
3588 1053 3653 1107 ad

2074 1154 2126 1210 id
2154 1153 2302 1226 quod
2347 1151 2630 1224 spirituale
2669 1160 2755 1209 est
2796 1150 3049 1221 permitte
3082 1149 3338 1221 dirigere.
3390 1146 3525 1203 Nam
3562 1146 3654 1217 qui

2076 1248 2149 1303 ita
2192 1246 2342 1312 dicit,
2391 1243 2738 1301 manifestum
2783 1252 2867 1301 est
2925 1244 3052 1316 quia
3092 1243 3351 1300 seductus
3381 1240 3656 1312 propriam

2076 1338 2303 1411 perfecit
2344 1339 2703 1405 voluntatem,
2744 1347 2800 1394 et
2837 1338 3056 1409 optimae
3100 1335 3425 1393 obcdientize
3452 1331 3659 1390 fmdera

2077 1430 2311 1503 spernit,
2334 1437 2392 1486 et
2414 1428 2677 1501 deceptus
2714 1438 2773 1484 ct
2802 1428 3017 1494 illusus,
3054 1428 3308 1484 meritum
3337 1427 3662 1482 obedientiae

2077 1537 2266 1582 coram
2298 1521 2412 1579 Deo
2448 1521 2666 1594 perdit:
2697 1519 2836 1578 Sunt
2867 1524 2960 1592 qui
2999 1530 3238 1591 suscepto
3276 1521 3520 1589 imperio,
3552 1528 3658 1574 εἰς’.

2079 1614 2287 1672 ﬂorum
2318 1616 2720 1686 unusquisque,
2762 1614 2818 1669 in
2854 1613 3078 1687 proprio
3112 1622 3379 1684 tempore,
3418 1611 3669 1667 laudabi-

2083 1708 2155 1765 lis
2201 1717 2304 1766 est.
2363 1706 2499 1765 Nam
2549 1706 2843 1774 secundus,
2885 1707 3043 1779 juxta
3099 1706 3316 1762 initium
3367 1706 3668 1777 disciplina:

2086 1801 2501 1859 introductoria
2547 1800 2616 1856 ad
2653 1801 2907 1866 virtutes,
2958 1798 3159 1856 melius
3209 1798 3360 1863 facit,
3404 1799 3670 1855 obediens

2086 1896 2464 1953 inconstanter
2493 1914 2507 1949 :
2536 1894 2719 1951 adhuc
2748 1894 2893 1950 enim
2919 1908 2985 1949 es
3021 1893 3216 1949 ordine
3259 1892 3668 1965 probandorum

2087 1998 2192 2046 est.
2232 1987 2454 2046 Primus
2494 2002 2647 2056 vero,
2683 1984 2813 2061 quia
2852 1985 2967 2057 jam
3001 1985 3325 2058 pcrfectioui
3371 1986 3671 2057 appropin-

2089 2090 2244 2153 quat,
2304 2091 2363 2141 ει
2406 2089 2653 2155 tempore
2700 2080 2867 2153 longo
2917 2079 3247 2136 obedientia:
3299 2079 3671 2136 ostensionem

2090 2174 2363 2244 exhibuit,
2393 2175 2729 2231 voluntatem
2759 2174 2937 2231 Patris
2963 2173 3229 2235 sentiens,
3265 2170 3539 2229 benefacit
3560 2189 3672 2229 non

2092 2262 2300 2321 faciens
2323 2277 2447 2335 qua:
2483 2262 2640 2320 illum
2674 2262 2821 2320 nolle
2862 2263 3034 2319 novit.
3071 2261 3191 2319 Non
3221 2264 3372 2319 enim
3418 2264 3671 2327 ulterius,

2093 2356 2252 2428 quasi
2319 2372 2546 2423 servus,
2597 2356 2918 2414 rationalem
2971 2356 3292 2415 servitutem
3339 2357 3676 2415 oblationem

2093 2448 2306 2519 oll‘eret,
2336 2451 2433 2508 sed
2462 2450 2608 2509 filius
2633 2458 2689 2507 et
2735 2450 2970 2517 amicus,
3013 2450 3349 2508 voluntatem
3379 2453 3550 2524 patris
3595 2452 3679 2506 iu-

2093 2540 2395 2614 veatigans,
2423 2540 2867 2611 beneplacentem
2889 2540 3221 2597 voluntatem
3251 2540 3514 2612 perﬁciet.
3546 2539 3677 2595 Pos-

2094 2633 2250 2690 sibile
2285 2650 2392 2691 nos
2422 2642 2501 2690 est
2539 2643 2596 2688 ut
2627 2632 2897 2699 diabolus,
2928 2641 3033 2690 etc.
3069 2632 3353 2706 Indignum
3392 2642 3448 2688 et
3487 2633 3675 2688 incou~

2093 2722 2323 2780 veniens
2357 2729 2466 2789 est,
2508 2722 2604 2787 ait,
2635 2721 2783 2792 quod
2816 2720 3091 2788 diabolus,
3119 2736 3234 2779 suae
3272 2720 3446 2793 ipsius
3482 2720 3680 2775 volun-

2094 2813 2194 2871 tati
2223 2814 2465 2871 resistat.
2498 2813 2594 2869 ille
2622 2812 2772 2869 enim
2819 2827 3040 2869 omnem
3078 2809 3357 2869 hominem
3397 2811 3676 2884 negligen-

2096 2918 2180 2965 ter
2210 2915 2268 2966 et
2293 2908 2489 2966 vitiose
2517 2908 2701 2965 vivere
2726 2907 2866 2973 vult,
2906 2916 2963 2962 et
2986 2921 3142 2962 suam
3170 2906 3527 2970 voluntatem,
3561 2919 3682 2959 ma-

2096 3004 2182 3075 gis
2212 3016 2377 3076 quam
2416 3000 2537 3068 Dei,
2577 3000 2841 3074 perﬁcere
2877 3019 2890 3056 :
2920 2999 2979 3057 Si
3023 3008 3082 3058 et
3122 3014 3255 3072 ergo
3298 3000 3513 3071 aliquos
3543 3001 3683 3057 tales

403 3100 533 3156 liter
568 3099 627 3155 in
666 3111 765 3168 spe
807 3102 866 3151 et
892 3092 1110 3150 silentio
1141 3089 1386 3160 seipsum
1420 3080 1728 3191 roborlabit.
1764 3087 1990 3153 propter

2104 3094 2393 3162 invenerit,
2426 3108 2536 3150 non
2586 3093 2804 3151 resistet
2833 3092 2937 3160 eis,
2968 3092 3125 3164 quia,
3168 3092 3213 3148 ai
3253 3092 3336 3148 eis
3381 3090 3682 3158 resisteret,

404 3191 747 3267 patientiam,
780 3188 848 3244 ad
889 3180 1347 3258 perseverandum
1380 3178 1434 3233 in
1482 3174 1660 3234 stadio
1694 3185 1993 3267 conversa-

405 3262 574 3341 tionis
614 3279 935 3339 monastic:
962 3296 976 3332 :
1003 3286 1058 3331 et
1095 3274 1226 3331 licet
1253 3269 1491 3327 oll‘endat
1538 3275 1593 3324 et
1636 3271 1845 3338 peccet,
1894 3262 1999 3320 ite»

408 3392 532 3435 rum
581 3371 890 3448 pamitebit,
922 3379 980 3427 et
1026 3384 1060 3425 a
1111 3360 1537 3423 necessitudinis
1581 3366 1787 3415 sanetae
1822 3355 2000 3414 stadio

408 3484 691 3543 nunquam
716 3464 955 3523 recedet.
1004 3461 1068 3519 Si
1100 3474 1219 3516 sero
1242 3457 1484 3514 exierunt
1507 3452 1711 3543 aliqui.
1728 3447 1998 3515 Subaudi,

408 3581 439 3620 a
501 3541 864 3620 monumento
942 3552 1306 3629 professionis
1354 3547 1615 3619 angelice
1671 3541 1787 3615 (l7)
1839 3541 1998 3629 vitae,

408 3669 579 3729 opere
620 3661 679 3710 et
710 3627 1283 3713 aﬁectu,_obedientia
1331 3638 1556 3695 Patrum
1606 3633 1829 3704 rejects.
1862 3627 2001 3685 Coa-

410 3748 613 3814 sidera,
635 3747 765 3819 quia
793 3739 1092 3799 immortali
1130 3742 1311 3791 morte
1348 3729 1548 3786 mortui
1584 3733 1731 3793 sunt,
1758 3731 1816 3780 et

411 3837 520 3894 rati
547 3851 580 3893 a
598 3810 732 3891 ﬁll-co
753 3830 1002 3894 fuerunt,
1027 3824 1175 3899 quod
1212 3820 1368 3877 omni
1418 3825 1595 3875 morte
1616 3810 1892 3885 corporali
1918 3818 2004 3866 est

412 3931 594 4005 pejus,
622 3928 678 3984 in
705 3924 999 3982 inﬁnitum.
1032 3916 1164 3975 Cum
1187 3913 1447 3971 senserint
1476 3907 1782 4005 fragiliores
1812 3904 2005 3975 quippe

413 4000 795 4095 ae'seguiores,
839 4015 1047 4089 gravia,
1079 4019 1186 4068 etc.
1218 4005 1453 4076 Quando
1496 4003 1666 4074 igitur
1696 4000 1763 4055 ad
1806 4009 2003 4069 opera-

413 4092 620 4180 tionem
663 4128 929 4173 manuum
958 4107 1198 4174 accedis,
1243 4103 1409 4161 talem
1442 4102 1497 4157 in
1548 4097 1726 4169 teipso
1767 4092 2005 4150 reforma

415 4215 740 4287 cogitatum,
778 4207 874 4279 qui
906 4203 1132 4262 Christo
1175 4198 1460 4257 ministras
1500 4192 1595 4287 qui
1637 4196 1913 4287 praecepto
1950 4193 2007 4241 et

415 4278 672 4378 exemplo
697 4302 766 4360 ad
803 4313 970 4374 opera
997 4301 1199 4370 (usque
1231 4294 1299 4348 ad
1328 4286 1586 4355 mortem)
1630 4294 1684 4339 te
1717 4278 2006 4336 informat.

416 4401 688 4475 Operana,
733 4395 896 4453 lauda
927 4392 1103 4450 Deum
1150 4395 1308 4442 tuum
1356 4383 1563 4454 lingua,
1620 4383 1823 4475 mente
1853 4385 2007 4428 reco—

2102 3204 2220 3247 sua:
2264 3188 2439 3260 ipsius
2456 3187 2726 3244 voluntati
2766 3185 2996 3243 omnino
3037 3186 3340 3243 resisteret.
3380 3182 3534 3251 Quod
3576 3200 3684 3239 non

2091 3282 2379 3357 iudicandi
2402 3298 2586 3348 causa,
2613 3290 2719 3338 etc.
2747 3277 2870 3337 Non
2888 3294 2951 3350 es
2978 3277 3313 3350 suspicione,
3343 3278 3442 3344 ait,
3470 3276 3682 3348 judico,

2102 3379 2209 3435 hoc
2262 3377 2489 3441 dicens,
2547 3374 2645 3432 sed
2688 3372 2960 3431 ellicacem
3004 3380 3222 3428 motum
3274 3370 3508 3426 ostendo
3563 3371 3684 3425 vitii

2101 3469 2454 3543 praeeptoris
2490 3469 2733 3535 nomine,
2766 3466 2862 3523 sed
2886 3480 2993 3522 non
3024 3480 3102 3532 re,
3134 3474 3189 3521 et
3226 3466 3537 3536 passionem
3568 3479 3687 3518 ma-

2103 3564 2302 3621 nifeste
2325 3562 2561 3621 ostendo
2596 3560 2819 3632 juvenis
2845 3557 3359 3631 superascendentis
3404 3558 3685 3613 seniorum

2101 3664 2158 3713 et
2178 3655 2449 3727 majorum
2468 3654 2719 3711 virtutes.
2753 3652 2821 3709 At
2851 3667 2974 3707 eum
3018 3650 3194 3717 illum,
3233 3667 3267 3704 a
3302 3665 3422 3721 rege
3452 3648 3690 3719 sigillum

2103 3750 2387 3820 accepisse,
2436 3759 2545 3803 etc.
2602 3746 2959 3820 Signaculum
3016 3744 3163 3809 ﬁdei,
3215 3752 3301 3800 est
3354 3742 3686 3812 baptismus.

2107 3843 2273 3917 Signa
2314 3841 2524 3899 militia:
2578 3840 2909 3913 spiritualia,
2952 3847 3086 3895 sunt
3129 3838 3453 3910 ptenitentia
3507 3846 3561 3890 et
3604 3839 3688 3891 lu-

2103 3954 2305 4013 eryma
2322 3952 2449 4011 qua:
2475 3938 2622 3993 hunc
2644 3942 2976 4008 repurgant;
2999 3942 3217 3990 scutum
3242 3949 3373 3988 vero
3395 3943 3479 3989 est
3498 3932 3691 3987 mundi

2105 4032 2259 4106 fuga,
2295 4033 2488 4090 odium
2535 4030 2718 4088 omnis
2771 4029 3150 4086 delectationis
3198 4028 3324 4083 vita:
3368 4027 3686 4097 praesentis;

2104 4123 2322 4195 gladius
2353 4129 2442 4179 est
2469 4119 2605 4178 fides
2632 4120 2700 4175 ad
2728 4127 3035 4191 pastorem;
3064 4117 3216 4173 ensis
3249 4115 3536 4188 abnegatio
3563 4129 3694 4184 pro-

2106 4216 2243 4289 pria
2279 4212 2614 4281 voluntatis;
2665 4226 2830 4268 arcus
2877 4211 3059 4267 oratio
3079 4224 3176 4279 per
3207 4222 3373 4279 quam
3413 4207 3691 4261 daamones

2109 4309 2475 4383 sagittantur;
2526 4306 2764 4361 militare
2806 4304 3228 4367 vestimentum,
3272 4300 3591 4365 humilitas,
3637 4308 3693 4352 et.

2109 4405 2372 4459 virtutum
2402 4415 2526 4473 quae
2561 4414 2628 4455 ex
2653 4412 2718 4454 ea
2755 4404 2903 4461 sunt,
2932 4394 3188 4451 amictus.

418 4502 553 4574 Si“.
579 4493 880 4585 “unum
914 4486 1189 4585 είξηῇθθδ
1219 4480 1359 4585 ⁸³3³³
1395 4468 2007 4585 (ιυίηίηδιξιῖῗῗῗαῖἓ
2036 4492 2083 4549 D
2178 4518 2392 4577 Gradus
2511 4544 2583 4562 --
2609 4512 2913 4585 Securaque
2946 4512 3200 4583 cujusque
3229 4510 3315 4564 sui
3340 4525 3491 4563 cura.
3550 4504 3694 4573 Quia

417 4557 679 4665 operibus
729 4596 815 4644 est
860 4557 1099 4641 intidelis
1151 4585 1210 4632 et
1256 4573 1409 4645 piger
1428 4609 1445 4635 ,
1495 4567 1550 4623 in
1601 4562 1851 4665 oratione
1895 4557 2005 4613 erit

420 4651 597 4742 multo
624 4677 800 4750 magis
820 4676 996 4748 piger,
1024 4666 1265 4726 inﬁdelis
1289 4674 1345 4720 et
1365 4658 1652 4750 remissus.
1678 4651 1823 4708 Sane
1874 4662 2005 4750 ora.

312 4758 322 4766 ’
524 4739 954 4845 nequaquamin
987 4758 1237 4831 corporis
1267 4754 1453 4845 quiete
1491 4746 1779 4845 dirigetur,
1809 4739 1907 4797 sed
1945 4739 2002 4794 iu

422 4838 629 4925 labore
642 4871 704 4919 et
722 4838 879 4918 actu.
917 4857 1090 4913 Amor
1115 4849 1340 4923 quietis.
1370 4838 1653 4901 Orationis
1696 4840 1785 4892 est
1821 4840 2007 4889 ester-

423 4957 679 5023 minium,
700 4963 760 5011 et
785 4945 1204 5009 diminutionem
1237 4939 1500 4995 virtutum
1537 4928 1821 5023 praedicat,

423 5016 552 5108 data
589 5016 883 5117 negligere.
933 5037 1094 5100 Hinc,
1120 5032 1283 5089 Pater
1335 5025 1575 5084 ostendit
1615 5020 1759 5117 quod
1790 5017 1886 5117 qui
1914 5016 2016 5072 ob-

380 5142 383 5149 ’
425 5109 690 5210 sequium
738 5109 1160 5188 iuiuistrationia
1215 5120 1294 5195 (id
1341 5125 1468 5181 est,
1508 5109 1849 5186 operationis
1897 5120 2017 5210 lua-

428 5198 626 5302 uuum)
659 5229 959 5297 inemptum
993 5216 1130 5275 illud
1169 5222 1231 5271 ut
1259 5211 1481 5269 fratrem
1524 5205 1746 5302 adjuvet
1772 5209 1827 5257 et
1858 5198 2015 5269 quie-

428 5333 529 5389 tet,
556 5297 791 5378 avfratre
832 5319 1080 5386 rogatus,
1109 5302 1468 5375 derelinquit.
1519 5297 1698 5368 Opera
1752 5303 2017 5389 manuum

431 5380 551 5473 vult
575 5423 633 5470 et
677 5380 926 5481 intelligit
962 5417 1086 5463 esse
1116 5397 1361 5456 ctelestia
1389 5401 1447 5448 et
1493 5405 1602 5445 non
1632 5398 1849 5481 terrena
1884 5399 1901 5435 :
1933 5380 2018 5434 id-

430 5510 604 5574 circo,
657 5519 766 5558 non
807 5473 1050 5568 propria,
1098 5491 1192 5549 sed
1244 5483 1559 5545 communia
1610 5477 1676 5534 ad
1726 5473 2018 5574 utilitatem

435 5563 797 5669 indigentium
833 5563 949 5646 vult
980 5602 1126 5644 esse.
1155 5579 1371 5652 Reliqui
1415 5589 1568 5639 vero,
1601 5586 1710 5627 non
1741 5583 1807 5625 ex
1835 5563 2021 5623 citari-

506 5759 623 5833 (t7)
659 5757 745 5815 At.
776 5749 1097 5832 apostolica.

769 5827 1039 5914 linum.
1090 5842 1208 5907 (ia.
1280 5831 1511 5899 LXXX
1526 5827 1695 5891 Vill.

2109 4616 2178 4672 de
2216 4612 2369 4670 nullo
2416 4621 2637 4668 terreno
2683 4616 2864 4673 curat,
2912 4603 3007 4661 sed
3059 4620 3157 4675 pro
3203 4610 3264 4659 se
3309 4602 3412 4659 sibi
3458 4601 3692 4656 sollicita

2110 4706 2387 4779 quomodo
2431 4703 2547 4760 sibi
2575 4700 2744 4756 Deum
2786 4697 3126 4762 reconciliet,
3160 4704 3216 4751 et
3248 4695 3477 4751 salutem
3515 4694 3693 4763 perdi-

2113 4813 2225 4859 tam
2253 4813 2351 4870 per
2374 4806 2659 4868 peccatum
2710 4792 2971 4854 inveniat,
3011 4788 3328 4860 ptenitcudo
3369 4798 3423 4841 et
3461 4786 3697 4856 lugendo

2114 4893 2341 4951 festinat
2378 4899 2435 4946 et
2466 4905 2565 4960 pro
2602 4904 2662 4943 se
2702 4884 3020 4957 diiudicata,
3053 4882 3133 4949 llt,
3179 4881 3309 4953 quia
3356 4877 3540 4935 Omnia
3573 4893 3697 4947 qua:

2113 4995 2243 5045 sunt
2294 4984 2506 5047 mundi,
2553 4990 2607 5037 et
2647 4981 2887 5049 seipsum
2938 4973 3215 5047 puniendo
3259 4970 3561 5028 contemnit
3604 4972 3698 5040 qui

2113 5094 2197 5139 est
2225 5081 2519 5153 paenitens,
2562 5085 2617 5130 ει
2649 5073 2935 5144 vigilanter
2964 5067 3035 5125 ab
3071 5067 3219 5122 omni
3246 5066 3454 5135 judicio
3477 5064 3699 5131 elonga~

2117 5189 2226 5244 tua,
2271 5191 2337 5230 ex
2376 5188 2501 5228 vera
2540 5170 2852 5241 cognitione
2878 5166 2963 5222 sui
2998 5165 3189 5236 ipsius,
3221 5172 3463 5216 extremo
3488 5157 3698 5227 judicio

2117 5288 2177 5331 se
2200 5270 2424 5341 dignum
2462 5266 2655 5321 cernit.
2684 5262 2786 5316 l‘er
2821 5276 2879 5316 se
2916 5260 3081 5329 igitur
3110 5254 3368 5325 cogitatio
3399 5250 3700 5320 diiudicata

2120 5371 2225 5429 est,
2261 5359 2413 5430 quia,
2442 5356 2628 5423 aliquo
2670 5350 2776 5405 alio
2813 5349 2879 5404 ad
2914 5345 3358 5417 dijudicationem
3397 5354 3505 5394 non
3534 5346 3697 5407 eget:

2122 5457 2220 5516 sed
2251 5456 2346 5527 qui
2386 5465 2469 5510 est
2498 5452 2791 5523 paenitens,
2822 5450 2937 5519 ipse
2978 5446 3061 5500 sui
3091 5443 3266 5514 ipsius
3291 5438 3458 5511 judcx
3484 5447 3539 5492 ct
3581 5438 3701 5489 vin-

2124 5557 2227 5612 dex
2272 5561 2371 5607 est.
2430 5550 2718 5617 Antequam
2761 5556 3094 5601 corruamus,
3130 5548 3236 5591 etc.
3282 5530 3603 5590 Dt‘lcrtabilc
3647 5540 3702 5583 ct

3340 5781 3412 5844 39
