  <div class='ocr_page' id='page_1' title='image "/cluster/home/n/w/nwhite01/storage/ocr_20150623/88/mdp.39015078384321/631.png"; bbox 0 0 4008 6148; ppageno 0'>
   <div class='ocr_carea' id='block_1_1' title="bbox 346 253 479 320">
    <p class='ocr_par' dir='ltr' id='par_1_1' title="bbox 346 253 479 320">
     <span class='ocr_line' id='line_1_1' title="bbox 346 253 479 320; baseline 0 -1"><span class='ocrx_word' id='word_1_1' title='bbox 346 253 479 320; x_wconf 75' lang='lat'><strong>1227</strong></span> 
     </span>
    </p>
   </div>
   <div class='ocr_carea' id='block_1_2' title="bbox 1504 251 2476 316">
    <p class='ocr_par' dir='ltr' id='par_1_2' title="bbox 1504 251 2476 316">
     <span class='ocr_line' id='line_1_2' title="bbox 1504 251 2476 316; baseline 0 -5"><span class='ocrx_word' id='word_1_2' title='bbox 1504 256 1563 314; x_wconf 74' lang='lat' dir='ltr'><strong>S.</strong></span> <span class='ocrx_word' id='word_1_3' title='bbox 1605 252 1920 316; x_wconf 76' lang='lat' dir='ltr'><strong>JOANNIS</strong></span> <span class='ocrx_word' id='word_1_4' title='bbox 1958 251 2476 312; x_wconf 74' lang='lat' dir='ltr'><strong>RAITIJUENSIS</strong></span> 
     </span>
    </p>
   </div>
   <div class='ocr_carea' id='block_1_3' title="bbox 3455 250 3588 316">
    <p class='ocr_par' dir='ltr' id='par_1_3' title="bbox 3455 250 3588 316">
     <span class='ocr_line' id='line_1_3' title="bbox 3455 250 3588 316; baseline 0.008 -1"><span class='ocrx_word' id='word_1_5' title='bbox 3455 250 3588 316; x_wconf 72' lang='lat'><strong>1223</strong></span> 
     </span>
    </p>
   </div>
   <div class='ocr_carea' id='block_1_4' title="bbox 341 361 3586 435">
    <p class='ocr_par' dir='ltr' id='par_1_4' title="bbox 341 361 3586 435">
     <span class='ocr_line' id='line_1_4' title="bbox 341 361 3586 435; baseline -0 -14"><span class='ocrx_word' id='word_1_6' title='bbox 341 365 500 423; x_wconf 90' lang='lat' dir='ltr'><strong>dulce</strong></span> <span class='ocrx_word' id='word_1_7' title='bbox 526 362 681 421; x_wconf 86' lang='lat' dir='ltr'><strong>nobis</strong></span> <span class='ocrx_word' id='word_1_8' title='bbox 713 365 968 435; x_wconf 90' lang='lat' dir='ltr'><strong>proponit</strong></span> <span class='ocrx_word' id='word_1_9' title='bbox 995 362 1226 421; x_wconf 72' lang='lat' dir='ltr'><strong>daemoni</strong></span> <span class='ocrx_word' id='word_1_10' title='bbox 1262 366 1524 429; x_wconf 72' lang='lat' dir='ltr'><strong>exterius,</strong></span> <span class='ocrx_word' id='word_1_11' title='bbox 1553 374 1612 420; x_wconf 91' lang='lat' dir='ltr'><strong>ut</strong></span> <span class='ocrx_word' id='word_1_12' title='bbox 1639 368 1820 420; x_wconf 79' lang='lat' dir='ltr'><strong>tranat</strong></span> <span class='ocrx_word' id='word_1_13' title='bbox 1845 363 1914 418; x_wconf 87' lang='lat' dir='ltr'><strong>ad</strong></span> <span class='ocrx_word' id='word_1_14' title='bbox 1941 366 1986 424; x_wconf 73' lang='grc' dir='ltr'><strong>Α</strong></span> <span class='ocrx_word' id='word_1_15' title='bbox 2016 377 2140 416; x_wconf 88' lang='lat' dir='ltr'><strong>vera</strong></span> <span class='ocrx_word' id='word_1_16' title='bbox 2176 361 2471 429; x_wconf 77' lang='lat' dir='ltr'><strong>confessio,</strong></span> <span class='ocrx_word' id='word_1_17' title='bbox 2514 377 2609 432; x_wconf 83' lang='lat' dir='ltr'><strong>per</strong></span> <span class='ocrx_word' id='word_1_18' title='bbox 2635 361 2871 417; x_wconf 90' lang='lat' dir='ltr'><strong>divinam</strong></span> <span class='ocrx_word' id='word_1_19' title='bbox 2905 363 3188 418; x_wconf 72' lang='lat' dir='ltr'><strong>St‘lt‘tlliam</strong></span> <span class='ocrx_word' id='word_1_20' title='bbox 3235 381 3494 421; x_wconf 75' lang='lat' dir='ltr'><strong>evressns</strong></span> <span class='ocrx_word' id='word_1_21' title='bbox 3532 370 3586 424; x_wconf 91' lang='lat' dir='ltr'><strong>in</strong></span> 
     </span>
    </p>
   </div>
   <div class='ocr_carea' id='block_1_5' title="bbox 342 455 1913 528">
    <p class='ocr_par' dir='ltr' id='par_1_5' title="bbox 342 455 1913 528">
     <span class='ocr_line' id='line_1_5' title="bbox 342 455 1913 528; baseline -0.003 -14"><span class='ocrx_word' id='word_1_22' title='bbox 342 455 697 528; x_wconf 87' lang='lat' dir='ltr'><strong>peccandum,</strong></span> <span class='ocrx_word' id='word_1_23' title='bbox 733 457 937 527; x_wconf 75' lang='lat' dir='ltr'><strong>peccati</strong></span> <span class='ocrx_word' id='word_1_24' title='bbox 973 465 1179 511; x_wconf 89' lang='lat' dir='ltr'><strong>reatqu</strong></span> <span class='ocrx_word' id='word_1_25' title='bbox 1212 455 1324 512; x_wconf 87' lang='lat' dir='ltr'><strong>fere</strong></span> <span class='ocrx_word' id='word_1_26' title='bbox 1373 458 1507 512; x_wconf 85' lang='lat' dir='ltr'><strong>nihil</strong></span> <span class='ocrx_word' id='word_1_27' title='bbox 1549 474 1672 514; x_wconf 83' lang='lat' dir='ltr'><strong>esse</strong></span> <span class='ocrx_word' id='word_1_28' title='bbox 1719 471 1913 528; x_wconf 83' lang='lat' dir='ltr'><strong>suppo-</strong></span> 
     </span>
    </p>
   </div>
   <div class='ocr_carea' id='block_1_6' title="bbox 343 548 1914 620">
    <p class='ocr_par' dir='ltr' id='par_1_6' title="bbox 343 548 1914 620">
     <span class='ocr_line' id='line_1_6' title="bbox 343 548 1914 620; baseline 0.001 -15"><span class='ocrx_word' id='word_1_29' title='bbox 343 565 503 617; x_wconf 88' lang='lat' dir='ltr'><strong>ncns,</strong></span> <span class='ocrx_word' id='word_1_30' title='bbox 553 548 834 620; x_wconf 85' lang='lat' dir='ltr'><strong>Deumque</strong></span> <span class='ocrx_word' id='word_1_31' title='bbox 874 549 1168 619; x_wconf 74' lang='lat' dir='ltr'><strong>benignum</strong></span> <span class='ocrx_word' id='word_1_32' title='bbox 1221 559 1274 605; x_wconf 87' lang='lat' dir='ltr'><strong>ct</strong></span> <span class='ocrx_word' id='word_1_33' title='bbox 1330 549 1734 606; x_wconf 86' lang='lat' dir='ltr'><strong>misericordem</strong></span> <span class='ocrx_word' id='word_1_34' title='bbox 1791 565 1914 606; x_wconf 85' lang='lat' dir='ltr'><strong>esse</strong></span> 
     </span>
    </p>
   </div>
   <div class='ocr_carea' id='block_1_7' title="bbox 342 639 1909 715">
    <p class='ocr_par' dir='ltr' id='par_1_7' title="bbox 342 639 1909 715">
     <span class='ocr_line' id='line_1_7' title="bbox 342 639 1909 715; baseline -0.001 -17"><span class='ocrx_word' id='word_1_35' title='bbox 342 642 604 715; x_wconf 70' lang='lat' dir='ltr'><strong>suggerit,</strong></span> <span class='ocrx_word' id='word_1_36' title='bbox 634 650 689 698; x_wconf 91' lang='lat' dir='ltr'><strong>et</strong></span> <span class='ocrx_word' id='word_1_37' title='bbox 719 642 935 698; x_wconf 84' lang='lat' dir='ltr'><strong>asserit.</strong></span> <span class='ocrx_word' id='word_1_38' title='bbox 969 639 1027 696; x_wconf 92' lang='lat' dir='ltr'><strong>lu</strong></span> <span class='ocrx_word' id='word_1_39' title='bbox 1061 643 1164 697; x_wconf 81' lang='lat' dir='ltr'><strong>hoc</strong></span> <span class='ocrx_word' id='word_1_40' title='bbox 1191 649 1276 698; x_wconf 89' lang='lat' dir='ltr'><strong>est</strong></span> <span class='ocrx_word' id='word_1_41' title='bbox 1313 658 1441 698; x_wconf 87' lang='lat' dir='ltr'><strong>vere</strong></span> <span class='ocrx_word' id='word_1_42' title='bbox 1477 642 1755 708; x_wconf 87' lang='lat' dir='ltr'><strong>inimicus,</strong></span> <span class='ocrx_word' id='word_1_43' title='bbox 1780 645 1909 714; x_wconf 87' lang='lat' dir='ltr'><strong>quia</strong></span> 
     </span>
    </p>
   </div>
   <div class='ocr_carea' id='block_1_8' title="bbox 343 730 1911 804">
    <p class='ocr_par' dir='ltr' id='par_1_8' title="bbox 343 730 1911 804">
     <span class='ocr_line' id='line_1_8' title="bbox 343 730 1911 804; baseline 0.002 -19"><span class='ocrx_word' id='word_1_44' title='bbox 343 732 698 799; x_wconf 84' lang='lat' dir='ltr'><strong>intrinsecus.</strong></span> <span class='ocrx_word' id='word_1_45' title='bbox 722 730 870 804; x_wconf 87' lang='lat' dir='ltr'><strong>quod</strong></span> <span class='ocrx_word' id='word_1_46' title='bbox 909 733 1114 787; x_wconf 84' lang='lat' dir='ltr'><strong>malum</strong></span> <span class='ocrx_word' id='word_1_47' title='bbox 1144 742 1250 798; x_wconf 88' lang='lat' dir='ltr'><strong>est,</strong></span> <span class='ocrx_word' id='word_1_48' title='bbox 1279 747 1335 789; x_wconf 87' lang='lat' dir='ltr'><strong>et</strong></span> <span class='ocrx_word' id='word_1_49' title='bbox 1369 748 1618 788; x_wconf 88' lang='lat' dir='ltr'><strong>amarum</strong></span> <span class='ocrx_word' id='word_1_50' title='bbox 1656 735 1911 804; x_wconf 87' lang='lat' dir='ltr'><strong>(mortem</strong></span> 
     </span>
    </p>
   </div>
   <div class='ocr_carea' id='block_1_9' title="bbox 341 822 1908 894">
    <p class='ocr_par' dir='ltr' id='par_1_9' title="bbox 341 822 1908 894">
     <span class='ocr_line' id='line_1_9' title="bbox 341 822 1908 894; baseline 0.001 -16"><span class='ocrx_word' id='word_1_51' title='bbox 341 822 552 880; x_wconf 84' lang='lat' dir='ltr'><strong>scilicet</strong></span> <span class='ocrx_word' id='word_1_52' title='bbox 574 825 824 894; x_wconf 86' lang='lat' dir='ltr'><strong>corporis</strong></span> <span class='ocrx_word' id='word_1_53' title='bbox 851 831 908 880; x_wconf 82' lang='lat' dir='ltr'><strong>et</strong></span> <span class='ocrx_word' id='word_1_54' title='bbox 939 825 1157 894; x_wconf 81' lang='lat' dir='ltr'><strong>animae)</strong></span> <span class='ocrx_word' id='word_1_55' title='bbox 1186 824 1562 879; x_wconf 82' lang='lat' dir='ltr'><strong>fraudulentus</strong></span> <span class='ocrx_word' id='word_1_56' title='bbox 1587 824 1908 880; x_wconf 73' lang='lat' dir='ltr'><strong>abscondit:</strong></span> 
     </span>
    </p>
   </div>
   <div class='ocr_carea' id='block_1_10' title="bbox 340 912 1914 986">
    <p class='ocr_par' dir='ltr' id='par_1_10' title="bbox 340 912 1914 986">
     <span class='ocr_line' id='line_1_10' title="bbox 340 912 1914 986; baseline -0.001 -16"><span class='ocrx_word' id='word_1_57' title='bbox 340 929 505 986; x_wconf 89' lang='lat' dir='ltr'><strong>quam</strong></span> <span class='ocrx_word' id='word_1_58' title='bbox 535 922 658 986; x_wconf 83' lang='lat' dir='ltr'><strong>post</strong></span> <span class='ocrx_word' id='word_1_59' title='bbox 684 912 918 985; x_wconf 86' lang='lat' dir='ltr'><strong>lapsum,</strong></span> <span class='ocrx_word' id='word_1_60' title='bbox 957 923 1018 967; x_wconf 86' lang='lat' dir='ltr'><strong>ut</strong></span> <span class='ocrx_word' id='word_1_61' title='bbox 1045 913 1332 982; x_wconf 86' lang='lat' dir='ltr'><strong>desperare</strong></span> <span class='ocrx_word' id='word_1_62' title='bbox 1372 929 1472 969; x_wconf 86' lang='lat' dir='ltr'><strong>nos</strong></span> <span class='ocrx_word' id='word_1_63' title='bbox 1503 912 1688 979; x_wconf 84' lang='lat' dir='ltr'><strong>faciat,</strong></span> <span class='ocrx_word' id='word_1_64' title='bbox 1720 914 1914 969; x_wconf 83' lang='lat' dir='ltr'><strong>adver-</strong></span> 
     </span>
    </p>
   </div>
   <div class='ocr_carea' id='block_1_11' title="bbox 340 1003 1909 1091">
    <p class='ocr_par' dir='ltr' id='par_1_11' title="bbox 340 1003 1909 1091">
     <span class='ocr_line' id='line_1_11' title="bbox 340 1003 1909 1091; baseline -0.001 -31"><span class='ocrx_word' id='word_1_65' title='bbox 340 1020 438 1062; x_wconf 87' lang='lat' dir='ltr'><strong>sus</strong></span> <span class='ocrx_word' id='word_1_66' title='bbox 484 1017 619 1091; x_wconf 51' lang='lat' dir='ltr'><strong>nos.</strong></span> <span class='ocrx_word' id='word_1_67' title='bbox 638 1003 948 1060; x_wconf 88' lang='lat' dir='ltr'><strong>insultando</strong></span> <span class='ocrx_word' id='word_1_68' title='bbox 982 1005 1297 1075; x_wconf 84' lang='lat' dir='ltr'><strong>proclamat,</strong></span> <span class='ocrx_word' id='word_1_69' title='bbox 1344 1005 1489 1060; x_wconf 88' lang='lat' dir='ltr'><strong>ultor</strong></span> <span class='ocrx_word' id='word_1_70' title='bbox 1536 1005 1783 1070; x_wconf 75' lang='lat' dir='ltr'><strong>effectus,</strong></span> <span class='ocrx_word' id='word_1_71' title='bbox 1816 1005 1909 1076; x_wconf 83' lang='lat' dir='ltr'><strong>qui</strong></span> 
     </span>
    </p>
   </div>
   <div class='ocr_carea' id='block_1_12' title="bbox 343 1095 1911 1167">
    <p class='ocr_par' dir='ltr' id='par_1_12' title="bbox 343 1095 1911 1167">
     <span class='ocr_line' id='line_1_12' title="bbox 343 1095 1911 1167; baseline -0.001 -16"><span class='ocrx_word' id='word_1_72' title='bbox 343 1095 514 1152; x_wconf 82' lang='lat' dir='ltr'><strong>fuerat</strong></span> <span class='ocrx_word' id='word_1_73' title='bbox 529 1097 651 1167; x_wconf 85' lang='lat' dir='ltr'><strong>(nos</strong></span> <span class='ocrx_word' id='word_1_74' title='bbox 666 1096 997 1165; x_wconf 84' lang='lat' dir='ltr'><strong>seduccndo)</strong></span> <span class='ocrx_word' id='word_1_75' title='bbox 1015 1096 1307 1164; x_wconf 88' lang='lat' dir='ltr'><strong>proditorie</strong></span> <span class='ocrx_word' id='word_1_76' title='bbox 1323 1099 1597 1151; x_wconf 88' lang='lat' dir='ltr'><strong>inimicus.</strong></span> <span class='ocrx_word' id='word_1_77' title='bbox 1615 1097 1763 1165; x_wconf 67' lang='lat' dir='ltr'><strong>Saape</strong></span> <span class='ocrx_word' id='word_1_78' title='bbox 1773 1098 1911 1150; x_wconf 80' lang='lat' dir='ltr'><strong>enim</strong></span> 
     </span>
    </p>
   </div>
   <div class='ocr_carea' id='block_1_13' title="bbox 338 1184 1912 1259">
    <p class='ocr_par' dir='ltr' id='par_1_13' title="bbox 338 1184 1912 1259">
     <span class='ocr_line' id='line_1_13' title="bbox 338 1184 1912 1259; baseline -0.001 -16"><span class='ocrx_word' id='word_1_79' title='bbox 338 1205 503 1259; x_wconf 80' lang='lat' dir='ltr'><strong>parva</strong></span> <span class='ocrx_word' id='word_1_80' title='bbox 543 1199 784 1254; x_wconf 71' lang='lat' dir='ltr'><strong>munera,</strong></span> <span class='ocrx_word' id='word_1_81' title='bbox 819 1197 925 1242; x_wconf 81' lang='lat' dir='ltr'><strong>etc.</strong></span> <span class='ocrx_word' id='word_1_82' title='bbox 971 1184 1174 1242; x_wconf 80' lang='lat' dir='ltr'><strong>Nolunt</strong></span> <span class='ocrx_word' id='word_1_83' title='bbox 1204 1188 1480 1242; x_wconf 65' lang='lat' dir='ltr'><strong>da‘mones</strong></span> <span class='ocrx_word' id='word_1_84' title='bbox 1517 1188 1665 1253; x_wconf 79' lang='lat' dir='ltr'><strong>quod</strong></span> <span class='ocrx_word' id='word_1_85' title='bbox 1709 1188 1912 1243; x_wconf 87' lang='lat' dir='ltr'><strong>intelli-</strong></span> 
     </span>
    </p>
   </div>
   <div class='ocr_carea' id='block_1_14' title="bbox 340 1275 1910 1352">
    <p class='ocr_par' dir='ltr' id='par_1_14' title="bbox 340 1275 1910 1352">
     <span class='ocr_line' id='line_1_14' title="bbox 340 1275 1910 1352; baseline -0.002 -17"><span class='ocrx_word' id='word_1_86' title='bbox 340 1296 555 1352; x_wconf 76' lang='lat' dir='ltr'><strong>gamus,</strong></span> <span class='ocrx_word' id='word_1_87' title='bbox 586 1292 751 1349; x_wconf 88' lang='lat' dir='ltr'><strong>quam</strong></span> <span class='ocrx_word' id='word_1_88' title='bbox 798 1292 1043 1333; x_wconf 85' lang='lat' dir='ltr'><strong>amarum</strong></span> <span class='ocrx_word' id='word_1_89' title='bbox 1085 1291 1170 1335; x_wconf 90' lang='lat' dir='ltr'><strong>est</strong></span> <span class='ocrx_word' id='word_1_90' title='bbox 1202 1293 1430 1349; x_wconf 84' lang='lat' dir='ltr'><strong>peccare</strong></span> <span class='ocrx_word' id='word_1_91' title='bbox 1448 1292 1503 1334; x_wconf 87' lang='lat' dir='ltr'><strong>et</strong></span> <span class='ocrx_word' id='word_1_92' title='bbox 1536 1279 1703 1334; x_wconf 88' lang='lat' dir='ltr'><strong>Deum</strong></span> <span class='ocrx_word' id='word_1_93' title='bbox 1737 1275 1910 1335; x_wconf 76' lang='lat' dir='ltr'><strong>offen-</strong></span> 
     </span>
    </p>
   </div>
   <div class='ocr_carea' id='block_1_15' title="bbox 337 1371 1910 1444">
    <p class='ocr_par' dir='ltr' id='par_1_15' title="bbox 337 1371 1910 1444">
     <span class='ocr_line' id='line_1_15' title="bbox 337 1371 1910 1444; baseline 0 -18"><span class='ocrx_word' id='word_1_94' title='bbox 337 1372 486 1429; x_wconf 86' lang='lat' dir='ltr'><strong>dere.</strong></span> <span class='ocrx_word' id='word_1_95' title='bbox 536 1371 746 1428; x_wconf 89' lang='lat' dir='ltr'><strong>Idcirco</strong></span> <span class='ocrx_word' id='word_1_96' title='bbox 794 1385 919 1426; x_wconf 82' lang='lat' dir='ltr'><strong>cum</strong></span> <span class='ocrx_word' id='word_1_97' title='bbox 953 1387 1054 1426; x_wconf 82' lang='lat' dir='ltr'><strong>nos</strong></span> <span class='ocrx_word' id='word_1_98' title='bbox 1090 1375 1323 1427; x_wconf 89' lang='lat' dir='ltr'><strong>viderint</strong></span> <span class='ocrx_word' id='word_1_99' title='bbox 1361 1373 1800 1444; x_wconf 85' lang='lat' dir='ltr'><strong>appropinquare</strong></span> <span class='ocrx_word' id='word_1_100' title='bbox 1843 1372 1910 1426; x_wconf 86' lang='lat' dir='ltr'><strong>ad</strong></span> 
     </span>
    </p>
   </div>
   <div class='ocr_carea' id='block_1_16' title="bbox 339 1463 1908 1538">
    <p class='ocr_par' dir='ltr' id='par_1_16' title="bbox 339 1463 1908 1538">
     <span class='ocr_line' id='line_1_16' title="bbox 339 1463 1908 1538; baseline -0.002 -17"><span class='ocrx_word' id='word_1_101' title='bbox 339 1465 632 1538; x_wconf 85' lang='lat' dir='ltr'><strong>aliqualem</strong></span> <span class='ocrx_word' id='word_1_102' title='bbox 657 1474 882 1521; x_wconf 81' lang='lat' dir='ltr'><strong>sensum</strong></span> <span class='ocrx_word' id='word_1_103' title='bbox 913 1463 1140 1520; x_wconf 77' lang='lat' dir='ltr'><strong>infinitae</strong></span> <span class='ocrx_word' id='word_1_104' title='bbox 1167 1466 1548 1520; x_wconf 81' lang='lat' dir='ltr'><strong>amaritudinis</strong></span> <span class='ocrx_word' id='word_1_105' title='bbox 1573 1464 1908 1527; x_wconf 84' lang='lat' dir='ltr'><strong>abscondite,</strong></span> 
     </span>
    </p>
   </div>
   <div class='ocr_carea' id='block_1_17' title="bbox 340 1554 1912 1626">
    <p class='ocr_par' dir='ltr' id='par_1_17' title="bbox 340 1554 1912 1626">
     <span class='ocr_line' id='line_1_17' title="bbox 340 1554 1912 1626; baseline -0.001 -16"><span class='ocrx_word' id='word_1_106' title='bbox 340 1558 393 1610; x_wconf 90' lang='lat' dir='ltr'><strong>in</strong></span> <span class='ocrx_word' id='word_1_107' title='bbox 427 1556 665 1626; x_wconf 81' lang='lat' dir='ltr'><strong>peccatis</strong></span> <span class='ocrx_word' id='word_1_108' title='bbox 695 1557 899 1611; x_wconf 83' lang='lat' dir='ltr'><strong>nostris</strong></span> <span class='ocrx_word' id='word_1_109' title='bbox 927 1563 1056 1611; x_wconf 89' lang='lat' dir='ltr'><strong>tunc</strong></span> <span class='ocrx_word' id='word_1_110' title='bbox 1085 1558 1290 1612; x_wconf 77' lang='lat' dir='ltr'><strong>instant</strong></span> <span class='ocrx_word' id='word_1_111' title='bbox 1318 1566 1370 1609; x_wconf 87' lang='lat' dir='ltr'><strong>et</strong></span> <span class='ocrx_word' id='word_1_112' title='bbox 1395 1554 1624 1610; x_wconf 87' lang='lat' dir='ltr'><strong>dicunt:</strong></span> <span class='ocrx_word' id='word_1_113' title='bbox 1659 1554 1799 1622; x_wconf 86' lang='lat' dir='ltr'><strong>Quid</strong></span> <span class='ocrx_word' id='word_1_114' title='bbox 1832 1563 1912 1608; x_wconf 86' lang='lat' dir='ltr'><strong>te-</strong></span> 
     </span>
    </p>
   </div>
   <div class='ocr_carea' id='block_1_18' title="bbox 341 1646 1908 1720">
    <p class='ocr_par' dir='ltr' id='par_1_18' title="bbox 341 1646 1908 1720">
     <span class='ocr_line' id='line_1_18' title="bbox 341 1646 1908 1720; baseline 0.001 -19"><span class='ocrx_word' id='word_1_115' title='bbox 341 1650 522 1720; x_wconf 83' lang='lat' dir='ltr'><strong>ipsutn</strong></span> <span class='ocrx_word' id='word_1_116' title='bbox 556 1649 798 1705; x_wconf 87' lang='lat' dir='ltr'><strong>conteris</strong></span> <span class='ocrx_word' id='word_1_117' title='bbox 825 1656 882 1704; x_wconf 90' lang='lat' dir='ltr'><strong>et</strong></span> <span class='ocrx_word' id='word_1_118' title='bbox 928 1646 1222 1718; x_wconf 76' lang='lat' dir='ltr'><strong>desperas?</strong></span> <span class='ocrx_word' id='word_1_119' title='bbox 1255 1663 1430 1720; x_wconf 88' lang='lat' dir='ltr'><strong>neque</strong></span> <span class='ocrx_word' id='word_1_120' title='bbox 1473 1649 1617 1705; x_wconf 89' lang='lat' dir='ltr'><strong>enim</strong></span> <span class='ocrx_word' id='word_1_121' title='bbox 1657 1649 1785 1712; x_wconf 89' lang='lat' dir='ltr'><strong>tale,</strong></span> <span class='ocrx_word' id='word_1_122' title='bbox 1825 1647 1908 1703; x_wconf 88' lang='lat' dir='ltr'><strong>vel</strong></span> 
     </span>
    </p>
   </div>
   <div class='ocr_carea' id='block_1_19' title="bbox 339 1737 1910 1812">
    <p class='ocr_par' dir='ltr' id='par_1_19' title="bbox 339 1737 1910 1812">
     <span class='ocr_line' id='line_1_19' title="bbox 339 1737 1910 1812; baseline 0.001 -17"><span class='ocrx_word' id='word_1_123' title='bbox 339 1742 447 1797; x_wconf 86' lang='lat' dir='ltr'><strong>tale</strong></span> <span class='ocrx_word' id='word_1_124' title='bbox 471 1749 754 1812; x_wconf 89' lang='lat' dir='ltr'><strong>peccatum</strong></span> <span class='ocrx_word' id='word_1_125' title='bbox 790 1741 872 1810; x_wconf 94' lang='grc' dir='ltr'>(ιιι</span> <span class='ocrx_word' id='word_1_126' title='bbox 901 1739 990 1795; x_wconf 89' lang='lat' dir='ltr'><strong>alii</strong></span> <span class='ocrx_word' id='word_1_127' title='bbox 1021 1741 1263 1812; x_wconf 84' lang='lat' dir='ltr'><strong>plurimi)</strong></span> <span class='ocrx_word' id='word_1_128' title='bbox 1292 1742 1638 1812; x_wconf 75' lang='lat' dir='ltr'><strong>perpeti-usti.</strong></span> <span class='ocrx_word' id='word_1_129' title='bbox 1661 1737 1910 1796; x_wconf 81' lang='lat' dir='ltr'><strong>Oderunt</strong></span> 
     </span>
    </p>
   </div>
   <div class='ocr_carea' id='block_1_20' title="bbox 337 1829 1911 1906">
    <p class='ocr_par' dir='ltr' id='par_1_20' title="bbox 337 1829 1911 1906">
     <span class='ocr_line' id='line_1_20' title="bbox 337 1829 1911 1906; baseline -0.001 -18"><span class='ocrx_word' id='word_1_130' title='bbox 337 1847 578 1905; x_wconf 86' lang='lat' dir='ltr'><strong>namque</strong></span> <span class='ocrx_word' id='word_1_131' title='bbox 619 1829 897 1890; x_wconf 68' lang='lat' dir='ltr'><strong>daemones</strong></span> <span class='ocrx_word' id='word_1_132' title='bbox 940 1832 1191 1906; x_wconf 79' lang='lat' dir='ltr'><strong>spiritum</strong></span> <span class='ocrx_word' id='word_1_133' title='bbox 1243 1835 1611 1901; x_wconf 84' lang='lat' dir='ltr'><strong>contritionis,</strong></span> <span class='ocrx_word' id='word_1_134' title='bbox 1661 1842 1718 1891; x_wconf 80' lang='lat' dir='ltr'><strong>ct</strong></span> <span class='ocrx_word' id='word_1_135' title='bbox 1757 1832 1911 1888; x_wconf 64' lang='lat' dir='ltr'><strong>falsas</strong></span> 
     </span>
    </p>
   </div>
   <div class='ocr_carea' id='block_1_21' title="bbox 335 1924 1912 1998">
    <p class='ocr_par' dir='ltr' id='par_1_21' title="bbox 335 1924 1912 1998">
     <span class='ocr_line' id='line_1_21' title="bbox 335 1924 1912 1998; baseline 0 -18"><span class='ocrx_word' id='word_1_136' title='bbox 335 1925 452 1998; x_wconf 89' lang='lat' dir='ltr'><strong>spei</strong></span> <span class='ocrx_word' id='word_1_137' title='bbox 498 1925 756 1997; x_wconf 72' lang='lat' dir='ltr'><strong>gaudium</strong></span> <span class='ocrx_word' id='word_1_138' title='bbox 806 1925 859 1980; x_wconf 89' lang='lat' dir='ltr'><strong>in</strong></span> <span class='ocrx_word' id='word_1_139' title='bbox 907 1924 1066 1979; x_wconf 82' lang='lat' dir='ltr'><strong>nobis</strong></span> <span class='ocrx_word' id='word_1_140' title='bbox 1108 1925 1381 1982; x_wconf 80' lang='lat' dir='ltr'><strong>seininare</strong></span> <span class='ocrx_word' id='word_1_141' title='bbox 1431 1925 1798 1990; x_wconf 87' lang='lat' dir='ltr'><strong>contendunt,</strong></span> <span class='ocrx_word' id='word_1_142' title='bbox 1850 1933 1912 1980; x_wconf 90' lang='lat' dir='ltr'><strong>ut</strong></span> 
     </span>
    </p>
   </div>
   <div class='ocr_carea' id='block_1_22' title="bbox 336 2017 1908 2089">
    <p class='ocr_par' dir='ltr' id='par_1_22' title="bbox 336 2017 1908 2089">
     <span class='ocr_line' id='line_1_22' title="bbox 336 2017 1908 2089; baseline 0 -15"><span class='ocrx_word' id='word_1_143' title='bbox 336 2019 493 2075; x_wconf 77' lang='lat' dir='ltr'><strong>aliter</strong></span> <span class='ocrx_word' id='word_1_144' title='bbox 535 2018 590 2072; x_wconf 92' lang='lat' dir='ltr'><strong>in</strong></span> <span class='ocrx_word' id='word_1_145' title='bbox 635 2017 794 2073; x_wconf 91' lang='lat' dir='ltr'><strong>nobis</strong></span> <span class='ocrx_word' id='word_1_146' title='bbox 842 2017 1095 2086; x_wconf 83' lang='lat' dir='ltr'><strong>spiritum</strong></span> <span class='ocrx_word' id='word_1_147' title='bbox 1144 2017 1494 2074; x_wconf 87' lang='lat' dir='ltr'><strong>contritionis</strong></span> <span class='ocrx_word' id='word_1_148' title='bbox 1537 2019 1908 2089; x_wconf 71' lang='lat' dir='ltr'><strong>exstinguant.</strong></span> 
     </span>
    </p>
   </div>
   <div class='ocr_carea' id='block_1_23' title="bbox 337 2109 1909 2183">
    <p class='ocr_par' dir='ltr' id='par_1_23' title="bbox 337 2109 1909 2183">
     <span class='ocr_line' id='line_1_23' title="bbox 337 2109 1909 2183; baseline 0.001 -18"><span class='ocrx_word' id='word_1_149' title='bbox 337 2109 420 2168; x_wconf 87' lang='lat' dir='ltr'><strong>&#39;l&#39;u</strong></span> <span class='ocrx_word' id='word_1_150' title='bbox 460 2125 588 2167; x_wconf 86' lang='lat' dir='ltr'><strong>vero</strong></span> <span class='ocrx_word' id='word_1_151' title='bbox 622 2124 730 2167; x_wconf 88' lang='lat' dir='ltr'><strong>non</strong></span> <span class='ocrx_word' id='word_1_152' title='bbox 769 2110 992 2166; x_wconf 88' lang='lat' dir='ltr'><strong>obedias</strong></span> <span class='ocrx_word' id='word_1_153' title='bbox 1035 2111 1118 2166; x_wconf 87' lang='lat' dir='ltr'><strong>eis</strong></span> <span class='ocrx_word' id='word_1_154' title='bbox 1144 2129 1159 2168; x_wconf 86' lang='lat'><strong>:</strong></span> <span class='ocrx_word' id='word_1_155' title='bbox 1187 2111 1340 2181; x_wconf 85' lang='lat' dir='ltr'><strong>quia,</strong></span> <span class='ocrx_word' id='word_1_156' title='bbox 1388 2112 1533 2168; x_wconf 80' lang='lat' dir='ltr'><strong>sicut</strong></span> <span class='ocrx_word' id='word_1_157' title='bbox 1563 2119 1727 2183; x_wconf 82' lang='lat' dir='ltr'><strong>parva</strong></span> <span class='ocrx_word' id='word_1_158' title='bbox 1767 2112 1909 2167; x_wconf 77' lang='lat' dir='ltr'><strong>dona</strong></span> 
     </span>
    </p>
   </div>
   <div class='ocr_carea' id='block_1_24' title="bbox 336 2201 1912 2275">
    <p class='ocr_par' dir='ltr' id='par_1_24' title="bbox 336 2201 1912 2275">
     <span class='ocr_line' id='line_1_24' title="bbox 336 2201 1912 2275; baseline 0.001 -16"><span class='ocrx_word' id='word_1_159' title='bbox 336 2203 574 2260; x_wconf 82' lang='lat' dir='ltr'><strong>furorem</strong></span> <span class='ocrx_word' id='word_1_160' title='bbox 598 2202 801 2274; x_wconf 78' lang='lat' dir='ltr'><strong>iudicis</strong></span> <span class='ocrx_word' id='word_1_161' title='bbox 829 2201 1143 2275; x_wconf 83' lang='lat' dir='ltr'><strong>frequenter</strong></span> <span class='ocrx_word' id='word_1_162' title='bbox 1181 2202 1452 2274; x_wconf 77' lang='lat' dir='ltr'><strong>mitigant,</strong></span> <span class='ocrx_word' id='word_1_163' title='bbox 1475 2204 1554 2259; x_wconf 85' lang='lat' dir='ltr'><strong>ita</strong></span> <span class='ocrx_word' id='word_1_164' title='bbox 1592 2203 1912 2274; x_wconf 83' lang='lat' dir='ltr'><strong>plerumque</strong></span> 
     </span>
    </p>
   </div>
   <div class='ocr_carea' id='block_1_25' title="bbox 336 2292 1912 2367">
    <p class='ocr_par' dir='ltr' id='par_1_25' title="bbox 336 2292 1912 2367">
     <span class='ocr_line' id='line_1_25' title="bbox 336 2292 1912 2367; baseline 0.001 -17"><span class='ocrx_word' id='word_1_165' title='bbox 336 2309 460 2367; x_wconf 60' lang='lat' dir='ltr'><strong>quo</strong></span> <span class='ocrx_word' id='word_1_166' title='bbox 485 2309 520 2350; x_wconf 93' lang='lat' dir='ltr'><strong>a</strong></span> <span class='ocrx_word' id='word_1_167' title='bbox 561 2292 719 2352; x_wconf 83' lang='lat' dir='ltr'><strong>nobis</strong></span> <span class='ocrx_word' id='word_1_168' title='bbox 749 2303 1073 2366; x_wconf 88' lang='lat' dir='ltr'><strong>reputantur</strong></span> <span class='ocrx_word' id='word_1_169' title='bbox 1102 2309 1269 2366; x_wconf 81' lang='lat' dir='ltr'><strong>parva</strong></span> <span class='ocrx_word' id='word_1_170' title='bbox 1300 2293 1499 2352; x_wconf 88' lang='lat' dir='ltr'><strong>delicta</strong></span> <span class='ocrx_word' id='word_1_171' title='bbox 1534 2295 1681 2364; x_wconf 83' lang='lat' dir='ltr'><strong>(cum</strong></span> <span class='ocrx_word' id='word_1_172' title='bbox 1708 2295 1912 2352; x_wconf 83' lang='lat' dir='ltr'><strong>fuerint</strong></span> 
     </span>
    </p>
   </div>
   <div class='ocr_carea' id='block_1_26' title="bbox 336 2385 1910 2459">
    <p class='ocr_par' dir='ltr' id='par_1_26' title="bbox 336 2385 1910 2459">
     <span class='ocr_line' id='line_1_26' title="bbox 336 2385 1910 2459; baseline 0.001 -16"><span class='ocrx_word' id='word_1_173' title='bbox 336 2386 539 2459; x_wconf 68' lang='lat' dir='ltr'><strong>sacpius</strong></span> <span class='ocrx_word' id='word_1_174' title='bbox 565 2385 781 2458; x_wconf 85' lang='lat' dir='ltr'><strong>iterata)</strong></span> <span class='ocrx_word' id='word_1_175' title='bbox 809 2386 974 2444; x_wconf 83' lang='lat' dir='ltr'><strong>simul</strong></span> <span class='ocrx_word' id='word_1_176' title='bbox 1010 2397 1319 2458; x_wconf 71' lang='lat' dir='ltr'><strong>aggregata,</strong></span> <span class='ocrx_word' id='word_1_177' title='bbox 1345 2386 1624 2444; x_wconf 84' lang='lat' dir='ltr'><strong>Christum</strong></span> <span class='ocrx_word' id='word_1_178' title='bbox 1660 2396 1910 2444; x_wconf 85' lang='lat' dir='ltr'><strong>nostrum</strong></span> 
     </span>
    </p>
   </div>
   <div class='ocr_carea' id='block_1_27' title="bbox 336 2476 1914 2554">
    <p class='ocr_par' dir='ltr' id='par_1_27' title="bbox 336 2476 1914 2554">
     <span class='ocr_line' id='line_1_27' title="bbox 336 2476 1914 2554; baseline -0.001 -17"><span class='ocrx_word' id='word_1_179' title='bbox 336 2479 791 2554; x_wconf 65' lang='lat' dir='ltr'><strong>benignissimum</strong></span> <span class='ocrx_word' id='word_1_180' title='bbox 819 2477 1253 2551; x_wconf 77' lang='lat' dir='ltr'><strong>judicem,jttste</strong></span> <span class='ocrx_word' id='word_1_181' title='bbox 1293 2486 1486 2536; x_wconf 87' lang='lat' dir='ltr'><strong>contra</strong></span> <span class='ocrx_word' id='word_1_182' title='bbox 1526 2495 1628 2536; x_wconf 87' lang='lat' dir='ltr'><strong>nos</strong></span> <span class='ocrx_word' id='word_1_183' title='bbox 1672 2480 1727 2535; x_wconf 92' lang='lat' dir='ltr'><strong>in</strong></span> <span class='ocrx_word' id='word_1_184' title='bbox 1765 2476 1914 2536; x_wconf 84' lang='lat' dir='ltr'><strong>furo-</strong></span> 
     </span>
    </p>
   </div>
   <div class='ocr_carea' id='block_1_28' title="bbox 338 2570 1915 2645">
    <p class='ocr_par' dir='ltr' id='par_1_28' title="bbox 338 2570 1915 2645">
     <span class='ocr_line' id='line_1_28' title="bbox 338 2570 1915 2645; baseline -0.001 -17"><span class='ocrx_word' id='word_1_185' title='bbox 338 2587 454 2628; x_wconf 87' lang='lat' dir='ltr'><strong>rem</strong></span> <span class='ocrx_word' id='word_1_186' title='bbox 500 2587 727 2645; x_wconf 73' lang='lat' dir='ltr'><strong>surgere</strong></span> <span class='ocrx_word' id='word_1_187' title='bbox 773 2571 998 2628; x_wconf 86' lang='lat' dir='ltr'><strong>faciunt.</strong></span> <span class='ocrx_word' id='word_1_188' title='bbox 1059 2570 1265 2645; x_wconf 71' lang='lat' dir='ltr'><strong>Moyses</strong></span> <span class='ocrx_word' id='word_1_189' title='bbox 1287 2613 1302 2636; x_wconf 91' lang='lat'><strong>,</strong></span> <span class='ocrx_word' id='word_1_190' title='bbox 1354 2589 1474 2627; x_wconf 83' lang='lat' dir='ltr'><strong>cunt</strong></span> <span class='ocrx_word' id='word_1_191' title='bbox 1533 2571 1696 2626; x_wconf 75' lang='lat' dir='ltr'><strong>Deum</strong></span> <span class='ocrx_word' id='word_1_192' title='bbox 1748 2572 1915 2627; x_wconf 76' lang='lat' dir='ltr'><strong>vidis-</strong></span> 
     </span>
    </p>
   </div>
   <div class='ocr_carea' id='block_1_29' title="bbox 335 2662 1915 2735">
    <p class='ocr_par' dir='ltr' id='par_1_29' title="bbox 335 2662 1915 2735">
     <span class='ocr_line' id='line_1_29' title="bbox 335 2662 1915 2735; baseline -0.001 -13"><span class='ocrx_word' id='word_1_193' title='bbox 335 2672 439 2732; x_wconf 86' lang='lat' dir='ltr'><strong>set,</strong></span> <span class='ocrx_word' id='word_1_194' title='bbox 481 2676 588 2721; x_wconf 87' lang='lat' dir='ltr'><strong>etc.</strong></span> <span class='ocrx_word' id='word_1_195' title='bbox 644 2662 873 2735; x_wconf 66' lang='lat' dir='ltr'><strong>Signum</strong></span> <span class='ocrx_word' id='word_1_196' title='bbox 912 2665 1349 2721; x_wconf 85' lang='lat' dir='ltr'><strong>conversationis</strong></span> <span class='ocrx_word' id='word_1_197' title='bbox 1397 2663 1649 2734; x_wconf 72' lang='lat' dir='ltr'><strong>perfectae</strong></span> <span class='ocrx_word' id='word_1_198' title='bbox 1695 2674 1753 2722; x_wconf 88' lang='lat' dir='ltr'><strong>et</strong></span> <span class='ocrx_word' id='word_1_199' title='bbox 1804 2667 1915 2721; x_wconf 86' lang='lat' dir='ltr'><strong>vir-</strong></span> 
     </span>
    </p>
   </div>
   <div class='ocr_carea' id='block_1_30' title="bbox 337 2756 1911 2828">
    <p class='ocr_par' dir='ltr' id='par_1_30' title="bbox 337 2756 1911 2828">
     <span class='ocr_line' id='line_1_30' title="bbox 337 2756 1911 2828; baseline 0.001 -16"><span class='ocrx_word' id='word_1_200' title='bbox 337 2770 532 2824; x_wconf 67' lang='lat' dir='ltr'><strong>tuosa,</strong></span> <span class='ocrx_word' id='word_1_201' title='bbox 572 2765 658 2813; x_wconf 90' lang='lat' dir='ltr'><strong>cst</strong></span> <span class='ocrx_word' id='word_1_202' title='bbox 685 2756 871 2812; x_wconf 81' lang='lat' dir='ltr'><strong>videre</strong></span> <span class='ocrx_word' id='word_1_203' title='bbox 901 2757 1080 2828; x_wconf 76' lang='lat' dir='ltr'><strong>ignem</strong></span> <span class='ocrx_word' id='word_1_204' title='bbox 1108 2759 1162 2812; x_wconf 84' lang='lat' dir='ltr'><strong>in</strong></span> <span class='ocrx_word' id='word_1_205' title='bbox 1203 2757 1338 2812; x_wconf 86' lang='lat' dir='ltr'><strong>rubo</strong></span> <span class='ocrx_word' id='word_1_206' title='bbox 1363 2757 1442 2825; x_wconf 84' lang='lat'><strong>&quot;;</strong></span> <span class='ocrx_word' id='word_1_207' title='bbox 1479 2767 1562 2814; x_wconf 89' lang='lat' dir='ltr'><strong>est</strong></span> <span class='ocrx_word' id='word_1_208' title='bbox 1584 2757 1733 2814; x_wconf 85' lang='lat' dir='ltr'><strong>enim</strong></span> <span class='ocrx_word' id='word_1_209' title='bbox 1757 2757 1911 2814; x_wconf 88' lang='lat' dir='ltr'><strong>inac-</strong></span> 
     </span>
    </p>
   </div>
   <div class='ocr_carea' id='block_1_31' title="bbox 335 2844 1913 2918">
    <p class='ocr_par' dir='ltr' id='par_1_31' title="bbox 335 2844 1913 2918">
     <span class='ocr_line' id='line_1_31' title="bbox 335 2844 1913 2918; baseline -0.001 -13"><span class='ocrx_word' id='word_1_210' title='bbox 335 2847 609 2905; x_wconf 79' lang='lat' dir='ltr'><strong>cessibiiis</strong></span> <span class='ocrx_word' id='word_1_211' title='bbox 629 2848 838 2904; x_wconf 85' lang='lat' dir='ltr'><strong>multis.</strong></span> <span class='ocrx_word' id='word_1_212' title='bbox 867 2844 974 2904; x_wconf 84' lang='lat' dir='ltr'><strong>Sed</strong></span> <span class='ocrx_word' id='word_1_213' title='bbox 1009 2857 1136 2902; x_wconf 91' lang='lat' dir='ltr'><strong>tunc</strong></span> <span class='ocrx_word' id='word_1_214' title='bbox 1162 2849 1314 2902; x_wconf 84' lang='lat' dir='ltr'><strong>ardet</strong></span> <span class='ocrx_word' id='word_1_215' title='bbox 1341 2847 1482 2918; x_wconf 80' lang='lat' dir='ltr'><strong>ignis</strong></span> <span class='ocrx_word' id='word_1_216' title='bbox 1517 2848 1570 2902; x_wconf 86' lang='lat' dir='ltr'><strong>in</strong></span> <span class='ocrx_word' id='word_1_217' title='bbox 1599 2847 1759 2914; x_wconf 90' lang='lat' dir='ltr'><strong>rubo,</strong></span> <span class='ocrx_word' id='word_1_218' title='bbox 1787 2862 1913 2904; x_wconf 78' lang='lat' dir='ltr'><strong>cum</strong></span> 
     </span>
    </p>
   </div>
   <div class='ocr_carea' id='block_1_32' title="bbox 339 2938 1916 3012">
    <p class='ocr_par' dir='ltr' id='par_1_32' title="bbox 339 2938 1916 3012">
     <span class='ocr_line' id='line_1_32' title="bbox 339 2938 1916 3012; baseline 0 -16"><span class='ocrx_word' id='word_1_219' title='bbox 339 2941 663 2997; x_wconf 73' lang='lat' dir='ltr'><strong>mortiﬁcata</strong></span> <span class='ocrx_word' id='word_1_220' title='bbox 705 2954 838 2997; x_wconf 87' lang='lat' dir='ltr'><strong>caro</strong></span> <span class='ocrx_word' id='word_1_221' title='bbox 881 2941 1089 3012; x_wconf 82' lang='lat' dir='ltr'><strong>pariter</strong></span> <span class='ocrx_word' id='word_1_222' title='bbox 1134 2949 1184 2995; x_wconf 84' lang='lat' dir='ltr'><strong>et</strong></span> <span class='ocrx_word' id='word_1_223' title='bbox 1221 2938 1496 3006; x_wconf 78' lang='lat' dir='ltr'><strong>voluntas,</strong></span> <span class='ocrx_word' id='word_1_224' title='bbox 1535 2954 1600 2996; x_wconf 88' lang='lat' dir='ltr'><strong>ea</strong></span> <span class='ocrx_word' id='word_1_225' title='bbox 1625 2953 1751 3010; x_wconf 71' lang='lat' dir='ltr'><strong>qua:</strong></span> <span class='ocrx_word' id='word_1_226' title='bbox 1787 2950 1916 2997; x_wconf 84' lang='lat' dir='ltr'><strong>sunt</strong></span> 
     </span>
    </p>
   </div>
   <div class='ocr_carea' id='block_1_33' title="bbox 2017 453 3585 529">
    <p class='ocr_par' dir='ltr' id='par_1_33' title="bbox 2017 453 3585 529">
     <span class='ocr_line' id='line_1_33' title="bbox 2017 453 3585 529; baseline 0.003 -21"><span class='ocrx_word' id='word_1_227' title='bbox 2017 453 2213 520; x_wconf 87' lang='lat' dir='ltr'><strong>Deum;</strong></span> <span class='ocrx_word' id='word_1_228' title='bbox 2247 471 2311 509; x_wconf 77' lang='lat' dir='ltr'><strong>ex</strong></span> <span class='ocrx_word' id='word_1_229' title='bbox 2339 471 2450 524; x_wconf 83' lang='lat' dir='ltr'><strong>quo</strong></span> <span class='ocrx_word' id='word_1_230' title='bbox 2476 455 2676 509; x_wconf 80' lang='lat' dir='ltr'><strong>oblivio</strong></span> <span class='ocrx_word' id='word_1_231' title='bbox 2711 457 2939 526; x_wconf 69' lang='lat' dir='ltr'><strong>pt&#39;olitizt‘.</strong></span> <span class='ocrx_word' id='word_1_232' title='bbox 2973 467 3182 511; x_wconf 73' lang='lat' dir='ltr'><strong>naturtr</strong></span> <span class='ocrx_word' id='word_1_233' title='bbox 3217 457 3270 509; x_wconf 83' lang='lat' dir='ltr'><strong>iit</strong></span> <span class='ocrx_word' id='word_1_234' title='bbox 3315 459 3367 512; x_wconf 88' lang='lat' dir='ltr'><strong>in</strong></span> <span class='ocrx_word' id='word_1_235' title='bbox 3397 475 3463 513; x_wconf 86' lang='lat' dir='ltr'><strong>co</strong></span> <span class='ocrx_word' id='word_1_236' title='bbox 3491 461 3585 529; x_wconf 69' lang='lat' dir='ltr'><strong>qui</strong></span> 
     </span>
    </p>
   </div>
   <div class='ocr_carea' id='block_1_34' title="bbox 2016 546 3590 622">
    <p class='ocr_par' dir='ltr' id='par_1_34' title="bbox 2016 546 3590 622">
     <span class='ocr_line' id='line_1_34' title="bbox 2016 546 3590 622; baseline 0.001 -20"><span class='ocrx_word' id='word_1_237' title='bbox 2016 547 2316 603; x_wconf 86' lang='lat' dir='ltr'><strong>secundum</strong></span> <span class='ocrx_word' id='word_1_238' title='bbox 2352 546 2672 618; x_wconf 83' lang='lat' dir='ltr'><strong>Propln-tam</strong></span> <span class='ocrx_word' id='word_1_239' title='bbox 2695 546 2760 609; x_wconf 80' lang='lat'><strong>&quot;.</strong></span> <span class='ocrx_word' id='word_1_240' title='bbox 2802 549 3141 604; x_wconf 70' lang='lat' dir='ltr'><strong>obliviscitur</strong></span> <span class='ocrx_word' id='word_1_241' title='bbox 3172 549 3458 605; x_wconf 78' lang='lat' dir='ltr'><strong>comedere</strong></span> <span class='ocrx_word' id='word_1_242' title='bbox 3496 568 3590 622; x_wconf 42' lang='lat' dir='ltr'><strong>pas</strong></span> 
     </span>
    </p>
   </div>
   <div class='ocr_carea' id='block_1_35' title="bbox 2015 639 3587 710">
    <p class='ocr_par' dir='ltr' id='par_1_35' title="bbox 2015 639 3587 710">
     <span class='ocr_line' id='line_1_35' title="bbox 2015 639 3587 710; baseline 0.003 -17"><span class='ocrx_word' id='word_1_243' title='bbox 2015 655 2139 695; x_wconf 87' lang='lat' dir='ltr'><strong>nem</strong></span> <span class='ocrx_word' id='word_1_244' title='bbox 2165 655 2350 696; x_wconf 85' lang='lat' dir='ltr'><strong>suum.</strong></span> <span class='ocrx_word' id='word_1_245' title='bbox 2387 639 2483 696; x_wconf 85' lang='lat' dir='ltr'><strong>Sta</strong></span> <span class='ocrx_word' id='word_1_246' title='bbox 2515 641 2570 695; x_wconf 89' lang='lat' dir='ltr'><strong>in</strong></span> <span class='ocrx_word' id='word_1_247' title='bbox 2605 643 2859 695; x_wconf 78' lang='lat' dir='ltr'><strong>orationis</strong></span> <span class='ocrx_word' id='word_1_248' title='bbox 2881 658 3050 710; x_wconf 78' lang='lat' dir='ltr'><strong>prere,</strong></span> <span class='ocrx_word' id='word_1_249' title='bbox 3079 652 3184 696; x_wconf 85' lang='lat' dir='ltr'><strong>etc.</strong></span> <span class='ocrx_word' id='word_1_250' title='bbox 3218 642 3587 707; x_wconf 64' lang='lat' dir='ltr'><strong>Quemadmo-</strong></span> 
     </span>
    </p>
   </div>
   <div class='ocr_carea' id='block_1_36' title="bbox 2012 730 3588 804">
    <p class='ocr_par' dir='ltr' id='par_1_36' title="bbox 2012 730 3588 804">
     <span class='ocr_line' id='line_1_36' title="bbox 2012 730 3588 804; baseline 0.001 -18"><span class='ocrx_word' id='word_1_251' title='bbox 2012 730 2142 787; x_wconf 87' lang='lat' dir='ltr'><strong>dum</strong></span> <span class='ocrx_word' id='word_1_252' title='bbox 2159 731 2514 804; x_wconf 74' lang='lat' dir='ltr'><strong>ferroligatus</strong></span> <span class='ocrx_word' id='word_1_253' title='bbox 2532 749 2753 790; x_wconf 82' lang='lat' dir='ltr'><strong>currere</strong></span> <span class='ocrx_word' id='word_1_254' title='bbox 2777 749 2883 788; x_wconf 90' lang='lat' dir='ltr'><strong>non</strong></span> <span class='ocrx_word' id='word_1_255' title='bbox 2903 734 3062 798; x_wconf 85' lang='lat' dir='ltr'><strong>valet,</strong></span> <span class='ocrx_word' id='word_1_256' title='bbox 3082 735 3153 788; x_wconf 85' lang='lat' dir='ltr'><strong>ita</strong></span> <span class='ocrx_word' id='word_1_257' title='bbox 3171 748 3224 786; x_wconf 73' lang='lat' dir='ltr'><strong>et</strong></span> <span class='ocrx_word' id='word_1_258' title='bbox 3245 751 3418 798; x_wconf 75' lang='lat' dir='ltr'><strong>mens,</strong></span> <span class='ocrx_word' id='word_1_259' title='bbox 3444 736 3588 790; x_wconf 79' lang='lat' dir='ltr'><strong>vitiis</strong></span> 
     </span>
    </p>
   </div>
   <div class='ocr_carea' id='block_1_37' title="bbox 2013 826 3590 898">
    <p class='ocr_par' dir='ltr' id='par_1_37' title="bbox 2013 826 3590 898">
     <span class='ocr_line' id='line_1_37' title="bbox 2013 826 3590 898; baseline 0.001 -17"><span class='ocrx_word' id='word_1_260' title='bbox 2013 827 2284 894; x_wconf 80' lang='lat' dir='ltr'><strong>serviens,</strong></span> <span class='ocrx_word' id='word_1_261' title='bbox 2309 827 2577 882; x_wconf 86' lang='lat' dir='ltr'><strong>orationis</strong></span> <span class='ocrx_word' id='word_1_262' title='bbox 2613 826 2914 898; x_wconf 89' lang='lat' dir='ltr'><strong>spiritualis</strong></span> <span class='ocrx_word' id='word_1_263' title='bbox 2944 828 3124 883; x_wconf 89' lang='lat' dir='ltr'><strong>locum</strong></span> <span class='ocrx_word' id='word_1_264' title='bbox 3147 828 3330 883; x_wconf 80' lang='lat' dir='ltr'><strong>videre</strong></span> <span class='ocrx_word' id='word_1_265' title='bbox 3355 843 3461 882; x_wconf 88' lang='lat' dir='ltr'><strong>non</strong></span> <span class='ocrx_word' id='word_1_266' title='bbox 3495 844 3590 898; x_wconf 79' lang='lat' dir='ltr'><strong>po-</strong></span> 
     </span>
    </p>
   </div>
   <div class='ocr_carea' id='block_1_38' title="bbox 2016 917 3586 990">
    <p class='ocr_par' dir='ltr' id='par_1_38' title="bbox 2016 917 3586 990">
     <span class='ocr_line' id='line_1_38' title="bbox 2016 917 3586 990; baseline -0.001 -16"><span class='ocrx_word' id='word_1_267' title='bbox 2016 925 2144 974; x_wconf 87' lang='lat' dir='ltr'><strong>test.</strong></span> <span class='ocrx_word' id='word_1_268' title='bbox 2173 917 2306 973; x_wconf 72' lang='lat' dir='ltr'><strong>Nam</strong></span> <span class='ocrx_word' id='word_1_269' title='bbox 2335 919 2430 990; x_wconf 91' lang='lat' dir='ltr'><strong>qui</strong></span> <span class='ocrx_word' id='word_1_270' title='bbox 2451 919 2738 974; x_wconf 83' lang='lat' dir='ltr'><strong>cumvitiis</strong></span> <span class='ocrx_word' id='word_1_271' title='bbox 2768 921 3068 975; x_wconf 86' lang='lat' dir='ltr'><strong>orationem</strong></span> <span class='ocrx_word' id='word_1_272' title='bbox 3091 921 3314 990; x_wconf 81' lang='lat' dir='ltr'><strong>exsequi</strong></span> <span class='ocrx_word' id='word_1_273' title='bbox 3337 929 3586 983; x_wconf 90' lang='lat' dir='ltr'><strong>conatur,</strong></span> 
     </span>
    </p>
   </div>
   <div class='ocr_carea' id='block_1_39' title="bbox 2017 1009 3590 1082">
    <p class='ocr_par' dir='ltr' id='par_1_39' title="bbox 2017 1009 3590 1082">
     <span class='ocr_line' id='line_1_39' title="bbox 2017 1009 3590 1082; baseline 0.002 -18"><span class='ocrx_word' id='word_1_274' title='bbox 2017 1025 2047 1064; x_wconf 89' lang='lat' dir='ltr'><strong>a</strong></span> <span class='ocrx_word' id='word_1_275' title='bbox 2069 1009 2284 1065; x_wconf 86' lang='lat' dir='ltr'><strong>vitiosis</strong></span> <span class='ocrx_word' id='word_1_276' title='bbox 2299 1011 2728 1082; x_wconf 77' lang='lat' dir='ltr'><strong>cogitationibus</strong></span> <span class='ocrx_word' id='word_1_277' title='bbox 2746 1023 2799 1066; x_wconf 84' lang='lat' dir='ltr'><strong>et</strong></span> <span class='ocrx_word' id='word_1_278' title='bbox 2815 1011 3203 1068; x_wconf 87' lang='lat' dir='ltr'><strong>seduccntibus</strong></span> <span class='ocrx_word' id='word_1_279' title='bbox 3227 1012 3590 1067; x_wconf 84' lang='lat' dir='ltr'><strong>intellectibus</strong></span> 
     </span>
    </p>
   </div>
   <div class='ocr_carea' id='block_1_40' title="bbox 2013 1099 3588 1175">
    <p class='ocr_par' dir='ltr' id='par_1_40' title="bbox 2013 1099 3588 1175">
     <span class='ocr_line' id='line_1_40' title="bbox 2013 1099 3588 1175; baseline 0.002 -20"><span class='ocrx_word' id='word_1_280' title='bbox 2013 1102 2342 1170; x_wconf 85' lang='lat' dir='ltr'><strong>captivatur.</strong></span> <span class='ocrx_word' id='word_1_281' title='bbox 2383 1099 2647 1173; x_wconf 77' lang='lat' dir='ltr'><strong>Legitime</strong></span> <span class='ocrx_word' id='word_1_282' title='bbox 2679 1119 2809 1173; x_wconf 73' lang='lat' dir='ltr'><strong>ergo</strong></span> <span class='ocrx_word' id='word_1_283' title='bbox 2845 1119 3025 1175; x_wconf 79' lang='lat' dir='ltr'><strong>pugna</strong></span> <span class='ocrx_word' id='word_1_284' title='bbox 3069 1116 3259 1158; x_wconf 88' lang='lat' dir='ltr'><strong>contra</strong></span> <span class='ocrx_word' id='word_1_285' title='bbox 3295 1105 3588 1158; x_wconf 79' lang='lat' dir='ltr'><strong>immundi-</strong></span> 
     </span>
    </p>
   </div>
   <div class='ocr_carea' id='block_1_41' title="bbox 2017 1195 3592 1265">
    <p class='ocr_par' dir='ltr' id='par_1_41' title="bbox 2017 1195 3592 1265">
     <span class='ocr_line' id='line_1_41' title="bbox 2017 1195 3592 1265; baseline 0.001 -17"><span class='ocrx_word' id='word_1_286' title='bbox 2017 1195 2124 1249; x_wconf 86' lang='lat' dir='ltr'><strong>tias</strong></span> <span class='ocrx_word' id='word_1_287' title='bbox 2145 1235 2160 1261; x_wconf 90' lang='lat'><strong>,</strong></span> <span class='ocrx_word' id='word_1_288' title='bbox 2191 1204 2248 1248; x_wconf 91' lang='lat' dir='ltr'><strong>ut</strong></span> <span class='ocrx_word' id='word_1_289' title='bbox 2276 1211 2371 1265; x_wconf 86' lang='lat' dir='ltr'><strong>per</strong></span> <span class='ocrx_word' id='word_1_290' title='bbox 2395 1197 2739 1259; x_wconf 86' lang='lat' dir='ltr'><strong>munditiam,</strong></span> <span class='ocrx_word' id='word_1_291' title='bbox 2761 1199 3060 1251; x_wconf 64' lang='lat' dir='ltr'><strong>ovationem</strong></span> <span class='ocrx_word' id='word_1_292' title='bbox 3092 1198 3354 1252; x_wconf 77' lang='lat' dir='ltr'><strong>invenias.</strong></span> <span class='ocrx_word' id='word_1_293' title='bbox 3383 1196 3450 1252; x_wconf 82' lang='lat' dir='ltr'><strong>Et</strong></span> <span class='ocrx_word' id='word_1_294' title='bbox 3489 1198 3592 1252; x_wconf 76' lang='lat' dir='ltr'><strong>hoc</strong></span> 
     </span>
    </p>
   </div>
   <div class='ocr_carea' id='block_1_42' title="bbox 2013 1289 3592 1361">
    <p class='ocr_par' dir='ltr' id='par_1_42' title="bbox 2013 1289 3592 1361">
     <span class='ocr_line' id='line_1_42' title="bbox 2013 1289 3592 1361; baseline 0.003 -20"><span class='ocrx_word' id='word_1_295' title='bbox 2013 1289 2194 1344; x_wconf 83' lang='lat' dir='ltr'><strong>scribe</strong></span> <span class='ocrx_word' id='word_1_296' title='bbox 2229 1290 2282 1343; x_wconf 89' lang='lat' dir='ltr'><strong>in</strong></span> <span class='ocrx_word' id='word_1_297' title='bbox 2315 1292 2480 1344; x_wconf 81' lang='lat' dir='ltr'><strong>corde</strong></span> <span class='ocrx_word' id='word_1_298' title='bbox 2503 1299 2618 1356; x_wconf 77' lang='lat' dir='ltr'><strong>litt),</strong></span> <span class='ocrx_word' id='word_1_299' title='bbox 2654 1291 2912 1361; x_wconf 83' lang='lat' dir='ltr'><strong>quoniam</strong></span> <span class='ocrx_word' id='word_1_300' title='bbox 2951 1308 3108 1346; x_wconf 79' lang='lat' dir='ltr'><strong>anior</strong></span> <span class='ocrx_word' id='word_1_301' title='bbox 3136 1293 3512 1347; x_wconf 83' lang='lat' dir='ltr'><strong>delectationis</strong></span> <span class='ocrx_word' id='word_1_302' title='bbox 3537 1302 3592 1346; x_wconf 80' lang='lat' dir='ltr'><strong>et</strong></span> 
     </span>
    </p>
   </div>
   <div class='ocr_carea' id='block_1_43' title="bbox 2014 1367 3590 1452">
    <p class='ocr_par' dir='ltr' id='par_1_43' title="bbox 2014 1367 3590 1452">
     <span class='ocr_line' id='line_1_43' title="bbox 2014 1367 3590 1452; baseline 0.004 -20"><span class='ocrx_word' id='word_1_303' title='bbox 2014 1381 2220 1448; x_wconf 59' lang='lat' dir='ltr'><strong>requiei</strong></span> <span class='ocrx_word' id='word_1_304' title='bbox 2275 1391 2358 1438; x_wconf 89' lang='lat' dir='ltr'><strong>est</strong></span> <span class='ocrx_word' id='word_1_305' title='bbox 2404 1399 2570 1437; x_wconf 85' lang='lat' dir='ltr'><strong>causa</strong></span> <span class='ocrx_word' id='word_1_306' title='bbox 2628 1367 2989 1452; x_wconf 81' lang='lat' dir='ltr'><strong>separatiouis</strong></span> <span class='ocrx_word' id='word_1_307' title='bbox 3040 1401 3070 1439; x_wconf 86' lang='lat' dir='ltr'><strong>a</strong></span> <span class='ocrx_word' id='word_1_308' title='bbox 3107 1384 3236 1439; x_wconf 80' lang='lat' dir='ltr'><strong>Deo.</strong></span> <span class='ocrx_word' id='word_1_309' title='bbox 3302 1384 3410 1440; x_wconf 92' lang='lat' dir='ltr'><strong>Cor</strong></span> <span class='ocrx_word' id='word_1_310' title='bbox 3442 1388 3590 1440; x_wconf 89' lang='lat' dir='ltr'><strong>enim</strong></span> 
     </span>
    </p>
   </div>
   <div class='ocr_carea' id='block_1_44' title="bbox 2013 1470 3592 1543">
    <p class='ocr_par' dir='ltr' id='par_1_44' title="bbox 2013 1470 3592 1543">
     <span class='ocr_line' id='line_1_44' title="bbox 2013 1470 3592 1543; baseline 0.003 -21"><span class='ocrx_word' id='word_1_311' title='bbox 2013 1470 2158 1538; x_wconf 83' lang='lat' dir='ltr'><strong>quod</strong></span> <span class='ocrx_word' id='word_1_312' title='bbox 2202 1470 2302 1522; x_wconf 80' lang='lat' dir='ltr'><strong>ista</strong></span> <span class='ocrx_word' id='word_1_313' title='bbox 2337 1479 2502 1532; x_wconf 87' lang='lat' dir='ltr'><strong>amat,</strong></span> <span class='ocrx_word' id='word_1_314' title='bbox 2532 1481 2614 1525; x_wconf 85' lang='lat' dir='ltr'><strong>est</strong></span> <span class='ocrx_word' id='word_1_315' title='bbox 2643 1479 2905 1526; x_wconf 73' lang='lat' dir='ltr'><strong>creaturae</strong></span> <span class='ocrx_word' id='word_1_316' title='bbox 2938 1473 3340 1543; x_wconf 82' lang='lat' dir='ltr'><strong>sterquiliniqu</strong></span> <span class='ocrx_word' id='word_1_317' title='bbox 3373 1483 3430 1526; x_wconf 87' lang='lat' dir='ltr'><strong>et</strong></span> <span class='ocrx_word' id='word_1_318' title='bbox 3466 1488 3592 1527; x_wconf 78' lang='lat' dir='ltr'><strong>sen-</strong></span> 
     </span>
    </p>
   </div>
   <div class='ocr_carea' id='block_1_45' title="bbox 2015 1555 3591 1628">
    <p class='ocr_par' dir='ltr' id='par_1_45' title="bbox 2015 1555 3591 1628">
     <span class='ocr_line' id='line_1_45' title="bbox 2015 1555 3591 1628; baseline 0.002 -16"><span class='ocrx_word' id='word_1_319' title='bbox 2015 1559 2147 1612; x_wconf 85' lang='lat' dir='ltr'><strong>tina.</strong></span> <span class='ocrx_word' id='word_1_320' title='bbox 2190 1555 2324 1611; x_wconf 77' lang='lat' dir='ltr'><strong>Nam</strong></span> <span class='ocrx_word' id='word_1_321' title='bbox 2369 1558 2678 1613; x_wconf 84' lang='lat' dir='ltr'><strong>amaritudo</strong></span> <span class='ocrx_word' id='word_1_322' title='bbox 2703 1574 2824 1628; x_wconf 65' lang='lat' dir='ltr'><strong>quae</strong></span> <span class='ocrx_word' id='word_1_323' title='bbox 2844 1559 3165 1616; x_wconf 83' lang='lat' dir='ltr'><strong>abscondita</strong></span> <span class='ocrx_word' id='word_1_324' title='bbox 3192 1571 3278 1616; x_wconf 82' lang='lat' dir='ltr'><strong>est</strong></span> <span class='ocrx_word' id='word_1_325' title='bbox 3307 1561 3361 1615; x_wconf 91' lang='lat' dir='ltr'><strong>in</strong></span> <span class='ocrx_word' id='word_1_326' title='bbox 3383 1562 3591 1617; x_wconf 80' lang='lat' dir='ltr'><strong>eisdem</strong></span> 
     </span>
    </p>
   </div>
   <div class='ocr_carea' id='block_1_46' title="bbox 2014 1645 3595 1724">
    <p class='ocr_par' dir='ltr' id='par_1_46' title="bbox 2014 1645 3595 1724">
     <span class='ocr_line' id='line_1_46' title="bbox 2014 1645 3595 1724; baseline 0.004 -25"><span class='ocrx_word' id='word_1_327' title='bbox 2014 1645 2462 1704; x_wconf 73' lang='lat' dir='ltr'><strong>delectationibus</strong></span> <span class='ocrx_word' id='word_1_328' title='bbox 2509 1660 2562 1704; x_wconf 90' lang='lat' dir='ltr'><strong>et</strong></span> <span class='ocrx_word' id='word_1_329' title='bbox 2617 1651 2834 1720; x_wconf 72' lang='lat' dir='ltr'><strong>Quiete,</strong></span> <span class='ocrx_word' id='word_1_330' title='bbox 2893 1652 2947 1705; x_wconf 90' lang='lat' dir='ltr'><strong>in</strong></span> <span class='ocrx_word' id='word_1_331' title='bbox 3003 1661 3246 1724; x_wconf 83' lang='lat' dir='ltr'><strong>tempore</strong></span> <span class='ocrx_word' id='word_1_332' title='bbox 3285 1653 3464 1708; x_wconf 78' lang='lat' dir='ltr'><strong>exitus</strong></span> <span class='ocrx_word' id='word_1_333' title='bbox 3506 1655 3595 1707; x_wconf 68' lang='lat' dir='ltr'><strong>in~</strong></span> 
     </span>
    </p>
   </div>
   <div class='ocr_carea' id='block_1_47' title="bbox 2011 1737 3592 1814">
    <p class='ocr_par' dir='ltr' id='par_1_47' title="bbox 2011 1737 3592 1814">
     <span class='ocr_line' id='line_1_47' title="bbox 2011 1737 3592 1814; baseline 0.004 -22"><span class='ocrx_word' id='word_1_334' title='bbox 2011 1737 2213 1792; x_wconf 77' lang='lat' dir='ltr'><strong>utiliter</strong></span> <span class='ocrx_word' id='word_1_335' title='bbox 2237 1739 2517 1792; x_wconf 74' lang='lat' dir='ltr'><strong>sentietnr.</strong></span> <span class='ocrx_word' id='word_1_336' title='bbox 2557 1738 2668 1794; x_wconf 85' lang='lat' dir='ltr'><strong>Cor</strong></span> <span class='ocrx_word' id='word_1_337' title='bbox 2696 1756 2824 1796; x_wconf 90' lang='lat' dir='ltr'><strong>vero</strong></span> <span class='ocrx_word' id='word_1_338' title='bbox 2858 1741 3090 1814; x_wconf 79' lang='lat' dir='ltr'><strong>diligens</strong></span> <span class='ocrx_word' id='word_1_339' title='bbox 3125 1743 3364 1811; x_wconf 81' lang='lat' dir='ltr'><strong>labores,</strong></span> <span class='ocrx_word' id='word_1_340' title='bbox 3394 1755 3592 1800; x_wconf 86' lang='lat' dir='ltr'><strong>contu-</strong></span> 
     </span>
    </p>
   </div>
   <div class='ocr_carea' id='block_1_48' title="bbox 2011 1829 3592 1904">
    <p class='ocr_par' dir='ltr' id='par_1_48' title="bbox 2011 1829 3592 1904">
     <span class='ocr_line' id='line_1_48' title="bbox 2011 1829 3592 1904; baseline 0.004 -22"><span class='ocrx_word' id='word_1_341' title='bbox 2011 1829 2223 1898; x_wconf 79' lang='lat' dir='ltr'><strong>melias,</strong></span> <span class='ocrx_word' id='word_1_342' title='bbox 2244 1836 2297 1884; x_wconf 86' lang='lat' dir='ltr'><strong>et</strong></span> <span class='ocrx_word' id='word_1_343' title='bbox 2326 1830 2563 1895; x_wconf 83' lang='lat' dir='ltr'><strong>dolores,</strong></span> <span class='ocrx_word' id='word_1_344' title='bbox 2596 1840 2749 1901; x_wconf 82' lang='lat' dir='ltr'><strong>porta</strong></span> <span class='ocrx_word' id='word_1_345' title='bbox 2776 1841 2961 1902; x_wconf 85' lang='lat' dir='ltr'><strong>aperta</strong></span> <span class='ocrx_word' id='word_1_346' title='bbox 2990 1842 3095 1899; x_wconf 89' lang='lat' dir='ltr'><strong>est,</strong></span> <span class='ocrx_word' id='word_1_347' title='bbox 3123 1849 3233 1904; x_wconf 87' lang='lat' dir='ltr'><strong>qua</strong></span> <span class='ocrx_word' id='word_1_348' title='bbox 3265 1835 3318 1889; x_wconf 88' lang='lat' dir='ltr'><strong>in</strong></span> <span class='ocrx_word' id='word_1_349' title='bbox 3349 1843 3592 1904; x_wconf 82' lang='lat' dir='ltr'><strong>tempore</strong></span> 
     </span>
    </p>
   </div>
   <div class='ocr_carea' id='block_1_49' title="bbox 2009 1920 3589 1992">
    <p class='ocr_par' dir='ltr' id='par_1_49' title="bbox 2009 1920 3589 1992">
     <span class='ocr_line' id='line_1_49' title="bbox 2009 1920 3589 1992; baseline 0.006 -18"><span class='ocrx_word' id='word_1_350' title='bbox 2009 1920 2187 1974; x_wconf 71' lang='lat' dir='ltr'><strong>exitus</strong></span> <span class='ocrx_word' id='word_1_351' title='bbox 2211 1934 2413 1992; x_wconf 86' lang='lat' dir='ltr'><strong>pascua</strong></span> <span class='ocrx_word' id='word_1_352' title='bbox 2445 1922 2702 1977; x_wconf 84' lang='lat' dir='ltr'><strong>inveniet.</strong></span> <span class='ocrx_word' id='word_1_353' title='bbox 2752 1921 2902 1978; x_wconf 77' lang='lat' dir='ltr'><strong>Sicut</strong></span> <span class='ocrx_word' id='word_1_354' title='bbox 2931 1939 3200 1990; x_wconf 82' lang='lat' dir='ltr'><strong>creatura,</strong></span> <span class='ocrx_word' id='word_1_355' title='bbox 3241 1937 3349 1982; x_wconf 85' lang='lat' dir='ltr'><strong>etc.</strong></span> <span class='ocrx_word' id='word_1_356' title='bbox 3399 1924 3502 1982; x_wconf 83' lang='lat' dir='ltr'><strong>Per</strong></span> <span class='ocrx_word' id='word_1_357' title='bbox 3526 1942 3589 1983; x_wconf 88' lang='lat' dir='ltr'><strong>se</strong></span> 
     </span>
    </p>
   </div>
   <div class='ocr_carea' id='block_1_50' title="bbox 2011 2015 3587 2086">
    <p class='ocr_par' dir='ltr' id='par_1_50' title="bbox 2011 2015 3587 2086">
     <span class='ocr_line' id='line_1_50' title="bbox 2011 2015 3587 2086; baseline 0.004 -22"><span class='ocrx_word' id='word_1_358' title='bbox 2011 2019 2228 2077; x_wconf 84' lang='lat' dir='ltr'><strong>motus,</strong></span> <span class='ocrx_word' id='word_1_359' title='bbox 2281 2020 2336 2065; x_wconf 89' lang='lat' dir='ltr'><strong>et</strong></span> <span class='ocrx_word' id='word_1_360' title='bbox 2381 2026 2598 2082; x_wconf 85' lang='lat' dir='ltr'><strong>semper</strong></span> <span class='ocrx_word' id='word_1_361' title='bbox 2650 2021 2831 2069; x_wconf 89' lang='lat' dir='ltr'><strong>motus</strong></span> <span class='ocrx_word' id='word_1_362' title='bbox 2869 2023 2953 2069; x_wconf 85' lang='lat' dir='ltr'><strong>est</strong></span> <span class='ocrx_word' id='word_1_363' title='bbox 3000 2015 3182 2070; x_wconf 87' lang='lat' dir='ltr'><strong>divina</strong></span> <span class='ocrx_word' id='word_1_364' title='bbox 3229 2016 3587 2086; x_wconf 77' lang='lat' dir='ltr'><strong>providentia,</strong></span> 
     </span>
    </p>
   </div>
   <div class='ocr_carea' id='block_1_51' title="bbox 2011 2100 3592 2198">
    <p class='ocr_par' dir='ltr' id='par_1_51' title="bbox 2011 2100 3592 2198">
     <span class='ocr_line' id='line_1_51' title="bbox 2011 2100 3592 2198; baseline 0.005 -43"><span class='ocrx_word' id='word_1_365' title='bbox 2011 2100 2264 2157; x_wconf 85' lang='lat' dir='ltr'><strong>alteratlo</strong></span> <span class='ocrx_word' id='word_1_366' title='bbox 2305 2109 2520 2168; x_wconf 83' lang='lat' dir='ltr'><strong>motus,</strong></span> <span class='ocrx_word' id='word_1_367' title='bbox 2561 2112 2614 2158; x_wconf 87' lang='lat' dir='ltr'><strong>et</strong></span> <span class='ocrx_word' id='word_1_368' title='bbox 2666 2102 2897 2160; x_wconf 88' lang='lat' dir='ltr'><strong>faciliter</strong></span> <span class='ocrx_word' id='word_1_369' title='bbox 2918 2114 3102 2198; x_wconf 62' lang='lat' dir='ltr'><strong>piatas</strong></span> <span class='ocrx_word' id='word_1_370' title='bbox 3129 2115 3211 2162; x_wconf 86' lang='lat' dir='ltr'><strong>est</strong></span> <span class='ocrx_word' id='word_1_371' title='bbox 3253 2106 3506 2163; x_wconf 88' lang='lat' dir='ltr'><strong>alteratio</strong></span> <span class='ocrx_word' id='word_1_372' title='bbox 3535 2118 3592 2164; x_wconf 87' lang='lat' dir='ltr'><strong>et</strong></span> 
     </span>
    </p>
   </div>
   <div class='ocr_carea' id='block_1_52' title="bbox 2012 2191 3591 2264">
    <p class='ocr_par' dir='ltr' id='par_1_52' title="bbox 2012 2191 3591 2264">
     <span class='ocr_line' id='line_1_52' title="bbox 2012 2191 3591 2264; baseline 0.004 -18"><span class='ocrx_word' id='word_1_373' title='bbox 2012 2201 2194 2247; x_wconf 90' lang='lat' dir='ltr'><strong>motus</strong></span> <span class='ocrx_word' id='word_1_374' title='bbox 2219 2200 2502 2259; x_wconf 74' lang='lat' dir='ltr'><strong>creaturae,</strong></span> <span class='ocrx_word' id='word_1_375' title='bbox 2526 2191 2622 2262; x_wconf 80' lang='lat' dir='ltr'><strong>qui</strong></span> <span class='ocrx_word' id='word_1_376' title='bbox 2648 2207 2758 2249; x_wconf 89' lang='lat' dir='ltr'><strong>non</strong></span> <span class='ocrx_word' id='word_1_377' title='bbox 2789 2191 3003 2264; x_wconf 62' lang='lat' dir='ltr'><strong>seniliter</strong></span> <span class='ocrx_word' id='word_1_378' title='bbox 3027 2205 3111 2252; x_wconf 85' lang='lat' dir='ltr'><strong>est</strong></span> <span class='ocrx_word' id='word_1_379' title='bbox 3137 2207 3340 2252; x_wconf 83' lang='lat' dir='ltr'><strong>matus.</strong></span> <span class='ocrx_word' id='word_1_380' title='bbox 3379 2196 3591 2253; x_wconf 88' lang='lat' dir='ltr'><strong>Dicitur</strong></span> 
     </span>
    </p>
   </div>
   <div class='ocr_carea' id='block_1_53' title="bbox 2011 2283 3587 2358">
    <p class='ocr_par' dir='ltr' id='par_1_53' title="bbox 2011 2283 3587 2358">
     <span class='ocr_line' id='line_1_53' title="bbox 2011 2283 3587 2358; baseline 0.004 -19"><span class='ocrx_word' id='word_1_381' title='bbox 2011 2291 2192 2339; x_wconf 86' lang='lat' dir='ltr'><strong>autem</strong></span> <span class='ocrx_word' id='word_1_382' title='bbox 2221 2283 2571 2355; x_wconf 75' lang='lat' dir='ltr'><strong>compunctio</strong></span> <span class='ocrx_word' id='word_1_383' title='bbox 2608 2283 2790 2341; x_wconf 86' lang='lat' dir='ltr'><strong>cordis</strong></span> <span class='ocrx_word' id='word_1_384' title='bbox 2818 2301 2885 2340; x_wconf 76' lang='lat' dir='ltr'><strong>ex</strong></span> <span class='ocrx_word' id='word_1_385' title='bbox 2916 2285 3011 2341; x_wconf 85' lang='lat' dir='ltr'><strong>Dei</strong></span> <span class='ocrx_word' id='word_1_386' title='bbox 3040 2290 3212 2358; x_wconf 63' lang='lat' dir='ltr'><strong>gratia</strong></span> <span class='ocrx_word' id='word_1_387' title='bbox 3239 2291 3587 2358; x_wconf 84' lang='lat' dir='ltr'><strong>proveniens,</strong></span> 
     </span>
    </p>
   </div>
   <div class='ocr_carea' id='block_1_54' title="bbox 2014 2375 3589 2452">
    <p class='ocr_par' dir='ltr' id='par_1_54' title="bbox 2014 2375 3589 2452">
     <span class='ocr_line' id='line_1_54' title="bbox 2014 2375 3589 2452; baseline 0.005 -20"><span class='ocrx_word' id='word_1_388' title='bbox 2014 2375 2262 2432; x_wconf 84' lang='lat' dir='ltr'><strong>alteratio</strong></span> <span class='ocrx_word' id='word_1_389' title='bbox 2295 2387 2502 2444; x_wconf 83' lang='lat' dir='ltr'><strong>motus,</strong></span> <span class='ocrx_word' id='word_1_390' title='bbox 2546 2377 2614 2434; x_wconf 88' lang='lat' dir='ltr'><strong>ad</strong></span> <span class='ocrx_word' id='word_1_391' title='bbox 2660 2377 3018 2435; x_wconf 73' lang='lat' dir='ltr'><strong>diﬂercntiam</strong></span> <span class='ocrx_word' id='word_1_392' title='bbox 3056 2384 3494 2452; x_wconf 83' lang='lat' dir='ltr'><strong>compunctionis</strong></span> <span class='ocrx_word' id='word_1_393' title='bbox 3519 2400 3589 2439; x_wconf 78' lang='lat' dir='ltr'><strong>ex</strong></span> 
     </span>
    </p>
   </div>
   <div class='ocr_carea' id='block_1_55' title="bbox 2014 2467 3590 2544">
    <p class='ocr_par' dir='ltr' id='par_1_55' title="bbox 2014 2467 3590 2544">
     <span class='ocr_line' id='line_1_55' title="bbox 2014 2467 3590 2544; baseline 0.007 -20"><span class='ocrx_word' id='word_1_394' title='bbox 2014 2467 2196 2524; x_wconf 89' lang='lat' dir='ltr'><strong>studio</strong></span> <span class='ocrx_word' id='word_1_395' title='bbox 2231 2468 2470 2523; x_wconf 85' lang='lat' dir='ltr'><strong>humano</strong></span> <span class='ocrx_word' id='word_1_396' title='bbox 2503 2469 2861 2537; x_wconf 78' lang='lat' dir='ltr'><strong>advenientis,</strong></span> <span class='ocrx_word' id='word_1_397' title='bbox 2893 2486 3015 2542; x_wconf 68' lang='lat' dir='ltr'><strong>quae</strong></span> <span class='ocrx_word' id='word_1_398' title='bbox 3043 2482 3128 2529; x_wconf 85' lang='lat' dir='ltr'><strong>est</strong></span> <span class='ocrx_word' id='word_1_399' title='bbox 3170 2488 3266 2544; x_wconf 87' lang='lat' dir='ltr'><strong>per</strong></span> <span class='ocrx_word' id='word_1_400' title='bbox 3299 2490 3360 2530; x_wconf 86' lang='lat' dir='ltr'><strong>se</strong></span> <span class='ocrx_word' id='word_1_401' title='bbox 3387 2485 3590 2535; x_wconf 87' lang='lat' dir='ltr'><strong>motus.</strong></span> 
     </span>
    </p>
   </div>
   <div class='ocr_carea' id='block_1_56' title="bbox 2014 2558 3588 2634">
    <p class='ocr_par' dir='ltr' id='par_1_56' title="bbox 2014 2558 3588 2634">
     <span class='ocr_line' id='line_1_56' title="bbox 2014 2558 3588 2634; baseline 0.006 -21"><span class='ocrx_word' id='word_1_402' title='bbox 2014 2558 2318 2614; x_wconf 73' lang='lat' dir='ltr'><strong>“lustratio</strong></span> <span class='ocrx_word' id='word_1_403' title='bbox 2343 2560 2456 2631; x_wconf 71' lang='lat'><strong>(18)</strong></span> <span class='ocrx_word' id='word_1_404' title='bbox 2485 2559 2777 2630; x_wconf 63' lang='lat' dir='ltr'><strong>incli&#39;abifis</strong></span> <span class='ocrx_word' id='word_1_405' title='bbox 2803 2570 2882 2615; x_wconf 81' lang='lat' dir='ltr'><strong>est</strong></span> <span class='ocrx_word' id='word_1_406' title='bbox 2938 2562 3179 2632; x_wconf 65' lang='lat' dir='ltr'><strong>quedam</strong></span> <span class='ocrx_word' id='word_1_407' title='bbox 3208 2565 3457 2634; x_wconf 63' lang='lat' dir='ltr'><strong>eﬁcacia,</strong></span> <span class='ocrx_word' id='word_1_408' title='bbox 3480 2577 3588 2622; x_wconf 90' lang='lat' dir='ltr'><strong>etc.</strong></span> 
     </span>
    </p>
   </div>
   <div class='ocr_carea' id='block_1_57' title="bbox 2017 2645 3592 2724">
    <p class='ocr_par' dir='ltr' id='par_1_57' title="bbox 2017 2645 3592 2724">
     <span class='ocr_line' id='line_1_57' title="bbox 2017 2645 3592 2724; baseline 0.004 -21"><span class='ocrx_word' id='word_1_409' title='bbox 2017 2645 2134 2704; x_wconf 78' lang='lat' dir='ltr'><strong>Non</strong></span> <span class='ocrx_word' id='word_1_410' title='bbox 2177 2658 2274 2724; x_wconf 85' lang='lat' dir='ltr'><strong>per</strong></span> <span class='ocrx_word' id='word_1_411' title='bbox 2310 2649 2519 2704; x_wconf 84' lang='lat' dir='ltr'><strong>luctum</strong></span> <span class='ocrx_word' id='word_1_412' title='bbox 2563 2657 2808 2716; x_wconf 78' lang='lat' dir='ltr'><strong>tantum,</strong></span> <span class='ocrx_word' id='word_1_413' title='bbox 2854 2651 2950 2707; x_wconf 87' lang='lat' dir='ltr'><strong>sed</strong></span> <span class='ocrx_word' id='word_1_414' title='bbox 2997 2651 3313 2722; x_wconf 83' lang='lat' dir='ltr'><strong>patientiam</strong></span> <span class='ocrx_word' id='word_1_415' title='bbox 3359 2656 3592 2712; x_wconf 85' lang='lat' dir='ltr'><strong>tribula-</strong></span> 
     </span>
    </p>
   </div>
   <div class='ocr_carea' id='block_1_58' title="bbox 2013 2740 3592 2818">
    <p class='ocr_par' dir='ltr' id='par_1_58' title="bbox 2013 2740 3592 2818">
     <span class='ocr_line' id='line_1_58' title="bbox 2013 2740 3592 2818; baseline 0.006 -24"><span class='ocrx_word' id='word_1_416' title='bbox 2013 2740 2228 2795; x_wconf 91' lang='lat' dir='ltr'><strong>tionum</strong></span> <span class='ocrx_word' id='word_1_417' title='bbox 2251 2749 2308 2796; x_wconf 87' lang='lat' dir='ltr'><strong>ct</strong></span> <span class='ocrx_word' id='word_1_418' title='bbox 2334 2740 2693 2796; x_wconf 84' lang='lat' dir='ltr'><strong>tentatiouum</strong></span> <span class='ocrx_word' id='word_1_419' title='bbox 2728 2740 2988 2812; x_wconf 85' lang='lat' dir='ltr'><strong>probatur</strong></span> <span class='ocrx_word' id='word_1_420' title='bbox 3011 2757 3205 2801; x_wconf 78' lang='lat' dir='ltr'><strong>servus</strong></span> <span class='ocrx_word' id='word_1_421' title='bbox 3234 2746 3326 2802; x_wconf 87' lang='lat' dir='ltr'><strong>Dei</strong></span> <span class='ocrx_word' id='word_1_422' title='bbox 3355 2766 3369 2803; x_wconf 88' lang='lat'><strong>:</strong></span> <span class='ocrx_word' id='word_1_423' title='bbox 3407 2756 3467 2803; x_wconf 88' lang='lat' dir='ltr'><strong>ct</strong></span> <span class='ocrx_word' id='word_1_424' title='bbox 3495 2761 3592 2818; x_wconf 87' lang='lat' dir='ltr'><strong>per</strong></span> 
     </span>
    </p>
   </div>
   <div class='ocr_carea' id='block_1_59' title="bbox 2015 2830 3591 2910">
    <p class='ocr_par' dir='ltr' id='par_1_59' title="bbox 2015 2830 3591 2910">
     <span class='ocr_line' id='line_1_59' title="bbox 2015 2830 3591 2910; baseline 0.007 -26"><span class='ocrx_word' id='word_1_425' title='bbox 2015 2845 2203 2888; x_wconf 83' lang='lat' dir='ltr'><strong>veram</strong></span> <span class='ocrx_word' id='word_1_426' title='bbox 2238 2830 2718 2889; x_wconf 83' lang='lat' dir='ltr'><strong>mortificationem</strong></span> <span class='ocrx_word' id='word_1_427' title='bbox 2753 2835 3000 2890; x_wconf 90' lang='lat' dir='ltr'><strong>omnium</strong></span> <span class='ocrx_word' id='word_1_428' title='bbox 3042 2851 3302 2894; x_wconf 88' lang='lat' dir='ltr'><strong>sensuum</strong></span> <span class='ocrx_word' id='word_1_429' title='bbox 3348 2840 3591 2910; x_wconf 89' lang='lat' dir='ltr'><strong>corporis</strong></span> 
     </span>
    </p>
   </div>
   <div class='ocr_carea' id='block_1_60' title="bbox 2015 2925 3592 2995">
    <p class='ocr_par' dir='ltr' id='par_1_60' title="bbox 2015 2925 3592 2995">
     <span class='ocr_line' id='line_1_60' title="bbox 2015 2925 3592 2995; baseline 0.004 -15"><span class='ocrx_word' id='word_1_430' title='bbox 2015 2934 2071 2980; x_wconf 90' lang='lat' dir='ltr'><strong>ct</strong></span> <span class='ocrx_word' id='word_1_431' title='bbox 2097 2925 2316 2990; x_wconf 64' lang='lat' dir='ltr'><strong>animm,</strong></span> <span class='ocrx_word' id='word_1_432' title='bbox 2351 2925 2646 2981; x_wconf 81' lang='lat' dir='ltr'><strong>mundatur</strong></span> <span class='ocrx_word' id='word_1_433' title='bbox 2667 2925 2737 2980; x_wconf 88' lang='lat' dir='ltr'><strong>ab</strong></span> <span class='ocrx_word' id='word_1_434' title='bbox 2769 2925 3181 2995; x_wconf 83' lang='lat' dir='ltr'><strong>inquinamento</strong></span> <span class='ocrx_word' id='word_1_435' title='bbox 3205 2930 3465 2986; x_wconf 86' lang='lat' dir='ltr'><strong>vitiorum</strong></span> <span class='ocrx_word' id='word_1_436' title='bbox 3489 2949 3502 2984; x_wconf 90' lang='lat'><strong>:</strong></span> <span class='ocrx_word' id='word_1_437' title='bbox 3537 2943 3592 2986; x_wconf 84' lang='lat' dir='ltr'><strong>et</strong></span> 
     </span>
    </p>
   </div>
   <div class='ocr_carea' id='block_1_61' title="bbox 336 3011 3592 3104">
    <p class='ocr_par' dir='ltr' id='par_1_61' title="bbox 336 3011 3592 3104">
     <span class='ocr_line' id='line_1_61' title="bbox 336 3011 3592 3104; baseline 0.003 -41"><span class='ocrx_word' id='word_1_438' title='bbox 336 3033 583 3104; x_wconf 47' lang='lat' dir='ltr'><strong>spiritus,</strong></span> <span class='ocrx_word' id='word_1_439' title='bbox 624 3011 964 3088; x_wconf 37' lang='lat' dir='ltr'><strong>mnuum’u</strong></span> <span class='ocrx_word' id='word_1_440' title='bbox 1005 3031 1258 3103; x_wconf 48' lang='lat' dir='ltr'><strong>divisum.</strong></span> <span class='ocrx_word' id='word_1_441' title='bbox 1299 3029 1408 3087; x_wconf 63' lang='lat' dir='ltr'><strong>sed</strong></span> <span class='ocrx_word' id='word_1_442' title='bbox 1451 3030 1772 3103; x_wconf 50' lang='lat' dir='ltr'><strong>piorumun</strong></span> <span class='ocrx_word' id='word_1_443' title='bbox 1806 3033 1908 3088; x_wconf 63' lang='lat' dir='ltr'><strong>hu-</strong></span> <span class='ocrx_word' id='word_1_444' title='bbox 1936 3042 1980 3100; x_wconf 61' lang='grc' dir='ltr'>ε</span> <span class='ocrx_word' id='word_1_445' title='bbox 2137 3011 2744 3104; x_wconf 78' lang='lat' dir='ltr'><strong>contemplatiouetnet</strong></span> <span class='ocrx_word' id='word_1_446' title='bbox 2789 3016 3189 3084; x_wconf 81' lang='lat' dir='ltr'><strong>susceptionem</strong></span> <span class='ocrx_word' id='word_1_447' title='bbox 3229 3018 3464 3073; x_wconf 84' lang='lat' dir='ltr'><strong>altarum</strong></span> <span class='ocrx_word' id='word_1_448' title='bbox 3493 3018 3592 3076; x_wconf 86' lang='lat' dir='ltr'><strong>Dei</strong></span> 
     </span>
    </p>
   </div>
   <div class='ocr_carea' id='block_1_62' title="bbox 337 3123 1916 3196">
    <p class='ocr_par' dir='ltr' id='par_1_62' title="bbox 337 3123 1916 3196">
     <span class='ocr_line' id='line_1_62' title="bbox 337 3123 1916 3196; baseline -0.001 -15"><span class='ocrx_word' id='word_1_449' title='bbox 337 3138 500 3181; x_wconf 84' lang='lat' dir='ltr'><strong>mana</strong></span> <span class='ocrx_word' id='word_1_450' title='bbox 529 3123 797 3196; x_wconf 77' lang='lat' dir='ltr'><strong>fragilitas</strong></span> <span class='ocrx_word' id='word_1_451' title='bbox 822 3124 1125 3194; x_wconf 82' lang='lat' dir='ltr'><strong>prolabitur</strong></span> <span class='ocrx_word' id='word_1_452' title='bbox 1156 3124 1226 3179; x_wconf 86' lang='lat' dir='ltr'><strong>ab</strong></span> <span class='ocrx_word' id='word_1_453' title='bbox 1265 3123 1552 3180; x_wconf 78' lang='lat' dir='ltr'><strong>altitudine</strong></span> <span class='ocrx_word' id='word_1_454' title='bbox 1585 3125 1832 3196; x_wconf 79' lang='lat' dir='ltr'><strong>spiritus,</strong></span> <span class='ocrx_word' id='word_1_455' title='bbox 1858 3134 1916 3180; x_wconf 90' lang='lat' dir='ltr'><strong>et</strong></span> 
     </span>
    </p>
   </div>
   <div class='ocr_carea' id='block_1_63' title="bbox 337 3215 1916 3288">
    <p class='ocr_par' dir='ltr' id='par_1_63' title="bbox 337 3215 1916 3288">
     <span class='ocr_line' id='line_1_63' title="bbox 337 3215 1916 3288; baseline -0.001 -14"><span class='ocrx_word' id='word_1_456' title='bbox 337 3216 651 3274; x_wconf 85' lang='lat' dir='ltr'><strong>succumbit</strong></span> <span class='ocrx_word' id='word_1_457' title='bbox 691 3219 743 3272; x_wconf 91' lang='lat' dir='ltr'><strong>in</strong></span> <span class='ocrx_word' id='word_1_458' title='bbox 778 3216 1000 3288; x_wconf 70' lang='lat' dir='ltr'><strong>pugnis.</strong></span> <span class='ocrx_word' id='word_1_459' title='bbox 1028 3215 1132 3271; x_wconf 85' lang='lat' dir='ltr'><strong>Sed</strong></span> <span class='ocrx_word' id='word_1_460' title='bbox 1176 3216 1414 3287; x_wconf 77' lang='lat' dir='ltr'><strong>nunquid</strong></span> <span class='ocrx_word' id='word_1_461' title='bbox 1439 3218 1532 3288; x_wconf 75' lang='lat' dir='ltr'><strong>qui</strong></span> <span class='ocrx_word' id='word_1_462' title='bbox 1577 3217 1776 3271; x_wconf 81' lang='lat' dir='ltr'><strong>comit</strong></span> <span class='ocrx_word' id='word_1_463' title='bbox 1809 3230 1916 3272; x_wconf 82' lang='lat' dir='ltr'><strong>non</strong></span> 
     </span>
    </p>
   </div>
   <div class='ocr_carea' id='block_1_64' title="bbox 335 3306 1916 3380">
    <p class='ocr_par' dir='ltr' id='par_1_64' title="bbox 335 3306 1916 3380">
     <span class='ocr_line' id='line_1_64' title="bbox 335 3306 1916 3380; baseline 0.001 -17"><span class='ocrx_word' id='word_1_464' title='bbox 335 3308 596 3380; x_wconf 71' lang='lat' dir='ltr'><strong>adjiciat!</strong></span> <span class='ocrx_word' id='word_1_465' title='bbox 626 3306 749 3373; x_wconf 81' lang='lat' dir='ltr'><strong>Sed,</strong></span> <span class='ocrx_word' id='word_1_466' title='bbox 800 3316 860 3364; x_wconf 90' lang='lat' dir='ltr'><strong>ut</strong></span> <span class='ocrx_word' id='word_1_467' title='bbox 887 3307 1054 3362; x_wconf 88' lang='lat' dir='ltr'><strong>David</strong></span> <span class='ocrx_word' id='word_1_468' title='bbox 1099 3317 1154 3362; x_wconf 85' lang='lat' dir='ltr'><strong>et</strong></span> <span class='ocrx_word' id='word_1_469' title='bbox 1197 3306 1416 3371; x_wconf 81' lang='lat' dir='ltr'><strong>Petrus,</strong></span> <span class='ocrx_word' id='word_1_470' title='bbox 1445 3315 1674 3364; x_wconf 86' lang='lat' dir='ltr'><strong>conetur</strong></span> <span class='ocrx_word' id='word_1_471' title='bbox 1702 3317 1762 3363; x_wconf 90' lang='lat' dir='ltr'><strong>ut</strong></span> <span class='ocrx_word' id='word_1_472' title='bbox 1803 3322 1916 3364; x_wconf 89' lang='lat' dir='ltr'><strong>non</strong></span> 
     </span>
    </p>
   </div>
   <div class='ocr_carea' id='block_1_65' title="bbox 336 3397 1916 3468">
    <p class='ocr_par' dir='ltr' id='par_1_65' title="bbox 336 3397 1916 3468">
     <span class='ocr_line' id='line_1_65' title="bbox 336 3397 1916 3468; baseline -0.001 -12"><span class='ocrx_word' id='word_1_473' title='bbox 336 3400 518 3456; x_wconf 85' lang='lat' dir='ltr'><strong>solum</strong></span> <span class='ocrx_word' id='word_1_474' title='bbox 568 3410 838 3468; x_wconf 72' lang='lat' dir='ltr'><strong>resurgat,</strong></span> <span class='ocrx_word' id='word_1_475' title='bbox 892 3397 986 3454; x_wconf 89' lang='lat' dir='ltr'><strong>sed</strong></span> <span class='ocrx_word' id='word_1_476' title='bbox 1034 3397 1228 3454; x_wconf 84' lang='lat' dir='ltr'><strong>altiora</strong></span> <span class='ocrx_word' id='word_1_477' title='bbox 1269 3399 1620 3455; x_wconf 83' lang='lat' dir='ltr'><strong>conscendat.</strong></span> <span class='ocrx_word' id='word_1_478' title='bbox 1666 3397 1916 3456; x_wconf 82' lang='lat' dir='ltr'><strong>Ostendit</strong></span> 
     </span>
    </p>
   </div>
   <div class='ocr_carea' id='block_1_66' title="bbox 343 3486 1917 3562">
    <p class='ocr_par' dir='ltr' id='par_1_66' title="bbox 343 3486 1917 3562">
     <span class='ocr_line' id='line_1_66' title="bbox 343 3486 1917 3562; baseline -0.001 -16"><span class='ocrx_word' id='word_1_479' title='bbox 343 3490 515 3559; x_wconf 77' lang='lat' dir='ltr'><strong>igitur</strong></span> <span class='ocrx_word' id='word_1_480' title='bbox 546 3488 732 3554; x_wconf 85' lang='lat' dir='ltr'><strong>Pater,</strong></span> <span class='ocrx_word' id='word_1_481' title='bbox 770 3488 1022 3560; x_wconf 74' lang='lat' dir='ltr'><strong>exemplo</strong></span> <span class='ocrx_word' id='word_1_482' title='bbox 1062 3486 1232 3562; x_wconf 73' lang='lat' dir='ltr'><strong>Moysi</strong></span> <span class='ocrx_word' id='word_1_483' title='bbox 1271 3489 1447 3546; x_wconf 78' lang='lat' dir='ltr'><strong>etJob</strong></span> <span class='ocrx_word' id='word_1_484' title='bbox 1492 3505 1616 3547; x_wconf 87' lang='lat' dir='ltr'><strong>esse</strong></span> <span class='ocrx_word' id='word_1_485' title='bbox 1656 3491 1917 3560; x_wconf 85' lang='lat' dir='ltr'><strong>possibile</strong></span> 
     </span>
    </p>
   </div>
   <div class='ocr_carea' id='block_1_67' title="bbox 342 3577 1914 3652">
    <p class='ocr_par' dir='ltr' id='par_1_67' title="bbox 342 3577 1914 3652">
     <span class='ocr_line' id='line_1_67' title="bbox 342 3577 1914 3652; baseline 0 -18"><span class='ocrx_word' id='word_1_486' title='bbox 342 3588 466 3652; x_wconf 84' lang='lat' dir='ltr'><strong>post</strong></span> <span class='ocrx_word' id='word_1_487' title='bbox 508 3580 753 3649; x_wconf 87' lang='lat' dir='ltr'><strong>lapsum,</strong></span> <span class='ocrx_word' id='word_1_488' title='bbox 819 3578 984 3633; x_wconf 87' lang='lat' dir='ltr'><strong>etiam</strong></span> <span class='ocrx_word' id='word_1_489' title='bbox 1036 3578 1104 3632; x_wconf 90' lang='lat' dir='ltr'><strong>ad</strong></span> <span class='ocrx_word' id='word_1_490' title='bbox 1149 3577 1640 3650; x_wconf 78' lang='lat' dir='ltr'><strong>impassiliilitatem</strong></span> <span class='ocrx_word' id='word_1_491' title='bbox 1699 3579 1914 3646; x_wconf 88' lang='lat' dir='ltr'><strong>redire,</strong></span> 
     </span>
    </p>
   </div>
   <div class='ocr_carea' id='block_1_68' title="bbox 337 3670 1918 3742">
    <p class='ocr_par' dir='ltr' id='par_1_68' title="bbox 337 3670 1918 3742">
     <span class='ocr_line' id='line_1_68' title="bbox 337 3670 1918 3742; baseline 0.001 -16"><span class='ocrx_word' id='word_1_492' title='bbox 337 3672 501 3741; x_wconf 80' lang='lat' dir='ltr'><strong>cujus</strong></span> <span class='ocrx_word' id='word_1_493' title='bbox 534 3673 651 3742; x_wconf 91' lang='lat' dir='ltr'><strong>spei</strong></span> <span class='ocrx_word' id='word_1_494' title='bbox 689 3671 965 3735; x_wconf 88' lang='lat' dir='ltr'><strong>tiduciam,</strong></span> <span class='ocrx_word' id='word_1_495' title='bbox 1001 3670 1253 3726; x_wconf 85' lang='lat' dir='ltr'><strong>diabolus</strong></span> <span class='ocrx_word' id='word_1_496' title='bbox 1294 3685 1390 3740; x_wconf 87' lang='lat' dir='ltr'><strong>per</strong></span> <span class='ocrx_word' id='word_1_497' title='bbox 1437 3671 1824 3742; x_wconf 75' lang='lat' dir='ltr'><strong>negligentiam</strong></span> <span class='ocrx_word' id='word_1_498' title='bbox 1861 3681 1918 3728; x_wconf 90' lang='lat' dir='ltr'><strong>et</strong></span> 
     </span>
    </p>
   </div>
   <div class='ocr_carea' id='block_1_69' title="bbox 339 3760 1919 3832">
    <p class='ocr_par' dir='ltr' id='par_1_69' title="bbox 339 3760 1919 3832">
     <span class='ocr_line' id='line_1_69' title="bbox 339 3760 1919 3832; baseline 0.001 -17"><span class='ocrx_word' id='word_1_499' title='bbox 339 3763 511 3816; x_wconf 83' lang='lat' dir='ltr'><strong>otium</strong></span> <span class='ocrx_word' id='word_1_500' title='bbox 565 3760 897 3832; x_wconf 78' lang='lat' dir='ltr'><strong>colapliiaat,</strong></span> <span class='ocrx_word' id='word_1_501' title='bbox 951 3761 1081 3813; x_wconf 88' lang='lat' dir='ltr'><strong>dum</strong></span> <span class='ocrx_word' id='word_1_502' title='bbox 1132 3761 1185 3814; x_wconf 91' lang='lat' dir='ltr'><strong>in</strong></span> <span class='ocrx_word' id='word_1_503' title='bbox 1229 3760 1386 3815; x_wconf 87' lang='lat' dir='ltr'><strong>nobis</strong></span> <span class='ocrx_word' id='word_1_504' title='bbox 1423 3775 1585 3828; x_wconf 80' lang='lat' dir='ltr'><strong>opera</strong></span> <span class='ocrx_word' id='word_1_505' title='bbox 1635 3761 1751 3829; x_wconf 83' lang='lat' dir='ltr'><strong>(per</strong></span> <span class='ocrx_word' id='word_1_506' title='bbox 1795 3776 1919 3831; x_wconf 79' lang='lat' dir='ltr'><strong>qua:</strong></span> 
     </span>
    </p>
   </div>
   <div class='ocr_carea' id='block_1_70' title="bbox 343 3847 1915 3919">
    <p class='ocr_par' dir='ltr' id='par_1_70' title="bbox 343 3847 1915 3919">
     <span class='ocr_line' id='line_1_70' title="bbox 343 3847 1915 3919; baseline 0.001 -16"><span class='ocrx_word' id='word_1_507' title='bbox 343 3848 753 3919; x_wconf 85' lang='lat' dir='ltr'><strong>impassibilitas</strong></span> <span class='ocrx_word' id='word_1_508' title='bbox 785 3847 1417 3918; x_wconf 77' lang='lat' dir='ltr'><strong>percipitur)exptantat.</strong></span> <span class='ocrx_word' id='word_1_509' title='bbox 1449 3849 1691 3915; x_wconf 73' lang='lat' dir='ltr'><strong>Attende,</strong></span> <span class='ocrx_word' id='word_1_510' title='bbox 1717 3864 1915 3918; x_wconf 70' lang='lat' dir='ltr'><strong>quaeso,</strong></span> 
     </span>
    </p>
   </div>
   <div class='ocr_carea' id='block_1_71' title="bbox 341 3939 1914 4012">
    <p class='ocr_par' dir='ltr' id='par_1_71' title="bbox 341 3939 1914 4012">
     <span class='ocr_line' id='line_1_71' title="bbox 341 3939 1914 4012; baseline 0.003 -20"><span class='ocrx_word' id='word_1_511' title='bbox 341 3940 670 4011; x_wconf 74' lang='lat' dir='ltr'><strong>..’ili9erttius,</strong></span> <span class='ocrx_word' id='word_1_512' title='bbox 693 3949 825 4004; x_wconf 88' lang='lat' dir='ltr'><strong>etc.,</strong></span> <span class='ocrx_word' id='word_1_513' title='bbox 867 3939 1078 3995; x_wconf 86' lang='lat' dir='ltr'><strong>scilicet</strong></span> <span class='ocrx_word' id='word_1_514' title='bbox 1125 3940 1300 3995; x_wconf 90' lang='lat' dir='ltr'><strong>oculis</strong></span> <span class='ocrx_word' id='word_1_515' title='bbox 1350 3942 1548 3996; x_wconf 86' lang='lat' dir='ltr'><strong>mentis</strong></span> <span class='ocrx_word' id='word_1_516' title='bbox 1579 3953 1632 3996; x_wconf 91' lang='lat' dir='ltr'><strong>ct</strong></span> <span class='ocrx_word' id='word_1_517' title='bbox 1669 3943 1914 4012; x_wconf 84' lang='lat' dir='ltr'><strong>spiritus,</strong></span> 
     </span>
    </p>
   </div>
   <div class='ocr_carea' id='block_1_72' title="bbox 344 4032 1915 4105">
    <p class='ocr_par' dir='ltr' id='par_1_72' title="bbox 344 4032 1915 4105">
     <span class='ocr_line' id='line_1_72' title="bbox 344 4032 1915 4105; baseline 0.003 -17"><span class='ocrx_word' id='word_1_518' title='bbox 344 4037 467 4105; x_wconf 61' lang='lat' dir='ltr'><strong>quia</strong></span> <span class='ocrx_word' id='word_1_519' title='bbox 511 4032 751 4088; x_wconf 85' lang='lat' dir='ltr'><strong>sensuali</strong></span> <span class='ocrx_word' id='word_1_520' title='bbox 793 4032 1154 4088; x_wconf 86' lang='lat' dir='ltr'><strong>delectatione</strong></span> <span class='ocrx_word' id='word_1_521' title='bbox 1201 4033 1412 4089; x_wconf 80' lang='lat' dir='ltr'><strong>seducti</strong></span> <span class='ocrx_word' id='word_1_522' title='bbox 1453 4035 1782 4098; x_wconf 83' lang='lat' dir='ltr'><strong>erravimus,</strong></span> <span class='ocrx_word' id='word_1_523' title='bbox 1820 4036 1915 4091; x_wconf 82' lang='lat' dir='ltr'><strong>sed</strong></span> 
     </span>
    </p>
   </div>
   <div class='ocr_carea' id='block_1_73' title="bbox 340 4121 1916 4195">
    <p class='ocr_par' dir='ltr' id='par_1_73' title="bbox 340 4121 1916 4195">
     <span class='ocr_line' id='line_1_73' title="bbox 340 4121 1916 4195; baseline -0.001 -16"><span class='ocrx_word' id='word_1_524' title='bbox 340 4125 429 4180; x_wconf 80' lang='lat' dir='ltr'><strong>via</strong></span> <span class='ocrx_word' id='word_1_525' title='bbox 462 4121 697 4178; x_wconf 81' lang='lat' dir='ltr'><strong>breviori</strong></span> <span class='ocrx_word' id='word_1_526' title='bbox 742 4135 842 4177; x_wconf 86' lang='lat' dir='ltr'><strong>nos</strong></span> <span class='ocrx_word' id='word_1_527' title='bbox 888 4122 1085 4177; x_wconf 83' lang='lat' dir='ltr'><strong>reverti</strong></span> <span class='ocrx_word' id='word_1_528' title='bbox 1126 4130 1372 4193; x_wconf 88' lang='lat' dir='ltr'><strong>oportet:</strong></span> <span class='ocrx_word' id='word_1_529' title='bbox 1406 4124 1657 4180; x_wconf 84' lang='lat' dir='ltr'><strong>videlicet</strong></span> <span class='ocrx_word' id='word_1_530' title='bbox 1686 4139 1780 4195; x_wconf 83' lang='lat' dir='ltr'><strong>per</strong></span> <span class='ocrx_word' id='word_1_531' title='bbox 1812 4126 1916 4179; x_wconf 79' lang='lat' dir='ltr'><strong>bn-</strong></span> 
     </span>
    </p>
   </div>
   <div class='ocr_carea' id='block_1_74' title="bbox 343 4211 1922 4284">
    <p class='ocr_par' dir='ltr' id='par_1_74' title="bbox 343 4211 1922 4284">
     <span class='ocr_line' id='line_1_74' title="bbox 343 4211 1922 4284; baseline 0 -14"><span class='ocrx_word' id='word_1_532' title='bbox 343 4217 472 4271; x_wconf 91' lang='lat' dir='ltr'><strong>milc</strong></span> <span class='ocrx_word' id='word_1_533' title='bbox 501 4228 716 4284; x_wconf 83' lang='lat' dir='ltr'><strong>sapere,</strong></span> <span class='ocrx_word' id='word_1_534' title='bbox 751 4222 805 4268; x_wconf 90' lang='lat' dir='ltr'><strong>ct</strong></span> <span class='ocrx_word' id='word_1_535' title='bbox 837 4228 932 4283; x_wconf 85' lang='lat' dir='ltr'><strong>per</strong></span> <span class='ocrx_word' id='word_1_536' title='bbox 981 4211 1184 4273; x_wconf 87' lang='lat' dir='ltr'><strong>bumiie</strong></span> <span class='ocrx_word' id='word_1_537' title='bbox 1227 4215 1472 4281; x_wconf 86' lang='lat' dir='ltr'><strong>verbum,</strong></span> <span class='ocrx_word' id='word_1_538' title='bbox 1511 4225 1567 4269; x_wconf 91' lang='lat' dir='ltr'><strong>ct</strong></span> <span class='ocrx_word' id='word_1_539' title='bbox 1595 4229 1692 4270; x_wconf 88' lang='lat' dir='ltr'><strong>cor</strong></span> <span class='ocrx_word' id='word_1_540' title='bbox 1715 4218 1922 4271; x_wconf 78' lang='lat' dir='ltr'><strong>contri-</strong></span> 
     </span>
    </p>
   </div>
   <div class='ocr_carea' id='block_1_75' title="bbox 344 4303 1919 4378">
    <p class='ocr_par' dir='ltr' id='par_1_75' title="bbox 344 4303 1919 4378">
     <span class='ocr_line' id='line_1_75' title="bbox 344 4303 1919 4378; baseline -0.001 -16"><span class='ocrx_word' id='word_1_541' title='bbox 344 4319 483 4373; x_wconf 90' lang='lat' dir='ltr'><strong>tum,</strong></span> <span class='ocrx_word' id='word_1_542' title='bbox 511 4315 567 4361; x_wconf 88' lang='lat' dir='ltr'><strong>et</strong></span> <span class='ocrx_word' id='word_1_543' title='bbox 602 4307 871 4363; x_wconf 79' lang='lat' dir='ltr'><strong>sinceram</strong></span> <span class='ocrx_word' id='word_1_544' title='bbox 914 4303 1315 4363; x_wconf 78' lang='lat' dir='ltr'><strong>confessionem</strong></span> <span class='ocrx_word' id='word_1_545' title='bbox 1356 4316 1412 4362; x_wconf 90' lang='lat' dir='ltr'><strong>et</strong></span> <span class='ocrx_word' id='word_1_546' title='bbox 1455 4309 1740 4378; x_wconf 78' lang='lat' dir='ltr'><strong>integram.</strong></span> <span class='ocrx_word' id='word_1_547' title='bbox 1771 4305 1919 4374; x_wconf 82' lang='lat' dir='ltr'><strong>Quo-</strong></span> 
     </span>
    </p>
   </div>
   <div class='ocr_carea' id='block_1_76' title="bbox 2017 3102 3591 3175">
    <p class='ocr_par' dir='ltr' id='par_1_76' title="bbox 2017 3102 3591 3175">
     <span class='ocr_line' id='line_1_76' title="bbox 2017 3102 3591 3175; baseline 0.006 -17"><span class='ocrx_word' id='word_1_548' title='bbox 2017 3102 2512 3170; x_wconf 87' lang='lat' dir='ltr'><strong>illuminationum,</strong></span> <span class='ocrx_word' id='word_1_549' title='bbox 2555 3103 2830 3175; x_wconf 86' lang='lat' dir='ltr'><strong>perfectus</strong></span> <span class='ocrx_word' id='word_1_550' title='bbox 2861 3104 3110 3163; x_wconf 76' lang='lat' dir='ltr'><strong>edicitur.</strong></span> <span class='ocrx_word' id='word_1_551' title='bbox 3153 3105 3419 3166; x_wconf 86' lang='lat' dir='ltr'><strong>Dominus</strong></span> <span class='ocrx_word' id='word_1_552' title='bbox 3444 3111 3591 3167; x_wconf 89' lang='lat' dir='ltr'><strong>enim</strong></span> 
     </span>
    </p>
   </div>
   <div class='ocr_carea' id='block_1_77' title="bbox 2012 3194 3592 3264">
    <p class='ocr_par' dir='ltr' id='par_1_77' title="bbox 2012 3194 3592 3264">
     <span class='ocr_line' id='line_1_77' title="bbox 2012 3194 3592 3264; baseline 0.005 -12"><span class='ocrx_word' id='word_1_553' title='bbox 2012 3209 2080 3252; x_wconf 81' lang='lat' dir='ltr'><strong>ea:</strong></span> <span class='ocrx_word' id='word_1_554' title='bbox 2106 3194 2239 3251; x_wconf 85' lang='lat' dir='ltr'><strong>Sina</strong></span> <span class='ocrx_word' id='word_1_555' title='bbox 2277 3198 2413 3251; x_wconf 76' lang='lat' dir='ltr'><strong>venit</strong></span> <span class='ocrx_word' id='word_1_556' title='bbox 2445 3214 2464 3250; x_wconf 89' lang='lat'><strong><em>:</em></strong></span> <span class='ocrx_word' id='word_1_557' title='bbox 2511 3197 2564 3251; x_wconf 88' lang='lat' dir='ltr'><strong>id</strong></span> <span class='ocrx_word' id='word_1_558' title='bbox 2593 3206 2679 3254; x_wconf 82' lang='lat' dir='ltr'><strong>est</strong></span> <span class='ocrx_word' id='word_1_559' title='bbox 2699 3240 2714 3264; x_wconf 96' lang='lat'><strong>,</strong></span> <span class='ocrx_word' id='word_1_560' title='bbox 2752 3213 2819 3253; x_wconf 78' lang='lat' dir='ltr'><strong>ex</strong></span> <span class='ocrx_word' id='word_1_561' title='bbox 2851 3198 3245 3256; x_wconf 86' lang='lat' dir='ltr'><strong>tentationibus</strong></span> <span class='ocrx_word' id='word_1_562' title='bbox 3276 3213 3332 3258; x_wconf 87' lang='lat' dir='ltr'><strong>et</strong></span> <span class='ocrx_word' id='word_1_563' title='bbox 3363 3202 3592 3260; x_wconf 83' lang='lat' dir='ltr'><strong>tribula-</strong></span> 
     </span>
    </p>
   </div>
   <div class='ocr_carea' id='block_1_78' title="bbox 2015 3288 3598 3365">
    <p class='ocr_par' dir='ltr' id='par_1_78' title="bbox 2015 3288 3598 3365">
     <span class='ocr_line' id='line_1_78' title="bbox 2015 3288 3598 3365; baseline 0.004 -21"><span class='ocrx_word' id='word_1_564' title='bbox 2015 3288 2253 3345; x_wconf 90' lang='lat' dir='ltr'><strong>tionibus</strong></span> <span class='ocrx_word' id='word_1_565' title='bbox 2278 3307 2292 3355; x_wconf 88' lang='lat'><strong>;</strong></span> <span class='ocrx_word' id='word_1_566' title='bbox 2335 3305 2383 3342; x_wconf 81' lang='lat' dir='ltr'><strong>et</strong></span> <span class='ocrx_word' id='word_1_567' title='bbox 2414 3290 2590 3343; x_wconf 69' lang='lat' dir='ltr'><strong>illuxit</strong></span> <span class='ocrx_word' id='word_1_568' title='bbox 2623 3289 2773 3345; x_wconf 81' lang='lat' dir='ltr'><strong>nobis</strong></span> <span class='ocrx_word' id='word_1_569' title='bbox 2797 3305 2863 3345; x_wconf 74' lang='lat' dir='ltr'><strong>ex</strong></span> <span class='ocrx_word' id='word_1_570' title='bbox 2887 3289 3026 3358; x_wconf 86' lang='lat' dir='ltr'><strong>Seir,</strong></span> <span class='ocrx_word' id='word_1_571' title='bbox 3069 3292 3173 3348; x_wconf 85' lang='lat' dir='ltr'><strong>hoc</strong></span> <span class='ocrx_word' id='word_1_572' title='bbox 3195 3302 3300 3358; x_wconf 83' lang='lat' dir='ltr'><strong>est,</strong></span> <span class='ocrx_word' id='word_1_573' title='bbox 3333 3310 3598 3365; x_wconf 77' lang='lat' dir='ltr'><strong>corpora-</strong></span> 
     </span>
    </p>
   </div>
   <div class='ocr_carea' id='block_1_79' title="bbox 2016 3381 3594 3454">
    <p class='ocr_par' dir='ltr' id='par_1_79' title="bbox 2016 3381 3594 3454">
     <span class='ocr_line' id='line_1_79' title="bbox 2016 3381 3594 3454; baseline 0.003 -18"><span class='ocrx_word' id='word_1_574' title='bbox 2016 3381 2158 3437; x_wconf 83' lang='lat' dir='ltr'><strong>libus</strong></span> <span class='ocrx_word' id='word_1_575' title='bbox 2187 3381 2467 3437; x_wconf 86' lang='lat' dir='ltr'><strong>laboribus</strong></span> <span class='ocrx_word' id='word_1_576' title='bbox 2501 3390 2556 3435; x_wconf 93' lang='lat' dir='ltr'><strong>ct</strong></span> <span class='ocrx_word' id='word_1_577' title='bbox 2583 3381 2872 3438; x_wconf 87' lang='lat' dir='ltr'><strong>doloribus</strong></span> <span class='ocrx_word' id='word_1_578' title='bbox 2899 3401 2915 3450; x_wconf 83' lang='lat'><strong>;</strong></span> <span class='ocrx_word' id='word_1_579' title='bbox 2948 3394 2997 3438; x_wconf 90' lang='lat' dir='ltr'><strong>et</strong></span> <span class='ocrx_word' id='word_1_580' title='bbox 3031 3385 3281 3454; x_wconf 77' lang='lat' dir='ltr'><strong>requierit</strong></span> <span class='ocrx_word' id='word_1_581' title='bbox 3326 3402 3391 3441; x_wconf 76' lang='lat' dir='ltr'><strong>ea:</strong></span> <span class='ocrx_word' id='word_1_582' title='bbox 3420 3399 3594 3441; x_wconf 65' lang='lat' dir='ltr'><strong>monte</strong></span> 
     </span>
    </p>
   </div>
   <div class='ocr_carea' id='block_1_80' title="bbox 2017 3472 3592 3540">
    <p class='ocr_par' dir='ltr' id='par_1_80' title="bbox 2017 3472 3592 3540">
     <span class='ocr_line' id='line_1_80' title="bbox 2017 3472 3592 3540; baseline 0.003 -12"><span class='ocrx_word' id='word_1_583' title='bbox 2017 3472 2234 3528; x_wconf 69' lang='lat' dir='ltr'><strong>Pharin:</strong></span> <span class='ocrx_word' id='word_1_584' title='bbox 2261 3485 2379 3527; x_wconf 68' lang='lat' dir='ltr'><strong>cum</strong></span> <span class='ocrx_word' id='word_1_585' title='bbox 2406 3473 2641 3529; x_wconf 75' lang='lat' dir='ltr'><strong>millibus</strong></span> <span class='ocrx_word' id='word_1_586' title='bbox 2692 3472 2886 3540; x_wconf 80' lang='lat' dir='ltr'><strong>Cades,</strong></span> <span class='ocrx_word' id='word_1_587' title='bbox 2925 3475 2978 3530; x_wconf 92' lang='lat' dir='ltr'><strong>id</strong></span> <span class='ocrx_word' id='word_1_588' title='bbox 3008 3486 3115 3540; x_wconf 83' lang='lat' dir='ltr'><strong>est,</strong></span> <span class='ocrx_word' id='word_1_589' title='bbox 3137 3492 3203 3531; x_wconf 81' lang='lat' dir='ltr'><strong>es</strong></span> <span class='ocrx_word' id='word_1_590' title='bbox 3232 3491 3415 3533; x_wconf 86' lang='lat' dir='ltr'><strong>monte</strong></span> <span class='ocrx_word' id='word_1_591' title='bbox 3444 3480 3592 3540; x_wconf 79' lang='lat' dir='ltr'><strong>lidci,</strong></span> 
     </span>
    </p>
   </div>
   <div class='ocr_carea' id='block_1_81' title="bbox 2016 3560 3596 3636">
    <p class='ocr_par' dir='ltr' id='par_1_81' title="bbox 2016 3560 3596 3636">
     <span class='ocr_line' id='line_1_81' title="bbox 2016 3560 3596 3636; baseline 0.004 -19"><span class='ocrx_word' id='word_1_592' title='bbox 2016 3575 2141 3617; x_wconf 89' lang='lat' dir='ltr'><strong>cum</strong></span> <span class='ocrx_word' id='word_1_593' title='bbox 2168 3563 2398 3618; x_wconf 85' lang='lat' dir='ltr'><strong>infinitis</strong></span> <span class='ocrx_word' id='word_1_594' title='bbox 2419 3574 2736 3618; x_wconf 85' lang='lat' dir='ltr'><strong>sanctorum</strong></span> <span class='ocrx_word' id='word_1_595' title='bbox 2759 3561 3023 3617; x_wconf 85' lang='lat' dir='ltr'><strong>scientiis.</strong></span> <span class='ocrx_word' id='word_1_596' title='bbox 3058 3560 3196 3617; x_wconf 81' lang='lat' dir='ltr'><strong>Sunt</strong></span> <span class='ocrx_word' id='word_1_597' title='bbox 3222 3566 3459 3619; x_wconf 69' lang='lat' dir='ltr'><strong>materia</strong></span> <span class='ocrx_word' id='word_1_598' title='bbox 3477 3581 3596 3636; x_wconf 60' lang='lat' dir='ltr'><strong>qua</strong></span> 
     </span>
    </p>
   </div>
   <div class='ocr_carea' id='block_1_82' title="bbox 2016 3653 3598 3727">
    <p class='ocr_par' dir='ltr' id='par_1_82' title="bbox 2016 3653 3598 3727">
     <span class='ocr_line' id='line_1_82' title="bbox 2016 3653 3598 3727; baseline 0.003 -19"><span class='ocrx_word' id='word_1_599' title='bbox 2016 3659 2188 3725; x_wconf 79' lang='lat' dir='ltr'><strong>fontes</strong></span> <span class='ocrx_word' id='word_1_600' title='bbox 2218 3666 2448 3722; x_wconf 78' lang='lat' dir='ltr'><strong>nostros,</strong></span> <span class='ocrx_word' id='word_1_601' title='bbox 2483 3666 2591 3713; x_wconf 91' lang='lat' dir='ltr'><strong>etc.</strong></span> <span class='ocrx_word' id='word_1_602' title='bbox 2648 3653 2803 3712; x_wconf 80' lang='lat' dir='ltr'><strong>Sicut</strong></span> <span class='ocrx_word' id='word_1_603' title='bbox 2841 3656 3070 3722; x_wconf 67' lang='lat' dir='ltr'><strong>deliciae,</strong></span> <span class='ocrx_word' id='word_1_604' title='bbox 3121 3658 3280 3727; x_wconf 55' lang='lat' dir='ltr'><strong>gul-rc,</strong></span> <span class='ocrx_word' id='word_1_605' title='bbox 3317 3675 3598 3716; x_wconf 81' lang='lat' dir='ltr'><strong>comessa-</strong></span> 
     </span>
    </p>
   </div>
   <div class='ocr_carea' id='block_1_83' title="bbox 2017 3746 3596 3817">
    <p class='ocr_par' dir='ltr' id='par_1_83' title="bbox 2017 3746 3596 3817">
     <span class='ocr_line' id='line_1_83' title="bbox 2017 3746 3596 3817; baseline 0.004 -15"><span class='ocrx_word' id='word_1_606' title='bbox 2017 3750 2218 3815; x_wconf 84' lang='lat' dir='ltr'><strong>tiones,</strong></span> <span class='ocrx_word' id='word_1_607' title='bbox 2240 3750 2429 3804; x_wconf 89' lang='lat' dir='ltr'><strong>vinum</strong></span> <span class='ocrx_word' id='word_1_608' title='bbox 2451 3790 2468 3813; x_wconf 90' lang='lat'><strong>,</strong></span> <span class='ocrx_word' id='word_1_609' title='bbox 2515 3746 2798 3815; x_wconf 87' lang='lat' dir='ltr'><strong>mulieres,</strong></span> <span class='ocrx_word' id='word_1_610' title='bbox 2825 3748 3145 3806; x_wconf 87' lang='lat' dir='ltr'><strong>deliciarum</strong></span> <span class='ocrx_word' id='word_1_611' title='bbox 3175 3767 3329 3817; x_wconf 85' lang='lat' dir='ltr'><strong>usus,</strong></span> <span class='ocrx_word' id='word_1_612' title='bbox 3355 3763 3413 3807; x_wconf 89' lang='lat' dir='ltr'><strong>et</strong></span> <span class='ocrx_word' id='word_1_613' title='bbox 3439 3769 3596 3809; x_wconf 85' lang='lat' dir='ltr'><strong>amor</strong></span> 
     </span>
    </p>
   </div>
   <div class='ocr_carea' id='block_1_84' title="bbox 2015 3839 3596 3910">
    <p class='ocr_par' dir='ltr' id='par_1_84' title="bbox 2015 3839 3596 3910">
     <span class='ocr_line' id='line_1_84' title="bbox 2015 3839 3596 3910; baseline 0.003 -16"><span class='ocrx_word' id='word_1_614' title='bbox 2015 3841 2198 3896; x_wconf 85' lang='lat' dir='ltr'><strong>omnis</strong></span> <span class='ocrx_word' id='word_1_615' title='bbox 2231 3839 2609 3895; x_wconf 86' lang='lat' dir='ltr'><strong>sensualitatis</strong></span> <span class='ocrx_word' id='word_1_616' title='bbox 2637 3848 2692 3894; x_wconf 86' lang='lat' dir='ltr'><strong>et</strong></span> <span class='ocrx_word' id='word_1_617' title='bbox 2723 3840 3083 3906; x_wconf 88' lang='lat' dir='ltr'><strong>carnalitatis,</strong></span> <span class='ocrx_word' id='word_1_618' title='bbox 3111 3856 3234 3910; x_wconf 68' lang='lat' dir='ltr'><strong>quae</strong></span> <span class='ocrx_word' id='word_1_619' title='bbox 3265 3844 3447 3898; x_wconf 87' lang='lat' dir='ltr'><strong>omnia</strong></span> <span class='ocrx_word' id='word_1_620' title='bbox 3485 3860 3596 3900; x_wconf 86' lang='lat' dir='ltr'><strong>non</strong></span> 
     </span>
    </p>
   </div>
   <div class='ocr_carea' id='block_1_85' title="bbox 2020 3930 3596 4004">
    <p class='ocr_par' dir='ltr' id='par_1_85' title="bbox 2020 3930 3596 4004">
     <span class='ocr_line' id='line_1_85' title="bbox 2020 3930 3596 4004; baseline 0.003 -18"><span class='ocrx_word' id='word_1_621' title='bbox 2020 3930 2198 3986; x_wconf 88' lang='lat' dir='ltr'><strong>solum</strong></span> <span class='ocrx_word' id='word_1_622' title='bbox 2229 3931 2441 3986; x_wconf 83' lang='lat' dir='ltr'><strong>siccant</strong></span> <span class='ocrx_word' id='word_1_623' title='bbox 2471 3930 2766 4004; x_wconf 75' lang='lat' dir='ltr'><strong>laerytnas,</strong></span> <span class='ocrx_word' id='word_1_624' title='bbox 2787 3931 2882 3987; x_wconf 85' lang='lat' dir='ltr'><strong>sed</strong></span> <span class='ocrx_word' id='word_1_625' title='bbox 2912 3933 3275 3988; x_wconf 75' lang='lat' dir='ltr'><strong>exterminant</strong></span> <span class='ocrx_word' id='word_1_626' title='bbox 3309 3951 3470 3990; x_wconf 83' lang='lat' dir='ltr'><strong>omne</strong></span> <span class='ocrx_word' id='word_1_627' title='bbox 3500 3937 3596 3991; x_wconf 83' lang='lat' dir='ltr'><strong>bn—</strong></span> 
     </span>
    </p>
   </div>
   <div class='ocr_carea' id='block_1_86' title="bbox 2019 4021 3574 4098">
    <p class='ocr_par' dir='ltr' id='par_1_86' title="bbox 2019 4021 3574 4098">
     <span class='ocr_line' id='line_1_86' title="bbox 2019 4021 3574 4098; baseline 0.004 -20"><span class='ocrx_word' id='word_1_628' title='bbox 2019 4039 2172 4078; x_wconf 86' lang='lat' dir='ltr'><strong>num.</strong></span> <span class='ocrx_word' id='word_1_629' title='bbox 2199 4021 2346 4096; x_wconf 79' lang='lat' dir='ltr'><strong>Fuge</strong></span> <span class='ocrx_word' id='word_1_630' title='bbox 2401 4024 2582 4096; x_wconf 74' lang='lat' dir='ltr'><strong>igitur,</strong></span> <span class='ocrx_word' id='word_1_631' title='bbox 2633 4024 2780 4097; x_wconf 72' lang='lat' dir='ltr'><strong>fuge,</strong></span> <span class='ocrx_word' id='word_1_632' title='bbox 2808 4026 2900 4096; x_wconf 89' lang='lat' dir='ltr'><strong>qui</strong></span> <span class='ocrx_word' id='word_1_633' title='bbox 2934 4025 3221 4098; x_wconf 64' lang='lat' dir='ltr'><strong>religiosus</strong></span> <span class='ocrx_word' id='word_1_634' title='bbox 3238 4042 3320 4089; x_wconf 84' lang='lat' dir='ltr'><strong>es,</strong></span> <span class='ocrx_word' id='word_1_635' title='bbox 3349 4027 3574 4085; x_wconf 86' lang='lat' dir='ltr'><strong>delicias</strong></span> 
     </span>
    </p>
   </div>
   <div class='ocr_carea' id='block_1_87' title="bbox 2019 4115 3599 4188">
    <p class='ocr_par' dir='ltr' id='par_1_87' title="bbox 2019 4115 3599 4188">
     <span class='ocr_line' id='line_1_87' title="bbox 2019 4115 3599 4188; baseline 0.003 -19"><span class='ocrx_word' id='word_1_636' title='bbox 2019 4117 2229 4184; x_wconf 89' lang='lat' dir='ltr'><strong>vinum,</strong></span> <span class='ocrx_word' id='word_1_637' title='bbox 2257 4127 2308 4170; x_wconf 88' lang='lat' dir='ltr'><strong>et</strong></span> <span class='ocrx_word' id='word_1_638' title='bbox 2333 4115 2610 4180; x_wconf 89' lang='lat' dir='ltr'><strong>mulieres,</strong></span> <span class='ocrx_word' id='word_1_639' title='bbox 2636 4130 2760 4188; x_wconf 74' lang='lat' dir='ltr'><strong>qua:</strong></span> <span class='ocrx_word' id='word_1_640' title='bbox 2794 4117 2890 4174; x_wconf 91' lang='lat' dir='ltr'><strong>tibi</strong></span> <span class='ocrx_word' id='word_1_641' title='bbox 2929 4125 3060 4173; x_wconf 89' lang='lat' dir='ltr'><strong>sunt</strong></span> <span class='ocrx_word' id='word_1_642' title='bbox 3091 4134 3256 4172; x_wconf 87' lang='lat' dir='ltr'><strong>causa</strong></span> <span class='ocrx_word' id='word_1_643' title='bbox 3288 4120 3512 4188; x_wconf 84' lang='lat' dir='ltr'><strong>peccati,</strong></span> <span class='ocrx_word' id='word_1_644' title='bbox 3541 4129 3599 4174; x_wconf 87' lang='lat' dir='ltr'><strong>ct</strong></span> 
     </span>
    </p>
   </div>
   <div class='ocr_carea' id='block_1_88' title="bbox 2021 4207 3598 4280">
    <p class='ocr_par' dir='ltr' id='par_1_88' title="bbox 2021 4207 3598 4280">
     <span class='ocr_line' id='line_1_88' title="bbox 2021 4207 3598 4280; baseline 0.003 -19"><span class='ocrx_word' id='word_1_645' title='bbox 2021 4218 2329 4276; x_wconf 74' lang='lat' dir='ltr'><strong>«postulare</strong></span> <span class='ocrx_word' id='word_1_646' title='bbox 2360 4207 2568 4278; x_wconf 72' lang='lat' dir='ltr'><strong>faciunt</strong></span> <span class='ocrx_word' id='word_1_647' title='bbox 2592 4211 2855 4278; x_wconf 77' lang='lat' dir='ltr'><strong>sapientes</strong></span> <span class='ocrx_word' id='word_1_648' title='bbox 2884 4210 2948 4260; x_wconf 82' lang='lat'><strong>”.</strong></span> <span class='ocrx_word' id='word_1_649' title='bbox 3001 4207 3135 4264; x_wconf 79' lang='lat' dir='ltr'><strong>Nam</strong></span> <span class='ocrx_word' id='word_1_650' title='bbox 3165 4219 3218 4264; x_wconf 87' lang='lat' dir='ltr'><strong>et</strong></span> <span class='ocrx_word' id='word_1_651' title='bbox 3263 4211 3445 4280; x_wconf 80' lang='lat' dir='ltr'><strong>justus</strong></span> <span class='ocrx_word' id='word_1_652' title='bbox 3473 4208 3598 4276; x_wconf 85' lang='lat' dir='ltr'><strong>Lot,</strong></span> 
     </span>
    </p>
   </div>
   <div class='ocr_carea' id='block_1_89' title="bbox 2019 4301 3596 4377">
    <p class='ocr_par' dir='ltr' id='par_1_89' title="bbox 2019 4301 3596 4377">
     <span class='ocr_line' id='line_1_89' title="bbox 2019 4301 3596 4377; baseline 0.003 -20"><span class='ocrx_word' id='word_1_653' title='bbox 2019 4301 2156 4367; x_wconf 76' lang='lat' dir='ltr'><strong>Noe,</strong></span> <span class='ocrx_word' id='word_1_654' title='bbox 2180 4301 2350 4358; x_wconf 88' lang='lat' dir='ltr'><strong>David</strong></span> <span class='ocrx_word' id='word_1_655' title='bbox 2376 4345 2391 4370; x_wconf 91' lang='lat'><strong>,</strong></span> <span class='ocrx_word' id='word_1_656' title='bbox 2417 4313 2472 4359; x_wconf 86' lang='lat' dir='ltr'><strong>et</strong></span> <span class='ocrx_word' id='word_1_657' title='bbox 2503 4301 2764 4360; x_wconf 90' lang='lat' dir='ltr'><strong>Salomon</strong></span> <span class='ocrx_word' id='word_1_658' title='bbox 2783 4343 2800 4368; x_wconf 93' lang='lat'><strong>,</strong></span> <span class='ocrx_word' id='word_1_659' title='bbox 2829 4319 2924 4375; x_wconf 90' lang='lat' dir='ltr'><strong>per</strong></span> <span class='ocrx_word' id='word_1_660' title='bbox 2957 4305 3060 4360; x_wconf 89' lang='lat' dir='ltr'><strong>ista</strong></span> <span class='ocrx_word' id='word_1_661' title='bbox 3086 4306 3422 4377; x_wconf 68' lang='lat' dir='ltr'><strong>praevaricati</strong></span> <span class='ocrx_word' id='word_1_662' title='bbox 3445 4317 3596 4362; x_wconf 87' lang='lat' dir='ltr'><strong>sunt.</strong></span> 
     </span>
    </p>
   </div>
   <div class='ocr_carea' id='block_1_90' title="bbox 342 4394 3601 4470">
    <p class='ocr_par' dir='ltr' id='par_1_90' title="bbox 342 4394 3601 4470">
     <span class='ocr_line' id='line_1_90' title="bbox 342 4394 3601 4470; baseline -0.001 -15"><span class='ocrx_word' id='word_1_663' title='bbox 342 4403 488 4456; x_wconf 88' lang='lat' dir='ltr'><strong>niam</strong></span> <span class='ocrx_word' id='word_1_664' title='bbox 524 4401 578 4454; x_wconf 92' lang='lat' dir='ltr'><strong>in</strong></span> <span class='ocrx_word' id='word_1_665' title='bbox 631 4399 871 4455; x_wconf 82' lang='lat' dir='ltr'><strong>humidis</strong></span> <span class='ocrx_word' id='word_1_666' title='bbox 903 4398 1084 4470; x_wconf 76' lang='lat' dir='ltr'><strong>lignis,</strong></span> <span class='ocrx_word' id='word_1_667' title='bbox 1139 4398 1426 4455; x_wconf 86' lang='lat' dir='ltr'><strong>diliiciiiter</strong></span> <span class='ocrx_word' id='word_1_668' title='bbox 1470 4400 1614 4470; x_wconf 75' lang='lat' dir='ltr'><strong>ignis</strong></span> <span class='ocrx_word' id='word_1_669' title='bbox 1658 4400 1915 4454; x_wconf 85' lang='lat' dir='ltr'><strong>accendi-</strong></span> <span class='ocrx_word' id='word_1_670' title='bbox 1947 4403 1992 4459; x_wconf 89' lang='lat' dir='ltr'><strong>D</strong></span> <span class='ocrx_word' id='word_1_671' title='bbox 2022 4394 2163 4450; x_wconf 86' lang='lat' dir='ltr'><strong>Sunt</strong></span> <span class='ocrx_word' id='word_1_672' title='bbox 2185 4403 2239 4450; x_wconf 89' lang='lat' dir='ltr'><strong>et</strong></span> <span class='ocrx_word' id='word_1_673' title='bbox 2268 4395 2388 4450; x_wconf 69' lang='lat' dir='ltr'><strong>alia:</strong></span> <span class='ocrx_word' id='word_1_674' title='bbox 2415 4395 2677 4460; x_wconf 60' lang='lat' dir='ltr'><strong>materia,</strong></span> <span class='ocrx_word' id='word_1_675' title='bbox 2706 4395 2851 4451; x_wconf 91' lang='lat' dir='ltr'><strong>sicut</strong></span> <span class='ocrx_word' id='word_1_676' title='bbox 2875 4411 3030 4451; x_wconf 88' lang='lat' dir='ltr'><strong>amor</strong></span> <span class='ocrx_word' id='word_1_677' title='bbox 3057 4395 3466 4467; x_wconf 83' lang='lat' dir='ltr'><strong>principatusct</strong></span> <span class='ocrx_word' id='word_1_678' title='bbox 3494 4396 3601 4451; x_wconf 80' lang='lat' dir='ltr'><strong>ito-</strong></span> 
     </span>
    </p>
   </div>
   <div class='ocr_carea' id='block_1_91' title="bbox 344 4492 1920 4562">
    <p class='ocr_par' dir='ltr' id='par_1_91' title="bbox 344 4492 1920 4562">
     <span class='ocr_line' id='line_1_91' title="bbox 344 4492 1920 4562; baseline 0 -14"><span class='ocrx_word' id='word_1_679' title='bbox 344 4505 454 4552; x_wconf 90' lang='lat' dir='ltr'><strong>tur.</strong></span> <span class='ocrx_word' id='word_1_680' title='bbox 489 4492 711 4548; x_wconf 75' lang='lat' dir='ltr'><strong>l’enitus</strong></span> <span class='ocrx_word' id='word_1_681' title='bbox 759 4493 813 4546; x_wconf 91' lang='lat' dir='ltr'><strong>in</strong></span> <span class='ocrx_word' id='word_1_682' title='bbox 861 4492 1026 4547; x_wconf 86' lang='lat' dir='ltr'><strong>corde</strong></span> <span class='ocrx_word' id='word_1_683' title='bbox 1080 4502 1297 4548; x_wconf 85' lang='lat' dir='ltr'><strong>amante</strong></span> <span class='ocrx_word' id='word_1_684' title='bbox 1329 4494 1565 4562; x_wconf 85' lang='lat' dir='ltr'><strong>quietem</strong></span> <span class='ocrx_word' id='word_1_685' title='bbox 1600 4504 1654 4548; x_wconf 90' lang='lat' dir='ltr'><strong>et</strong></span> <span class='ocrx_word' id='word_1_686' title='bbox 1692 4494 1920 4548; x_wconf 77' lang='lat' dir='ltr'><strong>delecta-</strong></span> 
     </span>
    </p>
   </div>
   <div class='ocr_carea' id='block_1_92' title="bbox 343 4583 1918 4656">
    <p class='ocr_par' dir='ltr' id='par_1_92' title="bbox 343 4583 1918 4656">
     <span class='ocr_line' id='line_1_92' title="bbox 343 4583 1918 4656; baseline -0.001 -14"><span class='ocrx_word' id='word_1_687' title='bbox 343 4587 543 4652; x_wconf 88' lang='lat' dir='ltr'><strong>tiones,</strong></span> <span class='ocrx_word' id='word_1_688' title='bbox 595 4586 739 4656; x_wconf 68' lang='lat' dir='ltr'><strong>ignis</strong></span> <span class='ocrx_word' id='word_1_689' title='bbox 777 4585 1001 4654; x_wconf 82' lang='lat' dir='ltr'><strong>spiritus</strong></span> <span class='ocrx_word' id='word_1_690' title='bbox 1041 4598 1148 4638; x_wconf 88' lang='lat' dir='ltr'><strong>non</strong></span> <span class='ocrx_word' id='word_1_691' title='bbox 1195 4583 1452 4652; x_wconf 88' lang='lat' dir='ltr'><strong>ardebit,</strong></span> <span class='ocrx_word' id='word_1_692' title='bbox 1499 4585 1593 4640; x_wconf 89' lang='lat' dir='ltr'><strong>sed</strong></span> <span class='ocrx_word' id='word_1_693' title='bbox 1634 4587 1691 4639; x_wconf 88' lang='lat' dir='ltr'><strong>in</strong></span> <span class='ocrx_word' id='word_1_694' title='bbox 1738 4586 1918 4640; x_wconf 88' lang='lat' dir='ltr'><strong>anima</strong></span> 
     </span>
    </p>
   </div>
   <div class='ocr_carea' id='block_1_93' title="bbox 339 4674 1918 4753">
    <p class='ocr_par' dir='ltr' id='par_1_93' title="bbox 339 4674 1918 4753">
     <span class='ocr_line' id='line_1_93' title="bbox 339 4674 1918 4753; baseline 0 -23"><span class='ocrx_word' id='word_1_695' title='bbox 339 4676 576 4730; x_wconf 85' lang='lat' dir='ltr'><strong>contrita</strong></span> <span class='ocrx_word' id='word_1_696' title='bbox 599 4684 655 4730; x_wconf 89' lang='lat' dir='ltr'><strong>et</strong></span> <span class='ocrx_word' id='word_1_697' title='bbox 690 4674 996 4742; x_wconf 81' lang='lat' dir='ltr'><strong>liutniliata,</strong></span> <span class='ocrx_word' id='word_1_698' title='bbox 1021 4691 1143 4744; x_wconf 75' lang='lat' dir='ltr'><strong>quae</strong></span> <span class='ocrx_word' id='word_1_699' title='bbox 1173 4676 1388 4730; x_wconf 84' lang='lat' dir='ltr'><strong>labores</strong></span> <span class='ocrx_word' id='word_1_700' title='bbox 1417 4683 1471 4731; x_wconf 92' lang='lat' dir='ltr'><strong>et</strong></span> <span class='ocrx_word' id='word_1_701' title='bbox 1499 4675 1723 4753; x_wconf 82' lang='lat' dir='ltr'><strong>delicias</strong></span> <span class='ocrx_word' id='word_1_702' title='bbox 1745 4686 1918 4746; x_wconf 87' lang='lat' dir='ltr'><strong>putat.</strong></span> 
     </span>
    </p>
   </div>
   <div class='ocr_carea' id='block_1_94' title="bbox 345 4766 1920 4832">
    <p class='ocr_par' dir='ltr' id='par_1_94' title="bbox 345 4766 1920 4832">
     <span class='ocr_line' id='line_1_94' title="bbox 345 4766 1920 4832; baseline 0.001 -9"><span class='ocrx_word' id='word_1_703' title='bbox 345 4766 538 4823; x_wconf 81' lang='lat' dir='ltr'><strong>Luctus</strong></span> <span class='ocrx_word' id='word_1_704' title='bbox 562 4777 642 4823; x_wconf 82' lang='lat' dir='ltr'><strong>est</strong></span> <span class='ocrx_word' id='word_1_705' title='bbox 693 4766 942 4822; x_wconf 80' lang='lat' dir='ltr'><strong>stimulus</strong></span> <span class='ocrx_word' id='word_1_706' title='bbox 978 4767 1166 4832; x_wconf 82' lang='lat' dir='ltr'><strong>animi,</strong></span> <span class='ocrx_word' id='word_1_707' title='bbox 1212 4783 1427 4822; x_wconf 81' lang='lat' dir='ltr'><strong>aureus.</strong></span> <span class='ocrx_word' id='word_1_708' title='bbox 1481 4767 1596 4824; x_wconf 33' lang='lat' dir='ltr'><strong>l‘loc</strong></span> <span class='ocrx_word' id='word_1_709' title='bbox 1625 4769 1822 4824; x_wconf 77' lang='lat' dir='ltr'><strong>dicitur</strong></span> <span class='ocrx_word' id='word_1_710' title='bbox 1852 4769 1920 4825; x_wconf 88' lang='lat' dir='ltr'><strong>ad</strong></span> 
     </span>
    </p>
   </div>
   <div class='ocr_carea' id='block_1_95' title="bbox 343 4855 1918 4928">
    <p class='ocr_par' dir='ltr' id='par_1_95' title="bbox 343 4855 1918 4928">
     <span class='ocr_line' id='line_1_95' title="bbox 343 4855 1918 4928; baseline 0.001 -16"><span class='ocrx_word' id='word_1_711' title='bbox 343 4855 705 4913; x_wconf 85' lang='lat' dir='ltr'><strong>diil‘erentiam</strong></span> <span class='ocrx_word' id='word_1_712' title='bbox 729 4856 933 4912; x_wconf 86' lang='lat' dir='ltr'><strong>stimuli</strong></span> <span class='ocrx_word' id='word_1_713' title='bbox 973 4855 1136 4912; x_wconf 87' lang='lat' dir='ltr'><strong>ferrei</strong></span> <span class='ocrx_word' id='word_1_714' title='bbox 1165 4858 1259 4928; x_wconf 86' lang='lat' dir='ltr'><strong>qui</strong></span> <span class='ocrx_word' id='word_1_715' title='bbox 1294 4858 1484 4928; x_wconf 78' lang='lat' dir='ltr'><strong>pungit</strong></span> <span class='ocrx_word' id='word_1_716' title='bbox 1515 4869 1728 4913; x_wconf 87' lang='lat' dir='ltr'><strong>terrena</strong></span> <span class='ocrx_word' id='word_1_717' title='bbox 1755 4870 1808 4914; x_wconf 91' lang='lat' dir='ltr'><strong>et</strong></span> <span class='ocrx_word' id='word_1_718' title='bbox 1839 4858 1918 4913; x_wconf 77' lang='lat' dir='ltr'><strong>vi-</strong></span> 
     </span>
    </p>
   </div>
   <div class='ocr_carea' id='block_1_96' title="bbox 348 4949 1919 5020">
    <p class='ocr_par' dir='ltr' id='par_1_96' title="bbox 348 4949 1919 5020">
     <span class='ocr_line' id='line_1_96' title="bbox 348 4949 1919 5020; baseline 0.003 -16"><span class='ocrx_word' id='word_1_719' title='bbox 348 4949 489 5006; x_wconf 84' lang='lat' dir='ltr'><strong>tiosa</strong></span> <span class='ocrx_word' id='word_1_720' title='bbox 511 4950 797 5020; x_wconf 80' lang='lat' dir='ltr'><strong>diligentes</strong></span> <span class='ocrx_word' id='word_1_721' title='bbox 834 4966 925 5019; x_wconf 87' lang='lat' dir='ltr'><strong>per</strong></span> <span class='ocrx_word' id='word_1_722' title='bbox 958 4949 1231 5004; x_wconf 77' lang='lat' dir='ltr'><strong>tristitiam</strong></span> <span class='ocrx_word' id='word_1_723' title='bbox 1267 4951 1479 5015; x_wconf 88' lang='lat' dir='ltr'><strong>mortis,</strong></span> <span class='ocrx_word' id='word_1_724' title='bbox 1515 4961 1564 5005; x_wconf 92' lang='lat' dir='ltr'><strong>et</strong></span> <span class='ocrx_word' id='word_1_725' title='bbox 1594 4961 1678 5006; x_wconf 86' lang='lat' dir='ltr'><strong>est</strong></span> <span class='ocrx_word' id='word_1_726' title='bbox 1709 4965 1919 5008; x_wconf 82' lang='lat' dir='ltr'><strong>veneno</strong></span> 
     </span>
    </p>
   </div>
   <div class='ocr_carea' id='block_1_97' title="bbox 343 5041 1918 5113">
    <p class='ocr_par' dir='ltr' id='par_1_97' title="bbox 343 5041 1918 5113">
     <span class='ocr_line' id='line_1_97' title="bbox 343 5041 1918 5113; baseline 0 -15"><span class='ocrx_word' id='word_1_727' title='bbox 343 5041 630 5098; x_wconf 83' lang='lat' dir='ltr'><strong>mortifero</strong></span> <span class='ocrx_word' id='word_1_728' title='bbox 658 5043 870 5113; x_wconf 87' lang='lat' dir='ltr'><strong>plenus.</strong></span> <span class='ocrx_word' id='word_1_729' title='bbox 907 5044 1120 5098; x_wconf 82' lang='lat' dir='ltr'><strong>Aureus</strong></span> <span class='ocrx_word' id='word_1_730' title='bbox 1159 5057 1286 5097; x_wconf 85' lang='lat' dir='ltr'><strong>vero</strong></span> <span class='ocrx_word' id='word_1_731' title='bbox 1327 5042 1602 5106; x_wconf 81' lang='lat' dir='ltr'><strong>stimulus,</strong></span> <span class='ocrx_word' id='word_1_732' title='bbox 1635 5051 1820 5098; x_wconf 88' lang='lat' dir='ltr'><strong>sancta</strong></span> <span class='ocrx_word' id='word_1_733' title='bbox 1863 5052 1918 5098; x_wconf 87' lang='lat' dir='ltr'><strong>et</strong></span> 
     </span>
    </p>
   </div>
   <div class='ocr_carea' id='block_1_98' title="bbox 343 5133 1917 5206">
    <p class='ocr_par' dir='ltr' id='par_1_98' title="bbox 343 5133 1917 5206">
     <span class='ocr_line' id='line_1_98' title="bbox 343 5133 1917 5206; baseline 0.001 -17"><span class='ocrx_word' id='word_1_734' title='bbox 343 5133 648 5190; x_wconf 55' lang='lat' dir='ltr'><strong>uiuiﬁcante</strong></span> <span class='ocrx_word' id='word_1_735' title='bbox 697 5134 940 5199; x_wconf 71' lang='lat' dir='ltr'><strong>tristitia,</strong></span> <span class='ocrx_word' id='word_1_736' title='bbox 981 5146 1035 5192; x_wconf 83' lang='lat' dir='ltr'><strong>ct</strong></span> <span class='ocrx_word' id='word_1_737' title='bbox 1078 5135 1343 5190; x_wconf 78' lang='lat' dir='ltr'><strong>t-baritatc</strong></span> <span class='ocrx_word' id='word_1_738' title='bbox 1381 5135 1565 5190; x_wconf 81' lang='lat' dir='ltr'><strong>divina</strong></span> <span class='ocrx_word' id='word_1_739' title='bbox 1596 5137 1806 5206; x_wconf 74' lang='lat' dir='ltr'><strong>pungit,</strong></span> <span class='ocrx_word' id='word_1_740' title='bbox 1849 5136 1917 5190; x_wconf 87' lang='lat' dir='ltr'><strong>ad</strong></span> 
     </span>
    </p>
   </div>
   <div class='ocr_carea' id='block_1_99' title="bbox 344 5224 1917 5293">
    <p class='ocr_par' dir='ltr' id='par_1_99' title="bbox 344 5224 1917 5293">
     <span class='ocr_line' id='line_1_99' title="bbox 344 5224 1917 5293; baseline 0.001 -17"><span class='ocrx_word' id='word_1_741' title='bbox 344 5225 584 5280; x_wconf 66' lang='lat' dir='ltr'><strong>imitrstia</strong></span> <span class='ocrx_word' id='word_1_742' title='bbox 626 5240 844 5280; x_wconf 84' lang='lat' dir='ltr'><strong>sursum</strong></span> <span class='ocrx_word' id='word_1_743' title='bbox 874 5225 1056 5280; x_wconf 82' lang='lat' dir='ltr'><strong>ferens</strong></span> <span class='ocrx_word' id='word_1_744' title='bbox 1102 5241 1200 5280; x_wconf 86' lang='lat' dir='ltr'><strong>eos</strong></span> <span class='ocrx_word' id='word_1_745' title='bbox 1245 5225 1338 5293; x_wconf 89' lang='lat' dir='ltr'><strong>qui</strong></span> <span class='ocrx_word' id='word_1_746' title='bbox 1373 5224 1599 5280; x_wconf 83' lang='lat' dir='ltr'><strong>virtutes</strong></span> <span class='ocrx_word' id='word_1_747' title='bbox 1633 5224 1836 5280; x_wconf 82' lang='lat' dir='ltr'><strong>Christi</strong></span> <span class='ocrx_word' id='word_1_748' title='bbox 1866 5234 1917 5280; x_wconf 88' lang='lat' dir='ltr'><strong>et</strong></span> 
     </span>
    </p>
   </div>
   <div class='ocr_carea' id='block_1_100' title="bbox 344 5317 1917 5388">
    <p class='ocr_par' dir='ltr' id='par_1_100' title="bbox 344 5317 1917 5388">
     <span class='ocr_line' id='line_1_100' title="bbox 344 5317 1917 5388; baseline -0.001 -15"><span class='ocrx_word' id='word_1_749' title='bbox 344 5319 596 5374; x_wconf 73' lang='lat' dir='ltr'><strong>mandata</strong></span> <span class='ocrx_word' id='word_1_750' title='bbox 623 5319 876 5387; x_wconf 53' lang='lat' dir='ltr'><strong>diligunt,</strong></span> <span class='ocrx_word' id='word_1_751' title='bbox 909 5323 964 5372; x_wconf 89' lang='lat' dir='ltr'><strong>ct</strong></span> <span class='ocrx_word' id='word_1_752' title='bbox 999 5318 1226 5373; x_wconf 82' lang='lat' dir='ltr'><strong>iidelitcr</strong></span> <span class='ocrx_word' id='word_1_753' title='bbox 1255 5318 1424 5385; x_wconf 78' lang='lat' dir='ltr'><strong>ipsius</strong></span> <span class='ocrx_word' id='word_1_754' title='bbox 1474 5318 1726 5372; x_wconf 87' lang='lat' dir='ltr'><strong>mandata</strong></span> <span class='ocrx_word' id='word_1_755' title='bbox 1759 5317 1917 5388; x_wconf 77' lang='lat' dir='ltr'><strong>perii-</strong></span> 
     </span>
    </p>
   </div>
   <div class='ocr_carea' id='block_1_101' title="bbox 343 5409 1918 5476">
    <p class='ocr_par' dir='ltr' id='par_1_101' title="bbox 343 5409 1918 5476">
     <span class='ocr_line' id='line_1_101' title="bbox 343 5409 1918 5476; baseline 0.002 -14"><span class='ocrx_word' id='word_1_756' title='bbox 343 5423 512 5476; x_wconf 68' lang='lat' dir='ltr'><strong>t..unt,</strong></span> <span class='ocrx_word' id='word_1_757' title='bbox 557 5409 830 5476; x_wconf 52' lang='grc' dir='ltr'><strong>αωὲιίίλξίο</strong></span> <span class='ocrx_word' id='word_1_758' title='bbox 874 5412 1160 5466; x_wconf 61' lang='lat' dir='ltr'><strong>establirio</strong></span> <span class='ocrx_word' id='word_1_759' title='bbox 1208 5421 1432 5475; x_wconf 71' lang='lat' dir='ltr'><strong>natm-te,</strong></span> <span class='ocrx_word' id='word_1_760' title='bbox 1482 5421 1588 5464; x_wconf 85' lang='lat' dir='ltr'><strong>etc.</strong></span> <span class='ocrx_word' id='word_1_761' title='bbox 1621 5409 1918 5465; x_wconf 79' lang='lat' dir='ltr'><strong>Estautcm</strong></span> 
     </span>
    </p>
   </div>
   <div class='ocr_carea' id='block_1_102' title="bbox 944 5590 1381 5655">
    <p class='ocr_par' dir='ltr' id='par_1_102' title="bbox 944 5590 1381 5655">
     <span class='ocr_line' id='line_1_102' title="bbox 944 5590 1381 5655; baseline 0.005 -13"><span class='ocrx_word' id='word_1_762' title='bbox 944 5593 985 5621; x_wconf 83' lang='lat'><strong>&quot;&#39;</strong></span> <span class='ocrx_word' id='word_1_763' title='bbox 1031 5590 1169 5648; x_wconf 65' lang='lat' dir='ltr'><strong>Pani.</strong></span> <span class='ocrx_word' id='word_1_764' title='bbox 1219 5609 1288 5655; x_wconf 78' lang='lat' dir='ltr'><strong>(:t,</strong></span> <span class='ocrx_word' id='word_1_765' title='bbox 1333 5593 1381 5644; x_wconf 67' lang='lat' dir='ltr'><strong>.‘i.</strong></span> 
     </span>
    </p>
   </div>
   <div class='ocr_carea' id='block_1_103' title="bbox 341 5589 1920 5656">
    <p class='ocr_par' dir='ltr' id='par_1_103' title="bbox 341 5589 1920 5656">
     <span class='ocr_line' id='line_1_103' title="bbox 341 5589 1920 5656; baseline 0.004 -15"><span class='ocrx_word' id='word_1_766' title='bbox 341 5589 376 5620; x_wconf 74' lang='grc'><strong>’⁵</strong></span> <span class='ocrx_word' id='word_1_767' title='bbox 443 5589 603 5643; x_wconf 67' lang='lat' dir='ltr'><strong>Exod.</strong></span> <span class='ocrx_word' id='word_1_768' title='bbox 671 5608 752 5652; x_wconf 83' lang='lat' dir='ltr'><strong>lit,</strong></span> <span class='ocrx_word' id='word_1_769' title='bbox 807 5593 862 5645; x_wconf 72' lang='lat'><strong>2.</strong></span> <span class='ocrx_word' id='word_1_770' title='bbox 944 5593 985 5621; x_wconf 83' lang='lat'><strong>&quot;&#39;</strong></span> <span class='ocrx_word' id='word_1_771' title='bbox 1031 5590 1169 5648; x_wconf 65' lang='lat' dir='ltr'><strong>Pani.</strong></span> <span class='ocrx_word' id='word_1_772' title='bbox 1219 5609 1288 5655; x_wconf 78' lang='lat' dir='ltr'><strong>(:t,</strong></span> <span class='ocrx_word' id='word_1_773' title='bbox 1333 5593 1381 5644; x_wconf 68' lang='lat' dir='ltr'><strong>.‘i.</strong></span> <span class='ocrx_word' id='word_1_774' title='bbox 1465 5594 1504 5608; x_wconf 77' lang='lat'>&quot;</span> <span class='ocrx_word' id='word_1_775' title='bbox 1541 5594 1703 5649; x_wconf 55' lang='lat' dir='ltr'><strong>thrli.</strong></span> <span class='ocrx_word' id='word_1_776' title='bbox 1737 5596 1920 5656; x_wconf 50' lang='lat' dir='ltr'><strong>“Mil.</strong></span> 
     </span>
    </p>
   </div>
   <div class='ocr_carea' id='block_1_104' title="bbox 411 5724 1393 5795">
    <p class='ocr_par' dir='ltr' id='par_1_104' title="bbox 411 5724 1393 5795">
     <span class='ocr_line' id='line_1_104' title="bbox 411 5724 1393 5795; baseline 0.001 -17"><span class='ocrx_word' id='word_1_777' title='bbox 411 5726 522 5795; x_wconf 58' lang='grc' dir='ltr'><strong>με)</strong></span> <span class='ocrx_word' id='word_1_778' title='bbox 555 5724 715 5780; x_wconf 73' lang='lat' dir='ltr'><strong>Vetus</strong></span> <span class='ocrx_word' id='word_1_779' title='bbox 746 5730 1030 5794; x_wconf 74' lang='lat' dir='ltr'><strong>interpres,</strong></span> <span class='ocrx_word' id='word_1_780' title='bbox 1059 5727 1393 5780; x_wconf 70' lang='lat' dir='ltr'><strong>illnntinatfu.</strong></span> 
     </span>
    </p>
   </div>
   <div class='ocr_carea' id='block_1_105' title="bbox 2017 4487 3604 4557">
    <p class='ocr_par' dir='ltr' id='par_1_105' title="bbox 2017 4487 3604 4557">
     <span class='ocr_line' id='line_1_105' title="bbox 2017 4487 3604 4557; baseline 0.002 -14"><span class='ocrx_word' id='word_1_781' title='bbox 2017 4488 2190 4552; x_wconf 88' lang='lat' dir='ltr'><strong>noris,</strong></span> <span class='ocrx_word' id='word_1_782' title='bbox 2228 4498 2277 4542; x_wconf 89' lang='lat' dir='ltr'><strong>ct</strong></span> <span class='ocrx_word' id='word_1_783' title='bbox 2329 4487 2662 4544; x_wconf 86' lang='lat' dir='ltr'><strong>desiderium</strong></span> <span class='ocrx_word' id='word_1_784' title='bbox 2713 4487 2910 4553; x_wconf 84' lang='lat' dir='ltr'><strong>laudis,</strong></span> <span class='ocrx_word' id='word_1_785' title='bbox 2947 4489 3187 4545; x_wconf 84' lang='lat' dir='ltr'><strong>nominis</strong></span> <span class='ocrx_word' id='word_1_786' title='bbox 3235 4490 3497 4557; x_wconf 73' lang='lat' dir='ltr'><strong>scientiae,</strong></span> <span class='ocrx_word' id='word_1_787' title='bbox 3541 4499 3604 4546; x_wconf 87' lang='lat' dir='ltr'><strong>et</strong></span> 
     </span>
    </p>
   </div>
   <div class='ocr_carea' id='block_1_106' title="bbox 2017 4579 3601 4654">
    <p class='ocr_par' dir='ltr' id='par_1_106' title="bbox 2017 4579 3601 4654">
     <span class='ocr_line' id='line_1_106' title="bbox 2017 4579 3601 4654; baseline 0.003 -19"><span class='ocrx_word' id='word_1_788' title='bbox 2017 4579 2343 4646; x_wconf 86' lang='lat' dir='ltr'><strong>sanctitatis,</strong></span> <span class='ocrx_word' id='word_1_789' title='bbox 2377 4595 2500 4650; x_wconf 71' lang='lat' dir='ltr'><strong>quae</strong></span> <span class='ocrx_word' id='word_1_790' title='bbox 2532 4595 2762 4635; x_wconf 85' lang='lat' dir='ltr'><strong>vacuum</strong></span> <span class='ocrx_word' id='word_1_791' title='bbox 2795 4595 2986 4652; x_wconf 86' lang='lat' dir='ltr'><strong>sapere</strong></span> <span class='ocrx_word' id='word_1_792' title='bbox 3042 4581 3095 4636; x_wconf 91' lang='lat' dir='ltr'><strong>in</strong></span> <span class='ocrx_word' id='word_1_793' title='bbox 3150 4583 3461 4654; x_wconf 84' lang='lat' dir='ltr'><strong>superbiam</strong></span> <span class='ocrx_word' id='word_1_794' title='bbox 3495 4599 3601 4639; x_wconf 82' lang='lat' dir='ltr'><strong>cx-</strong></span> 
     </span>
    </p>
   </div>
   <div class='ocr_carea' id='block_1_107' title="bbox 2017 4668 3604 4741">
    <p class='ocr_par' dir='ltr' id='par_1_107' title="bbox 2017 4668 3604 4741">
     <span class='ocr_line' id='line_1_107' title="bbox 2017 4668 3604 4741; baseline 0.004 -17"><span class='ocrx_word' id='word_1_795' title='bbox 2017 4668 2253 4734; x_wconf 88' lang='lat' dir='ltr'><strong>tollunt,</strong></span> <span class='ocrx_word' id='word_1_796' title='bbox 2296 4679 2352 4724; x_wconf 91' lang='lat' dir='ltr'><strong>ct</strong></span> <span class='ocrx_word' id='word_1_797' title='bbox 2395 4670 2465 4723; x_wconf 85' lang='lat' dir='ltr'><strong>ab</strong></span> <span class='ocrx_word' id='word_1_798' title='bbox 2494 4669 2644 4724; x_wconf 85' lang='lat' dir='ltr'><strong>ontni</strong></span> <span class='ocrx_word' id='word_1_799' title='bbox 2678 4670 2876 4726; x_wconf 86' lang='lat' dir='ltr'><strong>virtute</strong></span> <span class='ocrx_word' id='word_1_800' title='bbox 2927 4670 3192 4728; x_wconf 86' lang='lat' dir='ltr'><strong>radicitus</strong></span> <span class='ocrx_word' id='word_1_801' title='bbox 3238 4673 3508 4741; x_wconf 81' lang='lat' dir='ltr'><strong>cvellunt,</strong></span> <span class='ocrx_word' id='word_1_802' title='bbox 3542 4684 3604 4730; x_wconf 79' lang='lat' dir='ltr'><strong>et</strong></span> 
     </span>
    </p>
   </div>
   <div class='ocr_carea' id='block_1_108' title="bbox 2017 4758 3602 4834">
    <p class='ocr_par' dir='ltr' id='par_1_108' title="bbox 2017 4758 3602 4834">
     <span class='ocr_line' id='line_1_108' title="bbox 2017 4758 3602 4834; baseline 0.004 -19"><span class='ocrx_word' id='word_1_803' title='bbox 2017 4759 2275 4815; x_wconf 86' lang='lat' dir='ltr'><strong>deorsum</strong></span> <span class='ocrx_word' id='word_1_804' title='bbox 2301 4760 2366 4815; x_wconf 86' lang='lat' dir='ltr'><strong>ad</strong></span> <span class='ocrx_word' id='word_1_805' title='bbox 2409 4758 2618 4814; x_wconf 86' lang='lat' dir='ltr'><strong>inferna</strong></span> <span class='ocrx_word' id='word_1_806' title='bbox 2650 4761 2970 4832; x_wconf 85' lang='lat' dir='ltr'><strong>projiciunt,</strong></span> <span class='ocrx_word' id='word_1_807' title='bbox 3003 4777 3100 4833; x_wconf 88' lang='lat' dir='ltr'><strong>per</strong></span> <span class='ocrx_word' id='word_1_808' title='bbox 3123 4777 3245 4834; x_wconf 74' lang='lat' dir='ltr'><strong>qua:</strong></span> <span class='ocrx_word' id='word_1_809' title='bbox 3266 4770 3321 4818; x_wconf 90' lang='lat' dir='ltr'><strong>et</strong></span> <span class='ocrx_word' id='word_1_810' title='bbox 3349 4764 3602 4821; x_wconf 84' lang='lat' dir='ltr'><strong>diabolus</strong></span> 
     </span>
    </p>
   </div>
   <div class='ocr_carea' id='block_1_109' title="bbox 2025 4849 3600 4928">
    <p class='ocr_par' dir='ltr' id='par_1_109' title="bbox 2025 4849 3600 4928">
     <span class='ocr_line' id='line_1_109' title="bbox 2025 4849 3600 4928; baseline 0.004 -22"><span class='ocrx_word' id='word_1_811' title='bbox 2025 4852 2135 4907; x_wconf 88' lang='lat' dir='ltr'><strong>ruit</strong></span> <span class='ocrx_word' id='word_1_812' title='bbox 2163 4870 2178 4906; x_wconf 87' lang='lat'>:</span> <span class='ocrx_word' id='word_1_813' title='bbox 2217 4849 2286 4906; x_wconf 81' lang='lat' dir='ltr'><strong>Ut</strong></span> <span class='ocrx_word' id='word_1_814' title='bbox 2311 4853 2564 4907; x_wconf 76' lang='lat' dir='ltr'><strong>virtutum</strong></span> <span class='ocrx_word' id='word_1_815' title='bbox 2596 4854 2872 4922; x_wconf 80' lang='lat' dir='ltr'><strong>materias,</strong></span> <span class='ocrx_word' id='word_1_816' title='bbox 2905 4855 3154 4909; x_wconf 82' lang='lat' dir='ltr'><strong>materias</strong></span> <span class='ocrx_word' id='word_1_817' title='bbox 3185 4854 3430 4911; x_wconf 77' lang='lat' dir='ltr'><strong>vitiorum</strong></span> <span class='ocrx_word' id='word_1_818' title='bbox 3461 4858 3600 4928; x_wconf 88' lang='lat' dir='ltr'><strong>(l9),</strong></span> 
     </span>
    </p>
   </div>
   <div class='ocr_carea' id='block_1_110' title="bbox 2023 4946 3600 5021">
    <p class='ocr_par' dir='ltr' id='par_1_110' title="bbox 2023 4946 3600 5021">
     <span class='ocr_line' id='line_1_110' title="bbox 2023 4946 3600 5021; baseline 0.003 -18"><span class='ocrx_word' id='word_1_819' title='bbox 2023 4957 2129 5003; x_wconf 87' lang='lat' dir='ltr'><strong>etc.</strong></span> <span class='ocrx_word' id='word_1_820' title='bbox 2189 4946 2391 5005; x_wconf 78' lang='lat' dir='ltr'><strong>Matres</strong></span> <span class='ocrx_word' id='word_1_821' title='bbox 2423 4947 2720 5015; x_wconf 86' lang='lat' dir='ltr'><strong>virtutum,</strong></span> <span class='ocrx_word' id='word_1_822' title='bbox 2751 4958 2882 5004; x_wconf 90' lang='lat' dir='ltr'><strong>sunt</strong></span> <span class='ocrx_word' id='word_1_823' title='bbox 2953 4950 3274 5021; x_wconf 84' lang='lat' dir='ltr'><strong>prudentia,</strong></span> <span class='ocrx_word' id='word_1_824' title='bbox 3311 4949 3600 5018; x_wconf 88' lang='lat' dir='ltr'><strong>fortitudo,</strong></span> 
     </span>
    </p>
   </div>
   <div class='ocr_carea' id='block_1_111' title="bbox 2025 5041 3604 5113">
    <p class='ocr_par' dir='ltr' id='par_1_111' title="bbox 2025 5041 3604 5113">
     <span class='ocr_line' id='line_1_111' title="bbox 2025 5041 3604 5113; baseline 0.004 -19"><span class='ocrx_word' id='word_1_825' title='bbox 2025 5043 2404 5111; x_wconf 86' lang='lat' dir='ltr'><strong>temperantia,</strong></span> <span class='ocrx_word' id='word_1_826' title='bbox 2446 5041 2679 5112; x_wconf 77' lang='lat' dir='ltr'><strong>iustitia,</strong></span> <span class='ocrx_word' id='word_1_827' title='bbox 2711 5057 2850 5113; x_wconf 88' lang='lat' dir='ltr'><strong>quas</strong></span> <span class='ocrx_word' id='word_1_828' title='bbox 2883 5043 3181 5100; x_wconf 77' lang='lat' dir='ltr'><strong>adversarii</strong></span> <span class='ocrx_word' id='word_1_829' title='bbox 3229 5044 3486 5100; x_wconf 72' lang='lat' dir='ltr'><strong>dit-untur</strong></span> <span class='ocrx_word' id='word_1_830' title='bbox 3516 5048 3604 5100; x_wconf 79' lang='lat' dir='ltr'><strong>cf-</strong></span> 
     </span>
    </p>
   </div>
   <div class='ocr_carea' id='block_1_112' title="bbox 2024 5133 3600 5200">
    <p class='ocr_par' dir='ltr' id='par_1_112' title="bbox 2024 5133 3600 5200">
     <span class='ocr_line' id='line_1_112' title="bbox 2024 5133 3600 5200; baseline 0.004 -14"><span class='ocrx_word' id='word_1_831' title='bbox 2024 5133 2109 5189; x_wconf 87' lang='lat' dir='ltr'><strong>ﬁci</strong></span> <span class='ocrx_word' id='word_1_832' title='bbox 2145 5134 2562 5191; x_wconf 81' lang='lat' dir='ltr'><strong>occasionalitcr</strong></span> <span class='ocrx_word' id='word_1_833' title='bbox 2592 5145 2794 5190; x_wconf 87' lang='lat' dir='ltr'><strong>matres</strong></span> <span class='ocrx_word' id='word_1_834' title='bbox 2820 5136 3190 5200; x_wconf 85' lang='lat' dir='ltr'><strong>malitiarum,</strong></span> <span class='ocrx_word' id='word_1_835' title='bbox 3224 5153 3331 5192; x_wconf 85' lang='lat' dir='ltr'><strong>non</strong></span> <span class='ocrx_word' id='word_1_836' title='bbox 3366 5152 3600 5192; x_wconf 73' lang='lat' dir='ltr'><strong>convcr-</strong></span> 
     </span>
    </p>
   </div>
   <div class='ocr_carea' id='block_1_113' title="bbox 2021 5225 3601 5299">
    <p class='ocr_par' dir='ltr' id='par_1_113' title="bbox 2021 5225 3601 5299">
     <span class='ocr_line' id='line_1_113' title="bbox 2021 5225 3601 5299; baseline 0.004 -19"><span class='ocrx_word' id='word_1_837' title='bbox 2021 5225 2196 5292; x_wconf 86' lang='lat' dir='ltr'><strong>sionc,</strong></span> <span class='ocrx_word' id='word_1_838' title='bbox 2233 5227 2327 5282; x_wconf 89' lang='lat' dir='ltr'><strong>scd</strong></span> <span class='ocrx_word' id='word_1_839' title='bbox 2372 5228 2578 5294; x_wconf 84' lang='lat' dir='ltr'><strong>abusa,</strong></span> <span class='ocrx_word' id='word_1_840' title='bbox 2625 5229 2718 5299; x_wconf 89' lang='lat' dir='ltr'><strong>qui</strong></span> <span class='ocrx_word' id='word_1_841' title='bbox 2766 5235 2852 5284; x_wconf 86' lang='lat' dir='ltr'><strong>est</strong></span> <span class='ocrx_word' id='word_1_842' title='bbox 2890 5243 3016 5285; x_wconf 84' lang='lat' dir='ltr'><strong>vero</strong></span> <span class='ocrx_word' id='word_1_843' title='bbox 3056 5245 3219 5286; x_wconf 84' lang='lat' dir='ltr'><strong>casus</strong></span> <span class='ocrx_word' id='word_1_844' title='bbox 3259 5233 3329 5285; x_wconf 90' lang='lat' dir='ltr'><strong>ab</strong></span> <span class='ocrx_word' id='word_1_845' title='bbox 3367 5230 3601 5287; x_wconf 72' lang='lat' dir='ltr'><strong>eisdcut.</strong></span> 
     </span>
    </p>
   </div>
   <div class='ocr_carea' id='block_1_114' title="bbox 2025 5315 3603 5385">
    <p class='ocr_par' dir='ltr' id='par_1_114' title="bbox 2025 5315 3603 5385">
     <span class='ocr_line' id='line_1_114' title="bbox 2025 5315 3603 5385; baseline 0.004 -15"><span class='ocrx_word' id='word_1_846' title='bbox 2025 5315 2167 5373; x_wconf 89' lang='lat' dir='ltr'><strong>Sanc</strong></span> <span class='ocrx_word' id='word_1_847' title='bbox 2202 5319 2479 5376; x_wconf 85' lang='lat' dir='ltr'><strong>nimietate</strong></span> <span class='ocrx_word' id='word_1_848' title='bbox 2506 5329 2562 5376; x_wconf 89' lang='lat' dir='ltr'><strong>et</strong></span> <span class='ocrx_word' id='word_1_849' title='bbox 2591 5320 2921 5385; x_wconf 80' lang='lat' dir='ltr'><strong>deficientia,</strong></span> <span class='ocrx_word' id='word_1_850' title='bbox 2955 5338 2983 5376; x_wconf 91' lang='lat' dir='ltr'><strong>a</strong></span> <span class='ocrx_word' id='word_1_851' title='bbox 3015 5323 3276 5378; x_wconf 86' lang='lat' dir='ltr'><strong>virtutum</strong></span> <span class='ocrx_word' id='word_1_852' title='bbox 3303 5323 3479 5378; x_wconf 84' lang='lat' dir='ltr'><strong>mcdin</strong></span> <span class='ocrx_word' id='word_1_853' title='bbox 3510 5340 3603 5377; x_wconf 85' lang='lat' dir='ltr'><strong>re-</strong></span> 
     </span>
    </p>
   </div>
   <div class='ocr_carea' id='block_1_115' title="bbox 2025 5412 3601 5484">
    <p class='ocr_par' dir='ltr' id='par_1_115' title="bbox 2025 5412 3601 5484">
     <span class='ocr_line' id='line_1_115' title="bbox 2025 5412 3601 5484; baseline 0.005 -23"><span class='ocrx_word' id='word_1_854' title='bbox 2025 5412 2301 5465; x_wconf 70' lang='lat' dir='ltr'><strong>cedimus:</strong></span> <span class='ocrx_word' id='word_1_855' title='bbox 2337 5416 2497 5476; x_wconf 76' lang='lat' dir='ltr'><strong>sicut.</strong></span> <span class='ocrx_word' id='word_1_856' title='bbox 2528 5433 2556 5467; x_wconf 85' lang='lat' dir='ltr'><strong>a</strong></span> <span class='ocrx_word' id='word_1_857' title='bbox 2589 5416 2896 5483; x_wconf 81' lang='lat' dir='ltr'><strong>prudentia,</strong></span> <span class='ocrx_word' id='word_1_858' title='bbox 2941 5431 3033 5484; x_wconf 83' lang='lat' dir='ltr'><strong>per</strong></span> <span class='ocrx_word' id='word_1_859' title='bbox 3068 5418 3362 5470; x_wconf 71' lang='lat' dir='ltr'><strong>versutiam</strong></span> <span class='ocrx_word' id='word_1_860' title='bbox 3386 5421 3440 5462; x_wconf 75' lang='lat' dir='ltr'><strong>et</strong></span> <span class='ocrx_word' id='word_1_861' title='bbox 3463 5413 3601 5469; x_wconf 82' lang='lat' dir='ltr'><strong>insi-</strong></span> 
     </span>
    </p>
   </div>
   <div class='ocr_carea' id='block_1_116' title="bbox 2106 5731 2984 5800">
    <p class='ocr_par' dir='ltr' id='par_1_116' title="bbox 2106 5731 2984 5800">
     <span class='ocr_line' id='line_1_116' title="bbox 2106 5731 2984 5800; baseline -0.002 -17"><span class='ocrx_word' id='word_1_862' title='bbox 2106 5733 2213 5800; x_wconf 47' lang='lat' dir='ltr'><strong>ﬁli);</strong></span> <span class='ocrx_word' id='word_1_863' title='bbox 2259 5731 2418 5786; x_wconf 50' lang='grc' dir='ltr'>κεί-ωδ</span> <span class='ocrx_word' id='word_1_864' title='bbox 2458 5744 2742 5800; x_wconf 44' lang='lat' dir='ltr'><strong>interpres,</strong></span> <span class='ocrx_word' id='word_1_865' title='bbox 2776 5744 2984 5790; x_wconf 61' lang='lat' dir='ltr'><strong>nutires.</strong></span> 
     </span>
    </p>
   </div>
  </div>
