4008 6148
409 251 541 317 1131
1568 269 1627 329 S.
1671 267 1991 331 IOANNIS
2026 272 2545 339 RAlTllUENSlS
3551 282 3685 348 1232

403 365 763 421 Audientiuut
840 368 1016 426 luctus
1049 416 1066 440 ,
1130 374 1507 432 miserabiliter
1561 380 1803 435 demoliti
1862 391 2004 438 sunt.
2038 396 2085 449 Α
2116 390 2349 445 miniata
2405 390 2591 447 divina
2650 392 3002 455 ίιιυιηίηεηίο,
3065 408 3132 448 ει
3176 394 3400 458 eadem,
3431 406 3676 452 casm“,

412 458 704 559 Audientes
734 468 1016 559 suntqui
1058 473 1186 559 sunt
1230 467 1284 522 in
1319 471 1642 540 paenitentia
1673 492 1685 527 :
1732 482 1816 529 cst
1843 476 1994 530 enim
2099 479 2337 536 Primam
2374 492 2653 554 comparat
2691 482 2941 547 lucifero.
2976 486 3273 541 secundam
3318 486 3460 543 luna:
3484 493 3679 559 plena,

405 550 609 660 gradus
636 554 1020 660 exsisteutium
1053 558 1107 612 in
1142 562 1486 631 ptunitentia,
1517 567 1612 634 qui
1639 566 1840 620 dicitur
1871 567 1993 637 plo-
2098 572 2313 628 tertiam
2338 575 2463 629 soli.
2500 550 2585 629 lii
2610 576 2770 640 enirn,
2804 575 3032 642 ratione,
3062 576 3219 631 relati
3249 576 3429 647 gladio
3450 550 3680 648 quodeo:

407 652 667 714 rantium.
696 652 787 721 qui
819 662 967 710 stant
1030 664 1184 712 extra
1227 669 1413 727 portas
1433 659 1710 717 Ecclesiae.
1752 662 1987 718 Audien-
2097 663 2406 720 abscindere
2442 682 2520 729 se,
2549 673 2656 722 etc.
2711 665 2850 731 Quia
2884 666 3153 738 primipia
3181 667 3504 723 vitiosarum
3529 671 3679 739 cogi-

406 751 490 798 tes
538 744 706 815 igitur
731 745 836 802 hos
866 748 1001 803 dicit
1047 746 1230 828 Pater,
1279 753 1524 822 lugentes
1570 755 1779 813 scilicet
1825 771 1994 827 super
2096 755 2367 811 tationum
2400 756 2630 812 viriliter
2661 768 3017 828 expugnant,
3048 771 3107 813 et
3151 756 3221 814 ab
3251 761 3401 814 omni
3441 758 3675 815 delecta-

404 838 733 895 commissis.
793 838 888 896 Est
947 842 1113 915 igitur
1142 845 1443 914 apostolica
1489 848 1713 903 traditio
1741 849 1809 903 de
1850 849 1991 905 divi-

401 933 558 990 sione
583 943 638 991 ct
657 935 1001 992 ordinatione
1024 940 1436 1009 poenitentium,
1471 943 1905 1013 purgandorum,
1931 955 1990 1001 et

401 1029 949 1087 catechumenorum.
1002 1030 1145 1088 Sunt
1172 1048 1304 1090 vero
1334 1036 1719 1105 pmuitentium
1744 1038 1991 1109 quinque

402 1118 508 1175 loci
599 1120 754 1177 locus
793 1123 1315 1193 plorantium,cum
1356 1128 1635 1198 pmuitens
1681 1138 1794 1185 stat
1835 1139 1990 1187 extra

400 1215 668 1272 ambitum
712 1218 980 1283 ecclesiae,
1013 1233 1069 1276 et
1110 1222 1422 1292 procidens,
1450 1238 1576 1280 cum
1606 1223 1736 1281 ﬂetu
1756 1266 1774 1289 ,
1807 1227 1877 1281 ab
1905 1226 1988 1280 in-

389 1307 771 1380 gredientibus
809 1311 1050 1381 postulat
1081 1314 1413 1379 orationem,
1468 1322 1595 1370 ante
1621 1317 1865 1388 ipsorum
1895 1333 1988 1390 pe-

400 1404 496 1453 des
522 1409 857 1471 prostratus;
900 1403 1053 1459 locus
1099 1405 1191 1475 qui
1245 1404 1447 1461 dicitur
1479 1405 1830 1473 audientium,
1863 1419 1990 1466 ante

398 1501 607 1560 portas,
653 1510 774 1564 qua:
818 1498 1055 1552 basilicae
1078 1498 1356 1563 dicuntur,
1404 1500 1471 1553 ad
1510 1499 1846 1557 audiendum
1868 1500 1985 1558 olli-

399 1587 543 1639 cium
569 1630 582 1653 ,
635 1588 726 1642 ubi
779 1589 1105 1657 pmniteutes
1144 1590 1391 1646 divinum
1423 1590 1662 1647 cilicium
1702 1594 1983 1661 audiunt;

399 1683 888 1749 subsequestratio,
921 1697 1044 1752 qua:
1066 1691 1152 1737 est
1192 1683 1354 1737 statio
1403 1684 1665 1751 ecclesiae,
1700 1687 1841 1740 intra
1867 1702 1986 1742 aut-

2098 846 2268 914 tione,
2294 857 2349 902 et
2369 858 2735 915 consensu,et
2759 862 2923 919 opere
2948 849 3095 904 malo
3123 849 3405 905 recedunt.
3446 848 3677 905 liscu-

2095 938 2212 993 bilis
2232 940 2444 1008 quidem
2466 951 2514 995 et
2537 938 2629 994 ille
2652 941 2739 1010 qui
2769 941 2993 1002 corruit,
3018 948 3119 995 etc.
3167 938 3361 997 Omnis
3390 944 3482 1013 qui
3509 944 3678 997 verbo

2091 1027 2385 1096 doctrinm,
2420 1039 2517 1087 aut
2557 1030 2810 1100 exemplo
2857 1030 3073 1100 operis,
3122 1044 3218 1086 seu
3271 1042 3541 1101 praecepto
3588 1036 3675 1087 in-

2092 1119 2333 1177 discreto
2354 1121 2437 1178 vel
2471 1122 2699 1191 injuste,
2727 1120 2953 1178 fratrem
2992 1131 3088 1179 aut
3121 1123 3402 1180 subditum
3434 1124 3489 1179 in
3514 1125 3674 1182 hara-

2095 1211 2278 1268 thrum
2316 1212 2549 1284 impellit
2578 1222 2633 1270 et
2660 1213 2966 1285 immergit,
3003 1214 3090 1271 sui
3120 1214 3293 1286 ipsius
3320 1225 3376 1270 et
3415 1218 3671 1285 proximi,

2090 1317 2278 1359 coram
2315 1303 2564 1370 Domino,
2603 1321 2733 1363 reus
2761 1319 2847 1364 est
2874 1327 2887 1362 :
2938 1308 3084 1364 unde
3116 1306 3457 1377 judicabitur
3482 1308 3675 1380 utique

2089 1399 2234 1454 sicut
2259 1400 2453 1456 mortis
2481 1411 2676 1457 auctor
2698 1409 2757 1456 et
2794 1410 2965 1459 actor.
2999 1402 3350 1460 Admirantur
3366 1402 3670 1476 diligenter,

2085 1500 2137 1545 et
2190 1490 2484 1548 ridebimus
2525 1492 2670 1559 ipsos
2701 1494 2975 1565 spiritales
3012 1495 3255 1551 inimicos
3288 1504 3519 1562 nostros,
3560 1508 3665 1555 etc.

2090 1581 2235 1637 Sane
2258 1581 2630 1649 intendamus,
2654 1584 2856 1654 inquit,
2875 1584 3153 1657 quomodo
3175 1586 3454 1651 inimicus,
3472 1598 3667 1644 contra

2088 1689 2536 1745 unumquemque
2573 1676 2730 1746 juxta
2762 1675 2910 1749 quod
2949 1692 3076 1733 eum
3107 1677 3436 1749 dispositum
3466 1680 3667 1735 viderit

400 1774 570 1829 bituni
600 1775 866 1840 ecclesia,
901 1774 955 1826 in
979 1773 1275 1843 posteriori
1319 1785 1471 1845 parte
1500 1776 1771 1832 umbonis.
1825 1774 1973 1833 Unde

2086 1766 2331 1837 praelium
2372 1767 2601 1825 statuit:
2642 1781 2696 1824 et
2732 1771 2788 1825 in
2818 1785 2928 1842 quo
2957 1785 3059 1828 nos
3090 1773 3267 1847 magis
3294 1772 3663 1839 inclinabiles,

396 1876 471 1934 et,
501 1868 594 1937 qui
643 1867 711 1919 ibi
736 1878 837 1932 est,
872 1866 924 1919 in
954 1866 1351 1922 exclamatione
1379 1883 1503 1938 qua:
1540 1868 1599 1923 tit
1633 1870 1701 1925 ad
1730 1884 1983 1941 egressu-

398 1975 511 2023 ros,
547 1969 601 2014 et
635 1960 749 2027 ipse
778 1975 898 2013 cum
928 1960 1008 2013 eis
1039 1960 1317 2029 egreditur
1347 1963 1762 2029 consistorium,
1796 1964 1980 2033 ibique

398 2052 673 2118 statuitur,
702 2053 793 2121 qui
827 2066 1000 2121 usque
1026 2051 1095 2106 ad
1123 2053 1581 2122 complementum
1608 2056 1750 2113 sacri
1776 2067 1980 2128 mysteo.

397 2146 463 2198 rii
495 2158 860 2213 perseverant.
908 2143 1083 2199 Statio
1102 2159 1232 2198 vero
1259 2160 1385 2200 cum
1418 2147 1693 2215 fidelibus,
1727 2148 1785 2205 lit
1810 2150 1980 2219 parti-

394 2238 600 2305 cipatio
637 2235 836 2291 vivifici
884 2238 1069 2306 panis,
1120 2245 1174 2290 et
1215 2239 1649 2294 communicatio
1679 2247 1737 2294 et
1793 2240 1980 2295 libatio

395 2328 583 2382 calicis
602 2326 833 2381 Domini.
858 2326 992 2382 Cum
1014 2345 1047 2380 tt
1065 2326 1337 2381 mendacio
1358 2329 1543 2383 mundi
1568 2329 1851 2399 fuerimus,
1867 2340 1975 2387 etc.

395 2420 494 2477 Est
548 2431 767 2485 autem,
829 2420 1040 2490 inquit.
1101 2419 1322 2488 quando
1377 2432 1592 2491 tempus
1643 2431 1800 2479 vocat
1851 2437 1976 2479 eum

395 2512 489 2583 qui
549 2515 603 2567 in
648 2513 903 2568 omnibus
932 2522 987 2567 et
1016 2512 1223 2582 ubique
1268 2527 1427 2567 verax
1477 2523 1561 2570 est
1617 2524 1673 2570 et
1720 2513 1975 2585 simplex,

377 2615 728 2661 'commutarc
748 2617 841 2660 aut
859 2605 1106 2669 verbum,
1126 2614 1382 2668 mortem,
1402 2613 1497 2663 aut
1517 2608 1973 2677 suppositionem,

393 2697 563 2754 babes
620 2699 829 2763 David,
871 2698 1187 2764 Abraham,
1245 2696 1397 2754 Raab
1440 2708 1496 2755 et
1548 2699 1857 2757 Samuelcm
1920 2702 1974 2758 in

368 2791 651 2847 "unctione
693 2791 879 2846 David.

1025 2883 1157 2940 CAP.
1195 2880 1331 2938 XIII.

462 2978 568 3045 Qui
621 2978 784 3048 igitur
825 2979 1055 3045 primum
1101 2979 1415 3031 mandatum
1456 2988 1691 3034 urnam.
1761 2978 1865 3048 Qui
1903 2992 1973 3036 ex

2082 1869 2139 1915 et
2182 1857 2397 1916 facilius
2426 1874 2588 1932 posse
2618 1862 2738 1935 capi
2767 1867 3127 1936 cognoverit;
3165 1864 3219 1920 in
3264 1864 3359 1921 illo
3385 1878 3504 1922 sua:
3544 1881 3664 1922 ma-

2085 1952 2349 2023 lignitatis
2368 1953 2596 2025 laqueos
2618 1956 2817 2012 tendit:
2851 1964 2911 2011 ut
2939 1964 3090 2028 puta,
3110 1959 3409 2014 secundum
3425 1973 3665 2016 consue-

2082 2046 2348 2110 tudinem,
2380 2055 2478 2102 aut
2504 2054 2741 2112 etatem.
2774 2057 2873 2105 aut
2904 2048 3148 2114 modum.
3180 2060 3279 2107 aut
3320 2050 3525 2118 locum,
3568 2061 3667 2108 aut

2081 2133 2474 2194 familiaritatis
2502 2150 2700 2203 usum,
2741 2152 2844 2193 nec
2876 2137 3212 2204 indecentes,
3255 2137 3354 2194 sed
3389 2152 3665 2195 consoaas

2079 2237 2132 2284 et
2174 2228 2464 2299 possibiles
2493 2227 2728 2285 faciliter
2758 2228 3177 2286 adiuveotiooes
3204 2238 3261 2286 et
3295 2230 3662 2302 cogitationes

2081 2321 2326 2377 immittit
2354 2329 2423 2398 et
2446 2336 2613 2378 casus
2644 2330 2820 2394 parat,
2846 2320 3053 2395 quibus
3077 2337 3528 2396 unumquemque
3555 2325 3662 2381 int-

2078 2424 2304 2488 pugnet,
2331 2422 2386 2470 et
2409 2412 2601 2472 leviter
2620 2414 2933 2487 supplantet
2962 2425 3020 2474 et
3043 2417 3250 2489 perdat.
3282 2418 3458 2480 Hauc,
3486 2434 3659 2473 ursam

2077 2525 2173 2567 nec
2205 2489 2407 2576 messi,
2436 2521 2545 2569 etc.
2585 2509 2794 2578 luat,
2824 2511 3047 2584 quidem
3075 2525 3299 2569 carnem
3327 2511 3494 2577 dixit,
3535 2521 3661 2567 tan-

2077 2618 2241 2682 quam
2271 2604 2471 2660 animaa
2509 2604 2894 2677 coniunctam,
2932 2614 2988 2661 et
3019 2604 3090 2661 ab
3113 2618 3179 2659 ea
3204 2602 3462 2660 dilectam
3490 2626 3503 2660 :
3552 2620 3659 2658 asa

2076 2711 2247 2752 meum
2295 2711 2424 2753 vero
2475 2698 2624 2754 sicut
2673 2697 3001 2754 militantem
3040 2706 3235 2753 conm
3279 2695 3520 2752 animam
3542 2740 3556 2761 ,
3598 2704 3659 2752 et

2075 2788 2319 2861 eiusdem
2341 2799 2694 2862 apparentem
2725 2789 3200 2862 impugnatricem.
3246 2787 3397 2845 Unde
3420 2789 3655 2855 Λυοιιοο

2075 2882 2163 2938 lus
2182 2882 2249 2946 ",
2285 2890 2515 2955 propter
2540 2882 2801 2940 scandala
2833 2882 3034 2940 anima:
3064 2883 3369 2939 evenientia
3409 2897 3507 2952 per
3531 2896 3655 2941 car-

2073 2993 2203 3034 nem
2227 2988 2282 3034 et
2304 2994 2371 3034 ex
2392 2993 2579 3047 carne,
2601 2993 2724 3034 eam
2751 2988 2982 3036 mortem
3010 2977 3323 3051 appellavit.
3355 2977 3655 3049 Gregorius

389 3070 589 3126 timore
614 3068 830 3125 Domini
860 3071 1112 3141 agonizat
1140 3080 1193 3124 et
1226 3070 1482 3133 luctatur,
1517 3080 1576 3126 ut
1603 3071 1710 3127 Deo
1738 3073 1968 3143 placeat,
1996 3101 2041 3159 ε
2072 3088 2203 3129 vero
2216 3071 2546 3146 Theologus,
2567 3072 2935 3142 libidinosam,
2956 3075 3232 3135 servilem,
3250 3083 3306 3128 et
3326 3083 3652 3128 nocturnam

391 3162 491 3216 iste
521 3175 552 3213 a
584 3162 779 3214 timore
797 3160 1025 3226 carnali,
1053 3170 1107 3214 et
1147 3160 1290 3231 gula,
1325 3172 1380 3215 et
1406 3162 1645 3216 vanitate
1667 3162 1793 3217 vita;
1829 3162 1966 3218 libe~

379 3259 564 3315 ratus,
591 3249 1063 3304 conversationem
1095 3249 1256 3303 habet
1296 3252 1350 3304 in
1383 3250 1554 3305 cmlo:
1593 3253 1723 3321 quia
1752 3267 1819 3308 ex
1849 3266 1968 3308 cer—

383 3340 709 3405 taminibus,
735 3339 1017 3396 humilitas
1043 3358 1057 3405 ;
1088 3356 1151 3396 ex
1188 3340 1513 3407 humilitate,
1546 3342 1730 3398 divina
1761 3343 1969 3399 illumi-

384 3428 574 3494 natio;
611 3444 679 3481 cx
717 3427 902 3481 divina
934 3436 1118 3482 autem
1142 3427 1563 3493 illuminatione,
1604 3431 1835 3487 castitas
1871 3431 1964 3485 ad-

385 3526 537 3578 venit
579 3522 822 3588 homini,
852 3532 907 3577 et
950 3523 1023 3576 ita
1063 3531 1246 3577 manet
1300 3522 1731 3593 regenerationis
1762 3522 1967 3579 Christi

388 3618 553 3681 lilius,
588 3618 850 3673 liberatus
897 3634 927 3672 a
962 3618 1218 3689 contagio
1255 3618 1724 3688 praevaricationis
1754 3618 1884 3675 Ad:
1912 3627 1970 3674 et

383 3728 421 3767 a
462 3712 844 3767 maledictione
892 3710 1061 3781 legis,
1116 3711 1459 3782 pantomimis
1503 3712 1572 3765 ab
1614 3711 1819 3782 angelis
1872 3727 1971 3784 per

388 3815 619 3862 mortem
658 3806 987 3871 minoratus,
1024 3816 1081 3859 ut
1119 3805 1299 3859 taliter
1332 3804 1655 3860 humiliatus
1686 3803 1869 3860 odiret
1909 3811 1969 3859 et

388 3898 719 3955 rescinderet
765 3907 1044 3968 peccatum
1068 3939 1081 3962 ,
1112 3907 1167 3953 et
1193 3907 1342 3953 esset
1376 3911 1444 3951 ex
1470 3896 1667 3951 virtute
1694 3905 1750 3951 et
1787 3896 1965 3967 gratia

384 3989 558 4047 Filius
599 3989 738 4046 Dei:
762 3993 1142 4060 Ter-rostrisque
1169 3990 1380 4062 διῃρέθη
1426 3989 1608 4051 cordi,
1646 3989 1698 4043 id
1725 3997 1838 4055 est,
1874 4003 1966 4045 re-

385 4087 770 4141 convers‘ivum
793 4095 848 4140 et
877 4085 1210 4156 repulsivum
1240 4083 1581 4137 daemonum:
1612 4081 1683 4136 ad
1714 4080 1968 4138 dideren-

384 4177 518 4233 tiam
551 4179 692 4234 scuti
742 4177 1024 4249 paraclytii
1071 4187 1128 4231 et
1159 4175 1428 4245 angelici,
1478 4175 1861 4241 manifestans,
1895 4190 1994 4230 ex.

386 4274 510 4339 hoc,
525 4271 903 4327 excellentiam
933 4268 1129 4326 futurae
1154 4268 1342 4339 gloria:
1361 4267 1699 4323 defensionis
1724 4267 1966 4338 Spiritus

385 4367 591 4430 sancti,
638 4374 695 4420 et
739 4365 1001 4436 angelica:
1038 4363 1345 4433 dignitatis,
1394 4378 1629 4433 quorum
1684 4362 1966 4417 ministra-

2073 3166 2286 3223 rocavit
2301 3166 2643 3239 corporalem
2673 3166 3078 3238 generationem
3109 3174 3169 3222 ut
3191 3167 3655 3237 concupiscentia

2070 3266 2129 3314 et
2167 3256 2411 3314 libidinis
2445 3265 2502 3314 et
2528 3258 2707 3315 noctis
2731 3271 2890 3331 opus,
2916 3265 2977 3314 et
3017 3256 3336 3329 spiritual‘s,
3370 3268 3425 3313 et
3467 3257 3651 3313 liIerze

2070 3346 2441 3419 generationis
2463 3348 2821 3411 contrariam,
2854 3362 2921 3403 ex
2957 3346 3274 3402 inﬁrmitate
3302 3354 3358 3400 et
3398 3346 3647 3417 originali

2069 3436 2414 3507 contagione.
2430 3430 2617 3507 Neque
2644 3449 2713 3490 ex
2745 3435 2872 3502 hoc,
2892 3449 3023 3492 caro
3044 3444 3339 3491 accusatur
3361 3443 3458 3489 aut
3478 3434 3649 3490 male-

2069 3528 2291 3597 dicitur,
2345 3544 2454 3585 non
2489 3526 2638 3585 enim
2684 3526 2783 3595 ait,
2824 3544 3013 3599 corpus
3042 3527 3268 3596 necati.
3312 3527 3410 3583 sed
3454 3542 3647 3597 corpus

2070 3626 2258 3678 mortis
2278 3637 2299 3687 ;
2323 3620 2600 3688 videlicet,
2628 3620 2687 3677 in
2713 3622 3051 3683 servitutem.
3079 3635 3112 3676 a
3140 3630 3316 3676 morte
3336 3619 3645 3687 subactum.

2070 3726 2180 3770 non
2204 3722 2387 3770 autem
2418 3721 2650 3769 mortem
2676 3728 2979 3784 generaus:
3008 3713 3155 3785 quod
3175 3712 3398 3783 quidem
3425 3727 3533 3768 non
3561 3721 3647 3770 est

2071 3806 2425 3879 malignitatis
2477 3806 2695 3870 carnis.
2756 3806 2855 3863 sed
2917 3807 3105 3878 lapsus
3157 3820 3321 3877 quem
3380 3805 3645 3861 sustinuit

2069 3901 2320 3970 mtiigma.
2381 3897 2449 3954 Et
2490 3899 2659 3963 sicut.
2690 3913 2721 3954 a
2757 3897 3010 3955 Barbarie
3036 3899 3363 3970 captivatus,
3414 3912 3523 3953 non
3562 3908 3649 3955 est

2068 3992 2384 4050 Barbarus:
2431 3991 2507 4048 ita
2538 4005 2762 4062 corpus,
2798 3991 2996 4049 mortis
3023 4005 3227 4061 corpus
3252 3990 3475 4056 dicitur,
3500 4005 3643 4062 quo.

2069 4087 2216 4143 niam
2246 4102 2279 4143 a
2308 4095 2484 4143 morte
2514 4086 2718 4143 vietum
2745 4096 2802 4142 et
2827 4085 3113 4141 detentum
3137 4081 3392 4151 exsistit;
3428 4091 3487 4139 et
3518 4083 3644 4139 ideo

2069 4192 2178 4235 non
2202 4192 2373 4245 mors,
2394 4192 2572 4249 neque
2602 4176 2795 4233 mortis
2816 4176 3034 4249 genitor
3055 4190 3291 4245 corpus:
3318 4186 3656 4248 quapropter

2069 4287 2170 4328 nec
2203 4273 2319 4344 ipse
2347 4270 2590 4344 postulat
2616 4285 2648 4325 a
2677 4283 2911 4341 corpore
2940 4267 3159 4326 liberari
3180 4308 3198 4333 ,
3231 4269 3327 4325 sed
3354 4283 3387 4325 a
3426 4269 3644 4324 mortali

2065 4380 2319 4436 corpore.
2374 4364 2731 4433 Quorundam
2773 4378 2977 4430 censeo,
3021 4364 3142 4434 quis
3173 4363 3351 4432 major
3378 4362 3484 4429 sit,
3535 4371 3641 4420 etc.

386 4456 556 4522 tione,
575 4457 731 4526 quasi
764 4456 1166 4526 inexpugnabili
1194 4466 1351 4511 scuto
1376 4458 1733 4525 protegimur,
1759 4466 1813 4510 et
1839 4472 1962 4510 mu-
1995 4444 2041 4501 υ
2067 4458 2186 4514 Non
2219 4458 2538 4526 morientes,
2568 4465 2701 4514 sunt
2730 4462 2927 4513 natura
2961 4454 3141 4528 angeli
3170 4472 3187 4513 :
3222 4455 3308 4512 his
3333 4454 3636 4511 assimilas-

383 4548 591 4601 nimttr.
614 4546 734 4600 Non
752 4548 840 4616 qui
870 4548 1047 4599 carnis
1068 4551 1239 4598 tutum
1263 4547 1373 4598 sine
1397 4544 1552 4598 sorde
1570 4548 1815 4609 servavit,
1852 4556 1960 4600 etc.

384 4639 515 4695 Post
580 4640 790 4710 lapsum
851 4638 1009 4708 primi
1067 4638 1307 4708 parentis
1361 4652 1560 4707 corpus
1605 4638 1965 4707 cat-ruptihile

382 4732 544 4799 dicit,
576 4732 737 4802 cujus
771 4733 1016 4786 mctnhra
1049 4732 1263 4801 spiritui
1296 4722 1548 4800 subiicit.
1579 4731 1671 4799 qui
1705 4731 1961 4786 sensibus

383 4828 556 4881 utitur
581 4825 879 4879 secundum
912 4832 1161 4879 naturam
1187 4833 1243 4878 et
1269 4823 1508 4877 divinam
1536 4824 1879 4889 servitutem,
1910 4833 1967 4879 et

381 4924 437 4976 in
489 4921 640 4975 nullo
676 4920 844 4974 Deum
884 4919 1144 4984 oﬂ'eudit,
1191 4919 1287 4974 sed
1321 4920 1389 4973 ad
1442 4920 1617 4987 ipsum
1670 4919 1865 4989 aspicit
1912 4928 1968 4972 et

384 5019 743 5089 imaginatur,
795 5026 850 5071 et
909 5017 1221 5086 speculatur
1275 5024 1509 5069 atternas
1568 5025 1624 5068 et
1684 5022 1965 5067 manentes

384 5112 837 5182 pulchritudines,
874 5128 995 5183 qum
1027 5113 1079 5165 in
1114 5127 1282 5183 regno
1309 5111 1453 5165 illius
1485 5119 1632 5165 sunt.
1691 5107 1775 5163 Ea:
1802 5125 1965 5162 auro-

381 5226 454 5264 ra:
487 5209 674 5279 Quippe
702 5210 950 5273 candore,
991 5209 1106 5273 tum,
1140 5216 1247 5263 etc.
1303 5205 1357 5259 lu
1396 5204 1650 5276 praesenti
1691 5203 1962 5273 exemplo,

384 5314 554 5354 unum
586 5300 808 5354 alterius
845 5298 1265 5353 conciliatis-um
1305 5298 1558 5353 exsistit:
1609 5310 1735 5349 nam
1768 5310 1963 5349 aurora

381 5390 539 5456 lucis,
566 5390 655 5445 lux
687 5390 841 5446 solis.
877 5390 1144 5446 Auroram
1209 5403 1341 5445 vero
1370 5388 1523 5452 dicit,
1558 5386 1963 5451 humilitatem;

378 5485 555 5539 lucem
595 5483 726 5540 dicit
764 5482 1006 5537 divinam
1057 5481 1509 5536 illuminationctn
1544 5498 1556 5542 ;

372 5577 702 5634 castitatem.
762 5575 948 5648 Igitur,
990 5591 1057 5629 cx
1119 5573 1387 5645 agonibus
1420 5572 1719 5635 humilitas,
1752 5585 1815 5625 ev
1855 5570 1959 5624 hu-

447 5754 490 5784 “
523 5752 564 5807 ll
596 5753 719 5809 Cor.
766 5770 801 5821 i,
838 5754 886 5808 8.

1619 5478 1790 5533 solem
1833 5477 1964 5532 dicit
2000 5529 2011 5539 ,

2069 4565 2178 4619 tur,
2214 4557 2309 4628 qui
2346 4553 2553 4612 Christi
2596 4552 2803 4625 gratia,
2836 4567 2954 4609 sua
2998 4551 3268 4609 naturalis
3310 4552 3645 4609 excellentia

2066 4647 2373 4721 castitatem
2404 4644 2783 4710 servaverint;
2817 4643 3060 4700 moriens
3085 4657 3216 4697 vero
3243 4649 3299 4697 et
3328 4658 3640 4714 resurgens,

2066 4733 2340 4791 Christus.
2396 4733 2477 4789 Ex
2504 4749 2640 4805 quo,
2686 4733 2790 4790 iste
2827 4742 3055 4790 sanctus
3095 4733 3418 4789 consolatur
3461 4749 3643 4787 resur—

2061 4836 2253 4899 gentes
2298 4834 2423 4899 post
2464 4826 2647 4882 carnis
2687 4831 2959 4891 mortem,
3010 4834 3231 4895 propter
3277 4824 3538 4879 humilem
3582 4838 3640 4877 οι

2064 4926 2372 4990 promptam
2424 4916 2800 4988 paenitentiam
2830 4926 2888 4972 et
2919 4916 3281 4973 obedientiam
3329 4931 3426 4972 eos
3471 4916 3642 4971 beati-

2062 5011 2273 5066 tlcans:
2316 5010 2599 5067 insinuans
2628 5024 2695 5064 ex
2718 5009 2843 5076 hoc,
2871 5009 3004 5081 quia
3037 5008 3223 5064 nullus
3261 5022 3504 5079 unquam
3541 5008 3644 5062 hn-

2064 5102 2275 5158 tuinum
2296 5102 2520 5157 omnino
2538 5102 2660 5158 sine
2689 5111 2933 5173 peccato,
2959 5102 3214 5173 quamvis
3235 5101 3459 5171 quidam
3488 5100 3645 5155 nobis

2063 5206 2396 5268 appareant,
2430 5195 2561 5266 vitia
2597 5204 2652 5252 et
2698 5206 2919 5267 peccata
2952 5195 3181 5267 fugisse.
3238 5194 3355 5252 Non
3381 5198 3527 5268 enim
3559 5206 3643 5251 cst

2064 5287 2251 5354 homo,
2280 5287 2373 5357 qui
2415 5289 2583 5351 vivat,
2612 5297 2669 5342 et
2710 5300 2819 5342 non
2869 5295 3072 5355 peccet.
3112 5285 3294 5353 Quare
3322 5287 3595 5341 concludit
3625 5306 3637 5337 :

2061 5383 2155 5452 qui
2207 5381 2476 5436 beatificat
2507 5396 2632 5434 eum
2676 5379 2772 5451 qui
2807 5378 3108 5434 secundum
3145 5381 3515 5450 apparentiam
3560 5388 3641 5434 est

2061 5477 2182 5531 sine
2222 5485 2468 5545 peccato,
2512 5472 2741 5537 fallitur,
2776 5472 2907 5543 quia
2943 5474 3093 5528 solus
3124 5472 3380 5528 Christus
3410 5485 3492 5527 est
3522 5474 3643 5527 sine

2063 5576 2302 5639 peccato,
2343 5568 2435 5638 qui
2477 5576 2529 5623 et
2572 5576 2822 5623 mortuus
2863 5575 2988 5630 est,
3020 5577 3074 5621 et
3132 5567 3450 5622 resurrexit.
3505 5564 3641 5633 Quis
