4008 6148
341 347 479 418 1233
1511 349 1831 411 SCIIOLIA
1878 348 1961 409 ΙΝ

2069 351 2409 413 JMACUM.
3462 347 3597 409 lilri’t

339 478 473 540 ergo
499 476 606 532 est,
638 466 732 537 qui
772 465 978 536 peccati
1023 473 1250 520 mortem
1277 464 1507 536 elfugit?
1556 481 1729 536 quare
1759 479 1919 519 nemo
1946 471 1993 526 Α
2020 467 2240 537 quando
2275 468 2414 521 mala
2463 468 2698 537 patimur
2753 465 2845 521 sed
2894 466 3113 536 quando
3148 466 3284 519 mala
3344 463 3593 528 facuuus,

340 562 535 631 utique
558 570 645 615 est
667 560 760 629 qui
795 572 904 612 non
923 556 1158 612 offendat
1186 565 1241 612 et
1269 565 1474 627 peccet.
1540 556 1605 612 lli
1634 564 1763 611 sunt
1790 572 1922 628 ergo
2021 560 2259 615 dicimus
2312 569 2366 614 et
2423 558 2747 630 cogitamus.
2814 556 2925 613 Nos
2961 573 3088 611 vero
3126 557 3267 611 male
3302 566 3515 627 tempus
3546 568 3600 611 et

341 653 437 724 qui
482 651 825 707 beatiﬁcandi
864 660 1025 715 sunt,
1059 651 1152 722 qui
1199 664 1295 720 per
1326 664 1509 703 veram
1544 650 1920 721 paenitentiam
2022 654 2270 709 ordinem
2308 654 2749 716 commutamns,
2799 649 2929 720 quia
2968 648 3248 719 diligimus
3280 649 3506 703 delicias
3551 658 3605 700 et.

341 754 669 802 revocantur
707 753 762 798 et
807 751 1159 798 renovantur.
1214 740 1403 797 Videat
1448 757 1577 812 ergo
1630 741 1723 812 qui
1773 742 1917 795 viam
2024 746 2264 809 divitias,
2292 752 2351 800 et
2388 744 2609 799 odimus
2635 752 3008 812 paupertatem
3044 749 3099 796 et
3126 741 3369 805 dolores,
3414 750 3467 794 et
3522 741 3601 794 la-

345 836 683 907 pte-iterum:
700 844 755 891 et
776 835 1087 906 religiosam
1113 834 1295 905 elegit,
1324 833 1602 905 quomodo
1625 833 1925 889 secundum
2028 840 2217 905 bores,
2248 847 2304 892 et
2337 835 2752 899 tribulationes,
2782 844 2834 891 et
2881 834 3163 900 tristitias,
3210 840 3265 889 et
3319 832 3603 904 passiones

344 929 518 988 Deum
543 930 691 986 vivat
722 950 734 986 :
790 932 920 1002 quia
961 932 1009 987 si
1061 931 1303 1001 seipsum
1360 928 1598 1001 perfecte
1629 944 1659 983 a
1687 931 1835 985 curis
1874 938 1929 983 et
2030 945 2136 986 non
2157 944 2406 985 amamus
2434 928 2704 985 sustinere
2732 942 2830 998 pro
2861 926 3102 993 Christo,
3141 934 3201 981 ut
3234 939 3523 997 regnemus
3550 926 3603 978 in

345 1021 798 1079 delectationibus
825 1032 880 1078 et
910 1022 1057 1079 vitiis
1095 1037 1203 1077 non
1228 1020 1555 1087 murtillcat,
1585 1020 1815 1077 mendax
1848 1020 1931 1076 ef-

349 1113 549 1179 fectus,
575 1114 724 1187 quod
762 1114 1016 1185 promisit
1046 1122 1244 1185 negat,
1274 1125 1330 1170 et
1370 1129 1401 1169 a
1440 1113 1930 1170 beatiﬁcandorum

350 1218 584 1261 numero
629 1204 871 1273 scipioni
928 1202 1202 1274 improbat
1257 1203 1520 1269 omnino,
1582 1203 1630 1259 si
1690 1203 1932 1272 seipsum

2031 1034 2291 1078 mteruum
2325 1037 2450 1079 cum
2492 1022 2632 1091 ipso.

2381 1080 2671 1172 Clin-XV.
2702 1143 2771 1154 —
2804 1113 2883 1168 Ad
2913 1080 3139 1184 gradum
3162 1109 3255 1165 2|.

2109 1208 2230 1264 Non
2281 1209 2433 1262 illum
2487 1205 2677 1262 audias
2702 1222 2822 1260 cum
2846 1206 2965 1271 tibi,
3006 1214 3064 1259 at
3087 1203 3471 1274 episcopatum,
3500 1209 3607 1257 etc.

352 1310 520 1367 quam
572 1295 737 1352 citius
780 1310 878 1365 per
904 1310 1091 1350 veram
1122 1292 1530 1353 confessionem
1561 1302 1617 1349 et
1662 1291 1936 1363 paeniten-

2069 1306 2181 1358 iane
2213 1302 2394 1358 cordis
2416 1300 2742 1357 conﬁdentia
2772 1308 2827 1356 et
2842 1300 3207 1371 periculorum
3243 1305 3609 1367 contemptus.

353 1388 485 1442 tiam
526 1402 632 1442 non
667 1386 941 1441 emendat.
996 1385 1138 1451 Quid
1173 1383 1419 1457 estquod
1465 1386 1519 1437 in
1545 1384 1671 1439 aliis
1699 1383 1935 1453 peccatis

2072 1397 2109 1453 b
2165 1412 2274 1452 uno
2301 1397 2533 1451 istorum
2565 1395 2801 1450 duorum
2843 1392 3062 1464 penitus
3089 1401 3208 1447 est:
3242 1398 3338 1446 aut
3363 1405 3428 1447 es
3458 1387 3609 1445 duri-

357 1480 600 1536 seductus
624 1482 801 1545 homo,
826 1489 930 1537 etc.
985 1479 1223 1536 Offendit
1252 1479 1452 1551 quippe
1482 1478 1705 1547 aliquis,
1739 1486 1795 1532 et
1842 1490 1938 1547 per

2069 1492 2114 1548 ia
2145 1491 2347 1553 cordis,
2374 1498 2470 1544 aut
2496 1505 2559 1543 ex
2592 1488 2762 1544 multa
2786 1487 2889 1543 fide
2913 1487 2979 1542 ad
3004 1484 3193 1541 Deum.
3218 1482 3326 1538 Sed
3354 1480 3614 1537 duritiam

359 1572 534 1642 ipsam
574 1573 718 1626 viam
759 1586 869 1641 qua
918 1585 1208 1643 perversos
1251 1581 1374 1635 est,
1429 1570 1626 1624 iterum
1674 1566 1835 1623 rediit
1871 1566 1940 1622 ad

2069 1595 2188 1641 crte
2244 1584 2491 1653 sequitur
2544 1581 2819 1652 superbia,
2855 1580 3164 1650 superbiam
3198 1577 3355 1631 ruina
3396 1592 3410 1641 ;
3456 1573 3615 1629 iidem

359 1662 671 1721 Dominum.
745 1665 1042 1736 Abnegavit
1088 1664 1235 1718 enim
1288 1665 1380 1728 (ut
1429 1661 1510 1717 sic
1550 1659 1796 1729 dicatur)
1848 1673 1943 1729 per

2069 1693 2169 1734 'ero
2196 1678 2446 1746 sequitur
2474 1672 2656 1729 cordis
2681 1672 2975 1727 humilitas.
2998 1669 3062 1724 Et
3090 1667 3412 1723 humilitatis
3440 1666 3613 1737 signa,

362 1758 639 1827 linguam,
677 1766 732 1812 et
788 1772 880 1828 per
926 1757 1163 1824 linguam
1230 1768 1423 1807 rursus
1472 1748 1762 1806 confessus
1813 1756 1938 1804 est:

366 1849 616 1919 rapinam
670 1849 921 1905 manibus
971 1846 1282 1910 commisit,
1331 1852 1387 1899 et
1438 1843 1694 1899 manibus
1745 1841 1943 1898 iterato

366 1938 624 2010 dispersit
660 1946 716 1996 et
741 1938 891 1995 dedit
934 1936 1287 2007 pauperibus,
1309 1942 1365 1989 et
1417 1934 1471 1987 in
1504 1932 1631 1988 aliis
1669 1931 1941 1988 similiter.

366 2030 474 2097 Qui
506 2044 637 2086 vero
667 2028 991 2092 fornicatur,
1030 2045 1137 2083 non
1168 2043 1263 2098 per
1304 2025 1453 2080 illam
1480 2025 1623 2079 viam
1658 2038 1766 2095 qua
1798 2025 1945 2080 ceci-

370 2123 469 2187 dit,
500 2121 593 2178 sed
636 2136 733 2192 per
761 2121 922 2177 aliam
956 2128 1255 2176 revertetur
1280 2118 1348 2173 ad
1391 2115 1680 2172 Dominum
1710 2135 1723 2169 :
1773 2130 1948 2186 quare

370 2213 589 2285 proprie
635 2213 946 2277 fornicatio,
984 2212 1169 2283 lapsus
1201 2211 1421 2273 dicitur,
1449 2218 1505 2264 et
1552 2222 1663 2262 non
1695 2205 1946 2263 odensio.

373 2306 541 2373 Sane,
587 2305 716 2377 quia
768 2304 1086 2361 monastica:
1123 2300 1524 2359 conversationi
1547 2341 1563 2366 ,
1619 2300 1724 2357 hoc
1766 2300 1952 2368 utique

374 2397 650 2470 (videlicet
674 2397 1069 2470 virginitatem,
1106 2394 1309 2452 habere
1342 2400 1400 2449 et
1427 2392 1745 2462 observare)
1785 2404 1950 2460 supra

375 2500 573 2547 cetera
625 2505 881 2560 supreme
918 2490 1201 2562 proprium
1237 2497 1349 2554 est,
1395 2485 1541 2558 quod
1582 2494 1633 2541 et
1667 2486 1782 2541 vult
1816 2499 1955 2554 prae-

374 2584 579 2641 dieatio
606 2583 846 2641 nominis
872 2582 1149 2646 monachi,
1170 2589 1221 2636 et
1245 2578 1570 2652 promissio:
1599 2586 1746 2634 recte
1768 2578 1950 2648 igitur,

374 2675 473 2749 qui
497 2674 865 2745 virginitatem
890 2672 1153 2744 corrupit,
1185 2686 1311 2728 vere
1331 2670 1530 2729 cecidit
1557 2668 1784 2726 irritant
1807 2669 1953 2739 quod

376 2769 650 2843 promisit.
736 2767 921 2837 Quare
971 2768 1191 2839 proprie
1237 2765 1560 2833 fornicatio,
1605 2774 1720 2820 tum
1760 2764 1889 2834 quia
1926 2780 1955 2818 a

379 2871 591 2920 natura
621 2862 950 2932 integritate,
987 2869 1103 2917 tum
1129 2860 1257 2929 quia
1292 2875 1322 2917 a
1353 2856 1714 2930 professionis
1737 2856 1958 2929 propria

378 2955 641 3026 dignitate
676 2953 851 3020 cadit,
889 2951 1073 3024 lapsus
1099 2954 1302 3009 dicitur
1325 2960 1380 3009 et
1413 2965 1525 3008 non
1568 2948 1824 3007 oleusio.
1878 2948 1959 3003 Ad

2047 1769 2248 1823 humile
2296 1778 2352 1823 et
2387 1778 2740 1837 temperatum
2807 1779 3017 1835 sapere,
3067 1773 3122 1818 et
3150 1760 3472 1833 simplicitas
3499 1774 3619 1814 cor-

2044 1863 2146 1918 dis.
2201 1860 2351 1915 Mens
2402 1868 2580 1913 autem
2645 1857 2971 1921 illuminata,
3003 1865 3058 1910 et
3078 1854 3399 1910 deliberatio
3428 1859 3618 1907 sancta

2043 1964 2100 2012 et
2134 1962 2299 2017 recta,
2322 1970 2445 2007 Cliti]
2480 1952 2652 2020 gratia
2676 1960 2730 2005 et
2760 1950 2907 2005 dono
2952 1948 3323 2009 discretionis,
3374 1944 3624 2000 differen-

2048 2046 2152 2104 tias
2180 2046 2472 2115 spirituum
2507 2054 2841 2111 cognuscere
2874 2038 3082 2095 faciunt
3119 2057 3132 2094 :
3173 2038 3294 2093 sine
3331 2036 3450 2091 istis
3492 2048 3623 2090 vero

2048 2138 2263 2195 arundo
2335 2145 2492 2191 vento
2540 2134 2740 2205 agitata
2798 2132 3175 2202 unusquisque
3206 2127 3496 2200 reperitur,
3524 2141 3625 2180 nec

2051 2229 2169 2286 sine
2211 2230 2351 2284 duce
2392 2237 2448 2283 ct
2499 2225 2745 2296 ejusdem
2796 2222 3034 2295 perfecta
3089 2220 3398 2277 ubedientia
3437 2218 3562 2288 quis
3593 2232 3622 2271 a

2050 2325 2358 2380 daemonum
2391 2319 2739 2377 illusiunibus
2788 2328 2842 2373 et
2874 2315 3090 2372 insidiis
3119 2314 3257 2369 liber
3280 2312 3406 2368 erit.
3461 2310 3628 2379 Atque

2052 2419 2121 2471 ad
2182 2433 2371 2472 manus
2422 2412 2835 2486 pervenientium
2894 2411 2962 2476 ⁸³,
3021 2419 3127 2464 etc.
3193 2405 3424 2462 Attende
3448 2402 3629 2464 tibi.o

2054 2520 2113 2566 tu
2142 2511 2237 2579 qui
2264 2508 2663 2577 eleemosynam
2690 2501 2946 2572 suscipis,
2983 2510 3042 2555 ut
3070 2499 3220 2555 nullo
3269 2496 3432 2553 modo
3476 2493 3630 2550 reci—

2056 2601 2197 2671 pias,
2245 2599 2350 2654 nisi
2397 2614 2460 2652 ea
2505 2610 2631 2668 qua:
2686 2593 2849 2650 mittit
2871 2592 2967 2647 tibi
2995 2591 3135 2646 Deus
3168 2604 3238 2645 ea
3268 2585 3547 2643 laboribus
3575 2596 3633 2641 et

2059 2693 2328 2750 fructibus
2378 2690 2545 2760 justis
2596 2704 2607 2739 :
2648 2696 2702 2742 et
2740 2685 2864 2751 huc,
2913 2698 3037 2739 cum
3071 2681 3265 2736 timore
3294 2685 3348 2733 et
3375 2685 3630 2741 tremore,

2059 2795 2321 2854 tanquam
2354 2784 2421 2837 de
2447 2795 2610 2836 manu
2647 2778 2763 2844 Dei,
2788 2777 2855 2833 ad
2892 2783 3192 2831 extremam
3234 2780 3384 2825 tuam
3445 2780 3635 2827 neces-

2059 2878 2295 2936 sitatem.
2360 2872 2493 2941 Qua:
2522 2879 2708 2927 autem
2741 2879 2868 2925 sunt
2899 2883 2963 2921 ex
3000 2864 3206 2929 usuris,
3242 2869 3297 2917 ct
3326 2858 3543 2932 pugnis,
3582 2866 3638 2915 et

2059 2966 2345 3037 injustitia,
2376 2962 2586 3029 fraude,
2605 2970 2661 3016 et
2684 2959 2896 3029 rapina,
2922 2966 2976 3011 et
3000 2951 3287 3025 tyrannide
3308 2950 3405 3007 tibi
3429 2948 3634 3012 oblata,

380 3047 508 3113 hoc,
552 3048 649 3119 qui
711 3058 903 3105 contra
937 3048 1251 3120 opinionem
1290 3047 1551 3114 ulendit,
1590 3041 1962 3103 existimando
2062 3060 2282 3130 ρεηίωε
2315 3056 2515 3120 devita,
2557 3067 2625 3107 ne
2656 3061 2710 3107 ει
2740 3060 2796 3108 ιιι
2838 3064 2963 3107 cum
3007 3042 3361 3100 on‘ereutibus
3411 3041 3637 3097 damne-

381 3139 646 3213 quuniatn
686 3153 832 3198 recte
872 3143 1042 3211 sapit,
1076 3140 1376 3197 secundum
1426 3140 1789 3209 ignorantiam
1837 3150 1961 3208 per-

2069 3152 2184 3206 ris:
2215 3160 2265 3204 et
2302 3155 2578 3203 memento
2612 3144 2837 3206 laboris,
2863 3150 2917 3195 et
2936 3135 3266 3202 aﬂ'iictiunis,
3286 3141 3341 3190 et
3374 3132 3640 3205 regularis

383 3232 588 3289 cutitur
629 3233 785 3305 plaga
813 3234 949 3306 (20).
1008 3233 1114 3302 Qui
1146 3242 1332 3290 autem
1353 3230 1697 3297 fornicatur,
1728 3244 1961 3288 ιιοωειη

2069 3242 2288 3316 justitite
2335 3238 2580 3303 Panum,
2608 3246 2663 3291 et
2706 3234 2956 3291 manibus
2989 3230 3099 3286 tuis
3138 3226 3346 3316 labora,
3394 3235 3469 3281 ut,
3494 3225 3644 3296 justo

384 3325 513 3399 quia
556 3341 697 3398 opus
763 3326 967 3382 malum
1012 3334 1133 3393 est,
1184 3324 1444 3381 sensibus
1494 3338 1563 3381 es
1604 3321 1962 3381 delectatione

2069 3314 2239 3390 vivas.
2268 3327 2565 3386 Laborabis
2604 3337 2784 3383 autem
2817 3320 3115 3380 secundum
3148 3315 3373 3373 Patrum
3402 3314 3639 3387 regulas,

385 3418 672 3492 perellluit,
703 3428 761 3477 et
790 3436 899 3475 non
929 3434 995 3476 es
1031 3418 1337 3491 ignorantia
1371 3418 1596 3489 patitur.
1650 3413 1716 3470 Et
1742 3414 1969 3471 heresis

386 3513 604 3584 quidem
644 3499 844 3568 malum
887 3512 942 3567 in
975 3513 1157 3567 anima
1192 3511 1310 3567 sola
1338 3508 1631 3570 consistit,
1674 3506 1970 3564 furnicatiu

387 3618 518 3660 vero
541 3621 642 3665 :ex
661 3604 931 3662 electione
961 3603 1171 3659 arbitrii
1196 3604 1414 3669 animae,
1432 3602 1578 3658 malo
1600 3600 1969 3667 consentiens,

389 3696 446 3754 in
475 3709 727 3767 corpore,
752 3697 1122 3766 corruptionis
1148 3706 1436 3767 peccatum
1466 3693 1776 3765 complevit.
1818 3691 1973 3759 Quo-

390 3788 540 3844 niam
562 3802 705 3843 ‘vero
736 3786 875 3842 nihil
913 3796 999 3844 est
1032 3786 1280 3842 naturale
1334 3785 1481 3857 quod
1525 3784 1810 3857 impugnet
1843 3795 1971 3840 eum

392 3881 486 3953 qui
528 3879 599 3937 ab
624 3893 813 3936 errore
834 3877 1193 3943 convertitur,
1236 3876 1479 3934 totaliter
1511 3890 1579 3932 es
1617 3873 1975 3933 conversione

393 3969 724 4026 mandatur:
782 3968 880 4039 qui
921 3981 1052 4024 vero
1078 3981 1144 4026 es
1189 3965 1572 4030 fornicatione,
1609 3973 1856 4035 tempore
1892 3963 1976 4017 in-

394 4060 563 4132 diget,
601 4059 808 4123 labore,
838 4068 895 4115 et
954 4058 1230 4130 lacrymis,
1288 4068 1349 4113 ut
1392 4054 1762 4128 qualiﬁcatam
1791 4061 1848 4110 ct
1888 4053 1975 4107 in-

394 4151 575 4209 fusam
596 4149 1011 4207 delectationem
1028 4158 1080 4204 et
1096 4148 1310 4219 plagam
1337 4146 1793 4216 concupiscentia
1819 4156 1975 4199 aver-

396 4251 497 4300 tat.
537 4242 786 4299 Avaritia
808 4244 917 4299 sive
936 4242 1203 4315 cupiditas
1231 4249 1307 4296 est
1337 4241 1603 4295 idolorum
1627 4237 1891 4294 veneratio
1906 4236 1973 4288 ι’.

398 4328 527 4388 Tria
546 4340 675 4387 sunt
689 4332 974 4387 causantia
995 4330 1301 4397 avaritiam,
1319 4344 1474 4386 amur
1498 4326 1977 4399 concupiscentia,

311 4492 319 4499 ι
398 4436 553 4478 amur
576 4422 785 4493 glorias,
806 4434 861 4479 et
894 4423 1185 4479 intidelitas
1217 4423 1432 4479 duabus
1463 4419 1759 4481 crudelior.
1787 4426 1844 4476 et
1871 4417 1978 4475 alia

2065 3443 2132 3484 cs
2186 3423 2519 3487 obedientia,
2555 3436 2663 3477 non
2704 3418 2825 3484 tibi,
2852 3416 3059 3486 absque
3083 3410 3536 3474 murmuratione,
3584 3417 3645 3462 ut

2068 3534 2165 3591 per
2193 3532 2333 3588 opus
2363 3515 2678 3587 patientiam
2712 3510 2988 3583 aequitas,
3011 3517 3067 3564 et
3092 3505 3375 3561 ebaritatis
3417 3499 3651 3557 manda-

2070 3623 2184 3669 tum
2238 3610 2464 3682 impleas
2498 3627 2513 3663 ι
2559 3618 2621 3666 ut
2670 3615 2725 3661 et
2744 3602 2992 3674 corporis
3027 3612 3082 3656 et
3107 3597 3306 3655 mentis
3334 3595 3645 3668 puritatem,

2070 3717 2125 3764 et
2177 3703 2558 3761 incessabilem
2601 3699 2905 3757 orationem
2954 3693 3227 3760 invenias,
3286 3700 3349 3745 ut
3384 3701 3655 3745 manuum

2072 3797 2210 3872 opus
2264 3807 2321 3853 et
2370 3798 2624 3867 teipsum,
2681 3790 3014 3849 oblationem
3060 3785 3261 3843 oderas
3298 3780 3433 3846 Deo.
3456 3788 3515 3840 et
3537 3781 3660 3837 sal-1

2071 3893 2240 3955 veris,
2294 3892 2423 3962 quia
2456 3888 2670 3946 beatius
2692 3894 2775 3944 est
2796 3883 2928 3940 dare
2956 3894 3121 3953 quam
3151 3876 3397 3950 accipere
3415 3875 3483 3929 ³³.
3514 3872 3652 3931 Nam

2073 3986 2349 4051 manibus,
2372 3983 2527 4055 juxta
2556 3978 2912 4050 apostolicam
2942 3973 3289 4032 traditionem
3330 3978 3387 4026 et
3429 3978 3652 4026 natura-

2075 4080 2200 4136 liter
2249 4080 2270 4149 ί
2314 4085 2374 4132 ut
2426 4075 2630 4131 dictum
2662 4081 2749 4129 est
2776 4070 2795 4141 )
2823 4069 3096 4132 laborare,
3134 4064 3449 4138 patientem.
3475 4062 3656 4119 humi-

2076 4174 2205 4238 lem,
2263 4166 2693 4233 misericordem,
2737 4163 2970 4233 justam,
3023 4157 3264 4230 vigilem,
3290 4164 3345 4211 et
3368 4167 3496 4210 vere
3527 4166 3657 4223 μαι

2077 4278 2261 4337 perem
2296 4258 2575 4317 constituit
2601 4265 2857 4313 mentem.
2889 4251 2958 4308 Et
2983 4252 3090 4309 hoc
3133 4260 3220 4307 est
3267 4246 3411 4319 quod
3440 4245 3657 4337 docebit

2079 4332 2132 4410 ie
2179 4359 2445 4423 precepta
2480 4347 2571 4404 Dei
2625 4343 2867 4417 perfecte
2891 4354 3133 4404 servare,
3180 4338 3228 4395 si
3273 4336 3327 4393 in
3383 4332 3656 4406 subjecto-

2083 4462 2203 4505 rum
2235 4454 2289 4501 et
2315 4456 2613 4515 pauperum
2644 4439 2873 4496 fratrum
2907 4432 3328 4506 congregatione
3354 4430 3436 4486 eis
3483 4428 3502 4495 (
3534 4436 3655 4482 tan-

400 4514 592 4572 multa.
614 4514 769 4613 ‘Sane
796 4516 940 4573 sicut
961 4526 1042 4574 est
1075 4515 1436 4613 impossibile,
1465 4514 1520 4613 in
1549 4513 1797 4613 idipsum-
1813 4510 1979 4567 simul
2012 4505 2055 4559 D
2084 4555 2247 4613 qum
2300 4505 2442 4603 beo;
2487 4545 2544 4592 ει
2599 4550 2708 4591 non
2754 4532 2852 4589 ubi
2887 4533 2907 4603 )
2939 4544 3004 4586 ει
3024 4505 3347 4584 humanm
3374 4529 3562 4579 ειηοη
3592 4534 3659 4577 ει

402 4606 693 4663 convenire
714 4608 875 4662 vitam
898 4616 955 4663 et
991 4615 1245 4673 mortem,
1282 4605 1356 4661 ita
1384 4612 1470 4662 est
1495 4601 1853 4676 impossibile,
1881 4615 1979 4673 pe-

402 4698 622 4756 cuniam
661 4700 974 4773 diligentem
1016 4699 1216 4757 habere
1248 4697 1592 4755 charitatem.

1023 4791 1154 4848 Car.
1187 4791 1327 4848 XIV.

478 4891 682 4945 Avarus
722 4896 800 4942 est
857 4885 1267 4957 Evangelioruot
1308 4886 1521 4951 irrisor,
1565 4892 1672 4939 etc.
1739 4883 1982 4939 Audiens

406 4996 605 5039 avarus
654 4978 1006 5051 Evangelium
1059 4977 1274 5041 dicens,
1322 4973 1490 5029 Vende
1519 4974 1696 5030 omnia
1737 4989 1855 5046 qua:
1882 4973 1981 5029 tta-

408 5078 497 5135 bes
518 5077 589 5143 ”,
618 5084 749 5140 etc.,
788 5076 934 5130 sicut
969 5071 1331 5142 impossibile,
1377 5067 1731 5138 perfectionis
1754 5067 1981 5124 verbum

410 5168 715 5224 subsaunat
743 5184 755 5220 :
791 5174 879 5231 et,
914 5164 960 5219 si
982 5177 1173 5218 omnes
1198 5160 1471 5228 vendant,
1500 5160 1576 5216 ait
1597 5199 1613 5225 ,
1635 5159 1763 5231 quis
1797 5158 1985 5215 emet?

412 5264 479 5318 lit
498 5264 749 5327 audiens,
772 5258 953 5315 Nolite
981 5260 1212 5330 cogitare
1232 5257 1296 5313 de
1318 5255 1558 5311 crastino
1569 5254 1638 5320 ⁸⁸,
1662 5269 1772 5311 non
1796 5253 1989 5316 credit,

413 5356 510 5412 sed
536 5355 837 5410 voluntarie
865 5352 1190 5408 contradicit
1214 5359 1269 5406 et
1315 5347 1719 5420 praevaricatur.
1768 5346 1826 5402 Si
1860 5360 1989 5403 vero

416 5450 772 5505 contristetur
811 5450 864 5502 in
891 5446 1075 5518 aliquo
1108 5487 1123 5511 ,
1184 5452 1397 5513 tempus
1446 5441 1673 5513 justitize
1712 5448 1827 5504 est,
1882 5455 1988 5496 non

2085 4636 2302 4705 propria
2355 4630 2633 4688 voluntate
2690 4625 2920 4683 fideliter
2970 4621 3231 4679 labores:
3291 4613 3657 4705 quiataliter,

2086 4704 2357 4784 catholico
2389 4734 2443 4782 et
2462 4720 2803 4795 regulariter,
2828 4726 3009 4774 etnon
3036 4730 3185 4771 vane
3207 4722 3262 4768 et
3290 4707 3486 4765 vitiose
3550 4704 3660 4761 Deo

2088 4820 2313 4877 servies.
2342 4817 2482 4873 Cave
2511 4832 2572 4870 ne
2602 4812 2863 4885 proditori
2902 4808 3015 4883 (εξ)
3038 4822 3270 4879 unquam
3324 4806 3659 4870 obtemperes,

2090 4898 2197 4971 etc.
2242 4912 2299 4967 In
2366 4910 2595 4982 epistola
2640 4909 2707 4964 ad
2751 4906 3038 4978 virginem,
3065 4904 3141 4959 ait
3172 4907 3393 4958 sanctus
3422 4896 3663 4953 Athana-

2092 5006 2243 5072 sius,
2291 5002 2350 5059 Si
2401 4999 2833 5058 manilestaveris
2886 4998 3059 5053 vitam
3122 5004 3294 5057 tuam.
3336 4992 3509 5063 pariet
3563 4990 3665 5043 huc

2090 5097 2189 5153 tibi
2230 5108 2427 5151 vanam
2483 5092 2714 5163 gloriam
2764 5099 2818 5144 et
2863 5086 3124 5144 damnum
3180 5082 3423 5155 patieris.
3473 5078 3529 5135 Si
3566 5097 3662 5135 au-

2087 5201 2194 5248 tem
2225 5190 2464 5244 animam
2489 5184 2764 5239 inveneris
2826 5180 2922 5237 tibi
2959 5189 3410 5240 eonsentaneam,
3464 5174 3663 5243 pariter

2090 5296 2213 5354 qua
2263 5279 2355 5336 Dei
2407 5291 2534 5335 sunt
2559 5275 2868 5339 facientem,
2917 5271 3044 5328 huic
3068 5284 3288 5341 quoque
3314 5266 3435 5331 soli,
3468 5266 3523 5319 in
3550 5279 3665 5333 my-

2094 5376 2281 5439 sterio,
2311 5374 2522 5428 revela:
2580 5370 2652 5425 ibi
2671 5368 2814 5424 enim
2839 5381 2946 5420 non
2969 5370 3052 5419 est
3084 5376 3220 5417 vana
3279 5358 3472 5431 gloria,
3537 5357 3663 5424 quia

2095 5466 2188 5538 qui
2215 5465 2455 5536 loquitur
2491 5474 2548 5517 ut
2570 5463 2805 5517 animam
2832 5457 3024 5519 salvet,
3086 5452 3314 5513 multam
3362 5449 3665 5506 mercedem

486 5590 535 5623 “
571 5588 769 5659 Ephes.
822 5604 875 5650 v.
1037 5589 1082 5621 "
1137 5585 1329 5641 Matth.
1360 5600 1471 5650 sit,
1506 5582 1598 5638 2|.
1676 5584 1721 5615 ³⁸
1752 5581 1939 5639 Matth.
1989 5597 2062 5649 vt.
2107 5584 2195 5639 Si.
2274 5584 2321 5615 "
2367 5584 2484 5637 Act.
2524 5596 2615 5646 ss,
2656 5579 2747 5634 55.

494 5704 604 5777 (20)
634 5705 741 5777 illi.
798 5722 886 5774 per
911 5707 1258 5777 ignorantiam
1286 5703 1594 5777 pervertitur
1624 5713 1681 5777 et
1725 5702 1990 5774 plagcttur.

492 5773 603 5844 (2f)
632 5773 813 5833 Melius
854 5773 1315 5847 peregrinantium,
1366 5784 1422 5830 ut
1474 5773 1598 5843 legit
1636 5773 1921 5841 interpres.

2177 5700 2285 5771 (2‘2)
2320 5698 2484 5755 Vetus
2518 5700 2799 5768 interpres,
2833 5694 3273 5753 Ealmninatori.
