4008 6148
399 349 534 416 123τ

1569 361 1886 420 SCHOLlA
1925 362 2001 421 IN
2039 362 2450 423 CIJMACUM.

3502 369 3638 436 1238

393 464 680 534 ponderat,
732 471 784 517 ct
841 467 1072 520 aliorum
1149 469 1336 538 culpas
1389 469 1689 541 ponderare
1733 475 1964 545 ignorat.
1999 477 2264 541 Aorrqelis
2290 475 2543 544 quosdam
2579 478 3011 544 d.m..u.-..yt».it.
3061 480 3161 533 eis.
3222 475 3295 531 Et
3355 478 3638 536 tlatznrorurs

391 558 559 627 Igitur
599 559 789 620 libera,
852 559 1022 630 legero
1074 562 1499 633 transgrediens,
1536 568 1672 629 sola,
1721 565 1965 638 Evange-

393 648 525 704 liurn
554 649 758 706 Christi
788 653 978 722 gratia:
1008 661 1062 708 et
1091 669 1230 709 vera:
1256 655 1539 721 librzrtatis,
1576 668 1773 712 strvat.
1831 657 1964 715 Sunt

391 752 440 796 et
497 742 641 809 alin',
691 746 972 815 magniﬁco
1016 747 1136 800 huic
1182 750 1492 816 possessori,
1547 759 1650 806 etc.
1715 751 1963 823 Magnum

392 851 788 904 possessorem,
851 836 1131 904 humilerrr,
1202 839 1373 907 dicit;
1437 844 1587 908 quia,
1619 844 1713 914 qui
1745 845 1966 898 humilis

391 941 494 996 est,
551 947 616 984 ex
681 930 986 988 humilitate
1029 933 1209 989 omnis
1270 936 1582 990 monasticae
1620 945 1674 990 et
1709 939 1967 1006 angelica:

392 1023 825 1079 conversationis
854 1022 1238 1095 perfectionem
1281 1029 1543 1097 possidet,
1580 1029 1630 1082 itr
1673 1030 1828 1100 cujus
1849 1030 1967 1085 arri-

395 1129 480 1168 ma
528 1125 658 1170 sunt
709 1119 1065 1188 proprietates
1111 1121 1382 1190 pradicta:
1425 1136 1636 1198 omnes,
1665 1137 1784 1192 quae
1805 1121 1967 1192 spiri—

394 1208 621 1262 tttalinrrr
669 1210 979 1265 divitiarum
1027 1211 1397 1282 signillcativar
1435 1222 1966 1270 sunt:unatantttm

396 1312 642 1371 excepta,
714 1319 839 1371 quae
886 1315 971 1358 est
1030 1304 1330 1362 secundum
1388 1305 1520 1361 illud
1582 1307 1727 1375 quod
1775 1308 1966 1362 humili

397 1392 594 1463 placet,
619 1396 848 1462 scilicet,
883 1395 1114 1467 abyssns
1156 1397 1376 1454 vilitatis
1414 1407 1468 1453 et
1497 1401 1748 1468 proprius
1776 1401 1968 1471 despe-

395 1493 547 1546 ctus;
579 1486 706 1555 quia
744 1487 843 1541 hoc
866 1503 896 1542 a
933 1488 1240 1541 videntibus
1265 1496 1348 1543 est
1401 1489 1780 1545 absconditum
1812 1509 1823 1542 :
1853 1491 1968 1560 ipse

398 1577 541 1630 cnim
585 1579 637 1630 itr
689 1578 809 1632 solo
871 1578 1091 1634 vilitatis
1151 1578 1347 1650 abysso
1381 1580 1630 1648 quiescit.
1673 1577 1966 1634 llnrnilitns

397 1677 472 1720 est
529 1671 671 1738 regni
717 1669 937 1724 calcatis
984 1673 1179 1741 janua.
1258 1671 1500 1741 lntellige
1538 1670 1604 1726 de
1631 1673 1968 1742 ingrediente

400 1764 756 1815 monasticam
828 1763 1040 1828 vitam;
1094 1763 1222 1833 quia
1283 1763 1375 1830 qui
1435 1779 1530 1833 per
1579 1763 1966 1831 humilitatem,

401 1849 702 1906 imitatione
755 1852 980 1917 (Ibi-isti,
1030 1854 1327 1923 ingreditur
1363 1854 1524 1908 vitam
1553 1855 1964 1918 rnonaclrorum,

403 1943 504 2000 istc
558 1945 694 2000 bene
755 1944 847 2016 per
894 1959 1103 2016 portam
1137 1949 1437 2016 ingreditur
1464 1949 1516 2002 itr
1545 1965 1686 2020 eam,
1711 1960 1763 2003 et
1799 1949 1969 2004 exibit

399 2036 465 2089 de
526 2041 773 2106 praisenti
819 2039 926 2092 vita
957 2054 1079 2093 euut
1115 2039 1320 2105 laetitia,
1342 2050 1397 2096 et
1420 2056 1615 2108 pascua
1645 2042 1878 2096 inveniet
1913 2043 1965 2094 in

398 2128 670 2195 paradiso.
724 2126 895 2184 Juxta
935 2139 1036 2192 est,
1087 2129 1268 2184 divina
1320 2133 1679 2185 rttist'rit‘ortlta
1713 2151 1729 2184 :
1764 2134 1972 2187 miseri-

398 2221 640 2277 cordiam
661 2221 811 2285 dicit,
845 2224 1073 2293 gratiam
1105 2239 1227 2292 qua
1246 2233 1330 2278 est
1349 2223 1591 2278 clTectiva
1647 2225 1968 2282 humilitatis

399 2311 455 2366 in
520 2312 720 2368 anima.
777 2312 1074 2384 Ignominia
1111 2331 1228 2368 vero
1273 2315 1382 2370 liter:
1437 2317 1644 2384 probat.
1705 2315 1848 2372 Sane
1873 2319 1966 2388 qui

395 2417 496 2472 pro
545 2403 703 2459 nobis
749 2419 946 2475 passus
977 2415 1061 2462 est
1112 2405 1384 2472 Christus,
1427 2406 1666 2463 laborem
1691 2408 1876 2479 posuit
1913 2409 1967 2464 in

396 2497 511 2550 suis
535 2498 838 2568 praeceptis,
876 2508 935 2552 ut
973 2500 1238 2553 vanitates
1259 2499 1595 2556 maculantes
1647 2512 1965 2572 purgentur,

393 2599 452 2644 et
486 2589 612 2644 ntali
640 2604 820 2645 mores
846 2601 900 2646 et
927 2591 1052 2648 vitia
1080 2591 1490 2646 tribulationum
1532 2593 1791 2662 patientia
1819 2609 1968 2650 corn-

396 2687 698 2744 rnuterrtur,
755 2691 808 2736 et
849 2695 943 2751 per
984 2679 1345 2737 humilitatem
1399 2691 1683 2737 evornatur
1713 2685 1965 2755 superbia

393 2771 756 2838 confessione,
787 2781 842 2826 et
896 2773 1216 2837 intentione,
1238 2781 1292 2827 et
1321 2786 1485 2843 opere
1511 2788 1524 2826 :
1559 2774 1814 2832 nimirum
1837 2778 1966 2847 quia

394 2864 488 2932 qui
513 2864 821 2936 religiosam
860 2866 1025 2920 vitam
1049 2865 1335 2936 promittit,
1365 2873 1420 2921 et
1441 2867 1622 2922 renuit
1652 2867 1792 2922 mala
1831 2870 1966 2938 pati,

396 2970 503 3008 non
533 2970 625 3023 per
665 2955 1039 3026 paenitentiam
1063 2954 1341 3012 Christum
1367 2957 1634 3028 sequitur,
1660 2959 1753 3014 sed
1786 2963 1970 3030 (amo-

394 3059 453 3100 re
508 3051 732 3117 proprio
791 3047 1026 3118 illusus)
1073 3062 1236 3119 opere
1265 3057 1430 3120 negat
1460 3049 1606 3119 quod
1646 3050 1815 3105 verbo
1838 3065 1966 3120 pro-

396 3139 583 3204 mittit,
647 3148 704 3193 et
748 3153 859 3194 non
903 3139 1206 3205 Christum,
1237 3144 1330 3198 sed
1364 3143 1486 3197 vita:
1508 3141 1740 3200 labentis
1763 3158 1967 3200 concu-
1992 3166 2041 3228 ς

397 3229 714 3296 piscentram
793 3239 849 3286 et
914 3232 1219 3299 superbiam
1278 3233 1540 3289 imitatur.
1610 3231 1757 3290 Vana
1818 3234 1965 3291 enim

397 3321 565 3388 gloria
638 3331 695 3375 et
753 3323 1028 3393 superbia,
1091 3325 1294 3380 servire
1337 3335 1561 3394 peccato
1581 3341 1676 3396 per
1709 3342 1968 3398 prospera

395 3424 449 3466 et
500 3414 821 3470 delectantia
870 3417 1073 3487 (quasi
1122 3417 1315 3488 licita)
1355 3419 1582 3484 l'aciunt,
1634 3429 1690 3475 et
1722 3430 1965 3478 nostram

401 3510 638 3579 tepidam
686 3508 868 3568 taliter
926 3513 1255 3568 voluntatem
1313 3515 1584 3569 iliudeudo
1613 3515 1886 3581 inliciunt,
1915 3525 1971 3570 et

400 3615 430 3653 a
497 3599 653 3655 bonis
701 3603 888 3672 gratia:
936 3603 1148 3658 steriles
1179 3604 1456 3659 reddunt;
1499 3602 1711 3660 Natura
1751 3607 1876 3676 fert,
1910 3617 1966 3659 ut

399 3689 653 3746 sterilitas
721 3693 1050 3765 deiectusque
1080 3695 1349 3763 fructuum
1377 3698 1822 3770 cicerorum(25);
1857 3710 1962 3754 etc.

399 3781 714 3854 Hypoerisis
741 3785 1098 3842 observantia:
1145 3791 1524 3845 mandatorum
1556 3789 1646 3846 Dei
1713 3803 1820 3858 est,
1847 3808 1968 3862 qua:

398 3875 535 3932 facit
567 3879 893 3934 monachum
923 3879 1049 3934 huic
1073 3883 1272 3935 sarculo
1299 3881 1655 3948 conformari,
1702 3883 1756 3936 in
1809 3899 1967 3938 mun-

400 3969 560 4026 danis
622 3972 880 4042 Oper-ibus
930 3973 1141 4038 extolli,
1196 3986 1250 4028 et
1282 3978 1425 4030 varie
1461 3974 1725 4046 implicari
1755 3996 1768 4031 :
1799 3991 1970 4048 quare

395 4071 454 4118 et
479 4061 548 4118 ab
566 4065 827 4133 Apostolo
851 4066 917 4130 “,
950 4067 1042 4137 qui
1070 4067 1197 4122 talis
1237 4076 1339 4133 est,
1385 4081 1492 4122 noo
1524 4069 1798 4123 immerito
1826 4069 1968 4124 otio-

399 4170 496 4211 sus
520 4157 820 4225 appellatur
844 4166 896 4213 et
939 4159 1161 4213 sterilis.
1197 4159 1298 4226 Qui
1348 4169 1526 4214 autem
1587 4160 1968 4215 mandatorum

401 4245 494 4304 Del
555 4247 730 4303 ﬁdelis
783 4259 1039 4318 operator
1087 4253 1323 4316 exsistit,
1378 4250 1676 4306 lrurnilihus
1705 4250 1970 4308 fructibus

398 4340 633 4410 plenus,
683 4339 938 4396 deorsum
990 4341 1338 4408 incurvatus,
1395 4343 1822 4413 longanimitatis
1877 4359 1968 4399 ra-

401 4446 522 4488 mos
548 4433 614 4488 ad
637 4433 1098 4491 subsannstiones
1129 4443 1184 4489 et
1203 4434 1484 4490 illusiones
1513 4448 1564 4490 et
1617 4436 1970 4492 cxcrrssiones

2068 568 2287 639 angelos
2339 568 2620 622 humilitas
2649 569 2828 624 facere
2874 585 3034 639 posse
3066 571 3304 635 dicitur,
3349 573 3395 626 si
3444 573 3640 629 daemo-

2067 674 2164 713 nes
2199 660 2467 714 humiliari
2493 661 2749 715 valerent.
2812 660 3010 715 Verum
3054 663 3327 718 daemones
3383 665 3640 733 impteni-

2066 759 2240 806 tentes
2256 761 2307 804 et
2331 752 2588 807 obstinati
2610 764 2912 819 manentes,
2935 769 3040 808 non
3067 754 3310 810 valentes
3339 757 3636 821 humiliari,

2066 843 2342 898 dieruones
2367 853 2608 898 manent.
2635 841 2747 899 Nos
2783 859 2912 898 vero
2964 859 3088 899 cum
3141 843 3315 901 simus
3369 845 3635 910 homines,

2066 937 2166 991 etsi
2211 936 2386 990 sinrus
2411 937 2686 997 cadentes.
2728 936 2993 1006 ptenitere
3047 945 3103 992 et
3157 935 3422 992 humiliar.
3497 938 3641 992 vale.—

2067 1044 2212 1084 inus.
2283 1032 2462 1094 Quare
2510 1029 2868 1096 conﬁdamus,
2901 1036 2958 1086 et
2987 1029 3201 1099 quoties
3243 1028 3510 1096 cadirnus,
3544 1047 3640 1101 per

2069 1121 2445 1193 paenitentiam
2509 1123 2702 1178 iterum
2750 1137 3120 1193 resurgamus.
3191 1120 3353 1177 Nervi
3390 1124 3548 1193 hujus
3576 1141 3638 1177 ac

2067 1215 2165 1268 nire
2193 1222 2336 1277 sunt,
2369 1223 2478 1267 etc.
2512 1212 2666 1279 Quod
2696 1214 2841 1269 enim
2877 1221 3004 1268 sunt
3041 1214 3095 1267 in
3130 1213 3458 1269 animalibus
3513 1229 3638 1269 ner-

2067 1305 2140 1367 vi,
2174 1305 2276 1361 hoc
2310 1307 2485 1374 ipsum
2534 1317 2680 1365 sunt.
2721 1307 2782 1359 ntl
2813 1305 3087 1361 civitatem
3119 1307 3466 1377 pergentibus
3519 1309 3636 1361 vim.

2067 1395 2232 1458 Sane,
2263 1398 2542 1465 animalia,
2579 1414 2754 1468 neque
2786 1399 2904 1452 sine
2927 1399 3108 1451 nervis
3137 1406 3342 1452 starent
3370 1415 3385 1463 ;
3441 1415 3639 1462 neque.

2067 1487 2185 1545 sine
2244 1487 2365 1552 viis,
2414 1489 2663 1542 homines
2721 1489 2786 1542 ad
2835 1491 3106 1542 Cltllztlt‘m
3167 1498 3468 1556 pergerent.
3526 1487 3641 1545 lloe

2070 1576 2210 1631 idem
2237 1578 2350 1647 (ait
2383 1589 2606 1631 sanctus
2639 1580 2656 1647 )
2684 1586 2764 1632 est
2805 1585 3094 1646 paupertas
3141 1587 3197 1631 et
3251 1578 3637 1649 peregrinatio,

2069 1667 2317 1722 similiter
2348 1669 2647 1733 humilitas,
2675 1684 2728 1723 ct
2757 1669 2973 1738 reliquae
3007 1670 3255 1730 virtutes.
3301 1667 3420 1724 sine
3441 1670 3640 1739 quibus

2072 1759 2351 1815 humilitas
2405 1769 2549 1816 stare
2597 1778 2704 1816 non
2745 1771 2920 1830 potest
2975 1777 2986 1810 :
3027 1760 3154 1830 quia
3207 1759 3272 1814 ad
3315 1762 3488 1832 ipsam
3518 1776 3642 1832 per-

1999 1831 2040 1886 Β
2068 1866 2226 1921 gens,
2275 1852 2394 1906 sine
2447 1852 2530 1907 his
2577 1852 2642 1905 ad
2691 1867 2812 1906 eam
2831 1866 2938 1906 non
2965 1853 3258 1922 perveniet.
3287 1851 3441 1906 Nervi
3479 1852 3643 1924 igitur

2069 1953 2122 1996 et
2150 1946 2247 1998 κίε
2274 1953 2420 2009 sunt,
2447 1953 2502 1999 et
2530 1959 2634 1998 non
2663 1948 2813 2015 signa
2839 1961 2959 2016 qua:
2997 1953 3263 2000 numerat.

2414 2036 2544 2091 Car.
2578 2037 2694 2094 XX.
2723 2067 2785 2080 --
2825 2037 2902 2090 Ad
2951 2037 3173 2106 gradum
3202 2038 3290 2090 26.

2148 2127 2202 2181 Is
2262 2130 2470 2200 quidem
2525 2133 2617 2200 qui
2678 2141 2776 2185 tres
2814 2130 2985 2185 hostes
3017 2131 3262 2200 religioso
3291 2131 3502 2198 pietate,
3531 2134 3637 2184 etc.

2069 2219 2207 2276 Octo
2253 2221 2604 2290 malignitatis
2646 2223 2773 2276 vitia
2833 2237 2954 2278 esse
3001 2237 3148 2278 nunc
3207 2221 3356 2285 dicit,
3389 2237 3485 2292 per
3520 2236 3643 2291 qua:

2071 2329 2172 2368 nos
2203 2312 2454 2368 diabolus
2479 2315 2756 2384 impugnat
2786 2330 2800 2366 :
2831 2328 2894 2367 ex
2918 2313 3137 2383 quibus,
3168 2314 3264 2384 qui
3285 2315 3386 2368 tria
3420 2313 3638 2385 dejecit,

2069 2407 2312 2462 omnium
2379 2407 2660 2460 victoriam
2715 2405 2972 2461 obtinuit.
3029 2403 3168 2464 Sunt
3204 2404 3370 2476 igitur
3405 2404 3522 2460 haec
3551 2404 3639 2458 illa

2071 2501 2196 2564 tria,
2261 2502 2314 2554 in
2367 2499 2566 2570 quibus
2605 2514 2694 2555 rex
2717 2508 2902 2554 noster
2922 2497 3174 2554 Christus
3203 2499 3258 2552 in
3285 2499 3499 2554 deserto
3521 2512 3642 2552 orn-

2070 2607 2194 2648 nem
2256 2591 2540 2647 victoriam
2588 2590 2897 2662 complevit,
2946 2590 3152 2646 scilicet
3207 2590 3353 2660 gula,
3387 2587 3636 2654 avaritia,

2068 2694 2123 2737 et
2175 2697 2310 2736 vana
2351 2681 2544 2753 gloria,
2605 2690 2954 2751 prosternens
3011 2695 3074 2735 ea
3102 2695 3197 2751 per
3229 2679 3635 2744 abstinentiam,

2069 2775 2456 2839 humilitatem,
2510 2784 2564 2829 et
2613 2773 2938 2838 orationem,
2999 2773 3270 2843 accipiens
3302 2773 3524 2844 angelos
3546 2774 3642 2827 mi-

2070 2870 2274 2926 nistros
2333 2867 2400 2923 ³³.
2454 2865 2579 2921 Nisi
2633 2867 2806 2936 prius,
2872 2866 2925 2917 in
2976 2865 3062 2918 die
3109 2864 3320 2929 animm,
3353 2879 3468 2918 sero
3516 2864 3638 2932 ﬁat.

2071 2955 2208 3012 Sero
2237 2964 2290 3009 et
2325 2954 2700 3010 obtenehratio
2729 2953 2944 3019 anim-.e,
2981 2963 3063 3008 est
3093 2952 3438 3023 negligentia,
3500 2952 3641 3008 obli-

2070 3048 2178 3114 vio,
2201 3058 2258 3104 et
2287 3048 2751 3116 concupiscentia.
2799 3045 3005 3100 Etenim
3052 3045 3156 3099 nisi
3215 3061 3309 3114 per
3378 3047 3640 3116 concupi-

2069 3139 2356 3204 scentiam,
2384 3139 2438 3194 in
2474 3139 2833 3210 ignorantiam
2882 3146 2939 3192 et
2992 3137 3318 3192 oblivionem
3379 3148 3434 3194 et
3486 3139 3640 3195 inso-

2069 3234 2287 3292 lentiam
2312 3232 2684 3296 inciderimus,
2719 3232 2787 3286 ah
2813 3231 3148 3300 operatione,
3179 3246 3302 3300 qua:
3332 3239 3416 3285 est
3444 3245 3641 3287 secun-

2067 3327 2198 3386 dum
2254 3325 2594 3389 mandatum,
2648 3341 2756 3379 non
2817 3325 3111 3379 cllicicmur
3177 3333 3466 3389 exsortes;
3533 3325 3641 3380 nisi

2068 3433 2225 3477 mens
2280 3418 2636 3482 tenebrescat,
2689 3430 2797 3472 non
2854 3416 3284 3472 dominabuntur
3329 3417 3379 3470 ei
3433 3417 3560 3472 vitia
3587 3427 3642 3474 et

2068 3513 2369 3583 passiones:
2399 3509 2745 3572 Persuadebit
2771 3509 2866 3563 tibi
2896 3508 2973 3576 id,
2996 3509 3225 3578 penitus,
3271 3511 3316 3564 is
3365 3512 3478 3579 qui,
3533 3519 3638 3566 etc.

2071 3605 2146 3661 De
2191 3605 2386 3664 abbate
2441 3602 2624 3659 Leone
2673 3601 2826 3666 dicit,
2867 3601 2961 3672 qui
3023 3599 3264 3671 seipsum
3320 3601 3374 3655 itr
3413 3609 3641 3657 mortem

2069 3713 2170 3769 pro
2218 3695 2455 3768 quodam
2507 3693 2676 3750 fratre
2731 3693 3012 3750 liberando
3057 3691 3278 3750 tradidit
3323 3702 3640 3762 spontanee.

2076 3788 2167 3844 νει
2221 3789 2289 3842 de
2337 3787 2569 3844 militum
2628 3787 2976 3859 magistiano,
3027 3784 3119 3856 qui
3149 3783 3204 3839 in
3235 3783 3503 3840 Corintho
3542 3799 3642 3854 pro

2069 3881 2354 3954 cujusdam
2421 3881 2648 3953 virginis
2674 3879 2937 3937 servanda
2963 3877 3295 3950 virginitate,
3317 3876 3640 3950 martyrium

2068 3975 2234 4047 elegit
2287 3973 2585 4044 suscipere.
2641 3970 3027 4031 Intellectualr‘s
3066 3986 3230 4037 meris,
3268 3969 3640 4027 intellectualis

2069 4067 2232 4121 etiam
2288 4081 2490 4128 sensus,
2512 4072 2620 4120 etc.
2645 4061 3065 4118 lntcllretualem
3112 4076 3332 4121 sensum
3357 4073 3412 4120 et
3455 4065 3639 4133 cogni-

2073 4158 2276 4212 tionem
2327 4156 2530 4221 habet;
2599 4169 2784 4228 quem,
2845 4156 2898 4209 in
2943 4155 3100 4210 nobis
3147 4163 3202 4210 et
3261 4169 3368 4213 non
3399 4155 3453 4211 in
3485 4155 3643 4210 nobis

2072 4248 2448 4311 essisteutem,
2501 4261 2746 4315 quaerere
2825 4260 2934 4301 non
2995 4259 3296 4302 cessemus.
3371 4245 3430 4300 In
3489 4247 3643 4300 nobis

2073 4351 2156 4397 est
2190 4339 2570 4396 intellectualis
2598 4355 2813 4405 sensus,
2837 4339 2982 4396 sicut
3016 4341 3296 4398 colrarrens
3344 4349 3400 4397 et
3434 4343 3643 4394 unitos.

2073 4429 2236 4485 Menti
2271 4431 2323 4486 in
2352 4431 2500 4486 orrrni
2529 4431 2770 4498 homine,
2825 4445 2934 4485 non
2963 4430 3016 4485 in
3051 4431 3211 4487 nobis
3248 4444 3397 4495 vero,
3450 4445 3644 4500 quem-

400 4528 770 4592 snstinendas,
826 4528 1083 4584 omnibus
1127 4529 1312 4583 tradit.
1363 4527 1621 4582 Naturam
1658 4527 1818 4598 igitur
1853 4528 1968 4583 vin.
2004 4503 2044 4558 ί)
2077 4521 2366 4576 admodum
2395 4520 2743 4591 passionihus
2764 4530 2985 4591 opertus
3011 4521 3064 4575 itr
3101 4521 3310 4579 vitiosis
3355 4523 3643 4585 exsistens,

399 4634 532 4677 cens
579 4621 674 4691 qui
726 4621 952 4676 humilis
993 4629 1098 4686 est,
1155 4622 1326 4676 altum
1385 4635 1573 4690 sapere
1619 4623 1792 4676 nescit
1825 4640 1839 4688 ;
1873 4623 1966 4678 sed

402 4713 725 4770 humilitatis
783 4714 1004 4784 spiritus
1055 4723 1209 4770 actus
1227 4714 1303 4768 illi
1332 4730 1388 4769 se
1420 4712 1726 4770 conformat
1756 4716 1848 4785 qui
1886 4730 1971 4769 se-

399 4804 694 4876 metipsum
757 4806 1058 4860 exinanivit
1115 4805 1291 4860 factus
1347 4806 1607 4862 obediens
1672 4820 1842 4875 nstrae
1903 4805 1968 4858 ad

401 4905 652 4962 mortem,
712 4909 939 4951 rrrortern
990 4905 1168 4950 autem
1229 4896 1413 4952 crucis
1442 4896 1507 4948 ³⁸.
1558 4895 1715 4962 lline,
1747 4907 1970 4951 sanctus

401 4989 555 5053 dicit,
581 4989 708 5059 quia
737 4989 974 5055 arbores,
1005 4998 1110 5043 etc.
1147 4989 1167 5060 ι
1199 4986 1314 5042 Non
1338 4997 1444 5053 est,
1471 4987 1525 5042 in
1568 4996 1816 5042 creatura
1846 5002 1971 5058 par-

403 5097 530 5136 vum
551 5092 608 5137 et
637 5096 893 5152 magnum
927 5083 1105 5152 ignem
1141 5091 1332 5136 natura
1355 5080 1573 5146 videre,
1607 5089 1663 5134 et
1703 5096 1812 5135 non
1864 5093 1968 5144 esr,

404 5177 460 5229 in
517 5175 840 5240 humilitate,
895 5179 1134 5231 materia:
1191 5176 1428 5246 speciem
1484 5175 1722 5245 aliquam
1756 5175 1973 5244 penitus

405 5281 707 5322 remanere.
731 5267 752 5342 ]
781 5267 839 5323 lrr
868 5270 1080 5324 sincera
1109 5269 1439 5332 humilitate,
1474 5267 1714 5323 materiae
1763 5266 1974 5338 species

407 5372 516 5412 non
572 5367 841 5421 remanet,
897 5361 1025 5430 quia
1061 5362 1299 5429 perlecta
1332 5358 1610 5416 humilitas
1637 5358 1770 5413 nihil
1800 5356 1976 5428 diligit

402 5449 640 5505 vitiose:
677 5457 731 5504 et
755 5451 1001 5506 omnium
1052 5467 1175 5522 qua:
1223 5450 1326 5506 sub
1390 5451 1532 5507 ctelo
1586 5460 1713 5506 sunt
1755 5449 1919 5505 oblita
1957 5467 1972 5514 ;

407 5538 726 5609 solumqua:
758 5551 886 5594 sutrt
934 5539 1026 5596 Dei
1071 5542 1216 5613 sapit
1238 5550 1292 5598 et
1321 5542 1500 5597 sentit.
1537 5539 1596 5598 Si
1642 5540 1886 5611 superbia
1911 5558 1975 5595 ea:

486 5699 525 5730 "
565 5697 717 5752 llorn.
763 5717 857 5762 uti,
895 5701 947 5754 ‘3.

2077 4622 2130 4666 et
2181 4615 2296 4666 sine
2341 4612 2656 4680 operatione
2708 4622 2891 4668 manet
2943 4613 3252 4683 incognitus
3290 4622 3345 4669 et
3374 4629 3644 4682 nusquam

2077 4720 2366 4775 apparens.
2432 4705 2607 4771 llune,
2661 4717 2907 4770 sanctus,
2964 4721 3030 4760 ex
3088 4714 3200 4761 toto
3220 4707 3385 4764 corde
3405 4722 3650 4779 quaerere

2077 4799 2362 4862 admonet;
2397 4797 2546 4868 quia,
2579 4813 2702 4853 cum
2726 4798 2780 4853 iu
2813 4798 2972 4855 nobis
3003 4797 3189 4865 fuerit,
3211 4799 3342 4857 vitia
3395 4803 3649 4855 universa

2079 4894 2300 4962 repellet
2335 4913 2346 4947 :
2406 4907 2570 4963 quem
2599 4905 2655 4949 et
2685 4892 2931 4948 divinum
2971 4893 3124 4956 dicit,
3157 4895 3284 4964 quia
3347 4909 3441 4964 per
3492 4895 3651 4950 tim-

2078 4987 2147 5042 sti
2181 4997 2408 5041 mortem
2465 4993 2521 5041 et
2580 4986 2912 5056 baptismum
2956 4997 3010 5042 et
3057 4988 3307 5058 spiritum
3372 4995 3648 5049 sanctum,

2077 5094 2237 5148 quem
2265 5077 2454 5132 etl‘udit
2488 5077 2542 5132 in
2569 5077 2749 5142 nobis,
2775 5086 3060 5149 reparatus
3087 5087 3190 5134 est.
3229 5075 3331 5130 Pro
3360 5078 3646 5146 purgandis

2078 5173 2342 5238 sordibus,
2374 5171 2685 5228 obedientic
2722 5171 2913 5227 bibisse
2947 5169 3217 5237 poculum.
3241 5169 3468 5225 Sorrlern
3515 5169 3648 5223 dicit

2080 5265 2334 5320 advenire
2362 5273 2414 5319 et
2451 5263 2505 5320 in
2532 5277 2697 5319 carne
2741 5263 2857 5320 lieri
2901 5278 2966 5318 ex
3017 5261 3361 5317 immnnditia
3415 5260 3648 5314 delecta-

2083 5359 2290 5412 tionurn
2326 5375 2340 5410 :
2374 5356 2594 5412 oculum
2631 5370 2758 5411 vero
2785 5355 2982 5410 anima:
3012 5352 3143 5407 dicit
3172 5352 3505 5408 intellectum
3570 5353 3650 5405 vi-

2077 5451 2220 5504 tiosa
2249 5447 2530 5506 alleuione
2587 5447 2915 5504 inﬁrmatam
2969 5455 3023 5500 ct
3077 5444 3481 5498 conturbatum.
3541 5442 3647 5497 Sed

2082 5543 2226 5597 hunc
2277 5544 2490 5599 silentio
2541 5541 2786 5612 adjuvari
2839 5546 3074 5601 constat,
3133 5535 3372 5608 eoquod
3407 5532 3648 5590 multilo-

1027 5702 1066 5732 ³¹
1106 5701 1338 5771 Philipp.
1372 5717 1431 5764 rt,
1459 5701 1515 5765 7,
1566 5701 1620 5755 8.
1699 5702 1743 5734 ³³
1796 5699 1982 5754 Matth.
2028 5699 2160 5766 rv,l
2221 5716 2371 5771 seqq.

489 5814 593 5874 :2’3)
629 5813 813 5872 Mullus
857 5817 872 5882 (
905 5818 1136 5886 opinor)
1168 5827 1318 5872 vrtus
1367 5817 1654 5888 interpres,
1714 5823 1954 5888 qundam
1993 5819 2237 5873 arbor-tn
2265 5833 2380 5886 'INI?
2405 5816 2653 5870 σίττυπίυν
2671 5815 2826 5886 τνηί»
2871 5823 2976 5868 θίεο
