4008 6148
465 276 604 341 1239

1621 277 1683 337 S.
1722 276 2041 338 JOANNIS
2077 276 2597 338 RAITIIUENSIS

3591 266 3721 337 1210

461 394 675 456 quium,
725 388 961 445 calorem
1020 388 1249 460 spiritus
1306 386 1604 460 exstinguit
1654 389 1710 442 in
1741 388 1944 453 anima,
1984 397 2041 444 et
2071 387 2231 451 Αευὶ
2271 402 2463 459 agrum
2514 387 2584 443 ab
2640 386 2789 442 omni
2853 386 3271 456 inquinamento
3334 390 3616 455 expurget,
3659 400 3724 442 at:

462 483 645 537 ﬂuxus
676 480 875 548 facere,
908 490 1163 536 naturam
1196 479 1381 537 habet.

534 572 673 629 llinc
696 582 921 629 sanctus
945 573 1112 630 dicit.
1156 575 1261 639 Qui
1291 574 1445 628 habet
1474 590 1629 629 aures
1662 575 1912 628 audiendi
1941 591 2042 629 au-

463 667 576 719 diat
599 667 679 721 “.
744 664 934 737 Itaque
985 668 1032 721 si
1065 668 1195 721 mihi
1222 666 1578 737 obtemperare
1615 667 1793 722 uultis.
1828 667 1927 737 Sil
1958 668 2037 722 in-

462 754 620 826 quit)
679 754 843 810 vultis
889 755 1025 809 mihi
1072 754 1312 820 obedire,
1366 755 1544 811 dicam
1581 755 1737 809 vobis
1769 755 2045 823 quomodo

463 849 772 903 tlzemonum
809 846 1047 902 infinitas
1084 862 1292 919 pugnas
1342 845 1579 918 fugietis.
1632 844 1751 901 Vita
1782 863 1845 901 ex
1896 861 2043 900 mor-

466 950 539 1001 te,
606 937 821 1007 requies
863 951 930 989 ex
983 937 1238 1005 passione
1264 945 1319 991 et
1385 934 1590 999 labore,
1653 944 1706 989 et
1764 934 1934 1003 gloria
1976 950 2043 989 ex

466 1027 763 1097 ignominia
826 1025 1053 1091 Christi,
1109 1026 1235 1082 data
1295 1035 1351 1082 et
1402 1035 1525 1081 nata
1577 1036 1663 1081 est
1707 1023 2040 1080 hominibus.

469 1115 683 1172 Utiliter
711 1117 905 1171 horum
934 1117 1253 1173 memoriam
1283 1125 1448 1181 tenet,
1482 1117 1576 1188 qui
1617 1116 1860 1179 divitias.
1907 1115 2044 1170 deli-

466 1215 604 1275 t'lllS,
662 1222 717 1266 et
770 1210 1087 1266 altitudines
1142 1210 1266 1265 vita:
1320 1210 1484 1283 hujus
1534 1211 1936 1281 praetereuntis,
1991 1219 2048 1266 et

471 1306 735 1373 requiem,
793 1315 848 1359 et
899 1303 1312 1371 delectationes,
1366 1312 1420 1358 et
1461 1302 1939 1373 concupiscentias
1962 1301 2048 1356 fu-

469 1396 567 1466 git,
596 1397 803 1467 spernit
826 1406 878 1452 et
902 1397 1050 1463 odit;
1115 1406 1169 1451 et
1221 1396 1601 1460 verecundiae,
1651 1394 2044 1462 tribulationes,

468 1500 523 1543 rt
578 1489 795 1546 dolores
843 1490 1039 1560 quazrit
1082 1499 1139 1545 et
1158 1486 1353 1560 diligit,
1395 1497 1455 1543 ut
1481 1486 2045 1553 Christumiinitetur,

470 1581 590 1635 sine
627 1580 785 1651 cujus
813 1596 1001 1636 amore
1031 1595 1193 1637 nemo
1238 1580 1499 1637 salvatur.
1539 1577 1756 1635 Deliciae
1782 1576 2046 1649 (fratres)

472 1674 801 1728 resuscitant
829 1673 979 1739 vitia,
1009 1684 1062 1729 et
1089 1673 1261 1745 gloria
1285 1683 1341 1729 et
1371 1671 1587 1745 requies
1614 1672 1814 1733 carnis,
1854 1685 2048 1727 omnes

471 1761 737 1833 malignas
775 1763 1247 1833 concupiscentias
1293 1777 1417 1834 qua:
1468 1763 1680 1818 variant
1709 1768 1766 1817 et
1796 1760 2047 1817 dividunt

471 1856 721 1912 homines
777 1870 808 1909 a
868 1853 976 1911 Deo
1027 1864 1082 1910 et
1130 1853 1331 1911 diaboli
1380 1853 1621 1911 subdunt
1645 1852 1891 1924 imperio.
1938 1849 2045 1917 Qui

471 1958 653 2003 :ni'em
700 1946 816 2003 odit
879 1962 993 2013 eas,
1038 1956 1095 2004 et
1150 1946 1517 2011 abominatur,
1546 1954 1601 2001 et
1628 1945 1784 2017 fugit,
1812 1961 1920 1999 non
1951 1958 2044 1998 va-

474 2042 646 2095 riatur
691 2054 867 2111 neque
918 2039 1180 2097 dividitur
1229 2056 1259 2093 a
1295 2040 1379 2094 via
1420 2039 1704 2104 virtutum,
1733 2038 1829 2093 sed
1868 2037 2048 2092 imitao

473 2140 564 2185 tur
613 2128 913 2197 Christum,
968 2138 1023 2185 et
1071 2144 1139 2187 ex
1187 2138 1299 2184 tota
1354 2126 1638 2185 atl‘ectione
1693 2127 1934 2182 adhaeret
1970 2127 2040 2182 ei.

474 2220 737 2276 Triuitale
791 2221 1117 2276 beatissimo.
1172 2223 1391 2276 Auxilio
1440 2220 1608 2293 igitur
1636 2229 1691 2277 et
1712 2222 1886 2292 gratia
1916 2234 2045 2275 san-

474 2326 572 2368 rte
615 2314 922 2381 Trinitatis,
984 2324 1039 2370 et
1100 2330 1469 2386 compugnare
1504 2325 1559 2370 et
1593 2314 1847 2369 resistere
1875 2312 2049 2369 tribus

474 2406 900 2473 eeneralissimis
957 2407 1102 2462 vitiis
1152 2408 1510 2473 Valebimus;
1589 2406 1763 2460 amori
1839 2405 2046 2477 gloriae,

473 2501 647 2554 amori
699 2501 1154 2571 concupiscentia:
1212 2512 1268 2556 et
1319 2498 1719 2555 delectabilium
1777 2506 1833 2552 et
1871 2497 2047 2553 amori

475 2592 720 2665 pecuniae
774 2603 829 2647 et
882 2594 1064 2647 omnis
1111 2592 1475 2662 cupiditatis:
1543 2591 1589 2646 si
1648 2602 1826 2646 tamen
1856 2590 1921 2645 ad
1945 2606 2044 2660 pu-

472 2700 635 2755 gnam
660 2682 1062 2754 pcrrexerimus
1087 2682 1280 2738 muniti
1303 2684 1477 2739 tribus
1499 2682 1810 2748 virtutibus,
1842 2682 2052 2738 scilicet

473 2776 827 2840 abstinentia,
850 2777 1113 2831 charitate
1136 2787 1187 2831 et
1228 2774 1571 2831 humilitate:
1605 2788 1731 2829 nam
1772 2773 2046 2829 carnalem

472 2884 714 2923 antorem
741 2869 1003 2922 interimit
1036 2868 1400 2935 abstinentia;
1433 2880 1675 2921 amorem
1706 2852 1913 2936 gloriae,
1945 2866 2047 2919 hu-

381 3030 384 3034 Δ
472 2959 673 3013 militas
706 2973 986 3023 ;amorem
1019 2960 1281 3027 pecunia,
1310 2958 1568 3022 charitas,
1589 2956 1731 3013 sicut
1750 2957 2051 3013 communi-

2140 496 2267 535 eum
2290 495 2415 535 cum
2447 481 2641 536 timore
2664 479 2965 536 custodiat:
3000 475 3211 533 Halitio
3242 476 3450 549 quidem
3492 488 3588 531 aut
3643 483 3722 532 tt-

2142 573 2295 627 tium.
2325 571 2524 627 Malitia
2585 584 2673 629 est
2698 571 2861 629 fallax
2885 571 3152 643 judicium
3174 584 3367 625 eorum
3407 584 3531 639 qua
3573 569 3726 625 intel-

2143 664 2459 735 telliguntur
2485 673 2541 720 et
2566 664 2895 721 sentiuntur.
2927 659 3084 731 Quod
3110 663 3360 734 sequitur
3386 661 3593 718 abusus
3610 660 3722 733 (ξι)

2144 769 2343 810 rerum.
2404 752 2603 809 Malitia
2683 764 2769 810 est
2801 754 3071 826 malignus
3103 768 3237 810 usus
3261 766 3456 808 eorum
3486 765 3724 823 quatuo-

2149 846 2237 901 his
2300 847 2356 901 in
2414 845 2618 900 bonum
2646 859 2677 900 a
2707 844 2816 902 Deo
2841 846 2967 901 data
2993 854 3146 902 sunt.
3180 842 3385 900 Vitium
3433 852 3518 901 est
3542 850 3723 897 motus

2144 938 2362 1002 animae,
2415 945 2604 993 contra
2663 946 2935 1004 naturam,
2996 936 3080 993 vel
3125 936 3195 993 ad
3242 936 3547 994 amicitiam
3594 936 3725 989 irra-

2145 1026 2411 1083 tionalem
2456 1030 2541 1085 vel
2584 1027 2653 1085 ad
2701 1029 2889 1084 odium
2954 1028 3327 1085 indiscretum.
3393 1025 3458 1083 lu
3493 1026 3721 1093 duabus,

2142 1119 2395 1182 maxime,
2450 1118 2783 1190 generalibus
2802 1118 3113 1171 uirtutibus.
3172 1114 3230 1171 In
3263 1114 3590 1172 abstinentia
3620 1113 3724 1169 hu-

2147 1209 2263 1264 mili
2321 1220 2378 1265 et
2436 1209 2744 1265 obedientia
2770 1208 3003 1281 simplici
3037 1226 3052 1262 :
3087 1220 3347 1279 quarum,
3378 1204 3552 1277 prima
3598 1202 3725 1271 qui-

2153 1302 2278 1358 dem
2342 1300 2790 1373 concupiscentia
2841 1311 2898 1357 et
2960 1299 3352 1356 delectationes
3419 1296 3725 1362 interimit;

2150 1395 2394 1451 secunda
2424 1408 2558 1450 vero
2586 1406 2685 1465 per
2707 1391 3181 1450 mortiﬁcationem
3245 1386 3538 1447 voluntatis
3589 1387 3727 1442 inte—

2150 1489 2314 1543 ritum
2354 1488 2598 1544 roborat.

2218 1580 2379 1635 Aliud
2404 1590 2481 1635 est
2510 1579 2895 1651 cogitationum
2919 1577 3186 1633 custodia.
3238 1574 3497 1632 Custodia
3526 1575 3731 1631 mentis

2148 1683 2253 1737 est,
2278 1672 2607 1728 reformatas
2637 1680 2693 1728 et
2730 1671 3011 1727 immissas
3042 1670 3099 1724 in
3143 1676 3326 1725 mente
3348 1682 3447 1740 per
3467 1667 3727 1733 inultum,

2146 1764 2505 1835 cogitationes
2573 1772 2827 1833 potenter
2888 1762 3162 1834 expellere
3204 1777 3218 1814 :
3272 1761 3549 1817 servantia
3598 1774 3727 1816 vero

2148 1861 2349 1915 mentis
2389 1870 2506 1926 est,
2574 1861 2751 1931 ipsam
2796 1858 3023 1915 omnino
3086 1856 3656 1928 non,receptibilem.
3694 1872 3725 1909 a

2146 1951 2539 2023 cogitationum
2592 1950 2768 2006 inultu
2815 1966 3060 2015 servare,
3114 1950 3249 2005 etin
3284 1948 3489 2005 divinis
3510 1963 3731 2019 semper

2147 2043 2439 2099 extendere
2467 2054 2522 2099 et
2566 2042 2803 2098 elevare.
2858 2041 3029 2109 Item,
3072 2041 3327 2098 custodia
3378 2040 3581 2096 mentis
3621 2050 3728 2101 eat.

2149 2137 2415 2208 agonibus
2463 2144 2521 2192 et
2574 2133 2918 2191 orationibus
2958 2134 3172 2207 specics
3202 2134 3595 2206 cogitationum
3640 2149 3733 2188 re-

2148 2228 2369 2299 pulsare
2404 2246 2416 2281 :
2450 2227 2725 2284 servantia
2771 2242 2902 2283 vero
2934 2224 3136 2282 mentis
3181 2233 3297 2291 est,
3343 2221 3733 2296 lncaptivabile

2148 2335 2267 2385 cor,
2292 2330 2346 2376 ct
2376 2319 2703 2375 incurahilis
2728 2319 2937 2376 Christi
2965 2314 3095 2375 ὅθεν
3129 2314 3427 2372 memoria.
3458 2312 3623 2369 Aliud
3650 2322 3733 2367 est

2148 2419 2332 2465 contra
2355 2410 2694 2481 cogitationes
2755 2425 2930 2463 orare.
2988 2406 3105 2463 Hoc
3140 2406 3413 2477 primum,
3461 2402 3731 2459 estinlr-

2152 2518 2368 2559 morum
2395 2514 2453 2557 et
2476 2502 2807 2558 initiantinm
2835 2518 2853 2568 ;
2880 2499 3183 2558 secundum
3207 2507 3294 2555 est
3331 2494 3731 2568 proﬁcientium

2148 2608 2205 2652 et
2248 2596 2572 2653 luctantium
2606 2593 2860 2667 (25-26);
2885 2594 3106 2650 tertium
3134 2601 3219 2648 est
3258 2587 3647 2662 perfectorun,
3674 2599 3734 2643 et

2148 2689 2678 2759 contemplandum,
2721 2697 2780 2743 et
2821 2684 3352 2758 inexpugnabillum.
3398 2679 3735 2753 lmpossibile

2148 2790 2228 2837 est
2254 2796 2346 2851 per
2376 2790 2653 2835 naturam.
2700 2776 2856 2837 lens
2892 2778 3152 2841 humana,
3190 2773 3513 2832 naturaliter
3558 2773 3732 2828 insta-

2149 2872 2276 2929 bilis
2305 2884 2390 2928 est
2435 2882 2491 2928 et
2528 2874 2895 2944 incorporea:
2926 2885 3050 2943 qua
3091 2879 3223 2925 tunc
3265 2885 3299 2924 a
3340 2882 3444 2925 suo
3481 2876 3631 2923 motu
3677 2875 3735 2921 et

2151 2965 2303 3020 varia
2368 2964 2691 3021 seductione
2742 2965 3023 3021 stabilitur
3102 2974 3157 3020 et
3227 2961 3424 3017 neubi
3491 2958 3735 3015 errando

472 3054 646 3107 cativa
682 3061 857 3106 necat.
914 3050 1011 3105 Est
1069 3051 1279 3121 quidem
1329 3049 1642 3120 perdifﬁcile
1695 3066 1784 3104 eas
1844 3059 2123 3131 pertur-c
2154 3057 2451 3128 spargitur,
2502 3062 2641 3111 cum
2680 3053 2824 3123 Deo,
2855 3069 2953 3126 ρει-
2988 3051 3250 3125 Spiritum
3278 3059 3530 3107 sanctum
3580 3058 3733 3103 unita

473 3147 731 3199 batianes.
786 3143 1104 3212 Ubicunque
1132 3141 1483 3213 praesumptio
1518 3142 1601 3197 vel
1635 3142 2051 3212 praeassumptio

474 3238 556 3291 vel
610 3235 918 3306 prmeaptio,
975 3237 1090 3289 sive
1155 3235 1209 3288 in
1266 3232 1547 3304 singulari,
1610 3234 1724 3288 sivc
1770 3233 1824 3286 in
1852 3232 2049 3303 plurali

470 3344 703 3395 numero
756 3328 1016 3385 scribitur
1066 3329 1119 3382 in
1178 3327 1284 3381 hoc
1342 3326 1516 3391 libro;
1588 3335 2051 3395 praeoperatorum

476 3420 725 3477 vitiorum
760 3436 873 3489 non,
899 3420 1259 3477 voluntariam
1284 3421 1602 3473 memoriam
1634 3429 1686 3474 et
1715 3418 2048 3488 passionem,

474 3512 588 3566 sive
620 3528 713 3582 per
755 3512 1021 3578 auditum,
1071 3512 1191 3567 sive
1244 3511 1399 3565 aliter
1447 3509 1844 3575 advenientem,
1896 3509 2049 3566 dicit.

475 3601 653 3669 Unde,
712 3604 1063 3675 praesumptio
1113 3604 1229 3659 sive
1281 3603 1699 3673 prussumptio
1743 3611 1848 3667 est,
1878 3617 1942 3658 ex
1974 3603 2049 3657 vi-

475 3695 614 3748 tiosa
665 3692 981 3763 operatione
1020 3700 1077 3748 et
1127 3692 1527 3748 consuetudine
1586 3692 1747 3749 nobis
1803 3693 2052 3750 immissa

473 3793 530 3839 et
586 3782 885 3840 adveniens
932 3797 1056 3839 cum
1111 3782 1479 3839 abstractione
1526 3783 1773 3839 tentatio.
1822 3781 1889 3839 Et
1913 3798 2047 3854 quo-

472 3884 625 3936 niam
655 3893 720 3935 ex
741 3887 869 3935 ante
898 3879 1125 3950 patratis
1149 3879 1324 3950 culpis
1359 3893 1515 3935 mens
1563 3889 1618 3935 et
1680 3888 1866 3935 nostra
1923 3895 2054 3936 caro

474 3975 830 4029 vehementer
883 3974 1223 4044 plerumque,
1288 3980 1345 4026 ut
1407 3972 1757 4029 cicatricibus
1832 3972 2052 4036 saucias,

474 4062 792 4119 earumdem
839 4063 1117 4120 memoriis
1162 4063 1319 4136 quasi
1345 4064 1574 4135 plagulas
1599 4072 1939 4132 putrescunt,
1999 4074 2055 4119 et

476 4154 583 4210 sub
624 4154 811 4210 multis
875 4156 1269 4213 tentationibus
1322 4156 1707 4211 miserabiliter
1756 4157 2039 4212 incurvan-

476 4254 586 4309 tur,
620 4243 742 4301 ideo
755 4246 997 4309 fsanctus
1023 4245 1154 4300 dicit
1186 4264 1199 4300 :
1228 4244 1325 4301 Est
1352 4246 1559 4316 quidem
1579 4246 1915 4319 perdifﬁcile,
1945 4257 2029 4301 etc

549 4335 779 4392 Timoris
831 4335 1048 4391 Domini
1102 4338 1416 4408 exemplum.
1477 4338 1873 4393 Condescendit
1898 4335 2056 4393 Pater

474 4435 677 4483 nostra:
700 4426 1021 4494 infirmitati,
1049 4439 1105 4483 et
1123 4444 1186 4485 ex
1214 4429 1473 4494 minimis,
1526 4428 1684 4484 nobis
1707 4444 1898 4499 magna
1942 4439 2055 4484 tra-
2085 4408 2131 4463 θ

476 4521 608 4575 dere
664 4532 895 4575 conatur
931 4537 945 4573 :
979 4520 1283 4577 erudiendo
1344 4536 1444 4575 nos
1477 4521 1730 4590 exemplo
1751 4522 2052 4577 bcstiarum

476 4621 534 4669 ut
578 4616 783 4669 amoris
834 4614 1154 4685 corporalis,
1188 4616 1255 4668 ad
1295 4614 1680 4683 possidendum
1711 4614 1954 4670 divinum
1986 4616 2055 4669 ti-

479 4718 685 4758 morem
715 4715 768 4759 et
798 4721 1039 4761 amorem
1066 4726 1078 4759 :
1111 4717 1166 4760 et
1189 4710 1290 4761 hoc
1311 4707 1439 4776 quia
1467 4704 1704 4776 perfecte
1767 4706 1935 4760 Deum
1983 4707 2054 4760 ti-

481 4807 629 4847 mere
683 4802 735 4847 ct
801 4808 983 4848 amare
1052 4810 1158 4848 non
1218 4807 1512 4861 possamus
1564 4802 1780 4861 propter
1810 4798 2052 4845 nostram

481 4886 803 4953 pravitatem
832 4895 887 4939 et
914 4886 1303 4940 infirmitatem.
1368 4885 1424 4939 Si
1452 4886 1597 4940 enim
1630 4884 2055 4953 intelligeremus

478 4974 615 5031 illud
665 4976 812 5048 quod
870 4977 1131 5048 magister
1195 4976 1546 5047 perfectionis
1592 4977 1757 5031 dicit:
1790 4976 1969 5032 Nolite
1991 4978 2057 5029 ti-

477 5084 617 5124 mere
638 5083 723 5121 eos
752 5068 841 5138 qui
866 5070 1112 5122 occidunt
1139 5084 1347 5138 corpus.
1383 5068 1473 5123 sed
1492 5071 1667 5136 potius
1719 5086 1836 5123 cuin
1905 5070 2057 5122 time-

479 5167 529 5211 te
558 5156 647 5226 qui
671 5164 840 5225 potest
881 5171 1069 5225 corpus
1092 5166 1141 5210 et
1196 5157 1429 5210 animum
1483 5157 1696 5225 perdere
1750 5159 1807 5211 in
1872 5156 2057 5226 gehen-

479 5263 602 5303 nam
624 5248 693 5304 ³⁸.
716 5247 781 5304 Et
806 5247 936 5304 illud
957 5267 971 5280 ’
1034 5247 1232 5320 Diliges
1289 5247 1570 5303 Dominum
1596 5247 1763 5303 Deum
1784 5259 1954 5315 tuum,
1992 5264 2057 5303 ea:

481 5350 588 5394 toto
611 5339 766 5393 corde
797 5348 909 5402 tuo,
963 5350 1019 5397 et
1042 5355 1163 5409 quae
1193 5349 1493 5409 sequuntur
1518 5340 1602 5394 ’σε
1658 5355 1765 5394 non
1821 5341 1890 5395 iis
1952 5341 2059 5395 uti—

480 5448 585 5499 que
617 5447 756 5501 opus
790 5433 1075 5488 habemus.
1160 5430 1281 5485 Vidi
1320 5434 1443 5487 item
1476 5430 1761 5501 agricolas.
1803 5431 1859 5485 In
1902 5432 2058 5487 intel—

481 5525 692 5579 lectuali
754 5524 1005 5580 Ecclesia:
1056 5525 1235 5590 vinea,
1284 5526 1589 5580 monachus
1631 5525 1860 5581 virtutes
1900 5540 2061 5581 exco—

2150 3148 2482 3219 copulatur:
2514 3158 2647 3203 tunc
2695 3148 2843 3202 enim
2891 3145 3079 3201 omnia
3129 3144 3187 3199 in
3226 3140 3338 3199 Deo
3384 3142 3589 3205 habet;
3638 3137 3735 3209 qui

2152 3242 2408 3296 ultimum
2434 3254 2559 3296 vere
2591 3238 2977 3308 concupitum,
3000 3250 3097 3308 per
3125 3234 3370 3306 requiem
3397 3240 3455 3288 et
3484 3241 3732 3287 contera-

2152 3330 2446 3402 plationem
2492 3339 2659 3385 tenet.
2704 3326 2801 3384 Vel
2839 3330 2920 3383 sic
2954 3327 3152 3383 iterum
3210 3322 3494 3393 intellige:
3537 3320 3735 3375 Anima

2154 3424 2497 3493 incorporea,
2536 3438 2567 3478 a
2611 3434 2843 3490 corpore
2876 3418 3209 3485 continetur,
3240 3411 3388 3486 quod
3417 3423 3526 3476 est,
3561 3412 3734 3467 solius

2155 3510 2387 3566 infinita
2424 3507 2711 3578 sapientia:
2735 3520 2799 3562 ac
2830 3503 3090 3576 potentiae
3111 3517 3254 3575 opus
3281 3511 3335 3559 et
3358 3499 3731 3556 manifestatic

2154 3614 2317 3671 super
2365 3601 2664 3655 humanam
2715 3598 2984 3653 rationem
3030 3602 3087 3650 et
3127 3604 3385 3657 sensum;
3432 3587 3528 3645 sed
3560 3587 3735 3643 multo

2154 3691 2484 3749 ineﬂabilius
2509 3700 2614 3756 est,
2644 3688 3033 3760 quoniodoper
3061 3683 3325 3756 Spiritum
3346 3691 3600 3740 sanctum
3628 3677 3737 3736 Do-

2154 3785 2339 3839 minus
2385 3770 2462 3837 in'
2485 3796 2548 3838 ea
2596 3785 2825 3836 manet:
2859 3776 3145 3848 quoniam,
3180 3775 3272 3847 qui
3322 3773 3561 3856 attagen
3600 3768 3732 3836 Dec,

2154 3892 2293 3932 unus
2321 3875 2545 3946 spiritus
2580 3880 2657 3927 est
2685 3872 2755 3928 π.
2787 3900 2852 3913 -
2883 3874 3035 3939 Scpe
3073 3866 3388 3938 cupiditatis
3419 3874 3581 3937 atque
3604 3880 3736 3920 m-

2157 3970 2297 4025 ritiw
2326 3969 2566 4040 spiritus.
2630 3964 2888 4035 Suggerit
2915 3961 3128 4018 damon
3153 3959 3428 4026 avaritia,
3458 3972 3569 4016 non
3602 3957 3738 4016 dare

2155 4062 2602 4132 eleemosynam;
2634 4058 2727 4114 sed
2759 4071 2857 4126 per
2888 4053 3286 4121 humilitatem,
3333 4049 3524 4125 fugere
3551 4053 3736 4109 Inita-

2158 4162 2266 4208 tem
2288 4160 2344 4207 et
2371 4165 2571 4207 nomen
2601 4147 3038 4219 eleemosynarii.
3080 4145 3355 4217 Supponit
3373 4145 3522 4202 enim
3543 4184 3560 4208 ,
3587 4146 3734 4216 quod

2156 4258 2223 4301 ex
2249 4243 2355 4299 hoc
2382 4242 2666 4299 hominum
2695 4240 3148 4312 eomptacentiam
3167 4238 3344 4310 fugies
3375 4256 3389 4293 :
3418 4239 3565 4295 sicut
3583 4250 3737 4294 VIIII

2160 4334 2349 4408 gloriae
2381 4334 2622 4402 daemon,
2651 4336 2720 4390 ad
2743 4333 3195 4400 complacendum
3226 4330 3563 4395 hominibus,
3581 4343 3738 4401 posu-

2160 4446 2291 4504 pose
2308 4441 2708 4517 etvapparenter
2731 4430 2864 4487 dare
2882 4430 3094 4487 incitat.
3122 4426 3217 4487 Sic
3235 4428 3451 4485 damon
3471 4426 3731 4483 luxuria:

2160 4522 2477 4579 luxuriosos
2534 4522 2681 4577 enim
2716 4563 2731 4587 ,
2798 4521 2867 4577 ad
2930 4519 3277 4577 tribuendum
3330 4518 3734 4589 elemosynam

2160 4614 2482 4669 exhortatur
2531 4624 2587 4669 et
2635 4612 2885 4677 inclinat,
2936 4610 3249 4681 specialiter
3295 4608 3635 4681 virginibus.
3680 4616 3735 4663 et

2159 4719 2392 4775 corpore
2421 4702 2680 4759 formosis
2706 4743 2721 4767 ,
2774 4713 2835 4758 ut
2887 4702 3255 4758 familiaritate
3288 4700 3469 4757 taliter
3526 4698 3733 4764 habita,

2158 4812 2283 4850 cum
2331 4796 2535 4852 eisdem
2585 4796 2639 4848 in
2695 4793 2909 4849 foveam
2975 4808 3091 4850 sua:
3138 4790 3469 4864 perditionis
3512 4789 3733 4846 cadant.

2162 4886 2522 4954 Quaerendum
2565 4890 2684 4957 quis
2741 4887 2929 4941 horum
2982 4886 3152 4941 altero
3206 4884 3372 4954 fuerit
3412 4882 3667 4937 humilior
3714 4895 3731 4936 ε

2158 4978 2394 5031 Omnino
2426 4978 2513 5032 ille
2542 4978 2637 5047 qui
2681 4987 2805 5048 post
2834 4978 3087 5041 labores,
3128 4974 3602 5031 rcmunerationes
3640 4988 3733 5029 ae-

2160 5069 2311 5139 cipit,
2337 5080 2421 5124 est
2443 5071 2617 5139 magis
2642 5070 2883 5125 humilis.
2916 5070 3075 5123 Aliud
3132 5078 3212 5123 est
3247 5076 3543 5137 peccatum,
3583 5067 3733 5121 aliud

2164 5162 2448 5215 otiositas:
2485 5158 2773 5217 Peccatum
2834 5175 3072 5230 namque
3115 5167 3202 5214 cst
3253 5158 3488 5228 speciei,
3551 5158 3732 5222 modi,

2166 5253 2397 5317 ordinis,
2428 5262 2483 5306 et
2521 5252 2808 5325 dignitatis
2846 5252 3066 5323 proprie
3101 5251 3424 5321 corruptio:
3456 5251 3576 5315 vel,
3612 5265 3736 5321 pce-

2160 5351 2370 5405 catum,
2409 5350 2494 5397 est
2517 5341 2717 5397 divime
2741 5342 2873 5412 legis
2907 5340 3305 5411 praevaricatio,
3332 5349 3387 5395 et
3428 5341 3732 5397 calestium

2163 5435 2535 5490 inobedientia
2578 5433 2982 5490 mandatorum.
3012 5432 3307 5495 (ltiositas,
3336 5439 3422 5487 cst
3442 5446 3551 5487 non
3581 5428 3735 5484 labo-

2165 5542 2288 5582 rarc
2315 5535 2369 5581 ct
2416 5540 2525 5581 non
2584 5524 2799 5596 operari
2837 5538 3001 5595 opera
3042 5522 3163 5589 Dei,
3203 5523 3348 5579 sicut
3377 5521 3484 5578 illis
3525 5520 3731 5575 dictum

482 5613 593 5671 lere
663 5627 883 5673 vocatus
939 5627 1021 5672 est
1057 5678 1062 5683 η
1127 5617 1272 5687 quod
1298 5632 1405 5672 non
1444 5615 1707 5687 implebit,
1757 5618 1861 5671 nisi
1882 5616 2063 5673 cordis
2163 5628 2285 5673 est:
2323 5616 2467 5683 Quid
2490 5620 2644 5673 statis
2672 5629 2784 5672 tota
2816 5618 2899 5671 die
2942 5617 3098 5671 otiosi
3125 5615 3212 5665 "1’
3255 5614 3590 5685 Negligcntia
3627 5620 3731 5677 est,

555 5709 595 5738 ³³
652 5708 839 5765 Matth.
900 5729 973 5776 vr,
1031 5712 1111 5766 13.

555 5804 666 5878 (Μ)
698 5804 862 5863 Vetus
890 5809 1171 5879 interpres,
1209 5810 1369 5865 etiam
1405 5808 1550 5882 legit,
1612 5812 1828 5880 abyssus

1199 5714 1239 5741 "'
1292 5711 1479 5767 Matth.
1522 5728 1573 5776 ι,
1622 5714 1701 5767 18.
1784 5712 1825 5742 ⁸⁸
1858 5713 2040 5769 Matth.
2079 5729 2209 5779 xxii,
2238 5714 2325 5768 57.
2404 5712 2492 5765 ³⁷1
2531 5714 2655 5769 Cor.
2686 5728 2760 5777 vt,
2797 5712 2883 5767 16.

2247 5808 2461 5869 (2.3—9.6)
2494 5810 2654 5865 Vetus
2688 5810 2978 5880 interpres,
3016 5806 3431 5878 agonizantium.
