4008 6148
445 316 572 385 Hii

1634 329 1955 391 SCHOLIA
1996 330 2075 391 ΙΝ
2101 330 2515 392 CLIMACUM-

3572 323 3705 391 l2i2

438 432 656 503 operari
695 430 937 501 quidem,
976 432 1069 486 sed
1100 432 1391 488 insolerter
1422 443 1475 488 ει
1504 434 1772 490 indevotc.
1808 433 2015 489 Vitium
2046 440 2089 497 Α
2122 436 2511 504 malignitatem
2544 474 2560 499 ,
2599 441 2651 487 et
2710 432 3020 503 superbiam
3081 432 3225 487 vita.
3276 427 3465 487 Tertio
3488 471 3505 498 ,
3556 436 3703 503 quod

437 531 556 590 cst,
618 521 967 578 continuatio
1010 516 1065 579 et
1113 524 1408 580 conversio
1460 540 1556 596 per
1592 540 1921 581 consensum
1964 535 2020 582 et

440 610 860 669 delectationem
914 611 1059 668 facta
1110 614 1180 669 ad
1220 628 1284 668 ea
1332 629 1456 685 quae
1486 623 1703 683 nocent,
1739 626 1795 670 et
1825 615 2015 671 illicita

438 712 584 759 sunt.
610 703 822 775 Lapsus
839 713 942 769 est,
966 719 1091 762 cum
1113 708 1180 761 ad
1203 706 1578 763 inﬁdelitatem
1611 717 1706 762 aut
1735 708 2016 764 libidinem

436 806 493 850 et
525 798 814 867 passiones
854 796 1085 854 lubricat
1105 813 1327 867 corpus.
1372 797 1527 869 Stepe
1560 801 1661 869 ﬁt,
1707 809 1767 854 ut
1813 802 2017 872 requies

437 900 528 951 per
566 885 901 942 inimicitias.
961 884 1168 958 Sapius
1207 904 1274 943 es
1308 899 1518 944 natura:
1566 890 1880 960 fragilitate,
1914 898 2013 945 aut

440 976 773 1044 inﬁrmitate,
813 986 911 1033 aut
952 976 1138 1044 senio,
1174 988 1269 1036 aut
1298 996 1363 1036 es
1410 982 1720 1037 obedientia
1766 982 2014 1047 Patrum,

436 1069 654 1136 requies
690 1085 799 1126 non
829 1080 1009 1125 amata
1042 1086 1072 1125 a
1096 1087 1255 1126 servo
1272 1070 1364 1126 Dei
1396 1073 1495 1141 (ait
1519 1071 1702 1145 Pater)
1729 1074 2012 1145 recipitur,

436 1170 559 1227 qua:
591 1158 790 1213 mentis
840 1159 1098 1214 virtutem
1146 1159 1431 1217 inimicitia
1470 1163 1707 1234 evigilat,
1742 1172 1798 1219 et
1830 1166 2015 1220 carnis

439 1246 719 1302 libidinem
749 1264 858 1303 non
886 1249 1189 1305 inﬂammat
1212 1251 1390 1307 :sicut
1413 1252 1578 1307 multa
1605 1253 1788 1309 carnis
1811 1265 2016 1309 macta-

443 1340 540 1404 tio,
573 1353 683 1392 non
718 1338 997 1395 humiliter
1046 1350 1103 1396 et
1145 1343 1381 1399 diserete
1424 1344 1565 1411 facta
1599 1345 1785 1400 carnis
1830 1353 2013 1401 motus

440 1427 633 1484 incitat
675 1438 899 1500 pr0pter
934 1430 1139 1487 eLatum
1179 1449 1394 1502 sapere.
1434 1436 1582 1499 licet,
1625 1436 1903 1491 humiliter
1929 1436 2013 1507 je-

431 1517 775 1589 junantibus.
795 1523 897 1578 hoc
914 1523 1093 1594 ipsum
1114 1541 1181 1580 ex
1201 1527 1383 1581 divina
1409 1528 1752 1597 providentia
1784 1537 2012 1584 sanctus

435 1610 600 1669 Pater
638 1613 929 1682 similiter,
985 1616 1313 1689 quandoque
1363 1622 1679 1691 contingere
1723 1621 1913 1675 dicat:
1952 1628 2013 1675 ut

435 1702 676 1773 perfecte
705 1703 1079 1770 humiliemur,
1118 1717 1174 1763 et
1224 1725 1331 1763 non
1365 1709 1706 1766 conﬁdamus
1741 1713 1795 1767 in
1828 1712 2009 1782 operi-

2122 527 2270 581 Dcus
2297 534 2381 579 est
2405 524 2625 588 animae,
2661 523 2765 576 hoc
2797 522 2980 576 anima
3012 531 3162 576 esset
3206 522 3446 591 corpori,
3481 538 3702 577 onmem

2120 633 2150 673 a
2184 633 2243 674 se
2267 617 2664 673 animalitatem
2691 623 2746 671 et
2775 613 3100 669 ieralitatem
3134 614 3401 684 repellens
3421 654 3437 678 ,
3473 623 3529 668 et
3557 615 3706 684 quod

2121 710 2233 766 Deo
2283 709 2521 764 amicum
2567 717 2652 765 est
2694 715 2749 762 et
2793 705 3188 776 beneplacitum
3240 721 3490 776 quaerens
3526 717 3579 761 et
3623 716 3706 762 te-

2122 814 2281 867 nens,
2315 800 2449 855 nihil
2480 798 2873 855 inconveniens
2888 806 2944 851 et
2972 796 3327 852 deformeaut
3347 796 3703 852 inhonestum

2119 901 2317 949 contra
2346 906 2406 948 se
2436 890 2734 962 praevalere
2763 889 3126 960 permitteret,
3145 897 3201 942 et
3225 889 3405 943 odiret
3436 890 3704 959 superbia:

2116 984 2366 1049 malum,
2419 991 2477 1037 et
2529 983 2698 1038 altum
2749 996 2939 1051 sapere
2993 980 3235 1051 lugeret,
3291 990 3347 1036 et
3403 981 3705 1037 humilibus

2115 1077 2472 1134 consentiret.
2503 1074 2758 1131 Tenetme
2788 1075 3053 1129 uehemens
3106 1061 3418 1129 admiratio.
3453 1072 3533 1128 Eo
3553 1075 3701 1145 quod

2115 1169 2291 1224 multo
2335 1168 2511 1238 levius
2558 1177 2642 1222 est
2684 1167 2751 1221 ad
2805 1165 3219 1236 exsequendum
3281 1165 3545 1221 contrarii
3576 1181 3703 1222 cor-

2115 1261 2301 1332 ruptio
2329 1274 2493 1330 quam
2530 1259 2725 1323 virtus,
2770 1257 2994 1313 zelabile
3040 1256 3260 1328 quidem
3293 1266 3349 1313 et
3388 1266 3701 1328 promptum

2114 1353 2392 1423 negotium
2446 1358 2532 1406 est
2574 1350 2701 1405 ﬁliis
2756 1351 3062 1413 hominum,
3100 1348 3450 1417 animalitas;
3497 1362 3553 1406 ει
3582 1352 3704 1406 ideo

2113 1443 2322 1499 dictum
2376 1453 2462 1499 est
2505 1445 2587 1499 eis
2646 1460 2662 1499 :
2735 1439 2866 1496 Filii
2913 1442 3214 1510 hominum,
3242 1459 3510 1514 aequeque
3554 1447 3703 1516 gravi

2113 1531 2270 1587 corde
2292 1531 2372 1584 ⁸ίῖ
2395 1543 2448 1587 ει
2472 1535 2666 1586 iterum
2694 1549 2707 1586 :
2746 1530 2854 1603 Ego
2879 1529 2992 1584 δίει
3008 1532 3063 1584 in
3087 1547 3303 1586 excessu
3336 1548 3487 1586 meo:
3518 1531 3700 1588 Omnis

2113 1623 2270 1676 homo
2301 1621 2528 1677 mendax
2551 1622 2617 1677 ⁸ο.
2657 1620 2825 1688 Sane,
2852 1620 2928 1675 nil
2964 1620 3039 1676 ita
3066 1621 3217 1685 leve,
3257 1629 3316 1675 ut
3355 1620 3470 1676 ﬁeri
3497 1620 3697 1676 malos.

2115 1715 2337 1770 etiamsi
2372 1730 2478 1770 non
2508 1713 2671 1769 fuerit
2693 1715 2758 1768 ad
2778 1712 3043 1769 malitiam
3073 1713 3484 1783 nosquisquatu
3507 1728 3697 1783 agens,

440 1795 544 1849 bus
574 1801 797 1852 nostris.
830 1795 903 1852 Hi
934 1798 1145 1867 quidem
1183 1800 1274 1869 qui
1321 1817 1551 1870 superne
1594 1804 1833 1871 sapiunt.
1865 1779 2006 1858 VSine
2042 1779 2087 1835 Β
2114 1806 2218 1862 hoc
2248 1807 2394 1860 enim
2418 1816 2502 1861 est
2521 1805 2667 1876 quod
2705 1804 2942 1860 maxime
2985 1779 3349 1860 circumvcnii
3371 1779 3695 1867 bonitatem.

432 1885 637 1940 virtute
660 1886 808 1942 enim
834 1896 888 1942 et
915 1888 1036 1943 sine
1063 1890 1351 1960 sapientia,
1383 1905 1543 1946 nemo
1576 1891 1778 1947 salvari
1808 1899 2005 1961 potest.

436 1972 594 2033 Unde
647 1977 829 2033 omnis
873 1980 968 2050 qui
1016 1980 1207 2036 salutis
1250 1982 1310 2036 lit
1347 1983 1648 2054 particeps.
1707 1995 2008 2053 supernam

434 2068 804 2124 han-editatem
854 2081 975 2125 actu
1023 2087 1118 2127 seu
1145 2075 1600 2144 contemplatione
1628 2077 1861 2131 sortitur
1902 2095 1916 2129 :
1951 2087 2009 2131 et

431 2159 582 2215 aliud
628 2160 869 2217 medium
920 2177 1027 2218 non
1064 2173 1168 2219 est.
1214 2164 1318 2232 Qui
1365 2181 1499 2236 ergo
1545 2168 1786 2237 neglecta
1822 2169 2005 2224 divina

430 2253 770 2321 summitate,
788 2255 1000 2325 seipsos
1026 2256 1094 2310 ad
1115 2257 1366 2328 corporis
1391 2258 1705 2313 allectiones
1723 2258 2004 2327 inclinant,

430 2352 525 2400 aut
546 2347 639 2416 qui
668 2346 899 2402 viriliter
917 2356 973 2403 et
999 2348 1267 2405 hostiliter
1286 2360 1475 2405 contra
1500 2351 1628 2405 vitia
1651 2364 1705 2407 et
1726 2350 2007 2409 «Immunes

428 2449 676 2508 pugnare
721 2448 977 2495 recusant
1014 2458 1027 2494 :
1059 2441 1319 2499 abstracti
1361 2454 1417 2497 et
1463 2440 1627 2498 illecti
1653 2458 1685 2498 a
1730 2444 2005 2513 corporali

427 2532 632 2600 quiete,
671 2546 766 2599 per
806 2535 1270 2605 segregationcm,
1296 2550 1326 2590 a
1360 2536 1562 2592 virtute
1593 2536 1849 2593 deorsum
1880 2553 2005 2610 per-

425 2632 583 2694 gttnt.
633 2624 815 2692 Quare
866 2626 1054 2681 aeterni
1118 2628 1271 2699 regni
1334 2629 1655 2699 possessio,
1715 2628 1851 2687 solis
1903 2632 2003 2702 qui

425 2732 661 2787 superna
692 2720 913 2789 sapiunt
943 2718 1104 2775 datur
1140 2740 1154 2776 :
1181 2736 1282 2776 nec
1312 2730 1397 2777 est
1429 2731 1697 2778 statutum
1738 2724 1866 2781 ﬁliis
1906 2725 2003 2781 ho-

425 2807 631 2860 tninnm
680 2808 919 2863 medium
950 2809 1098 2863 aliud
1136 2810 1359 2875 salutis,
1398 2825 1565 2883 quam
1605 2828 1701 2882 per
1743 2814 1999 2870 virtutem

422 2903 479 2951 et
525 2895 813 2953 scientiam
872 2912 1106 2968 superna
1158 2914 1373 2971 sapere.
1425 2901 1608 2969 Quare
1661 2903 1805 2959 sicut
1860 2904 2002 2960 inter

423 2989 718 3046 morientes
774 2991 830 3044 iu
883 2993 1031 3048 vitiis
1082 3001 1137 3047 et
1167 2995 1439 3065 pecuniis,
1483 3002 1541 3050 et
1584 2995 1880 3066 migrantes
1932 2997 2000 3054 ad

2111 1897 2444 1967 malignitas,
2492 1913 2677 1951 rarum
2713 1896 2990 1966 negotium
3026 1898 3309 1965 possessio
3350 1894 3502 1958 boni,
3540 1904 3594 1949 et
3625 1895 3695 1949 ad

2108 1987 2334 2044 bonum.
2392 1986 2750 2043 Attendentcs
2802 1987 2985 2057 pauci,
3043 1988 3298 2057 quamvis
3341 1988 3573 2041 multum
3623 1988 3696 2042 sit

2107 2080 2254 2151 quod
2292 2079 2520 2135 advocat
2551 2087 2608 2135 ει
2647 2080 2813 2134 trahit
2863 2078 2930 2132 ad
2974 2078 3136 2133 istud.
3184 2075 3249 2132 Et
3287 2077 3391 2132 hoc
3435 2077 3692 2148 estquod

2107 2175 2336 2247 Aggums
2373 2175 2637 2246 propheta
2682 2174 2816 2229 dicit
2853 2193 2867 2229 :
2914 2173 3246 2242 Interrogati:
3285 2173 3581 2227 sacerdotes
3627 2170 3694 2226 de

2106 2266 2236 2338 lege,
2272 2277 2449 2320 utrum
2478 2284 2604 2321 caro
2650 2267 2991 2337 sancti/irata
3029 2266 3327 2333 sancti/iret
3363 2264 3433 2317 “.
3463 2262 3529 2319 Et
3557 2279 3693 2318 con-

2105 2369 2399 2426 sequenter
2424 2356 2744 2422 ostendens,
2771 2357 2896 2425 quia
2930 2354 3223 2411 dilliculter
3264 2364 3351 2409 est
3388 2353 3693 2424 apprehen-

2105 2449 2264 2504 sibile
2298 2448 2498 2503 bonum
2548 2447 2801 2502 humanae
2847 2454 3077 2511 naturae,
3129 2456 3388 2515 tanquam
3432 2444 3592 2513 ignis,
3634 2444 3688 2497 in

2105 2527 2314 2612 aquosa
2341 2551 2397 2596 et
2434 2541 2660 2596 humida
2706 2540 2934 2595 materia
2968 2552 2985 2592 :
3020 2538 3196 2609 parati
3241 2544 3424 2591 autem
3459 2536 3525 2591 ad
3560 2535 3687 2589 mali

2103 2630 2579 2702 participationem
2630 2638 2760 2685 sunt
2804 2626 3059 2699 plurimi,
3105 2625 3251 2681 sicut
3293 2622 3498 2694 stipula
3534 2637 3689 2693 qum-

2104 2723 2249 2788 dam,
2282 2737 2314 2776 a
2354 2722 2588 2777 scintilla
2628 2721 2771 2792 ignis
2798 2730 2855 2775 et
2887 2728 3051 2774 vento
3080 2729 3313 2774 accensa
3351 2725 3407 2772 et
3427 2729 3690 2771 consum-

2103 2821 2215 2883 pta.
2236 2812 2404 2868 Solvit
2426 2822 2608 2868 tamen
2636 2810 2801 2867 Pater
2823 2809 3203 2881 quaestionem,
3220 2808 3287 2862 ad
3304 2806 3689 2878 mysteriorum

2103 2912 2313 2958 secreta
2363 2901 2695 2973 speculanda
2747 2916 2847 2957 nos
2902 2899 3189 2955 inducens.
3248 2897 3339 2953 Ait
3378 2910 3512 2967 ergo
3565 2914 3579 2950 :
3627 2894 3687 2949 Si

2102 2993 2284 3049 omnia
2341 3002 2527 3049 creata
2580 2999 2805 3048 servant
2851 3002 2908 3046 et
2948 2990 3151 3046 habent
3172 2988 3322 3060 quod
3365 2988 3691 3044 naturaliter

423 3078 592 3137 Deum
648 3098 775 3138 cum
829 3085 1119 3141 virtutibus
1172 3094 1229 3141 et
1263 3086 1551 3153 charitate,
1597 3098 1685 3146 est
1731 3100 1992 3157 statuere,

2105 3093 2434 3153 acceperunt
2468 3084 2522 3138 in
2550 3082 2848 3148 creatione,
2873 3079 3151 3152 quomodo
3174 3081 3360 3145 homo,
3380 3078 3475 3151 qui
3507 3076 3690 3149 imago

420 3174 489 3229 ad
549 3176 929 3245 paenitentiam
1003 3175 1173 3233 Deum
1256 3179 1628 3249 placandum,
1714 3181 2003 3237 cohabita-
2105 3175 2202 3231 Dei
2254 3177 2398 3230 inter
2465 3184 2747 3231 creaturas
2797 3183 2917 3239 est,
2971 3174 3125 3230 carni
3163 3171 3505 3239 corruptibili
3549 3185 3686 3226 con-

422 3267 587 3323 tionis
657 3268 921 3338 medium,
978 3269 1071 3326 sed
1150 3279 1352 3327 eterna
1438 3272 1687 3343 utrisque
1760 3274 2006 3330 redditur
2098 3268 2322 3338 junctus
2346 3266 2757 3334 est?subaudi,
2802 3268 2932 3339 quia
2974 3282 3073 3337 per
3116 3265 3350 3322 liberum
3393 3264 3686 3321 arbitrium

422 3360 640 3415 mansio
678 3362 977 3417 secundum
1021 3363 1368 3431 operationes
1408 3375 1463 3420 et
1491 3366 1704 3422 merita.
1754 3367 1999 3437 Quapro-

420 3462 539 3519 pter
585 3461 808 3505 sanctus
834 3452 969 3507 dicit
998 3471 1014 3507 :
1046 3449 1149 3518 Qui
1181 3468 1417 3524 superna
1449 3456 1692 3526 sapiunt,
1734 3459 2003 3529 segregati

420 3557 450 3595 a
480 3541 629 3598 vitiis
661 3555 717 3598 et
757 3558 990 3614 corpore
1040 3546 1463 3614 particulariter,
1508 3563 1541 3603 a
1590 3558 1773 3605 mente
1815 3559 1869 3605 et
1915 3549 2001 3606 af-

419 3636 565 3691 fectu
596 3637 664 3693 ad
698 3639 941 3694 caelestia
976 3639 1209 3695 redeunt
1240 3660 1253 3695 :
1284 3642 1380 3712 qui
1407 3655 1538 3697 vero
1557 3649 1689 3698 sunt
1717 3642 1998 3712 deorsum,

419 3730 474 3783 id
502 3739 605 3792 est,
647 3733 745 3802 qui
794 3732 850 3787 in
885 3734 1126 3802 peccatis
1172 3746 1226 3790 et
1272 3734 1416 3791 vitiis
1474 3747 1893 3800 conversantur,
1929 3737 1999 3793 ad

420 3820 649 3887 inferos,
689 3838 976 3893 plenarum
1020 3825 1162 3890 loca,
1202 3826 1561 3896 descendunt,
1596 3844 1694 3885 nec
1728 3830 1861 3900 ipsis
1885 3838 1999 3887 me-

417 3919 571 3973 dium
608 3919 675 3975 ad
730 3922 985 3976 meritum
1027 3923 1264 3994 amplius
1318 3925 1608 3982 tribuetur.
1650 3924 1792 3981 Dicit
1826 3926 1995 3983 etiam

415 4013 563 4080 quod
599 4028 770 4069 unum
824 4025 1135 4071 crcatorum
1175 4016 1232 4072 in
1289 4018 1503 4085 altero,
1555 4018 1606 4073 id
1654 4029 1779 4084 est,
1815 4020 1995 4075 anima

416 4105 700 4162 rationalis
726 4108 778 4162 in
800 4122 1046 4179 corpore,
1074 4111 1283 4182 accepit
1310 4126 1454 4175 csse,
1482 4119 1535 4167 et
1559 4121 1677 4178 est;
1711 4113 1991 4177 nimirum,

415 4199 548 4268 quia
597 4213 625 4253 a
683 4214 929 4269 corpore
966 4211 1214 4271 separata
1268 4203 1483 4267 anima,
1532 4211 1783 4257 naturam
1829 4203 1996 4258 habet

2106 3362 2427 3427 henoratus,
2490 3362 2657 3416 Deum
2715 3360 3095 3426 inhonoravit,
3151 3375 3251 3415 nec
3318 3365 3501 3415 servat
3536 3354 3689 3427 quod

2106 3453 2319 3523 accepit
2352 3455 2410 3507 in
2433 3454 2747 3509 conditione
2769 3463 2825 3509 et
2856 3452 3090 3517 factura,
3125 3451 3221 3507 sed
3250 3448 3342 3505 Dei
3373 3447 3689 3504 adversario

2101 3560 2262 3601 suum
2295 3545 2514 3600 tradidit
2546 3545 2937 3616 principatum,
2973 3543 3085 3598 Deo
3119 3541 3440 3598 inobediens
3461 3539 3640 3597 iactus
3669 3558 3683 3595 :

2104 3638 2228 3693 ideo
2278 3638 2528 3693 lucralur
2570 3647 2829 3701 mortem,
2875 3646 2936 3691 ut
2982 3635 3114 3690 odio
3146 3634 3345 3690 habeat
3375 3641 3683 3705 peccatum,

2099 3742 2155 3789 et
2180 3731 2344 3787 ﬁnem
2391 3732 2627 3802 accipiat
2648 3730 2877 3795 malum,
2916 3739 2972 3786 et
3000 3729 3060 3785 ﬁt
3089 3728 3419 3801 benignitas.
3449 3726 3682 3799 punitio,

2098 3822 2250 3895 quia,
2287 3824 2470 3879 taliter
2510 3824 2788 3880 adhaerere
2830 3823 2961 3890 Deo,
3008 3823 3277 3879 eruditur.
3322 3820 3463 3888 Quia
3527 3833 3680 3889 ergo,

2100 3931 2198 3987 per
2256 3926 2580 3986 peccatum,
2655 3929 2763 3969 non
2840 3931 2962 3971 sum
3032 3914 3162 3969 illud
3226 3914 3371 3984 quod
3428 3912 3684 3968 conditus

2096 4024 2220 4065 sum
2269 4024 2283 4060 :
2345 4008 2466 4062 ideo
2507 4008 2950 4078 Concupiscentia
2992 4016 3047 4061 et
3081 4005 3386 4077 ignorantia
3433 4007 3682 4075 plagatus

2095 4118 2215 4158 sum
2247 4144 2262 4167 ,
2302 4112 2356 4155 et
2399 4103 2783 4157 insatiabiliter
2826 4111 3021 4171 appeto
3064 4111 3117 4154 ει
3158 4100 3490 4166 concupisco
3534 4099 3679 4168 quod

2095 4195 2296 4248 malum
2332 4202 2435 4249 est.
2482 4192 2585 4249 Sed
2626 4194 2753 4263 quia
2795 4194 2963 4248 semel
3009 4193 3233 4262 punitus
3274 4206 3394 4246 sum
3420 4228 3434 4253 .
3467 4202 3523 4244 et
3551 4205 3671 4243 cru

418 4292 473 4344 in
504 4294 797 4362 semetipsa
838 4292 1075 4364 perfecte
1123 4295 1455 4358 consistere.
1491 4296 1804 4367 relinquens
1833 4295 1993 4353 nobis
2092 4290 2219 4341 dior
2248 4286 2492 4357 quotidie
2517 4285 2764 4357 ﬂagellis,
2797 4294 2853 4340 et
2880 4285 3005 4349 hoc,
3035 4300 3103 4339 ne
3127 4282 3497 4340 damnationis
3518 4291 3677 4336 mter-

419 4386 693 4455 iizquirere
747 4403 918 4456 quare
974 4388 1156 4442 anima
1210 4387 1381 4459 peiuri
1425 4388 1676 4458 colligata
1723 4397 1827 4455 est,
1863 4391 1989 4460 quia

413 4489 469 4532 et
502 4479 603 4533 hoc
634 4481 811 4547 ipsum
857 4495 979 4532 cum
1023 4478 1278 4549 prtedicta
1324 4479 1556 4547 ratione,
1593 4495 1766 4552 quare
1807 4482 1989 4537 anima

414 4584 538 4624 cum
575 4586 742 4625 carne
783 4572 946 4641 ligata
971 4582 1075 4637 est,
1107 4580 1238 4628 sunt
1264 4572 1380 4628 ista
1412 4591 1427 4627 :

483 4659 669 4718 Primo
699 4673 757 4717 ut
778 4679 875 4733 ρει·
901 4680 1129 4736 agonem
1158 4674 1212 4719 et
1234 4663 1433 4720 luctam
1469 4674 1657 4721 contra
1687 4666 1918 4723 visibilia
1940 4676 1995 4723 et

318 4790 321 4793 ‹
415 4754 887 4825 cuncupiscibilia,
937 4754 1164 4827 gloriam
1210 4754 1535 4824 promissam
1564 4753 1844 4811 hzereditet
1885 4771 1898 4809 :
1938 4766 1995 4811 et

410 4846 775 4917 quasiaurum
792 4849 847 4903 in
867 4846 1105 4911 fornace.
1130 4848 1657 4912 tribulationibus,et
1682 4848 1996 4904 tentatioui-

413 4939 516 4994 bus
535 4946 590 4994 et
605 4937 886 4994 dJloribus
904 4940 1167 5000 cruciata,
1188 4939 1432 4995 bravium
1450 4940 1714 4991 virtutum
1736 4938 1985 5006 accipiat.

413 5028 520 5085 Si...
549 5040 605 5085 ct
637 5030 743 5086 hoc
768 5030 825 5085 ﬁt
856 5046 921 5085 ex
950 5045 1163 5086 summa
1204 5029 1297 5084 Dei
1330 5032 1596 5091 bonitate.
1632 5030 1722 5100 qui
1746 5032 1989 5100 disponit

414 5129 474 5174 ut
535 5135 642 5175 non
702 5130 912 5177 tantum
974 5137 1077 5176 suo
1129 5123 1276 5177 dono
1321 5131 1376 5178 et
1427 5122 1601 5193 gratia
1653 5123 1989 5192 accipiamus

413 5221 652 5283 sperata,
685 5215 935 5287 quinimo
980 5222 1034 5269 ει
1068 5214 1336 5271 electione
1361 5214 1666 5270 voluntaria
1706 5223 1759 5269 et
1788 5230 1987 5285 coope-

412 5307 622 5362 ratioue
648 5306 801 5361 liberi
834 5306 1044 5361 arbitrii
1081 5306 1295 5373 nostri,
1328 5307 1560 5378 benigne
1588 5318 1837 5363 nostrum
1870 5309 1985 5362 ﬁeri

412 5394 585 5450 voluit
613 5395 760 5465 quod
790 5395 991 5451 bonum
1023 5404 1078 5449 et
1099 5410 1260 5450 suum
1286 5405 1389 5449 est.
1419 5392 1694 5462 Secundo,
1735 5405 1814 5461 ut,
1840 5396 1986 5466 quod

408 5488 562 5557 pejus
606 5497 690 5543 cst
736 5487 809 5559 (id
856 5495 942 5543 cst
991 5490 1234 5554 carnem)
1285 5488 1465 5542 anima
1518 5497 1733 5558 cegeret
1782 5489 1985 5545 servire

413 5580 649 5647 spiritui.
686 5588 742 5634 et
768 5578 1025 5634 onmibus
1070 5579 1426 5633 sensibilibus
1469 5580 1830 5649 superposita,
1867 5580 1981 5633 dis-

412 5673 643 5726 solveret
675 5682 727 5727 ct
757 5671 1082 5736 destrueret,
1125 5688 1343 5727 omnem
1377 5674 1897 5743 concupiscentimn,
1926 5682 1979 5730 ει

486 5801 745 5863 "Matth.
789 5821 880 5868 xx,
916 5804 965 5857 6.
1045 5805 1086 5835 ⁵ο
1155 5805 1294 5862 Padi.
1355 5823 1424 5872 μ’,
1452 5807 1504 5866 3.

1584 5807 1624 5839 κο
1687 5805 1828 5863 l’sal.
1860 5824 1981 5877 ω,
2017 5808 2094 5864 ll.

2095 4396 2180 4437 me
2203 4379 2469 4450 judicium
2496 4381 2798 4444 incurram,
2830 4388 2885 4435 et
2920 4378 3009 4433 Dei
3036 4378 3259 4433 verbum
3287 4377 3354 4431 ad
3385 4391 3473 4431 me
3496 4379 3676 4444 (suam

2094 4473 2411 4544 imaginem)
2440 4474 2588 4529 venit
2620 4482 2680 4527 ut
2711 4473 2950 4527 salvaret
2991 4473 3286 4543 imaginem
3309 4513 3324 4537 ,
3367 4479 3422 4524 et
3453 4482 3674 4524 carnem

2094 4570 2298 4626 faceret
2320 4568 2706 4630 immortalem,
2727 4576 2785 4623 et
2805 4566 3035 4637 gratiam
3063 4574 3117 4619 et
3149 4573 3467 4635 potestatem
3489 4562 3674 4627 dedit,

2094 4674 2155 4719 ut
2186 4663 2368 4718 ﬁerem
2398 4671 2451 4717 et
2476 4677 2655 4717 essem
2688 4661 2833 4715 ﬁlius
2872 4657 2964 4714 Dei
3009 4665 3065 4714 et
3106 4657 3321 4713 haeres:
3364 4655 3676 4711 excusatio-

2096 4771 2220 4813 nem
2253 4771 2360 4809 noo
2398 4754 2572 4810 habeo
2601 4754 2645 4810 si
2675 4754 2853 4823 ipsum
2893 4767 3000 4807 nou
3039 4764 3243 4821 sequor
3265 4791 3280 4813 ,
3318 4749 3365 4804 si
3395 4748 3462 4801 ad
3495 4747 3675 4818 ipsum

2097 4866 2207 4905 non
2247 4847 2453 4918 aspicio
2475 4889 2488 4912 ,
2535 4847 2579 4900 si
2620 4849 2685 4899 ad
2732 4846 2908 4914 ipsum
2948 4859 3015 4898 es
3046 4851 3163 4896 toto
3192 4840 3359 4898 corde
3395 4846 3449 4894 et
3480 4838 3672 4894 allecto

2095 4940 2351 4998 continue
2375 4958 2480 4997 non
2505 4941 2708 5010 aspiro,
2732 4938 2859 5009 quia
2886 4938 3001 5008 ipse
3024 4948 3107 4992 est
3138 4934 3279 4991 Dens
3303 4949 3462 4990 verus
3485 4941 3540 4988 ει
3564 4934 3672 4989 vita

2093 5046 2319 5091 acterna.

2162 5128 2337 5185 Siculi
2355 5131 2499 5184 varia
2516 5138 2635 5183 sunt
2656 5128 3004 5181 humanorum
3023 5124 3297 5179 oculorum
3319 5121 3544 5176 lumina.
3573 5118 3669 5175 llic

2093 5240 2285 5280 novem
2313 5224 2644 5278 differentias
2675 5229 2729 5276 et
2759 5220 3052 5273 varietates
3084 5212 3522 5271 obumbrationis
3553 5229 3671 5279 gr...
3754 5256 3757 5259 ,

2095 5316 2181 5369 tiae
2208 5313 2507 5382 spiritualis
2542 5311 2656 5365 ﬁeri
2695 5326 2722 5363 a
2754 5308 2974 5361 Christo
3006 5306 3060 5360 in
3105 5305 3286 5359 anima
3328 5317 3452 5372 quae
3500 5299 3666 5353 Dcqu

2091 5405 2283 5474 diligit,
2314 5415 2513 5459 narrat.
2549 5402 2786 5457 Prin-unt
2812 5415 2939 5455 vero
2965 5398 3117 5460 dicit,
3140 5412 3259 5465 qua:
3284 5394 3342 5449 lit
3370 5409 3464 5465 per
3493 5393 3667 5461 Iacry-

2097 5511 2213 5547 mas
2255 5494 2572 5563 (τοι-ικπειιυε
2616 5494 2669 5546 in
2713 5492 2905 5559 spiritu
2958 5484 3422 5547 conturbationis;
3467 5496 3666 5536 secum

2093 5582 2214 5635 tiam
2235 5623 2247 5645 ,
2290 5598 2410 5649 qum
2437 5582 2495 5633 lit
2527 5596 2620 5649 per
2646 5580 2917 5647 lacrymas
2946 5572 3251 5629 devotionis
3275 5580 3329 5626 ct
3361 5570 3564 5625 amoris
3598 5570 3664 5622 ad

2093 5673 2259 5729 Deum
2292 5715 2304 5735 ,
2345 5690 2482 5743 quas
2530 5671 2840 5743 spiritunlcs
2869 5676 3053 5735 vorat,
3096 5675 3147 5723 ει
3179 5668 3279 5722 hoc
3310 5666 3368 5721 Iit
3396 5667 3448 5721 in
3474 5664 3671 5737 spiritu

2180 5810 2215 5839 ”
2258 5808 2393 5879 Agg.
2437 5823 2494 5873 ll,
2545 5807 2623 5861 ιδ.
