4008 6148
427 346 564 412 lita

1543 348 1604 406 S.
1647 346 1966 408 JOANNIS
2010 348 2524 412 llAl'l‘llL'liNSlS

3549 348 3681 415 1-245

424 455 672 529 pictatis;
719 453 933 508 tertiam
963 452 1095 505 dicit
1139 468 1260 522 qua:
1294 452 1352 505 lit
1400 466 1495 523 per
1532 461 1722 508 oculos
1755 457 2002 523 corporis
2034 465 2075 520 Α
2105 456 2278 511 satire
2313 458 2674 527 relinquimur
2704 465 2763 512 ut
2796 465 3109 514 tentenmr:
3143 459 3287 529 quod
3324 460 3400 514 sol
3431 462 3677 531 cognmit

424 549 645 621 quando
676 564 772 614 per
807 563 869 602 ea
920 562 1041 617 qua:
1083 546 1336 601 videntur
1363 546 1431 601 ad
1477 549 1917 617 cognoscendum
1947 557 2002 602 et

424 644 754 700 laudandum
802 639 1061 693 faetorem
1113 654 1334 694 sursum
1384 641 1600 710 agimur
1648 648 1703 695 et
1734 640 2000 706 levamur,

425 734 728 793 secundum
755 731 1109 801 Apostolttln;
1141 741 1393 801 quartam
1418 746 1549 788 vero
1571 732 1705 789 dicit
1732 748 1854 788 cam
1881 749 2005 804 qua:

423 833 503 877 est
537 839 631 894 per
660 823 1053 877 intellectuales
1076 822 1267 876 oculos
1289 862 1305 884 ,
1340 824 1599 889 quoniam
1629 831 1815 878 noster
1843 822 2005 878 intel-

425 920 596 975 lectus
641 917 996 988 intelligentia
1048 915 1470 988 intelligibilinm
1525 916 1897 985 illuminatur,
1949 926 2006 974 et

423 1028 492 1067 es
527 1011 679 1066 nullo
706 1009 1107 1073 (assistentium,
1142 1007 1237 1065 sed
1264 1007 1447 1079 ignote
1478 1010 1656 1064 solum
1682 1012 1830 1065 circa
1860 1008 2006 1065 divi-

425 1120 495 1159 na
521 1111 788 1158 movetur.
813 1102 964 1156 Illam
997 1114 1127 1156 vero
1155 1115 1278 1169 quae
1308 1101 1368 1155 lit
1388 1113 1459 1154 ex
1491 1099 1678 1153 auditu
1704 1099 1850 1154 verbi
1878 1101 2006 1153 illu-

424 1195 814 1256 niinatiouem,
859 1206 927 1247 es
972 1188 1114 1255 (ide,
1154 1187 1210 1244 iu
1256 1188 1382 1244 lldei
1422 1199 1583 1259 gustu
1631 1189 1826 1245 iactam
1871 1190 2005 1246 dicit

421 1302 547 1340 cum
617 1282 1056 1338 tumuit-statione
1133 1280 1354 1352 aliquali
1407 1284 1790 1353 mysteriorum
1866 1281 1999 1341 Dei:

423 1395 546 1449 qua:
574 1394 702 1432 \'ct‘o
724 1384 806 1430 est
835 1389 865 1428 ο
895 1390 954 1429 se
993 1384 1166 1438 mota,
1200 1374 1255 1427 in
1286 1374 1506 1437 anima,
1542 1375 1835 1431 exsultatio
1855 1415 1870 1439 ,
1911 1376 2002 1433 illa

422 1480 508 1525 t'st
528 1513 542 1533 ,
577 1472 645 1525 de
672 1486 778 1540 qua
809 1466 1048 1523 Joannes
1073 1465 1243 1521 dicit:
1281 1466 1424 1532 Quia
1452 1470 1631 1521 unctio
1658 1469 1773 1539 ejus
1798 1468 2004 1526 docebit

423 1580 518 1616 nos
553 1563 619 1616 de
657 1561 897 1617 onnu'bus
937 1560 1004 1613 ".
1058 1559 1188 1614 Eant
1224 1570 1404 1614 autent
1438 1576 1561 1629 qua:
1604 1577 1662 1614 ei
1704 1563 2005 1619 remotione

419 1654 811 1725 cogitationum
865 1664 987 1719 est,
1018 1652 1407 1706 discretionem
1453 1652 1585 1707 dicit
1629 1663 1684 1710 et
1731 1657 2001 1709 servatio-

421 1766 546 1806 nem
582 1789 598 1811 ,
652 1762 779 1803 eum
826 1748 1173 1817 susceptione
1229 1746 1426 1799 divina!
1479 1746 1893 1802 illuminatinnis
1949 1757 2003 1803 et

2102 549 2360 613 diluculo,
2386 550 2436 603 id
2467 559 2570 614 est,
2593 550 2767 604 taliter
2808 567 2908 606 nos
2931 552 3224 621 intelligere
3245 551 3373 606 fecit
3415 551 3521 607 hoc
3553 552 3682 608 utile

2103 640 2261 695 nobis
2288 657 2430 704 esse,
2450 642 2578 712 quia
2599 652 2720 712 post
2743 648 2943 698 multas
2969 644 3449 699 obtcnebrationes
3478 645 3680 700 mentis

2102 737 2154 782 et
2185 727 2442 783 avaritias
2480 738 2536 784 et
2562 729 2813 785 crudeles
2844 731 3098 784 vitiorum
3141 740 3195 785 et
3238 730 3549 787 daemonum
3583 747 3682 801 pu-

2102 833 2258 889 gnas,
2282 820 2486 884 alllicti,
2506 831 2798 877 maerentes
2817 830 2874 877 et
2897 823 3189 887 humiliati,
3212 822 3375 879 iidem
3394 826 3685 881 incitamur

2102 925 2134 965 a
2163 913 2335 983 gratia
2356 952 2373 977 ,
2405 923 2461 967 et
2490 915 2543 966 in
2577 913 2737 970 nobis
2764 915 3007 969 roborati
3042 913 3343 971 ﬁrmantur.
3385 916 3525 971 Cum
3556 931 3683 972 vero

2101 1002 2307 1059 cmlesti
2335 1007 2771 1068 conversatione,
2794 1022 2891 1076 per
2925 1008 3189 1063 virtutum
3216 1008 3484 1072 habitum,
3513 1008 3681 1078 agiles

2100 1105 2157 1152 et
2185 1095 2354 1164 leves,
2384 1113 2412 1151 a
2444 1098 2677 1153 terrenis
2708 1097 2942 1170 elongati
2984 1100 3282 1169 fuerimus,
3311 1110 3441 1157 tunc
3472 1099 3681 1155 sedebit

2104 1176 2404 1251 Dominus,
2438 1196 2494 1242 et
2524 1190 2831 1258 requiescet
2860 1189 2915 1244 in
2946 1190 3271 1261 corporibus
3304 1199 3358 1247 et
3392 1191 3683 1248 animabus

2103 1278 2341 1343 nostris,
2381 1287 2435 1333 et
2478 1294 2510 1333 a
2548 1278 2791 1351 perlecta
2831 1280 2886 1337 in
2930 1282 3092 1338 nobis
3138 1283 3470 1339 habitatione
3503 1284 3682 1339 omnis

2104 1379 2289 1428 noster
2325 1385 2558 1430 conatus
2598 1385 2654 1431 et
2704 1392 2869 1432 omne
2920 1386 3171 1432 nostrum
3221 1376 3451 1431 mortale
3494 1391 3685 1445 sapere

2102 1465 2420 1535 absorptum
2460 1467 2528 1521 de
2573 1467 2751 1523 medio
2782 1469 3001 1523 tolletur
3025 1510 3038 1531 ,
3072 1478 3126 1523 et
3151 1478 3283 1523 tunc
3314 1482 3440 1523 vere
3471 1469 3684 1525 erimus

2105 1560 2203 1617 lilii
2227 1559 2353 1624 Dei,
2393 1578 2619 1635 regnum
2659 1573 2713 1618 et
2751 1565 3119 1619 sacerdotium
3150 1563 3288 1633 ejus.
3327 1563 3680 1631 currendum

2103 1667 2222 1707 vero
2254 1653 2404 1708 nobis
2429 1666 2528 1714 est.
2562 1666 2709 1726 quot,
2740 1657 2993 1727 quibusve
3043 1658 3215 1710 modis
3273 1656 3329 1710 In
3359 1655 3484 1728 luga
3515 1655 3684 1712 forni-

2102 1746 2340 1802 cationis
2377 1757 2429 1801 ct
2471 1748 2715 1830 omnium
2764 1749 3198 1820 impugnantium
3242 1749 3580 1810 castitatem,
3624 1749 3681 1802 in

418 1842 677 1898 scientiae.
728 1839 860 1894 Eam
892 1855 1021 1894 vero
1048 1854 1171 1909 qtue
1211 1846 1292 1892 est
1326 1854 1392 1892 ex
1435 1838 1743 1893 obcdicutia
1778 1840 1996 1894 virtutis
2030 1832 2070 1887 li
2100 1836 2225 1908 luga
2252 1837 2672 1893 delectationmn
2715 1839 2853 1910 gula:
2891 1852 2946 1895 et
2984 1840 3232 1894 ninnium
3274 1838 3682 1895 adversantium

419 1948 475 1991 rt
511 1935 860 1997 humilitatis,
904 1948 1127 1985 sensum
1169 1929 1420 1998 intelligit
1446 1944 1604 1995 esse,
1653 1946 1816 1999 quem
1853 1931 2002 1985 vitiis

420 2038 474 2081 ιιι
504 2027 701 2082 "tundo
726 2023 999 2086 erm-olivi,
1029 2039 1057 2078 a
1091 2020 1200 2076 Deo
1225 2028 1417 2076 nostro
1445 2018 1573 2076 Jesu
1604 2022 1824 2077 Christo
1854 2025 2000 2079 acui.

419 2119 598 2190 piunt,
620 2133 925 2188 novamque
951 2131 1045 2187 per
1065 2114 1325 2171 exstasim
1355 2115 1575 2170 Christo
1599 2117 1819 2171 exhibet
1847 2130 2000 2179 men:

422 2209 1025 2283 tctnsupernaturalem
1071 2202 1493 2264 abstractionem
1554 2209 1611 2263 in
1665 2203 1835 2263 Deum
1864 2248 1882 2275 ,
1917 2208 2001 2265 di-

418 2304 516 2370 cit,
548 2318 641 2375 per
672 2299 1009 2358 lortitudinis
1035 2298 1237 2354 divina:
1258 2299 1580 2370 potentiam,
1610 2299 1811 2355 iactam
1839 2318 1854 2354 :
1878 2316 2004 2371 quae

420 2393 722 2467 symbolice
768 2394 823 2446 in
872 2405 1075 2446 manna
1111 2389 1430 2447 abscondito
1455 2396 1512 2445 et
1547 2391 1705 2446 stella
1734 2393 2000 2447 matutina

418 2487 715 2556 ligttt‘atnt',
749 2490 804 2538 et
831 2484 975 2538 hanc
999 2497 1161 2538 nemo
1185 2481 1339 2538 novit
1367 2480 1475 2537 nisi
1514 2482 1609 2553 qui
1643 2483 1867 2553 accipit.
1895 2481 2004 2538 Sa-

417 2581 566 2648 piens
595 2577 767 2645 itaque
795 2578 960 2646 ntagis
988 2584 1046 2628 ut
1077 2583 1274 2630 matres
1302 2577 1568 2646 acquirat.
1598 2574 1798 2631 Matres
1824 2575 1999 2631 virtue

418 2687 537 2730 tum
569 2676 692 2728 diu]!
708 2716 722 2739 ,
750 2671 1116 2741 prudentiam,
1139 2669 1536 2732 fortitudinem,
1566 2671 2000 2742 temperantiam,

415 2765 728 2836 justitiam,
766 2763 947 2826 tidem,
983 2776 1135 2833 spem
1163 2801 1179 2827 ,
1220 2761 1651 2819 misericordiam
1674 2801 1692 2826 ,
1738 2761 2001 2816 obedien-

418 2858 553 2911 tiam
578 2897 594 2920 ,
627 2855 1017 2911 discretionem
1046 2893 1061 2918 ,
1104 2852 1467 2908 humilitatem
1494 2891 1508 2914 ,
1551 2863 1606 2908 et
1636 2851 1958 2909 charitatem
1986 2870 2000 2916 ;

418 2949 563 3004 ﬁlias
592 2962 743 3012 vero,
772 2963 868 3003 cas
893 2962 1015 3019 que
1040 2946 1293 3001 oriantur
1320 2959 1386 3002 es
1418 2945 1524 3002 bis.
1553 2943 1660 3012 Qui
1690 2961 1795 2999 non
1818 2945 2003 3017 pulsa.

419 3053 508 3095 tur
529 3039 703 3096 bellis.
752 3037 855 3108 Qui
894 3039 1083 3094 vicerit
1115 3040 1390 3093 d:emones
1419 3037 1697 3109 plagantes
1726 3049 1778 3094 et
1807 3053 2000 3108 percu-

2102 1930 2438 1999 paupcrtati,
2493 1931 2545 1985 in
2591 1930 2717 2000 luga
2759 1933 2983 1987 honoris
3017 1943 3074 1987 et
3106 1934 3354 1989 omnium
3389 1948 3515 2004 qua:
3555 1945 3685 1990 sunt

2101 2021 2349 2091 opposita
2380 2032 2432 2076 et
2459 2024 2730 2078 contraria
2761 2023 3078 2086 humilitati,
3104 2037 3155 2078 et
3193 2026 3244 2078 in
3275 2023 3401 2096 luga
3432 2040 3683 2080 murmu.

2103 2113 2353 2177 rationis,
2371 2112 2724 2170 detractionis
2743 2124 2798 2170 et
2814 2116 3027 2183 iudicii,
3059 2132 3254 2173 servus
3286 2116 3400 2183 Dei,
3433 2118 3682 2189 possidet

2101 2220 2383 2262 coronam.
2413 2204 2788 2262 Obtencbratio
2834 2208 2895 2277 ﬁt
2944 2227 3112 2265 causa
3154 2212 3486 2282 elationis.
3528 2210 3684 2281 Igno-

2101 2298 2278 2353 rantis
2306 2298 2558 2356 ob~curat
2582 2342 2598 2365 ,
2624 2301 3063 2371 concupiscentia
3088 2303 3313 2359 oll’endit
3339 2313 3394 2359 et
3417 2306 3645 2372 cespitat
3665 2342 3682 2360 .

2100 2390 2386 2447 delectatio
2418 2392 2506 2447 cui
2552 2394 2933 2459 consentitur,
2980 2396 3126 2451 cadit
3164 2405 3218 2451 ct
3265 2397 3533 2461 moritur,
3586 2410 3683 2466 per

2101 2497 2242 2554 opus
2270 2499 2398 2540 vero
2428 2493 2483 2538 et
2504 2501 2598 2556 per
2624 2500 2808 2551 nsunt,
2843 2485 2990 2542 fetet.
3028 2487 3187 2541 Aliud
3220 2498 3301 2544 est
3329 2490 3679 2555 perturbatio.

2105 2572 2314 2632 Turbat
2350 2579 2791 2648 concupiscentia
2812 2621 2828 2645 ,
2856 2579 3108 2635 dillnndit
3138 2581 3365 2637 avaritia
3394 2589 3451 2636 et
3482 2580 3683 2637 solliei-

2106 2668 2236 2723 tudo
2270 2669 2567 2733 mundana,
2601 2682 2765 2727 careat
2787 2672 3037 2727 voluntas
3066 2675 3304 2743 propria.
3339 2672 3482 2728 Nam
3509 2674 3681 2727 omnis

2100 2777 2305 2832 quoque
2325 2763 2416 2830 qui
2447 2763 2502 2817 in
2528 2762 2710 2821 eadem
2733 2774 2949 2833 peccatu
2977 2781 3080 2820 non
3114 2766 3323 2830 incidit,
3349 2765 3502 2836 digne
3521 2766 3679 2819 etiam

2100 2855 2465 2922 penitentiam
2490 2856 2614 2926 egit.
2652 2853 2917 2911 Pwnituit
2947 2855 3044 2912 sed
3070 2874 3178 2912 non
3203 2857 3381 2928 digne.
3403 2858 3507 2925 Qui
3536 2858 3680 2911 enim

2104 2947 2264 3017 digne
2295 2947 2554 3016 poenitet,
2590 2962 2701 3002 non
2734 2949 2892 3004 iterat
2920 2948 3135 3017 lapsum
3161 2988 3176 3010 .
3220 2951 3315 3004 sed
3345 2949 3623 3019 :eqnaliter
3649 2964 3682 3004 a

2104 3055 2164 3095 sc
2184 3054 2400 3095 omnem
2429 3040 2620 3096 mortis
2649 3041 2854 3108 repellit
2884 3057 3092 3097 casum.
3132 3039 3300 3097 Nobis
3357 3050 3528 3096 tamen
3566 3057 3681 3096 om-

418 3137 618 3190 tientcs
646 3148 798 3201 eum,
826 3133 1050 3188 viriliter
1077 3135 1160 3188 eis
1210 3131 1514 3187 resistendo
1545 3142 1598 3186 ct
1636 3133 2003 3199 rcpercutien-
2026 3168 2070 3226 ο
2104 3148 2223 3189 ueni
2250 3131 2575 3188 hilaritatem
2601 3133 3016 3189 ostendentibus.
3082 3132 3187 3201 Qui
3228 3135 3374 3191 enim
3408 3150 3475 3190 ex
3512 3135 3683 3206 pusil-

419 3228 494 3280 ilo
518 3241 616 3283 eos
647 3232 811 3295 atque
842 3222 1134 3295 plagando,
1165 3222 1291 3277 licet
1316 3222 1560 3293 plagetur
1580 3262 1594 3283 ,
1623 3221 1996 3276 coronabitur.

422 3319 614 3391 l‘lagas
644 3333 878 3388 namque
912 3317 1144 3385 suscipit
1172 3316 1265 3386 qui
1295 3323 1533 3369 tentatur
1553 3355 1570 3378 ,
1597 3325 1651 3368 et
1683 3314 1866 3385 plagas
1896 3315 2002 3367 tri-

423 3413 541 3469 lntit
568 3412 664 3482 qui
694 3410 1023 3465 tentationcs
1055 3417 1303 3477 potenter
1339 3409 1624 3478 impugnat
1664 3420 1719 3462 et
1751 3408 1955 3478 repellit
1985 3424 1997 3459 :

420 3505 518 3575 qui
553 3519 677 3558 vero
706 3501 999 3565 consentit,
1029 3517 1138 3555 non
1168 3510 1377 3556 tantum
1402 3501 1672 3571 plagatur.
1702 3501 1796 3552 sed
1835 3500 2002 3555 mori-

425 3610 538 3662 tur,
569 3608 622 3652 ει
654 3612 760 3651 non
791 3602 1091 3651 coronatur
1118 3614 1130 3647 :
1164 3595 1257 3664 qui
1299 3608 1428 3647 vero
1465 3609 1575 3646 non
1604 3595 1897 3656 consentit,
1935 3608 2000 3647 ex

425 3688 568 3742 virili
618 3687 959 3749 resistentia,
1009 3684 1190 3756 pingat
1223 3685 1521 3739 dictitoucs.
1568 3683 1748 3749 Quare
1784 3695 2005 3755 propter

427 3778 711 3849 angusti-ts
760 3786 811 3831 et
862 3775 1075 3829 labores
1117 3790 1257 3845 quos
1308 3774 1585 3832 sustinet.
1629 3774 2003 3830 coronabitur.

430 3867 553 3922 Tres
585 3876 758 3920 mites
785 3907 801 3930 ,
847 3866 900 3920 in
933 3875 1073 3920 terra
1095 3907 1110 3930 ,
1160 3881 1280 3918 eum
1318 3864 1523 3933 fecisset
1564 3867 1801 3936 quidam.
1870 3868 2007 3924 Tres

424 3960 629 4030 quippe
651 4001 664 4024 ,
698 3959 814 4012 sine
848 3958 953 4012 vita
998 3958 1052 4012 in
1089 3969 1228 4015 terra
1270 3959 1395 4013 fecit
1427 3961 1479 4014 in
1527 3959 1780 4015 universo
1810 3962 1925 4017 dit‘s
1953 3973 2009 4018 οι

426 4064 539 4107 tres
584 4060 773 4107 noctes
814 4050 1068 4108 CitfiSllh
1138 4051 1279 4107 Dens
1329 4062 1555 4108 noster:
1610 4057 1702 4124 qui
1753 4070 1878 4111 vero
1939 4056 2007 4109 ad

427 4143 787 4200 imitationem
813 4143 1017 4199 Christi
1057 4154 1336 4213 peccatum
1365 4145 1528 4216 trium
1564 4146 1825 4202 horarum
1864 4149 2005 4202 vicr-

427 4239 522 4299 rit,
559 4252 668 4293 non
698 4238 984 4292 morietur.
1023 4237 1183 4293 liora:
1210 4247 1320 4293 tres
1351 4250 1480 4293 sunt
1505 4280 1519 4302 ,
1562 4240 1614 4294 in
1646 4240 1848 4295 insulto
1891 4251 2009 4294 ten-

428 4332 652 4387 talionis
681 4338 736 4384 et
758 4331 1122 4400 suggestionis
1151 4331 1408 4402 receptio,
1445 4332 1752 4398 delectatio,
1789 4345 1843 4389 et
1878 4349 2008 4389 cono

432 4439 657 4489 sensus,
687 4438 827 4495 quas
857 4426 1098 4481 virtuose
1128 4425 1350 4481 vincens
1375 4467 1392 4493 ,
1443 4443 1548 4480 non
1599 4428 1877 4482 morietur.
1908 4425 2003 4479 Vri

2103 3225 2404 3281 lanimitate
2432 3227 2654 3297 pte-nitet
2674 3266 2690 3288 .
2729 3238 2782 3281 et
2815 3244 2844 3281 a
2877 3229 3018 3282 bono
3055 3228 3335 3300 proposito
3361 3227 3685 3284 obedientir.

2100 3318 2336 3384 recedit,
2374 3327 2431 3374 nt
2458 3319 2699 3375 solitario
2726 3320 2906 3384 vivat,
2941 3320 3029 3377 hic
3058 3321 3197 3377 bona
3224 3328 3583 3392 congregata,
3614 3333 3683 3374 es

2101 3412 2414 3481 patuitentia
2447 3411 2539 3469 tali
2575 3413 2800 3469 resolvit
2821 3454 2835 3478 ,
2872 3428 3164 3483 quousque
3191 3415 3393 3468 sentiat
3421 3410 3683 3467 damnum

2101 3500 2187 3556 sui
2233 3515 2427 3556 sensus
2470 3517 2537 3557 ex
2575 3501 2949 3558 misericordis
2987 3502 3323 3558 revocatoris
3373 3501 3684 3556 cadentium

2099 3587 2230 3648 Jesu
2257 3589 2482 3647 Christi.
2516 3590 2661 3647 Sane
2682 3635 2696 3659 ,
2725 3595 2821 3663 qui
2849 3592 2917 3646 ad
2957 3592 3185 3648 meliora
3229 3606 3326 3664 per
3360 3592 3535 3663 magis
3561 3605 3685 3662 per-

2103 3682 2298 3741 lectam
2350 3685 2728 3756 penitentiam
2782 3687 3059 3749 ascendit.
3108 3684 3248 3741 facta
3294 3684 3436 3741 mala
3480 3684 3684 3741 solvit:

2105 3775 2289 3848 itaque
2312 3785 2368 3831 ct
2391 3777 2484 3848 qui
2519 3777 2588 3834 ad
2619 3776 2800 3847 pejora
2832 3777 3197 3848 progreditur,
3229 3778 3388 3833 malis
3412 3777 3553 3833 mala
3583 3791 3686 3847 ap-

2104 3882 2313 3939 ponens
2335 3910 2350 3935 ,
2389 3869 2677 3940 apostasia
2714 3877 2769 3925 et
2802 3868 3140 3926 inﬁdi-litatis
3176 3871 3385 3925 crimen
3431 3869 3683 3926 incurrit.

2104 3963 2257 4020 Unde
2304 3965 2629 4020 servandum
2685 3965 2840 4018 nobis
2880 3975 2966 4019 est
2991 4007 3004 4026 .
3053 3965 3276 4036 quando
3313 3973 3369 4019 et
3410 3962 3690 4034 quomodo

2104 4069 2203 4125 per
2237 4067 2477 4108 amaram
2519 4061 2575 4109 et
2612 4068 2861 4123 asperam
2905 4054 3143 4123 aliquam
3187 4053 3619 4117 institutionem,
3654 4067 3687 4109 a

2106 4145 2234 4203 felle
2257 4147 2467 4202 vitiosa:
2504 4144 2940 4201 conversationis
2971 4144 3172 4215 (quasi
3203 4144 3401 4215 poculo
3425 4151 3641 4214 sumpto
3665 4143 3686 4210 )

2103 4255 2390 4305 satientur,
2441 4255 2541 4295 nec
2598 4241 2701 4294 hoc
2742 4238 2961 4308 quidem
3006 4252 3258 4307 semper,
3299 4237 3395 4292 sed
3446 4245 3686 4307 tempore

2105 4347 2368 4404 congruo.
2404 4330 2668 4402 "alisque
2696 4331 3024 4386 sensibilium
3052 4346 3226 4384 rerum
3253 4327 3413 4399 aﬂici.
3474 4328 3532 4383 Si
3560 4330 3687 4399 quis

2114 4442 2244 4497 ergo
2269 4441 2390 4480 vere
2429 4424 2748 4479 invariabile
2786 4427 2981 4478 mentis
3025 4422 3398 4494 propositum,
3438 4436 3539 4491 per
3563 4432 3688 4478 ora-

426 4515 591 4570 horas
625 4523 740 4572 tres
777 4515 953 4582 dicit,
983 4516 1325 4587 jnventutcm
1347 4559 1364 4585 ,
1398 4519 1628 4574 mediam
1662 4528 1874 4573 aetatem
1901 4556 1917 4581 ,
1954 4528 2011 4573 et
2045 4534 2087 4591 ι)
2114 4519 2317 4577 tionem
2351 4516 2459 4571 Deo
2485 4527 2763 4572 vacantem
2797 4527 2849 4572 et
2888 4517 3032 4570 circa
3058 4514 3148 4569 Dei
3190 4513 3544 4586 intelligibilia
3582 4514 3686 4569 ele-

428 4618 617 4663 sa-ncct
637 4618 787 4675 item,
818 4623 959 4679 quas
980 4620 1035 4663 et
1062 4609 1274 4679 vigilias
1302 4619 1415 4664 tres
1445 4610 1798 4679 Evangelinm
1832 4620 2008 4665 vocat.

431 4699 529 4756 γει
555 4700 1058 4770 concupiscentiam
1089 4700 1272 4754 carnis
1301 4740 1312 4762 ,
1346 4701 1849 4769 concupiscentiam
1881 4714 2009 4754 oeu-

430 4794 608 4846 lnrum
634 4831 650 4855 ,
677 4802 731 4846 et
762 4793 1073 4861 superbiam
1098 4802 1220 4848 vitae
1243 4834 1258 4859 ,
1301 4795 1351 4848 id
1375 4805 1460 4848 est
1483 4835 1496 4858 ,
1526 4810 1719 4849 vanam
1761 4795 2011 4865 gloriam,

429 4886 634 4956 gulam,
655 4894 711 4941 et
737 4888 1048 4951 avaritiam,
1077 4903 1238 4956 quas,
1265 4891 1387 4954 quis
1419 4890 1665 4953 vincens,
1698 4888 2014 4943 summatim

427 4980 614 5034 omnia
662 4980 955 5050 prostravit
989 4980 1135 5035 vitia.
1189 4980 1407 5035 Dicebat
1453 4997 1583 5035 vero
1635 4980 1855 5037 Patrum
1891 4981 2016 5052 qni-

431 5075 557 5126 dam
582 5091 596 5126 :
625 5071 893 5139 Quoniam
931 5073 1032 5129 ista
1064 5074 1166 5128 tria
1201 5073 1399 5138 timeo,
1449 5075 1936 5144 peregrinatiom-m
1986 5091 2013 5128 a

431 5181 691 5236 corpore,
726 5167 1195 5235 prcsetttationcnt
1229 5168 1294 5222 ad
1326 5168 1492 5222 Deum
1521 5209 1535 5233 ,
1575 5179 1630 5223 et
1654 5168 1843 5237 judicii
1890 5186 2016 5221 sen-

431 5262 677 5314 tcntiam.
712 5259 771 5316 Si
795 5260 1007 5330 quando
1036 5275 1102 5314 ea:
1128 5260 1421 5331 disciplina
1440 5301 1455 5325 ,
1487 5262 1665 5315 dicina
1688 5303 1701 5326 ,
1736 5272 1841 5316 etc.
1874 5259 2017 5315 Prat-

430 5354 575 5407 vcait
605 5355 657 5407 in
690 5353 1156 5408 benedictionibus
1190 5356 1396 5424 gratire,
1418 5368 1603 5407 servos
1628 5368 1779 5417 suos,
1805 5364 2019 5407 amator

433 5446 714 5501 hominum
748 5448 911 5515 Deus,
936 5457 991 5500 ut
1014 5464 1110 5501 eos
1144 5456 1335 5516 purget
1377 5464 1408 5502 a
1443 5446 1627 5512 vitiis,
1657 5455 1713 5501 et
1742 5448 2016 5518 perfectos

434 5541 725 5596 virtutibus
771 5540 950 5595 faciat.
994 5540 1176 5606 Quare
1221 5539 1352 5596 dicit
1403 5539 1567 5594 Pater
1623 5540 1751 5610 quia
1797 5548 2014 5607 propter

437 5635 790 5704 pravitatem,
831 5634 1201 5689 intimiizatrm
1238 5645 1289 5688 it
1324 5633 1764 5704 ingratitudincm
1787 5633 2013 5702 dispen-

514 5807 557 5833 "
594 5805 609 5856 I
665 5816 817 5859 θαλίη.
857 5823 916 5873 II,
958 5809 1047 5863 ‘27.

2115 4621 2296 4666 vatum
2316 4610 2542 4666 sortitus
2569 4619 2653 4663 est
2682 4610 2750 4663 ab
2776 4609 3029 4663 tinnitibus
3052 4607 3403 4664 sensibilibus
3432 4604 3521 4662 hic
3540 4620 3687 4661 more

2115 4711 2244 4759 tuus
2273 4711 2375 4764 cst.
2407 4714 2459 4758 et
2484 4701 2883 4757 delcrtabilium
2915 4701 3039 4755 vita:
3066 4700 3396 4755 oblivionem
3426 4698 3685 4768 possidet.

2122 4799 2263 4853 Vivit
2307 4797 2509 4867 quippe
2553 4796 2811 4859 Christo,
2844 4796 2948 4864 qui
2975 4836 2978 4839 Α
3010 4793 3360 4849 sensibilibus
3415 4794 3682 4848 moritur:

2118 4889 2427 4947 coruscatio
2454 4889 2808 4960 prauus-iuuat
2837 4887 3061 4942 tonitrui
3096 4901 3288 4941 sonum
3310 4929 3325 4949 ,
3358 4894 3414 4940 et
3433 4885 3685 4956 superbia

2119 4983 2404 5040 antiuntiat
2427 4981 2718 5036 adventum
2749 4994 2900 5035 vanae
2933 4980 3136 5050 gloiize.
3174 4977 3286 5033 Nisi
3319 4977 3482 5033 luerit
3507 4978 3685 5032 aninn

2120 5074 2403 5146 inquinata
2437 5073 2692 5144 superbia
2714 5112 2728 5137 ,
2764 5088 2871 5126 non
2899 5071 3153 5126 illudetur
3174 5072 3485 5125 daemonum
3517 5069 3690 5138 phan-

2117 5171 2290 5226 tasiis.
2322 5168 2630 5233 Possumus,
2654 5182 2720 5222 ea:
2760 5164 3097 5222 naturalibus
3129 5165 3301 5220 rebus.
3349 5165 3402 5219 Id
3435 5163 3503 5220 de
3531 5176 3691 5219 cervo

2120 5264 2177 5314 et
2213 5255 2466 5326 exemplo
2494 5253 2841 5327 proprietatis
2879 5252 3050 5324 ipsius
3076 5254 3279 5307 dictum
3318 5250 3551 5322 intelligo
3575 5290 3591 5314 ,
3633 5260 3693 5303 ut

2119 5359 2175 5405 et
2204 5351 2271 5405 de
2304 5349 2574 5419 serpentis
2615 5346 2866 5416 exemplo
2893 5346 3036 5416 quot
3076 5345 3326 5415 sequitur
3367 5365 3378 5398 :
3428 5342 3548 5398 Nisi
3600 5356 3691 5412 per

2119 5452 2401 5513 angustam
2424 5448 2473 5495 et
2502 5450 2707 5494 arctam
2724 5438 2948 5510 jejuuii.
2994 5435 3101 5503 Qui
3137 5452 3290 5491 vana-
3311 5436 3525 5508 glnrim,
3554 5436 3695 5506 gulae

2116 5546 2173 5593 ct
2202 5535 2436 5591 luxuriae
2464 5533 2801 5595 deserviunt.
2820 5540 2874 5587 et
2899 5529 2993 5585 Dei
3027 5532 3186 5585 verba
3216 5530 3506 5601 praedicant
3525 5567 3541 5590 ,
3565 5538 3691 5584 sunt

2100 5630 2256 5705 sicut
2281 5625 2593 5684 meretrices
2616 5627 2969 5682 admonentes
2994 5624 3130 5680 alios
3158 5625 3225 5678 dc
3248 5625 3514 5677 castitate.
3544 5620 3690 5677 Sicut
