4008 6148
450 343 586 409 1245

1620 345 1939 410 SCHOIJA
1972 347 2052 408 ΙΝ
2078 346 2490 409 (ΣΙᾸΜΜΖΙΞΜ.

3555 343 3689 409 1246

429 456 730 528 longinqua
753 463 837 512 est
859 456 930 513 ab
955 458 1023 515 iis
1051 459 1144 530 qui
1171 459 1416 531 quotidie
1445 458 1809 525 fornicamur,
1835 459 2000 515 casti-
2035 465 2079 522 Α
2108 457 2338 521 fuerint,
2377 458 2610 512 visibilis
2640 457 2960 513 oimdientiac
2997 467 3051 512 ct
3087 457 3270 510 utilcm
3300 465 3354 512 et
3384 456 3686 514 nocituram

435 559 538 614 tas,
571 547 646 603 ita
675 557 729 606 et
763 549 836 605 ab
865 549 1002 614 illis,
1030 552 1393 621 spiritualium
1436 554 1697 608 virtutum
1726 565 1922 610 sensus
1952 559 2006 606 ct

434 639 842 710 contemplatio.
867 639 972 710 Qui
996 642 1243 698 continet
1267 651 1534 709 ventrem,
1563 643 1820 699 diminuit
1841 641 1970 698 vitia
1988 683 2004 706 ,

434 738 489 786 et
513 735 608 802 qui
635 733 872 789 vincitur
897 733 968 789 ab
990 735 1134 790 escis
1154 773 1169 800 ,
1209 744 1371 806 auget
1413 735 1733 791 libidinosas
1767 734 2006 791 delecta-

434 825 645 882 tiones.
699 824 1035 897 Principium
1080 828 1303 897 quidem
1346 828 1589 899 gentium
1634 825 2002 891 Amaiech“,

437 917 764 989 principium
811 926 992 976 autem
1029 922 1326 985 vitiorum,
1365 921 1513 992 gula.
1575 919 1745 990 Ligna
1770 933 2007 988 namque

435 1010 604 1065 multa
633 1011 871 1067 excitant
903 1011 1203 1078 ﬂammam,
1245 1013 1495 1067 ciborum
1530 1027 1659 1068 vero
1693 1011 2004 1076 multitudo,

435 1100 726 1158 luxuriam.
757 1102 1210 1175 Coucnpiscentia
1267 1119 1406 1161 escae
1450 1104 1660 1176 peperit
1689 1100 2007 1159 inohedien-

437 1188 565 1244 tiam
591 1208 608 1258 ;
637 1199 691 1246 et
716 1191 948 1248 dulcedo
996 1203 1191 1263 gustus
1241 1193 1402 1264 ejecit
1438 1192 1712 1248 hominem
1750 1192 1820 1248 de
1847 1204 2007 1262 para—

434 1279 604 1336 diso:
665 1283 738 1336 ita
788 1293 842 1339 et
894 1285 1196 1338 monachus
1247 1283 1474 1354 gulosus
1529 1282 1736 1354 frangit
1785 1281 2007 1338 castita-

435 1370 509 1428 tis
535 1370 735 1438 Medus,
777 1381 832 1428 et
877 1385 906 1428 a
956 1375 1359 1445 pulchritudine
1405 1375 1881 1443 contemplationis
1910 1375 2007 1444 cjl-

435 1463 630 1520 cietur.

788 1558 941 1613 CAP.
987 1555 1076 1614 IX.
1101 1587 1171 1600 --
1198 1558 1280 1613 Ad
1308 1558 1530 1629 gradum
1562 1557 1652 1613 27.

510 1646 633 1704 Non
668 1650 971 1718 ignorantes
998 1691 1014 1715 ,
1055 1662 1236 1708 canem
1266 1651 1563 1721 quemdam.
1612 1652 1815 1707 Canem
1871 1649 2007 1707 dicit

434 1756 587 1797 vana:
616 1743 798 1806 gloriae
827 1745 1122 1799 daemonum
1150 1785 1164 1806 ,
1203 1746 1297 1814 qui
1331 1759 1428 1798 sua
1473 1745 1803 1815 impudentia
1829 1746 2008 1800 omni—

2106 547 2460 604 directionem
2488 589 2502 614 ,
2535 547 2638 604 sub
2664 547 2980 604 senioribus
3001 589 3017 613 ,
3062 547 3271 618 absque
3308 547 3688 606 emnohiorum

2108 639 2372 701 tumultu.
2398 639 2452 694 in
2484 640 2667 710 quiete
2695 653 2821 695 eum
2851 639 3155 694 reverentia
3191 648 3246 694 et
3275 639 3512 710 perfecta
3539 656 3663 697 mor

2108 731 2405 787 tilicatione
2457 742 2703 788 tenentes
2753 744 2931 802 usque
2989 731 3044 786 in
3101 733 3286 789 linem.
3353 731 3512 789 Licet.
3557 748 3692 804 ergo

2106 836 2364 896 magnum
2398 826 2498 890 sit,
2537 823 2733 896 quietis
2773 823 3032 880 solitariae
3066 822 3374 894 angelicum
3409 838 3550 895 opus
3574 863 3589 888 .
3634 834 3692 881 et

2108 918 2330 988 majoris
2365 917 2644 989 prolectus
2684 931 2848 989 quam
2880 917 3130 973 coenobia
3156 955 3172 982 ,
3221 933 3350 972 vere
3381 920 3627 990 purgatis
3660 934 3689 971 a

2109 1009 2255 1065 vitiis
2276 1051 2293 1076 ,
2324 1022 2434 1065 non
2461 1013 2578 1065 vult
2606 1010 2710 1066 hoc
2747 1010 2928 1066 dicere
2963 1019 3186 1079 propter
3214 1011 3386 1080 magis
3415 1011 3688 1075 inlirtnos,

2107 1112 2248 1170 quos
2292 1099 2484 1155 eadem
2521 1100 2866 1154 conversatio
2908 1098 3185 1169 liquefacit
3225 1109 3486 1170 tanquam
3519 1103 3691 1155 canti-

2108 1203 2214 1246 nus
2244 1187 2572 1259 plumbum:
2615 1188 2759 1243 inest
2795 1187 2995 1258 quippe
3028 1186 3259 1241 iulirmis
3300 1196 3360 1241 ttt
3396 1188 3690 1257 plurimum

2107 1276 2422 1336 isedentium
2454 1277 2762 1350 appetitus,
2796 1291 2969 1350 quare
2996 1277 3197 1348 turpius
3228 1276 3532 1333 recidivam
3558 1295 3694 1331 con-

2109 1372 2272 1428 traria
2312 1381 2626 1438 sumentes,
2655 1369 2783 1442 quia
2827 1383 2935 1425 non
2964 1376 3048 1425 est
3101 1367 3450 1439 parvulorum
3473 1409 3488 1430 ,
3535 1370 3693 1424 cibus

2108 1463 2498 1534 perfecturum.

2180 1553 2318 1616 lino,
2349 1571 2428 1608 me
2465 1555 2577 1624 ipse
2597 1553 2824 1624 quidem.
2853 1552 2959 1616 Ait,
3005 1549 3122 1622 ipse
3141 1551 3386 1621 quidem.
3419 1551 3549 1621 quid
3588 1549 3691 1605 sibi

2106 1647 2400 1716 expediens
2431 1657 2534 1711 est,
2575 1655 2888 1712 cognoscet,
2949 1645 3052 1701 nisi
3109 1643 3348 1699 studium
3395 1642 3694 1713 perfectum

2110 1737 2362 1792 habuerit
2391 1737 2758 1792 observantia:
2789 1737 3168 1791 mandatorum
3196 1744 3248 1790 et
3270 1732 3527 1788 vittnosm
3559 1747 3694 1787 con-

435 1831 538 1886 bus
578 1831 866 1886 iu~idiutur
906 1833 1094 1897 bonis,
1125 1846 1175 1887 et
1203 1837 1440 1890 corrodit
1466 1814 1813 1900 curiositate,
1843 1844 1898 1889 et
1927 1835 2006 1889 io-
2039 1814 2080 1872 Β
2111 1829 2455 1894 venationis,
2489 1828 2680 1884 Mortis
2705 1829 3026 1899 properatio.
3075 1827 3130 1882 id
3163 1836 3247 1882 est
3282 1841 3347 1880 ex
3371 1826 3695 1894 promptitu-

435 1919 706 1987 quaeitate
729 1961 742 1983 ,
768 1929 822 1974 et
848 1918 1215 1986 superﬂuitate
1236 1965 1249 1986 ,
1279 1931 1332 1976 et
1361 1924 1756 1989 ostentatione,
1801 1935 1854 1977 ct
1888 1938 2006 1978 ma-

438 2009 713 2081 lignitate,
755 2022 918 2082 atque
969 2014 1272 2080 corrumnit
1308 2015 1521 2070 animas
1559 2015 2004 2085 imprudentium.

439 2102 642 2166 Quietis
667 2105 869 2156 anticus
891 2144 906 2167 ,
935 2114 1010 2159 est
1041 2106 1196 2173 fortis
1223 2103 1460 2176 quidam.
1520 2103 1729 2172 Quietis
1751 2107 2009 2162 Solitarite

437 2204 650 2250 amator
675 2196 958 2267 egrediens
1005 2197 1073 2250 de
1109 2198 1242 2252 cella
1290 2213 1415 2253 cum
1457 2200 1715 2263 silentio,
1758 2213 2012 2255 mansue-

439 2288 646 2352 tudine,
676 2289 922 2342 oratioue
964 2291 1185 2345 mentaii
1223 2298 1278 2344 ct
1311 2291 1607 2356 charitatc,
1647 2303 1755 2346 non
1785 2302 2010 2361 progre-

437 2378 583 2432 ditur
618 2399 628 2432 :
678 2379 953 2449 verboque
979 2420 994 2446 ,
1038 2395 1068 2434 a
1121 2381 1386 2449 spirituuli
1423 2384 1618 2437 auinne
1657 2381 2008 2439 consistentia

439 2486 545 2525 non
588 2472 826 2537 recedit,
863 2473 984 2528 licet
1020 2472 1268 2527 videatur
1296 2483 1448 2529 extra
1487 2473 1724 2545 quietem
1757 2474 2011 2530 solitudio

437 2563 556 2627 nis,
589 2575 818 2632 corpore
859 2565 1024 2619 exire.
1075 2563 1326 2619 Obrcrrat
1375 2568 1612 2635 quidem.
1655 2580 1854 2620 murem
1895 2581 2013 2636 quc

438 2650 572 2706 hunc
627 2668 886 2717 conatur,
945 2667 1049 2708 etc.
1115 2656 1318 2710 Murem
1389 2658 1817 2729 iutciligibilem,
1877 2658 2014 2714 dicit

439 2745 768 2802 homicidam
821 2749 1092 2804 diabolum
1123 2787 1139 2812 ,
1190 2765 1350 2818 quem
1397 2752 1628 2808 intentio
1674 2752 2012 2822 quiescentis

438 2838 724 2907 vigilanter
751 2839 1027 2905 observat,
1055 2842 1197 2896 sicut
1224 2851 1341 2897 cata
1373 2857 1606 2899 murem.
1639 2841 1706 2896 Ut
1725 2843 2012 2899 monachus

439 2931 597 2984 alteri
646 2933 899 2986 monacho
973 2933 1254 2999 adiunctus
1297 2951 1314 2989 :
1363 2934 1508 2991 Duos
1564 2937 1864 2993 monachos
1925 2937 2014 2993 hic

439 3021 596 3078 I’ater
648 3026 798 3093 ponit
861 3042 873 3077 :
923 3042 1131 3091 unum,
1181 3028 1249 3081 ab
1301 3027 1618 3084 hominibus
1666 3029 2011 3095 desolatum,

437 3113 530 3179 qui
561 3111 921 3179 corporaliter
952 3113 1149 3166 dicitur
1170 3123 1224 3168 et
1255 3123 1337 3169 est
1369 3117 1647 3172 solitarius
1679 3119 2010 3182 monachus;

441 3203 604 3256 alium
641 3217 768 3257 vero
807 3220 836 3256 a
885 3205 1120 3274 propriis
1152 3207 1520 3264 voluntatibus
1563 3219 1617 3264 et
1663 3210 2013 3279 cogitationi-

442 3292 544 3344 bus
579 3301 632 3346 et
662 3293 806 3348 vitiis
844 3307 1153 3362 separatum
1181 3338 1194 3358 ,
1232 3311 1391 3366 quem
1434 3300 1772 3367 spiritualem
1815 3316 2013 3356 mona~

441 3387 602 3438 chum
631 3395 682 3440 ct
720 3386 1027 3442 solitarium
1061 3391 1337 3455 nominat;
1369 3393 1513 3446 sicut
1544 3394 1610 3448 de
1638 3394 1703 3447 iis
1733 3410 1855 3460 quae
1889 3403 2018 3450 sunt

440 3479 816 3532 tantummodo
838 3479 1033 3534 anima!
1055 3523 1067 3544 ,
1096 3481 1412 3547 sollicitum,
1446 3493 1502 3539 et
1533 3487 1860 3540 monachum
1895 3503 2016 3543 mo-

443 3574 620 3624 net-ho
644 3614 658 3636 ,
703 3573 753 3626 id
785 3583 866 3626 est
891 3615 906 3635 ,
953 3574 1051 3626 soli
1084 3573 1194 3628 Deo
1221 3575 1589 3631 assisteutem.
1615 3586 1756 3634 hanc
1791 3596 1895 3634 non
1936 3581 2018 3636 sic

443 3663 703 3719 liberatur
741 3679 768 3716 a
816 3665 1003 3733 lapsu,
1039 3666 1130 3733 qui
1157 3667 1514 3734 corporaliter
1542 3679 1624 3722 cst
1660 3671 1840 3735 solus,
1878 3672 2018 3727 sicut

442 3756 776 3823 monachus,
815 3758 1072 3826 praedicto
1107 3758 1267 3813 modo
1298 3775 1422 3814 cum
1451 3763 1719 3817 monacho
1742 3763 2016 3832 habitans,

441 3852 700 3922 quoniam
729 3867 793 3909 ex
826 3866 950 3909 octo
986 3857 1204 3911 malitia:
1233 3859 1515 3928 spiritibus
1539 3898 1553 3914 .
1587 3861 1829 3929 quinque
1865 3861 2016 3929 prin-

443 3946 721 4013 cipaliter,
771 3945 1051 4001 solitarius
1095 3948 1447 4019 impttgnanl,
1479 3949 1758 4012 videlicet,
1793 3949 2013 4014 acedia,

442 4037 698 4101 tristitia,
741 4037 853 4099 ira,
896 4050 1032 4092 vana
1083 4040 1287 4107 gloria,
1329 4051 1382 4094 ct
1413 4043 1688 4110 superbia.
1726 4041 1861 4097 Tres
1890 4056 2018 4096 vero

441 4129 760 4184 obedientes
781 4170 797 4196 ,
827 4131 982 4200 gula,
1021 4131 1235 4186 luxuria
1260 4174 1274 4197 ,
1312 4144 1367 4187 et
1402 4135 1650 4188 avaritia.
1684 4133 1975 4189 Solitarius
1998 4177 2014 4202 ,

442 4232 518 4274 cst
553 4220 725 4290 {orm
762 4224 1024 4278 terrestris
1052 4225 1248 4295 angeli.
1303 4223 1357 4278 Id
1383 4238 1498 4289 est,
1542 4225 1840 4282 secundum
1873 4227 2015 4297 quod

443 4321 526 4366 est
550 4314 834 4378 possibile.
869 4329 993 4368 cum
1025 4330 1262 4386 sequens
1285 4358 1300 4384 ,
1332 4317 1400 4372 ab
1427 4319 1576 4372 omni
1607 4319 1928 4391 negligentia
1962 4327 2016 4375 et

445 4405 889 4474 pusillanimitute
919 4421 1073 4460 suam
1109 4407 1347 4463 liberans
1370 4411 1695 4466 orationem.
1736 4411 1838 4478 Qui
1870 4413 2014 4468 enim

443 4497 672 4564 gratiam
719 4497 980 4553 i’aracleti
1027 4516 1132 4553 non
1178 4501 1383 4572 accepit
1414 4541 1428 4564 ,
1476 4517 1586 4556 non
1633 4503 1852 4558 habebit
1893 4520 2016 4559 ora-

447 4589 610 4644 tionis
656 4590 1087 4658 permanentiam
1125 4601 1181 4647 et
1235 4595 1694 4664 perpetuitatem:
1733 4610 1856 4650 cum
1885 4611 2017 4652 vero

448 4678 758 4740 Paracictus
835 4683 1000 4739 fuerit
1067 4685 1118 4738 in
1178 4685 1394 4741 homine
1471 4694 1638 4752 tunc,
1708 4689 1904 4744 sedens
1966 4699 2022 4745 et

447 4773 772 4838 ambulans,
853 4775 1133 4829 dormiens
1184 4784 1239 4830 et
1320 4777 1550 4846 vigilans
1630 4778 1886 4834 laborans
1964 4790 2021 4836 et

448 4867 735 4936 quiescens
754 4907 768 4930 ,
803 4869 984 4934 solus,
1013 4870 1093 4922 vel
1121 4884 1246 4925 eum
1279 4872 1465 4935 sociis,
1496 4873 1724 4943 loquens
1750 4883 1806 4927 et
1832 4885 2022 4929 tacens

447 4967 568 5012 orat
605 4957 866 5028 angelus,
912 4969 998 5014 est
1041 4962 1344 5017 substantia
1389 4965 1772 5022 intellectualis
1806 4981 2023 5036 semper

450 5051 698 5117 mobilis;
731 5053 957 5109 arbitrio
983 5054 1180 5118 libera,
1215 5055 1326 5110 Deo
1357 5058 1706 5124 ministrans,
1737 5060 1792 5112 iu
1824 5071 2019 5115 natura

449 5143 754 5198 immortale
777 5147 920 5214 quod
941 5158 1027 5201 est
1054 5149 1327 5217 accipiens
1350 5161 1402 5204 et
1431 5151 1634 5206 habens
1658 5171 1675 5207 :
1700 5152 1862 5222 cujus
1889 5156 2021 5208 sub.

450 5235 662 5290 stantia
690 5235 1062 5292 deﬁnitionem
1098 5249 1151 5295 et
1182 5240 1412 5296 formam
1431 5284 1445 5304 ,
1491 5245 1640 5300 solus
1670 5245 1896 5300 Creator
1922 5263 2021 5300 no-

451 5328 548 5379 vit.
578 5326 708 5391 Cur,
768 5345 978 5398 quwso,
1015 5347 1115 5384 non
1147 5343 1248 5398 tot,
1279 5333 1418 5402 apud
1449 5335 1834 5390 tabcunesiotas
1857 5377 1872 5402 ,
1914 5348 2021 5392 etc.

450 5417 592 5485 Qui.
626 5421 854 5491 majoris
873 5425 1113 5494 quietis,
1159 5434 1213 5480 et
1252 5427 1535 5496 amplioris
1577 5429 1929 5495 remotionis,
1970 5441 2026 5486 ct

451 5511 717 5566 unditatis
740 5554 753 5576 ,
799 5525 854 5569 ct
879 5516 1149 5572 orationis
1169 5559 1185 5583 ,
1218 5527 1275 5574 et
1307 5519 1506 5573 silentii
1530 5562 1544 5582 ,
1576 5521 1899 5590 scythiothie
1919 5563 1933 5585 ,
1971 5532 2024 5576 ct

454 5605 806 5676 intelligibilis
845 5610 1165 5666 olusdicntize
1211 5621 1527 5681 operatorcs
1572 5621 1626 5666 et
1678 5626 2022 5682 possessores

529 5787 575 5820 ”
595 5788 759 5842 Num.
798 5804 939 5852 utr,
980 5787 1067 5845 20.

2108 1922 2236 1977 dine
2259 1933 2313 1976 et
2353 1921 2493 1977 bona
2519 1921 2822 1987 voluntate,
2849 1936 2946 1991 per
2967 1920 3323 1975 imitationem
3355 1918 3478 1972 novi
3518 1917 3694 1970 immi-

2111 2015 2216 2079 nis,
2253 2012 2722 2068 mortiﬁcationem
2766 2013 2948 2067 carnis
2975 2020 3030 2066 et
3061 2011 3318 2066 vitiorum
3361 2018 3692 2071 menstrat'e,

2111 2105 2357 2176 nihilque
2383 2119 2678 2160 commune
2705 2105 2903 2160 habere
2928 2119 3052 2160 cum
3115 2103 3338 2168 mundo,
3371 2099 3463 2158 sed
3499 2104 3693 2171 singu-

2109 2195 2177 2252 lis
2209 2195 2358 2252 horis
2399 2195 2708 2252 desiderare
2741 2195 2903 2258 mori,
2939 2205 2992 2250 et
3027 2209 3140 2247 esse
3169 2209 3289 2247 cum
3313 2192 3544 2248 Christo.
3591 2192 3695 2244 itn-

2111 2288 2370 2359 possihile
2397 2295 2483 2345 est
2505 2288 2750 2343 habitum
2778 2301 2919 2343 verte
2955 2286 3240 2342 charitatis
3273 2300 3394 2339 esse
3427 2285 3480 2338 in
3505 2299 3570 2338 co
3601 2285 3694 2352 qui

2110 2380 2287 2452 diligit
2307 2381 2510 2451 aliquid
2550 2382 2762 2448 vitiose,
2788 2380 2882 2437 sed
2917 2395 3092 2451 neque
3121 2379 3319 2441 oratio,
3357 2376 3531 2447 magis
3568 2393 3698 2430 vero

2110 2473 2377 2530 orationis
2406 2473 2640 2536 macula,
2665 2482 2722 2528 et
2766 2474 2820 2528 in
2846 2473 3090 2528 oratione
3134 2470 3280 2541 ejus,
3342 2478 3695 2539 augmentum

2113 2567 2228 2633 irae,
2259 2572 2313 2620 et
2361 2564 2586 2632 furoris,
2627 2573 2683 2620 ct
2715 2565 2951 2632 timoris,
2992 2575 3047 2619 et
3105 2563 3358 2621 elationis
3394 2563 3698 2632 assumptio

2113 2658 2236 2715 erit.
2281 2657 2475 2715 Sciens
2507 2672 2572 2714 ac
2625 2657 2867 2729 prudens
2931 2656 3125 2712 tacebo
3155 2655 3363 2726 reliqua
3395 2671 3409 2707 :
3439 2651 3696 2716 subaudi,

2113 2750 2300 2822 lapsus
2321 2751 2526 2815 carnis,
2569 2765 2829 2806 excessus
2868 2748 3090 2812 mentis,
3145 2757 3200 2804 et
3229 2747 3540 2803 vexationes
3593 2745 3700 2802 Sa-

2113 2851 2274 2898 tanae.
2310 2840 2600 2897 Exinanito
2639 2843 2776 2895 enim
2836 2841 2980 2910 felle,
3053 2839 3106 2894 id
3163 2845 3270 2901 est.
3325 2838 3588 2908 abnegata
3645 2846 3700 2890 ct

2116 2936 2442 2991 mortiﬁcata
2467 2943 2521 2989 et
2547 2933 2676 2990 odio
2706 2933 2890 2988 habita
2915 2931 3133 3002 propria
3175 2930 3476 2993 voluntate,
3527 2927 3587 2983 ﬁt
3613 2928 3695 2983 di-

2116 3027 2349 3082 minutio
2388 3027 2665 3082 vitiorutn.
2704 3024 2837 3081 Cum
2872 3026 3102 3079 medium
3152 3022 3291 3077 illud
3330 3023 3694 3090 arripuisscm.

2118 3115 2236 3170 Non
2277 3116 2419 3170 clare
2462 3114 2706 3169 narravit
2750 3112 3270 3182 contemplationem
3319 3118 3570 3178 sanctus,
3631 3124 3699 3163 eo

2117 3207 2261 3278 quod
2293 3206 2470 3263 noluit
2525 3206 2785 3261 omnibus
2841 3206 2967 3259 talia
2994 3203 3274 3260 revelare:
3305 3202 3436 3259 dicit
3493 3211 3700 3270 autem,

2115 3309 2420 3370 exsequens
2450 3301 2751 3355 orationem
2773 3298 3055 3368 tigilanter
3075 3306 3133 3352 et
3161 3298 3278 3352 sine
3299 3297 3702 3353 intermissione

2117 3401 2172 3448 et
2198 3392 2433 3464 pigritia,
2467 3393 2613 3463 quod
2647 3401 2733 3446 est
2778 3391 3021 3446 medium
3073 3389 3241 3444 trium
3297 3389 3698 3459 operationum.

2121 3484 2471 3542 lntcrmeditts
2501 3485 2717 3555 effectus
2743 3499 2880 3539 sunt.
2926 3481 2983 3536 ln
3009 3482 3200 3538 mediis
3222 3480 3444 3552 (inquit)
3471 3477 3700 3537 en‘ectus

2117 3594 2236 3634 sum
2269 3578 2516 3634 videlicet
2569 3576 2828 3648 angelicis
2872 3585 2929 3630 et
2977 3574 3440 3632 intellectualihus
3493 3575 3702 3630 ordini-

2119 3672 2242 3736 bus,
2269 3670 2411 3742 quod
2439 3680 2526 3726 est
2571 3670 2809 3725 medium
2845 3667 2935 3722 Dei
2979 3677 3034 3724 et
3057 3669 3361 3723 hominum.
3408 3667 3485 3722 Ac
3517 3668 3701 3722 sitien-

2119 3777 2220 3818 tem
2253 3780 2330 3816 me
2362 3763 2720 3818 illuminabat.
2775 3759 2842 3815 Et
2896 3760 3234 3816 illuminatus
3285 3759 3362 3814 iui
3394 3761 3464 3815 ab
3491 3775 3558 3816 eo
3588 3760 3700 3825 (itt-

2117 3858 2258 3928 quit)
2294 3855 2804 3926 superuaturaiiter.
2849 3851 2914 3906 Et
2935 3868 3052 3907 ecce
3087 3866 3276 3907 rursus
3303 3862 3423 3907 erat
3475 3855 3529 3907 in
3565 3853 3697 3907 illis.

2117 3948 2185 4004 Et
2239 3963 2368 4004 ecce
2412 3949 2633 4018 (inquit)
2697 3949 2891 4002 iterum
2936 3961 3088 4001 mens
3126 3955 3246 4000 erat
3265 3945 3318 4000 iu
3379 3944 3488 4000 illis
3533 3960 3701 4014 super

2117 4041 2493 4111 spirituaiibns
2522 4050 2577 4094 et
2607 4039 3038 4094 immissionibus
3059 4037 3282 4103 divinis,
3316 4047 3370 4092 et
3398 4038 3452 4090 in
3476 4051 3540 4091 ea
3576 4053 3700 4106 quae

2118 4145 2201 4189 est
2265 4133 2409 4188 circa
2461 4133 2639 4201 ipsum
2694 4130 3188 4199 contemplatione,
3217 4145 3326 4184 non
3375 4128 3583 4194 valens,
3632 4129 3698 4182 ad

2119 4227 2424 4299 principem
2451 4226 2504 4280 in
2537 4225 2719 4281 omnis
2750 4231 3018 4278 creaturae
3037 4221 3317 4276 Christum
3348 4221 3539 4285 Deum,
3569 4233 3696 4288 pro.

2119 4330 2238 4390 pter
2265 4316 2697 4374 inaccessihiiem
2731 4317 2930 4381 lucem,
2957 4327 3173 4368 sursum
3221 4312 3306 4382 agi
3365 4320 3420 4366 et
3452 4312 3695 4374 extendi,

2118 4427 2183 4467 ex
2223 4413 2326 4467 hoc
2363 4410 2743 4467 desiderabam
2787 4405 3164 4476 contemplari.
3197 4404 3338 4470 Quid
3383 4404 3596 4475 quidem
3644 4405 3697 4456 in

2050 4506 2097 4568 ι)
2121 4521 2184 4559 eo
2201 4515 2316 4559 erat
2354 4515 2476 4559 ante
2507 4503 2764 4559 visibilem
2810 4501 3060 4572 formant.
3128 4498 3488 4569 Interrogavit
3510 4511 3640 4552 vero
3669 4513 3704 4551 a

2127 4596 2366 4669 quodam
2411 4596 2727 4666 angelorum
2773 4595 2844 4650 de
2887 4592 3065 4648 Verbo
3091 4599 3220 4646 ante
3267 4590 3699 4660 assumptiooem

2128 4691 2385 4745 humanm
2411 4698 2622 4743 natura
2654 4707 2667 4742 :
2697 4701 2727 4741 a
2771 4701 2882 4758 quo
2906 4685 3190 4746 exclusus,
3229 4685 3424 4738 iterum
3447 4682 3704 4752 quasivit

2125 4779 2402 4851 quomodo
2461 4792 2607 4834 nunc
2659 4776 2924 4834 exsistit?
2954 4773 3022 4831 Et
3055 4775 3266 4830 audivit
3296 4792 3310 4829 :
3349 4770 3414 4827 In
3472 4774 3702 4843 propriis

2126 4887 2174 4928 et
2203 4889 2305 4926 non
2342 4873 2395 4924 in
2423 4873 2562 4936 istis,
2593 4885 2624 4926 a
2655 4869 2900 4942 principe
2929 4868 3181 4930 visionis,
3233 4877 3425 4922 sancto
3483 4867 3701 4937 angelo,

2126 4965 2379 5022 subaudi.
2416 4963 2482 5017 lit
2512 4979 2605 5034 ego
2634 4979 2652 5016 :
2689 4964 2947 5030 Quanam
2977 4960 3236 5032 (inquam)
3273 4969 3349 5015 cst
3379 4960 3569 5014 dextra
3589 4968 3704 5014 ste-

2126 5055 2205 5106 tio
2231 5053 2257 5107 .’
2277 5063 2385 5109 etc.
2421 5051 2488 5104 Et.
2531 5053 2727 5108 iterum
2763 5052 3115 5121 interrogavit
3146 5069 3159 5104 :
3189 5051 3322 5118 Qua
3346 5061 3430 5106 est
3457 5052 3700 5115 dextera.

2126 5153 2181 5200 et
2213 5147 2478 5201 thronus?
2505 5155 2557 5199 et
2593 5146 2744 5200 audit
2784 5159 2978 5200 rursus
3025 5162 3039 5198 :
3070 5141 3408 5213 inmissihile
3441 5153 3529 5201 est
3572 5158 3705 5201 aure

2129 5239 2232 5293 ista
2264 5238 2471 5295 doceri.
2503 5237 2702 5292 lterum
2725 5237 2996 5293 desiderio
3038 5245 3268 5299 tractus.
3300 5245 3455 5307 rogat
3501 5237 3704 5292 adduci

2130 5333 2196 5387 ad
2223 5332 2353 5386 illud
2383 5340 2598 5403 tempus
2623 5329 2992 5402 perfectionis,
3021 5330 3076 5384 in
3100 5345 3210 5398 quo
3236 5330 3414 5386 videat
3436 5327 3699 5394 Vcs-bunt,

2131 5425 2290 5482 sicuti
2318 5435 2404 5483 est
2437 5427 2573 5496 :qui
2595 5427 2775 5483 denuo
2801 5426 2954 5482 audit
3008 5442 3115 5480 non
3169 5440 3291 5480 esse
3354 5425 3555 5479 tiantis
3601 5425 3711 5479 hoc

2131 5521 2385 5589 accipere
2417 5533 2471 5574 ct
2503 5521 2824 5583 intelligere,
2861 5519 2966 5573 nisi
2992 5518 3145 5587 prius
3172 5517 3533 5572 absorbeatur
3559 5519 3701 5586 quod

2132 5612 2358 5667 IllOililiC
2399 5625 2477 5666 est
2511 5628 2538 5663 :t
2564 5612 2690 5671 \ita,
2721 5619 2771 5665 et
2811 5607 3144 5679 imper-lectio
3168 5601 3367 5664 liOSli‘iL‘
3391 5607 3702 5677 corruptio-
