4008 6148
384 315 519 381 1247

1140 319 1199 380 S.
1240 312 1552 381 JOANNIS
1597 316 1860 378 RAlTll.
1898 314 2220 379 SCIIOLIA
2257 321 2334 379 ΙΝ
2360 322 2772 384 ΕΙᾸΜΑΟὉΜ.

3511 319 3645 391 1248

379 428 470 486 nis
494 428 809 498 perticiatur
830 430 899 484 ah
927 428 1051 500 igne
1091 426 1329 498 Spiritus
1364 428 1538 481 sancti
1583 428 1768 481 omnia
1833 439 1965 481 con-
1995 428 2045 484 Α.
2072 428 2219 481 niani
2256 446 2364 484 non
2407 433 2567 485 habet
2593 433 2859 487 fervorem
2887 431 3011 485 boni
3033 429 3287 487 desiderii
3314 438 3369 485 et
3388 427 3645 487 festinati--

381 527 651 575 sunwnte.
681 518 776 579 Est
796 529 978 575 autem
1010 518 1126 575 hac
1151 518 1288 573 visio
1313 517 1669 586 relinquenda
1698 516 1767 572 ad
1792 518 1963 572 inter-

379 612 704 681 pretandum
730 652 747 678 ,
773 612 1039 683 expertis.
1067 608 1339 667 Putem
1357 624 1669 680 exsequens
1698 610 1962 675 medium,

374 704 645 760 orationis
702 719 826 775 quae
886 712 1011 775 post
1065 703 1333 758 virtutum
1409 700 1659 757 habitum
1706 704 1967 757 vitiorum

376 796 771 853 emundatione
816 796 1098 868 [tramissa
1144 805 1328 851 mente
1352 793 1651 865 perﬁcitur,
1705 795 1763 849 in
1788 795 1969 849 medio

382 887 647 943 virtutum
692 894 749 943 et
794 886 1277 957 contemplationis
1316 884 1496 941 factus
1543 899 1708 946 sum,
1769 884 1967 954 inquit.

380 979 525 1034 Sunt
549 979 695 1034 enim
724 980 952 1035 virtutes
969 979 1233 1035 mortales
1244 990 1296 1033 et
1320 978 1532 1049 purgati
1549 978 1822 1034 snimiseu
1840 992 1972 1033 con-

381 1072 1168 1145 templativzesemplaresseu
1212 1073 1628 1137 intellectuales.
1655 1075 1801 1129 sicut
1843 1082 1974 1127 sunt

381 1178 595 1221 contem
605 1165 1974 1237 ρΙαιὸυηεεἰωηιεᾶίειιωμεύίδιεειευδῇεειεμιαί·

382 1255 489 1311 bus
504 1263 636 1311 sunt
648 1269 902 1311 consona:
917 1256 1301 1312 essistentium
1319 1258 1530 1320 activa,
1544 1255 1974 1326 contemplativa:

383 1348 467 1402 vel
504 1346 899 1403 intellectuales
926 1356 981 1401 et
1003 1348 1409 1403 transductivt.
1444 1346 1541 1401 Est
1567 1362 1692 1402 vero
1714 1346 1972 1401 virtutum

384 1439 695 1493 mortalium
716 1439 859 1504 linis,
881 1439 1054 1509 pictas
1069 1440 1151 1494 vel
1169 1440 1503 1510 compassio:
1523 1440 1777 1494 virtutem
1792 1448 1973 1493 autem

383 1532 553 1585 animi
577 1532 691 1602 jam
721 1533 934 1601 purgati
962 1546 1056 1587 seu
1105 1533 1680 1601 contemplativarum,
1710 1532 1835 1585 linis
1890 1540 1977 1587 est

389 1623 787 1679 irremissibilis
836 1624 903 1678 ad
958 1625 1241 1694 passiones
1281 1634 1337 1680 ει
1384 1623 1629 1693 corporis
1684 1623 1973 1692 depositio.

384 1710 839 1769 litellectualium
892 1729 1021 1769 vero
1076 1732 1169 1769 seu
1219 1714 1635 1784 exemplarium,
1687 1713 1971 1768 deiformi-

389 1816 473 1860 tas
500 1817 553 1859 et
581 1806 777 1875 gratia.
812 1804 1087 1861 Virtutum
1121 1806 1286 1876 igitur
1315 1806 1515 1879 gradus
1538 1807 1752 1861 medius
1775 1816 1881 1870 est,
1906 1806 1967 1859 il-

386 1895 676 1949 luniinatio
698 1906 752 1951 et
779 1896 1163 1952 intellectualis
1184 1897 1479 1966 explicatio
1518 1914 1534 1950 :
1563 1897 1662 1957 ita,
1691 1904 1751 1949 et
1777 1895 1969 1964 cogni-

386 1988 598 2041 tionum
627 1988 926 2042 mediarum
974 1991 1213 2043 medium
1248 1999 1376 2042 sunt
1430 1987 1861 2058 contemplativa
1914 1993 1971 2039 et

390 2078 799 2134 intellectualia.
851 2079 1041 2149 Igitur,
1077 2080 1308 2134 medium
1348 2081 1735 2150 exsequens,“
1781 2078 1968 2132 mediis

387 2172 568 2243 {tctus
596 2188 731 2239 sunt,
776 2173 1065 2242 inquit,id
1093 2184 1198 2239 est,
1247 2174 1536 2244 perliciens
1579 2182 1637 2229 et
1687 2181 1971 2243 transgre-

389 2262 548 2317 diens
576 2264 783 2318 activas
804 2272 859 2317 et
884 2265 1120 2319 morales
1166 2266 1416 2328 virtutes,
1440 2275 1495 2319 et
1523 2279 1554 2318 a
1580 2264 1724 2318 vitiis
1773 2277 1973 2333 purga-

388 2365 501 2419 tus,
528 2363 585 2408 et
614 2369 646 2407 a
673 2370 905 2424 corpore
929 2356 1236 2427 elongatus.
1283 2356 1342 2411 In
1378 2357 1574 2412 mediis
1622 2355 1797 2412 fat-tus
1849 2372 1973 2411 sutn

388 2444 820 2512 cognitionibus,
846 2448 1284 2516 contemplativis
1305 2458 1360 2501 et
1388 2446 1851 2503 intellectualibus
1886 2458 1971 2504 :et

390 2534 719 2591 illuminavit
739 2537 1039 2603 sitientem,
1087 2539 1179 2593 ille
1205 2556 1239 2593 a
1278 2554 1383 2609 quo
1410 2555 1563 2593 autne
1608 2541 1795 2595 datust
1834 2543 1973 2609 opti-

391 2644 537 2681 mum
595 2639 645 2683 et
724 2644 877 2684 ottttts
968 2629 1164 2684 donum
1232 2631 1522 2700 perfectum
1581 2631 1668 2699 “;
1718 2642 1773 2687 et
1845 2649 1973 2703 pur-

392 2721 544 2790 gavit
589 2738 678 2777 me
726 2722 876 2776 virus
937 2738 1061 2793 qua
1114 2724 1315 2779 talibus
1346 2724 1753 2792 operationibus
1782 2726 1973 2794 prasi-

390 2813 504 2877 dct,
542 2822 598 2867 et
615 2827 834 2866 omnem
857 2814 930 2868 ab
955 2814 1139 2868 anima
1160 2814 1449 2887 caliginem
1478 2830 1815 2889 persequens
1846 2818 1972 2874 illu-

392 2902 715 2958 minationis
742 2906 1176 2963 immissionibus
1220 2906 1606 2965 insatiabiliter
1635 2926 1723 2965 tne
1781 2911 1973 2967 sitien-

390 3006 500 3050 tem
532 2996 915 3055 circnmfnlsit.
953 3001 1017 3054 Et
1055 3011 1179 3072 post
1210 3001 1312 3057 ista
1344 3000 1370 3053 τ
1398 3000 1597 3058 lterum
1615 3014 1737 3059 erat
1769 3005 1826 3060 iu
1856 3005 1971 3061 illis

2071 520 2199 574 tiam
2221 530 2276 576 et
2309 525 2549 579 siudium
2578 526 2772 580 salutis
2796 525 3012 579 animae.
3063 518 3237 577 (luitur
3268 524 3516 593 spiritum
3561 522 3648 576 oli-

2068 630 2215 668 scrca
2236 617 2562 686 vigilantius.
2622 616 2775 674 Unus
2795 618 3087 689 spirituum
3120 616 3215 687 qui
3236 631 3452 685 semper
3474 615 3648 684 impu-

2068 714 2219 777 gnat,
2239 718 2324 763 est
2359 710 2736 765 fornicationis
2765 709 3001 773 daemon,
3026 710 3263 763 maxime
3300 708 3353 762 in
3384 706 3643 777 incipiet!-

2072 796 2237 861 tibus,
2261 807 2316 852 et
2340 799 2788 870 impugnantibus
2812 814 2911 855 seu
2948 798 3381 868 proﬁcientibus,
3407 806 3493 851 est
3534 810 3651 850 aer-

2070 887 2174 942 dite
2197 888 2430 944 damon.
2459 889 2516 944 ln
2550 892 2615 946 iis
2637 899 2819 946 autem
2844 891 2940 961 qui
2982 891 3424 962 appropinquant
3475 885 3649 958 perfe-

2070 982 2267 1048 ctioni,
2296 989 2381 1037 est
2408 983 2619 1037 daemon
2643 998 2796 1038 vanae
2817 983 3021 1054 gloriae.
3056 980 3211 1036 Nulli
3240 984 3327 1035 cui
3354 982 3546 1034 turrim
3573 977 3649 1033 vel

2073 1068 2257 1125 collem
2292 1072 2483 1141 quietis
2543 1072 2835 1141 mli/icere,
2872 1081 2979 1126 etc.
3010 1068 3205 1126 Turris
3230 1070 3499 1141 signiﬁcat
3523 1082 3649 1138 per-

2076 1162 2365 1218 feCIionetn
2388 1166 2650 1219 virtutum
2674 1180 2798 1219 cum
2815 1164 3044 1220 scientia
3056 1163 3399 1220 sdilcatam.
3416 1160 3653 1228 Quicun-

2074 1268 2183 1323 que
2205 1269 2336 1325 ergo
2352 1263 2614 1324 operatus
2637 1256 2869 1310 activam
2894 1254 3084 1316 vitam,
3111 1251 3348 1323 perfecte
3364 1250 3429 1306 ad
3447 1250 3650 1322 impaso

2074 1344 2393 1400 sibilitatem
2448 1345 2610 1402 habet
2628 1347 3014 1418 aptitudinem,
3036 1355 3095 1402 et
3141 1345 3447 1415 dispositus
3467 1352 3553 1399 est
3581 1344 3651 1396 ad

2076 1437 2492 1507 acquisitinnetn
2515 1439 2844 1494 naturalium
2872 1437 3416 1508 contemplativarum
3454 1445 3510 1489 et
3564 1433 3653 1488 di-

2076 1531 2326 1585 vinarum
2357 1531 2643 1587 veritatum
2668 1541 2720 1587 et
2752 1533 3066 1597 rationum;
3097 1544 3193 1601 per
3213 1544 3351 1601 quas
3374 1527 3655 1601 perﬁcitur

2078 1624 2317 1693 perfecta
2344 1625 2593 1688 scientia,
2624 1633 2680 1680 et
2699 1626 2999 1693 completur
3026 1623 3317 1679 aediﬁcatio
3363 1622 3553 1685 turris,
3596 1629 3659 1676 et

2078 1716 2299 1787 quietis,
2333 1725 2388 1772 et
2409 1718 2671 1773 virtutum
2696 1716 3187 1773 Christiformlum.
3587 1727 3593 1734 '

2461 1851 2590 1907 CAP.
2623 1849 2695 1906 Χ.
2716 1851 2882 1904 ο-Αά
2927 1850 3153 1921 gradum
3180 1848 3271 1905 28.

2153 1986 2304 2050 Volo,
2339 1987 2434 2051 ait,
2465 1988 2633 2057 magis
2666 1987 2820 2042 verba
2840 1988 3004 2040 tuenti
3027 2000 3157 2040 tuear
3175 1986 3368 2051 dicere,
3391 1994 3492 2039 etc.
3521 1986 3659 2039 Sen-

2072 2097 2166 2137 sus
2186 2082 2384 2137 animae
2407 2091 2492 2137 est
2522 2081 2811 2137 ineﬂahilis
2834 2089 3029 2152 gustus
3070 2080 3269 2136 divina
3316 2080 3657 2135 consolatio-

2072 2175 2159 2230 nis
2188 2193 2201 2236 ;
2228 2176 2319 2246 qui
2359 2191 2485 2230 cum
2523 2173 2813 2231 charitatis
2839 2174 3253 2243 pulchritudine
3284 2173 3363 2229 ﬁt.
3402 2172 3659 2243 Quinque

2073 2269 2240 2341 igitur
2261 2271 2424 2325 verba
2454 2284 2620 2326 sensu
2647 2285 2747 2324 suo
2786 2268 3051 2339 loquitur,
3098 2267 3195 2337 qui
3223 2266 3243 2337 (
3267 2281 3364 2337 per
3391 2264 3657 2336 Spiritum

2073 2374 2323 2418 sanctum
2350 2362 2718 2428 sensiticatus)
2748 2361 3050 2417 secundum
3077 2360 3464 2431 proprietatem
3490 2359 3661 2414 dicta-

2073 2467 2196 2505 runt
2244 2452 2503 2506 virtutum
2555 2450 3022 2509 illuminationes.
3072 2448 3254 2504 divina
3308 2447 3557 2503 incendia
3603 2456 3659 2501 ct

2074 2540 2435 2612 perfectiones
2466 2542 2736 2611 intelligit,
2762 2541 3051 2611 participat
3073 2550 3125 2594 et
3152 2549 3339 2611 gustat
3365 2540 3419 2592 in
3442 2538 3510 2595 iis
3531 2552 3657 2608 qua

2072 2639 2225 2693 dicit.
2252 2636 2505 2706 Quinque
2532 2634 2694 2689 verba
2726 2633 2862 2689 dicit
2894 2633 3078 2689 omnis
3106 2634 3303 2688 doctor
3327 2632 3424 2704 qui
3450 2646 3655 2687 conve-

2075 2729 2283 2785 nientia
2309 2727 2544 2799 singulis
2567 2725 2826 2782 sensibus
2849 2725 2943 2795 qui
2968 2726 3023 2779 in
3048 2724 3208 2780 nobis
3244 2732 3372 2779 sunt
3402 2724 3658 2791 exemplo

2072 2819 2263 2889 operis
2282 2826 2341 2872 et
2363 2817 2529 2872 verbo
2564 2816 2835 2871 dot-trina:
2855 2814 3093 2870 remedia
3137 2815 3380 2885 apponit.
3414 2810 3482 2867 lu
3543 2812 3658 2882 ipse

2073 2912 2211 2967 enim
2258 2911 2560 2979 centuplum
2617 2909 2876 2977 accipient
2928 2908 3170 2961 monachi
3195 2924 3212 2961 ;
3240 2907 3293 2961 id
3336 2917 3420 2963 est
3473 2906 3661 2964 divina

2074 3005 2239 3059 dona.
2296 3004 2452 3070 Quod
2510 3016 2640 3055 vero
2694 3008 2779 3055 est
2825 2998 3269 3055 inde:videlieet
3316 2998 3504 3067 gratiae
3536 3012 3661 3067 quae

391 3096 410 3158 t
440 3090 673 3145 subaudi
745 3092 969 3160 mediis)
1037 3094 1221 3148 divina
1300 3093 1627 3150 illuminatio
1672 3096 1973 3153 secundum
2001 3104 2046 3164 ο
2079 3109 2176 3165 per
2198 3094 2507 3149 orationem
2540 3090 2987 3147 misericordilius
3009 3089 3290 3145 monachis
3318 3088 3661 3145 distribuun-

391 3184 822 3253 propositionem
845 3186 1065 3241 mentis.
1093 3186 1158 3240 Et
1184 3186 1529 3243 llammantes
1548 3185 1799 3255 allectus,
1830 3205 1975 3247 cont—

390 3276 601 3345 pellunt
640 3288 913 3333 amantem
945 3280 1285 3350 interrogare
1311 3295 1341 3333 a
1364 3280 1608 3351 principe
1628 3281 1881 3347 visionis,
1907 3282 1975 3337 de

391 3370 638 3425 veritatis
667 3370 879 3425 visione
943 3372 1058 3426 sive
1078 3372 1363 3442 symbolis,
1394 3381 1449 3426 et
1492 3372 1561 3427 de
1610 3370 1791 3428 Verbo
1843 3382 1973 3429 ante

390 3462 822 3531 assumptionem
851 3463 1104 3519 humana:
1127 3473 1357 3527 naturae,
1387 3474 1441 3520 ct
1468 3480 1592 3535 quae
1616 3481 1971 3536 consequun-

392 3564 482 3608 tur
504 3555 649 3610 sicut
677 3556 930 3623 superius
951 3557 1224 3629 leguntur.

463 3644 599 3703 Cum
653 3648 892 3715 procedis
951 3658 1266 3720 congregata
1320 3650 1549 3704 custodi.
1620 3648 1679 3704 Id
1733 3663 1839 3715 est,
1910 3667 1975 3707 os

390 3751 547 3795 tuum
574 3750 632 3795 et
660 3755 756 3795 cor
817 3750 971 3796 tuum
1011 3742 1067 3797 in
1098 3740 1469 3798 locutionibus
1503 3743 1742 3808 custodi,
1774 3760 1975 3800 cavens

392 3836 681 3905 propalare
714 3836 941 3891 vlrttttes
990 3838 1144 3907 quia,
1199 3851 1295 3891 ore
1345 3836 1632 3900 inutiliter.
1683 3839 1977 3896 indiscrete

391 3934 447 3980 et
472 3942 609 3983 vane
633 3937 844 3998 aperto,
867 3928 1097 3985 virtutes
1120 3944 1244 3998 qua:
1268 3941 1507 3988 mentem
1532 3932 1599 3986 ad
1634 3930 1802 3986 Deum
1830 3935 1976 3988 exal-

391 4018 627 4082 tabant,
685 4022 990 4088 perduntur
1051 4032 1105 4078 et
1157 4024 1342 4079 volant
1403 4033 1459 4079 et
1507 4024 1810 4095 disparem.
1876 4028 1976 4081 (iri

389 4114 532 4167 enim
577 4115 791 4183 procaci
846 4115 1236 4186 appropinquat
1287 4116 1445 4170 ruina
1484 4116 1530 4149 "
1589 4136 1600 4171 :
1682 4117 1970 4174 Siil‘lililllll

391 4222 521 4263 vero
605 4216 691 4262 est
777 4208 1039 4263 Vit'lullllll
1129 4211 1400 4265 custodia.
1477 4210 1794 4275 Patientia,
1886 4223 1968 4268 est

393 4299 686 4353 cautionis
721 4301 956 4368 quotidie
996 4312 1304 4371 exspectata
1344 4304 1606 4373 deﬁnitio.
1662 4308 1976 4363 Secundum

392 4401 711 4442 mensuram
740 4389 1089 4453 humilitatis,
1121 4391 1283 4443 tiatur
1306 4391 1569 4461 patientia
1594 4392 1647 4446 in
1671 4394 1976 4451 tribulatio-

393 4478 558 4535 nibus
581 4489 637 4533 et
662 4482 1079 4544 tentationibus,
1104 4491 1160 4535 et
1185 4483 1487 4539 secundum
1521 4485 1858 4553 patientiam.
1895 4489 1976 4541 al-

394 4574 605 4629 levatur
644 4590 785 4630 onus
813 4576 1252 4639 tribulationum,
1284 4586 1339 4632 et
1364 4580 1830 4642 eonsolationum,
1882 4599 1978 4652 per

391 4681 515 4722 eam
549 4682 803 4736 pergens.
837 4669 1144 4738 participat.
1184 4683 1240 4726 et
1295 4672 1598 4729 secundum
1644 4675 1976 4731 consolatio-

395 4774 519 4814 nem
546 4760 925 4830 ntagniticatur
948 4762 1191 4819 charitas
1216 4764 1337 4834 ejus
1379 4764 1447 4819 ad
1481 4764 1671 4831 Deum,
1699 4775 1753 4820 et
1776 4784 1976 4823 secnno

392 4851 524 4907 dum
549 4852 899 4917 cbaritatem,
924 4855 1165 4922 possidet
1187 4856 1463 4924 gaudium.
1490 4858 1636 4914 Sane
1658 4862 1974 4928 patientiam

396 4946 604 5015 peperit
628 4959 754 5014 spes
782 4956 838 5000 et
864 4945 1064 5011 luctus,
1090 4950 1183 5016 qui
1206 4964 1334 5003 vero
1363 4951 1483 5005 sine
1509 4952 1593 5005 liis
1623 4954 1839 5011 duobus
1884 4972 1978 5009 cx-

395 5038 555 5105 stitit,
582 5037 785 5094 acedim
810 5051 1004 5095 serius
1033 5049 1119 5095 est
1146 5041 1210 5094 ad
1241 5043 1423 5095 omnia
1456 5044 1625 5111 piger.
1660 5042 1778 5098 Non
1829 5048 1975 5100 enim

393 5131 489 5199 qui
518 5129 642 5185 talis
662 5138 769 5191 est.
805 5129 1048 5199 possidet
1077 5130 1444 5187 festinantiam
1470 5135 1623 5191 bona:
1659 5137 1975 5205 voluntatis,

394 5220 490 5276 sed
522 5221 578 5277 in
598 5222 855 5279 omnibus
878 5224 1139 5293 operibus
1164 5225 1280 5279 suis
1307 5227 1560 5282 anxiatnr
1611 5240 1667 5284 et
1707 5234 1977 5301 impotens

397 5314 453 5369 lit
509 5325 566 5369 et
593 5323 748 5385 putat
808 5314 1216 5382 impotentiam,
1260 5318 1505 5384 taedium,
1552 5330 1606 5374 et
1649 5321 1974 5379 discrasium

398 5406 618 5469 acedia',
642 5406 1013 5460 infirmitatem
1041 5406 1289 5475 corporis
1318 5426 1437 5461 esse
1468 5426 1481 5474 ;
1534 5421 1587 5463 et
1612 5412 1682 5465 ita
1733 5414 1973 5483 seipsum

398 5502 536 5556 sicut
568 5500 845 5553 infirmum
894 5508 1143 5563 excusat,
1175 5500 1313 5571 gulae
1348 5506 1591 5558 serviens
1613 5516 1664 5559 et
1696 5511 1806 5559 ωηο
1838 5525 1973 5574 quo-

469 5652 512 5683 “
536 5655 651 5707 Jnt‘.
699 5672 733 5716 ι,
773 5656 853 5708 l7.
934 5658 975 5687 "
1017 5658 1172 5711 Ptov.
1208 5677 1350 5719 uti,
1390 5660 1479 5712 ΞΒ.

473 5805 585 5873 (’19)
614 5803 777 5861 Vetus
810 5812 1095 5877 interpres,
1124 5828 1230 5873 ore,
1269 5812 1446 5864 animo
1472 5820 1519 5865 cl
1550 5814 1762 5882 spiit‘tu.

2080 3205 2171 3245 tur
2193 3189 2248 3244 in
2281 3204 2350 3244 eo
2375 3189 2517 3257 quod
2540 3197 2647 3252 est,
2679 3187 2732 3242 id
2783 3197 2887 3251 est,
2930 3187 3039 3241 vita
3080 3199 3283 3242 :ctema
3307 3196 3364 3240 et
3405 3186 3547 3240 bona
3575 3186 3659 3238 in-

2074 3282 2449 3353 corruptibilia
2482 3299 2605 3353 qua:
2632 3282 2715 3338 eis
2768 3280 3161 3337 retribueutur.
3188 3276 3299 3351 Ego
3326 3280 3483 3333 auius
3537 3279 3661 3331 sub-

2075 3375 2291 3433 stantia:
2316 3374 2452 3429 dus
2501 3375 2779 3435 essentias,
2803 3382 2908 3427 etc.
2942 3370 3107 3439 Quasi
3129 3370 3276 3426 dicat
3296 3389 3311 3425 :
3334 3369 3472 3441 Ego,
3502 3368 3663 3426 dil‘e-

2079 3476 2263 3520 rentes
2286 3465 2433 3534 ipsas
2456 3464 2803 3519 essistentes.
2834 3464 2998 3518 unius
3047 3462 3173 3518 dico
3200 3476 3325 3519 esse
3378 3463 3657 3533 operatio-

2078 3562 2165 3613 nis
2187 3568 2242 3613 et
2265 3558 2601 3613 substantiae.
2630 3557 2785 3622 Quod
2804 3559 2981 3611 videns
3023 3558 3195 3628 ignem
3226 3564 3511 3626 eloquent.
3576 3554 3660 3626 lg-

2077 3660 2202 3702 uem
2228 3648 2530 3709 ardentem,
2572 3660 2641 3699 ex
2671 3644 2782 3700 Deo
2809 3644 3195 3701 devotionem:
3229 3653 3285 3698 et
3330 3658 3529 3716 aquam
3577 3643 3656 3699 la-

2077 3751 2295 3811 crynias
2324 3736 2477 3792 dicit.
2512 3733 2627 3791 Uno
2650 3751 2789 3805 sepe
2822 3733 2975 3791 uerbo
2991 3736 3261 3790 incautius
3288 3738 3503 3796 emisso.
3523 3752 3654 3807 pro-

2079 3826 2210 3895 prius
2231 3823 2727 3880 commendationis
2753 3833 2808 3881 et
2832 3824 3203 3895 gloriationis.
3242 3824 3409 3881 Aliud
3431 3834 3510 3882 est
3536 3843 3654 3882 crc-

2079 3919 2244 3983 brius,
2276 3918 2431 3973 corde
2482 3917 2765 3988 speculari.
2822 3916 3040 3972 Visitari
3066 3917 3306 3988 quidem,
3332 3926 3419 3972 est
3441 3918 3508 3971 a-l
3532 3933 3662 3988 pro-

2080 4011 2252 4078 priam
2273 4010 2767 4066 considerationem
2799 4026 2865 4066 ex
2890 4010 3220 4067 contritione
3243 4014 3665 4082 superveniente

2078 4105 2319 4159 converti
2333 4114 2383 4160 et
2401 4103 2833 4168 contemplari,et
2852 4113 3260 4175 congregare.et
3273 4118 3460 4161 curam
3473 4121 3665 4175 gerere

2077 4199 2146 4253 de
2167 4199 2232 4253 iis
2259 4214 2383 4267 quae
2398 4208 2527 4253 sunt
2543 4198 2609 4252 ad
2635 4196 2889 4261 Deum,in
2912 4197 3122 4266 seipse;
3151 4196 3376 4253 visitare
3398 4213 3527 4255 vero
3551 4210 3658 4265 est,

2081 4292 2310 4347 aliorum
2363 4289 2720 4362 principative
2779 4298 2832 4344 et
2901 4289 3313 4345 sacerdotaliter
3362 4291 3663 4347 emundare

2080 4382 2267 4445 corda,
2296 4392 2353 4436 et
2375 4381 2584 4436 hostias
2610 4380 3008 4449 accceptabiles
3053 4380 3255 4436 multas
3287 4379 3397 4436 Deo
3440 4379 3660 4449 olerre,

2083 4476 2266 4541 verbo,
2285 4475 2534 4530 oratione
2579 4485 2633 4529 et
2674 4473 2944 4545 exemplo.
2993 4473 3242 4541 \‘isitare,
3275 4484 3359 4529 est
3400 4475 3667 4531 continue

2080 4581 2132 4624 et
2154 4569 2261 4624 tixe
2286 4569 2518 4639 teipsum
2541 4567 2913 4631 considerare,
2936 4576 2992 4621 et
3048 4566 3169 4622 sine
3205 4566 3529 4624 remissione
3572 4568 3666 4623 iu-

2081 4670 2360 4717 eessanter
2379 4660 2717 4731 conspicere,
2746 4670 2801 4716 et
2824 4673 3026 4715 census
3047 4668 3212 4731 atque
3244 4659 3515 4730 potentias
3540 4661 3666 4716 sui.

2082 4769 2185 4811 tua:
2210 4764 2265 4809 et
2289 4754 2534 4824 corporis
2560 4752 2913 4824 principative
2929 4767 3280 4823 congregare,
3309 4762 3364 4809 et
3384 4766 3480 4823 per
3507 4751 3664 4809 iude-

2080 4850 2347 4905 sinentem
2373 4849 2673 4903 orationem
2698 4847 2894 4903 devote
2927 4844 3040 4901 Deo
3062 4846 3279 4902 oil'erre.
3312 4843 3507 4909 Corde,
3540 4848 3665 4900 cui-

2082 4958 2165 4996 mo
2181 4953 2228 4994 et
2250 4942 2441 5009 spiritu
2461 4940 2575 5012 (29)
2600 4984 2612 4994 .
2632 4939 2881 4995 Animam
2899 4938 3056 5005 dicit,
3084 4941 3374 4995 sensitivas
3392 4949 3449 4994 et
3471 4939 3663 4996 vitales

2082 5035 2376 5103 potentias,
2421 5034 2672 5104 spiritum
2707 5048 2876 5096 vero,
2921 5033 3307 5087 deliberativas
3351 5032 3664 5087 voluntates

2082 5138 2135 5180 et
2161 5129 2555 5184 intellectuales
2585 5126 2924 5192 adiectiones,
2958 5126 3199 5196 Spiritus
3225 5125 3415 5191 etiam,
3442 5134 3528 5180 est
3542 5122 3668 5181 ani-

2084 5237 2170 5274 ma
2208 5221 2487 5277 rationalis
2516 5232 2573 5277 et
2618 5220 3019 5285 intellectualis,
3054 5230 3109 5275 et
3131 5226 3305 5275 totum
3359 5216 3543 5282 simul,
3576 5215 3666 5272 di-

2084 5313 2223 5366 citur
2258 5314 2515 5382 Spiritus.

2087 5404 2391 5473 Hrplicittnt
2421 5407 2611 5477 glosstl:
2640 5407 2814 5461 sancti
2842 5404 2912 5460 P.
2938 5402 3016 5459 Ν.
3046 5403 3275 5459 Joannis
3293 5402 3501 5459 abbatis
3516 5396 3663 5469 Rap-

2468 5507 2580 5571 tlm,
2608 5520 2764 5574 super
2796 5503 3022 5557 testibus
3043 5500 3288 5558 Climaci.
