4008 6148
425 312 554 381 121i

1616 324 1938 386 SCHOLIA
1978 326 2058 385 ΙΝ
2084 325 2498 386 CLIMACUM-

3554 318 3688 386 1212

424 427 638 499 operari
676 425 920 496 quidem,
959 427 1051 481 scd
1083 427 1373 482 msolertcr
1405 438 1458 483 ct
1486 428 1754 485 indevotc.
1790 428 1997 484 Vitium
2030 435 2071 492 Α
2104 431 2493 499 malignitatem
2526 469 2543 493 ,
2582 436 2634 483 ct
2692 428 3002 499 superbiam
3063 427 3207 482 vita.
3259 422 3447 482 Tertio
3470 466 3487 493 ,
3538 431 3685 498 tpiod

422 527 539 585 cst,
601 516 949 573 confirmatio
993 527 1047 574 et
1096 519 1390 575 conversio
1443 534 1539 590 per
1574 535 1903 577 consensum
1947 530 2002 577 et

424 604 842 663 delectationem
897 606 1041 663 facta
1092 608 1162 664 ad
1202 624 1267 663 ea
1315 624 1438 680 qua:
1468 619 1686 678 nocent,
1721 621 1777 665 et
1808 610 1997 666 illicita

422 707 566 754 sunt.
592 698 804 769 Lapsus
821 709 925 764 est,
948 714 1073 757 cum
1096 703 1163 755 ad
1185 701 1561 758 inﬁdelitatem
1594 713 1688 757 aut
1718 703 1999 759 libidinem

419 800 477 845 et
508 793 797 861 passiones
836 791 1067 849 lubricat
1088 808 1309 862 corpus.
1355 792 1510 864 Stepe
1543 796 1643 864 ﬁt,
1691 804 1750 849 ut
1796 798 1999 867 requies

420 894 511 946 per
547 880 883 936 inimicitias.
943 879 1150 953 Sepius
1189 898 1257 938 ex
1291 895 1500 939 natura!
1548 884 1863 955 fragilitate,
1897 892 1996 940 aut

423 972 755 1039 infirmitate,
796 981 894 1029 aut
934 972 1121 1039 senio,
1156 983 1252 1032 aut
1281 991 1346 1031 es
1392 977 1703 1033 obedientia
1749 977 1996 1042 Patrum,

418 1064 637 1131 requies
673 1080 781 1120 non
812 1074 991 1120 amata
1024 1081 1055 1120 a
1078 1082 1237 1121 servo
1255 1065 1346 1121 Dei
1378 1068 1477 1137 (ait
1501 1066 1684 1139 Pater)
1712 1069 1995 1140 recipitur,

418 1166 541 1222 qua
574 1153 773 1208 mentis
822 1154 1080 1209 virtutem
1128 1155 1414 1212 inimicitia
1452 1158 1690 1229 evigilat,
1724 1166 1780 1214 et
1812 1162 1997 1215 carnis

422 1241 701 1297 libidinem
732 1258 840 1298 non
869 1244 1172 1300 inﬂammat
1194 1264 1209 1300 :
1228 1246 1372 1301 sicut
1396 1248 1561 1302 multa
1587 1248 1771 1303 carnis
1794 1259 1999 1304 macta-

424 1334 523 1399 tio,
556 1348 666 1388 non
700 1333 980 1390 humiliter
1029 1345 1085 1391 et
1127 1338 1364 1393 discrete
1407 1339 1548 1404 facta
1581 1340 1768 1395 carnis
1813 1348 1996 1395 motus

421 1422 615 1479 incitat
658 1434 881 1495 prapter
917 1425 1122 1482 elatum
1162 1444 1377 1497 sapere.
1417 1431 1564 1494 licet,
1608 1432 1887 1487 humiliter
1911 1431 1996 1503 je-

412 1513 758 1584 junantibus,
778 1519 880 1573 hoc
897 1518 1075 1589 ipsum
1097 1536 1163 1575 ex
1184 1522 1365 1576 divina
1392 1523 1735 1592 providentia
1768 1532 1995 1579 sanctus

414 1605 583 1664 Pater
622 1608 912 1678 similiter,
968 1612 1296 1684 quandoque
1345 1616 1661 1685 contingere
1706 1616 1896 1670 dicat:
1934 1624 1995 1670 ut

415 1697 659 1769 perfecte
687 1698 1061 1765 humiliemur,
1101 1711 1157 1758 et
1207 1720 1314 1758 non
1348 1705 1689 1761 confidamus
1724 1708 1779 1762 in
1810 1707 1992 1776 operi-

2105 522 2252 576 Dcus
2279 529 2363 574 est
2387 519 2608 583 animm,
2643 518 2747 572 hoc
2780 518 2962 571 anima
2994 526 3144 571 esset
3189 518 3428 586 corpori,
3463 533 3685 572 onmem

2103 628 2132 668 a
2166 628 2225 669 se
2250 611 2647 669 animalitatetn
2673 619 2728 667 et
2758 608 3082 665 feralitatem
3117 609 3383 679 repellens
3403 649 3419 673 ,
3455 618 3511 663 et
3539 610 3688 679 quod

2104 705 2216 761 Deo
2265 705 2503 759 amicum
2550 712 2634 759 est
2676 711 2731 758 et
2776 701 3171 771 beneplacitum
3222 717 3472 771 quaerens
3508 712 3562 756 ει
3605 712 3688 757 te-

2105 810 2264 862 nens,
2297 795 2432 850 nihil
2463 794 2855 850 inconveniens
2870 802 2926 847 et
2955 792 3199 848 deforme
3213 801 3309 846 aut
3330 791 3685 847 inhonestum

2101 896 2299 945 contra
2328 901 2389 943 se
2418 885 2716 958 pmvalere
2745 884 3108 955 permitteret,
3128 893 3182 938 et
3207 885 3388 939 odiret
3418 885 3687 954 superbia:

2099 979 2349 1044 malum,
2402 986 2459 1032 et
2511 978 2680 1033 altum
2732 991 2922 1046 sapere
2974 974 3218 1047 fugeret,
3273 986 3329 1031 et
3386 977 3686 1032 humilibus

2097 1072 2454 1129 consentiret.
2485 1068 2639 1125 Tenet
2657 1086 2741 1124 me
2771 1071 3035 1124 vehemens
3088 1057 3401 1124 admiratio.
3436 1068 3515 1124 Eo
3536 1070 3683 1141 quod

2098 1165 2273 1219 multo
2317 1164 2492 1233 levius
2540 1172 2625 1217 est
2667 1162 2733 1216 ad
2787 1161 3202 1231 exsequendum
3264 1160 3527 1216 contrarii
3559 1176 3685 1217 cor-

2098 1256 2284 1327 ruptio
2311 1269 2476 1325 quam
2512 1255 2707 1318 virtus,
2752 1252 2977 1308 zelabile
3022 1252 3243 1323 quidem
3275 1261 3331 1308 et
3370 1262 3683 1324 promptum

2097 1348 2375 1418 negotium
2428 1353 2514 1401 est
2557 1345 2683 1401 filiis
2738 1346 3045 1408 hominum,
3082 1344 3432 1412 animalitas;
3480 1356 3535 1401 ct
3564 1348 3687 1401 ideo

2096 1438 2304 1494 dictum
2358 1448 2444 1494 est
2488 1440 2569 1494 eis
2629 1456 2644 1495 :
2717 1435 2848 1491 Filii
2895 1438 3195 1505 hominum,
3225 1454 3492 1509 aequeque
3536 1443 3685 1511 graui

2096 1526 2253 1582 corde
2274 1527 2354 1579 ”?
2378 1538 2430 1582 ει
2454 1530 2649 1581 iterum
2676 1545 2690 1581 :
2729 1525 2837 1597 Ego
2862 1524 2975 1578 dixi
2992 1527 3045 1579 in
3070 1542 3285 1581 excessu
3318 1543 3469 1582 meo:
3500 1527 3682 1583 Omnis

2096 1618 2253 1671 homo
2283 1616 2511 1671 mendax
2533 1618 2599 1671 ⁵ο.
2640 1615 2807 1682 Sane,
2834 1616 2910 1670 nil
2946 1616 3021 1671 ita
3048 1616 3199 1680 leve,
3240 1624 3299 1669 ut
3337 1616 3452 1671 ﬁeri
3480 1615 3678 1671 malos.

2098 1710 2319 1766 etiamsi
2355 1726 2461 1765 non
2490 1709 2654 1765 fuerit
2675 1710 2741 1763 ad
2761 1708 3025 1763 malitiam
3055 1724 3157 1763 nos
3170 1709 3467 1777 quisquam
3489 1723 3680 1778 agens.

420 1790 527 1845 bus
556 1795 779 1847 nostris.
812 1790 885 1846 Hi
916 1793 1128 1863 quidem
1166 1795 1257 1865 qni
1304 1812 1534 1865 superne
1577 1799 1815 1867 sapiunt.
1848 1774 1988 1853 _Sine
2025 1774 2069 1830 Β
2096 1801 2201 1857 Ιιοε
2230 1802 2377 1855 enim
2400 1810 2484 1856 est
2504 1800 2649 1872 quod
2688 1799 2925 1855 maxime
2968 1774 3332 1855 circumvenit
3353 1774 3677 1862 bonitatem,

411 1880 620 1935 virtute
642 1881 790 1937 enim
818 1892 870 1937 et
898 1882 1019 1939 sine
1046 1884 1334 1955 sapientia,
1365 1900 1526 1941 nemo
1559 1886 1761 1942 salvari
1791 1894 1987 1956 potest.

415 1968 576 2028 Unde
630 1972 811 2029 omnis
856 1974 951 2045 qui
998 1975 1190 2031 salutis
1233 1977 1293 2031 iit
1330 1978 1630 2048 particeps,
1690 1990 1990 2048 supernam

413 2063 786 2119 haereditatem
836 2077 958 2119 actu
1005 2082 1101 2122 seu
1127 2070 1582 2139 contemplatione
1611 2072 1844 2127 sortitur
1885 2091 1898 2124 :
1934 2082 1991 2126 et

410 2155 564 2211 aliud
610 2155 851 2212 medium
902 2173 1010 2213 non
1046 2168 1151 2214 est.
1196 2160 1301 2227 Qui
1348 2176 1482 2231 ergo
1528 2163 1769 2232 neglecta
1804 2165 1988 2219 divina

400 2248 753 2317 summitate,
770 2250 982 2321 seipsos
1009 2251 1078 2306 ad
1098 2252 1349 2323 corporis
1375 2253 1688 2308 aliectiones
1705 2253 1986 2322 inclinant,

408 2348 508 2395 aut
529 2341 623 2411 qui
651 2340 881 2397 viriliter
900 2351 956 2399 et
981 2342 1249 2400 hostiliter
1268 2355 1457 2400 contra
1482 2346 1611 2400 vitia
1633 2358 1688 2402 et
1709 2345 1989 2404 da'mones

407 2444 659 2503 pugnare
703 2443 960 2491 recusant
997 2453 1010 2489 :
1042 2436 1302 2493 abstracti
1344 2448 1401 2491 et
1446 2435 1609 2493 illecti
1636 2453 1667 2493 a
1713 2438 1987 2509 corporali

405 2526 614 2595 quiete,
654 2541 748 2594 per
788 2530 1253 2599 segregationcm,
1279 2545 1309 2585 a
1343 2531 1545 2587 virtute
1575 2531 1831 2588 deorsum
1863 2547 1988 2605 per-

403 2627 566 2689 gunt.
616 2619 798 2687 Quare
849 2622 1036 2677 aeterni
1101 2624 1253 2693 regni
1316 2624 1637 2694 possessio,
1697 2623 1834 2682 solis
1886 2627 1985 2697 qui

404 2726 644 2781 superna
675 2716 896 2785 sapiunt
926 2713 1087 2770 datur
1123 2735 1136 2771 :
1164 2730 1264 2771 nec
1295 2725 1379 2771 est
1412 2726 1680 2774 statutum
1721 2719 1848 2776 liliis
1889 2720 1986 2775 hoc

403 2801 614 2854 minimi
662 2803 902 2857 medium
932 2804 1081 2859 aliud
1118 2804 1343 2870 salutis,
1381 2820 1548 2878 quam
1588 2822 1684 2877 per
1726 2809 1981 2865 virtutem

399 2898 459 2947 et
508 2890 795 2948 scientiam
854 2908 1089 2963 superna
1141 2909 1356 2965 sapere.
1408 2895 1590 2963 Quare
1644 2898 1787 2955 sicut
1843 2899 1985 2956 inter

401 2984 702 3041 morientes
758 2986 812 3040 in
867 2987 1013 3043 vitiis
1064 2996 1119 3042 et
1150 2989 1422 3059 pecuniis,
1466 2998 1523 3045 et
1566 2990 1863 3061 migrantes
1914 2992 1983 3049 ad

2094 1892 2426 1962 malignitas,
2474 1908 2660 1946 rarum
2696 1892 2973 1961 negotium
3009 1892 3291 1960 possessio
3333 1890 3485 1953 boni.
3522 1900 3577 1945 ct
3607 1890 3677 1944 ad

2090 1982 2317 2038 bonum.
2374 1981 2733 2038 Attendentcs
2784 1982 2967 2052 pauci,
3026 1983 3280 2052 quamvis
3324 1982 3555 2036 multum
3605 1982 3679 2036 sit

2090 2074 2237 2146 quod
2274 2074 2503 2130 advocat
2534 2082 2591 2131 et
2630 2075 2796 2129 trahit
2845 2073 2913 2127 ad
2956 2073 3119 2128 istud.
3166 2071 3231 2127 Et
3269 2071 3373 2126 hoc
3418 2072 3675 2142 estquod

2090 2170 2319 2242 Agguass
2356 2170 2619 2241 propheta
2665 2169 2798 2224 dicit
2836 2188 2849 2224 :
2896 2168 3228 2237 Interrogare
3268 2168 3563 2222 sacerdotes
3610 2166 3676 2221 de

2089 2261 2219 2333 lege,
2255 2272 2431 2316 utrum
2460 2279 2587 2316 caro
2633 2262 2973 2332 sanctiﬁcata
3011 2260 3309 2327 sancti/iret
3346 2259 3415 2311 “.
3445 2257 3511 2313 Et
3539 2274 3675 2313 con-

2088 2363 2382 2421 sequenter
2407 2351 2727 2417 ostendens,
2753 2352 2879 2420 quia
2913 2348 3205 2405 difficulter
3247 2358 3333 2403 est
3370 2349 3676 2419 apprehen-

2088 2443 2246 2499 sibile
2281 2442 2481 2499 bonum
2530 2442 2784 2497 humana:
2829 2449 3059 2505 natura',
3112 2450 3371 2509 tanquam
3414 2438 3575 2508 ignis,
3617 2439 3671 2491 in

2087 2522 2296 2606 aquosa
2324 2547 2381 2590 et
2417 2536 2642 2591 humida
2688 2535 2917 2589 materia
2951 2547 2968 2586 :
3003 2532 3178 2603 parati
3223 2540 3407 2586 autem
3441 2532 3507 2586 ad
3543 2530 3671 2585 mali

2086 2625 2562 2697 participationem
2613 2633 2743 2679 sunt
2788 2621 3041 2694 plurimi,
3087 2620 3233 2676 sicut
3275 2618 3481 2689 stipula
3517 2632 3672 2688 qure-

2087 2717 2232 2783 dam,
2265 2732 2297 2771 a
2336 2718 2571 2772 scintilla
2610 2716 2754 2787 ignis
2781 2725 2837 2770 et
2869 2722 3033 2769 vento
3062 2724 3296 2769 accensa
3333 2721 3390 2767 et
3411 2724 3673 2766 consum—

2086 2816 2197 2878 pta.
2218 2806 2387 2862 Solvit
2409 2817 2590 2863 tamen
2618 2805 2783 2861 Pater
2805 2804 3185 2876 quaestionem,
3202 2803 3270 2857 ad
3286 2801 3671 2873 mysteriorum

2085 2907 2295 2953 secreta
2346 2896 2678 2968 speculanda
2730 2911 2830 2951 nos
2885 2894 3171 2950 inducens.
3231 2892 3322 2947 Ait
3361 2905 3494 2963 ergo
3548 2908 3561 2945 :
3610 2889 3670 2943 Si

2084 2988 2267 3043 omnia
2324 2998 2509 3044 creata
2562 2995 2788 3044 servant
2834 2997 2890 3041 et
2930 2985 3134 3041 habent
3155 2983 3304 3055 quod
3348 2983 3673 3040 naturaliter

400 3073 576 3131 Deum
631 3092 757 3133 cum
813 3080 1102 3136 virtutibus
1154 3089 1212 3135 et
1245 3081 1533 3148 charitate,
1580 3093 1667 3141 est
1714 3094 1974 3151 statuere,
2000 3089 2054 3149 κο
2087 3089 2417 3148 acceperunt
2451 3080 2504 3133 in
2532 3078 2831 3142 creatione,
2856 3074 3133 3146 quomodo
3156 3076 3343 3140 homo,
3362 3073 3457 3146 qui
3489 3072 3673 3144 imago

397 3170 470 3225 ad
532 3171 911 3241 penitentiam
986 3170 1156 3228 Deum
1239 3174 1610 3244 placandum,
1696 3176 1986 3233 cohabita-

399 3261 571 3317 tionis
640 3262 903 3332 medium,
960 3264 1055 3321 sed
1132 3274 1335 3322 aeterna
1420 3266 1669 3338 utrisque
1743 3269 1988 3326 redditur

400 3354 623 3410 mansio
661 3357 959 3411 secundum
1003 3358 1350 3427 operationes
1391 3370 1445 3416 et
1473 3361 1687 3417 merita.
1737 3362 1981 3432 Quapro-

397 3457 522 3515 pter
568 3457 790 3500 sanctus
817 3446 952 3501 dicit
981 3466 996 3503 :
1028 3444 1132 3514 Qui
1164 3463 1400 3519 superna
1431 3451 1674 3522 sapiunt,
1716 3454 1984 3523 segregati

398 3553 428 3591 a
461 3536 612 3593 vitiis
644 3550 700 3593 ει
740 3554 973 3610 corpore
1022 3541 1446 3609 particulariter,
1491 3559 1523 3598 a
1572 3554 1756 3600 mente
1797 3554 1852 3601 et
1898 3544 1984 3601 af-

396 3631 548 3687 fectu
579 3632 647 3687 ad
681 3633 924 3689 cmlestia
959 3634 1191 3690 redeunt
1223 3655 1236 3689 :
1268 3636 1363 3707 qui
1390 3651 1521 3692 vero
1540 3644 1673 3693 sunt
1700 3638 1980 3707 deorsum,

397 3726 453 3779 id
485 3734 588 3786 est,
630 3728 727 3796 qui
777 3726 832 3781 in
868 3729 1108 3797 peccatis
1155 3741 1209 3784 et
1255 3729 1399 3785 vitiis
1457 3742 1875 3794 conversantur,
1912 3733 1981 3788 ad

397 3816 632 3882 inferos,
671 3833 959 3889 prenarum
1002 3820 1144 3885 loca,
1185 3821 1543 3891 descendunt,
1578 3839 1677 3880 nec
1710 3824 1844 3895 ipsis
1867 3840 1982 3883 me-

395 3915 554 3969 dium
590 3913 658 3969 ad
713 3916 968 3971 meritum
1010 3918 1247 3989 amplius
1301 3920 1591 3976 tribuetur.
1633 3919 1775 3975 Dicit
1809 3921 1977 3978 etiam

394 4008 545 4076 quod
581 4024 752 4064 unum
807 4020 1118 4067 ereatorum
1158 4011 1215 4067 in
1272 4012 1486 4080 altero,
1537 4012 1589 4067 id
1636 4023 1761 4079 est,
1798 4015 1978 4070 anima

395 4101 683 4156 rationalis
708 4103 761 4158 in
783 4118 1029 4174 corpore,
1056 4106 1266 4177 accepit
1292 4120 1437 4170 esse,
1465 4113 1659 4173 etest;
1694 4107 1974 4173 nimirum,

395 4194 530 4264 quia
579 4208 608 4248 a
665 4209 912 4269 corpore,
948 4206 1196 4266 separata
1251 4198 1465 4262 anima,
1514 4206 1765 4252 naturam
1812 4198 1978 4253 habet

399 4288 455 4340 in
485 4290 779 4358 semetipsa
820 4288 1058 4359 perfecte
1105 4291 1437 4355 consistere,
1474 4291 1786 4362 relinquens
1815 4290 1975 4347 nobis

399 4381 675 4450 inquirere
730 4398 901 4451 quare
956 4383 1138 4437 anima
1193 4382 1364 4453 pejori
1407 4383 1658 4454 colligata
1706 4392 1810 4450 est,
1845 4386 1972 4455 quia

394 4484 451 4527 et
484 4474 585 4529 hoc
616 4476 792 4543 ipsum
839 4490 961 4527 eum
1005 4474 1260 4544 praedicta
1307 4474 1538 4542 ratione,
1576 4490 1748 4547 quare
1790 4478 1972 4532 anima

396 4579 521 4619 cum
557 4581 724 4620 carne
764 4567 928 4636 ligata
953 4576 1057 4631 est,
1089 4574 1220 4622 sunt
1247 4567 1362 4623 ista
1395 4586 1411 4622 :

466 4654 651 4712 Primo
680 4668 738 4712 ut
760 4674 858 4728 per
884 4675 1112 4730 agonem
1141 4669 1194 4715 et
1216 4658 1416 4715 luctam
1452 4670 1640 4717 contra
1670 4661 1901 4719 visibilia
1922 4672 1977 4717 et

302 4783 306 4786 -
397 4748 869 4820 concupiscibilia,
919 4750 1147 4821 gloriam
1192 4748 1517 4820 promissam
1547 4748 1826 4807 hzereditet
1866 4767 1881 4804 :
1921 4761 1977 4806 et

392 4841 757 4911 quasiaurum
774 4844 830 4898 in
848 4841 1088 4906 l'ornace,
1112 4843 1639 4907 tribulationibus,“
1664 4844 1979 4899 tentationi-

396 4932 498 4988 bus
518 4941 573 4989 et
587 4932 868 4988 dJloribus
887 4935 1149 4995 cruciata,
1171 4934 1415 4990 hravium
1433 4935 1697 4987 virtutum
1719 4933 1967 5001 accipiat.

396 5022 502 5079 Si...
532 5034 587 5079 ct
620 5026 725 5081 hoc
750 5025 807 5079 fit
838 5041 903 5080 ex
932 5040 1145 5081 summa
1186 5024 1279 5079 Dei
1312 5027 1578 5087 bonitate.
1614 5026 1705 5095 qui
1729 5027 1971 5094 disponit

397 5124 457 5167 ut
518 5130 624 5170 non
684 5125 895 5171 tantum
956 5132 1059 5171 suo
1112 5118 1259 5173 dono
1302 5126 1358 5174 et
1409 5118 1583 5188 gratia
1636 5118 1971 5187 accipiamus

397 5216 634 5277 Sperata,
668 5210 917 5282 quinimo
963 5218 1017 5264 ct
1051 5210 1318 5265 electione
1342 5210 1648 5265 voluntaria
1688 5219 1741 5265 et
1770 5225 1969 5279 coope-

396 5301 605 5357 ratione
631 5301 783 5355 liberi
817 5301 1026 5356 arbitrii
1064 5301 1277 5368 nostri,
1309 5302 1542 5373 benigne
1570 5313 1819 5358 nostrum
1852 5304 1966 5357 licri

397 5389 568 5445 voluit
595 5389 742 5459 quod
772 5390 973 5445 bonum
1006 5398 1059 5443 et
1081 5405 1241 5444 suum
1268 5400 1370 5445 est.
1401 5388 1676 5457 Secundo,
1717 5400 1797 5456 ιιι,
1822 5391 1967 5461 quod

392 5482 545 5550 pejus
589 5492 672 5538 est
718 5482 792 5552 (id
838 5490 925 5537 est
974 5484 1216 5549 carnem)
1267 5483 1447 5559 anima
1499 5492 1715 5553 cogeret
1764 5484 1967 5540 servire

397 5574 630 5641 spiritui,
668 5582 724 5629 et
751 5573 1007 5629 munibus
1052 5574 1409 5628 sensibilibus
1450 5575 1812 5644 superposita,
1849 5575 1963 5628 dis-

396 5666 625 5719 solveret
657 5676 709 5721 ct
740 5666 1064 5731 destrueret,
1108 5683 1325 5722 omnem
1359 5669 1879 5738 C(tﬂCllpiat‘tlliidllt,
1908 5678 1961 5725 cl

468 5796 727 5856 "Matth.
771 5815 863 5863 tu,
898 5799 947 5853 6.
1028 5800 1069 5831 ⁵ο
1137 5800 1276 5857 Psal.
1337 5817 1406 5867 ιν,
1434 5802 1487 5861 3.

1566 5802 1606 5833 ³⁸
1668 5800 1810 5858 Petti.
1841 5819 1963 5873 cu,
1998 5804 2075 5860 ll.

2088 3169 2185 3226 Dei
2238 3172 2380 3225 inter
2448 3179 2730 3225 creaturas
2780 3178 2900 3234 est,
2954 3170 3107 3226 carni
3146 3166 3487 3234 corruptibili
3532 3180 3669 3221 con-

2081 3263 2304 3333 junctus
2329 3264 2459 3319 est?
2487 3262 2740 3329 subaudi,
2784 3262 2914 3333 quia
2956 3277 3056 3332 per
3099 3260 3333 3317 liberum
3375 3259 3668 3316 arbitrium

2089 3356 2410 3422 hoinoratus,
2472 3357 2639 3411 Deum
2698 3355 3077 3421 inhonoravit,
3134 3370 3233 3410 nec
3300 3360 3483 3410 servat
3519 3350 3671 3422 quod

2088 3448 2302 3518 accepit
2334 3449 2392 3503 in
2415 3449 2729 3504 conditione
2752 3459 2807 3504 et
2838 3447 3073 3512 ῐςιειιιη,
3107 3446 3203 3502 sed
3233 3443 3324 3500 Dei
3355 3442 3672 3499 adversario

2083 3555 2245 3596 suum
2277 3540 2497 3595 tradidit
2528 3540 2920 3611 principatum,
2956 3538 3067 3594 Deo
3101 3536 3422 3593 inohedicns
3443 3534 3622 3592 factus
3651 3553 3665 3589 :

2086 3633 2211 3689 ideo
2260 3633 2510 3688 lucratur
2553 3642 2811 3697 mortem,
2857 3641 2919 3686 ut
2965 3630 3096 3685 odio
3128 3630 3327 3685 habeat
3357 3636 3665 3699 peccatum,

2082 3737 2138 3784 et
2162 3727 2326 3783 ilnem
2374 3727 2610 3797 accipiat
2631 3726 2859 3790 malum,
2898 3734 2954 3781 et
2982 3724 3043 3780 fit
3072 3723 3401 3797 benignitas,
3431 3720 3664 3793 punitio,

2080 3818 2233 3890 quia,
2269 3820 2452 3875 taliter
2493 3819 2770 3875 adhzrere
2812 3818 2943 3885 Deo,
2990 3817 3260 3873 eruditur.
3304 3815 3445 3883 Quia
3508 3828 3662 3883 ergo,

2082 3926 2180 3983 per
2238 3921 2563 3982 peccatum,
2637 3925 2746 3965 non
2822 3926 2944 3965 sum
3014 3908 3144 3964 illud
3209 3908 3353 3979 quod
3410 3906 3667 3963 conditus

2078 4019 2203 4060 sum
2251 4019 2265 4056 :
2327 4004 2449 4057 ideo
2490 4003 2931 4073 Concupiscentia
2974 4010 3029 4055 et
3063 4001 3368 4072 ignorantia
3415 4001 3664 4071 plagatus

2077 4113 2198 4153 sum
2230 4140 2244 4162 ,
2284 4108 2338 4150 et
2382 4098 2765 4152 insatiabiliter
2808 4106 3003 4165 appeto
3046 4106 3099 4148 et
3140 4095 3472 4161 concupisco
3516 4094 3661 4163 quod

2078 4189 2279 4244 malum
2315 4198 2417 4243 est.
2465 4187 2568 4243 Sed
2608 4189 2735 4257 quia
2777 4188 2945 4243 semel
2991 4188 3215 4258 punitus
3255 4201 3376 4241 sum
3402 4223 3416 4247 ,
3449 4197 3505 4239 et
3534 4200 3652 4238 eru~

2074 4284 2202 4337 dior
2231 4281 2474 4352 quotidie
2499 4280 2745 4352 ﬂagellis,
2779 4289 2834 4335 et
2862 4280 2987 4345 hoc,
3017 4294 3085 4335 ne
3109 4278 3479 4335 damnationis
3500 4286 3659 4332 acter-

2078 4392 2162 4432 na:
2186 4375 2451 4445 judicium
2478 4376 2780 4439 incurram,
2812 4383 2867 4429 et
2902 4373 2991 4429 Dei
3018 4373 3241 4429 verbum
3269 4372 3336 4427 ad
3368 4386 3455 4426 me
3479 4374 3657 4439 (suam

2077 4469 2393 4539 imaginem)
2422 4469 2569 4524 venit
2602 4477 2662 4523 ut
2692 4469 2933 4523 salvarct
2973 4468 3268 4539 imaginem
3291 4508 3306 4532 ,
3349 4474 3405 4520 et
3435 4478 3657 4519 carnem

2076 4565 2280 4622 faceret
2302 4564 2687 4625 immortalem,
2708 4571 2765 4619 et
2787 4562 3016 4633 gratiam
3044 4569 3098 4615 et
3130 4568 3449 4631 potestatem
3471 4557 3656 4621 dedit,

2076 4669 2138 4715 ut
2169 4659 2350 4713 fierem
2380 4666 2433 4713 ει
2458 4672 2637 4713 essem
2670 4657 2815 4711 illius
2854 4652 2946 4710 Dei
2990 4660 3046 4710 et
3088 4653 3303 4709 haeres:
3346 4650 3657 4706 etcusatio-

2078 4767 2203 4809 nem
2235 4766 2342 4804 non
2381 4750 2554 4806 habeo
2583 4750 2626 4806 si
2656 4749 2834 4819 ipsum
2875 4763 2982 4802 non
3020 4760 3225 4816 sequor
3246 4786 3261 4809 ,
3299 4744 3347 4799 si
3377 4744 3444 4797 ad
3477 4743 3657 4813 ipsum

2080 4861 2189 4900 non
2229 4842 2470 4913 aspicio,
2516 4842 2561 4895 si
2601 4844 2667 4894 ad
2713 4842 2890 4910 ipsum
2930 4854 2997 4894 ex
3028 4847 3144 4892 toto
3173 4836 3341 4894 corde
3377 4843 3431 4890 et
3461 4833 3653 4889 allectu

2077 4936 2334 4993 continue
2357 4953 2461 4991 non
2486 4936 2690 5005 aspiro,
2714 4934 2841 5004 quia
2868 4934 2983 5003 ipse
3005 4944 3089 4988 est
3119 4929 3260 4986 Deus
3285 4944 3444 4986 verus
3467 4937 3522 4983 ct
3546 4928 3654 4983 vita

2076 5041 2300 5085 aeterna.

2145 5123 2318 5180 Siculi
2336 5126 2480 5179 varia
2498 5134 2617 5177 sunt
2637 5122 2986 5176 humanorum
3005 5121 3279 5174 oculorum
3300 5117 3526 5171 lumina.
3554 5113 3651 5170 llic

2074 5235 2266 5274 novem
2295 5218 2626 5273 differentias
2658 5224 2711 5270 et
2742 5215 3034 5269 varietates
3066 5207 3503 5266 obumbrationis
3535 5224 3653 5275 gra-

2076 5310 2162 5363 tiae
2189 5308 2489 5377 spiritualis
2524 5306 2637 5360 fieri
2677 5320 2704 5358 a
2736 5302 2957 5357 Christo
2987 5301 3042 5355 in
3087 5300 3268 5354 anima
3310 5312 3433 5368 quae
3482 5295 3648 5349 Deum

2072 5400 2265 5469 diligit,
2296 5410 2495 5454 narrat
2531 5398 2768 5452 Primam
2793 5410 2921 5449 vero
2948 5393 3098 5456 dicit,
3122 5408 3241 5461 qua:
3266 5391 3324 5445 lit
3352 5405 3446 5460 per
3475 5388 3649 5458 Iacry-

2077 5506 2194 5543 nias
2236 5489 2553 5559 corporales
2598 5489 2651 5541 in
2695 5486 2887 5555 spiritu
2940 5480 3404 5543 conturbationis;
3448 5493 3649 5533 secun~

2074 5577 2195 5629 dam
2216 5619 2228 5640 ,
2272 5594 2392 5645 qum
2418 5578 2477 5629 lit
2509 5591 2601 5645 per
2628 5575 2899 5643 lacrymas
2929 5566 3232 5625 devotionis
3257 5576 3311 5621 et
3342 5566 3546 5621 amoris
3581 5567 3647 5618 ad

2074 5668 2240 5724 Delum
2273 5711 2285 5731 ,
2326 5685 2464 5739 quas
2512 5667 2822 5738 spitiluulcs
2851 5672 3035 5730 vocat,
3078 5671 3129 5717 et
3160 5663 3261 5717 hoc
3292 5661 3349 5717 lit
3378 5662 3430 5715 in
3456 5659 3652 5732 spiritu

2162 5806 2196 5835 "i
2240 5804 2374 5874 A33.
2419 5819 2475 5869 ll,
2527 5802 2605 5856 l5.
