4008 6148
397 347 534 413 ιειςι

1514 351 1575 408 S.
1617 348 1937 410 IOANNIS
1983 351 2494 414 liAlTliL’liNSlS

3517 350 3651 417 1'2“

395 456 642 531 pictatis;
690 455 904 510 tertiam
933 453 1065 507 dicit
1109 470 1230 525 qua!
1265 454 1322 508 lit
1371 468 1466 524 per
1502 463 1693 510 mrtuos
1726 459 1972 525 corporis
2005 466 2045 522 Α
2076 459 2249 513 salire
2283 460 2644 530 relinquimur
2674 467 2733 514 ut
2767 468 3079 516 teutemur:
3113 460 3257 531 quod
3294 462 3370 515 sol
3401 464 3647 533 cognovit

394 551 616 623 quando
647 565 742 616 per
777 564 840 604 ea
890 564 1011 618 quae
1054 548 1307 603 videntur
1334 549 1402 604 ad
1447 550 1889 618 cognoscendum
1916 560 1973 605 et

394 647 724 702 laudandum
773 641 1031 696 factorem
1084 655 1305 696 sursum
1354 643 1570 713 agimur
1618 651 1674 697 et
1704 641 1971 707 levamur,

396 736 699 795 secundum
726 733 1080 803 Apes-tolum;
1111 743 1363 803 quartam
1389 749 1520 790 vero
1541 734 1675 790 dicit
1703 750 1824 791 eam
1853 751 1975 806 qua:

394 835 473 879 est
508 841 602 897 per
631 825 1023 879 intellectuales
1046 824 1238 878 oculos
1259 864 1275 886 ,
1312 825 1570 892 quoniam
1600 833 1786 880 noster
1814 824 1976 880 intel-

396 922 567 977 lectus
612 918 968 989 intelligentia
1018 917 1440 991 intelligibilium
1495 918 1868 986 illnminatur,
1920 929 1977 976 et

395 1030 462 1068 es
498 1013 649 1068 nullo
676 1011 1077 1075 essistenlium,
1112 1009 1207 1067 sed
1235 1010 1417 1081 ignote
1448 1012 1627 1066 solum
1653 1015 1801 1068 circa
1831 1011 1977 1067 divi-

396 1122 465 1161 na
492 1114 759 1160 movetur.
783 1104 934 1158 Illam
967 1116 1098 1158 vero
1125 1116 1247 1171 quas
1278 1103 1338 1157 tit
1358 1116 1429 1156 ex
1461 1101 1649 1156 auditu
1675 1101 1822 1156 verbi
1849 1102 1978 1156 illu-

394 1198 785 1258 tninationem,
830 1208 897 1248 es
942 1190 1084 1257 title,
1125 1190 1180 1247 in
1227 1190 1352 1246 lldei
1392 1201 1553 1261 gustu
1602 1190 1797 1247 laetam
1841 1193 1976 1248 dicit

392 1305 519 1343 cum
587 1285 1027 1340 manili-statione
1103 1282 1324 1354 aliquali
1378 1286 1761 1355 mysteriorum
1837 1284 1970 1343 Dei:

394 1396 517 1450 qua:
545 1397 674 1433 vero
695 1386 777 1432 est
807 1390 836 1430 a
866 1392 925 1431 se
964 1386 1136 1440 mota,
1170 1376 1226 1429 in
1256 1376 1441 1430 anima
1460 1414 1477 1439 ,
1513 1377 1806 1434 exsultatio
1826 1417 1842 1441 ,
1882 1378 1973 1435 illa

392 1481 480 1527 est
499 1515 513 1534 ,
547 1474 615 1526 de
642 1487 748 1541 qua
780 1468 1019 1525 Joannes
1044 1467 1214 1523 dicit:
1251 1468 1395 1535 Quin
1424 1471 1602 1523 itm-tia
1629 1471 1744 1540 ejus
1769 1469 1975 1528 docebit

393 1581 489 1619 nos
524 1564 589 1617 de
629 1563 869 1619 aetatibus
909 1562 975 1615 δ’.
1028 1560 1159 1616 Eam
1195 1571 1375 1616 autem
1408 1578 1531 1630 qua:
1575 1578 1633 1617 es
1674 1564 1975 1621 remotione

390 1656 781 1726 cogitationum
836 1664 958 1720 est,
988 1653 1378 1709 discretionem
1423 1654 1557 1710 dicit
1600 1664 1655 1712 et
1702 1659 1972 1711 servatio-

392 1768 517 1807 nem
552 1790 569 1813 ,
624 1764 750 1804 cum
797 1749 1143 1819 susceptione
1199 1748 1396 1801 divina!
1450 1748 1864 1804 illuminationis
1919 1758 1973 1804 et

2072 551 2332 615 diluculo,
2356 552 2406 606 iit
2438 560 2540 616 est,
2563 552 2738 606 taliter
2779 568 2878 607 nos
2901 553 3194 622 intelligere
3216 552 3344 607 fecit
3385 553 3490 609 hoc
3522 554 3652 610 utile

2073 642 2231 697 nobis
2259 658 2401 706 esse.
2421 644 2548 714 quia
2570 654 2690 714 post
2714 650 2914 700 multas
2940 645 3419 701 obtenebrationes
3447 646 3650 702 utentis

2072 738 2125 784 et
2156 730 2412 785 avaritias
2451 740 2506 786 ct
2533 731 2783 787 crudeles
2815 732 3069 787 vitiorqu
3112 742 3166 788 et
3209 732 3519 790 daemonum
3552 749 3651 803 pu-

2073 836 2230 892 gnas,
2253 822 2457 886 alllicti,
2476 832 2769 879 moti-entes
2789 832 2844 878 et
2867 825 3159 889 lmmiliati,
3183 825 3345 881 iidem
3363 827 3654 883 incitamur

2073 927 2105 967 a
2134 915 2307 985 gratia
2327 954 2344 979 ,
2376 924 2432 969 et
2461 916 2513 969 in
2548 915 2708 972 nobis
2735 917 2977 971 roborati
3012 915 3313 973 ﬁrmantur.
3356 918 3495 973 Cum
3526 933 3652 973 vero

2072 1004 2278 1061 cmlesti
2306 1009 2742 1071 conversatione,
2764 1024 2862 1078 per
2896 1009 3160 1065 virtutum
3186 1009 3452 1074 habitum,
3483 1010 3651 1080 agiles

2071 1107 2128 1154 et
2156 1096 2325 1167 leves,
2354 1116 2382 1153 a
2415 1100 2648 1155 terrenis
2678 1100 2912 1171 elongati
2955 1102 3252 1169 fuerimus,
3282 1112 3411 1158 tunc
3442 1101 3652 1157 sedebit

2076 1178 2374 1253 Dominus,
2409 1198 2465 1244 et
2495 1191 2802 1259 requiescet
2831 1191 2885 1245 in
2916 1192 3242 1262 corporibus
3275 1201 3329 1249 et
3361 1193 3652 1249 animabus

2074 1280 2312 1346 nostris,
2351 1288 2406 1335 et
2449 1296 2481 1335 a
2519 1280 2761 1353 perlecta
2801 1283 2856 1339 in
2901 1284 3062 1340 nobis
3108 1285 3440 1341 habitatione
3473 1285 3652 1340 ninnis

2075 1381 2260 1430 noster
2296 1387 2529 1432 conatus
2569 1387 2624 1432 et
2674 1393 2840 1433 omne
2891 1387 3141 1433 nostrum
3191 1378 3421 1433 mortale
3463 1393 3654 1447 sapere

2073 1466 2390 1537 absorptum
2430 1469 2499 1523 de
2543 1468 2722 1525 medio
2752 1470 2972 1525 tolletur
2995 1511 3009 1533 ,
3043 1480 3097 1525 et
3122 1479 3255 1525 time
3284 1484 3410 1525 vere
3441 1471 3653 1526 erimus

2076 1561 2174 1618 lilii
2198 1561 2323 1626 Dei,
2364 1579 2590 1636 regnum
2630 1574 2683 1620 et
2721 1566 3089 1621 sacerdotium
3119 1565 3259 1635 ejus.
3297 1565 3649 1633 Qumrcndmu

2074 1669 2192 1709 vero
2225 1655 2375 1710 nobis
2399 1667 2498 1716 cst.
2533 1667 2679 1727 quot,
2711 1659 2964 1728 quibusve
3014 1659 3187 1712 nimiis
3243 1657 3299 1712 In
3330 1658 3453 1729 luga
3485 1657 3652 1715 forni-

2072 1747 2311 1804 catiouis
2348 1759 2400 1803 el
2442 1750 2686 1832 omnium
2735 1751 3168 1821 impugnantium
3212 1750 3551 1812 castitatem,
3596 1750 3650 1804 in

390 1844 648 1899 scientias.
698 1840 831 1895 Eam
863 1857 992 1895 vero
1019 1856 1142 1910 qua:
1182 1849 1264 1893 est
1296 1855 1364 1894 ex
1406 1840 1714 1895 obedientia
1749 1842 1966 1895 virtutis
2000 1835 2040 1889 Il
2070 1837 2196 1909 luga
2223 1839 2642 1895 delet-talionum
2685 1841 2824 1912 gulae
2862 1854 2916 1897 et
2954 1843 3202 1896 omnium
3245 1840 3650 1897 adversantium

390 1949 446 1993 rt
483 1937 831 1997 humilitatis,
875 1949 1097 1986 sensum
1140 1931 1391 2000 intelligit
1416 1945 1575 1997 esse,
1623 1948 1786 2001 quem
1824 1933 1972 1987 vitiis

391 2039 445 2083 ιιι
475 2029 672 2083 "tundo
696 2025 970 2087 erm-dixi,
999 2040 1029 2079 a
1062 2022 1171 2077 lico
1196 2031 1388 2077 nostro
1416 2020 1543 2078 Jesu
1574 2024 1795 2079 Christo
1825 2028 1971 2080 acci-

390 2120 568 2192 piunt,
591 2134 895 2190 novamque
922 2133 1016 2188 per
1036 2116 1296 2172 exstasim
1325 2117 1546 2171 Christo
1569 2118 1790 2172 exhibet
1818 2132 1971 2180 men:

393 2224 501 2269 tem
526 2211 996 2285 supernaturalem
1041 2206 1463 2266 abstractiuuem
1524 2211 1581 2265 in
1636 2205 1806 2265 Deum
1835 2251 1852 2276 ,
1887 2210 1972 2267 di-

389 2307 487 2372 cit,
518 2319 612 2376 per
643 2301 980 2359 fortitudinis
1005 2299 1207 2356 divinae
1228 2301 1550 2371 potentiam,
1580 2301 1781 2357 factam
1809 2319 1824 2356 :
1849 2317 1975 2373 quae

391 2393 693 2468 symbolice
739 2395 793 2449 in
842 2406 1046 2448 manna
1081 2391 1400 2449 abscondito
1426 2399 1483 2447 et
1517 2392 1675 2448 stella
1705 2394 1970 2449 matutina

389 2490 685 2557 ﬁguratur,
719 2492 775 2540 et
802 2486 945 2540 hanc
969 2498 1132 2540 nemo
1155 2483 1310 2539 novit
1338 2481 1445 2538 nisi
1485 2483 1580 2555 qui
1613 2485 1838 2554 accipit.
1865 2483 1974 2540 Su-

389 2582 536 2650 piens
565 2579 738 2646 itaque
765 2580 931 2648 magis
959 2586 1017 2630 ut
1048 2585 1245 2632 matres
1272 2578 1538 2648 acquirat.
1569 2576 1769 2633 lintres
1795 2577 1970 2632 virtu-

390 2688 508 2731 tum
540 2676 693 2741 diciz,
721 2672 1087 2743 prudentiam,
1110 2670 1507 2735 fortitudinem,
1537 2672 1971 2745 temperantiam,

386 2766 699 2837 justitiam,
737 2765 918 2827 tidem,
953 2778 1105 2835 spem
1134 2803 1149 2829 ,
1190 2763 1621 2820 misericordiam
1644 2802 1662 2829 ,
1709 2763 1972 2818 obedien-

390 2860 523 2913 tiam
549 2898 566 2921 .
599 2857 989 2913 discretionem
1017 2894 1032 2920 ,
1074 2853 1437 2909 humilitatem
1464 2893 1480 2916 ,
1521 2864 1576 2909 et
1607 2853 1929 2910 charitatem
1957 2872 1970 2917 ;

390 2951 534 3006 ﬁlias
563 2963 714 3013 vero,
742 2965 839 3005 eas
864 2964 986 3020 qua:
1011 2948 1264 3003 oriantur
1291 2961 1357 3003 es
1389 2947 1494 3004 his.
1524 2945 1630 3014 Qui
1661 2964 1766 3001 non
1789 2947 1973 3019 pulsa-

392 3054 480 3095 tur
501 3040 674 3098 bellis.
723 3039 826 3109 Qui
865 3041 1054 3096 vicerit
1086 3042 1361 3095 dzcmoucs
1390 3039 1667 3111 plagantes
1696 3050 1749 3096 ct
1778 3055 1971 3110 percn-

391 3138 589 3191 tientcs
617 3149 769 3203 eum,
797 3134 1021 3190 viriliter
1048 3150 1131 3189 eis
1181 3133 1485 3188 resistendo
1515 3144 1569 3188 ct
1607 3134 1975 3201 repercuticn-
1996 3170 2041 3229 ς

390 3229 465 3281 do
489 3242 587 3285 eos
618 3233 783 3297 atque
813 3225 1106 3297 plagando,
1136 3224 1262 3279 licet
1287 3223 1530 3296 plagetur
1551 3264 1565 3285 ,
1593 3223 1967 3278 coronabitur.

394 3319 585 3392 l‘lsgas
616 3335 849 3389 namque
882 3318 1115 3387 suscipit
1142 3317 1236 3388 qui
1266 3325 1505 3371 tentatur
1524 3357 1540 3379 .
1568 3326 1622 3370 rt
1654 3316 1837 3387 plagas
1867 3316 1972 3369 tri-

394 3414 513 3470 buit
539 3414 635 3484 qui
665 3412 993 3467 tcnlalioucs
1026 3419 1275 3480 potenter
1310 3412 1594 3480 impugnat
1635 3422 1689 3464 et
1721 3410 1926 3479 repellit
1956 3425 1968 3461 :

391 3506 489 3577 qui
524 3521 648 3560 \ero
677 3503 970 3567 consentit,
1000 3519 1109 3557 non
1139 3512 1347 3557 tantum
1373 3503 1642 3573 plagatur,
1672 3503 1767 3554 sed
1805 3501 1973 3556 mori-

395 3612 509 3664 tur,
540 3610 593 3654 rt
625 3613 731 3653 non
762 3604 1062 3654 coronatur
1088 3616 1102 3649 :
1134 3597 1228 3666 qui
1269 3610 1399 3649 vero
1436 3611 1545 3648 non
1575 3597 1868 3658 t-Onscnlit,
1906 3610 1971 3648 ex

397 3690 540 3745 virili
589 3689 931 3751 resistentia,
980 3686 1160 3758 plagat
1194 3688 1491 3742 daemones.
1539 3685 1719 3750 Quare
1754 3696 1975 3757 propter

397 3781 682 3851 angusti-ts
731 3788 782 3833 ct
833 3777 1045 3831 labores
1088 3792 1228 3847 quos
1278 3776 1556 3834 sustinet.
1600 3776 1973 3831 coronabitur.

401 3869 525 3924 Tres
556 3878 729 3922 ilutit’b’
756 3909 772 3932 ,
819 3868 871 3921 in
904 3878 1044 3921 terra
1066 3909 1081 3932 ,
1131 3883 1251 3921 cum
1288 3866 1493 3935 [coisset
1534 3869 1772 3938 quidam.
1840 3869 1977 3924 Tres

395 3962 600 4032 quippe
622 4003 635 4027 ,
669 3962 785 4014 sine
819 3960 924 4014 vita
969 3961 1023 4014 in
1060 3971 1199 4016 terra
1241 3961 1365 4015 fecit
1397 3962 1450 4016 in
1497 3961 1751 4016 universo
1781 3963 1896 4017 dies
1924 3974 1979 4020 et

398 4066 510 4109 tres
556 4062 744 4108 noctes
786 4052 1039 4109 Christus
1109 4053 1250 4108 Deus
1299 4064 1525 4110 noster:
1581 4057 1673 4125 qui
1724 4072 1849 4112 vero
1910 4057 1976 4111 ad

400 4145 759 4201 imitationem
785 4144 987 4201 Christi
1028 4155 1306 4215 peccaturo
1335 4146 1499 4202 trium
1535 4148 1796 4203 horarum
1834 4151 1974 4203 vice-

398 4241 494 4299 rit.
531 4253 639 4294 non
670 4240 955 4294 morietur.
994 4238 1154 4294 liniue
1181 4248 1291 4294 tres
1323 4251 1451 4295 sum
1475 4282 1489 4303 ,
1532 4242 1585 4296 in
1618 4241 1818 4297 insulto
1861 4252 1979 4297 ten-

400 4333 624 4388 tatiunis
652 4340 707 4386 et
729 4332 1093 4402 suggestionis
1122 4332 1379 4403 receptio,
1416 4334 1723 4401 delectatio,
1759 4347 1814 4391 ct
1848 4350 1979 4391 cou-

406 4440 629 4490 sensus,
659 4439 798 4496 quas
829 4427 1070 4483 virluose
1099 4427 1320 4483 vincens
1346 4469 1362 4495 ,
1413 4445 1519 4483 non
1569 4430 1847 4483 morietur.
1878 4426 1974 4481 Vel

2072 1932 2409 2001 paupertati,
2463 1932 2516 1987 in
2562 1931 2688 2003 luga
2730 1935 2954 1989 honoris
2988 1945 3044 1989 et
3077 1936 3324 1991 omnium
3359 1950 3484 2006 quae
3523 1946 3652 1991 sunt

2072 2023 2319 2092 opposita
2350 2034 2402 2078 et
2431 2026 2700 2079 contraria
2732 2025 3049 2087 humilitati,
3075 2038 3125 2081 ct
3163 2027 3214 2080 in
3245 2024 3371 2098 luga
3402 2042 3650 2082 murmu-

2074 2115 2324 2178 rationis,
2342 2114 2695 2172 detractionis
2713 2125 2768 2172 et
2785 2117 2998 2185 iudicii,
3030 2134 3224 2174 servus
3256 2117 3370 2184 Dei,
3404 2120 3650 2190 possidet

2072 2222 2354 2263 coronam.
2384 2206 2759 2264 Obtencbratio
2805 2210 2865 2278 ﬁt
2915 2229 3083 2267 causa
3126 2213 3456 2283 uitiationis.
3496 2211 3651 2282 Igno-

2073 2299 2248 2355 rantia
2276 2300 2530 2358 ob~curat
2554 2345 2568 2366 ,
2595 2303 3034 2373 concupiscentia
3059 2304 3283 2361 oll‘endit
3308 2314 3365 2361 et
3388 2307 3615 2374 cespitat
3632 2343 3650 2362 .

2071 2391 2357 2449 delectatio
2389 2393 2477 2448 eui
2523 2396 2904 2461 consentitur,
2950 2398 3097 2452 cadit
3135 2408 3188 2454 et
3235 2398 3501 2463 moritur,
3555 2412 3651 2467 per

2071 2499 2212 2556 opus
2241 2501 2368 2541 vero
2399 2495 2451 2541 et
2475 2503 2568 2557 per
2594 2502 2778 2552 usmn,
2814 2487 2960 2543 fetet.
2998 2489 3157 2544 Aliud
3190 2500 3271 2546 est
3299 2490 3646 2557 perturbatio.

2075 2574 2285 2634 Turbat
2320 2581 2762 2650 concupiscentia
2783 2623 2799 2646 ,
2827 2581 3079 2637 ditlundit
3109 2583 3335 2639 avaritia
3365 2591 3421 2638 et
3451 2582 3651 2638 solliei-

2077 2670 2206 2725 tudo
2241 2671 2538 2735 mundana,
2572 2683 2736 2728 czccat
2758 2674 3007 2729 voluntas
3037 2677 3273 2745 propria.
3309 2674 3451 2730 Nam
3478 2677 3649 2728 omnis

2070 2778 2276 2833 quoque
2296 2764 2387 2832 qui
2419 2764 2472 2818 in
2500 2763 2681 2823 eadem
2705 2775 2918 2835 peccata
2947 2783 3049 2822 non
3084 2768 3293 2833 incidit,
3319 2766 3471 2837 digne
3491 2767 3647 2820 etiam

2070 2857 2436 2924 penitentiam
2461 2858 2585 2928 egit.
2623 2855 2887 2913 Pa-niluit
2918 2857 3014 2914 sed
3040 2875 3148 2914 non
3173 2859 3352 2930 digne.
3373 2860 3476 2926 Qui
3504 2860 3649 2912 enim

2074 2948 2234 3019 digne
2266 2948 2491 3018 panitet
2510 2992 2524 3014 ,
2561 2963 2672 3003 non
2705 2951 2863 3005 iterat
2891 2950 3105 3019 lapsum
3131 2990 3146 3012 ,
3189 2952 3285 3006 sed
3314 2951 3593 3021 avqualiter
3619 2965 3651 3005 a

2075 3057 2135 3097 sc
2155 3055 2371 3096 omnem
2399 3042 2591 3098 mortis
2620 3042 2825 3110 repellit
2855 3058 3062 3098 casum.
3103 3041 3270 3098 Nobis
3328 3051 3496 3097 tamen
3535 3059 3651 3097 oui-

2075 3150 2193 3190 nent
2221 3134 2545 3189 hilaritatem
2573 3134 2987 3190 ostendentibus.
3052 3134 3156 3202 Qui
3198 3136 3344 3192 enim
3378 3152 3445 3192 ex
3481 3136 3653 3207 pusil-

2073 3227 2374 3283 lanimitate
2402 3228 2625 3299 ptenitet
2645 3268 2661 3290 ,
2700 3240 2752 3282 et
2786 3245 2815 3283 a
2848 3231 2989 3284 bono
3026 3230 3306 3301 proposito
3331 3228 3653 3285 obedientiaz

2071 3320 2307 3386 recedit,
2344 3329 2402 3375 ut
2429 3321 2670 3377 solitario
2697 3322 2841 3376 vivat
2861 3361 2877 3387 ,
2912 3322 2999 3378 hic
3028 3323 3167 3378 bona
3194 3330 3552 3393 congregata,
3585 3335 3651 3376 es

2071 3414 2386 3483 pmttitentia
2418 3414 2510 3470 tali
2546 3415 2770 3470 τεδυιιίι
2792 3454 2805 3479 ,
2843 3430 3135 3484 quousque
3161 3416 3364 3470 sentiat
3392 3412 3650 3468 damnum

2072 3502 2157 3558 sui
2202 3516 2397 3557 sensus
2440 3518 2508 3557 ex
2545 3502 2919 3559 misericordia
2958 3504 3294 3559 revocatoris
3343 3502 3652 3557 cadentium

2071 3589 2202 3649 Iesu
2228 3591 2452 3649 Christi.
2487 3591 2631 3648 Sane
2653 3636 2668 3660 ,
2696 3596 2791 3664 qui
2821 3593 2889 3648 ad
2928 3593 3155 3650 meliora
3200 3607 3296 3665 per
3331 3594 3505 3665 magis
3531 3606 3653 3663 pcr-

2074 3683 2268 3741 iectam
2320 3686 2698 3757 pumilentiam
2754 3688 3030 3750 ascendit,
3078 3685 3218 3742 facta
3264 3686 3407 3743 mala
3449 3684 3652 3743 solvit:

2075 3776 2259 3850 itaque
2283 3786 2338 3832 et
2361 3779 2455 3850 qui
2490 3778 2559 3835 ad
2589 3778 2771 3849 pejora
2803 3778 3168 3850 progreditur,
3199 3779 3358 3834 malis
3382 3778 3522 3834 mala
3552 3792 3655 3848 ap-

2074 3884 2320 3940 ponens,
2359 3870 2648 3942 apostasim
2685 3879 2740 3926 et
2772 3870 3110 3927 inﬁdelitatis
3147 3871 3355 3926 crimen
3402 3871 3653 3927 incurrit.

2075 3965 2228 4022 Unde
2275 3967 2600 4022 servandum
2655 3967 2810 4019 nobis
2850 3976 2936 4020 est
2961 4009 2974 4028 ,
3023 3967 3247 4037 quando
3283 3975 3339 4021 et
3381 3964 3662 4036 quomodo

2074 4070 2173 4126 per
2207 4069 2448 4110 amaram
2490 4062 2545 4110 et
2583 4070 2832 4124 asperam
2876 4055 3114 4125 aliquam
3158 4055 3589 4120 institutionem,
3622 4068 3659 4111 ι

2076 4147 2204 4205 felle
2228 4148 2438 4204 vitiosa:
2475 4145 2910 4204 conversationis
2941 4146 3143 4217 (quasi
3175 4146 3371 4217 poculo
3396 4145 3658 4216 sumpto)

2074 4257 2361 4308 sanenmr,
2412 4257 2511 4297 nec
2569 4242 2671 4296 hoc
2713 4240 2932 4311 quidem
2977 4254 3228 4309 semper,
3270 4239 3366 4294 sed
3416 4248 3660 4310 tempore

2076 4349 2338 4406 congruo.
2375 4331 2638 4404 "alisque
2666 4332 2995 4388 sensibilium
3022 4348 3197 4386 rerum
3224 4331 3383 4401 opici.
3444 4331 3503 4385 Si
3531 4332 3659 4401 quis

2085 4444 2215 4500 ergo
2239 4444 2360 4482 vere
2399 4426 2719 4482 invariabilc
2757 4428 2952 4480 mentis
2995 4425 3368 4496 propositum,
3409 4438 3509 4493 per
3534 4436 3661 4480 οη·

398 4516 563 4572 horas
596 4525 712 4573 tres
749 4516 924 4583 dicit,
955 4517 1295 4588 iuventutem
1318 4561 1335 4586 ,
1368 4521 1599 4575 mediam
1632 4530 1844 4575 zelatcut
1871 4558 1887 4584 ,
1926 4530 1981 4575 ct
2016 4536 2058 4594 ι)
2085 4521 2288 4579 tionem
2322 4519 2430 4574 Deo
2456 4529 2734 4575 vacantem
2768 4529 2820 4574 et
2858 4519 3002 4573 circa
3029 4516 3119 4572 Dei
3161 4515 3514 4588 iutelligibilia
3552 4516 3659 4571 ele-

400 4619 589 4664 svnect
609 4619 758 4676 item,
790 4624 930 4681 quas
951 4622 1006 4665 et
1034 4611 1246 4681 vigilias
1273 4621 1385 4666 tres
1416 4611 1768 4679 Evangelium
1803 4622 1979 4668 vocat.

402 4700 501 4756 γει
527 4701 1028 4771 concupiscentiam
1059 4701 1243 4756 carnis
1272 4742 1283 4764 ,
1317 4703 1820 4771 mirettpiscentiam
1851 4716 1982 4756 ocu-

402 4796 580 4848 lorum
606 4832 622 4857 ,
649 4803 703 4848 cl
733 4794 1044 4862 superbiam
1069 4801 1191 4850 vita!
1214 4835 1229 4861 ,
1272 4796 1322 4849 id
1346 4806 1431 4849 est
1455 4836 1467 4859 ,
1497 4811 1691 4852 vanam
1732 4797 1982 4867 gloriam,

401 4887 606 4956 gulam,
627 4894 683 4941 et
708 4889 1019 4951 avaritiam,
1048 4904 1209 4957 quas,
1237 4892 1358 4955 quis
1391 4892 1637 4954 vincens,
1671 4891 1985 4945 summatim

399 4982 586 5034 omnia
634 4981 927 5050 prostravit
960 4981 1106 5035 vitia.
1160 4981 1379 5036 Dicebat
1424 4998 1554 5036 vero
1607 4982 1826 5038 Patrum
1862 4983 1987 5053 qui-

403 5077 529 5127 dam
554 5092 568 5128 :
597 5072 865 5140 Quoniam
902 5074 1003 5130 ista
1036 5074 1137 5129 tria
1173 5074 1370 5140 linteo,
1421 5077 1908 5144 peregrinationem
1957 5093 1985 5129 a

403 5182 663 5237 corpore,
698 5167 1167 5236 praesentationcm
1201 5168 1266 5222 ad
1297 5154 1464 5223 Deum
1492 5210 1506 5233 ,
1546 5179 1601 5224 ct
1625 5169 1815 5238 judieii
1861 5186 1986 5223 sen-

404 5263 650 5315 tentiam.
683 5260 743 5316 Si
767 5260 979 5331 quando
1007 5276 1074 5315 ea:
1100 5260 1392 5330 disciplina
1412 5303 1426 5325 ,
1458 5263 1637 5316 divina
1659 5304 1672 5327 ,
1707 5272 1812 5317 etc.
1845 5260 1988 5317 Prat—

403 5354 547 5408 venit
577 5355 629 5408 iu
662 5354 1128 5409 benedictionibus
1162 5356 1368 5425 gratim,
1389 5369 1574 5408 servos
1599 5369 1750 5418 suos,
1775 5365 1990 5408 amator

406 5446 686 5501 hominum
720 5449 882 5516 Deus,
908 5458 963 5501 ut
985 5463 1081 5501 eos
1116 5457 1307 5517 purget
1349 5464 1378 5503 a
1415 5446 1598 5513 vitiis,
1628 5456 1684 5503 et
1714 5450 1986 5519 [traiectos

406 5542 696 5597 virtutibus
743 5541 921 5596 lat-lat.
966 5541 1147 5607 Quare
1192 5540 1323 5597 dicit
1375 5541 1539 5596 Pater
1595 5542 1722 5612 quia
1767 5549 1986 5610 proptcr

409 5636 761 5705 pravitatem,
802 5635 1172 5690 inlirmizalrm
1210 5645 1259 5689 ut
1295 5635 1984 5706 ingratitudincutdispcw

486 5808 529 5835 "
565 5806 580 5856 Ι
636 5810 787 5861 titan.
827 5825 887 5875 ti,
930 5811 1018 5865 ‘27.

2086 4624 2267 4669 vatum
2287 4612 2512 4668 sortitus
2539 4622 2623 4666 est
2652 4612 2720 4665 ab
2747 4611 3000 4665 omnibus
3024 4608 3373 4666 sensibilibus
3403 4606 3492 4664 hic
3510 4622 3658 4663 mor—

2086 4714 2215 4762 tuus
2245 4714 2346 4767 cst.
2378 4716 2431 4760 et
2455 4702 2853 4759 delcctahilium
2886 4703 3010 4757 vita:
3038 4702 3366 4758 oblivionem
3397 4699 3656 4770 possidet.

2093 4801 2234 4855 Vivit
2278 4799 2479 4869 quippe
2523 4798 2782 4861 Christo,
2814 4798 2919 4867 qui
2980 4795 3331 4852 scnsibilibus
3385 4796 3654 4850 moritur:

2089 4891 2397 4949 coruscatio
2425 4890 2779 4962 praeiusinuat
2808 4889 3031 4944 tonitrui
3067 4903 3259 4943 sonent
3281 4931 3295 4951 ,
3329 4896 3384 4942 ct
3403 4887 3657 4957 superbia

2090 4985 2374 5041 annuntiat
2397 4983 2689 5038 adventum
2720 4996 2871 5037 vaim
2903 4982 3106 5052 gittlite.
3144 4979 3257 5035 Nisi
3290 4979 3452 5035 luerit
3477 4979 3657 5033 anima

2090 5076 2374 5147 inquinata
2408 5075 2663 5145 superbia
2685 5113 2699 5138 ,
2735 5090 2842 5127 non
2869 5073 3124 5128 illu-letur
3144 5074 3455 5127 damonum
3487 5071 3663 5140 phan-

2088 5172 2262 5228 tasiis.
2293 5168 2600 5234 Possumus,
2625 5183 2691 5222 ea:
2732 5167 3067 5223 naturalibus
3100 5168 3271 5222 rebus.
3321 5167 3372 5221 Id
3405 5165 3475 5223 dc
3502 5179 3665 5221 cervo

2089 5266 2147 5314 et
2184 5257 2437 5326 cscinplo
2465 5255 2813 5327 proprietatis
2850 5253 3021 5325 ipsius
3046 5256 3249 5309 dictum
3288 5252 3522 5324 intelligo
3545 5292 3561 5317 ,
3605 5263 3666 5306 ut

2090 5361 2146 5406 ct
2175 5352 2242 5406 de
2275 5350 2545 5420 serpentis
2586 5347 2837 5417 eseinplo
2864 5347 3007 5417 quol
3047 5347 3297 5416 sequitur
3338 5367 3349 5401 :
3399 5345 3520 5399 Nisi
3572 5359 3664 5414 per

2090 5452 2372 5514 angustam
2394 5450 2444 5496 et
2473 5453 2677 5496 arctam
2695 5440 2919 5510 jejunii.
2965 5436 3071 5505 Qui
3109 5454 3261 5493 vana-
3282 5438 3496 5509 gloriat.
3524 5438 3669 5508 gula:

2086 5547 2144 5594 ct
2174 5536 2408 5592 luxuria:
2435 5535 2772 5596 deserviunt,
2792 5541 2845 5589 et
2870 5530 2963 5587 Dei
2998 5533 3157 5586 verba
3186 5531 3477 5602 praedicant
3496 5569 3512 5591 ,
3535 5541 3666 5586 sum

2072 5630 2228 5707 sicut
2252 5627 2565 5685 meretrices
2587 5628 2940 5684 admonentes
2965 5626 3101 5681 alios
3128 5626 3195 5680 de
3219 5626 3485 5678 castitate.
3514 5621 3663 5679 Sicut
