4008 6148
363 345 497 411 1247

1120 349 1177 410 5.
1219 341 1530 411 IOANNIS
1576 347 1840 408 RAITH.
1877 344 2199 409 SCIIOLIA
2234 351 2312 409 l.\'
2340 353 2750 415 CLIMACUM.

3488 349 3509 412 1
3523 351 3626 422 248

358 457 449 515 nis
473 457 788 527 perﬁciatur
808 459 878 514 ab
906 458 1031 530 igne
1070 456 1307 528 Spiritus
1342 457 1517 511 sancti
1561 458 1748 511 omnia
1812 469 1944 511 con-
1974 458 2024 515 Α,
2051 457 2197 511 niani
2235 476 2343 514 non
2386 463 2546 516 habet
2571 464 2838 517 fervorem
2864 462 2989 516 boni
3011 459 3265 517 desiderii
3292 468 3347 515 et
3366 458 3626 518 festinati--

360 556 630 605 sui-lente.
660 547 755 609 Est
775 558 957 605 autem
989 548 1104 604 liae
1130 547 1267 604 visio
1292 547 1647 615 relinquenda
1677 547 1745 602 ad
1771 548 1943 602 inter-

357 642 683 711 pretandum
709 682 725 708 ,
751 642 1018 712 expertis.
1046 638 1317 697 l‘razterea
1336 654 1648 710 exsequens
1677 640 1941 705 mediani,

353 733 623 789 orationis
681 749 805 804 qua:
864 741 990 805 post
1043 733 1312 788 virtutum
1388 730 1638 788 habiturn
1685 734 1945 787 vitiorum

354 826 750 883 emundatioue
795 826 1076 897 prauuissa
1123 834 1307 881 mente
1331 823 1630 894 perﬁcitur,
1683 825 1743 879 in
1767 825 1948 879 medio

362 917 626 972 virtutum
670 923 728 973 et
774 916 1256 986 contemplationis
1295 914 1475 971 lactus
1522 929 1687 977 sum,
1747 914 1945 984 inquit.

359 1009 503 1064 Sunt
528 1009 673 1063 enim
703 1009 931 1065 virtutes
948 1009 1212 1065 mortales
1222 1018 1275 1063 et
1298 1008 1511 1079 purgati
1527 1007 1800 1064 aniniiseu
1819 1022 1951 1062 con—

360 1102 1147 1174 tcmplativzexemplaresseu
1190 1102 1606 1167 intellectuales,
1634 1105 1780 1159 sicut
1822 1112 1953 1158 sunt

360 1207 574 1251 contem
583 1196 1526 1265 plationesimmcdiataemtediatazet
1535 1197 1795 1268 subjectae
1808 1195 1953 1266 μιαί·

360 1285 467 1341 bus
482 1292 614 1341 sunt
627 1298 881 1340 consona:
896 1286 1279 1341 exsistentium
1298 1287 1509 1349 activa,
1523 1285 1954 1356 contemplativa

362 1377 444 1431 vel
482 1376 877 1432 intellectuales
904 1385 960 1432 ct
982 1377 1387 1433 transductivae.
1423 1376 1519 1431 Est
1546 1391 1670 1432 vero
1692 1375 1951 1431 virtutum

363 1469 674 1522 mortalium
695 1468 838 1533 linis,
859 1468 1032 1539 pictas
1048 1469 1129 1524 vel
1147 1470 1482 1540 compassio:
1502 1469 1755 1524 virtutem
1770 1478 1951 1523 autem

361 1561 531 1615 animi
556 1561 669 1631 jam
699 1562 913 1631 purgati
940 1576 1034 1617 seu
1083 1562 1658 1631 eontemplativarum,
1689 1562 1813 1615 linis
1869 1570 1956 1616 est

368 1653 765 1708 irremissibilis
814 1654 882 1707 ad
937 1655 1219 1723 passiones
1259 1663 1315 1709 et
1362 1653 1607 1723 corporis
1662 1654 1951 1722 depositio.

363 1739 818 1799 htellcctualium
870 1759 1000 1799 vero
1054 1761 1147 1799 seu
1197 1743 1613 1813 exemplarium,
1665 1743 1950 1799 deiforrni-

368 1845 452 1889 tas
479 1846 532 1888 et
560 1836 755 1905 gratia.
790 1833 1066 1891 Virtutum
1099 1836 1264 1906 igitur
1294 1836 1494 1908 gradus
1516 1836 1730 1891 medius
1754 1846 1860 1899 est,
1884 1836 1946 1889 il-

366 1925 654 1979 luminatio
677 1935 730 1980 et
758 1926 1141 1981 intellectualis
1163 1927 1457 1996 explicatio
1498 1944 1512 1979 :
1542 1927 1641 1987 ita,
1670 1934 1729 1979 et
1756 1925 1947 1994 cogni-

365 2017 576 2070 tionum
605 2017 905 2072 mediarum
953 2020 1193 2073 medium
1227 2029 1355 2072 sunt
1408 2017 1839 2088 contemplativa
1892 2023 1949 2069 et

370 2108 778 2163 intellectualis.
829 2108 1019 2179 Igitur,
1055 2109 1286 2164 medium
1327 2111 1713 2180 πειρατικὴ
1760 2108 1947 2161 mediis

366 2201 546 2272 {tctus
575 2217 710 2269 sunt,
754 2203 965 2272 inquit,
990 2203 1044 2257 id
1071 2215 1176 2269 est,
1226 2204 1515 2273 pet-ﬁciens
1557 2212 1616 2258 et
1665 2211 1949 2273 transgre-

368 2292 526 2347 diens
555 2293 762 2348 activas
783 2301 837 2347 ct
862 2295 1098 2349 morales
1145 2296 1394 2358 virtutes,
1418 2304 1473 2348 et
1501 2309 1532 2347 a
1558 2294 1702 2348 vitiis
1751 2307 1952 2363 purga-

368 2395 479 2448 tus,
507 2393 563 2437 et
592 2398 624 2437 a
651 2399 883 2453 corpore
908 2386 1215 2456 elongatus.
1260 2386 1320 2440 In
1356 2387 1552 2441 mediis
1600 2385 1775 2442 fat-tus
1828 2402 1951 2441 sunt

367 2474 798 2541 cognitionibus,
824 2478 1262 2546 contemplativis
1283 2487 1338 2531 et
1367 2476 1829 2533 intellectualibus
1864 2487 1949 2534 :et

369 2563 697 2621 illuminavit
717 2565 1017 2633 sitientem,
1065 2569 1157 2623 ille
1184 2586 1217 2622 α
1256 2584 1361 2638 quo
1389 2585 1541 2623 outuc
1586 2571 1772 2624 datum
1812 2572 1951 2638 opti-

370 2673 516 2711 mum
574 2669 624 2712 et
703 2674 856 2713 totum
946 2659 1142 2713 (ouum
1210 2661 1500 2729 perfectum
1559 2661 1647 2728 “;
1696 2671 1750 2717 et
1823 2678 1950 2733 pur—

372 2750 523 2819 gavit
568 2767 656 2807 me
705 2751 854 2806 virus
915 2768 1039 2822 qua:
1092 2753 1293 2808 talibus
1324 2754 1732 2821 operationibus
1760 2756 1951 2824 praesi-

370 2842 483 2906 det,
521 2852 576 2896 et
593 2856 812 2896 onmem
836 2844 908 2897 ab
934 2844 1117 2898 anima
1138 2844 1428 2916 caliginem
1456 2859 1794 2918 persequens
1823 2847 1950 2903 illu-

372 2931 693 2988 minatiouis
720 2935 1154 2992 immissionibus
1199 2936 1584 2995 insatiabiliter
1613 2955 1701 2994 me
1759 2940 1952 2997 sitien-

368 3035 478 3079 tem
511 3025 894 3084 circumfnlsit.
930 3030 995 3084 Et
1033 3040 1157 3101 post
1189 3030 1290 3086 ista
1322 3028 1348 3083 ἲ
1375 3029 1575 3087 lterum
1592 3043 1715 3087 erat
1747 3034 1804 3089 in
1834 3034 1950 3090 illis

2049 551 2178 604 tiam
2201 560 2255 607 et
2288 555 2528 609 studium
2556 557 2750 610 salutis
2774 555 2990 610 animai.
3041 548 3215 608 (luunt
3246 555 3494 624 spiritum
3540 553 3628 607 oli-

2047 660 2194 699 δεῖνα
2215 647 2541 716 vigilantius.
2600 646 2754 704 Unus
2774 649 3065 720 spirituum
3099 647 3193 718 qui
3214 662 3431 715 semper
3452 645 3628 715 impu-

2047 744 2198 807 gnat,
2218 749 2303 794 est
2338 740 2714 795 fornicationis
2743 739 2979 804 daemon,
3004 741 3241 794 maxime
3279 738 3332 793 in
3362 737 3623 808 incipien-

2050 826 2215 891 tibus,
2239 837 2294 883 et
2319 830 2766 900 impognantibus
2790 844 2888 885 seu
2927 828 3359 899 proﬁcientibus,
3385 837 3471 881 est
3513 841 3630 881 acc-

2049 917 2153 972 dia:
2176 917 2408 975 damon.
2438 919 2494 975 In
2528 922 2593 977 iis
2615 929 2797 976 autem
2823 921 2918 991 qui
2959 921 3402 992 appropinquant
3453 916 3629 988 perfe-

2049 1012 2245 1079 ctioni,
2275 1019 2360 1067 est
2387 1013 2598 1068 daemon
2622 1028 2774 1068 vanae
2795 1013 2998 1083 gloria.
3034 1011 3188 1066 Nulli
3216 1014 3304 1065 cui
3333 1012 3525 1065 turrim
3552 1008 3628 1064 vel

2051 1098 2237 1155 collem
2271 1102 2461 1171 quietis
2521 1101 2813 1171 aediﬁcare,
2850 1110 2956 1156 etc.
2988 1099 3183 1156 Turris
3207 1100 3477 1171 significat
3502 1112 3628 1169 per-

2054 1191 2343 1248 fectionem
2367 1196 2628 1249 virtutum
2651 1210 2776 1249 cum
2792 1193 3377 1251 scientiaaidiicatam.
3394 1189 3631 1259 Quicun-

2052 1298 2162 1353 que
2183 1298 2314 1355 ergo
2331 1293 2593 1355 operatus
2615 1286 2847 1340 activam
2872 1284 3061 1346 vitam,
3088 1281 3326 1353 perfecte
3343 1281 3407 1336 ad
3425 1280 3629 1352 impas-

2052 1375 2372 1430 sibilitatem
2426 1375 2589 1432 habet
2606 1376 2991 1448 aptitudiuem,
3014 1385 3073 1432 et
3119 1375 3426 1445 dispositos
3446 1383 3531 1429 est
3560 1374 3629 1427 ad

2054 1467 2470 1538 acquisitionem
2492 1469 2821 1524 naturalium
2850 1468 3394 1539 contemplativaruni
3433 1475 3489 1520 et
3543 1464 3631 1518 di-

2056 1560 2304 1614 vinarum
2335 1562 2621 1617 veritatum
2646 1571 2698 1617 ct
2730 1563 3003 1618 rationum
3027 1578 3043 1628 ;
3074 1575 3171 1631 per
3191 1575 3329 1631 quas
3352 1557 3633 1631 perﬁcitur

2056 1654 2295 1723 perlecta
2321 1655 2570 1718 scientia,
2601 1663 2657 1709 et
2677 1656 2977 1724 completur
3004 1653 3295 1710 aediﬁcatio
3341 1652 3531 1716 turris,
3575 1659 3635 1706 et

1981 1792 2024 1846 Β
2057 1745 2278 1817 quietis,
2310 1755 2367 1802 et
2388 1747 2649 1803 virtutum
2674 1746 3164 1804 Christil‘ortulum.

2439 1881 2569 1936 CAP.
2600 1879 2673 1936 Χ.
2695 1881 2860 1935 -σ-Αά
2905 1880 3130 1951 gradum
3158 1878 3249 1936 ‘28.

2132 2016 2282 2080 Volo,
2316 2017 2412 2081 ait,
2443 2018 2611 2087 magis
2643 2016 2797 2072 acrba
2817 2018 2982 2071 urenti
3004 2030 3135 2070 uictu
3153 2017 3346 2082 dicere,
3369 2024 3470 2070 etc.
3499 2017 3636 2070 Scu-

2050 2128 2145 2167 sus
2164 2113 2362 2168 animae
2385 2122 2470 2167 est
2500 2111 2789 2167 inell‘abilis
2812 2118 3006 2182 gustus
3048 2110 3247 2166 divinat
3294 2111 3634 2165 consolatio.

2050 2205 2137 2260 nis
2166 2222 2179 2266 ;
2207 2206 2298 2276 qui
2337 2221 2463 2259 cum
2501 2204 2790 2261 charitatis
2817 2204 3230 2273 pulchritudine
3262 2203 3341 2258 ﬁt.
3380 2202 3636 2273 Quinque

2051 2300 2218 2370 igitur
2238 2301 2402 2355 verba
2432 2314 2597 2356 sensu
2624 2315 2725 2353 suo
2763 2298 3029 2368 loquitur,
3076 2297 3172 2367 qui
3202 2296 3221 2366 (
3245 2311 3343 2367 per
3370 2294 3634 2366 Spiritum

2051 2403 2302 2447 sanctum
2328 2391 2695 2458 seusiticatus)
2726 2391 3028 2446 secundum
3054 2390 3443 2461 proprietatem
3468 2390 3637 2445 dicta-

2051 2496 2174 2535 rutn
2222 2482 2481 2536 virtutum
2533 2479 3000 2539 illuminatituies.
3050 2478 3232 2534 divina
3286 2477 3535 2534 incendia
3580 2486 3635 2531 ct

2052 2570 2413 2642 perfectiones
2443 2571 2713 2641 intelligit,
2740 2571 3029 2641 participat
3050 2580 3103 2624 et
3130 2579 3317 2641 gustat
3343 2569 3397 2623 in
3420 2569 3488 2625 iis
3510 2582 3634 2638 qua-

2050 2668 2203 2723 dicit.
2230 2665 2483 2736 Qninque
2510 2664 2672 2719 verba
2704 2663 2839 2718 dicit
2872 2663 3056 2719 omnis
3084 2664 3281 2718 doctor
3306 2662 3402 2734 qui
3428 2676 3632 2717 conve-

2053 2758 2260 2814 nientia
2287 2757 2522 2828 singulis
2545 2755 2803 2811 sensibus
2826 2754 2921 2825 qui
2946 2756 3001 2809 in
3026 2753 3187 2810 nobis
3222 2763 3351 2810 sunt
3381 2753 3634 2821 exemplo

2050 2848 2241 2919 operis
2260 2856 2319 2902 et
2341 2847 2507 2901 verbo
2542 2846 2813 2901 dot-trina
2833 2845 3071 2900 remedia
3115 2845 3359 2915 apponit.
3392 2840 3459 2897 In
3520 2843 3633 2912 ipsa

2051 2942 2189 2996 cuitu
2236 2926 2538 3008 centuplum
2595 2939 2853 3007 accipient
2905 2937 3148 2991 monac/ti
3173 2954 3190 2991 .'
3218 2937 3270 2991 id
3314 2947 3397 2993 est
3450 2936 3637 2994 divina

2052 3035 2217 3089 dona.
2274 3033 2430 3099 Quod
2488 3046 2618 3085 vero
2671 3038 2758 3084 est
2802 3029 2968 3085 inde:
2999 3029 3247 3084 videlicet
3294 3028 3481 3096 gratiae
3514 3042 3639 3097 quae

370 3125 389 3187 (
420 3119 651 3173 subaudi
724 3121 947 3189 mediis)
1016 3122 1199 3177 divina
1279 3122 1604 3179 illuminatio
1650 3126 1951 3183 secundum
1979 3133 2024 3193 ο
2056 3139 2153 3195 per
2176 3124 2485 3178 orationem
2518 3120 2965 3177 misericordilius
2987 3119 3267 3175 monachis
3296 3118 3639 3174 distribuun-

370 3213 800 3281 propositionem
823 3216 1043 3271 tuentis.
1072 3215 1137 3269 Et
1163 3215 1507 3273 llammantes
1526 3214 1777 3284 aﬂ'ectus,
1808 3234 1953 3275 cont—

370 3304 580 3373 pcllunt
618 3316 892 3362 amantem
923 3309 1263 3379 interrOgare
1289 3323 1318 3362 a
1342 3308 1586 3380 principe
1606 3310 1859 3377 visionis,
1884 3311 1954 3367 de

370 3398 617 3453 veritatis
646 3399 856 3455 visione
921 3401 1037 3455 sive
1056 3400 1341 3470 symbolis,
1373 3410 1427 3455 et
1470 3400 1539 3456 de
1587 3398 1769 3458 Verbo
1820 3412 1950 3459 ante

368 3490 801 3560 assumptionem
829 3491 1082 3547 humauit:
1106 3502 1335 3557 natura},
1364 3502 1419 3549 et
1446 3510 1571 3563 qua:
1594 3510 1949 3565 consequun-

370 3592 461 3637 tur
483 3584 627 3638 sicut
656 3585 909 3651 superius
930 3586 1202 3657 leguntur.

441 3674 577 3731 Cum
632 3677 871 3744 procedis
930 3687 1245 3749 congregato
1298 3679 1526 3733 custodi.
1598 3677 1657 3734 Id
1711 3692 1817 3746 est,
1888 3696 1953 3737 os

368 3780 525 3824 tuum
553 3779 610 3824 et
639 3784 735 3824 eor
795 3778 950 3825 tuum
990 3772 1044 3826 in
1076 3769 1447 3827 locationibus
1481 3772 1720 3838 custodi,
1752 3789 1953 3830 cavens

370 3865 659 3933 propalare
692 3865 919 3920 virtutes
968 3866 1122 3936 quia,
1177 3880 1273 3920 ore
1323 3866 1609 3930 inutiliter,
1661 3869 1954 3925 indiscrete

370 3962 424 4009 ct
450 3971 587 4012 vane
611 3967 822 4027 aperto,
845 3957 1075 4014 virtutes
1099 3973 1222 4028 qua:
1246 3970 1484 4016 mentem
1509 3961 1577 4016 ad
1612 3960 1779 4016 Deum
1808 3964 1954 4018 exal-

369 4047 605 4111 tabant.
663 4050 968 4116 perduutur
1029 4061 1083 4107 et
1136 4053 1321 4108 volant
1380 4062 1437 4109 et
1485 4053 1788 4125 disparem.
1854 4057 1954 4109 (tri

368 4143 511 4195 enim
555 4144 769 4212 procaci
824 4144 1214 4215 appropinquat
1265 4145 1423 4199 ruina
1461 4144 1508 4178 "
1567 4165 1578 4200 :
1659 4146 1948 4204 Silentium

370 4251 500 4292 vero
583 4244 669 4291 est
756 4236 1017 4292 virtutum
1106 4240 1378 4295 custodia.
1456 4240 1771 4305 Patientia,
1863 4253 1946 4297 est

372 4327 664 4381 temtationis
700 4330 934 4396 quotidie
974 4342 1282 4401 exspectata
1322 4333 1584 4402 deﬁnitio.
1640 4337 1953 4392 Secundum

370 4430 689 4471 mensuram
717 4418 1067 4482 humilitatis,
1098 4420 1261 4473 datur
1284 4420 1547 4491 patientia
1571 4422 1625 4475 in
1648 4423 1954 4480 tribulatio-

372 4507 536 4563 nibus
559 4518 615 4562 ct
640 4510 1057 4573 tentationibus,
1082 4520 1138 4565 et
1163 4512 1464 4569 secundum
1499 4514 1836 4583 patientiam,
1873 4518 1953 4570 al-

373 4602 584 4657 levatur
621 4619 762 4658 onus
791 4604 1229 4669 tribulatiOnum,
1262 4616 1317 4661 et
1341 4609 1807 4671 consolationum,
1860 4629 1955 4682 per

369 4710 493 4750 eam
527 4711 781 4765 pergens.
815 4698 1121 4767 participat.
1162 4712 1218 4755 et
1273 4700 1576 4757 secundum
1622 4704 1954 4760 consolatio-

373 4802 498 4842 nem
524 4789 903 4859 magniﬂcatur
926 4791 1169 4848 eliaritas
1193 4793 1315 4863 ejus
1357 4793 1425 4848 ad
1458 4793 1649 4860 Deum,
1677 4804 1731 4850 et
1754 4813 1953 4853 secun-

370 4880 503 4935 dum
527 4880 877 4947 cbaritatem,
902 4884 1143 4951 possidct
1165 4884 1441 4954 gaudium.
1468 4888 1613 4944 Sane
1635 4890 1951 4957 patientiam

373 4974 582 5042 peperit
606 4988 732 5043 spes
760 4985 817 5029 et
841 4974 1042 5041 luctus,
1068 4979 1161 5045 qui
1185 4992 1313 5032 vero
1342 4980 1461 5033 sine
1487 4981 1571 5033 liis
1601 4983 1817 5039 duobus
1861 5002 1956 5039 ex-

372 5066 533 5133 stitit,
560 5066 763 5123 acedite
787 5080 982 5124 servus
1011 5078 1097 5124 est
1124 5070 1188 5123 ad
1219 5071 1401 5123 omnia
1434 5073 1603 5140 piger.
1639 5072 1756 5127 Non
1806 5077 1953 5129 enim

370 5160 467 5227 qui
496 5157 619 5215 talis
640 5167 747 5221 est,
782 5158 1026 5228 possidet
1054 5159 1422 5216 festinantium
1448 5164 1602 5219 bona:
1637 5166 1953 5234 voluntatis,

372 5249 467 5305 scd
500 5250 555 5305 iu
576 5251 832 5308 omnibus
856 5252 1117 5322 operibus
1142 5254 1258 5308 suis
1285 5256 1538 5311 anxialur
1589 5269 1645 5312 ct
1686 5263 1954 5329 impotens

375 5342 432 5398 lit
487 5354 543 5398 et
570 5352 725 5413 putat
786 5343 1194 5412 impotentiam,
1238 5346 1482 5413 taedium,
1530 5359 1584 5403 et
1626 5350 1951 5407 disrrasiuttt

375 5436 595 5499 acedia~,
620 5436 991 5489 inﬁrmitatem
1018 5435 1267 5505 corporis
1295 5454 1458 5503 esse;
1511 5450 1564 5493 ct
1589 5441 1659 5494 ita
1710 5443 1950 5512 scipsum

376 5532 513 5586 sicut
546 5529 823 5583 inlirmum
872 5538 1120 5592 esensat,
1153 5528 1291 5601 gulae
1326 5534 1569 5587 scivicns
1590 5545 1642 5588 ct
1674 5540 1783 5588 otio
1815 5555 1951 5603 quo-

447 5682 629 5737 “Jut‘.
676 5702 711 5747 ι,
751 5686 831 5737 i7.
912 5686 953 5717 ³⁸
995 5687 1149 5741 va.
1185 5706 1327 5751 xxvi,
1368 5690 1456 5742 ‘28.

452 5834 564 5903 ('29)
591 5832 755 5891 Vetus
787 5842 1073 5907 interpres,
1102 5858 1207 5903 crc,
1246 5842 1422 5895 (ιιιίωα
1449 5850 1496 5895 ct
1527 5844 1739 5913 spiritu.

2058 3235 2148 3275 tur
2170 3219 2226 3273 iu
2259 3233 2327 3274 eo
2352 3218 2495 3287 quod
2518 3228 2625 3282 est,
2656 3217 2710 3272 id
2760 3226 2865 3282 est,
2907 3217 3017 3271 vita
3057 3230 3261 3272 aiterna
3285 3226 3341 3270 et
3382 3215 3525 3270 bona
3552 3215 3637 3268 in-

2052 3311 2426 3383 corruptibilia
2460 3328 2583 3383 quae
2610 3312 2693 3367 eis
2746 3310 3138 3366 retribueutur.
3165 3306 3277 3381 Ego
3303 3310 3460 3363 unius
3515 3309 3639 3362 sub-

2052 3405 2269 3462 stantia:
2294 3404 2429 3458 duas
2479 3404 2756 3464 cssenlias,
2780 3411 2885 3457 etc.
2920 3399 3085 3468 Quasi
3106 3399 3289 3456 dicat:
3311 3399 3449 3471 Ego,
3480 3398 3641 3456 (ἥσε-

2056 3505 2241 3549 rentes
2263 3494 2411 3563 ipsas
2434 3494 2780 3549 exsistentcs.
2812 3494 2976 3548 unius
3025 3492 3150 3548 dico
3178 3506 3302 3549 esse
3356 3493 3635 3563 operatio-

2055 3590 2143 3643 nis
2164 3596 2219 3643 et
2242 3588 2579 3642 subSIantize.
2608 3586 2762 3652 Quod
2782 3588 2959 3641 ridens
3000 3587 3173 3658 ignem
3204 3594 3488 3656 ctaquaiu.
3553 3583 3638 3655 lg-

2055 3690 2179 3732 uem
2206 3678 2507 3739 ardentem,
2550 3689 2619 3728 ex
2648 3673 2760 3729 Deo
2786 3674 3173 3730 devotionem:
3207 3682 3263 3729 et
3307 3689 3507 3746 aquam
3555 3673 3635 3729 la-

2055 3781 2273 3840 crymas
2302 3766 2454 3822 dicit.
2490 3762 2606 3821 Uno
2627 3780 2768 3835 step:
2799 3763 3239 3820 mboiucautius
3267 3768 3481 3825 emisso.
3501 3781 3631 3837 pro-

2056 3855 2187 3925 prize
2209 3852 2704 3910 commendationis
2730 3862 2785 3910 et
2810 3853 3181 3924 gloriationis.
3220 3853 3386 3910 Aliud
3409 3864 3487 3911 cst
3513 3872 3632 3911 crc-

2057 3948 2222 4013 brius,
2253 3948 2409 4002 corde
2461 3946 2743 4018 speculari.
2799 3945 3017 4002 Visitari
3043 3946 3283 4018 quidem,
3310 3956 3397 4001 est
3419 3948 3485 4001 ad
3509 3963 3640 4018 pro-

2058 4040 2229 4107 priam
2251 4040 2745 4095 considerationem
2777 4056 2843 4095 ex
2868 4040 3198 4097 contritione
3220 4043 3643 4112 superveniente

2055 4135 2297 4189 converti
2311 4144 2361 4189 et
2379 4133 2811 4199 contemplari,ct
2830 4142 3237 4204 congregare,et
3251 4148 3437 4190 curam
3451 4152 3643 4205 gerere

2054 4229 2123 4282 de
2144 4228 2210 4283 iis
2237 4243 2361 4297 quae
2376 4237 2505 4283 sunt
2521 4227 2587 4281 ad
2613 4225 2866 4291 Deuni,iu
2889 4226 3099 4296 seipso;
3128 4226 3353 4283 visitare
3375 4243 3504 4285 vero
3528 4241 3636 4294 est,

2058 4322 2288 4376 aliorum
2341 4319 2698 4392 principative
2756 4328 2810 4373 et
2878 4319 3291 4375 sacerdotaliter
3339 4321 3641 4377 emundare

2057 4412 2245 4473 corda,
2274 4421 2331 4465 et
2353 4410 2562 4466 hostias
2589 4410 2986 4479 accceptabiles
3030 4410 3231 4467 multas
3265 4409 3375 4465 Deo
3417 4409 3639 4480 θηεῖτο,

2060 4506 2244 4571 verbo,
2262 4504 2512 4560 oratione
2556 4514 2611 4559 et
2652 4502 2921 4575 exemplo.
2971 4503 3219 4570 Visitare,
3252 4513 3336 4559 est
3377 4505 3646 4561 continuo

2057 4612 2110 4654 et
2132 4599 2238 4654 ﬁxe
2263 4598 2496 4669 tcipsum
2518 4597 2890 4661 considerare,
2914 4605 2969 4651 et
3025 4596 3147 4652 sine
3182 4596 3507 4654 remissione
3549 4598 3644 4653 iu-

2058 4700 2338 4746 cessanter
2357 4691 2695 4761 conspicere,
2723 4699 2779 4745 et
2802 4703 3004 4745 census
3025 4698 3189 4761 atque
3221 4689 3493 4760 potentias
3517 4691 3644 4747 ani-

2060 4798 2163 4841 tua:
2187 4794 2242 4839 et
2266 4784 2511 4853 corporis
2537 4782 2891 4854 principative
2907 4797 3258 4853 congregare,
3286 4791 3341 4839 et
3361 4796 3458 4853 per
3484 4782 3643 4840 inde-

2057 4879 2324 4934 sinentem
2350 4878 2650 4932 orationem
2676 4877 2872 4933 devote
2905 4874 3018 4932 Deo
3040 4877 3256 4932 oll‘erre.
3289 4873 3484 4939 Corde,
3518 4877 3643 4931 aui-

2060 4987 2142 5025 nw
2159 4983 2205 5024 et
2227 4971 2419 5037 spiritu
2438 4969 2552 5041 (29)
2578 5014 2589 5023 .
2610 4969 2859 5024 Animam
2877 4968 3034 5035 dicit,
3062 4970 3352 5025 sensitivas
3370 4979 3427 5024 et
3449 4969 3642 5027 vitales

2059 5064 2354 5133 potentias,
2399 5064 2650 5133 spiritum
2684 5078 2854 5127 vero,
2898 5063 3285 5117 deliberativas
3329 5062 3642 5117 voluntates

2059 5168 2113 5209 ct
2138 5158 2533 5213 intcllectualcs
2562 5156 2901 5222 affectiones,
2936 5156 3176 5227 Spiritus
3204 5155 3393 5222 etiam,
3420 5164 3506 5210 est
3520 5153 3645 5211 aui-

2061 5266 2147 5304 ma
2186 5250 2465 5306 rationalis
2493 5261 2550 5306 et
2595 5250 2997 5316 intellectualis,
3031 5260 3087 5305 et
3108 5256 3283 5305 letum
3336 5247 3522 5313 simul,
3554 5246 3644 5302 ἀί.

2060 5342 2201 5395 citur
2235 5343 2492 5411 Spiritus.

2064 5433 2368 5502 Brpliciunt
2399 5436 2588 5506 glossa:
2617 5436 2791 5491 sancti
2819 5434 2889 5490 Ρ.
2914 5432 2994 5490 Ν.
3024 5433 3253 5488 locum:
3271 5432 3479 5489 abbatis
3496 5427 3639 5500 Bay-

2446 5536 2557 5600 tlm,
2586 5550 2741 5603 super
2773 5532 2999 5588 testibus
3021 5530 3266 5587 Climaci.
