4008 6148
461 328 593 395 1237
1787 324 1964 386 VITA
2002 324 2044 383 Α

2142 322 2384 385 ιΤΗῐᾹζ.
3600 318 3725 386 1253

527 444 872 498 Christianus
909 459 976 495 an
1014 441 1170 496 ταιπιὲι
1195 483 1210 505 ,
1265 444 1316 495 in
1361 456 1650 512 utramque
1685 451 1892 512 partem
1930 441 2268 511 disputatum
2311 451 2435 498 est:
2482 456 2673 497 verum
2717 441 2861 496 edito
2910 440 3302 512 epigrammate
3343 456 3453 511 quo
3492 441 3726 496 tabulam

455 541 783 611 archangclo
822 540 1036 594 dedi:.at
1090 545 1158 609 te)
1188 582 1198 604 ,
1245 541 1388 593 illum
1423 541 1738 608 n-ligioncm
1770 538 2078 608 professum
2113 553 2234 593 esse
2267 547 2420 592 extra
2454 537 2682 592 dubium
2717 546 2832 591 est.
2858 543 2902 592 Α
2944 551 3056 605 quo
3091 537 3138 590 si
3188 535 3512 590 discesseris
3536 573 3552 598 ,
3595 535 3728 590 inter

457 643 648 686 czetera
679 647 799 698 qua:
827 629 1058 699 proferri
1100 642 1322 700 posst-nt
1362 631 1732 683 firmissimum
1767 629 2011 696 ejusdem
2051 629 2329 698 opinionis
2375 640 2761 700 argumentum
2807 642 2948 685 esset
2979 669 2994 694 ,
3047 627 3192 698 quod
3229 629 3627 699 apophthcgma
3665 644 3725 684 ex

457 742 595 780 novo
623 726 828 781 fault-rc
865 727 967 780 sibi
1004 736 1192 780 notum
1224 741 1344 780 esse
1375 727 1552 794 prodit
1579 727 1679 796 (tt).
1717 723 1902 794 Neque
1930 725 1982 777 id
2008 735 2192 780 tamen
2222 737 2433 781 certum
2466 725 2605 781 foret
2635 725 2940 780 iudicium:
2977 723 3178 779 etenim
3201 764 3217 788 ,
3251 723 3570 776 dominante
3605 718 3726 772 reli-

454 821 614 888 gioue
652 820 1006 882 Christiana,
1057 835 1262 888 paucos
1297 819 1417 874 illos
1453 821 1683 890 gentiles
1709 821 1802 888 qui
1827 820 2303 888 Constantinopoli
2345 820 2614 888 degebant
2655 819 2783 874 talia
2819 827 2948 873 nota
2997 816 3258 872 habuisse
3303 830 3412 868 non
3456 821 3543 865 cst
3585 810 3727 880 quod

454 912 807 976 dubitemus;
850 922 1009 982 atque
1041 911 1132 966 ubi
1188 912 1238 966 id
1279 912 1484 981 profert
1509 912 1882 966 Christianum
1917 913 2227 980 loquentem
2257 911 2483 965 inducit.
2515 909 2695 964 Mitem
2728 926 2858 964 vero
2899 910 3143 964 animum
3176 907 3230 961 in
3268 903 3728 975 reprehendendis

455 1003 648 1057 alienis
674 1004 849 1058 sacris
871 1044 886 1066 ,
922 1005 1022 1058 nisi
1058 1005 1302 1076 improba
1332 1007 1440 1058 sint
1467 1015 1629 1074 atque
1659 1005 1953 1069 immania;
1987 1015 2043 1059 et
2072 1004 2464 1075 indulgentiam
2493 1020 2615 1073 quae
2641 1003 2816 1058 errori
2850 1004 2904 1056 in
2947 1002 3260 1073 huiusmodi
3299 999 3463 1053 rebus
3483 1037 3498 1059 ,
3538 1007 3721 1066 utpote

457 1114 562 1151 non
591 1099 918 1156 voluntario.
950 1101 1160 1153 veniam
1197 1100 1387 1154 tribuit
1412 1101 1516 1166 (e);
1551 1101 1690 1152 inter
1716 1115 1889 1153 sarros
1922 1099 2070 1154 illius
2099 1099 2197 1153 teri
2238 1097 2451 1154 furores
2483 1099 2566 1150 vix
2597 1098 2726 1152 alibi
2754 1087 3103 1168 exspectares
3133 1112 3299 1167 quam
3330 1094 3474 1164 apud
3504 1110 3599 1148 eos
3637 1093 3725 1162 qui

457 1193 851 1245 dominantium
880 1192 1196 1246 crudelitate
1233 1200 1286 1245 et
1326 1193 1527 1245 sutrina
1564 1202 1887 1246 resarentur
1919 1191 2040 1260 ipsi.
2077 1189 2262 1260 Itaque
2304 1190 2584 1260 probabile
2628 1199 2714 1245 est
2753 1189 2937 1259 gentili
2967 1198 3118 1259 patre
3161 1196 3543 1257 procreatum.
3578 1184 3724 1236 (ita:-

455 1286 766 1353 ranicisque
797 1283 992 1337 studiis
1017 1283 1339 1338 innutritum
1371 1290 1423 1336 ct
1454 1283 1804 1342 delectatum,
1847 1298 1915 1335 ne
1947 1284 2124 1350 legunt
2163 1296 2338 1350 prmus
2367 1283 2761 1352 hominumque
2797 1284 3069 1336 violentiae
3106 1281 3382 1334 obnoxius
3409 1286 3578 1340 esset,
3617 1289 3723 1329 non

466 1379 747 1450 opinionis
782 1381 832 1432 \‘i
874 1381 1192 1442 adductum,
1230 1377 1558 1432 Christianis
1587 1394 1646 1431 se
1675 1377 2019 1446 adjunxissc.

529 1469 889 1524 llistmiarutn
933 1471 1051 1523 lilui
1095 1473 1257 1540 vulgo
1293 1486 1356 1523 ex
1400 1471 1589 1523 codice
1646 1469 1998 1534 Lugdunensi
2053 1473 2104 1524 in

2134 1470 2427 1524 clibnntur
2467 1469 2594 1540 περὶ
2659 1467 3170 1538 τῆςῚουπτινιανοῦ
3213 1464 3494 1535 βισι).εί2ς
3523 1483 3535 1496 ·
3589 1469 3717 1518 vitio

457 1564 748 1619 manifesto
783 1583 792 1617 :
845 1581 967 1618 cum
1012 1566 1244 1634 scriptor
1282 1580 1341 1618 se
1390 1567 1458 1617 de
1488 1576 1660 1618 morte
1687 1565 1885 1618 .lnstini
1917 1564 2174 1618 Germani
2210 1565 2245 1616 t'.
2271 1564 2448 1632 —qui
2475 1565 2703 1634 iubente
2730 1560 2949 1616 Justino
2969 1558 3096 1615 Jun.
3131 1562 3262 1629 imp.
3299 1571 3522 1614 necatus
3556 1570 3639 1614 est
3662 1587 3724 1600 -

458 1657 518 1709 lV
542 1700 556 1722 ,
588 1659 658 1710 2‘2.
683 1697 696 1719 .
732 1675 783 1728 p.
819 1657 924 1712 255
957 1677 970 1712 :
1025 1669 1187 1728 atque
1213 1661 1279 1712 de
1304 1657 1567 1713 Chosmis
1601 1659 1705 1712 line
1741 1658 1890 1726 (577)
1925 1656 1990 1712 ιγ
2015 1700 2030 1723 ,
2072 1658 2178 1720 29,
2213 1674 2266 1726 p.
2303 1657 2443 1720 272,
2477 1659 2748 1710 dit'fUlUlll
2781 1671 2902 1709 esse
2935 1657 3239 1723 promittat.
3281 1653 3350 1706 At
3385 1653 3525 1706 idem
3556 1655 3724 1708 codex

458 1763 622 1816 recte,
658 1768 754 1821 pro
801 1753 946 1806 illius
1010 1751 1185 1806 aetatis
1218 1767 1388 1818 more,
1416 1767 1576 1822 quem
1608 1752 1674 1807 ab
1706 1752 1962 1822 Evagrio,
1992 1751 2200 1806 Joanne
2231 1750 2615 1822 Epiphanietzsi
2639 1791 2654 1804 .
2690 1751 2920 1818 altisque
2945 1759 3216 1804 serratum
3251 1748 3527 1813 videmus,
3557 1747 3724 1802 libros

455 1845 654 1914 τόμους
689 1862 706 1897 \
721 1853 865 1902 ocat.
1220 1851 1222 1854 ’

525 1936 754 1991 Codices
781 1937 968 2006 scripti
993 1936 1248 2006 perpauci
1279 1945 1592 2006 supersunt.
1625 1935 1697 1991 De
1727 1934 2108 2005 Rchdigerano
2141 1947 2196 1992 ct
2227 1935 2577 2006 Lugdunensi
2598 1976 2613 1998 .
2654 1937 2860 2006 quibus
2890 1950 3021 1992 usus
3051 1949 3204 2001 sum,
3233 1933 3364 1986 dixi.
3400 1930 3721 1986 Vaticanum

457 2034 934 2088 membranaceum
967 2049 1128 2098 esse,
1168 2036 1488 2104 antiquum,
1527 2033 1660 2087 mihi
1696 2034 2023 2103 signiticatit
2060 2033 2199 2103 Aug.
2233 2032 2408 2088 Maius
2446 2048 2498 2086 ν.
2537 2032 2614 2086 ill.
2659 2034 2750 2102 qui
2789 2033 3066 2087 variantes
3109 2033 3410 2099 scripturas
3439 2043 3505 2082 ea
3539 2033 3718 2097 quarti

463 2128 578 2183 libri
622 2127 778 2181 initio
812 2127 1078 2182 delibatas
1109 2127 1426 2197 speciminis
1455 2128 1576 2181 loco
1609 2125 1759 2178 misit
1789 2165 1803 2178 .
1837 2122 1926 2179 Ea:
1951 2139 2075 2180 cum
2105 2122 2487 2194 Rebdigerauo
2517 2123 2656 2178 libro
2701 2125 2774 2178 ita
2804 2124 3140 2179 conveniunt
3171 2132 3226 2176 ut
3253 2122 3414 2176 valde
3445 2120 3727 2190 probabile

458 2226 529 2280 sit
564 2226 706 2279 hunc
743 2223 1232 2292 iudecxscriptum
1267 2237 1408 2277 esse.
1444 2223 1765 2291 Exscriptus
1801 2231 1982 2276 autem
2013 2229 2096 2276 est
2133 2236 2200 2275 ex
2231 2222 2418 2275 codice
2454 2221 2666 2292 integro
2700 2238 2716 2275 :
2761 2231 2821 2276 ut
2846 2218 3145 2278 Vaticanus
3171 2258 3187 2285 .
3236 2231 3492 2279 mouente
3539 2224 3684 2282 Haio
3706 2267 3721 2291 ,

459 2335 603 2375 nunc
636 2319 854 2388 quidem
894 2325 1012 2380 est,
1065 2314 1329 2385 suppletis
1367 2329 1397 2368 a
1431 2314 1734 2368 recentiore
1770 2327 1930 2366 niauu
1965 2310 2173 2382 aliquot
2205 2310 2350 2367 foliis
2375 2351 2393 2375 ,
2437 2313 2530 2368 sed
2566 2312 2826 2383 quoniam
2857 2327 2920 2368 ea
2951 2312 3249 2382 aliquando
3287 2314 3553 2382 deerant,
3595 2317 3724 2372 inde

459 2425 591 2469 ortae
619 2419 748 2467 sunt
779 2412 984 2466 lacuna:
1015 2410 1068 2464 in
1104 2409 1354 2463 versione
1386 2405 1640 2461 Personae
1661 2445 1678 2470 ,
1731 2406 1856 2459 licet
1889 2405 2063 2459 codici
2099 2421 2209 2475 quo
2249 2406 2299 2460 is
2330 2421 2464 2462 usus
2490 2416 2575 2461 est
2606 2419 2732 2459 cum
2772 2404 3156 2475 Rchdigerano
3192 2409 3444 2477 proxima
3491 2409 3726 2466 interce-

459 2508 549 2561 dat
580 2504 836 2560 afﬂuitas.
863 2502 1067 2558 Tamen
1103 2502 1190 2556 hic
1213 2499 1511 2556 Vaticanus
1535 2501 1702 2555 codex
1738 2511 1795 2554 ut
1825 2500 2119 2570 aliquando
2146 2501 2502 2571 inspiciatur,
2527 2500 2828 2570 optandum
2854 2510 2971 2566 est;
3005 2516 3114 2572 quo
3139 2503 3299 2570 plane
3332 2503 3400 2556 de
3430 2503 3534 2558 fide
3561 2514 3726 2576 atque

459 2603 784 2654 auctoritate
823 2598 1184 2668 Rchdigerani
1223 2606 1477 2652 constare
1516 2597 1710 2665 possit.
1753 2594 2024 2651 Praeterea
2074 2611 2134 2649 cx
2170 2595 2591 2653 Montel’alconio
2630 2597 2913 2652 Harlesius
2946 2595 3200 2653 Fabricio
3252 2600 3508 2669 ascripsit
3533 2641 3550 2665 ,
3583 2603 3726 2657 inte.

460 2709 614 2759 grum
657 2707 794 2762 opus
839 2701 1056 2746 exstare
1088 2693 1275 2746 Graece
1305 2692 1447 2744 inter
1473 2690 1692 2745 codices
1723 2689 1959 2760 scriptos
1994 2687 2432 2756 Ottobonianos;
2479 2701 2644 2762 atque
2690 2693 2743 2745 iu
2776 2692 2902 2746 cod.
2960 2689 3131 2744 δίκην
3179 2691 3526 2747 biblimhccte
3572 2695 3727 2750 \‘ati-

459 2805 609 2844 can:e
659 2795 896 2858 antiqua:
946 2787 1229 2856 Agathiam
1270 2787 1340 2841 de
1377 2785 1524 2840 Bello
1551 2785 1854 2840 Gothorum
1897 2801 1912 2838 :
1959 2802 1988 2840 e
2049 2787 2326 2842 contrario
2383 2787 2434 2839 in
2480 2785 2753 2841 Marciana
2788 2785 3034 2843 Vcnctiis
3083 2788 3208 2843 cod.
3255 2785 3504 2858 DCCMl,
3555 2789 3724 2845 libros

461 2883 817 2951 posteriores,
852 2881 1230 2937 deficientibus
1257 2881 1435 2952 primo
1475 2888 1528 2934 et
1565 2879 1790 2934 secundi
1821 2887 1972 2949 parte
2005 2897 2018 2932 :
2063 2880 2303 2945 scilicet,
2345 2891 2402 2932 ut
2435 2880 2644 2935 videtur
2671 2920 2686 2944 ,
2720 2881 2810 2935 illa
2843 2880 2957 2951 ipsa
2986 2880 3054 2935 de
3089 2880 3330 2937 Narseus
3367 2881 3506 2938 bello
3535 2883 3726 2938 italico

461 2974 794 3028 narratione.

529 3066 665 3122 Cum
717 3075 896 3121 autem
940 3066 1203 3137 Agatbias
1253 3067 1308 3120 in
1361 3079 1549 3120 eorum
1600 3080 1828 3122 numero
1875 3065 2034 3122 fuerit
2073 3067 2460 3122 historicorum
2508 3081 2646 3138 quos
2697 3064 3090 3122 Constantinus
3129 3067 3628 3140 Porphyrogcuitns
3671 3071 3722 3127 in

457 3159 673 3230 eclogas
702 3158 870 3228 redigi
894 3158 1079 3228 jussit,
1104 3157 1360 3228 leguntur
1391 3173 1457 3212 ex
1492 3158 1582 3213 illo
1614 3161 1714 3212 tria
1742 3159 1808 3214 de
1840 3159 2200 3229 legationibus
2237 3169 2491 3229 excerpta
2523 3161 2576 3212 in
2613 3158 2803 3214 codice
2831 3157 3055 3216 Bavaro.
3089 3175 3326 3228 quorum
3356 3162 3578 3217 collatio
3594 3179 3722 3218 cum

458 3257 617 3311 editis
651 3256 877 3309 debetur
899 3253 1218 3310 doctissimo
1252 3253 1560 3325 Speugelio.
1599 3254 1766 3310 Multo
1804 3255 1927 3326 plus
1955 3254 2097 3311 idem
2129 3256 2368 3324 scriptor
2395 3255 2462 3310 ad
2494 3254 2713 3310 titulum
2743 3253 2811 3308 de
2843 3253 3130 3309 sententiis
3182 3253 3434 3310 conferre
3473 3256 3721 3325 dedebat,

459 3364 620 3417 quem
665 3347 981 3417 nuperrime
1030 3347 1084 3400 in
1121 3344 1340 3400 luminis
1372 3361 1497 3403 oras
1538 3347 1753 3403 reduxit
1795 3347 1872 3404 ill.
1919 3345 2096 3401 Maius
2133 3365 2149 3401 :
2189 3349 2270 3401 vir
2302 3347 2560 3418 juvaudis
2609 3345 2804 3402 litteris
2829 3342 3093 3401 dit-initus
3135 3346 3333 3400 sarculo
3371 3356 3558 3403 nostro
3589 3364 3726 3406 con-

460 3459 664 3508 cessus,
699 3453 752 3496 et
783 3460 803 3492 ι
841 3442 926 3496 cui
957 3457 1118 3497 nemo
1138 3444 1337 3498 civium
1381 3459 1558 3512 neque
1587 3444 1763 3500 hostis
1785 3443 1961 3514 quibit
1984 3457 2083 3514 pro
2113 3442 2273 3498 factis
2304 3443 2526 3499 reddere
2552 3458 2732 3514 operte
2779 3448 3032 3513 pretium.
3061 3464 3079 3498 ο
3109 3444 3215 3502 Sex
3246 3445 3375 3501 folia
3404 3446 3473 3502 de
3508 3447 3594 3502 his
3623 3464 3726 3502 cx-

460 3537 664 3605 ecrptis
695 3550 983 3604 superesse
1019 3539 1065 3592 is
1094 3551 1196 3593 nos
1229 3541 1421 3594 edocet
1461 3540 1620 3608 (Coll.
1671 3537 1947 3594 Vaticana
1971 3539 2298 3609 seriptorum
2341 3536 2652 3594 Grecorum
2681 3537 2744 3606 ll,
2784 3555 2838 3610 p.
2881 3541 3032 3611 461.)
3061 3559 3076 3597 :
3112 3555 3345 3610 quorum
3377 3542 3723 3599 collationem

462 3632 530 3686 ab
562 3635 682 3702 ejus
712 3632 951 3685 amicitia
985 3634 1266 3704 petissem,
1308 3633 1838 3705 impetraturumque
1872 3633 2040 3689 fuisse
2065 3641 2214 3689 certe
2247 3634 2384 3701 scio,
2425 3649 2612 3690 verum
2637 3650 2801 3706 opere
2827 3638 2937 3706 jam
2966 3635 3252 3710 profligato
3286 3639 3434 3694 nolui
3460 3639 3728 3694 molestus

459 3743 582 3783 esse
609 3729 725 3782 viro
757 3728 978 3781 minime
1011 3727 1206 3784 Otioso.

540 3820 805 3874 l’nrterca
837 3832 1084 3890 superest
1117 3822 1168 3874 in
1199 3820 1464 3877 Parisina:
1492 3823 1655 3894 regiae
1695 3821 1817 3877 cod.
1856 3819 2018 3876 MDC!
2051 3820 2490 3888 membranacco,
2532 3822 3008 3889 Fontcblandensi,
3046 3824 3235 3881 folium
3282 3825 3525 3891 unicum,
3563 3827 3728 3894 cujus

463 3915 723 3970 lectiones
755 3927 877 3981 qua:
904 3913 1136 3988 variant,
1177 3913 1322 3969 dedi.
1371 3912 1567 3969 lisucm
1606 3912 1838 3968 fortasse
1882 3913 2130 3967 terminis
2169 3912 2480 3967 continetur
2517 3912 2880 3984 fragmentum
2912 3915 2979 3968 de
3017 3913 3243 3970 Francis
3291 3913 3724 3971 Laurentianum

465 4004 594 4068 LIX,
644 4006 729 4070 t7,
759 4007 814 4070 9,
849 4037 917 4048 —
951 4007 1039 4060 ubi
1065 4009 1118 4060 in
1149 4007 1283 4076 plut.
1317 4003 1550 4072 LXXIV,
1583 4007 1670 4072 l5,
1696 4006 1786 4072 61,
1817 4008 1964 4061 varia
1993 4021 2055 4061 ex
2079 4007 2323 4076 quinque
2353 4005 2510 4061 libris
2541 4015 2794 4076 excerpta
2820 4008 3073 4076 inveniri,
3105 4005 3384 4065 llarlesius
3418 4011 3723 4070 adnotatit,

465 4097 790 4152 llaudiuium
831 4109 1070 4165 secutus,
1116 4111 1223 4154 cat.
1257 4097 1416 4153 codd.
1449 4097 1541 4151 Gr.
1586 4098 1648 4164 ll,
1677 4116 1729 4170 p.
1769 4099 1912 4165 530;
1944 4097 2029 4163 Ill,
2063 4112 2116 4167 p.
2163 4097 2286 4162 tta,
2321 4099 2468 4168 quod
2519 4113 2656 4169 opus
2695 4099 2985 4170 inspicient
3033 4099 3234 4168 quibus
3273 4101 3369 4154 illo
3405 4097 3510 4153 frui
3559 4114 3728 4170 posse

463 4193 754 4258 t‘nttlittgil.

535 4285 846 4339 lladriamts
895 4284 1090 4338 Junius
1130 4282 1678 4337 Auimadrersiotuuu
1711 4281 1822 4345 |,-2,
1861 4294 1918 4334 nt
1961 4281 2267 4348 interpretis
2309 4282 2653 4336 oscitantiatn
2691 4293 2744 4336 et
2773 4282 3080 4338 vecordiam
3122 4282 3448 4348 confutaret,
3501 4285 3718 4352 aliquot

466 4380 707 4450 Agatbia:
733 4379 879 4431 locos
906 4376 1090 4431 Graece
1121 4375 1485 4443 transcripsit,
1518 4373 1699 4426 multis
1729 4372 1887 4426 anuis
1923 4382 2048 4426 ante
2082 4372 2378 4439 principem
2405 4373 2700 4427 editionem
2731 4373 2996 4429 Graecam.
3023 4375 3100 4428 Ac
3122 4375 3342 4444 planum
3369 4377 3588 4446 quidem
3618 4388 3704 4432 est

464 4469 686 4522 Junium
735 4468 902 4521 rideri
941 4483 999 4520 se
1038 4467 1115 4518 uti
1160 4465 1456 4534 exemplari
1491 4464 1680 4518 Grasco
1713 4463 1952 4517 voluisse
1984 4480 1998 4517 :
2030 4479 2152 4532 qua:
2183 4471 2362 4517 tamen
2397 4463 2570 4528 aﬂcrt,
2593 4479 2656 4518 ea
2689 4475 2883 4520 cuncta
2923 4481 2987 4520 ex
3022 4464 3187 4524 Suida
3221 4470 3502 4536 desumpta
3533 4482 3704 4528 sunt;

467 4566 827 4614 terminantur
853 4560 994 4613 enim
1031 4560 1188 4630 plane
1220 4558 1412 4612 iisdem
1447 4558 1645 4614 linibos
1673 4558 1873 4626 quibus
1909 4557 2051 4610 illius
2076 4566 2354 4627 excerpta,
2384 4557 2610 4628 ejusque
2653 4560 2975 4629 scripturam
3005 4562 3417 4618 dissentientem
3448 4581 3476 4616 a
3512 4567 3717 4620 codici-

469 4657 568 4710 bus
596 4661 1002 4721 repraesentant.

539 4747 821 4802 EditiOiu-s
852 4757 960 4796 trrs
988 4744 1124 4797 Gram
1144 4759 1226 4806 as,
1261 4760 1366 4811 qut-
1393 4743 1674 4812 hut-usque
1701 4731 2039 4812 prodierant,
2063 4758 2222 4810 supra
2254 4745 2306 4797 in
2329 4745 2653 4798 Pin-latione
2684 4745 2913 4799 iudicavi
2949 4764 2961 4800 :
2995 4746 3085 4800 tibi
3111 4748 3272 4801 (tiam
3299 4749 3364 4801 dc
3390 4749 3576 4803 Latina
3601 4767 3721 4804 vero

471 4842 622 4897 sione
650 4837 752 4906 egi.
795 4853 956 4905 quam
991 4835 1419 4903 tLItristupbotns
1451 4834 1712 4893 Persona.
1756 4833 1903 4901 prior
1934 4831 1993 4886 S.
2029 4829 2287 4902 llalhi'nre,
2317 4836 2552 4889 confecit
2582 4855 2593 4888 :
2625 4839 2718 4904 qui
2752 4838 2932 4891 itidem
2982 4849 3183 4907 partem
3225 4842 3482 4895 librorum
3518 4843 3692 4900 Proca

473 4936 543 5004 pii
579 4937 876 4988 transtulit.
907 4930 1039 4984 liam
1074 4944 1126 4984 In
1164 4927 1390 4982 Fabricii
1426 4928 1781 4992 Bibliotheca,
1811 4929 1880 4982 ab
1901 4927 2148 4984 llarlcsio
2178 4931 2474 5000 recognita,
2512 4934 2728 4986 invenio
2759 4934 3080 5004 impressam
3122 4952 3244 4990 esse
3277 4937 3459 4992 “MILO
3487 4957 3574 5010 :ip.
3598 4939 3715 4995 .lar.

468 5029 807 5085 Mazochium
849 5027 1004 5080 1516.
1041 5025 1133 5079 fol.
1181 5034 1460 5094 repetitam
1494 5022 1685 5080 deinde
1711 5023 1969 5094 Angusta:
2009 5023 2412 5081 Viudelicorum
2451 5043 2544 5096 per
2574 5027 2795 5098 Sigism.
2832 5030 3039 5085 Grinim
3077 5041 3129 5085 rt
3160 5032 3227 5086 Μ.
3270 5032 3529 5105 Wirsung
3563 5039 3716 5097 l5l9.

470 5121 525 5180 ι,
577 5129 630 5173 ct
664 5130 843 5188 postea
896 5135 1018 5172 cum
1055 5115 1320 5185 Procopio
1367 5125 1526 5184 atque
1574 5113 1871 5177 Jornandc,
1910 5117 2138 5186 aliisque
2169 5117 2343 5174 amnis
2392 5123 2697 5190 argumenti
2743 5122 2914 5185 libris.
2959 5125 3235 5192 pramissa
3284 5126 3421 5180 beati
3473 5128 3716 5182 ltbrnari

385 5273 389 5277 ,
471 5210 808 5282 praefatione.
845 5209 1067 5265 Basilem
1097 5229 1181 5278 ap.
1211 5210 1536 5281 llemigium
1575 5212 1732 5272 1531,
1765 5214 1859 5266 Μ.
1889 5224 1936 5266 ct
1968 5212 2137 5282 Lugd.
2176 5217 2332 5270 1591.
2369 5216 2401 5270 8
2432 5234 2447 5271 :
2478 5247 2545 5258 -—
2579 5219 2970 5274 dedicationem
3011 5218 3345 5276 Personam]
3388 5221 3598 5276 Sixtum
3630 5223 3691 5275 ιγ

469 5305 631 5358 Poni.
662 5300 732 5355 M.
758 5303 958 5356 editam
993 5318 1114 5357 isse
1148 5320 1198 5355 ιιι
1243 5303 1718 5358 disst-r'ationibus
1746 5302 1874 5356 Zeni
1922 5302 2052 5359 Voss

1243 5303 1718 5358 dissrr'ationibus
1746 5302 1874 5356 Zrui
1922 5302 2222 5371 Vossianis,
2262 5306 2322 5368 ΞΙ.
2366 5324 2418 5378 p.
2451 5308 2546 5365 Nl
2587 5342 2650 5352 -—
2684 5311 2803 5366 144.

538 5394 653 5460 Ego
686 5413 818 5450 usus
845 5413 964 5448 sum
1001 5397 1237 5450 rtlttione
1274 5413 1393 5465 qua:
1434 5412 1461 5448 a
1511 5395 1761 5448 Fabi-icio
1795 5396 1993 5449 dicitur
2026 5401 2293 5465 prodiisse
2325 5417 2469 5455 anno
2511 5401 2668 5466 l576,
2704 5403 2924 5460 Basilea
2949 5419 3036 5475 ap.
3067 5405 3125 5461 P.
3159 5406 3384 5462 Pernam
3414 5427 3426 5462 :
3467 5411 3557 5462 sed
3589 5411 3718 5462 anni

471 5509 656 5548 notam
689 5496 738 5545 in
767 5517 777 5542 t
802 5495 1012 5562 xcniplo
1046 5493 1190 5560 quod
1220 5494 1349 5546 Inibi
1383 5495 1533 5546 adest
1562 5492 1759 5545 lt-ustra
1789 5494 2034 5560 quzrsiii.
2070 5491 2139 5546 lb.
2170 5495 2412 5566 Agatliiae
2441 5500 2845 5568 praemittuntur
2867 5499 3121 5558 Zosimus
3150 5520 3180 5557 a
3206 5500 3548 5567 Leunclatio,
3583 5502 3717 5559 Pro-

645 5669 1077 5806 ἓξιιῖὲςιῑζίἒηι.
1107 5738 1222 5792 103.
1245 5735 1329 5792 Cf.
1354 5738 1584 5792 Iudicem
1604 5737 1774 5790 (it-mc.
1806 5755 1850 5792 ς.
1875 5755 1922 5794 r.
1952 5741 2144 5808 ζηλῶν).
2229 5743 2297 5812 te)
2339 5743 2473 5798 nm.
2518 5743 2554 5809 Ι,
2604 5746 2652 5809 7,
2682 5762 2732 5818 ρ,
2773 5747 2860 5803 ~23,
