4008 6148
429 334 3621 371 Μ

1201 497 1485 595 BON.
1549 504 1701 597 VU
1726 505 2125 597 LCANII
2204 506 2830 604 EPISTOLA.

1488 887 1839 932 ILLIJS’I'IIBUS
1864 891 2310 944 Αιηιίειιιεουι
2344 894 2508 942 “IIS.

1254 1208 1573 1254 ιιοιιιυιι
1603 1210 1674 1251 ιτ
1704 1209 2074 1263 πετηιςιι,
2101 1210 2317 1255 υοιιιιιε
2348 1209 2773 1253 ροτεκτιειιιιι.

452 1512 593 1571 Cum
626 1512 794 1571 vario
822 1512 940 1571 sint
975 1525 1123 1571 artes
1157 1530 1224 1571 ac
1261 1516 1523 1582 scientiae,
1558 1520 1805 1574 societati
1842 1519 2058 1592 generis
2095 1517 2320 1575 humani
2352 1517 2731 1576 conducibiles
2768 1535 2834 1576 ac
2855 1521 3196 1588 necessariae,
3250 1522 3491 1579 illustres
3538 1539 3653 1586 am-

382 1603 729 1677 piissimique
749 1603 874 1674 viri,
901 1607 1198 1664 maximam
1228 1609 1472 1679 proiecto
1490 1611 1702 1667 Iaudem
1744 1621 2025 1668 merentur
2052 1614 2089 1668 ii
2115 1612 2211 1684 qui
2234 1612 2302 1668 ad
2325 1628 2420 1669 cas
2460 1612 2851 1684 pordiscentlas
2878 1623 2934 1671 et
2961 1613 3027 1668 ad
3050 1613 3329 1683 publicano
3366 1616 3651 1673 utilitatem

381 1698 879 1757 accommodandus
908 1715 1075 1756 omne
1117 1715 1280 1758 suum
1318 1702 1561 1760 studium
1611 1713 1776 1777 atque
1808 1718 2032 1775 Operam
2082 1702 2399 1761 conferunt.
2447 1704 2703 1759 Proxima
2748 1713 2834 1760 est
2857 1718 3050 1762 eorum
3074 1706 3194 1762 laus
3237 1721 3473 1777 quorum
3499 1707 3654 1765 labor

377 1789 566 1846 omnis
590 1799 760 1862 atque
808 1789 1080 1847 industria
1110 1800 1365 1848 venatur
1402 1792 1459 1848 in
1492 1792 1696 1865 linguis
1740 1793 2174 1866 auctoribusque
2210 1792 2416 1864 quibus
2447 1792 2555 1849 illa:
2598 1793 2731 1863 ipsa
2757 1805 2903 1850 artes
2941 1803 3071 1850 sunt
3116 1802 3359 1851 tractatae
3384 1796 3655 1867 nobisque

380 1884 599 1943 tradita
618 1885 937 1944 excolendis
964 1895 1132 1959 atque
1152 1887 1513 1954 illustrandis,
1544 1890 1748 1961 quique
1774 1890 1859 1945 vel
1884 1897 2095 1947 veteres
2124 1889 2427 1960 scriptores
2453 1885 2676 1945 Gnaeos
2703 1903 2736 1943 e
2763 1890 2871 1945 situ
2895 1897 2950 1944 et
2996 1886 3257 1959 squalore
3283 1897 3484 1945 eruunt
3508 1899 3563 1946 et
3594 1892 3649 1946 in

377 1973 557 2029 luceat
586 1972 895 2045 proterunt,
936 1973 1021 2030 vel
1044 1973 1161 2044 jam
1189 1982 1349 2031 antea
1386 1976 1587 2042 editos,
1629 1977 1726 2032 sed
1756 1975 1899 2033 male
1933 1976 2003 2033 ab
2035 1976 2271 2052 indoctis
2302 1975 2697 2047 interpretibus
2729 1975 2969 2042 habitos,
2998 1977 3291 2050 reiingunt,
3329 1988 3385 2033 et
3415 1978 3653 2050 pristino

376 2079 591 2137 suoque
626 2063 790 2122 nitori
819 2065 1226 2138 iutegritstique
1248 2064 1561 2123 restituunt.
1586 2066 1745 2135 Quod
1774 2068 1997 2137 quidem
2030 2067 2275 2123 studium
2312 2066 2529 2123 tametsi
2555 2065 2627 2123 ob
2651 2066 2905 2138 exiguam
2932 2082 3056 2138 quae
3084 2068 3217 2124 inde
3244 2067 3469 2142 aﬂ’ulget
3506 2070 3644 2126 lucri

375 2169 529 2225 spem
550 2168 855 2227 perpaucos
883 2154 1047 2211 hodie
1071 2156 1237 2212 habet
1259 2165 1561 2213 sectatores
1592 2157 1862 2229 (plerique
1891 2158 2040 2214 enim
2071 2171 2166 2213 eas
2196 2166 2342 2214 artes
2371 2165 2680 2227 sequuntur
2703 2172 2737 2211 e
2763 2157 2969 2228 quibus
3001 2155 3178 2215 facilis
3205 2167 3291 2214 est
3327 2160 3395 2215 ad
3431 2175 3565 2231 opes
3592 2169 3648 2217 et

374 2248 617 2304 honores
644 2248 887 2323 cursus),
923 2249 1058 2307 mihi
1092 2259 1296 2319 amen,
1325 2252 1420 2323 qui
1448 2251 1759 2308 studion
1796 2253 2114 2325 dignitatem
2147 2269 2258 2309 non
2287 2254 2503 2323 privato
2532 2262 2770 2324 quaestu.
2806 2252 2906 2310 sed
2933 2254 3151 2325 publica
3191 2253 3427 2311 utilitate
3457 2258 3640 2312 metiri

374 2339 552 2404 soleo,
581 2339 812 2398 miriﬁce
830 2355 1049 2413 semper
1080 2343 1307 2414 placuit.
1337 2343 1637 2403 Utilitatem
1673 2360 1802 2401 vero
1819 2360 1986 2416 quam
2021 2348 2125 2402 hoc
2163 2336 2543 2414 studii'genus
2566 2360 2753 2402 secum
2782 2345 2951 2402 trahit
2977 2345 3138 2418 longe
3166 2346 3466 2402 maximam
3493 2350 3645 2420 quis,

374 2429 632 2496 obsecro,
658 2438 745 2487 est
770 2432 910 2489 adeo
948 2431 1105 2489 rudis
1130 2442 1193 2489 ut
1216 2433 1273 2488 in
1308 2433 1540 2491 dubium
1572 2436 1768 2492 vocet?
1790 2435 1850 2492 Si
1876 2437 2025 2491 enim
2056 2436 2163 2493 hoc
2194 2437 2249 2491 in
2280 2432 2541 2493 confesso
2561 2446 2648 2493 est
2676 2450 2745 2492 ex
2782 2446 3028 2494 veterum
3056 2435 3375 2493 Graecorum
3410 2437 3651 2494 fontibus

374 2524 681 2582 doctrinam
712 2542 933 2585 omnem
978 2542 1104 2586 esse
1133 2529 1531 2599 hauriendam;
1565 2534 1691 2604 quis
1726 2547 1836 2588 non
1863 2533 2013 2589 videt
2055 2534 2250 2605 quanti
2297 2534 2513 2590 intersit
2551 2541 2613 2589 ut
2642 2533 2720 2588 illi
2756 2533 2860 2604 ipsi
2888 2530 3070 2591 tanta
3103 2532 3228 2605 puri
3254 2541 3419 2604 atque
3451 2532 3648 2587 lllirnes

373 2617 806 2676 conserventur?
830 2618 1180 2693 Quantopere
1218 2637 1348 2680 vero
1374 2639 1471 2680 eos
1490 2626 1879 2681 contaminarit
1898 2637 2065 2696 atque
2088 2624 2344 2696 polluerit
2368 2640 2558 2682 crassa
2588 2624 2977 2681 nonnullorum
3009 2626 3370 2696 interpretum
3404 2624 3651 2686 inscitia.

373 2719 539 2762 nemo
574 2718 661 2764 est
690 2710 856 2767 cnam
884 2710 1029 2767 intra
1082 2708 1517 2770 mediocritatem
1566 2713 1763 2770 doctus
1788 2717 1882 2785 qui
1922 2715 2169 2783 nesciat;
2200 2716 2458 2786 sensique
2486 2716 2603 2786 ipse
2627 2730 2755 2773 cum
2793 2717 2850 2771 in
2896 2718 3018 2773 aliis
3060 2716 3249 2773 multis
3292 2716 3640 2789 auctoribus,

378 2802 499 2853 tum
528 2813 659 2855 vero
686 2801 958 2872 praeipue
983 2802 1038 2858 in
1073 2801 1263 2877 Cyrilli
1292 2805 1648 2863 Alexandrini
1670 2806 1976 2871 Thesauro,
1996 2817 2053 2863 et
2078 2807 2281 2864 divinis
2301 2808 2412 2863 illis
2436 2808 2508 2863 de
2530 2805 2803 2864 Trinitate
2833 2808 3013 2875 libris,
3043 2807 3099 2863 in
3124 2807 3328 2880 quibus
3357 2806 3499 2862 nihil
3530 2806 3650 2860 fere

370 2901 615 2959 unaue
642 2888 832 2965 Cyrilli
855 2904 1052 2966 prater
1076 2898 1282 2953 nudum
1307 2898 1455 2956 illius
1482 2914 1705 2956 nomen.
1734 2900 1887 2957 Hanc
1907 2901 2094 2974 itaque
2116 2902 2395 2973 Spartam,
2421 2910 2482 2958 ut
2512 2901 2585 2956 ita
2612 2901 2815 2968 dicam,
2846 2901 3201 2974 linguarium,
3222 2901 3329 2957 hoc
3358 2906 3446 2958 est
3476 2900 3650 2955 inter-

372 2985 623 3055 putandi
642 2987 864 3047 Grtecos
887 3002 1141 3049 auctores
1164 3002 1223 3049 et
1248 2994 1305 3049 in
1335 2994 1586 3051 Latinam
1608 2996 1850 3069 linguam
1874 2999 2225 3056 convertendi
2260 2998 2549 3065 rationem,
2573 2996 2739 3054 veluti
2761 2999 2925 3072 genio
2951 3008 3268 3069 naturaeque
3288 3011 3424 3053 mea
3443 3009 3647 3053 conve-

373 3077 703 3135 niention
732 3082 905 3138 semel
935 3083 1244 3154 amplexus,
1275 3086 1403 3143 dedi
1423 3100 1646 3159 Operam
1680 3089 1946 3147 hactenus
1979 3099 2039 3146 ut
2066 3106 2166 3163 pro
2198 3090 2339 3146 virili
2370 3102 2663 3159 ornarem;
2693 3099 2750 3147 et
2781 3088 3004 3160 quidem
3046 3106 3154 3145 non
3183 3104 3358 3160 pauca
3396 3099 3644 3145 veterum

373 3182 674 3229 auctorum
712 3174 1043 3249 theolqica,
1080 3179 1484 3253 philosophica,
1515 3181 1774 3239 historica
1796 3186 2120 3256 poeticaque
2143 3185 2347 3256 scripta
2371 3186 2569 3256 partim
2597 3193 2758 3241 antea
2791 3199 2899 3241 non
2930 3186 3075 3241 edita
3107 3183 3302 3241 Latine
3331 3184 3491 3250 verti,
3517 3197 3646 3253 par-

374 3261 471 3317 lita
501 3262 649 3319 edita
694 3264 941 3335 quidem,
972 3267 1071 3324 sed
1116 3269 1190 3325 ita
1222 3281 1286 3325 ut
1315 3270 1627 3338 ἁνεκδότοις
1656 3273 1941 3342 ἐναλίγκια

2113 3276 2184 3331 ito
2222 3277 2437 3332 censeri
2482 3284 2728 3347 possent,
2762 3289 2902 3330 nova
2945 3275 3395 3348 interpretatione
3421 3273 3643 3337 donavi,
3692 3309 3696 3313 ς

370 3368 483 3410 non
508 3355 714 3427 exiguo
739 3357 819 3413 uti
845 3372 1009 3428 spero
1027 3361 1108 3416 rei
1138 3361 1418 3420 litterariz
1440 3364 1608 3422 bono.
1644 3361 1887 3423 Tametsi
1914 3383 1982 3421 ex
2019 3367 2089 3422 iis
2115 3368 2389 3438 quaedam,
2422 3368 2610 3423 nescio
2632 3382 2744 3439 quo
2773 3368 2919 3424 malo
2947 3366 3082 3433 lato,
3121 3381 3325 3436 magno
3349 3374 3497 3421 certe
3521 3378 3646 3420 meo

370 3460 497 3505 eum
524 3446 735 3518 dolore,
764 3467 944 3525 neque
972 3455 1184 3513 minore
1212 3471 1344 3515 eum
1390 3459 1742 3517 incommodo
1779 3461 2020 3532 publico.
2053 3477 2379 3532 summoque
2406 3463 2705 3518 multorum
2728 3464 3184 3523 doctissimon
3214 3462 3457 3540 virorum
3495 3460 3645 3517 desi—

369 3540 548 3606 derio,
596 3550 745 3599 totos
764 3544 881 3617 ja-
921 3546 1237 3617 quindeoim
1276 3562 1453 3608 annos
1490 3552 1637 3623 apud
1686 3555 2087 3625 typographum
2144 3554 2235 3610 cui
2267 3568 2332 3609 ea
2376 3553 2695 3612 excutienda
2745 3552 3000 3609 dederam
3040 3553 3265 3609 harent.
3310 3550 3469 3608 Nunc
3511 3566 3645 3608 vero

371 3632 661 3705 Agathiam
714 3637 1038 3697 historicum
1070 3642 1341 3714 optimum
1373 3646 1471 3717 qui
1512 3644 1808 3703 Iustiniani
1861 3648 2207 3718 imperatoris
2238 3660 2326 3702 res
2369 3654 2551 3718 gestas
2589 3656 2716 3717 post
2752 3647 3083 3718 Procopium
3113 3644 3509 3703 Caesariensem
3551 3651 3645 3699 est

370 3736 717 3796 persecutus,
738 3727 929 3788 Graec
957 3742 1087 3789 ante
1117 3734 1220 3791 bac
1248 3751 1529 3808 nunquam
1554 3739 1698 3810 typis
1725 3739 1956 3806 editum,
1985 3740 2040 3794 in
2071 3739 2248 3795 lucem
2278 3739 2511 3805 emitto;
2546 3737 2857 3809 Agathiam,
2886 3740 3136 3809 inquam,
3162 3738 3340 3793 virum
3368 3750 3486 3792 sua
3511 3742 3647 3789 arm?

370 3818 446 3875 tis
474 3817 881 3889 doctissimum,
913 3824 1119 3896 quique
1169 3841 1316 3887 unus
1339 3828 1490 3886 illam
1523 3829 1723 3901 sum
1751 3830 2000 3901 εὑιπίην,
2032 3831 2138 3886 hoe
2166 3842 2253 3887 est
2283 3831 2536 3901 poeticen
2585 3845 2711 3886 cum
2767 3831 3031 3897 oratoria,
3079 3831 3155 3887 ita
3213 3827 3522 3900 ednjunxit,
3586 3838 3650 3879 u-

369 3910 602 3969 dubiutu
624 3913 707 3973 sit
727 3915 786 3972 in
821 3927 943 3974 utra
971 3919 1146 3992 magis
1174 3920 1530 3991 aceﬂuerit;
1561 3923 1620 3979 in
1657 3931 1890 3993 utraque
1925 3932 2075 3979 certe
2108 3936 2217 3977 non
2263 3923 2487 3979 dubiam
2512 3922 2582 3979 de
2620 3924 2881 3979 omnibus
2910 3923 2998 3979 sui
3032 3923 3131 3978 aevi
3161 3920 3524 3993 scriptoribus
3554 3918 3638 3971 vi-

369 4010 603 4065 ctoriam
634 4012 950 4085 reportavit.
985 4013 1030 4071 E
1066 4015 1229 4085 cujus
1278 4016 1521 4074 editione
1548 4018 1849 4090 plurimum
1886 4028 1943 4075 et
1987 4016 2241 4074 Historia:
2283 4028 2339 4073 et
2384 4017 2590 4075 Grecae
2631 4020 2832 4091 lingua:
2860 4017 3182 4076 incrementi
3224 4015 3644 4083 ornamentique

368 4108 455 4157 est
479 4114 856 4162 accessurum.
885 4104 1023 4161 Cum
1053 4107 1203 4163 enim
1242 4106 1390 4163 varia
1420 4107 1851 4179 qravissimaque
1876 4107 2014 4164 bella
2039 4108 2305 4163 adversus
2349 4108 2805 4178 populosissimas
2835 4108 3357 4178 potentissimusque
3376 4108 3641 4162 nationes.

372 4186 616 4251 Francos
659 4195 892 4262 scilicet,
918 4196 1173 4267 Gottbos,
1201 4196 1495 4267 Vandalus,
1522 4196 1750 4254 “annos
1773 4210 1830 4255 et
1851 4197 2052 4255 Persas
2077 4207 2230 4271 gesta
2256 4199 2564 4259 describat;
2596 4207 2709 4253 tum
2734 4214 2863 4255 vero
2889 4198 2958 4254 de
2982 4211 3178 4255 eorum
3201 4197 3450 4253 moribus
3478 4204 3643 4265 atque

372 4284 660 4355 institutis,
690 4295 760 4344 ae
794 4288 1068 4362 praecipue
1100 4291 1168 4347 de
1198 4288 1547 4348 Persicon
1580 4305 1771 4364 regum
1807 4290 2121 4362 geneaIOgia
2152 4305 2218 4346 ac
2259 4289 2470 4361 politia,
2507 4290 2677 4344 multa
2707 4299 3105 4346 commemorat
3139 4290 3281 4345 scitu
3321 4287 3641 4358 dignissima

372 4392 497 4449 qua
534 4379 676 4450 apud
697 4380 837 4437 alios
856 4384 1155 4454 scriptores
1180 4398 1453 4454 nusquam
1478 4383 1844 4452 reperiantur.
1881 4379 2071 4453 Stylus
2094 4382 2211 4452 ipse
2243 4382 2406 4451 plane
2437 4393 2523 4437 est
2550 4380 2781 4438 ﬂoridus
2807 4392 2971 4453 atque
3003 4394 3281 4447 alumnus,
3304 4380 3491 4435 multis
3517 4394 3644 4435 sen-

374 4470 669 4528 tentiarum
704 4472 1007 4531 luminibus
1035 4475 1365 4531 illustratus.
1402 4474 1596 4532 Verbis
1633 4485 1765 4529 vero
1794 4474 1963 4529 utitur
1990 4473 2392 4539 selectissimis,
2413 4482 2470 4528 et
2502 4472 2819 4544 frequenter
2846 4489 2878 4529 a
2915 4476 3197 4529 communi
3240 4488 3339 4527 usu
3370 4486 3437 4527 ac
3465 4470 3643 4541 signi-

372 4560 633 4619 ﬁcatione
666 4565 932 4634 remotis;
964 4565 1103 4622 adeo
1133 4573 1194 4623 ut
1224 4564 1426 4623 Suidas
1448 4566 1682 4637 diligens
1708 4563 2142 4638 glossograpbus
2174 4563 2516 4635 potissimam
2540 4561 2728 4619 Lexici
2755 4564 2841 4619 sui
2876 4573 3083 4633 partem
3122 4578 3188 4618 es
3221 4563 3384 4633 hujus
3420 4561 3643 4631 scriptis

369 4655 734 4712 concinnarit.
762 4657 921 4714 Hunc
962 4658 1150 4731 itaque
1168 4658 1455 4731 Agatbiam
1486 4659 1812 4731 scriptorem
1846 4656 2368 4723 luculentissimum,
2398 4671 2561 4727 quem
2601 4657 2733 4712 olim
2764 4656 3007 4713 Persona
3046 4656 3122 4711 ita
3169 4656 3429 4711 lutularat
3457 4669 3523 4710 ac
3545 4655 3638 4708 de.

373 4746 658 4815 formarat,
695 4756 758 4805 ut
797 4748 1113 4822 quicunque
1155 4765 1283 4807 eum
1319 4752 1612 4824 attingeret
1649 4749 1849 4806 merito
1897 4748 2230 4805 exclamaret
2254 4766 2268 4802 :
2293 4749 2500 4820 Aquam
2540 4747 2824 4812 manibus;
2861 4748 3223 4822 εὐπρόσωπον
3273 4750 3643 4818 nitidioreque

374 4838 565 4896 habitu
595 4851 629 4895 a
658 4853 747 4897 me
776 4839 1039 4897 donatum
1068 4840 1262 4908 vobis,,
1298 4840 1543 4898 illustres
1563 4840 2001 4912 amplissimique
2024 4838 2152 4905 viri,
2183 4841 2381 4894 merito
2412 4840 2821 4895 inscribendum
2852 4840 3259 4911 dicandumque
3285 4840 3596 4896 existimavi
3624 4860 3634 4871 -

375 4927 635 4997 primum,
668 4928 816 5000 quod
843 4944 911 4984 ex
936 4938 1119 4986 vestra
1140 4929 1422 4986 academia
1451 4930 1506 4986 in
1543 4930 1723 4986 lucem
1758 4929 2027 5002 prodeat;
2056 4930 2113 4984 in
2141 4945 2249 5000 qua
2275 4944 2403 4985 cum
2427 4929 2542 4998 jam
2574 4930 2838 4987 tredecim
2870 4929 3090 4987 circiter
3119 4945 3299 4988 annos
3322 4942 3509 4987 vestro
3547 4932 3642 4987 be-

374 5020 571 5077 neﬂcio
609 5019 1004 5078 honestissimo
1037 5022 1143 5080 hoc
1184 5022 1303 5078 otio
1341 5022 1612 5079 litterario
1638 5023 1814 5091 fruar,
1848 5022 2196 5079 vehementer
2222 5038 2311 5078 me
2358 5023 2692 5081 ollicio'tneo
2722 5023 3041 5079 defuturum
3074 5025 3279 5095 putavi,
3305 5025 3410 5079 nisi
3450 5025 3640 5079 darem

373 5126 598 5184 operam
624 5122 687 5170 ut
701 5123 943 5170 exstaret
977 5115 1253 5185 publicum
1278 5115 1501 5189 aliquod
1534 5115 1833 5187 singularis
1857 5131 1997 5173 mea
2009 5131 2137 5189 erga
2162 5132 2263 5172 vos
2288 5117 2649 5173 observantia:
2678 5118 2929 5189 gratique
2957 5117 3126 5173 animi
3168 5129 3589 5173 monumentum
3618 5137 3635 5175 .-

373 5209 595 5273 deiudc,
629 5210 779 5275 quod
802 5223 912 5263 non
963 5208 1247 5280 indignum
1279 5210 1435 5265 vobis
1461 5209 1564 5264 hoc
1610 5210 2001 5265 munusculum
2042 5207 2364 5277 litterarium
2396 5211 2719 5275 indicarem,
2750 5224 2875 5264 cum
2907 5208 2978 5265 ob
3001 5217 3283 5264 auctorem
3326 5210 3510 5280 ipsum
3541 5214 3630 5280 qti

376 5301 523 5372 apud
544 5302 737 5358 doctos
762 5316 955 5358 omnes
979 5317 1198 5358 summo
1226 5318 1443 5375 semper
1481 5301 1586 5358 fuit
1615 5302 1670 5356 in
1701 5304 1874 5373 pretio
1896 5344 1909 5368 ,
1936 5313 2053 5358 tum
2076 5316 2206 5359 vero
2234 5304 2415 5376 magni
2443 5301 2588 5359 illius
2615 5301 2963 5372 imperatoris
2997 5301 3159 5372 cujus
3189 5302 3473 5363 historiam
3501 5304 3635 5359 scrio

378 5394 458 5450 bit
486 5395 741 5461 nomine;
763 5393 818 5449 in
840 5410 948 5465 qua
968 5396 1190 5465 quidem
1224 5396 1452 5452 historia
1473 5395 1647 5451 multa
1677 5397 2101 5451 conscribuntur
2130 5398 2409 5464 sapienter
2445 5395 2514 5450 ab
2539 5395 2633 5450 illo
2662 5394 3067 5464 prudenterque
3094 5396 3420 5465 excogitata,
3444 5392 3677 5449 felicis-.

378 5492 626 5565 simeque
644 5493 918 5564 perfecta;
946 5506 979 5547 e
995 5492 1200 5565 quibus
1217 5492 1501 5560 nonnulla,
1526 5492 1604 5547 uti
1629 5504 1812 5564 spero,
1839 5493 1892 5548 in
1922 5508 2054 5547 usus
2079 5501 2292 5561 vestros
2329 5500 2647 5547 convertere
2680 5489 2925 5560 poteritis
2950 5490 3019 5546 ad
3042 5489 3479 5545 ﬂorentissimam
3500 5506 3643 5545 rem-

380 5583 658 5654 publicam
681 5593 922 5641 vestram
951 5585 1333 5641 stabiliendam
1371 5595 1427 5642 et
1457 5585 1699 5643 nominis
1722 5586 1889 5642 vestri
1919 5585 2311 5650 celebritatem,
2355 5598 2478 5653 qum
2502 5600 2687 5640 rerum
2735 5599 2836 5654 pro
2862 5584 3111 5640 libertate
3136 5584 3333 5639 luenda
3370 5591 3645 5653 gestarum

379 5677 755 5747 magnitudine
787 5677 953 5748 longe
981 5677 1198 5750 lateque
1228 5685 1313 5735 est
1351 5687 1669 5749 propagata,
1706 5678 1893 5750 magis
1919 5677 2207 5751 magisque
2238 5675 2564 5748 augendam.
2607 5674 2739 5731 libi
2773 5675 2976 5733 interea
2998 5676 3132 5733 nihil
3159 5676 3364 5746 gratius
3400 5675 3647 5732 accidere

382 5771 608 5849 ,ioterit,
636 5785 804 5843 quam
831 5771 880 5830 si
914 5769 1213 5845 intelligam
1242 5770 1485 5828 studium
1508 5770 1613 5830 hoc
1649 5784 1837 5829 meum
1863 5769 2040 5841 vobis,
2089 5769 2329 5827 illustres
2364 5768 2797 5842 amplissimique
2827 5768 2950 5833 viri,
2982 5767 3200 5839 probari
3226 5785 3240 5835 ;
3276 5782 3644 5838 tnagnumquo
