4008 6148
319 295 462 364 1325

1501 284 2043 350 HISTORIARL'M
2070 282 2297 345 LIBER
2325 286 2375 346 Ι.

3425 284 3559 350 13526

315 414 441 479 τοὺς
471 413 670 478 ἵππους
700 408 1055 482 ἀναθορόντες
1078 401 1241 479 (ἦσαν
1261 405 1319 460 δέ
1352 404 1542 477 ἄνδρες
1578 406 1638 469 ἐς
1667 415 1890 477 τριακο-

2015 416 2096 458 ron
2137 400 2251 472 jam
2290 400 2531 472 palantes
2559 402 2789 474 sparsim
2820 403 3175 475 vagabantur,
3205 417 3380 474 neque
3418 402 3563 458 arbi-

316 506 466 570 σίους
497 505 565 577 ⁸⁸)
598 503 962 576 ἐφωμάρτουν
986 517 1047 556 τε
1073 501 1169 554 καί
1193 498 1495 568 ἐπήλαυνον
1526 498 1612 550 ίθὺ
1647 496 1755 550 τῶν
1789 512 1886 550 πο-

315 596 539 668 λεμίων.
571 596 639 651 0i
661 593 717 649 δέ
750 592 1014 657 ἐσιδόντες
1052 590 1250 654 αὐτοὺς
1294 590 1570 656 ἐπιόντας,
1615 588 1890 659 σποράδην

320 689 422 763 μὲν
439 688 625 744 οὐκέτι
655 687 884 758 ἠλῶντο,
914 683 1058 747 οὐδὲ,
1090 680 1264 755 οἶμαι,
1289 682 1392 752 τῆς
1424 681 1574 746 λείας
1613 680 1889 752 ἐμέμνην-

317 800 381 837 το
405 782 448 814 ⁵⁸
467 797 483 813 ·
508 778 826 853 ἠθροίζοντο
849 778 908 833 δέ
932 777 1026 831 ἐπὶ
1053 777 1195 847 σφᾶς
1215 774 1474 840 ἅπαντες,
1502 772 1565 827 τό
1584 789 1643 827 τε
1670 771 1892 826 ἱππικὸν

318 872 416 928 καὶ
436 871 488 926 ei
519 869 697 936 πεζοὶ,
737 870 834 925 καὶ
868 871 925 932 ἐς
956 867 1213 936 φάλαγγα
1242 864 1638 931 ξυνετάττοντο·
1671 861 1891 934 βαθεῖαν

324 965 425 1036 μὶν
453 961 571 1018 οὕτε
591 961 736 1034 μάλα
758 960 899 1034 (πῶς
923 959 1030 1032 γάρ
1051 952 1166 1013 οἷόν
1190 974 1253 1012 τε
1275 952 1345 1029 ἦν
1367 956 1431 1011 οὐ
1456 956 1659 1027 σφόδρα
1685 953 1892 1010 πολλῶν

320 1054 488 1113 αὐτοῦ
518 1054 864 1127 ἀφιγμένωνς
883 1055 927 1119 ),
950 1049 1225 1126 καρτερὰν
1253 1050 1310 1106 δέ
1346 1048 1497 1122 ὅμως
1526 1048 1607 1121 τῷ
1637 1064 1893 1103 συνασπι-

324 1149 448 1221 σμῷ
479 1148 573 1203 καὶ
610 1145 689 1218 τῷ
716 1146 785 1201 τά
816 1144 956 1216 κέρα
976 1144 1037 1197 ἐν
1073 1142 1265 1214 κόσμῳ
1289 1139 1716 1195 συννενευκέναι.
1745 1141 1806 1193 υἱ
1836 1140 1893 1194 δὲ

335 1241 595 1312 Ῥωμαῖοι
636 1238 826 1311 ἐπειδὴ
861 1239 920 1302 ἐς
942 1235 1103 1302 τόξου
1131 1252 1195 1305 γε
1220 1235 1322 1307 ήδη
1352 1232 1515 1306 βολην
1550 1233 1892 1303 ἐγεγένηντο,

325 1333 555 1406 ἐμμίξαι
589 1331 690 1404 μέν
723 1331 819 1386 καὶ⁵
847 1328 1116 1401 συρράξαι
1143 1329 1257 1391 τοῖς
1293 1325 1574 1396 πολεμίοις
1613 1319 1674 1379 εὖ
1718 1342 1896 1395 παρα-

325 1425 679 1497 τεταγμένοις
713 1425 911 1498 ηκιστα
937 1420 1104 1492 ᾤοντο
1134 1419 1354 1494 χρῆναι,
1385 1417 1683 1489 τοξεύμασι
1717 1417 1774 1472 δέ
1803 1416 1897 1472 καὶ

325 1519 710 1590 ἀκοκηίσμασιν
770 1512 1263 1587 ἀκροϐολιζόμενοι,
1330 1511 1630 1585 ἐπειρῶντο
1696 1510 1897 1581 σφῆλαι

325 1613 453 1673 τοὺς
480 1608 887 1680 πρωτοστάτας,
912 1605 1009 1660 καὶ
1037 1603 1327 1678 διαρρῆξαι
1355 1601 1455 1676 τὴν
1499 1602 1776 1659 πύκνωσιν
1801 1600 1897 1656 τοῦ

331 1699 602 1772 μετώπου.
647 1697 787 1753 Ἀλλ’
813 1698 1007 1751 ἐκεῖνοι
1042 1696 1161 1761 ταῖς
1195 1694 1419 1751 ἀσπίσιν
1444 1694 1640 1766 ἄριστα
1666 1710 1896 1765 περιπε-

328 1790 635 1864 φραγμένοι
665 1791 733 1854 ⁸⁸,
770 1789 987 1843 ἵσταντο
1006 1787 1302 1858 ἀστεμφεῖς
1331 1784 1427 1840 καὶ
1449 1785 1714 1857 ἀδόνητοι,
1742 1784 1899 1840 οὐδα-

333 1880 433 1955 μοῦ
478 1882 538 1935 τδ
574 1880 794 1951 συνεχές
842 1879 942 1951 τῆς
984 1876 1191 1943 τάξεως
1237 1875 1592 1939 διασπῶντες,
1637 1877 1760 1929 ἐπεὶ
1804 1876 1900 1931 καὶ

330 1974 463 2045 ὕλης
492 1972 634 2036 τινὸς
662 1971 854 2034 λασίας
898 1972 1251 2044 κυρήσαντες,
1280 1967 1469 2041 ὥσπερ
1508 1966 1741 2039 ἐρύματι
1789 1969 1901 2032 τοῖς

1991 501 2107 548 tror
2136 493 2333 565 prada:
2361 508 2631 551 memores
2660 505 2834 558 erant,
2868 496 2961 551 sed
2989 495 3238 565 protinus
3263 510 3382 550 sese
3407 496 3561 565 equi-

1991 594 2074 642 tes
2121 586 2442 658 peditesque
2487 598 2922 662 congregarunt,
2968 597 3023 644 et
3060 590 3118 643 in
3159 604 3326 644 unum
3373 604 3564 658 agmen

1990 689 2452 749 composuerunt;
2481 696 2589 736 non
2618 682 2838 752 quidem
2869 682 2997 736 illud
3024 682 3250 737 densum
3282 680 3395 752 (qui
3420 683 3564 735 enim

1990 770 2104 827 fieri
2118 785 2349 842 poterat,
2365 787 2490 831 cum
2510 789 2618 830 non
2640 776 2933 831 admodum
2959 774 3113 830 multi
3128 789 3194 830 eo
3214 774 3568 841 venissent?).

1989 866 2229 921 validum
2252 874 2453 933 tamen,
2476 881 2602 924 cum
2623 877 2862 926 scutatos
2884 869 3025 924 inter
3048 884 3106 923 se
3125 876 3403 925 consertes
3419 869 3538 937 equi
3552 897 3571 908 -

1992 967 2109 1014 tum
2139 958 2239 1015 alae
2269 960 2564 1032 cingerent.
2603 962 2831 1018 Romani
2871 976 2998 1018 vero
3032 977 3156 1017 eum
3177 962 3288 1033 jam
3314 963 3454 1015 intra
3482 962 3572 1015 teli

1989 1050 2194 1122 iactum
2241 1053 2654 1125 pervenissent,
2684 1070 2878 1113 manus
2921 1056 3140 1128 quidem
3190 1070 3479 1112 conserere
3520 1064 3574 1108 et

1994 1146 2284 1217 conﬂigere
2306 1163 2429 1203 cum
2461 1149 2712 1205 hostibus
2740 1151 3005 1207 instructa
3032 1151 3149 1206 acie
3177 1150 3447 1207 stantibus
3476 1163 3574 1203 ne-

1995 1254 2270 1310 quaquam
2308 1240 2566 1312 expedire
2597 1242 2937 1311 censebant;
2976 1244 3188 1316 sagittis
3225 1258 3355 1298 vero
3396 1252 3449 1297 et
3487 1242 3573 1311 ja-

1995 1331 2135 1387 culis
2166 1332 2456 1388 velitantes
2476 1334 2707 1404 primam
2736 1335 2907 1390 aciem
2926 1333 3254 1390 labefactare
3272 1333 3574 1403 frontisque

1995 1423 2317 1481 densitatem
2349 1425 2661 1498 diﬂ'ringcre
2690 1426 3054 1483 conabantur.
3083 1425 3154 1486 At
3186 1426 3261 1482 illi
3286 1442 3410 1481 eum
3439 1426 3577 1481 inter

1996 1529 2055 1570 se
2084 1517 2255 1572 sentis
2280 1517 2484 1588 optime
2519 1528 2704 1576 essent
2731 1519 3045 1591 constipati,
3087 1518 3227 1574 firmi
3258 1518 3578 1589 immotique

1999 1604 2236 1674 stabant,
2268 1609 2527 1681 nullaque
2561 1624 2627 1667 ex
2659 1618 2811 1683 parte
2837 1610 2975 1669 aciei
3007 1612 3323 1669 continuum
3354 1610 3576 1668 convel-

1999 1694 2218 1767 lebant;
2255 1701 2525 1772 siquidem
2565 1714 2619 1759 et
2651 1704 2877 1761 densam
2916 1705 3205 1777 quamdam
3242 1706 3433 1761 silvam
3483 1719 3579 1759 ua.

1998 1788 2075 1845 eti
2097 1830 2113 1853 ,
2142 1793 2430 1851 arboribus
2460 1805 2520 1851 ut
2548 1796 2692 1851 vallo
2726 1797 3040 1854 utebantur.
3088 1796 3209 1853 lant
3250 1811 3377 1852 vero
3413 1797 3580 1851 etiam

2003 1880 2235 1939 telorum
2261 1885 2412 1955 jactu
2444 1902 2504 1943 se
2528 1887 2843 1954 tuebantur,
2866 1902 2988 1958 quas
3011 1887 3184 1960 patria
3212 1886 3452 1958 ipsorum
3476 1886 3582 1940 lin-

2007 1990 2110 2045 gua
2141 1990 2382 2048 auscltes
2414 1989 2703 2037 vocantur.

330 2069 567 2142 δένδροις
590 2065 676 2141 [9ο
697 2065 793 2139 541
819 2066 1077 2138 ἐχρῶντο.
1104 2064 1244 2137 Ἤδη
1269 2063 1328 2119 δὶ
1351 2064 1577 2127 καὶτοῖς
1600 2062 1841 2131 ἄγγωσιν
1859 2063 1907 2098 ⁸⁵
1941 2065 2210 2139 ἠμύνοντο
2277 2074 2581 2145 βάλλοντεςο
2616 2077 2760 2132 οὕτω
2800 2078 2910 2151 γὰρ
2955 2078 3139 2141 αὐτοῖς
3210 2077 3277 2132 τὰ
3314 2074 3586 2149 ἐπιχώρια

332 2164 535 2237 δόρατα
567 2162 972 2234 ἐπωνόμασται.

403 2260 511 2332 ιβ’.
564 2259 655 2325 Ὠς
703 2257 762 2313 δέ
814 2256 966 2312 οὐδὲν
1012 2256 1399 2326 ἐπημαίνοντο,
1456 2255 1909 2328 διαλογισάμενος

336 2352 555 2408 ἅπαντα
578 2351 610 2406 ό
637 2350 883 2424 Ναρσῆς,
916 2348 1256 2423 βαρϐαρικήν
1279 2364 1404 2403 τινα
1440 2349 1772 2421 στρατηγίαν
1816 2349 1911 2404 καὶ

341 2443 544 2517 μᾶλλον
596 2444 710 2506 τοῖς
773 2440 994 2505 οὖννοις
1064 2438 1510 2511 μεμελετημένην
1577 2440 1908 2511 ἐμηχανᾶτο.

352 2536 604 2593 Ἐκέλευε
643 2534 751 2609 γάρ
787 2536 916 2599 τοὺς
944 2533 1081 2605 ἀμφ’
1100 2532 1264 2589 αὐτὸν
1292 2531 1628 2604 στρέψαντας
1651 2533 1721 2587 τὰ
1743 2532 1927 2603 νῶτα,¹

340 2631 399 2695 ἐς
419 2630 492 2686 τά
514 2629 689 2685 ὀπίσω
715 2630 1018 2700 ἀναχωρεῖν
1046 2624 1448 2699 προτροπάδην,
1482 2625 1558 2691 ὥς
1578 2626 1644 2696 δὴ
1673 2625 1911 2692 δεδιότας

343 2725 439 2778 καὶ
475 2721 795 2792 φεύγοντας,
830 2720 925 2774 καὶ
957 2718 1303 2773 ἐκκαλεῖσθαι
1335 2718 1461 2783 τοὺς
1494 2718 1808 2789 Βαρδάρους
1835 2719 1911 2782 ὡς

342 2811 618 2867 ἀπωτάτω
652 2808 754 2880 τῆς
782 2810 958 2881 νάπης
996 2808 1101 2862 ἀνά
1133 2807 1204 2863 τά
1238 2806 1371 2879 ψιλὰ
1397 2805 1495 2862 τοῦ
1529 2807 1733 2867 πεδίον
1761 2807 1913 2879 αὐτῷ

342 2908 455 2978 γάρ
491 2904 560 2958 τά
600 2901 763 2957 λοιπά
792 2901 896 2972 ἐφη
930 2901 1204 2973 μελήσειν.
1232 2900 1343 2955 Καὶ
1367 2902 1414 2953 οἱ
1447 2901 1543 2972 μὲν
1572 2900 1714 2955 κατά
1740 2899 1912 2956 ταῦτα

347 2996 585 3059 ἐποίουν,
611 2996 705 3050 καὶ
727 2994 952 3065 ἔφευγον
976 2994 1024 3026 ⁸⁵
1046 3011 1062 3028 ο
1104 2993 1155 3047 οἱ
1188 2993 1245 3048 δέ
1270 2995 1509 3066 Φράγγοι
1539 2996 1606 3065 τῇ
1640 2996 1785 3066 φυγῇ
1825 2992 1914 3059 ἐξ·-

346 3086 707 3162 ηπατημίνοι,
737 3085 834 3140 καὶ
860 3084 1056 3156 ἀληθὲς
1077 3086 1137 3139 τὸ
1157 3085 1271 3150 δέος
1295 3081 1433 3140 εἶναι
1455 3085 1912 3158 ὑποτοπήσαντες,

350 3180 549 3236 αὐτίκα
579 3177 870 3251 θαρραλέοι
892 3178 994 3249 τήν
1022 3195 1083 3231 τε
1117 3177 1373 3248 φάλαγγα
1392 3176 1665 3244 διέλυσαν,
1695 3177 1790 3232 καὶ
1812 3176 1916 3247 τῆς

351 3268 485 3344 ὕλης
516 3270 872 3338 ὕπεκδάντες,
897 3271 957 3335 ἐς
976 3269 1076 3342 τὴν
1096 3269 1277 3337 δίωξιν
1303 3268 1610 3341 ἠπείγοντο.
1635 3270 1744 3323 Καὶ
1768 3269 1916 3340 πρῶ-

351 3381 436 3420 τοι
472 3364 572 3438 μὲν
610 3362 821 3432 ἐξέθεον
848 3363 901 3418 οι
935 3361 1181 3418 ίππόταιο
1209 3363 1427 3418 εἵποντο
1452 3364 1509 3418 δὲ
1552 3363 1647 3418 καὶ
1678 3363 1786 3417 τῶν
1818 3382 1918 3418 πε-

2088 2258 2180 2315 29.
2228 2256 2369 2313 Cum
2407 2258 2590 2328 itaque
2633 2257 2765 2313 nihil
2796 2256 2982 2312 damni
3025 2256 3353 2326 acciperent,
3385 2254 3586 2312 Narses

2010 2354 2194 2411 omnia
2222 2367 2406 2409 secum
2439 2362 2720 2422 reputans,
2757 2350 3049 2406 barbarum
3080 2348 3354 2420 quoddam
3388 2358 3588 2404 strata-

2008 2461 2164 2520 gema
2195 2453 2252 2502 et
2277 2441 2492 2500 Hunnis
2518 2442 2696 2513 magis
2737 2441 2996 2498 usitatum
3030 2442 3382 2510 excogitavit.
3412 2438 3588 2497 Jussit

2009 2538 2154 2596 enim
2190 2551 2318 2592 suos
2345 2544 2491 2607 terga
2518 2543 2789 2591 vertentes
2811 2540 3112 2589 retrorsum
3131 2533 3455 2589 concitatius
3476 2533 3582 2606 σι

2011 2628 2163 2691 ferri.
2188 2627 2357 2684 veluti
2384 2626 2578 2683 timore
2595 2624 2874 2699 perculsos
2885 2623 3194 2697 ’fttgamque
3212 2638 3586 2697 capessentes.

2014 2732 2075 2779 ut
2109 2722 2319 2779 scilicet
2344 2732 2407 2776 ea
2441 2719 2653 2775 ratione
2696 2716 2912 2774 barbari
2956 2732 3120 2788 quam
3169 2718 3532 2775 remotissime
3556 2734 3589 2774 e

2015 2813 2149 2870 silva
2182 2813 2236 2866 in
2254 2819 2502 2884 apertum
2519 2824 2773 2881 campum
2797 2815 3155 2866 crearentur
3173 2828 3187 2865 :
3214 2810 3423 2882 reliqua
3441 2812 3589 2866 enim

2015 2906 2120 2964 sibi
2150 2918 2298 2963 cura:
2325 2903 2442 2960 fore
2464 2903 2619 2960 dixit.
2658 2901 2825 2975 Atqui
2855 2902 2911 2958 hi
2938 2901 3155 2971 quidem
3183 2911 3242 2959 ut
3269 2902 3586 2960 mandatum

2013 2995 2095 3050 eis
2126 3001 2267 3061 erat,
2302 2992 2488 3064 fugam
2523 2993 2872 3064 arripuerunt
2899 3010 2914 3061 ;
2953 2992 3147 3050 Franci
3181 3008 3311 3050 vero
3343 2994 3466 3068 fuga
3497 2995 3594 3053 deo

2015 3087 2157 3160 cepti
2180 3095 2235 3142 et
2263 3102 2451 3144 verum
2491 3087 2742 3143 timorem
2765 3101 2886 3144 esse
2920 3090 3047 3154 rati,
3077 3086 3366 3145 confestim
3392 3089 3590 3145 animis

2016 3182 2158 3254 pleni
2182 3180 2354 3237 aciem
2374 3179 2615 3246 solvunt,
2643 3181 2890 3252 silvaque
2910 3182 3138 3253 egressi,
3159 3180 3430 3252 fugientes
3448 3181 3591 3238 acri-

2018 3282 2098 3329 ter
2120 3274 2503 3343 insequuntur;
2528 3285 2592 3329 ac
2618 3271 2779 3342 primi
2805 3272 3026 3343 quidem
3053 3272 3340 3329 evolarunt
3356 3272 3588 3343 equites,

2018 3365 2389 3437 sequebantur
2417 3380 2546 3421 vero
2574 3379 2637 3420 ex
2681 3365 2955 3436 peditibus
2996 3374 3269 3438 quotquot
3307 3366 3504 3423 robore
3538 3378 3595 3423 et

353 3455 462 3522 ζῶν
485 3454 672 3511 ὁπόσοι
710 3453 1076 3528 ἀλκιμώτατοι
1113 3457 1205 3508 καὶ
1245 3454 1531 3520 ποδώκειςο
1564 3456 1653 3510 καὶ
1681 3455 1913 3520 ἅπαντες

2021 3458 2217 3529 pedum
2248 3456 2526 3515 celeritate
2552 3459 2790 3516 maxime
2821 3458 3091 3524 valebant;
3118 3473 3416 3531 omnesque
3434 3474 3592 3517 acer-

351 3549 586 3621 ἀφειδῶς
614 3550 661 3584 ⁸³
693 3550 984 3613 ἐνέκειντο,
1013 3549 1090 3615 ὡς
1133 3548 1297 3604 αὑτὸν
1332 3549 1397 3621 δή
1434 3566 1538 3604 που
1573 3549 1667 3605 τὸν
1695 3550 1913 3620 Ναρσῆν

2020 3552 2158 3607 rimc
2186 3566 2300 3608 rem
2333 3552 2619 3624 urgebant,
2646 3559 2906 3622 tanquam
2934 3550 3213 3608 Narsetem
3245 3551 3426 3622 ipsum
3452 3552 3594 3623 jam-

352 3641 552 3697 αὐτίκα
583 3641 732 3714 μάλα
755 3641 1133 3714 ζωγρήσοντες
1166 3640 1234 3707 ⁸⁸,
1262 3643 1359 3696 καὶ
1394 3641 1542 3714 πόνῳ
1595 3641 1688 3709 ξὺν
1729 3641 1920 3715 βραχεῖ

355 3735 530 3805 πέρας
556 3733 745 3791 εὐκτὸν
773 3733 1120 3804 ὲπιθήσοντες
1143 3733 1342 3789 ἅπαντι
1368 3733 1443 3804 τῷ
1468 3734 1707 3805 πολέμῳ.
1736 3734 1843 3789 Καὶ
1868 3735 1919 3788 οῖ

359 3826 460 3899 μὲν
490 3826 786 3897 εὐκοσμίας
827 3826 1044 3898 ἀπάσης
1071 3826 1505 3898 ἐπιλελησμένοι,
1547 3826 1712 3899 χύδην
1734 3845 1796 3881 τε
1828 3828 1921 3882 καὶ

358 3919 643 3990 ἀφύλακτα
683 3919 940 3990 ἐχώρουν,
972 3916 1263 3987 γεγηθότες
1304 3919 1399 3973 καὶ
1430 3919 1791 3989 εὐωχούμενοι
1822 3918 1922 3983 τῆς

359 4012 592 4075 ἐλπίδος.
620 4010 683 4064 Οί
715 4010 772 4064 δὲ
805 4009 1058 4079 Ῥωμαῖοι
1094 4012 1197 4067 ἀνὰ
1244 4012 1312 4067 τά
1353 4011 1541 4081 πρόσω
1585 4012 1842 4083 ἐφέροντο
1877 4011 1921 4042 ⁸⁷

360 4103 675 4175 ἀφειμένοις
718 4104 827 4166 τοῖς
858 4100 1066 4167 ἵπποις,
1109 4103 1274 4177 φαίης
1316 4121 1378 4158 τε
1421 4103 1489 4158 ἂν
1537 4105 1733 4168 αὐτοὺς
1780 4103 1925 4176 ἔργῳ

360 4194 657 4268 τρέσαντας
682 4193 958 4260 ἀλεείνειν,
990 4192 1132 4248 οὕτω
1154 4193 1219 4266 δή
1245 4213 1297 4248 τι
1327 4195 1373 4226 ⁸⁸
1393 4194 1664 4264 ἐγγύτατα
1688 4193 1781 4248 τοῦ
1803 4195 1926 4265 ἀλη-

363 4289 489 4355 θοῦς
533 4289 592 4343 τὸ
620 4288 846 4344 δεδιέναι
885 4286 1261 4359 ὑπεκρίνοντο.
1297 4285 1452 4341 Ἐπεὶ
1475 4286 1533 4341 δὲ
1575 4287 1627 4340 οῖ
1660 4284 1926 4359 βάρϐαροι

365 4384 424 4439 ἰν
449 4383 640 4457 γυμνῷ
667 4382 769 4454 ήδη
795 4380 870 4454 τῷ
908 4380 1074 4451 πεδίῳ
1095 4379 1495 4446 ἐσκεδάννυντο,
1534 4378 1633 4450 τῆς
1679 4379 1810 4451 ὕλης
1853 4380 1928 4444 ὡς

367 4475 703 4550 πορρωτάτω
752 4471 1215 4536 ἀποσπασθέντες,
1263 4475 1385 4526 τότε
1434 4471 1498 4545 δὴ
1562 4470 1777 4543 ἀθρόον,
1833 4471 1929 4526 τοῦ

369 4569 675 4643 στρατηγοῦ
714 4571 1076 4642 σημήναντος,
1117 4566 1540 4640 ἐπιστρέψαντες
1582 4567 1631 4621 οῖ
1671 4567 1933 4638 Ῥωμαῖοι

368 4665 492 4729 τοὺς
524 4664 744 4728 ίππους,
772 4662 868 4716 καὶ
890 4663 947 4726 ἐς
974 4659 1230 4717 τάναντία
1262 4660 1402 4729 σφᾶς
1437 4657 1629 4722 αὐτοὺς
1661 4657 1931 4726 ἐξελίξαν-

369 4775 479 4825 τες,
540 4755 868 4826 ὑπηντίαζον
917 4756 1029 4819 τοῖς
1076 4752 1364 4809 διώκουσιν
1406 4752 1792 4824 ἀντιμέτωποι,
1840 4751 1934 4807 καὶ

373 4852 619 4910 ἅπαντας
641 4847 719 4919 τῷ
735 4847 1121 4921 ἀπροσδοκήτῳ
1155 4846 1715 4919 καταπεπληγμένους
1744 4845 1935 4899 ἔπαιον

372 4931 605 5012 ἀφειδῶς
637 4941 731 4994 καὶ
766 4938 1057 5007 ἀντὼθουν,
1086 4939 1182 4993 καὶ
1210 4941 1267 5003 ἐς
1296 4935 1554 5003 παλίωξιν
1594 4940 1662 4991 τὲ
1696 4937 1790 5009 τῆς
1834 4955 1935 5007 φυ-

374 5037 475 5106 γῆς
530 5030 846 5105 μετεχώρει.
883 5032 946 5086 Οἱ
983 5030 1083 5103 μὲν
1114 5026 1206 5085 οὖν
1239 5032 1461 5085 ἱππόται
1503 5029 1611 5084 τῶν
1645 5030 1936 5102 βαρϐάρων

378 5125 780 5195 ξυναισθὸμενοι
804 5122 898 5177 τιιῦ
926 5123 1276 5194 περιστάντος
1300 5122 1563 5187 κινδύνου,
1595 5124 1687 5178 καὶ
1709 5123 1938 5194 τάχιστα

378 5220 736 5292 ἐκδραμόντες
764 5218 867 5272 ἀνά
888 5217 983 5290 τὴν
1010 5216 1139 5286 ὓλην
1168 5213 1322 5281 αὖθις
1345 5217 1439 5269 καὶ
1473 5217 1534 5269 τὸ
1591 5218 1740 5286 σφῶν
1774 5235 1938 5289 στρα-

2014 3642 2130 3716 iam
2162 3642 2347 3700 vivum
2385 3644 2637 3715 capturi,
2678 3653 2734 3700 et
2770 3644 2919 3699 nullo
2933 3643 3062 3700 ~fere
3092 3646 3311 3716 negotio
3345 3652 3593 3716 optatum

2020 3738 2183 3794 tinem
2210 3737 2310 3793 toti
2332 3736 2472 3793 bello
2499 3737 2826 3809 imposituri.
2853 3737 3029 3808 Atque
3056 3736 3112 3792 bi
3136 3737 3358 3807 quidem
3384 3736 3594 3793 ordinis

2021 3831 2203 3886 omnis
2231 3829 2383 3884 obliti
2415 3830 2647 3900 sparsim
2680 3829 2928 3900 niliilque
2957 3828 3062 3885 sibi
3090 3839 3346 3885 caventes
3368 3844 3596 3899 procur-

2022 3925 2209 3980 rebant
2237 3962 2253 3988 ,
2296 3922 2593 3994 gaudentes
2635 3921 2886 3994 bonaque
2928 3936 3026 3993 spe
3071 3937 3192 3979 sese
3240 3922 3594 3980 oblectantes.

2024 4011 2255 4070 Romani
2292 4027 2421 4070 vero
2450 4010 2638 4069 cﬂ‘usis
2675 4013 2904 4068 habenis
2939 4014 3006 4067 ad
3039 4012 3312 4068 anteriora
3348 4011 3597 4069 ferebauo

2026 4114 2151 4162 tur:
2185 4104 2396 4161 diceres
2430 4112 2578 4161 certe
2611 4118 2707 4160 eos
2752 4120 2812 4162 re
2846 4104 2961 4176 ipsa
3002 4103 3358 4161 formidantes
3390 4104 3599 4176 fugere,

2026 4198 2160 4255 adeo
2181 4197 2428 4270 proxime
2444 4210 2571 4251 vero
2592 4210 2845 4269 pavorem
2867 4197 3215 4254 simulabant.
3238 4196 3599 4267 Posteaquam

2026 4305 2158 4347 vero
2186 4288 2401 4345 barbari
2421 4290 2535 4360 jam
2561 4303 2656 4360 per
2675 4288 2880 4345 ttudum
2903 4304 3155 4361 campum
3178 4289 3408 4360 dispersi
3436 4306 3599 4359 quam

2029 4383 2348 4456 longissime
2378 4397 2408 4437 a
2438 4382 2572 4438 silva
2601 4392 2786 4439 essent
2805 4381 3003 4450 avulsi,
3027 4393 3138 4438 tum
3173 4398 3299 4439 vero
3317 4381 3603 4441 confestim

2030 4476 2313 4549 signoper
2352 4474 2636 4532 Narsetem
2677 4476 2828 4541 dato,
2865 4474 3098 4531 Romani
3140 4477 3418 4532 conversis
3449 4477 3606 4545 equis

2031 4567 2088 4624 in
2109 4568 2371 4624 adversos
2396 4582 2519 4624 sese
2537 4566 2891 4639 explicantes,
2915 4568 3367 4638 persequentibus
3384 4568 3438 4622 in
3463 4567 3610 4623 fron-

2035 4669 2142 4718 tem
2173 4667 2550 4725 occurrerunt,
2576 4666 2631 4714 et
2661 4658 2716 4713 in
2743 4657 3029 4715 universos
3061 4658 3341 4729 inepiuato
3372 4659 3447 4713 rei
3480 4674 3608 4728 per-

2036 4753 2221 4809 culsos
2249 4752 2430 4807 caesim
2460 4751 2813 4821 punctimque
2845 4749 3159 4814 saviebant,
3193 4759 3354 4819 atque
3381 4750 3455 4805 ita
3484 4748 3609 4819 iuga

2040 4846 2173 4918 ipsis
2221 4848 2274 4899 in
2321 4843 2753 4921 persecutionem
2798 4843 2917 4898 vice
2961 4857 3115 4899 versa
3153 4843 3339 4899 cessit.
3390 4844 3613 4913 Equites

2041 4941 2223 5011 itaque
2250 4936 2613 5000 barbarorum
2646 4951 2757 4992 non
2787 4935 2982 5008 ignari,
3013 4951 3126 5008 quo
3154 4936 3207 4991 in
3240 4936 3481 5008 periculo
3508 4950 3618 4992 ter.

2042 5038 2323 5094 sareutur‘,
2346 5045 2509 5101 quam
2533 5029 2815 5085 celerrime
2831 5029 2940 5101 ea
2962 5028 3028 5083 ad
3050 5028 3240 5085 silvam
3275 5029 3617 5101 reliquasque

2042 5125 2226 5195 copias
2256 5120 2607 5192 refugientes.
2637 5122 2868 5178 salutent
2910 5122 3014 5177 sibi
3055 5130 3277 5176 strenua
3311 5120 3435 5192 fuga
3467 5136 3618 5190 qum-

2048 5217 2294 5280 sierunt;
2328 5214 2535 5285 pedites
2567 5227 2695 5268 vero
2722 5214 2950 5284 turpiter
2979 5212 3126 5278 caesi,
3157 5228 3279 5268 cum
3308 5230 3373 5266 ne
3398 5227 3614 5266 manum

382 5309 617 5372 τόπεδον,
645 5308 866 5377 ἄσμενοι
898 5304 1259 5369 ἀπεσὼζοντο.
1294 5308 1356 5362 υἱ
1377 5308 1433 5361 δὲ
1465 5307 1619 5373 πεζοὶ
1644 5309 1912 5363 ἐκτείνσντ

2050 5308 2268 5380 quidem
2302 5305 2483 5362 tuendi
2519 5306 2602 5360 sui
2634 5321 2799 5361 causa
2830 5316 3127 5366 moverent,
3152 5304 3427 5373 inopinata
3456 5305 3619 5358 vicis-

381 5400 610 5465 ἀκλεῶς,
639 5401 773 5472 μηδὲ
801 5402 957 5470 χεῖρα
989 5403 1155 5461 κινεῖν
1187 5401 1538 5465 ὑποστάντες,
1571 5401 1706 5457 ἀλλά
1726 5403 1803 5474 τῷ
1838 5421 1945 5458 πα-

384 5491 595 5563 ραλόγῳ
623 5488 717 5566 τῆς
744 5488 1039 5560 μεταῶλῆς
1068 5488 1380 5559 τεθηπότες,
1409 5491 1500 5543 καὶ
1525 5486 1635 5544 οἷον
1666 5492 1945 5562 παράφρο-

2051 5399 2292 5456 sitttdine
2332 5397 2662 5453 consternati
2704 5404 2759 5450 et
2798 5396 3202 5465 quodammodo
3238 5404 3413 5450 tuente
3454 5395 3621 5463 capti.

2052 5489 2255 5547 Omnes
2299 5490 2480 5560 itaque
2521 5489 2754 5560 sparsim
2790 5488 3063 5558 jacebaut,
3100 5488 3265 5543 veluti
3310 5503 3470 5543 suum
3511 5486 3625 5541 fere

1664 5606 1896 5666 VARIE
1954 5607 2341 5668 LECTIONES

457 5698 552 5771 ⁶⁰ἐ
614 5697 1067 5771 τριακοσίους-κ,
1103 5698 1159 5761 ἐς
1182 5699 1305 5771 τοὺς
1354 5715 1443 5770 τρ.
1496 5700 1638 5769 vulg.

389 5769 456 5828 ﬂ.
489 5769 651 5840 πεφρ.
686 5771 830 5839 vulg.

1717 5701 1757 5776 ξι
1803 5702 2130 5776 ἐμέμνηντο,
2178 5699 2551 5776 Sic__c¢1rrexi_.
2590 5698 2925 5776 ἐγίγνοντοῑῖ
2956 5698 3174 5776 el_vu_l_g.
3253 5700 3297 5731 "

906 5768 951 5842 f’
967 5768 1205 5842 antoth
1223 5767 1288 5824 ﬂ.
1363 5767 1410 5804 “
1437 5767 1666 5839 ἔφευγον
1700 5769 1764 5835 Β,
1809 5767 2016 5842 ιφυγωῐ
2040 5773 2187 5842 vulg.

388 5854 576 5903 σαντες
606 5836 674 5900 ii.
746 5836 799 5872 ’τ’
825 5841 1100 5911 ἐφέροντο.
1139 5836 1304 5911 ιιιιιπ.
1330 5836 1801 5897 αάὰίίΑήηιίιηιιιι
1834 5836 2032 5902 ceratis.
2109 5836 2314 5898 ⁶⁶ὀῦτω
2339 5841 2402 5917 δή
2433 5858 2484 5897 τι
2513 5836 2578 5910 ιι,
2612 5839 2758 5895 οὕτω
2783 5839 2846 5910 δὴ
2874 5840 3019 5912 vulg.

2266 5770 2311 5804 ⁸⁸
2360 5769 2464 5824 Pro
2513 5769 2744 5838 ἀφειδῶς
2782 5769 2821 5821 ιι
2858 5786 2965 5833 mg.
3005 5770 3242 5839 α’ρόϐιοις.
