4054 6208
384 354 515 419 12m

1529 356 2059 417 HISTORIARUNI
2094 353 2321 414 LIBER
2363 351 2434 412 ΙΙ.

3500 341 3636 406 Ῑῧυδ

379 480 469 526 νος
514 463 611 516 καὶ
658 463 846 533 μένειν
885 464 1059 536 ἠξίου,
1111 467 1161 520 οἱ
1213 466 1268 519 δέ
1317 467 1536 537 ἄμεινον
1580 465 1719 523 εἶναι
1765 469 1948 536 σφίσιν

2066 466 2198 517 :tiam
2240 478 2347 515 non
2396 460 2665 522 ferentes,
2698 455 2988 512 confestim
3030 454 3156 508 inde
3191 467 3252 511 se
3290 459 3631 520 receperunt-

383 554 633 626 ἡγοῦντο,
665 558 951 622 ἐπιϐάντες
975 558 1135 629 μόνον
1162 559 1270 613 τῶν
1303 560 1627 631 Ῥωμαϊκῶν
1649 560 1832 632 ὁρίων,
1863 560 1954 614 αὑ·-

379 651 530 713 τίκα,
552 646 696 703 οὕτω
719 652 1020 722 παρασχὸν,
1046 654 1139 706 καὶ
1159 653 1432 719 τεθνάναι,
1463 654 1497 726 ἢ
1530 654 1780 726 μένοντες
1806 658 1953 724 παρὰ

384 741 623 809 Πέρσαις
660 740 768 795 τῶν
802 741 1073 814 μεγίστων
1100 743 1276 813 γερῶν
1307 745 1756 818 μεταλαγχάνειν.
1798 746 1959 805 Οὕτω

381 850 442 887 τε
487 834 725 898 ἅπαντες
771 835 954 889 οἴκαδε
1001 835 1400 906 ἀπενόστησαν,
1449 837 1663 909 χαίρειν
1711 838 1953 900 εἰπόντες

382 928 449 996 τῇ
477 924 570 979 τοῦ
594 924 873 997 βαρϐάρου
905 926 1204 998 φιλοξενίᾳ.
1247 927 1561 983 Ἀπώναντο
1592 929 1650 983 δέ
1676 929 1825 999 ὅμως
1853 929 1954 995 τῆς

386 1016 671 1087 ἐκδημίας,
717 1018 820 1071 οὐκ
864 1019 922 1071 ἐν
962 1017 1156 1090 βραχεῖ
1186 1035 1291 1072 τινι
1327 1019 1420 1072 καὶ⁵
1445 1019 1800 1090 ὴμελημένῳ,
1837 1019 1953 1072 ἀλλ’

384 1106 508 1160 ὅθεν
539 1108 722 1172 αὐτοῖς
745 1108 774 1161 ό
801 1108 996 1180 ἐφεξῆς
1024 1109 1138 1180 βίος
1167 1111 1248 1174 είς
1280 1110 1341 1163 τὸ
1364 1108 1609 1182 θυμῆρές
1639 1128 1697 1163 τε
1720 1112 1811 1164 καὶ
1843 1110 1956 1180 ῆδι-

390 1215 514 1253 στον
557 1199 1004 1271 ἀπετελεύτησεν.
1053 1199 1271 1273 Ἐπειδὴ
1306 1199 1416 1272 γὰρ
1463 1201 1584 1256 κατ’
1636 1202 1812 1255 ἐκεῖνο
1860 1198 1953 1252 τοῦ

393 1290 586 1360 χρόνου
629 1288 888 1361 Ῥωμαῖοί
922 1308 982 1344 τε
1018 1292 1111 1346 καὶ
1139 1292 1344 1364 Πέρσαι
1372 1292 1602 1357 σπονδὰς
1651 1291 1832 1346 ἔθεντο
1862 1292 1955 1346 καὶ

391 1378 680 1453 ξυνθήκας,
706 1381 872 1452 μέρος
897 1383 1106 1456 ὑπῆρχε
1132 1385 1238 1439 τῶν
1263 1387 1384 1438 κατ’
1413 1385 1583 1448 αὐτας
1607 1385 1955 1457 ἀναγεγραμ-

390 1471 591 1541 μένων,
630 1473 694 1526 τὸ
722 1472 833 1528 δεῖν
860 1476 1100 1540 ἐκείνους
1132 1478 1257 1541 τοὺς
1282 1478 1482 1548 ἄνδρας
1507 1477 1586 1540 είς
1616 1476 1684 1530 τὰ
1714 1476 1954 1548 σφέτερα

388 1561 493 1632 ῆθη
521 1564 803 1629 κατιόντας
834 1565 1098 1636 βιοτεύειν
1122 1567 1294 1631 ἀδεῶς
1328 1568 1573 1623 τολοιπὸν
1602 1569 1687 1637 ἐφ’
1718 1569 1952 1636 ἑαυτοῖς,

388 1653 539 1706 οὐδὲν
577 1654 756 1708 ὁτιοῦν
801 1658 945 1729 πέρα
974 1658 1083 1713 τῶν
1111 1659 1408 1717 δοκούντων
1448 1666 1684 1731 φρονεῖν,
1723 1666 1757 1737 ἦ
1788 1680 1953 1736 μετα-

391 1742 608 1796 ϐάλλειν
627 1743 727 1814 τὴν
755 1745 1015 1818 πατρῴαν
1042 1748 1200 1816 δόξαν
1230 1751 1725 1824 ἀναγκαζομένους.
1750 1756 1823 1808 Οὐ
1844 1755 1953 1828 γὰρ

2054 556 2213 626 Atqui
2250 553 2405 627 133
2438 552 2528 607 ille
2564 565 2660 607 eos
2693 550 3003 615 adamabat,
3044 556 3212 617 utque
3241 553 3522 599 manerent
3549 560 3637 598 ro-

2054 651 2253 719 gabat;
2282 648 2383 718 ipsi
2424 660 2552 701 vero
2584 642 2761 714 magis
2783 657 2849 697 ex
2870 656 2936 697 re
2969 654 3068 697 sua
3095 652 3217 694 esse
3241 636 3556 699 censebant,
3590 638 3633 692 si

2053 742 2134 794 vel
2167 739 2428 795 immissis
2458 747 2667 794 tantum
2700 736 2754 790 in
2799 733 3173 790 Romanorum
3215 729 3350 784 lines
3382 728 3635 798 pedibus,

2054 836 2260 901 statim,
2290 833 2336 890 si
2368 832 2440 888 ita
2474 848 2576 889 usu
2605 830 2834 894 veniret,
2864 834 3209 882 morerentur
3229 839 3394 895 quant
3420 823 3466 877 si
3494 822 3636 891 apud

2053 928 2251 982 Persas
2279 932 2564 981 manentes
2583 920 2939 990 amplissimis
2965 917 3269 972 honoribus
3292 914 3640 984 praemiisque

2055 1019 2417 1074 afﬁcerentur.
2442 1018 2619 1086 Atque
2641 1015 2713 1069 ita
2738 1027 2928 1069 omnes
2948 1012 3171 1066 domum
3190 1008 3489 1072 redierunt,
3517 1006 3641 1059 bar-

2056 1112 2173 1165 bari
2205 1111 2347 1182 regis
2375 1108 2748 1181 hospitalitate
2768 1105 2948 1160 valere
2968 1103 3145 1173 jussu.
3174 1100 3433 1158 Fructum
3459 1108 3637 1154 tamen

2056 1219 2121 1258 ex
2159 1219 2222 1258 ea
2258 1200 2697 1274 peregrinatione
2732 1198 3035 1254 retulerunt
3068 1196 3120 1249 in
3166 1209 3225 1249 re
3263 1192 3489 1248 minime
3520 1190 3638 1243 vul-

2056 1296 2170 1366 μή
2194 1304 2288 1350 aut
2312 1292 2745 1359 contemnenda;
2770 1291 2862 1346 sed
2891 1288 3036 1344 unde
3058 1288 3141 1342 eis
3163 1285 3420 1353 deinceps
3443 1284 3642 1352 jucun—

2056 1388 2281 1445 dissime
2310 1401 2407 1457 per
2439 1401 2656 1441 omnem
2684 1384 2852 1437 vitam
2883 1390 2937 1436 et
2965 1395 3032 1434 ex
3070 1377 3234 1433 animi
3262 1374 3528 1431 sententia
3560 1376 3639 1426 rio

2057 1495 2181 1535 vere
2213 1481 2390 1536 licuit.
2435 1478 2572 1534 Cum
2619 1477 2765 1532 enim
2809 1490 2908 1545 per
2952 1473 3003 1528 id
3048 1482 3261 1540 tempus
3308 1468 3541 1523 Romani
3589 1475 3643 1520 et

2057 1570 2238 1628 Persa:
2269 1585 2456 1642 pacem
2493 1585 2559 1626 ac
2588 1567 2766 1624 fmdus
2802 1567 2941 1619 inter
2980 1578 3101 1619 sese
3129 1558 3484 1630 pepigissent,
3528 1557 3642 1609 Inrc

2056 1667 2218 1721 etiam
2254 1665 2309 1718 in
2343 1662 2515 1735 pactis
2545 1660 2789 1718 conditio
2816 1655 3222 1717 continebatur,
3250 1651 3395 1723 quod
3433 1650 3532 1704 viri
3567 1648 3643 1701 illi

2060 1756 2127 1812 ad
2154 1772 2284 1813 suas
2313 1755 2470 1812 sedes
2498 1752 2702 1809 reversi
2743 1750 2877 1807 citra
2914 1748 3083 1801 ullum
3120 1754 3326 1800 metum
3370 1745 3424 1798 iu
3459 1752 3643 1813 poste-

388 1834 592 1904 ἀνῆκεν
618 1839 647 1891 ὁ
684 1838 930 1912 Χοσρὸης
961 1839 1036 1913 μὴ
1058 1841 1179 1914 οὐχὶ
1206 1844 1299 1897 καὶ
1333 1844 1426 1898 ἐπὶ
1453 1845 1591 1916 τῷδε
1625 1848 1667 1878 ¹⁷
1700 1850 1960 1921 συστῆναι

2066 1865 2182 1905 rum
2206 1849 2281 1904 ibi
2307 1849 2503 1919 degere
2524 1852 2767 1916 possent,
2795 1855 2971 1911 neque
2992 1837 3287 1910 quidquam
3308 1850 3472 1906 quam
3497 1832 3641 1903 quod

389 1927 481 1982 καὶ
509 1933 731 2002 κρατεῖν
772 1932 872 2004 τὴν
896 1934 1223 2006 ἐκεχειρίαν.
1252 1936 1478 2005 Λέγεται
1503 1937 1563 1992 δὲ
1595 1940 1781 2004 αὐτοῖς
1817 1942 1960 1998 κατὰ

387 2025 487 2090 τὴν
505 2022 843 2109 ἀποπορείαν
867 2025 1169 2096 θαυμάσιόν
1187 2045 1241 2082 τι
1257 2028 1443 2100 ἡλίκον
1461 2030 1556 2084 καὶ
1578 2033 1795 2103 μνήμης
1809 2032 1958 2098 ἄξιον

389 2110 789 2184 ξυνενεχθῆναι.
824 2116 1240 2183 Καταλύσαντες
1267 2120 1379 2193 γάρ
1405 2123 1463 2175 ἐν
1496 2122 1650 2194 ἀγρῷ
1678 2141 1785 2177 τινι
1817 2125 1958 2195 Περ-

389 2202 546 2274 σικῷ,
578 2203 873 2261 ἐθεάσαντο
907 2208 1069 2279 σῶμα
1096 2211 1291 2281 νεκρὸν
1331 2212 1620 2286 ἀνθρώπου
1651 2214 1956 2280 νεώανοῦς,

388 2292 534 2348 οὕτω
562 2309 681 2360 πως
703 2298 909 2368 ἄταφον
941 2300 1294 2373 ἐρριμμένον.
1324 2306 1386 2358 Οί
1411 2303 1465 2358 δὲ
1489 2304 1586 2376 τὴν
1614 2307 1959 2377 παρανομίαν

387 2383 483 2440 τοῦ
522 2387 861 2459 βαρϐαρικοῦ
888 2391 1051 2462 νόμον
1084 2395 1527 2466 κατελεήσαντες,
1565 2399 1660 2452 καὶ
1687 2398 1785 2469 οὐχ
1814 2398 1961 2455 ὅσιον

388 2471 532 2530 εἶναι
564 2479 856 2550 ἡγούμενοι
897 2482 1157 2554 περιιδεῖν
1185 2484 1246 2536 τὸ
1277 2483 1439 2556 μέρος
1475 2487 1834 2559 ἀδικουμένην
1864 2491 1960 2562 τὴν

391 2567 573 2639 φύσιν.
607 2571 981 2642 περιέστειλάν
1018 2591 1075 2627 τε
1113 2573 1174 2628 τὸ
1199 2576 1355 2645 σῶμα
1382 2576 1425 2609 ¹⁶
1453 2577 1528 2640 ὡς
1555 2570 1667 2633 οἷόν
1699 2597 1757 2635 τε
1784 2576 1851 2651 ἦν
1876 2582 1962 2636 διὰ

390 2659 501 2711 τῶν
540 2658 908 2730 θεραπόντων,
936 2663 1031 2718 καὶ
1068 2668 1132 2736 τῇ
1177 2669 1245 2739 γῇ
1285 2667 1698 2741 καταχώσαντες
1731 2673 1959 2744 ἔθαψαν.

405 2746 492 2810 Ὦς
522 2748 577 2802 δὲ
610 2750 901 2805 ἐκάθευδον
939 2753 1178 2819 ἅπαντες
1207 2758 1420 2829 ἐκείνης
1450 2763 1550 2831 τῆς
1576 2763 1787 2828 νυκτὸς,
1816 2764 1962 2830 ἔδοξέ

393 2852 475 2899 τις
499 2837 701 2904 αὐτῶν,
730 2840 830 2894 οὐκ
862 2837 979 2895 οἶδα
1010 2842 1066 2896 δέ
1102 2845 1145 2876 ¹⁹
1178 2845 1325 2911 ὅστις
1350 2849 1431 2918 (οὐ
1459 2850 1566 2920 γάρ
1595 2850 1703 2922 ἔχω
1728 2851 1964 2925 τοῦνομα

394 2927 643 2997 φράσαι),
690 2929 834 2999 ἔδοξε
870 2933 1001 3002 γοῦν
1064 2936 1212 3006 ὅμως
1274 2939 1407 3009 ὀρᾷν
1466 2940 1587 2994 κατ’
1615 2941 1747 3014 ὄναρ
1783 2944 1827 2975 ³⁸
1870 2946 1963 2999 άν-

396 3023 497 3096 δρα
527 3024 863 3097 πρεσϐύτην,
899 3026 1177 3098 γνώριμον
1204 3027 1304 3098 μὲν
1328 3028 1597 3101 οὐδαμῶς,
1632 3034 1744 3087 οὐδ’
1770 3035 1893 3088 ὅσον
1918 3037 1961 3069 ⁸⁸

399 3112 638 3173 εἰκάσαι.
662 3112 835 3176 ἄλλως
855 3115 912 3167 δὲ
934 3115 1133 3187 σεμνὸν
1164 3117 1259 3171 καὶ
1282 3118 1500 3184 αἰδοῖον,
1527 3123 1619 3174 καὶ
1648 3124 1965 3194 φιλοσοφίαν

399 3202 654 3255 ἀσκοῦντι
673 3203 717 3235 ’⁸
733 3203 953 3274 ἐμφερῆ
973 3203 1051 3276 τῷ
1069 3223 1128 3258 τε
1153 3208 1390 3278 σχήματι
1410 3209 1508 3280 τῆς
1536 3212 1729 3284 στολῆς
1753 3215 1847 3268 καὶ
1869 3215 1964 3270 τοῦ

402 3291 661 3360 πώγωνος
688 3293 765 3364 τῷ
787 3292 907 3347 λίαν
926 3297 1191 3366 ἐκκρεμεῖ
1220 3298 1315 3350 καὶ⁵
1339 3300 1638 3371 ἁφειμένῳ,
1673 3305 1879 3376 ἐμϐοᾷν
1909 3323 1967 3360 τε

399 3380 550 3452 αὐτῷ
574 3382 827 3457 καθάπερ
858 3385 1276 3456 ἐγκελευόμενον
1303 3391 1395 3444 καὶ
1426 3394 1793 3463 παραινοῦντα
1816 3396 1863 3428 ³³
1888 3397 1969 3451 τό·

403 3473 458 3528 δε
486 3475 549 3527 τὸ
571 3474 720 3540 ἐντος⁹

404 3671 463 3757 Ιξξ
470 3670 501 3752 1‘3
748 3673 1161 3757 τόνρθαπτον,
1190 3678 1426 3757 ἕαᾼιςυσι
1450 3681 1642 3757 κιῖρμῇα
1672 3684 1969 3757 γενέσθαι.

407 3742 498 3809 Γῆ
531 3742 771 3796 πάντων
788 3742 985 3814 μήτηρ
1007 3750 1421 3817 purpose!)er
1444 3742 1733 3821 ob'é‘éxe't’
1759 3753 1970 3824 ἄνδρα.

423 4003 803 4075 Ἀφυπνισθεὶς
832 4004 891 4059 δέ
923 4005 1116 4077 ἀθρόον
1141 4008 1245 4061 ὑπὸ
1273 4008 1366 4062 τοῦ
1404 4009 1576 4073 δέους,
1606 4011 1906 4081 ἀπήγγειλε
1927 4013 1976 4046 ⁸⁵

412 4100 522 4159 τοῖς
550 4096 729 4160 ἄλλοις
767 4096 857 4150 τὸν
883 4089 1106 4169 ὄνειρον.
1151 4101 1213 4153 Οί
1241 4099 1299 4154 δὲ
1326 4100 1387 4153 τὸ
1415 4101 1513 4171 μὲν
1546 4103 1859 4172 παραυτίκα
1896 4104 1977 4157 δι-

412 4188 676 4259 ηπόρουν,
703 4191 760 4253 ἐς
791 4192 819 4241 ὃ
856 4206 907 4242 τι
941 4189 1048 4258 ἄρα
1094 4191 1186 4244 καὶ⁸
1216 4191 1475 4262 ἁποϐαίη.
1520 4193 1672 4246 Ἐπεὶ
1708 4194 1766 4248 δὲ
1800 4196 1880 4258 εἰς
1917 4197 1978 4250 τὸ

414 4274 738 4348 περίορθρον
798 4277 1125 4342 ἀναστάντες
1175 4278 1418 4345 ἐϐάδιζον
1474 4280 1579 4335 ἀνά
1636 4280 1705 4334 τὰ
1769 4284 1974 4353 πρόσω,

417 4367 788 4439 παρέρποντες
808 4370 981 4423 ἐκεῖνο
1006 4369 1067 4423 τδ
1089 4370 1308 4441 χωρίον,
1337 4369 1481 4424 οὕτω
1511 4371 1611 4440 τῆς
1636 4371 1743 4424 τῶν
1773 4372 1857 4444 [Ρ.
1886 4374 1978 4448 71]

2062 1939 2357 2009 probarent
2397 1935 2603 1991 sentire
2652 1941 2746 1987 aut
2790 1930 3020 2000 patriam
3068 1928 3382 1996 opinionem
3431 1933 3643 1979 mutare

2057 2038 2403 2102 cogerentur.
2433 2025 2620 2096 Neque
2639 2022 2784 2078 enim
2814 2020 3127 2091 permittere
3149 2017 3318 2073 voluit
3349 2015 3638 2077 Chosroes,

2059 2123 2190 2194 quin
2229 2121 2332 2176 hac
2375 2118 2540 2174 etiam
2590 2116 2642 2170 in
2685 2121 2839 2186 parte
2878 2118 3034 2181 pacta
3074 2115 3391 2166 constarent
3417 2115 3643 2177 rataque

2059 2222 2264 2271 essent.
2309 2208 2504 2269 Fertur
2550 2223 2678 2264 vero
2717 2207 2771 2260 in
2811 2220 3002 2260 eorum
3040 2202 3218 2258 reditu
3263 2199 3641 2255 admirandum

2061 2306 2192 2377 quid
2220 2313 2275 2360 et
2303 2308 2605 2358 memoratu
2644 2298 2869 2369 dignum
2906 2296 2986 2351 eis
3012 2294 3298 2349 accidisse.
3331 2290 3468 2347 Cum
3499 2290 3644 2346 enim

2061 2398 2115 2451 in
2146 2408 2277 2465 agro
2310 2391 2546 2463 quodam
2577 2389 2800 2446 Persico
2833 2387 3309 2458 conquiescerent,
3344 2384 3644 2454 conspicati

2061 2495 2190 2540 sunt
2210 2484 2446 2539 cadaver
2480 2480 2722 2537 hominis
2750 2486 2998 2534 reeenter
3024 2476 3222 2533 mortui
3258 2476 3544 2545 uegleetiui
3576 2475 3646 2529 ita

2064 2576 2409 2631 inbutuatutu
2443 2572 2738 2643 abjectum.
2771 2568 2914 2625 Tum
2946 2568 3024 2623 illi
3053 2568 3351 2623 barbarica:
3379 2566 3513 2636 legis
3544 2566 3647 2619 ini-
3720 2566 3727 2574 '

2062 2670 2323 2742 quitatem
2355 2664 2721 2724 commiserati
2749 2706 2765 2732 ,
2799 2672 2852 2719 et
2883 2677 3227 2734 nequaquam
3270 2675 3484 2730 aequum
3523 2674 3645 2712 esse

2064 2769 2374 2826 censentes,
2405 2759 2451 2815 si
2490 2757 2827 2828 negligerent
2870 2764 3121 2810 naturam
3159 2768 3225 2807 ex
3270 2759 3421 2822 parte
3449 2749 3648 2819 injuria

2064 2853 2337 2919 all'ectam,
2388 2858 2745 2908 eontexerunt
2789 2856 2850 2903 ut
2890 2855 3183 2918 potuerunt
3226 2860 3319 2913 per
3365 2842 3648 2895 t'ninistros

2064 2944 2318 3010 cadaver,
2345 2952 2601 3013 terraque
2630 2940 3071 2996 contumulautes
3101 2937 3451 3007 sepelierunt.
3481 2933 3649 2987 Nocte

2065 3052 2195 3092 vero
2221 3037 2332 3099 illa,
2369 3033 2768 3089 dormientibus
2793 3032 2905 3101 jam
2937 3030 3214 3096 omnibus,
3241 3029 3392 3083 visus
3426 3034 3511 3082 est
3552 3040 3650 3081 eo-

2067 3144 2212 3195 rum,
2245 3128 2426 3183 nescio
2459 3123 2618 3199 135
2644 3123 2771 3195 quis
2802 3126 3018 3193 (neque
3054 3121 3198 3175 enim
3230 3133 3426 3173 nomen
3457 3116 3649 3186 novi).

2070 3219 2220 3293 visus
2259 3227 2438 3273 tamen
2468 3224 2554 3271 est
2589 3215 2695 3270 sibi
2738 3213 2923 3269 videre
2960 3212 3141 3266 virum
3172 3224 3357 3265 senem
3378 3249 3395 3276 ,
3428 3207 3651 3261 minime

2067 3304 2284 3374 quidem
2314 3313 2526 3369 notum,
2563 3317 2782 3374 gravem
2815 3301 3058 3372 alioquin
3094 3309 3147 3354 et
3182 3299 3574 3363 venerandum,
3596 3304 3652 3351 et

2069 3396 2423 3468 philosophiae
2443 3396 2683 3451 studium
2706 3404 2816 3449 tam
2843 3392 3010 3448 vestis
3032 3391 3205 3446 forma
3233 3405 3396 3461 quam
3419 3389 3654 3459 oblonga

2069 3488 2447 3558 promissaque
2475 3486 2641 3542 barba
2672 3500 2785 3557 pra:
2811 3501 2870 3541 se
2898 3483 3181 3546 ferentem,
3215 3483 3308 3552 qui
3341 3481 3443 3535 sibi
3477 3480 3648 3536 incla-

2071 3579 2554 3648 mabat,tanquam
2581 3575 2876 3631 exhortans
2898 3588 2963 3628 ac
2994 3572 3282 3634 mandans,
3311 3568 3410 3624 hos
3440 3584 3648 3624 versus:

2074 3686 2159 3743 Ne
2191 3687 2417 3743 tumulas
2454 3687 2788 3742 inhumatum
2821 3704 2838 3754 ;
2881 3694 2936 3739 at
2980 3683 3180 3738 nudum
3219 3683 3391 3752 linque
3430 3682 3651 3736 cadaver

2075 3759 2383 3814 Dilacerare
2408 3773 2585 3827 canes,
2610 3772 2884 3827 escamque
2915 3755 3209 3827 volucribus
3236 3768 3386 3827 esse;

2075 3828 2251 3883 tilater
2287 3830 2425 3882 enim
2467 3820 2643 3882 Tellus
2687 3820 2999 3881 cunctorum
3031 3824 3174 3878 haud
3209 3822 3425 3884 suscipit
3461 3820 3611 3875 illum
3636 3860 3652 3884 ,

2075 3899 2182 3966 Qui
2219 3909 2438 3953 matrem
2467 3908 2543 3952 est
2571 3913 2735 3950 ausus
2769 3896 2911 3966 facta
2947 3896 3135 3948 vitiare
3166 3894 3416 3962 nefando.

2076 4011 2168 4068 Ille
2200 4021 2380 4066 autem
2412 4007 2699 4065 confestim
2725 4022 2835 4079 prae
2864 4017 3007 4063 metu
3045 4005 3474 4076 expergefactus,
3506 4019 3657 4060 som—

2077 4105 2226 4160 nium
2258 4118 2418 4158 suum
2441 4102 2563 4157 aliis
2585 4100 2949 4156 renuntiavit:
2981 4108 3144 4168 atque
3170 4099 3223 4151 bi
3254 4098 3410 4152 initio
3433 4096 3651 4166 quidem

2074 4195 2417 4259 dubitabant,
2438 4207 2676 4264 quonam
2701 4191 2977 4248 somnium
2999 4198 3145 4246 esset
3165 4204 3478 4245 evasurum.
3497 4188 3652 4242 Sum-

2077 4302 2166 4342 mo
2192 4287 2375 4357 itaque
2403 4300 2561 4339 mane
2589 4300 2712 4339 cum
2737 4282 3107 4337 surrexissent
3130 4291 3181 4336 et
3213 4280 3520 4335 institutum
3550 4280 3653 4334 iter

2077 4385 2555 4447 prosequerentur,
2586 4382 2930 4428 transeuntes
2961 4373 3112 4426 illum
3142 4385 3413 4440 campum,
3436 4369 3543 4424 situ
3569 4369 3652 4423 lo-

417 4459 594 4512 τόπων
624 4457 825 4523 θέσεως
849 4460 1282 4532 ἀναγκαζούσης,
1306 4455 1367 4516 οὗ
1392 4460 1457 4532 δὴ
1482 4460 1665 4526 αὐτοῖς
1690 4462 1760 4516 τὰ
1787 4464 1879 4517 ἐπὶ
1910 4467 1965 4534 τῇ

2082 4483 2269 4524 corum
2307 4468 2379 4523 ita
2420 4474 2667 4538 cogente,
2710 4465 2764 4519 in
2803 4480 2913 4536 quo
2954 4464 3274 4519 subitarium
3320 4463 3651 4532 sepulturam

419 4551 562 4619 ταρῇ
598 4550 923 4621 ἐσχεδίαστο,
958 4552 1266 4622 εὑρίσκουσι
1300 4553 1390 4606 τὸν
1428 4553 1617 4625 νεκρὸν
1645 4554 1850 4623 γυμνὸν
1881 4552 1979 4611 αὖ·

422 4638 504 4703 θις
534 4639 769 4710 ὕπερθεν
798 4642 1048 4713 κείμενον
1074 4644 1142 4709 ⁸⁵,
1168 4644 1244 4708 ὡς
1263 4643 1328 4716 δὴ
1348 4645 1449 4715 τῆς
1477 4646 1580 4717 γῆς
1605 4646 1767 4700 αὐτὸν
1798 4647 1984 4719 τρόπῳ

418 4734 526 4788 τινὶ
554 4734 840 4806 αὐτομάτῳ
859 4737 915 4799 ἐς
938 4737 1029 4790 τοὺ
1038 4736 1245 4806 μφανές
1268 4737 1640 4809 ἀνασονλοὺσης
1661 4740 1728 4806 ’⁸,
1756 4742 1850 4793 καὶ
1868 4740 1984 4794 δια-

422 4825 709 4894 φυλάττειν
739 4826 963 4896 ἀὸρῶτα
995 4828 1069 4899 μὴ
1100 4829 1495 4900 ἀνασχομένης.
1525 4832 1982 4899 Καταπλαγέντες

422 4917 479 4970 δέ
504 4916 581 4988 τῷ
605 4918 899 4991 παραλόγῳ
929 4922 1030 4990 τῆς
1055 4919 1201 4986 θέας,
1227 4923 1434 4992 εἴχοντο
1462 4924 1561 4993 τῆς
1591 4924 1838 4994 πορείας,
1877 4944 1981 4996 μη-

422 5007 512 5062 δὲν
556 5009 733 5062 ὁτιοῦν
782 5009 1028 5063 τολοιπὸν
1073 5011 1159 5062 ἐπ’
1191 5011 1339 5082 αὐτῷ
1370 5012 1667 5083 δράσαντες
1694 5013 1801 5069 τῶν
1833 5016 1983 5083 σφίσι

425 5099 843 5170 νενομισμένων.
886 5099 1280 5169 Ἀνελογίζοντο
1331 5102 1438 5175 γὰρ
1487 5103 1576 5156 τὸν
1615 5104 1840 5175 ὄνειρον,
1895 5104 1986 5157 καὶ

426 5188 734 5261 ὡμολόγουν
776 5192 1021 5246 ἐντεῦθεν
1056 5193 1138 5246 ὅτι
1166 5191 1230 5264 δη
1256 5195 1304 5246 οι
1335 5194 1539 5265 Πέρσαι
1582 5194 1773 5262 ποινὴν
1805 5195 1987 5265 ἔχουσι

2083 4567 2460 4631 procurarunt,
2491 4558 2769 4628 reperiunt
2803 4555 3036 4611 cadaver
3070 4554 3200 4608 illud
3235 4554 3414 4608 denuo
3447 4552 3652 4607 nudum

2083 4665 2248 4721 super
2281 4652 2547 4706 tumulum
2583 4650 2805 4720 jacens,
2838 4648 3062 4719 perinde
3113 4662 3179 4702 ac
3222 4646 3266 4702 si
3316 4655 3459 4701 terra
3504 4645 3653 4700 illum

2084 4750 2377 4809 spontanea
2400 4740 2580 4810 aliqua
2601 4740 2810 4794 ratione
2833 4739 2886 4792 in
2914 4746 3158 4807 apertum
3181 4737 3451 4808 ejeeisset,
3481 4752 3654 4807 neque

2082 4846 2207 4887 eum
2227 4846 2331 4887 non
2343 4831 2670 4902 disrcrptum
2685 4843 2846 4902 atque
2866 4833 3211 4901 absumptum
3238 4846 3516 4886 asservare
3542 4846 3655 4886 sus-

2084 4924 2354 5000 tinuisset.
2401 4923 2660 4980 Miraculo
2705 4925 2887 4995 itaque
2919 4924 3209 4993 spectaculi
3270 4922 3501 4993 perculsi
3555 4923 3656 4976 iter

2089 5028 2249 5069 suum
2281 5015 2712 5081 continuarunt,
2747 5015 2896 5069 nullo
2936 5014 3170 5084 amplius
3212 5028 3276 5067 ex
3322 5013 3565 5067 instituto
3592 5027 3656 5067 ac

2090 5120 2241 5162 more
2278 5105 2515 5176 ipsorum
2564 5107 2739 5162 ntlicio
2776 5109 2825 5161 ei
2870 5108 3130 5178 przestito.
3177 5104 3461 5159 Somnium
3509 5104 3653 5159 enim

2091 5196 2483 5266 expenderent,
2513 5197 2669 5269 135
2691 5206 2745 5255 et
2773 5198 2826 5253 in
2850 5212 2969 5252 eam
3001 5197 3126 5252 inde
3153 5195 3474 5253 sententiam
3495 5208 3653 5250 vene-

1709 5368 1942 5444 vanus:
1975 5367 2375 5428 LECTIONES.

503 5545 547 5577 "
567 5544 662 5598 ἐπί
679 5543 813 5614 τῷδε
841 5543 915 5617 Β.
939 5546 1033 5617 ἐγπὶ
1057 5543 1135 5617 τῷ
1166 5546 1310 5617 vnlg.
1382 5544 1431 5617 β’
1449 5547 1588 5603 Ante
1617 5549 1679 5603 τὸ
1706 5549 1783 5603 σῶ

433 5613 654 5689 interpr.
692 5598 806 5668 uin.
879 5598 920 5646 ’l
942 5616 1083 5689 Αὸσον
1104 5598 1168 5678 ii,
1202 5598 1585 5689 -νιιιιςίξ-δςν
1600 5598 1769 5689 Lugd:

433 5700 549 5756 παρ
598 5682 666 5756 ft.
694 5700 826 5754 παρ.
854 5701 909 5756 κ.
938 5684 1120 5756 ἐγκελ.
1153 5684 1296 5755 vulg.

1789 5568 1864 5620 μα
1892 5548 1938 5603 R
1961 5551 2065 5606 ius.
2086 5552 2199 5606 καί.

1496 5619 1769 5700 ,ὃςβιυεψ
1792 5619 2203 5700 ίῃ¹ξάσκοῢντι
2222 5619 2266 5675 R
2293 5621 2441 5700 (C_l.),
2477 5622 2756 5700 ἀσκοῦντα
2780 5622 2934 5700 νοις..
3035 5621 3056 5652 ⁸

1398 5687 1443 5761 ’ξ
1485 5687 1881 5761 ἀπήγγειλεῐὶ,
1912 5690 2223 5761 ἀπήγγελλε
2272 5687 2417 5761 vulg.

2300 5552 2344 5587 "
2378 5553 2435 5606 δὲ
2464 5564 2573 5605 om.
2611 5552 2676 5606 Β.
2751 5552 2797 5583 ⁸⁸
2822 5554 2940 5605 κατ’
2963 5550 3212 5652 δναριιιίά
3234 5567 3315 5604 ,εκ
3344 5548 3404 5608 R.
3429 5549 3572 5618 vulg.
3604 5558 3654 5598 vt

2300 5621 2372 5652 fPl
2400 5622 2418 5652 \
2479 5622 2745 5652 amur“.--
2780 5622 2905 5652 ιηιΙη
3035 5621 3056 5652 τ
3119 5619 3535 5652 ἑναεῖεηληευηυ
3562 5635 3593 5652 ιι
3608 5617 3650 5652 οὶ

3118 5619 3535 5688 ἐγκελευόμενον
3562 5617 3654 5671 καὶ

2512 5692 2559 5724 ⁸⁸
2589 5691 2821 5759 ὕπερθεν
2851 5688 3102 5759 κείμενον
3146 5689 3212 5751 R,
3247 5688 3653 5759 ῥπερκείμενον

435 5754 603 5823 vulg“
635 5754 857 5822 interpr.
893 5755 946 5807 in
973 5755 1088 5823 agri
1119 5754 1706 5827 superﬁci3jarettteitt.-
1763 5760 1809 5792 ⁸⁸
1834 5754 2206 5825 ἀναϐαλοῦσης
2229 5754 2447 5817 θάψω
2470 5774 2580 5822 tua.
2608 5754 2778 5820 Lua-1d.
2834 5754 3205 5832 άναλαὸοέσης
3242 5756 3287 5811 Ρ-
3325 5754 3381 5813 ct
3407 5754 3576 5820 Luat}.
