4054 6208
378 288 522 355 1419

1577 275 1942 352 ΛῦΑΤΗΙιΕ
1975 282 2464 354 SCHOIASTICI

3528 295 3668 362 H20

371 400 672 455 cunctando
713 405 763 452 et
803 395 1142 452 deliberando
1182 396 1427 468 effluere?
1466 393 1649 468 Neque
1688 396 1830 452 enim
1860 394 1969 451 dici

2071 397 2160 461 εις
2188 397 2257 451 τὸ
2289 398 2544 469 μέλλειν
2570 396 2669 453 καὶ
2704 397 3114 464 ,βουλεύεσθαι
3152 398 3546 471 διαρῤυῆνᾳιδ
3580 409 3665 460 Οὐ

373 501 565 564 potest,
611 492 751 563 quod
786 491 1018 545 nondum
1057 489 1266 561 quidem
1298 489 1471 545 hostes
1520 490 1672 544 rebus
1720 490 1850 560 ipsis
1891 489 1973 559 fa-

374 586 576 655 ctisquc
600 585 706 639 sint
737 580 1060 651 deprehensi,
1088 582 1180 636 sed
1214 589 1420 636 tantum
1454 580 1736 635 uerisimile
1757 580 1847 644 sit,
1882 596 1971 635 eos

373 685 470 732 hoc
496 678 707 732 molitos
745 692 857 732 esse
885 686 1043 747 atque
1084 676 1142 730 in
1172 677 1350 731 animo
1380 672 1658 740 habuisse;
1689 690 1853 745 neque
1879 689 1972 727 ne-

370 788 513 827 cesse
554 781 629 825 est
675 781 987 843 argumenta
1026 770 1271 841 quendam
1328 785 1736 824 commemorare
1786 770 1856 823 ad
1886 767 1971 821 la-

371 874 537 918 tentes
580 863 780 917 scilicet
812 873 862 918 et
888 871 1052 917 tectas
1096 863 1329 932 ipsorum
1359 861 1587 915 insidias
1630 860 1971 930 probandus:

372 962 463 1012 sed
489 955 731 1012 Cubazes
759 957 968 1027 quidem
1013 957 1091 1010 rir
1123 964 1303 1009 tantus
1348 957 1480 1008 adeo
1527 954 1712 1008 misere
1737 969 1765 1007 e
1798 952 1971 1006 medio

370 1049 623 1121 sublatus
648 1058 725 1104 est
751 1049 913 1104 ueluti
952 1048 1147 1119 aliquis
1175 1063 1203 1100 e
1242 1047 1426 1100 multis
1453 1055 1504 1100 et
1537 1045 1966 1115 neglectioribus.

373 1142 606 1199 Euanuit
639 1142 759 1213 jam
803 1151 950 1196 vetns
1000 1141 1099 1196 illa
1156 1140 1471 1196 Colchorum
1512 1139 1769 1209 dignitas,
1809 1152 1973 1208 neque

371 1237 617 1306 deinceps
657 1235 806 1289 nobis
850 1233 1032 1288 danda
1054 1244 1129 1287 est
1162 1248 1342 1303 opera,
1381 1240 1441 1285 ut
1472 1230 1598 1285 aliis
1632 1231 1969 1300 imperemus,

374 1329 469 1383 sed
495 1342 558 1383 eo
588 1326 824 1381 contenti
856 1326 1046 1388 simus,
1071 1325 1117 1377 si
1145 1322 1300 1378 liceat
1338 1322 1402 1377 ab
1436 1323 1528 1386 iis,
1551 1322 1642 1391 qui
1666 1321 1795 1375 olim
1823 1320 1971 1375 nobis

373 1418 575 1475 subditi
595 1419 835 1490 fuerunt,
863 1433 967 1472 non
988 1417 1211 1485 pessime
1236 1415 1481 1470 tractari.
1515 1414 1632 1480 Quo
1662 1423 1818 1485 pacto
1852 1429 1971 1467 vero

373 1531 476 1570 non
511 1514 579 1569 sit
610 1513 762 1569 ualde
792 1511 1109 1580 absurdum,
1141 1512 1185 1566 si
1220 1510 1285 1566 de
1315 1510 1402 1575 iis,
1430 1510 1521 1581 qui
1558 1509 1669 1565 haec
1699 1517 1972 1579 perpetra-

370 1619 518 1677 runt,
557 1608 853 1678 sedeamus:
871 1606 1244 1671 deliberantes,
1308 1614 1487 1658 utrum
1532 1620 1618 1658 eos
1657 1602 1970 1658 inimicissi-

371 1719 505 1769 mos,
533 1718 603 1758 an
632 1716 753 1757 vero
794 1701 998 1755 amicos
1047 1698 1423 1755 declaremus?
1449 1696 1610 1768 Atqui
1642 1697 1719 1751 ita
1756 1706 1969 1751 statua-

2073 488 2186 558 γὰρ
2225 489 2303 559 δὴ
2356 489 2609 559 πάρεστι
2646 490 2852 561 λέγειν
2886 492 2970 560 ὡς
3013 492 3290 563 πολέμιοι
3330 496 3450 565 μὲν
3502 499 3669 552 οὔπω

2071 580 2199 647 τοῖς
2228 581 2424 651 ἔργοις
2459 582 2636 650 ὄντες
2667 581 3070 656 πεφώρανται,
3108 586 3445 641 εικασθεῖεν
3475 586 3545 641 δὲ
3589 588 3670 642 ἄν

2065 676 2263 745 μόνον
2308 675 2608 747 μελετῶσι
2654 676 2832 733 τοῦτο
2886 677 2992 732 καί
3029 678 3471 750 βουλομένοις,
3521 681 3670 735 οὐδὲ

2071 772 2406 840 τεκμηρίων
2474 769 2655 827 τινῶν
2719 772 3169 844 ἐπιμνησθῆναι
3237 774 3443 843 δεήσει
3514 777 3668 846 πρές

2070 861 2329 935 ἔλεγχον
2365 863 2551 934 δῆθεν
2589 864 2922 936 ἐπιϐουλῆς
2965 869 3422 937 λανθανούσης.
3482 869 3668 925 Ἀλλὰ

2071 953 2380 1023 Γουδάζης
2401 954 2538 1026 μὲν,
2569 959 2602 1012 ὸ
2630 956 2986 1026 τηλικοῦτος
3009 960 3081 1024 ”,
3111 959 3267 1015 οὕτω
3292 975 3417 1028 πως
3444 958 3668 1028 ἀθλίως

2071 1045 2404 1116 ἠφάνισται
2437 1044 2650 1116 ,ὥσπερ
2678 1064 2771 1114 τις
2806 1047 2928 1104 τῶν
2960 1047 3207 1107 πολλῶν
3236 1049 3340 1105 καὶ
3364 1049 3666 1120 ήμελημέ·

2070 1151 2213 1191 νων.
2248 1137 2486 1206 οἴχεται
2531 1137 2601 1192 δὲ
2646 1138 2916 1209 φροῦδον
2953 1140 3020 1194 τὸ
3061 1141 3327 1196 παλαιὸν
3362 1141 3483 1197 τῶν
3510 1143 3665 1198 xea-

2072 1244 2200 1298 χων
2226 1229 2476 1300 ἀξίωμα,
2505 1231 2603 1286 και
2634 1232 2921 1286 τολοιπόν
2954 1234 3028 1286 οὐ
3058 1231 3167 1288 τοῦ
3206 1233 3417 1303 ἄρχειν
3442 1233 3665 1302 ἑτέρων

2072 1320 2398 1376 ἀνθεκτέον
2442 1322 2610 1393 ἡμῖν,
2662 1323 2802 1379 ἀλλ’
2848 1323 3198 1396 ἀγαπητέον
3241 1326 3289 1357 ⁵³
3336 1325 3504 1393 εἴπερ
3549 1324 3663 1395 ε’ξῇ

2071 1411 2194 1466 τῶν
2223 1414 2433 1485 πρώην
2468 1417 2759 1483 ὑπηκόων
2785 1415 2874 1488 μὴ
2900 1416 3138 1487 σφόδρα
3161 1416 3658 1488 μειονεκτήσθιιι.

2074 1503 2208 1575 Πῶς
2260 1502 2376 1563 οὖν
2423 1506 2496 1563 οὐ
2552 1505 2639 1582 [Ρ.
2698 1507 2791 1582 82]
2829 1508 2976 1564 λίαν
3016 1509 3384 1582 παράῖοτον,
3423 1511 3474 1564 εὶ
3527 1509 3663 1579 περι

2071 1597 2194 1652 τῶν
2229 1593 2321 1665 οἷς
2348 1598 2537 1654 ταῦτα
2558 1600 2981 1671 κατείργασται
3010 1600 3417 1673 καθεδούμεθα
3448 1602 3493 1635 ’⁸
3531 1601 3662 1656 δια-

2073 1688 2475 1757 σκοποῦντες,
2519 1691 2777 1759 πότερον
2829 1691 3054 1761 αὐτοὺς
3102 1691 3426 1763 ἐχθίστους
3475 1693 3513 1761 ἢ
3566 1694 3665 1762 ρί-

367 1813 486 1852 mus
513 1804 741 1867 oportet,
772 1810 876 1849 non
909 1794 1055 1849 intra
1100 1791 1257 1847 hosce
1289 1791 1542 1846 terminos
1584 1806 1768 1845 eorum
1796 1789 1968 1844 auda-

2068 1782 2221 1848 λους
2245 1776 2401 1836 εἶναι
2428 1755 2794 1854 ique-ciuisse;
2825 1755 3417 1855 [immortali-030x50:
3442 1755 3658 1856 χρεών,

368 1891 511 1946 ciam
541 1888 912 1956 substituram,
940 1887 1031 1942 sed
1060 1884 1210 1941 nobis
1234 1885 1436 1939 crimen
1465 1883 1561 1938 hoc
1589 1882 1968 1955 negligentibus

371 1982 534 2058 156
559 1983 681 2037 illos
731 1998 837 2038 non
877 1981 1186 2046 destituros,
1236 1981 1326 2033 sed
1366 1978 1567 2049 quietos
1621 1993 1716 2032 nos
1759 1977 1967 2033 minore

368 2094 488 2131 cum
528 2087 670 2131 metu
694 2073 988 2145 majoribus
1020 2073 1173 2141 malis
1207 2071 1513 2141 aﬂ'ecturos.
1551 2068 1689 2125 Sunt
1727 2070 1868 2124 enim
1903 2077 1964 2123 ut

367 2170 656 2239 plurimum
681 2166 1004 2238 ferocissimi
1028 2166 1082 2220 in
1113 2165 1372 2230 subditos,
1399 2174 1448 2218 et
1488 2163 1704 2218 clientes
1725 2179 1850 2218 suos
1874 2161 1967 2217 de-

369 2261 573 2331 spectui
599 2259 789 2316 habere
829 2266 1235 2313 consueverunt.
1281 2254 1493 2311 Habent
1522 2270 1642 2310 vero
1681 2255 1842 2309 etiam
1882 2268 1969 2308 re-

371 2373 487 2427 gem
508 2354 926 2409 versutissimum
959 2352 1151 2422 quique
1175 2349 1519 2420 prcesentium
1558 2364 1761 2418 semper
1791 2361 1968 2402 rerum

371 2450 665 2503 mutatione
712 2445 1039 2509 delectatur;
1112 2442 1250 2498 unde
1294 2450 1343 2497 et
1383 2442 1585 2512 factum
1633 2451 1712 2495 est
1762 2450 1819 2494 ut
1856 2443 1969 2494 huic

369 2542 538 2596 credes
566 2538 844 2610 confestim
874 2537 1031 2608 fuerit
1064 2543 1388 2605 perpetrata,
1428 2535 1540 2602 ipso
1565 2533 1776 2604 quidem
1817 2531 1967 2585 acri-

370 2645 451 2687 ter
490 2634 766 2699 incitante,
818 2630 899 2685 his
949 2644 1068 2683 vero
1098 2638 1337 2696 prompte
1396 2623 1850 2679 ministrantibus.
1896 2619 1965 2676 Et

368 2725 631 2780 devastati
660 2732 868 2777 tantum
911 2737 1012 2777 non
1054 2720 1118 2774 ab
1149 2719 1277 2789 ipsis
1300 2733 1501 2783 sumus,
1533 2731 1651 2770 cum
1688 2712 1840 2768 nulla
1876 2728 1965 2768 eos

368 2817 570 2888 injuria
592 2812 1073 2887 provocaverimus,
1108 2824 1272 2880 neque
1307 2807 1423 2861 ulla
1458 2806 1706 2860 simultas
1739 2820 1856 2858 cum
1888 2804 1962 2859 eis

367 2907 748 2971 intercesserit;
792 2902 883 2959 sed
919 2901 1099 2957 eadem
1129 2916 1234 2970 qua
1262 2899 1484 2952 antehac
1528 2897 1799 2948 nobiscum
1835 2908 1964 2947 con-

369 2999 649 3056 suetudine
678 3005 904 3062 utentes,
938 2993 1279 3050 atrocissima
1314 2990 1753 3059 iniqnissimaque
1782 2987 1838 3040 in
1870 3001 1964 3039 nos

368 3094 770 3154 commiserunt,
807 3101 1063 3161 tanquam
1093 3096 1299 3154 repente
1335 3097 1537 3153 unoque
1562 3078 1808 3150 temporis
1849 3093 1965 3132 mo-
1991 3120 2034 3180 Ο

368 3199 545 3243 mento
592 3184 927 3249 crudelilate,
970 3182 1205 3244 insania,
1256 3177 1397 3241 odio,
1447 3173 1792 3243 omnibusque
1836 3169 1960 3224 aliis

368 3282 428 3339 id
471 3296 632 3355 genus
666 3277 821 3333 malis
845 3273 1048 3345 repleti.
1087 3272 1155 3325 At
1196 3270 1479 3324 Persarum
1511 3283 1612 3320 non
1657 3262 1961 3320 istiusmodi
1995 3319 2006 3331 ,

369 3383 492 3432 sunt
530 3388 735 3436 mores;
767 3369 1057 3441 plurimum
1094 3364 1329 3435 profecto
1357 3364 1594 3416 interest.
1624 3360 1777 3426 Quos
1812 3358 1962 3413 enim

371 3469 532 3528 semel
564 3467 767 3523 amicos
812 3463 1008 3535 fuerint
1045 3459 1214 3522 nacti,
1256 3474 1340 3511 eos
1372 3441 1685 3527 firmissima
1722 3452 1965 3507 amicitia

368 3561 649 3635 complecti
686 3566 942 3630 pergunt;
977 3556 1032 3608 in
1068 3553 1267 3606 hostem
1306 3567 1445 3614 vero,
1480 3548 1717 3619 quaudiu
1751 3556 1828 3601 est
1866 3547 1967 3599 ho-

373 3657 494 3722 stis,
544 3653 779 3726 infensos
821 3646 1141 3717 infestosque
1197 3643 1401 3695 animos
1450 3648 1655 3709 gerunt.
1719 3636 1963 3707 Optarim

372 3745 618 3820 equidem
657 3739 975 3798 Colchorum
998 3732 1375 3804 rempublicam
1413 3730 1639 3800 pristina
1669 3729 1837 3798 vigere
1871 3744 1967 3798 po-

374 3840 564 3904 tentia,
592 3838 668 3890 ita
692 3842 750 3889 ut
779 3830 1011 3887 externis
1031 3844 1095 3882 ac
1120 3826 1410 3897 peregrinis
1434 3821 1654 3878 auxiliis
1688 3836 1790 3875 non
1821 3821 1966 3875 indi-

373 3935 540 4001 geret,
575 3922 665 3978 sed
693 3922 811 3993 ipsa
835 3916 937 3973 sibi
965 3916 1117 3971 rebus
1147 3913 1389 3969 omnibus
1412 3926 1540 3982 pace
1567 3909 1801 3981 belloque
1826 3908 1969 3980 sufﬁ-

2067 1873 2149 1940 ὡς
2184 1872 2331 1929 οὐδὲ
2371 1872 2548 1945 μέχρι
2594 1876 2824 1932 τούτων
2854 1875 3064 1943 αὐτοῖς
3108 1874 3177 1932 τὸ
3210 1876 3436 1945 θράσος
3482 1878 3662 1944 ἐστή-

2069 1962 2161 2029 εει
2184 1980 2199 1993 ·
2231 1963 2395 2019 ἀλλὰ
2423 1966 2524 2019 καὶ
2547 1964 2877 2035 μεθιέντων
2900 1965 3071 2037 ἡμῶν
3096 1965 3164 2021 τὸ
3195 1966 3500 2035 ἐπίκλημα
3536 1969 3663 2023 εἶδε

2069 2056 2183 2111 οὐκ
2225 2053 2574 2127 ἀφέξονται,
2630 2056 2730 2111 καὶ
2786 2058 3162 2129 ἠρεμοῦντας
3210 2061 3258 2092 ’⁵
3300 2060 3663 2125 ἀδεέστερον

2066 2143 2502 2216 λυμανοῦνται.
2539 2146 2679 2201 Εισὶ
2720 2147 2832 2219 γὰρ
2861 2148 3069 2219 ἀμέλει
3107 2149 3570 2219 θαρραλεώτεροι
3612 2153 3662 2185 ﬂ

2068 2239 2220 2308 πρὸς
2248 2239 2393 2308 τοὺς
2425 2239 2817 2309 ὑπείκοντας,
2843 2242 2942 2297 καὶ
2971 2244 3370 2314 ὑπερφρονεῖν
3401 2244 3658 2313 εἰθισμέ-

2067 2348 2163 2388 νοι
2193 2332 2259 2386 τὸ
2287 2329 2641 2404 θεραπεῦον.
2678 2335 2935 2403 Ἔχουσι
2973 2332 3044 2388 δὲ
3084 2335 3183 2391 καὶ
3211 2336 3479 2402 βασιλέα
3507 2354 3660 2391 πιινο

2067 2424 2449 2493 ουργότατον,
2494 2424 2594 2479 καὶ
2626 2423 2756 2490 ταῖς
2787 2425 3148 2496 μεταϐολαῖς
3197 2427 3317 2480 τῶν
3360 2427 3451 2481 ἀεὶ
3506 2444 3657 2496 πορ-

2067 2510 2260 2565 όντων
2298 2512 2625 2581 ἡδόμενονο
2660 2511 2800 2568 ὅθεν
2827 2504 2905 2583 δὴ
2930 2515 3028 2568 καὶ
3065 2517 3138 2570 τὰ
3171 2515 3282 2583 τῆς
3310 2521 3658 2589 μιαιφονίας

2065 2604 2288 2673 ἀθρόον
2337 2604 2682 2672 διήνυσται,
2730 2605 2839 2663 τοῦ
2883 2609 3002 2677 μὲν
3041 2610 3327 2680 ἐμϐριθῶς
3382 2613 3657 2682 ἐγκελευ-

2065 2698 2355 2768 σαμένου,
2383 2699 2504 2755 τῶν
2531 2700 2600 2755 δὲ
2629 2702 2946 2773 προθύμως
2979 2705 3511 2773 ὑπηρετησάντων.
3542 2709 3655 2764 Καὶ

2067 2794 2486 2864 πεπορθήμεθα
2522 2796 2854 2865 μονονουχὶ
2889 2795 3041 2864 πρὸς
3068 2799 3290 2863 αὐτῶν,
3340 2801 3481 2855 οὔτε
3530 2801 3657 2857 ἀδι-

2067 2887 2337 2955 κήματος
2374 2888 2690 2957 ᾶρξαντες,
2741 2890 2881 2946 οὔτε
2917 2891 3080 2957 τινὸς
3122 2892 3344 2961 ἔχθους
3388 2895 3656 2965 συμὸάν-

2065 2995 2189 3044 τος,
2241 2977 2381 3033 ἀλλ’
2429 2982 2645 3048 ὁποίας
2673 2983 2969 3051 πρότερον
3014 2983 3256 3054 εῑχοντο
3304 2987 3652 3054 συνηθείας,

2066 3068 2175 3140 τῆς
2204 3071 2397 3140 αὐτῆς
2421 3071 2667 3142 ἔχεσθαι
2701 3072 3049 3143 δοκοῦντες,
3093 3076 3477 3147 πεπράγασιν
3501 3079 3657 3149 ὅμως

2068 3162 2141 3217 τὰ
2200 3164 2446 3220 πάντων
2491 3165 2888 3232 ἀνοσιώτατα,
2947 3168 3151 3238 ὥσπερ
3201 3171 3472 3239 αὐθωρὸν
3513 3171 3658 3226 ἀνα-ι

2065 3256 2445 3325 πλησθέντες
2471 3258 2774 3330 ὠμότητος
2802 3261 2901 3315 καὶ
2921 3261 3145 3331 μανίας
3162 3263 3260 3317 καὶ
3289 3264 3516 3333 μίσους
3555 3261 3656 3318 και

2066 3349 2312 3405 πάντων
2341 3350 2492 3421 ἐμοῦ
2536 3351 2657 3408 τῶν
2696 3352 2965 3414 τοιῶνδε.
3008 3354 3167 3410 Ἀλλ’
3201 3357 3273 3411 οὺ
3310 3359 3381 3411 τὰ
3409 3355 3658 3428 Περσῶν

2067 3442 2184 3512 ἤθη
2224 3442 2442 3511 τοιάδε,
2487 3444 2725 3501 πολλοῦ
2771 3464 2835 3518 γε
2886 3446 2986 3502 καὶ
3030 3447 3140 3505 δεῖ.
3182 3449 3403 3517 Φίλους
3436 3467 3501 3504 τε
3547 3452 3659 3522 γὰρ

2066 3534 2176 3603 οὓς
2204 3535 2282 3590 ἂν
2317 3535 2584 3606 ἐξαρχῆς
2611 3536 2941 3605 κτήσαιντο
2979 3538 3342 3605 βεϐαιότατα
3381 3540 3660 3611 στέργειν

2067 3625 2404 3697 πειρῶνται,
2438 3631 2540 3684 καὶ
2584 3629 2701 3699 τὴν
2738 3629 2928 3700 ὀργὴν
2956 3632 3108 3700 πρὸς
3139 3632 3209 3687 τὸ
3238 3633 3284 3665 ⁸⁷
3318 3633 3661 3691 ἀντίπαλον

2067 3715 2461 3786 διατηροῦσιν
2484 3718 2613 3773 ἐστ’
2635 3717 2713 3774 ἂν
2744 3718 2792 3753 ’⁸
2815 3720 3156 3776 ἀντίπαλον
3282 3723 3661 3797 Ἠϐουλόμην

2063 3807 2183 3880 μὲν
2214 3805 2331 3866 οὖν
2381 3808 2458 3880 τῇ
2486 3809 2756 3882 Κολχικῇ
2792 3813 3064 3881 πολιτείᾳ
3112 3813 3230 3883 τὴν
3261 3816 3525 3872 παλαιὰν
3551 3817 3658 3872 δύ·-

2067 3919 2252 3975 ναμιν
2301 3905 2770 3976 προσγενέσθαι,
2808 3906 2891 3973 ὡς
2911 3906 3202 3979 μηδαμῶς
3246 3908 3441 3978 αὐτὴν
3474 3910 3659 3978 ξένης

373 3996 532 4076 ceret.
566 4016 702 4074 Cum
726 4029 846 4070 vero
889 4012 995 4066 sive
1025 4008 1277 4079 temporis
1305 4006 1582 4068 varietate,
1611 4004 1717 4058 sive
1738 4003 1968 4074 fortuna:

2068 3997 2233 4064 τινὸς
2288 3996 2391 4052 καὶ
2455 3996 2770 4065 ἐπήλυδος
2825 3999 3174 4071 ἐπικουρίας
3236 4002 3656 4071 προσδεῖσθαι,

373 4109 806 4171 adversitatibus,
838 4106 944 4161 sive
967 4104 1129 4160 etiam
1153 4113 1373 4172 utroque
1399 4097 1679 4168 compulsi,
1709 4112 1771 4151 eo
1797 4097 1968 4166 impo-

2068 4087 2207 4142 ἀλλ’
2248 4082 2409 4143 εἶναι
2446 4088 2573 4156 τοῖς
2610 4087 2804 4144 πᾶσιν
2847 4090 2915 4155 ἐς
2945 4107 3012 4145 τε
3057 4092 3330 4162 πόλεμον
3360 4094 3459 4147 και
3502 4094 3549 4127 ⁸⁵
3591 4092 3660 4162 ἐς

376 4209 555 4263 tentite
578 4201 893 4265 venerimus,
936 4211 990 4253 ut
1017 4196 1144 4251 aliis
1176 4193 1380 4250 subditi
1417 4192 1605 4256 simus,
1639 4189 1970 4243 consultissi-

2068 4178 2321 4249 ειρήνην
2359 4180 2874 4249 αὐταρκεστάτην.
2923 4180 3086 4236 Ἐπεὶ
3131 4182 3220 4248 δέ,
3267 4182 3390 4237 εἴτε
3432 4183 3659 4253 χρόνου

374 4316 522 4356 mum
563 4295 807 4352 duxerim
848 4291 957 4347 illis
1004 4291 1232 4351 subesse,
1262 4284 1420 4357 157
1445 4285 1536 4356 qui
1590 4282 1966 4337 moderatiores

2068 4270 2326 4343 διαφορᾷ
2368 4273 2437 4340 ³⁸,
2484 4275 2608 4328 eice
2655 4275 2848 4345 τύχης
2886 4274 3349 4346 ἐναντιώμασιν,
3405 4276 3526 4331 εἴτε
3559 4277 3657 4331 και

373 4391 852 4466 αᾳιιαίιὶίὶοττιᾳιιε
893 4393 1038 4448 sunt,
1080 4381 1272 4452 quique
1296 4379 1706 4434 benevolentiam
1743 4379 1800 4431 in
1841 4391 1965 4431 suos

2068 4366 2462 4447 ἀμφοτέροις,
2535 4365 2995 4435 ἐκϐιασθέντες,
3046 4369 3133 4435 εις
3191 4367 3371 4423 τοῦτο
3430 4370 3662 4439 ἥκομεν

375 4458 448 4557 τι,
469 4486 523 4541 in
551 4483 833 4557 fatderatos
868 4486 1074 4531 sartam
1120 4483 1311 4529 tectam
1352 4480 1684 4527 conservant.
1718 4468 1807 4523 lta
1845 4484 1963 4524 vero

2069 4458 2410 4557 ἀσθενείας,
2463 4458 2546 4525 ὡς
2595 4459 2697 4528 ὑφ’
2732 4458 2958 4527 ἑτέροις
3006 4458 3306 4530 τετάχθαι,
3338 4461 3661 4533 κράτιστον

378 4547 678 4652 superiores
720 4574 1003 4631 evademus
1044 4571 1133 4633 iis,
1160 4566 1253 4638 qui
1285 4580 1401 4620 uere
1438 4563 1588 4618 nobis
1619 4571 1744 4617 sunt
1773 4562 1968 4625 hostes,

2070 4547 2231 4620 οἶμαι
2280 4549 2661 4622 προσχωρεῖν
2689 4550 2814 4619 τοῖς
2843 4551 3365 4623 έμςσρονεστέροις,
3412 4555 3513 4612 καὶ
3544 4557 3660 4624 τὴν

379 4646 616 4743 sineque
658 4670 872 4724 omnino
906 4660 1249 4719 commissum
1293 4657 1505 4727 facinus
1539 4657 1755 4726 impune
1795 4655 1968 4720 abeat,

2070 4646 2318 4701 εὔνοιαν
2359 4647 2512 4716 πρὸς
2561 4647 2628 4702 τὸ
2667 4647 2889 4703 οικεῒον
2921 4650 3020 4704 καὶ
3080 4650 3425 4708 ἔνσπονδον
3461 4653 3533 4707 ἐν
3577 4651 3658 4717 τῷ

379 4768 638 4835 simulque.
677 4764 733 4819 in
783 4769 1052 4833 posterum
1101 4755 1377 4810 securitati
1439 4768 1617 4807 rerum
1665 4760 1969 4804 nostrarum

2072 4737 2341 4809 ἀτρέπτῳ
2363 4738 2822 4811 παρεχομένοις.
2851 4740 3016 4795 Οὕτω
3041 4741 3112 4796 δὲ
3135 4744 3233 4800 καὶ
3264 4747 3661 4815 περιεσόμεθα

381 4858 821 4916 consuluerimus.
850 4850 995 4906 Nam
1031 4844 1241 4903 subdoli
1270 4859 1452 4898 eorum
1479 4855 1527 4896 et
1558 4841 1741 4895 blandi
1777 4856 1965 4908 mores,

362 4973 505 5028 'quos
525 4967 635 5022 pra!
679 4966 733 5005 se
763 4947 985 5019 ferentes
1026 4941 1212 4997 dolosa
1234 4937 1465 5009 quadam
1495 4937 1710 4990 lenitate
1749 4933 1977 5002 fietitia-q

378 5025 479 5119 que
498 5041 872 5117 familiaritate
895 5035 1137 5092 credulos
1157 5031 1353 5101 fallunt
1376 5028 1693 5098 injuriisque
1705 5025 1965 5095 aﬂicinnt,

377 5115 523 5197 irriti
557 5137 712 5207 plane
751 5141 801 5189 et
854 5128 1067 5186 inutiles
1112 5133 1302 5188 erunt;
1340 5137 1503 5190 neque
1551 5120 1682 5189 ipsis
1733 5115 1967 5187 facultas

379 5239 615 5306 suppetet
649 5229 898 5285 adversus
925 5240 1017 5279 nos
1044 5222 1112 5276 iis
1148 5217 1351 5280 utendi,
1384 5233 1501 5270 cum
1537 5214 1686 5268 nulia
1714 5211 1865 5266 nobis
1904 5214 1968 5266 ob

2071 4831 2193 4886 τῶν
2234 4832 2315 4899 ὡς
2341 4831 2584 4901 ἀληθῶς
2620 4836 2947 4906 πολεμίων,
2996 4834 3079 4901 τῷ
3108 4836 3260 4906 μήτε
3310 4839 3657 4892 παντάπασι

2073 4925 2142 4981 τὸ
2184 4926 2431 4996 φθάσαν
2464 4926 2839 4997 ἀτιμώρητον
2875 4928 3367 4998 καταλειφθῆναι,
3402 4932 3500 4985 καὶ
3551 4931 3657 4985 τοῦ

2066 5018 2410 5087 μέλλοντος
2459 5016 2615 5086 πέρι,
2651 5017 2811 5084 ὅπως
2857 5017 2928 5072 ἐν
2956 5017 3035 5085 τῷ
3074 5021 3347 5090 ἀσφαλεῖ
3371 5023 3654 5087 κείσεται,

2070 5110 2146 5164 τὰ
2176 5108 2393 5164 δέοντα
2434 5110 2950 5179 παρεσκευάσθαι.
2988 5112 3060 5166 Τὸ
3100 5113 3220 5184 μὲν
3246 5115 3356 5185 τὰρ
3385 5115 3660 5172 ὕπουλον

2072 5204 2269 5260 ἐκεῖνο
2298 5205 2404 5260 τοῦ
2429 5206 2652 5273 τρόπου
2697 5204 2797 5259 καὶ
2842 5206 3223 5278 βωμολόχον,
3258 5207 3292 5262 ὃ
3324 5210 3657 5279 προσαλλό-

1694 5398 1931 5457 VARIAS
1956 5393 2366 5454 LECTIONES.

452 5574 501 5609 "
527 5569 887 5643 ὸτη).ικοῦτος
915 5567 990 5643 Β,
1019 5567 1048 5618 ὁ
1082 5564 1303 5643 τηλίκος
1330 5563 1482 5643 vulg.

1583 5561 1676 5593 ιδιῖ

452 5574 501 5609 ’⁸
527 5569 887 5643 ὸτηὶηκοῦτος
915 5567 984 5629 Β,
1019 5567 1048 5618 ὁ
1082 5564 1303 5634 τηλίκος
1330 5563 1482 5631 vulg.
1583 5563 1628 5593 "
1654 5560 1938 5629 ἀγαπητὸν
1975 5560 2038 5614 ll.
2141 5560 2191 5591 ’ὀ
2218 5560 2596 5628 καθεδούμεθα
2639 5560 2683 5611 R

384 5646 582 5767 1423.,
623 5645 678 5697 in
714 5656 826 5713 quo
862 5656 938 5694 ιη.
965 5639 1002 5693 2
1026 5637 1269 5723 porrexit
1295 5653 1309 5688 :
1340 5632 1748 5701 κιϐεδούμενοι.
1788 5633 1953 5715 impr.
1989 5632 2036 5685 si
2057 5629 2284 5687 sedendo
2308 5629 2690 5684 consultemus.

384 5715 441 5767 λε
524 5731 640 5767 soci
673 5711 739 5767 ﬂ.
767 5708 1204 5767 θαρῤαλιωτατοι
1233 5704 1376 5767 vulg.
1453 5704 1496 5743 ’τ
1534 5702 1671 5767 πρὸς
1692 5702 1755 5756 rb
1783 5700 2079 5756 αιιτίπα).ον
2110 5701 2178 5763 ll,
2225 5702 2284 5765 ις
2318 5700 2383 5754 τὸ
2438 5700 2557 5756 ἀντ.
2588 5698 2690 5766 νιιιι

384 5698 640 5786 Edicit)!
673 5698 1204 5786 R.'_0appa2.sdna_tgi
1233 5704 1381 5786 nili;2
1412 5704 1496 5786 _"
1522 5698 1671 5786 Fab;
1692 5702 1755 5756 τὸ
1783 5698 2079 5756 ἀντίπαλον
2110 5701 2178 5784 ιι..
2205 5702 2284 5786 ,ις
2318 5700 2383 5754 τὸ
2438 5700 2557 5756 ἀντ.
2588 5698 2736 5786 vulg.

2141 5560 2191 5591 ’ὀ
2218 5557 2596 5628 καθεδούμεθα
2639 5555 2683 5611 Β
2735 5555 2887 5628 (CL).
2936 5556 3355 5628 καθεδουμένων
3400 5558 3551 5628 vulg.
3609 5569 3661 5610 tt

2141 5629 2284 5661 Ρηιιλη
2310 5629 2669 5661 ,υηηιιίιιηιιυι
2784 5629 2829 5661 ll
2859 5627 3199 5661 διηεηηῆιιρερ
3228 5626 3270 5661 Π
3375 5626 3422 5661 π
3452 5630 3655 5661 ΛηΑΑΑ-

2859 5626 3199 5700 ἠρεμοῦντες
3228 5626 3296 5682 R.
3375 5626 3422 5661 “
3452 5626 3659 5702 θάρὁ-

2844 5700 2892 5732 ’⁸
2922 5699 2989 5754 ἂν
3036 5699 3101 5768 ιι,
3136 5714 3249 5756 om.
3279 5698 3423 5772 vulg.
3463 5695 3532 5773 ἦν
3563 5715 3659 5770 pm

389 5782 425 5851 ᾗ
453 5781 521 5838 ιι.
557 5771 570 5786 ’
592 5783 645 5816 ι’
673 5771 764 5836 καὶ
794 5771 905 5835 oui.
934 5778 1003 5835 Β.
1082 5775 1126 5809 ³⁸
1151 5771 1383 5846 διαφορᾷ
1412 5773 1478 5843 R,
1522 5775 1687 5847 impr.
1726 5786 2017 5843 temporum
2048 5774 2326 5839 uarietate,
2354 5772 2654 5845 παραφορᾷ
2683 5771 2827 5843 vulg.
