  <div class='ocr_page' id='page_1' title='image "/cluster/home/n/w/nwhite01/storage/ocr_20150623/88/mdp.39015078384321/744.png"; bbox 0 0 4054 6208; ppageno 0'>
   <div class='ocr_carea' id='block_1_1' title="bbox 445 356 577 422">
    <p class='ocr_par' dir='ltr' id='par_1_1' title="bbox 445 356 577 422">
     <span class='ocr_line' id='line_1_1' title="bbox 445 356 577 422; baseline 0 0"><span class='ocrx_word' id='word_1_1' title='bbox 445 356 464 422; x_wconf 80' lang='grc' dir='ltr'><strong><em>ι</em></strong></span> <span class='ocrx_word' id='word_1_2' title='bbox 480 356 577 422; x_wconf 64' lang='grc'><strong><em>421</em></strong></span> 
     </span>
    </p>
   </div>
   <div class='ocr_carea' id='block_1_2' title="bbox 1595 357 2550 423">
    <p class='ocr_par' dir='ltr' id='par_1_2' title="bbox 1595 357 2550 423">
     <span class='ocr_line' id='line_1_2' title="bbox 1595 357 2550 423; baseline 0 -3"><span class='ocrx_word' id='word_1_3' title='bbox 1595 357 2136 422; x_wconf 80' lang='lat' dir='ltr'><strong><em>IllSTORIARUM</em></strong></span> <span class='ocrx_word' id='word_1_4' title='bbox 2175 359 2412 423; x_wconf 83' lang='lat' dir='ltr'><strong><em>LIBER</em></strong></span> <span class='ocrx_word' id='word_1_5' title='bbox 2433 358 2550 421; x_wconf 87' lang='grc' dir='ltr'>ῐΙΙ.</span> 
     </span>
    </p>
   </div>
   <div class='ocr_carea' id='block_1_3' title="bbox 3572 353 3706 418">
    <p class='ocr_par' dir='ltr' id='par_1_3' title="bbox 3572 353 3706 418">
     <span class='ocr_line' id='line_1_3' title="bbox 3572 353 3706 418; baseline 0 0"><span class='ocrx_word' id='word_1_6' title='bbox 3572 353 3706 418; x_wconf 71' lang='grc'><strong><em>1422</em></strong></span> 
     </span>
    </p>
   </div>
   <div class='ocr_carea' id='block_1_4' title="bbox 435 475 2013 548">
    <p class='ocr_par' dir='ltr' id='par_1_4' title="bbox 435 475 2013 548">
     <span class='ocr_line' id='line_1_4' title="bbox 435 475 2013 548; baseline 0 -18"><span class='ocrx_word' id='word_1_7' title='bbox 435 492 604 546; x_wconf 87' lang='grc' dir='ltr'><em>μενοι</em></span> <span class='ocrx_word' id='word_1_8' title='bbox 642 476 794 547; x_wconf 83' lang='grc' dir='ltr'><em>μετὰ</em></span> <span class='ocrx_word' id='word_1_9' title='bbox 827 478 1164 546; x_wconf 80' lang='grc' dir='ltr'><em>πραότητος</em></span> <span class='ocrx_word' id='word_1_10' title='bbox 1212 475 1464 547; x_wconf 80' lang='grc' dir='ltr'><em>δολερᾶς</em></span> <span class='ocrx_word' id='word_1_11' title='bbox 1501 476 1600 532; x_wconf 78' lang='grc' dir='ltr'><em>καὶ</em></span> <span class='ocrx_word' id='word_1_12' title='bbox 1647 478 1887 548; x_wconf 80' lang='grc' dir='ltr'><em>όμιλιάς</em></span> <span class='ocrx_word' id='word_1_13' title='bbox 1911 496 2013 548; x_wconf 79' lang='grc' dir='ltr'><em>με·</em></span> 
     </span>
    </p>
   </div>
   <div class='ocr_carea' id='block_1_5' title="bbox 2112 475 3728 548">
    <p class='ocr_par' dir='ltr' id='par_1_5' title="bbox 2127 475 3728 539">
     <span class='ocr_line' id='line_1_5' title="bbox 2127 475 3728 539; baseline -0.004 -5"><span class='ocrx_word' id='word_1_14' title='bbox 2127 479 2475 534; x_wconf 81' lang='lat' dir='ltr'><strong><em>ltostilitatem</em></strong></span> <span class='ocrx_word' id='word_1_15' title='bbox 2495 477 2814 533; x_wconf 86' lang='lat' dir='ltr'><strong><em>consuetudo</em></strong></span> <span class='ocrx_word' id='word_1_16' title='bbox 2846 493 2963 530; x_wconf 90' lang='lat' dir='ltr'><strong><em>cum</em></strong></span> <span class='ocrx_word' id='word_1_17' title='bbox 2997 476 3072 531; x_wconf 90' lang='lat' dir='ltr'><strong><em>eis</em></strong></span> <span class='ocrx_word' id='word_1_18' title='bbox 3110 476 3179 530; x_wconf 92' lang='lat' dir='ltr'><strong><em>sit</em></strong></span> <span class='ocrx_word' id='word_1_19' title='bbox 3213 475 3584 539; x_wconf 85' lang='lat' dir='ltr'><strong><em>intercessura,</em></strong></span> <span class='ocrx_word' id='word_1_20' title='bbox 3614 476 3728 529; x_wconf 64' lang='lat' dir='ltr'><strong><em>sed.</em></strong></span> 
     </span>
    </p>
   </div>
   <div class='ocr_carea' id='block_1_6' title="bbox 435 567 2019 640">
    <p class='ocr_par' dir='ltr' id='par_1_6' title="bbox 435 567 2019 640">
     <span class='ocr_line' id='line_1_6' title="bbox 435 567 2019 640; baseline 0.001 -17"><span class='ocrx_word' id='word_1_21' title='bbox 435 568 862 640; x_wconf 77' lang='grc' dir='ltr'><em>μηχανημένης</em></span> <span class='ocrx_word' id='word_1_22' title='bbox 891 569 1034 636; x_wconf 78' lang='grc' dir='ltr'><em>τοὺς</em></span> <span class='ocrx_word' id='word_1_23' title='bbox 1063 570 1462 636; x_wconf 82' lang='grc' dir='ltr'><em>πιστεύοντας</em></span> <span class='ocrx_word' id='word_1_24' title='bbox 1490 567 1791 636; x_wconf 83' lang='grc' dir='ltr'><em>ἀδικοῦσι,</em></span> <span class='ocrx_word' id='word_1_25' title='bbox 1826 586 2019 639; x_wconf 81' lang='grc' dir='ltr'><em>περιτ-</em></span> 
     </span>
    </p>
   </div>
   <div class='ocr_carea' id='block_1_7' title="bbox 435 659 2024 731">
    <p class='ocr_par' dir='ltr' id='par_1_7' title="bbox 435 659 2024 731">
     <span class='ocr_line' id='line_1_7' title="bbox 435 659 2024 731; baseline 0.002 -18"><span class='ocrx_word' id='word_1_26' title='bbox 435 660 545 713; x_wconf 79' lang='grc' dir='ltr'><strong><em>τὸν</em></strong></span> <span class='ocrx_word' id='word_1_27' title='bbox 571 659 745 716; x_wconf 78' lang='grc' dir='ltr'><em>ἔσται</em></span> <span class='ocrx_word' id='word_1_28' title='bbox 789 661 887 715; x_wconf 73' lang='grc' dir='ltr'><em>καὶ</em></span> <span class='ocrx_word' id='word_1_29' title='bbox 942 660 1262 730; x_wconf 86' lang='grc' dir='ltr'><em>ἀνόνητον,</em></span> <span class='ocrx_word' id='word_1_30' title='bbox 1295 661 1394 716; x_wconf 71' lang='grc' dir='ltr'><em>καὶ</em></span> <span class='ocrx_word' id='word_1_31' title='bbox 1445 663 1560 731; x_wconf 85' lang='grc' dir='ltr'><strong><em>οὐχ</em></strong></span> <span class='ocrx_word' id='word_1_32' title='bbox 1589 660 1839 726; x_wconf 80' lang='grc' dir='ltr'><em>ἕξουσιν</em></span> <span class='ocrx_word' id='word_1_33' title='bbox 1862 662 2024 731; x_wconf 81' lang='grc' dir='ltr'><em>ὅπως</em></span> 
     </span>
    </p>
   </div>
   <div class='ocr_carea' id='block_1_8' title="bbox 434 750 2022 825">
    <p class='ocr_par' dir='ltr' id='par_1_8' title="bbox 434 750 2022 825">
     <span class='ocr_line' id='line_1_8' title="bbox 434 750 2022 825; baseline 0.004 -22"><span class='ocrx_word' id='word_1_34' title='bbox 434 750 596 816; x_wconf 85' lang='grc' dir='ltr'><strong><em>αὑτῷ</em></strong></span> <span class='ocrx_word' id='word_1_35' title='bbox 625 750 959 820; x_wconf 80' lang='grc' dir='ltr'><em>χρήσονται</em></span> <span class='ocrx_word' id='word_1_36' title='bbox 985 751 1029 785; x_wconf 82' lang='grc'><strong><em>⁸³</em></strong></span> <span class='ocrx_word' id='word_1_37' title='bbox 1062 754 1192 808; x_wconf 87' lang='grc' dir='ltr'><em>καθ’</em></span> <span class='ocrx_word' id='word_1_38' title='bbox 1218 752 1389 822; x_wconf 73' lang='grc' dir='ltr'><em>’ἡμῶν</em></span> <span class='ocrx_word' id='word_1_39' title='bbox 1410 753 1506 807; x_wconf 85' lang='grc' dir='ltr'><strong><em>διὰ</em></strong></span> <span class='ocrx_word' id='word_1_40' title='bbox 1535 755 1602 808; x_wconf 85' lang='grc' dir='ltr'><strong><em>τύ</em></strong></span> <span class='ocrx_word' id='word_1_41' title='bbox 1634 753 1883 825; x_wconf 78' lang='grc' dir='ltr'><strong><em>ἄμικτον</em></strong></span> <span class='ocrx_word' id='word_1_42' title='bbox 1912 755 2022 824; x_wconf 80' lang='grc' dir='ltr'><em>τῆς</em></span> 
     </span>
    </p>
   </div>
   <div class='ocr_carea' id='block_1_9' title="bbox 434 839 2023 915">
    <p class='ocr_par' dir='ltr' id='par_1_9' title="bbox 434 839 2023 915">
     <span class='ocr_line' id='line_1_9' title="bbox 434 839 2023 915; baseline 0.004 -22"><span class='ocrx_word' id='word_1_43' title='bbox 434 839 799 910; x_wconf 74' lang='grc' dir='ltr'><strong><em>δυσμενείας</em></strong></span> <span class='ocrx_word' id='word_1_44' title='bbox 825 841 922 898; x_wconf 71' lang='grc' dir='ltr'><strong><em>καί</em></strong></span> <span class='ocrx_word' id='word_1_45' title='bbox 953 842 1293 914; x_wconf 77' lang='grc' dir='ltr'><em>περιφανῶς</em></span> <span class='ocrx_word' id='word_1_46' title='bbox 1315 845 1808 915; x_wconf 82' lang='grc' dir='ltr'><em>ἀποκεκριμένον.</em></span> <span class='ocrx_word' id='word_1_47' title='bbox 1852 846 1921 900; x_wconf 83' lang='lat' dir='ltr'><strong><em>Et</em></strong></span> <span class='ocrx_word' id='word_1_48' title='bbox 1953 846 2023 900; x_wconf 82' lang='grc' dir='ltr'><em>δὲ</em></span> 
     </span>
    </p>
   </div>
   <div class='ocr_carea' id='block_1_10' title="bbox 439 929 2025 1009">
    <p class='ocr_par' dir='ltr' id='par_1_10' title="bbox 439 929 2025 1009">
     <span class='ocr_line' id='line_1_10' title="bbox 439 929 2025 1009; baseline 0.006 -25"><span class='ocrx_word' id='word_1_49' title='bbox 439 929 535 985; x_wconf 77' lang='grc' dir='ltr'><em>και</em></span> <span class='ocrx_word' id='word_1_50' title='bbox 565 931 855 1002; x_wconf 82' lang='grc' dir='ltr'><em>πολεμεῖν</em></span> <span class='ocrx_word' id='word_1_51' title='bbox 882 933 1237 1004; x_wconf 76' lang='grc' dir='ltr'><strong><em>πειραθεῖεν,</em></strong></span> <span class='ocrx_word' id='word_1_52' title='bbox 1268 935 1430 990; x_wconf 84' lang='grc' dir='ltr'><em>ἀλλὰ</em></span> <span class='ocrx_word' id='word_1_53' title='bbox 1471 938 1618 1005; x_wconf 85' lang='grc' dir='ltr'><em>πρὸς</em></span> <span class='ocrx_word' id='word_1_54' title='bbox 1647 935 1874 1004; x_wconf 78' lang='grc' dir='ltr'><em>Λαζοὺς</em></span> <span class='ocrx_word' id='word_1_55' title='bbox 1903 938 2025 1009; x_wconf 85' lang='grc' dir='ltr'><strong><em>ἅμα</em></strong></span> 
     </span>
    </p>
   </div>
   <div class='ocr_carea' id='block_1_11' title="bbox 439 1022 2025 1096">
    <p class='ocr_par' dir='ltr' id='par_1_11' title="bbox 439 1022 2025 1096">
     <span class='ocr_line' id='line_1_11' title="bbox 439 1022 2025 1096; baseline 0.006 -20"><span class='ocrx_word' id='word_1_56' title='bbox 439 1022 535 1076; x_wconf 80' lang='grc' dir='ltr'><em>και</em></span> <span class='ocrx_word' id='word_1_57' title='bbox 569 1023 812 1092; x_wconf 79' lang='grc' dir='ltr'><strong><em>Πέρσας</em></strong></span> <span class='ocrx_word' id='word_1_58' title='bbox 840 1025 1378 1096; x_wconf 70' lang='grc' dir='ltr'><strong><em>παραταττόμενοι,</em></strong></span> <span class='ocrx_word' id='word_1_59' title='bbox 1427 1027 1526 1082; x_wconf 77' lang='grc' dir='ltr'><em>καὶ</em></span> <span class='ocrx_word' id='word_1_60' title='bbox 1570 1028 1759 1083; x_wconf 87' lang='grc' dir='ltr'><em>ταῦτα</em></span> <span class='ocrx_word' id='word_1_61' title='bbox 1809 1029 1882 1084; x_wconf 75' lang='grc' dir='ltr'><em>ἐν</em></span> <span class='ocrx_word' id='word_1_62' title='bbox 1917 1045 2025 1085; x_wconf 81' lang='grc' dir='ltr'><em>πο-</em></span> 
     </span>
    </p>
   </div>
   <div class='ocr_carea' id='block_1_12' title="bbox 439 1115 2024 1189">
    <p class='ocr_par' dir='ltr' id='par_1_12' title="bbox 439 1115 2024 1189">
     <span class='ocr_line' id='line_1_12' title="bbox 439 1115 2024 1189; baseline 0.004 -19"><span class='ocrx_word' id='word_1_63' title='bbox 439 1115 616 1186; x_wconf 81' lang='grc' dir='ltr'><em>λεμία</em></span> <span class='ocrx_word' id='word_1_64' title='bbox 664 1115 762 1186; x_wconf 71' lang='grc' dir='ltr'><strong><em>τῇ,</em></strong></span> <span class='ocrx_word' id='word_1_65' title='bbox 801 1115 871 1172; x_wconf 84' lang='grc' dir='ltr'><em>τὸ</em></span> <span class='ocrx_word' id='word_1_66' title='bbox 920 1116 1073 1188; x_wconf 68' lang='grc' dir='ltr'><strong><em>⁸γοῦν</em></strong></span> <span class='ocrx_word' id='word_1_67' title='bbox 1125 1117 1428 1182; x_wconf 77' lang='grc' dir='ltr'><em>ἐντεῦθεν.</em></span> <span class='ocrx_word' id='word_1_68' title='bbox 1465 1121 1578 1176; x_wconf 86' lang='grc' dir='ltr'><em>οὐκ</em></span> <span class='ocrx_word' id='word_1_69' title='bbox 1622 1119 1700 1174; x_wconf 85' lang='grc' dir='ltr'><em>ἂν</em></span> <span class='ocrx_word' id='word_1_70' title='bbox 1737 1120 1881 1177; x_wconf 80' lang='grc' dir='ltr'><em>οὐδὲ</em></span> <span class='ocrx_word' id='word_1_71' title='bbox 1907 1121 2024 1189; x_wconf 79' lang='grc' dir='ltr'><em>τὴν</em></span> 
     </span>
    </p>
   </div>
   <div class='ocr_carea' id='block_1_13' title="bbox 439 1209 2024 1283">
    <p class='ocr_par' dir='ltr' id='par_1_13' title="bbox 439 1209 2024 1283">
     <span class='ocr_line' id='line_1_13' title="bbox 439 1209 2024 1283; baseline 0.008 -22"><span class='ocrx_word' id='word_1_72' title='bbox 439 1209 635 1278; x_wconf 77' lang='grc' dir='ltr'><em>ὁρμὴν</em></span> <span class='ocrx_word' id='word_1_73' title='bbox 661 1211 1011 1266; x_wconf 72' lang='grc' dir='ltr'><strong><em>ὑποσταῖεν.</em></strong></span> <span class='ocrx_word' id='word_1_74' title='bbox 1063 1213 1135 1268; x_wconf 88' lang='grc' dir='ltr'><strong><em>οι</em></strong></span> <span class='ocrx_word' id='word_1_75' title='bbox 1175 1229 1243 1283; x_wconf 79' lang='grc' dir='ltr'><em>τε</em></span> <span class='ocrx_word' id='word_1_76' title='bbox 1272 1213 1370 1268; x_wconf 74' lang='grc' dir='ltr'><em>καὶ</em></span> <span class='ocrx_word' id='word_1_77' title='bbox 1403 1214 1618 1283; x_wconf 78' lang='grc' dir='ltr'><strong><em>ἀρτίως</em></strong></span> <span class='ocrx_word' id='word_1_78' title='bbox 1649 1215 1696 1248; x_wconf 80' lang='grc'><strong><em>³⁸</em></strong></span> <span class='ocrx_word' id='word_1_79' title='bbox 1724 1219 1901 1272; x_wconf 75' lang='grc' dir='ltr'><em>παντὶ</em></span> <span class='ocrx_word' id='word_1_80' title='bbox 1943 1217 2024 1281; x_wconf 78' lang='grc' dir='ltr'><em>τῶ</em></span> 
     </span>
    </p>
   </div>
   <div class='ocr_carea' id='block_1_14' title="bbox 437 1297 2022 1379">
    <p class='ocr_par' dir='ltr' id='par_1_14' title="bbox 437 1297 2022 1379">
     <span class='ocr_line' id='line_1_14' title="bbox 437 1297 2022 1379; baseline 0.008 -28"><span class='ocrx_word' id='word_1_81' title='bbox 437 1297 672 1367; x_wconf 81' lang='grc' dir='ltr'><em>στρατῷ</em></span> <span class='ocrx_word' id='word_1_82' title='bbox 691 1301 873 1370; x_wconf 76' lang='grc' dir='ltr'><em>μοίρᾳ</em></span> <span class='ocrx_word' id='word_1_83' title='bbox 900 1303 1015 1357; x_wconf 77' lang='grc' dir='ltr'><em>τινὶ</em></span> <span class='ocrx_word' id='word_1_84' title='bbox 1045 1301 1164 1356; x_wconf 83' lang='grc' dir='ltr'><strong><em>τῶν</em></strong></span> <span class='ocrx_word' id='word_1_85' title='bbox 1193 1302 1418 1373; x_wconf 81' lang='grc' dir='ltr'><em>Μήδων</em></span> <span class='ocrx_word' id='word_1_86' title='bbox 1437 1305 1734 1375; x_wconf 80' lang='grc' dir='ltr'><em>ἐλαχίστῃ</em></span> <span class='ocrx_word' id='word_1_87' title='bbox 1764 1310 2022 1379; x_wconf 73' lang='grc' dir='ltr'><em>προσμίσ-</em></span> 
     </span>
    </p>
   </div>
   <div class='ocr_carea' id='block_1_15' title="bbox 437 1388 2022 1470">
    <p class='ocr_par' dir='ltr' id='par_1_15' title="bbox 437 1388 2022 1470">
     <span class='ocr_line' id='line_1_15' title="bbox 437 1388 2022 1470; baseline 0.008 -26"><span class='ocrx_word' id='word_1_88' title='bbox 437 1388 654 1458; x_wconf 79' lang='grc' dir='ltr'><em>ξαντες</em></span> <span class='ocrx_word' id='word_1_89' title='bbox 695 1392 798 1446; x_wconf 70' lang='grc' dir='ltr'><em>καὶ</em></span> <span class='ocrx_word' id='word_1_90' title='bbox 825 1393 872 1426; x_wconf 84' lang='grc'><strong><em>³³</em></strong></span> <span class='ocrx_word' id='word_1_91' title='bbox 901 1395 1051 1463; x_wconf 87' lang='grc' dir='ltr'><em>πρὸς</em></span> <span class='ocrx_word' id='word_1_92' title='bbox 1079 1395 1286 1466; x_wconf 74' lang='grc' dir='ltr'><strong><em>φυγὴν</em></strong></span> <span class='ocrx_word' id='word_1_93' title='bbox 1310 1397 1492 1464; x_wconf 82' lang='grc' dir='ltr'><em>εὐθὺς</em></span> <span class='ocrx_word' id='word_1_94' title='bbox 1522 1401 1854 1469; x_wconf 69' lang='grc' dir='ltr'><em>αἰσχίστην</em></span> <span class='ocrx_word' id='word_1_95' title='bbox 1885 1419 2022 1470; x_wconf 79' lang='grc' dir='ltr'><em>τρα-</em></span> 
     </span>
    </p>
   </div>
   <div class='ocr_carea' id='block_1_16' title="bbox 2124 565 3708 640">
    <p class='ocr_par' dir='ltr' id='par_1_16' title="bbox 2124 565 3708 640">
     <span class='ocr_line' id='line_1_16' title="bbox 2124 565 3708 640; baseline -0.004 -16"><span class='ocrx_word' id='word_1_96' title='bbox 2124 582 2302 640; x_wconf 89' lang='lat' dir='ltr'><strong><em>aperte</em></strong></span> <span class='ocrx_word' id='word_1_97' title='bbox 2350 571 2605 640; x_wconf 83' lang='lat' dir='ltr'><strong><em>disjuncti</em></strong></span> <span class='ocrx_word' id='word_1_98' title='bbox 2653 571 2818 624; x_wconf 87' lang='lat' dir='ltr'><strong><em>simus</em></strong></span> <span class='ocrx_word' id='word_1_99' title='bbox 2850 569 3040 638; x_wconf 87' lang='lat' dir='ltr'><strong><em>futuri.</em></strong></span> <span class='ocrx_word' id='word_1_100' title='bbox 3088 566 3243 634; x_wconf 82' lang='lat' dir='ltr'><strong><em>Quod</em></strong></span> <span class='ocrx_word' id='word_1_101' title='bbox 3291 567 3340 621; x_wconf 97' lang='lat' dir='ltr'><strong><em>si</em></strong></span> <span class='ocrx_word' id='word_1_102' title='bbox 3390 581 3509 621; x_wconf 80' lang='lat' dir='ltr'><strong><em>vero</em></strong></span> <span class='ocrx_word' id='word_1_103' title='bbox 3547 565 3708 620; x_wconf 88' lang='lat' dir='ltr'><strong><em>etiam</em></strong></span> 
     </span>
    </p>
   </div>
   <div class='ocr_carea' id='block_1_17' title="bbox 2123 654 3707 733">
    <p class='ocr_par' dir='ltr' id='par_1_17' title="bbox 2123 654 3707 733">
     <span class='ocr_line' id='line_1_17' title="bbox 2123 654 3707 733; baseline -0.005 -17"><span class='ocrx_word' id='word_1_104' title='bbox 2123 661 2257 716; x_wconf 83' lang='lat' dir='ltr'><strong><em>bello</em></strong></span> <span class='ocrx_word' id='word_1_105' title='bbox 2285 678 2378 715; x_wconf 89' lang='lat' dir='ltr'><strong><em>nos</em></strong></span> <span class='ocrx_word' id='word_1_106' title='bbox 2410 661 2622 733; x_wconf 77' lang='lat' dir='ltr'><strong><em>aggredi</em></strong></span> <span class='ocrx_word' id='word_1_107' title='bbox 2648 661 2934 725; x_wconf 87' lang='lat' dir='ltr'><strong><em>tentarint;</em></strong></span> <span class='ocrx_word' id='word_1_108' title='bbox 2969 661 3016 714; x_wconf 90' lang='lat' dir='ltr'><strong><em>si</em></strong></span> <span class='ocrx_word' id='word_1_109' title='bbox 3042 658 3292 713; x_wconf 85' lang='lat' dir='ltr'><strong><em>adversus</em></strong></span> <span class='ocrx_word' id='word_1_110' title='bbox 3332 654 3502 712; x_wconf 78' lang='lat' dir='ltr'><strong><em>Lasos</em></strong></span> <span class='ocrx_word' id='word_1_111' title='bbox 3547 657 3707 711; x_wconf 83' lang='lat' dir='ltr'><strong><em>simul</em></strong></span> 
     </span>
    </p>
   </div>
   <div class='ocr_carea' id='block_1_18' title="bbox 2122 749 3708 824">
    <p class='ocr_par' dir='ltr' id='par_1_18' title="bbox 2122 749 3708 824">
     <span class='ocr_line' id='line_1_18' title="bbox 2122 749 3708 824; baseline -0.004 -16"><span class='ocrx_word' id='word_1_112' title='bbox 2122 764 2172 808; x_wconf 93' lang='lat' dir='ltr'><strong><em>et</em></strong></span> <span class='ocrx_word' id='word_1_113' title='bbox 2203 753 2400 808; x_wconf 81' lang='lat' dir='ltr'><strong><em>Persas</em></strong></span> <span class='ocrx_word' id='word_1_114' title='bbox 2436 753 2882 824; x_wconf 87' lang='lat' dir='ltr'><strong><em>congrediendum</em></strong></span> <span class='ocrx_word' id='word_1_115' title='bbox 2929 751 3089 822; x_wconf 89' lang='lat' dir='ltr'><strong><em>fuerit</em></strong></span> <span class='ocrx_word' id='word_1_116' title='bbox 3123 759 3173 805; x_wconf 89' lang='lat' dir='ltr'><strong><em>et</em></strong></span> <span class='ocrx_word' id='word_1_117' title='bbox 3196 751 3405 821; x_wconf 81' lang='lat' dir='ltr'><strong><em>quidem</em></strong></span> <span class='ocrx_word' id='word_1_118' title='bbox 3436 751 3491 802; x_wconf 89' lang='lat' dir='ltr'><strong><em>in</em></strong></span> <span class='ocrx_word' id='word_1_119' title='bbox 3526 749 3708 802; x_wconf 76' lang='lat' dir='ltr'><strong><em>hostili</em></strong></span> 
     </span>
    </p>
   </div>
   <div class='ocr_carea' id='block_1_19' title="bbox 2125 841 3708 918">
    <p class='ocr_par' dir='ltr' id='par_1_19' title="bbox 2125 841 3708 918">
     <span class='ocr_line' id='line_1_19' title="bbox 2125 841 3708 918; baseline -0.004 -19"><span class='ocrx_word' id='word_1_120' title='bbox 2125 847 2353 918; x_wconf 79' lang='lat' dir='ltr'><strong><em>regione,</em></strong></span> <span class='ocrx_word' id='word_1_121' title='bbox 2375 863 2440 904; x_wconf 85' lang='lat' dir='ltr'><strong><em>ne</em></strong></span> <span class='ocrx_word' id='word_1_122' title='bbox 2467 849 2695 917; x_wconf 87' lang='lat' dir='ltr'><strong><em>primunt</em></strong></span> <span class='ocrx_word' id='word_1_123' title='bbox 2719 847 2928 918; x_wconf 91' lang='lat' dir='ltr'><strong><em>quidem</em></strong></span> <span class='ocrx_word' id='word_1_124' title='bbox 2951 859 3134 899; x_wconf 89' lang='lat' dir='ltr'><strong><em>eorum</em></strong></span> <span class='ocrx_word' id='word_1_125' title='bbox 3161 843 3413 912; x_wconf 79' lang='lat' dir='ltr'><strong><em>impetum</em></strong></span> <span class='ocrx_word' id='word_1_126' title='bbox 3454 841 3708 896; x_wconf 86' lang='lat' dir='ltr'><strong><em>sustinere</em></strong></span> 
     </span>
    </p>
   </div>
   <div class='ocr_carea' id='block_1_20' title="bbox 2121 932 3708 1010">
    <p class='ocr_par' dir='ltr' id='par_1_20' title="bbox 2121 932 3708 1010">
     <span class='ocr_line' id='line_1_20' title="bbox 2121 932 3708 1010; baseline -0.008 -16"><span class='ocrx_word' id='word_1_127' title='bbox 2121 941 2348 1010; x_wconf 83' lang='lat' dir='ltr'><strong><em>possint,</em></strong></span> <span class='ocrx_word' id='word_1_128' title='bbox 2382 942 2471 1009; x_wconf 88' lang='lat' dir='ltr'><strong><em>qui</em></strong></span> <span class='ocrx_word' id='word_1_129' title='bbox 2512 941 2668 994; x_wconf 88' lang='lat' dir='ltr'><strong><em>modo</em></strong></span> <span class='ocrx_word' id='word_1_130' title='bbox 2702 955 2823 993; x_wconf 88' lang='lat' dir='ltr'><strong><em>cum</em></strong></span> <span class='ocrx_word' id='word_1_131' title='bbox 2860 939 3102 991; x_wconf 84' lang='lat' dir='ltr'><strong><em>universo</em></strong></span> <span class='ocrx_word' id='word_1_132' title='bbox 3147 935 3378 990; x_wconf 67' lang='lat' dir='ltr'><strong><em>exercitu</em></strong></span> <span class='ocrx_word' id='word_1_133' title='bbox 3421 932 3485 986; x_wconf 90' lang='lat' dir='ltr'><strong><em>ab</em></strong></span> <span class='ocrx_word' id='word_1_134' title='bbox 3515 933 3708 1000; x_wconf 73' lang='lat' dir='ltr'><strong><em>exigua</em></strong></span> 
     </span>
    </p>
   </div>
   <div class='ocr_carea' id='block_1_21' title="bbox 2122 1026 3707 1104">
    <p class='ocr_par' dir='ltr' id='par_1_21' title="bbox 2122 1026 3707 1104">
     <span class='ocr_line' id='line_1_21' title="bbox 2122 1026 3707 1104; baseline -0.008 -16"><span class='ocrx_word' id='word_1_135' title='bbox 2122 1035 2354 1104; x_wconf 85' lang='lat' dir='ltr'><strong><em>quadam</em></strong></span> <span class='ocrx_word' id='word_1_136' title='bbox 2398 1034 2672 1089; x_wconf 72' lang='lat' dir='ltr'><strong><em>Medorum</em></strong></span> <span class='ocrx_word' id='word_1_137' title='bbox 2719 1047 2880 1087; x_wconf 79' lang='lat' dir='ltr'><strong><em>manu</em></strong></span> <span class='ocrx_word' id='word_1_138' title='bbox 2927 1031 3202 1102; x_wconf 77' lang='lat' dir='ltr'><strong><em>confestim</em></strong></span> <span class='ocrx_word' id='word_1_139' title='bbox 3243 1029 3298 1082; x_wconf 88' lang='lat' dir='ltr'><strong><em>in</em></strong></span> <span class='ocrx_word' id='word_1_140' title='bbox 3343 1026 3707 1096; x_wconf 84' lang='lat' dir='ltr'><strong><em>turpissimam</em></strong></span> 
     </span>
    </p>
   </div>
   <div class='ocr_carea' id='block_1_22' title="bbox 2125 1117 3711 1198">
    <p class='ocr_par' dir='ltr' id='par_1_22' title="bbox 2125 1117 3711 1198">
     <span class='ocr_line' id='line_1_22' title="bbox 2125 1117 3711 1198; baseline -0.008 -16"><span class='ocrx_word' id='word_1_141' title='bbox 2125 1129 2305 1198; x_wconf 85' lang='lat' dir='ltr'><strong><em>fugam</em></strong></span> <span class='ocrx_word' id='word_1_142' title='bbox 2346 1129 2506 1190; x_wconf 78' lang='lat' dir='ltr'><strong><em>versi.</em></strong></span> <span class='ocrx_word' id='word_1_143' title='bbox 2533 1135 2584 1183; x_wconf 92' lang='lat' dir='ltr'><strong><em>et</em></strong></span> <span class='ocrx_word' id='word_1_144' title='bbox 2619 1125 2793 1181; x_wconf 81' lang='lat' dir='ltr'><strong><em>adnue</em></strong></span> <span class='ocrx_word' id='word_1_145' title='bbox 2829 1134 3035 1180; x_wconf 86' lang='lat' dir='ltr'><strong><em>tantum</em></strong></span> <span class='ocrx_word' id='word_1_146' title='bbox 3062 1140 3168 1178; x_wconf 88' lang='lat' dir='ltr'><strong><em>non</em></strong></span> <span class='ocrx_word' id='word_1_147' title='bbox 3203 1137 3315 1193; x_wconf 78' lang='lat' dir='ltr'><strong><em>pra.-</em></strong></span> <span class='ocrx_word' id='word_1_148' title='bbox 3355 1136 3517 1175; x_wconf 90' lang='lat' dir='ltr'><strong><em>cursu</em></strong></span> <span class='ocrx_word' id='word_1_149' title='bbox 3549 1117 3711 1171; x_wconf 81' lang='lat' dir='ltr'><strong><em>anhe-</em></strong></span> 
     </span>
    </p>
   </div>
   <div class='ocr_carea' id='block_1_23' title="bbox 2124 1211 3710 1290">
    <p class='ocr_par' dir='ltr' id='par_1_23' title="bbox 2124 1211 3710 1290">
     <span class='ocr_line' id='line_1_23' title="bbox 2124 1211 3710 1290; baseline -0.008 -16"><span class='ocrx_word' id='word_1_150' title='bbox 2124 1221 2294 1275; x_wconf 88' lang='lat' dir='ltr'><strong><em>lantes</em></strong></span> <span class='ocrx_word' id='word_1_151' title='bbox 2319 1221 2569 1290; x_wconf 78' lang='lat' dir='ltr'><strong><em>spiritum</em></strong></span> <span class='ocrx_word' id='word_1_152' title='bbox 2609 1219 2830 1275; x_wconf 76' lang='lat' dir='ltr'><strong><em>trahunt</em></strong></span> <span class='ocrx_word' id='word_1_153' title='bbox 2849 1234 2868 1284; x_wconf 88' lang='lat'><em>;</em></span> <span class='ocrx_word' id='word_1_154' title='bbox 2907 1226 2961 1274; x_wconf 84' lang='lat' dir='ltr'><strong><em>et</em></strong></span> <span class='ocrx_word' id='word_1_155' title='bbox 2994 1216 3238 1272; x_wconf 86' lang='lat' dir='ltr'><strong><em>omnibus</em></strong></span> <span class='ocrx_word' id='word_1_156' title='bbox 3269 1214 3502 1285; x_wconf 81' lang='lat' dir='ltr'><strong><em>quidem,</em></strong></span> <span class='ocrx_word' id='word_1_157' title='bbox 3539 1221 3595 1266; x_wconf 90' lang='lat' dir='ltr'><strong><em>ut</em></strong></span> <span class='ocrx_word' id='word_1_158' title='bbox 3630 1211 3710 1264; x_wconf 90' lang='lat' dir='ltr'><strong><em>ita</em></strong></span> 
     </span>
    </p>
   </div>
   <div class='ocr_carea' id='block_1_24' title="bbox 2124 1307 3708 1378">
    <p class='ocr_par' dir='ltr' id='par_1_24' title="bbox 2124 1307 3708 1378">
     <span class='ocr_line' id='line_1_24' title="bbox 2124 1307 3708 1378; baseline -0.007 -12"><span class='ocrx_word' id='word_1_159' title='bbox 2124 1315 2322 1378; x_wconf 87' lang='lat' dir='ltr'><strong><em>dicam,</em></strong></span> <span class='ocrx_word' id='word_1_160' title='bbox 2373 1314 2496 1369; x_wconf 87' lang='lat' dir='ltr'><strong><em>aliis</em></strong></span> <span class='ocrx_word' id='word_1_161' title='bbox 2541 1315 2689 1376; x_wconf 72' lang='lat' dir='ltr'><strong><em>victi,</em></strong></span> <span class='ocrx_word' id='word_1_162' title='bbox 2730 1313 2848 1368; x_wconf 89' lang='lat' dir='ltr'><strong><em>sola</em></strong></span> <span class='ocrx_word' id='word_1_163' title='bbox 2893 1327 3012 1368; x_wconf 75' lang='lat' dir='ltr'><strong><em>uero</em></strong></span> <span class='ocrx_word' id='word_1_164' title='bbox 3056 1310 3331 1367; x_wconf 76' lang='lat' dir='ltr'><strong><em>celeritate</em></strong></span> <span class='ocrx_word' id='word_1_165' title='bbox 3377 1307 3708 1374; x_wconf 81' lang='lat' dir='ltr'><strong><em>insequentes</em></strong></span> 
     </span>
    </p>
   </div>
   <div class='ocr_carea' id='block_1_25' title="bbox 2128 1405 2600 1463">
    <p class='ocr_par' dir='ltr' id='par_1_25' title="bbox 2128 1405 2600 1463">
     <span class='ocr_line' id='line_1_25' title="bbox 2128 1405 2600 1463; baseline 0.006 -3"><span class='ocrx_word' id='word_1_166' title='bbox 2128 1405 2320 1462; x_wconf 80' lang='lat' dir='ltr'><strong><em>Persas</em></strong></span> <span class='ocrx_word' id='word_1_167' title='bbox 2348 1408 2600 1463; x_wconf 78' lang='lat' dir='ltr'><strong><em>vicerunt.</em></strong></span> 
     </span>
    </p>
   </div>
   <div class='ocr_carea' id='block_1_26' title="bbox 437 1481 3711 1572">
    <p class='ocr_par' dir='ltr' id='par_1_26' title="bbox 437 1481 3711 1572">
     <span class='ocr_line' id='line_1_26' title="bbox 437 1481 3711 1572; baseline 0.008 -36"><span class='ocrx_word' id='word_1_168' title='bbox 437 1481 668 1572; x_wconf 80' lang='grc' dir='ltr'><em>πέντες,</em></span> <span class='ocrx_word' id='word_1_169' title='bbox 705 1484 886 1554; x_wconf 77' lang='grc' dir='ltr'><em>μέχρι</em></span> <span class='ocrx_word' id='word_1_170' title='bbox 961 1487 1060 1542; x_wconf 76' lang='grc' dir='ltr'><em>καὶ</em></span> <span class='ocrx_word' id='word_1_171' title='bbox 1102 1488 1222 1542; x_wconf 87' lang='grc' dir='ltr'><strong><em>νῦν</em></strong></span> <span class='ocrx_word' id='word_1_172' title='bbox 1263 1491 1594 1561; x_wconf 68' lang='grc' dir='ltr'><em>μονονουχὶ</em></span> <span class='ocrx_word' id='word_1_173' title='bbox 1647 1494 2059 1550; x_wconf 85' lang='grc' dir='ltr'><em>πνευστιῶσιν</em></span> <span class='ocrx_word' id='word_1_174' title='bbox 2095 1495 2182 1569; x_wconf 85' lang='grc' dir='ltr'><strong><em>[Ρ.</em></strong></span> <span class='ocrx_word' id='word_1_175' title='bbox 2215 1498 2308 1572; x_wconf 81' lang='lat'><strong><em>83]</em></strong></span> <span class='ocrx_word' id='word_1_176' title='bbox 2377 1502 2498 1557; x_wconf 80' lang='grc' dir='ltr'><strong><em>ὑπὸ</em></strong></span> <span class='ocrx_word' id='word_1_177' title='bbox 2546 1501 2654 1557; x_wconf 89' lang='grc' dir='ltr'><strong><em>τοῦ</em></strong></span> <span class='ocrx_word' id='word_1_178' title='bbox 2699 1499 2943 1569; x_wconf 84' lang='grc' dir='ltr'><em>δρόμου,</em></span> <span class='ocrx_word' id='word_1_179' title='bbox 2998 1497 3190 1556; x_wconf 75' lang='grc' dir='ltr'><em>ἅπασι</em></span> <span class='ocrx_word' id='word_1_180' title='bbox 3230 1494 3349 1566; x_wconf 78' lang='grc' dir='ltr'><em>μὲν</em></span> <span class='ocrx_word' id='word_1_181' title='bbox 3391 1493 3473 1560; x_wconf 80' lang='grc' dir='ltr'><strong><em>ὡς</em></strong></span> <span class='ocrx_word' id='word_1_182' title='bbox 3517 1488 3711 1546; x_wconf 54' lang='lat' dir='ltr'><strong><em>tum.&quot;</em></strong></span> 
     </span>
    </p>
   </div>
   <div class='ocr_carea' id='block_1_27' title="bbox 437 1571 3075 1659">
    <p class='ocr_par' dir='ltr' id='par_1_27' title="bbox 437 1571 3075 1659">
     <span class='ocr_line' id='line_1_27' title="bbox 437 1571 3075 1659; baseline 0.008 -35"><span class='ocrx_word' id='word_1_183' title='bbox 437 1571 562 1640; x_wconf 79' lang='grc' dir='ltr'><em>τοῖς</em></span> <span class='ocrx_word' id='word_1_184' title='bbox 618 1572 832 1642; x_wconf 77' lang='grc' dir='ltr'><em>ἄλλοις</em></span> <span class='ocrx_word' id='word_1_185' title='bbox 895 1577 1350 1646; x_wconf 75' lang='grc' dir='ltr'><em>ἐλαττωθέντες,</em></span> <span class='ocrx_word' id='word_1_186' title='bbox 1393 1581 1563 1651; x_wconf 82' lang='grc' dir='ltr'><em>μόνῳ</em></span> <span class='ocrx_word' id='word_1_187' title='bbox 1617 1582 1686 1637; x_wconf 81' lang='grc' dir='ltr'><em>δὲ</em></span> <span class='ocrx_word' id='word_1_188' title='bbox 1725 1582 1806 1650; x_wconf 85' lang='grc' dir='ltr'><em>τῷ</em></span> <span class='ocrx_word' id='word_1_189' title='bbox 1853 1585 2022 1655; x_wconf 83' lang='grc' dir='ltr'><em>τάχει</em></span> <span class='ocrx_word' id='word_1_190' title='bbox 2061 1591 2204 1656; x_wconf 80' lang='grc' dir='ltr'><em>τοὺς</em></span> <span class='ocrx_word' id='word_1_191' title='bbox 2231 1571 2557 1659; x_wconf 75' lang='grc' dir='ltr'><em>διῶκοντας</em></span> <span class='ocrx_word' id='word_1_192' title='bbox 2594 1593 2978 1659; x_wconf 81' lang='grc' dir='ltr'><strong><em>νενικηκότες</em></strong></span> <span class='ocrx_word' id='word_1_193' title='bbox 3009 1589 3075 1644; x_wconf 69' lang='grc'><strong><em>³⁴.</em></strong></span> 
     </span>
    </p>
   </div>
   <div class='ocr_carea' id='block_1_28' title="bbox 508 1667 2013 1771">
    <p class='ocr_par' dir='ltr' id='par_1_28' title="bbox 508 1667 2013 1746">
     <span class='ocr_line' id='line_1_28' title="bbox 508 1667 2013 1746; baseline 0.013 -29"><span class='ocrx_word' id='word_1_194' title='bbox 508 1669 560 1719; x_wconf 84' lang='grc' dir='ltr'><em>ι’.</em></span> <span class='ocrx_word' id='word_1_195' title='bbox 595 1667 815 1723; x_wconf 85' lang='grc' dir='ltr'><em>Τούτου</em></span> <span class='ocrx_word' id='word_1_196' title='bbox 836 1667 904 1723; x_wconf 81' lang='grc' dir='ltr'><em>δὲ</em></span> <span class='ocrx_word' id='word_1_197' title='bbox 923 1669 990 1724; x_wconf 88' lang='grc' dir='ltr'><em>τὸ</em></span> <span class='ocrx_word' id='word_1_198' title='bbox 1012 1671 1131 1740; x_wconf 74' lang='grc' dir='ltr'><em>μὲν</em></span> <span class='ocrx_word' id='word_1_199' title='bbox 1149 1672 1413 1744; x_wconf 70' lang='grc' dir='ltr'><em>ἐμφανὲς</em></span> <span class='ocrx_word' id='word_1_200' title='bbox 1435 1675 1535 1729; x_wconf 73' lang='grc' dir='ltr'><em>καὶ</em></span> <span class='ocrx_word' id='word_1_201' title='bbox 1556 1679 2013 1746; x_wconf 72' lang='grc' dir='ltr'><em>προχειρότατον</em></span> 
     </span>
    </p>
   </div>
   <div class='ocr_carea' id='block_1_29' title="bbox 2112 1667 3702 1771">
    <p class='ocr_par' dir='ltr' id='par_1_29' title="bbox 2191 1677 3702 1771">
     <span class='ocr_line' id='line_1_29' title="bbox 2191 1677 3702 1771; baseline -0.003 -32"><span class='ocrx_word' id='word_1_202' title='bbox 2191 1685 2280 1740; x_wconf 80' lang='grc'><strong><em>10.</em></strong></span> <span class='ocrx_word' id='word_1_203' title='bbox 2327 1685 2506 1771; x_wconf 60' lang='grc' dir='ltr'><em>μείω</em></span> <span class='ocrx_word' id='word_1_204' title='bbox 2549 1703 2666 1740; x_wconf 72' lang='lat' dir='ltr'><strong><em>vero</em></strong></span> <span class='ocrx_word' id='word_1_205' title='bbox 2713 1687 2788 1740; x_wconf 85' lang='lat' dir='ltr'><strong><em>rei</em></strong></span> <span class='ocrx_word' id='word_1_206' title='bbox 2827 1683 3162 1755; x_wconf 77' lang='lat' dir='ltr'><strong><em>apertissima</em></strong></span> <span class='ocrx_word' id='word_1_207' title='bbox 3207 1677 3702 1751; x_wconf 71' lang='lat' dir='ltr'><strong><em>expeditissimaque</em></strong></span> 
     </span>
    </p>
   </div>
   <div class='ocr_carea' id='block_1_30' title="bbox 435 1755 2017 1840">
    <p class='ocr_par' dir='ltr' id='par_1_30' title="bbox 435 1755 2017 1840">
     <span class='ocr_line' id='line_1_30' title="bbox 435 1755 2017 1840; baseline 0.013 -31"><span class='ocrx_word' id='word_1_208' title='bbox 435 1755 623 1810; x_wconf 80' lang='grc' dir='ltr'><em>αιτιον</em></span> <span class='ocrx_word' id='word_1_209' title='bbox 657 1757 991 1830; x_wconf 78' lang='grc' dir='ltr'><em>ἀνανδρίαν</em></span> <span class='ocrx_word' id='word_1_210' title='bbox 1024 1761 1071 1795; x_wconf 82' lang='grc'><strong><em>³³</em></strong></span> <span class='ocrx_word' id='word_1_211' title='bbox 1118 1763 1277 1820; x_wconf 76' lang='grc' dir='ltr'><em>εἴποι</em></span> <span class='ocrx_word' id='word_1_212' title='bbox 1332 1782 1422 1833; x_wconf 87' lang='grc' dir='ltr'><strong><em>τις</em></strong></span> <span class='ocrx_word' id='word_1_213' title='bbox 1449 1765 1548 1832; x_wconf 81' lang='grc' dir='ltr'><em>ἂν,</em></span> <span class='ocrx_word' id='word_1_214' title='bbox 1605 1769 1707 1825; x_wconf 76' lang='grc' dir='ltr'><em>καὶ</em></span> <span class='ocrx_word' id='word_1_215' title='bbox 1739 1769 1806 1823; x_wconf 77' lang='grc' dir='ltr'><em>τὸ</em></span> <span class='ocrx_word' id='word_1_216' title='bbox 1829 1768 1916 1840; x_wconf 74' lang='grc' dir='ltr'><em>μὴ</em></span> <span class='ocrx_word' id='word_1_217' title='bbox 1944 1773 2017 1829; x_wconf 70' lang='grc' dir='ltr'><em>τὰ</em></span> 
     </span>
    </p>
   </div>
   <div class='ocr_carea' id='block_1_31' title="bbox 433 1846 2018 1932">
    <p class='ocr_par' dir='ltr' id='par_1_31' title="bbox 433 1846 2018 1932">
     <span class='ocr_line' id='line_1_31' title="bbox 433 1846 2018 1932; baseline 0.011 -32"><span class='ocrx_word' id='word_1_218' title='bbox 433 1846 824 1917; x_wconf 70' lang='grc' dir='ltr'><em>προσήκοντα</em></span> <span class='ocrx_word' id='word_1_219' title='bbox 845 1851 1310 1914; x_wconf 78' lang='grc' dir='ltr'><em>βεϐουλεῦσθαι.</em></span> <span class='ocrx_word' id='word_1_220' title='bbox 1338 1859 1635 1925; x_wconf 83' lang='grc' dir='ltr'><em>Πρόσεστι</em></span> <span class='ocrx_word' id='word_1_221' title='bbox 1671 1861 1783 1928; x_wconf 79' lang='grc' dir='ltr'><em>γὰρ</em></span> <span class='ocrx_word' id='word_1_222' title='bbox 1810 1860 2018 1932; x_wconf 84' lang='grc' dir='ltr'><em>αὐτοῖς</em></span> 
     </span>
    </p>
   </div>
   <div class='ocr_carea' id='block_1_32' title="bbox 429 1938 2018 2023">
    <p class='ocr_par' dir='ltr' id='par_1_32' title="bbox 429 1938 2018 2023">
     <span class='ocr_line' id='line_1_32' title="bbox 429 1938 2018 2023; baseline 0.013 -31"><span class='ocrx_word' id='word_1_223' title='bbox 429 1938 517 2005; x_wconf 84' lang='grc' dir='ltr'><em>ὡς</em></span> <span class='ocrx_word' id='word_1_224' title='bbox 552 1938 792 2009; x_wconf 83' lang='grc' dir='ltr'><em>ἀληθῶς</em></span> <span class='ocrx_word' id='word_1_225' title='bbox 821 1944 1090 2014; x_wconf 82' lang='grc' dir='ltr'><em>καθάπερ</em></span> <span class='ocrx_word' id='word_1_226' title='bbox 1138 1947 1328 2003; x_wconf 85' lang='grc' dir='ltr'><em>οίκεῗα</em></span> <span class='ocrx_word' id='word_1_227' title='bbox 1367 1950 1470 2004; x_wconf 73' lang='grc' dir='ltr'><em>καὶ</em></span> <span class='ocrx_word' id='word_1_228' title='bbox 1507 1952 1777 2023; x_wconf 76' lang='grc' dir='ltr'><em>συγγενῆ</em></span> <span class='ocrx_word' id='word_1_229' title='bbox 1815 1956 1915 2010; x_wconf 70' lang='grc' dir='ltr'><em>καὶ</em></span> <span class='ocrx_word' id='word_1_230' title='bbox 1944 1957 2018 2012; x_wconf 84' lang='grc' dir='ltr'><em>τὰ</em></span> 
     </span>
    </p>
   </div>
   <div class='ocr_carea' id='block_1_33' title="bbox 434 2029 2017 2116">
    <p class='ocr_par' dir='ltr' id='par_1_33' title="bbox 434 2029 2017 2116">
     <span class='ocr_line' id='line_1_33' title="bbox 434 2029 2017 2116; baseline 0.013 -34"><span class='ocrx_word' id='word_1_231' title='bbox 434 2029 678 2083; x_wconf 87' lang='grc' dir='ltr'><em>τοιαῦτα</em></span> <span class='ocrx_word' id='word_1_232' title='bbox 707 2032 930 2101; x_wconf 83' lang='grc' dir='ltr'><em>ὀνείδη·</em></span> <span class='ocrx_word' id='word_1_233' title='bbox 967 2035 1137 2102; x_wconf 80' lang='grc' dir='ltr'><em>πλὴν</em></span> <span class='ocrx_word' id='word_1_234' title='bbox 1164 2036 1328 2092; x_wconf 84' lang='grc' dir='ltr'><em>ἀλλὰ</em></span> <span class='ocrx_word' id='word_1_235' title='bbox 1368 2039 1491 2107; x_wconf 86' lang='grc' dir='ltr'><em>τοῖς</em></span> <span class='ocrx_word' id='word_1_236' title='bbox 1520 2042 1591 2096; x_wconf 79' lang='grc' dir='ltr'><em>ἐκ</em></span> <span class='ocrx_word' id='word_1_237' title='bbox 1631 2045 1875 2112; x_wconf 76' lang='grc' dir='ltr'><em>φύσεως</em></span> <span class='ocrx_word' id='word_1_238' title='bbox 1907 2064 2017 2116; x_wconf 86' lang='grc' dir='ltr'><em>μο-</em></span> 
     </span>
    </p>
   </div>
   <div class='ocr_carea' id='block_1_34' title="bbox 434 2122 2014 2204">
    <p class='ocr_par' dir='ltr' id='par_1_34' title="bbox 434 2122 2014 2204">
     <span class='ocr_line' id='line_1_34' title="bbox 434 2122 2014 2204; baseline 0.013 -32"><span class='ocrx_word' id='word_1_239' title='bbox 434 2122 681 2190; x_wconf 83' lang='grc' dir='ltr'><em>χθηροῖς</em></span> <span class='ocrx_word' id='word_1_240' title='bbox 713 2123 782 2177; x_wconf 81' lang='grc' dir='ltr'><em>τὸ</em></span> <span class='ocrx_word' id='word_1_241' title='bbox 816 2125 1172 2195; x_wconf 75' lang='grc' dir='ltr'><em>αὐθαίρετον</em></span> <span class='ocrx_word' id='word_1_242' title='bbox 1211 2128 1478 2202; x_wconf 77' lang='grc' dir='ltr'><em>ἀδίκημα</em></span> <span class='ocrx_word' id='word_1_243' title='bbox 1513 2136 1863 2204; x_wconf 79' lang='grc' dir='ltr'><em>προστεθὲν,</em></span> <span class='ocrx_word' id='word_1_244' title='bbox 1896 2138 2014 2194; x_wconf 76' lang='grc' dir='ltr'><em>ἐδι-</em></span> 
     </span>
    </p>
   </div>
   <div class='ocr_carea' id='block_1_35' title="bbox 434 2215 2016 2296">
    <p class='ocr_par' dir='ltr' id='par_1_35' title="bbox 434 2215 2016 2296">
     <span class='ocr_line' id='line_1_35' title="bbox 434 2215 2016 2296; baseline 0.012 -31"><span class='ocrx_word' id='word_1_245' title='bbox 434 2215 786 2268; x_wconf 77' lang='grc' dir='ltr'><em>πλασίασεν</em></span> <span class='ocrx_word' id='word_1_246' title='bbox 811 2217 1017 2284; x_wconf 85' lang='grc' dir='ltr'><em>αὐτοῖς</em></span> <span class='ocrx_word' id='word_1_247' title='bbox 1047 2218 1114 2274; x_wconf 86' lang='grc' dir='ltr'><em>τὸ</em></span> <span class='ocrx_word' id='word_1_248' title='bbox 1130 2219 1432 2291; x_wconf 82' lang='grc' dir='ltr'><em>ἀτύχημα,</em></span> <span class='ocrx_word' id='word_1_249' title='bbox 1470 2223 1583 2294; x_wconf 84' lang='grc' dir='ltr'><em>τῆς</em></span> <span class='ocrx_word' id='word_1_250' title='bbox 1611 2226 1717 2281; x_wconf 86' lang='grc' dir='ltr'><strong><em>τοῦ</em></strong></span> <span class='ocrx_word' id='word_1_251' title='bbox 1752 2228 2016 2296; x_wconf 77' lang='grc' dir='ltr'><em>κρείττοο</em></span> 
     </span>
    </p>
   </div>
   <div class='ocr_carea' id='block_1_36' title="bbox 433 2309 2016 2391">
    <p class='ocr_par' dir='ltr' id='par_1_36' title="bbox 433 2309 2016 2391">
     <span class='ocr_line' id='line_1_36' title="bbox 433 2309 2016 2391; baseline 0.01 -29"><span class='ocrx_word' id='word_1_252' title='bbox 433 2325 542 2374; x_wconf 90' lang='grc' dir='ltr'><strong><em>νος</em></strong></span> <span class='ocrx_word' id='word_1_253' title='bbox 579 2311 940 2380; x_wconf 79' lang='grc' dir='ltr'><em>προμηθείας</em></span> <span class='ocrx_word' id='word_1_254' title='bbox 964 2309 1063 2366; x_wconf 80' lang='grc' dir='ltr'><strong><em>διὰ</em></strong></span> <span class='ocrx_word' id='word_1_255' title='bbox 1089 2312 1154 2366; x_wconf 83' lang='grc' dir='ltr'><em>τὸ</em></span> <span class='ocrx_word' id='word_1_256' title='bbox 1177 2313 1322 2383; x_wconf 76' lang='grc' dir='ltr'><em>ἄγος</em></span> <span class='ocrx_word' id='word_1_257' title='bbox 1343 2315 1778 2374; x_wconf 77' lang='grc' dir='ltr'><em>ἐκπεπτωκόσι.</em></span> <span class='ocrx_word' id='word_1_258' title='bbox 1809 2321 1880 2375; x_wconf 84' lang='grc' dir='ltr'><em>Τὸ</em></span> <span class='ocrx_word' id='word_1_259' title='bbox 1904 2323 2016 2391; x_wconf 76' lang='grc' dir='ltr'><strong><em>γὰρ</em></strong></span> 
     </span>
    </p>
   </div>
   <div class='ocr_carea' id='block_1_37' title="bbox 432 2400 2015 2476">
    <p class='ocr_par' dir='ltr' id='par_1_37' title="bbox 432 2400 2015 2476">
     <span class='ocr_line' id='line_1_37' title="bbox 432 2400 2015 2476; baseline 0.008 -23"><span class='ocrx_word' id='word_1_260' title='bbox 432 2400 613 2466; x_wconf 85' lang='grc' dir='ltr'><em>νικᾷν</em></span> <span class='ocrx_word' id='word_1_261' title='bbox 639 2403 754 2472; x_wconf 82' lang='grc' dir='ltr'><strong><em>οὐχ</em></strong></span> <span class='ocrx_word' id='word_1_262' title='bbox 782 2404 936 2458; x_wconf 82' lang='grc' dir='ltr'><em>οὕτω</em></span> <span class='ocrx_word' id='word_1_263' title='bbox 985 2404 1112 2472; x_wconf 85' lang='grc' dir='ltr'><em>τοῖς</em></span> <span class='ocrx_word' id='word_1_264' title='bbox 1146 2404 1383 2474; x_wconf 83' lang='grc' dir='ltr'><em>ὅπλοις,</em></span> <span class='ocrx_word' id='word_1_265' title='bbox 1412 2407 1565 2462; x_wconf 86' lang='grc' dir='ltr'><em>ὅσον</em></span> <span class='ocrx_word' id='word_1_266' title='bbox 1593 2407 1672 2476; x_wconf 81' lang='grc' dir='ltr'><em>τῷ</em></span> <span class='ocrx_word' id='word_1_267' title='bbox 1707 2413 1947 2468; x_wconf 78' lang='grc' dir='ltr'><em>εὐσεϐεῖ</em></span> <span class='ocrx_word' id='word_1_268' title='bbox 1970 2416 2015 2446; x_wconf 77' lang='grc'><strong><em>³⁸</em></strong></span> 
     </span>
    </p>
   </div>
   <div class='ocr_carea' id='block_1_38' title="bbox 426 2492 2016 2576">
    <p class='ocr_par' dir='ltr' id='par_1_38' title="bbox 426 2492 2016 2576">
     <span class='ocr_line' id='line_1_38' title="bbox 426 2492 2016 2576; baseline 0.009 -31"><span class='ocrx_word' id='word_1_269' title='bbox 426 2492 796 2557; x_wconf 75' lang='grc' dir='ltr'><em>,βεϐαιοῦται-</em></span> <span class='ocrx_word' id='word_1_270' title='bbox 843 2495 942 2549; x_wconf 70' lang='lat' dir='ltr'><strong><em>real</em></strong></span> <span class='ocrx_word' id='word_1_271' title='bbox 998 2498 1111 2550; x_wconf 84' lang='grc' dir='ltr'><em>οὐκ</em></span> <span class='ocrx_word' id='word_1_272' title='bbox 1153 2496 1235 2550; x_wconf 76' lang='grc' dir='ltr'><em>ἄν</em></span> <span class='ocrx_word' id='word_1_273' title='bbox 1262 2514 1405 2554; x_wconf 85' lang='grc' dir='ltr'><em>ποτε</em></span> <span class='ocrx_word' id='word_1_274' title='bbox 1447 2501 1716 2568; x_wconf 85' lang='grc' dir='ltr'><em>μετεῖναι</em></span> <span class='ocrx_word' id='word_1_275' title='bbox 1759 2503 2016 2576; x_wconf 68' lang='grc' dir='ltr'><em>φήσαιμι</em></span> 
     </span>
    </p>
   </div>
   <div class='ocr_carea' id='block_1_39' title="bbox 433 2582 2015 2664">
    <p class='ocr_par' dir='ltr' id='par_1_39' title="bbox 433 2582 2015 2664">
     <span class='ocr_line' id='line_1_39' title="bbox 433 2582 2015 2664; baseline 0.009 -27"><span class='ocrx_word' id='word_1_276' title='bbox 433 2582 544 2653; x_wconf 85' lang='grc' dir='ltr'><em>τῆς</em></span> <span class='ocrx_word' id='word_1_277' title='bbox 604 2583 710 2638; x_wconf 90' lang='grc' dir='ltr'><strong><em>τοῦ</em></strong></span> <span class='ocrx_word' id='word_1_278' title='bbox 758 2587 985 2654; x_wconf 76' lang='grc' dir='ltr'><em>ἀγαθοῦ</em></span> <span class='ocrx_word' id='word_1_279' title='bbox 1025 2591 1378 2660; x_wconf 78' lang='grc' dir='ltr'><em>συμμαχίας</em></span> <span class='ocrx_word' id='word_1_280' title='bbox 1433 2594 1722 2662; x_wconf 82' lang='grc' dir='ltr'><em>πονηροῖς</em></span> <span class='ocrx_word' id='word_1_281' title='bbox 1757 2595 2015 2664; x_wconf 80' lang='grc' dir='ltr'><em>ἀνδράσι</em></span> 
     </span>
    </p>
   </div>
   <div class='ocr_carea' id='block_1_40' title="bbox 402 2667 2014 2756">
    <p class='ocr_par' dir='ltr' id='par_1_40' title="bbox 402 2667 2014 2756">
     <span class='ocr_line' id='line_1_40' title="bbox 402 2667 2014 2756; baseline 0.009 -27"><span class='ocrx_word' id='word_1_282' title='bbox 402 2667 404 2669; x_wconf 1' lang='grc' dir='ltr'><strong><em>θ</em></strong></span> <span class='ocrx_word' id='word_1_283' title='bbox 431 2676 532 2730; x_wconf 72' lang='grc' dir='ltr'><em>καὶ</em></span> <span class='ocrx_word' id='word_1_284' title='bbox 561 2680 971 2747; x_wconf 81' lang='grc' dir='ltr'><em>μιαρωτάτοις.</em></span> <span class='ocrx_word' id='word_1_285' title='bbox 1016 2683 1255 2750; x_wconf 81' lang='grc' dir='ltr'><em>Τούτοις</em></span> <span class='ocrx_word' id='word_1_286' title='bbox 1282 2678 1419 2751; x_wconf 83' lang='grc' dir='ltr'><em>οὖν,</em></span> <span class='ocrx_word' id='word_1_287' title='bbox 1448 2683 1616 2753; x_wconf 82' lang='grc' dir='ltr'><em>εἴπερ</em></span> <span class='ocrx_word' id='word_1_288' title='bbox 1657 2681 1729 2741; x_wconf 86' lang='grc' dir='ltr'><em>εὖ</em></span> <span class='ocrx_word' id='word_1_289' title='bbox 1756 2689 2014 2756; x_wconf 77' lang='grc' dir='ltr'><em>φρονοῦ-</em></span> 
     </span>
    </p>
   </div>
   <div class='ocr_carea' id='block_1_41' title="bbox 425 2768 2016 2850">
    <p class='ocr_par' dir='ltr' id='par_1_41' title="bbox 425 2768 2016 2850">
     <span class='ocr_line' id='line_1_41' title="bbox 425 2768 2016 2850; baseline 0.007 -27"><span class='ocrx_word' id='word_1_290' title='bbox 425 2785 563 2838; x_wconf 86' lang='grc' dir='ltr'><em>μεν,</em></span> <span class='ocrx_word' id='word_1_291' title='bbox 597 2770 668 2824; x_wconf 73' lang='lat' dir='ltr'><strong><em>ob</em></strong></span> <span class='ocrx_word' id='word_1_292' title='bbox 725 2773 1117 2840; x_wconf 75' lang='grc' dir='ltr'><em>προσεκτέον,</em></span> <span class='ocrx_word' id='word_1_293' title='bbox 1156 2768 1246 2842; x_wconf 76' lang='grc' dir='ltr'><strong><em>οῖς</em></strong></span> <span class='ocrx_word' id='word_1_294' title='bbox 1294 2777 1436 2832; x_wconf 80' lang='grc' dir='ltr'><em>οὔτε</em></span> <span class='ocrx_word' id='word_1_295' title='bbox 1487 2777 1560 2832; x_wconf 84' lang='grc' dir='ltr'><em>τὰ</em></span> <span class='ocrx_word' id='word_1_296' title='bbox 1615 2777 1726 2847; x_wconf 84' lang='grc' dir='ltr'><em>τῆς</em></span> <span class='ocrx_word' id='word_1_297' title='bbox 1776 2781 2016 2850; x_wconf 74' lang='grc' dir='ltr'><em>γνώμης</em></span> 
     </span>
    </p>
   </div>
   <div class='ocr_carea' id='block_1_42' title="bbox 432 2859 2015 2942">
    <p class='ocr_par' dir='ltr' id='par_1_42' title="bbox 432 2859 2015 2942">
     <span class='ocr_line' id='line_1_42' title="bbox 432 2859 2015 2942; baseline 0.009 -28"><span class='ocrx_word' id='word_1_298' title='bbox 432 2859 650 2930; x_wconf 76' lang='grc' dir='ltr'><em>ἄριστα</em></span> <span class='ocrx_word' id='word_1_299' title='bbox 667 2865 997 2933; x_wconf 72' lang='grc' dir='ltr'><em>σύγκειται,</em></span> <span class='ocrx_word' id='word_1_300' title='bbox 1027 2870 1125 2923; x_wconf 80' lang='grc' dir='ltr'><em>καὶ</em></span> <span class='ocrx_word' id='word_1_301' title='bbox 1153 2868 1218 2921; x_wconf 83' lang='grc' dir='ltr'><em>τὸ</em></span> <span class='ocrx_word' id='word_1_302' title='bbox 1243 2868 1454 2928; x_wconf 71' lang='grc' dir='ltr'><em>σώζειν</em></span> <span class='ocrx_word' id='word_1_303' title='bbox 1478 2869 1716 2925; x_wconf 78' lang='grc' dir='ltr'><em>ἅπαντα</em></span> <span class='ocrx_word' id='word_1_304' title='bbox 1745 2875 2015 2942; x_wconf 72' lang='grc' dir='ltr'><em>πεφυκὸς</em></span> 
     </span>
    </p>
   </div>
   <div class='ocr_carea' id='block_1_43' title="bbox 432 2951 2016 3035">
    <p class='ocr_par' dir='ltr' id='par_1_43' title="bbox 432 2951 2016 3035">
     <span class='ocr_line' id='line_1_43' title="bbox 432 2951 2016 3035; baseline 0.01 -29"><span class='ocrx_word' id='word_1_305' title='bbox 432 2951 678 3022; x_wconf 81' lang='grc' dir='ltr'><em>νεμεσᾷ.</em></span> <span class='ocrx_word' id='word_1_306' title='bbox 729 2956 824 3023; x_wconf 80' lang='grc' dir='ltr'><em>Ὠς</em></span> <span class='ocrx_word' id='word_1_307' title='bbox 855 2957 972 3026; x_wconf 76' lang='grc' dir='ltr'><em>μὲν</em></span> <span class='ocrx_word' id='word_1_308' title='bbox 997 2953 1111 3014; x_wconf 83' lang='grc' dir='ltr'><em>οὖν</em></span> <span class='ocrx_word' id='word_1_309' title='bbox 1144 2961 1182 3028; x_wconf 81' lang='grc' dir='ltr'><strong><em>ἠ</em></strong></span> <span class='ocrx_word' id='word_1_310' title='bbox 1207 2962 1636 3032; x_wconf 82' lang='grc' dir='ltr'><em>προσχώρησις</em></span> <span class='ocrx_word' id='word_1_311' title='bbox 1676 2965 1720 2998; x_wconf 75' lang='grc'><strong><em>³¹</em></strong></span> <span class='ocrx_word' id='word_1_312' title='bbox 1747 2965 1890 3035; x_wconf 75' lang='grc' dir='ltr'><em>ἡμῖν</em></span> <span class='ocrx_word' id='word_1_313' title='bbox 1919 2967 2016 3021; x_wconf 61' lang='lat' dir='ltr'><strong><em>eli-</em></strong></span> 
     </span>
    </p>
   </div>
   <div class='ocr_carea' id='block_1_44' title="bbox 433 3037 2085 3128">
    <p class='ocr_par' dir='ltr' id='par_1_44' title="bbox 433 3037 2085 3128">
     <span class='ocr_line' id='line_1_44' title="bbox 433 3037 2085 3128; baseline 0.009 -27"><span class='ocrx_word' id='word_1_314' title='bbox 433 3051 616 3115; x_wconf 84' lang='grc' dir='ltr'><em>κολος</em></span> <span class='ocrx_word' id='word_1_315' title='bbox 640 3049 812 3107; x_wconf 81' lang='grc' dir='ltr'><em>ἔσται</em></span> <span class='ocrx_word' id='word_1_316' title='bbox 851 3053 947 3107; x_wconf 77' lang='grc' dir='ltr'><em>καὶ</em></span> <span class='ocrx_word' id='word_1_317' title='bbox 980 3056 1446 3124; x_wconf 77' lang='grc' dir='ltr'><em>προσφορωτάτη</em></span> <span class='ocrx_word' id='word_1_318' title='bbox 1481 3058 1578 3111; x_wconf 86' lang='grc' dir='ltr'><em>καὶ</em></span> <span class='ocrx_word' id='word_1_319' title='bbox 1615 3058 1696 3124; x_wconf 87' lang='grc' dir='ltr'><em>τῷ</em></span> <span class='ocrx_word' id='word_1_320' title='bbox 1724 3061 2014 3128; x_wconf 76' lang='grc' dir='ltr'><em>κρείττονι</em></span> <span class='ocrx_word' id='word_1_321' title='bbox 2041 3037 2085 3094; x_wconf 74' lang='lat' dir='ltr'><strong>c</strong></span> 
     </span>
    </p>
   </div>
   <div class='ocr_carea' id='block_1_45' title="bbox 429 3143 2016 3219">
    <p class='ocr_par' dir='ltr' id='par_1_45' title="bbox 429 3143 2016 3219">
     <span class='ocr_line' id='line_1_45' title="bbox 429 3143 2016 3219; baseline 0.008 -24"><span class='ocrx_word' id='word_1_322' title='bbox 429 3144 857 3212; x_wconf 75' lang='grc' dir='ltr'><em>κεχαρισμένη,</em></span> <span class='ocrx_word' id='word_1_323' title='bbox 888 3143 990 3198; x_wconf 76' lang='grc' dir='ltr'><em>διὰ</em></span> <span class='ocrx_word' id='word_1_324' title='bbox 1017 3145 1136 3198; x_wconf 85' lang='grc' dir='ltr'><strong><em>τῶν</em></strong></span> <span class='ocrx_word' id='word_1_325' title='bbox 1163 3148 1520 3217; x_wconf 80' lang='grc' dir='ltr'><em>πραγμάτων</em></span> <span class='ocrx_word' id='word_1_326' title='bbox 1553 3150 1797 3219; x_wconf 76' lang='grc' dir='ltr'><em>μᾶλλον</em></span> <span class='ocrx_word' id='word_1_327' title='bbox 1830 3154 1866 3219; x_wconf 78' lang='grc' dir='ltr'><strong><em>ἢ</em></strong></span> <span class='ocrx_word' id='word_1_328' title='bbox 1900 3152 2016 3208; x_wconf 85' lang='grc' dir='ltr'><em>τῶν</em></span> 
     </span>
    </p>
   </div>
   <div class='ocr_carea' id='block_1_46' title="bbox 430 3233 2016 3309">
    <p class='ocr_par' dir='ltr' id='par_1_46' title="bbox 430 3233 2016 3309">
     <span class='ocr_line' id='line_1_46' title="bbox 430 3233 2016 3309; baseline 0.006 -21"><span class='ocrx_word' id='word_1_329' title='bbox 430 3237 631 3303; x_wconf 73' lang='grc' dir='ltr'><em>λόγων</em></span> <span class='ocrx_word' id='word_1_330' title='bbox 655 3233 699 3266; x_wconf 83' lang='grc'><strong><em>⁸⁸</em></strong></span> <span class='ocrx_word' id='word_1_331' title='bbox 728 3233 1080 3304; x_wconf 77' lang='grc' dir='ltr'><em>δεδήλωται.</em></span> <span class='ocrx_word' id='word_1_332' title='bbox 1121 3239 1203 3291; x_wconf 80' lang='grc' dir='ltr'><strong><em>Οὐ</em></strong></span> <span class='ocrx_word' id='word_1_333' title='bbox 1227 3237 1358 3308; x_wconf 79' lang='grc' dir='ltr'><em>μὴν</em></span> <span class='ocrx_word' id='word_1_334' title='bbox 1376 3239 1519 3293; x_wconf 85' lang='grc' dir='ltr'><strong><em>οὺδὲ</em></strong></span> <span class='ocrx_word' id='word_1_335' title='bbox 1552 3241 1783 3295; x_wconf 81' lang='grc' dir='ltr'><em>ἀδικεῖν</em></span> <span class='ocrx_word' id='word_1_336' title='bbox 1820 3243 2016 3309; x_wconf 75' lang='grc' dir='ltr'><em>δόξοιο</em></span> 
     </span>
    </p>
   </div>
   <div class='ocr_carea' id='block_1_47' title="bbox 425 3325 2015 3406">
    <p class='ocr_par' dir='ltr' id='par_1_47' title="bbox 425 3325 2015 3406">
     <span class='ocr_line' id='line_1_47' title="bbox 425 3325 2015 3406; baseline 0.006 -27"><span class='ocrx_word' id='word_1_337' title='bbox 425 3343 544 3397; x_wconf 87' lang='grc' dir='ltr'><strong><em>μεν</em></strong></span> <span class='ocrx_word' id='word_1_338' title='bbox 567 3325 666 3394; x_wconf 85' lang='grc' dir='ltr'><em>ἂν,</em></span> <span class='ocrx_word' id='word_1_339' title='bbox 705 3328 849 3383; x_wconf 81' lang='grc' dir='ltr'><em>οὐδὲ</em></span> <span class='ocrx_word' id='word_1_340' title='bbox 869 3328 1111 3386; x_wconf 77' lang='grc' dir='ltr'><em>ἄπιστοι</em></span> <span class='ocrx_word' id='word_1_341' title='bbox 1159 3332 1542 3388; x_wconf 80' lang='grc' dir='ltr'><em>καθεστάναι.</em></span> <span class='ocrx_word' id='word_1_342' title='bbox 1577 3335 1879 3402; x_wconf 72' lang='grc' dir='ltr'><em>Πολλάκις</em></span> <span class='ocrx_word' id='word_1_343' title='bbox 1906 3338 2015 3406; x_wconf 77' lang='grc' dir='ltr'><strong><em>γὰρ</em></strong></span> 
     </span>
    </p>
   </div>
   <div class='ocr_carea' id='block_1_48' title="bbox 429 3415 2015 3500">
    <p class='ocr_par' dir='ltr' id='par_1_48' title="bbox 429 3415 2015 3500">
     <span class='ocr_line' id='line_1_48' title="bbox 429 3415 2015 3500; baseline 0.01 -30"><span class='ocrx_word' id='word_1_344' title='bbox 429 3415 548 3487; x_wconf 66' lang='grc' dir='ltr'><em>ἤδη</em></span> <span class='ocrx_word' id='word_1_345' title='bbox 581 3421 681 3474; x_wconf 77' lang='grc' dir='ltr'><strong><em>καί</em></strong></span> <span class='ocrx_word' id='word_1_346' title='bbox 708 3422 1001 3490; x_wconf 79' lang='grc' dir='ltr'><em>πρότερον</em></span> <span class='ocrx_word' id='word_1_347' title='bbox 1030 3423 1150 3478; x_wconf 82' lang='grc' dir='ltr'><strong><em>ὑπὸ</em></strong></span> <span class='ocrx_word' id='word_1_348' title='bbox 1184 3425 1483 3493; x_wconf 86' lang='grc' dir='ltr'><em>Ῥωμαίων</em></span> <span class='ocrx_word' id='word_1_349' title='bbox 1512 3429 2015 3500; x_wconf 80' lang='grc' dir='ltr'><em>προπηλακιζόμε-</em></span> 
     </span>
    </p>
   </div>
   <div class='ocr_carea' id='block_1_49' title="bbox 429 3511 2014 3595">
    <p class='ocr_par' dir='ltr' id='par_1_49' title="bbox 429 3511 2014 3595">
     <span class='ocr_line' id='line_1_49' title="bbox 429 3511 2014 3595; baseline 0.011 -31"><span class='ocrx_word' id='word_1_350' title='bbox 429 3511 837 3583; x_wconf 79' lang='grc' dir='ltr'><em>νοι,ἐμμένειν</em></span> <span class='ocrx_word' id='word_1_351' title='bbox 865 3514 962 3573; x_wconf 83' lang='grc' dir='ltr'><em>καὶ</em></span> <span class='ocrx_word' id='word_1_352' title='bbox 987 3516 1069 3584; x_wconf 82' lang='grc' dir='ltr'><em>ὥς</em></span> <span class='ocrx_word' id='word_1_353' title='bbox 1091 3515 1216 3584; x_wconf 86' lang='grc' dir='ltr'><em>τοῖς</em></span> <span class='ocrx_word' id='word_1_354' title='bbox 1243 3521 1686 3588; x_wconf 81' lang='grc' dir='ltr'><em>καθεστηκόσιν</em></span> <span class='ocrx_word' id='word_1_355' title='bbox 1714 3524 2014 3595; x_wconf 65' lang='grc' dir='ltr'><em>ἡγούμεθα</em></span> 
     </span>
    </p>
   </div>
   <div class='ocr_carea' id='block_1_50' title="bbox 429 3601 2012 3687">
    <p class='ocr_par' dir='ltr' id='par_1_50' title="bbox 429 3601 2012 3687">
     <span class='ocr_line' id='line_1_50' title="bbox 429 3601 2012 3687; baseline 0.005 -31"><span class='ocrx_word' id='word_1_356' title='bbox 429 3601 674 3674; x_wconf 82' lang='grc' dir='ltr'><em>χρῆναι.</em></span> <span class='ocrx_word' id='word_1_357' title='bbox 725 3609 1112 3676; x_wconf 71' lang='grc' dir='ltr'><em>φαυλότατον</em></span> <span class='ocrx_word' id='word_1_358' title='bbox 1163 3606 1317 3666; x_wconf 79' lang='grc' dir='ltr'><em>εἶναι</em></span> <span class='ocrx_word' id='word_1_359' title='bbox 1361 3613 1676 3682; x_wconf 82' lang='grc' dir='ltr'><em>κρίνοντες</em></span> <span class='ocrx_word' id='word_1_360' title='bbox 1729 3617 1795 3670; x_wconf 82' lang='grc' dir='ltr'><em>τὸ</em></span> <span class='ocrx_word' id='word_1_361' title='bbox 1826 3634 2012 3687; x_wconf 83' lang='grc' dir='ltr'><em>μετα..</em></span> 
     </span>
    </p>
   </div>
   <div class='ocr_carea' id='block_1_51' title="bbox 430 3693 2013 3771">
    <p class='ocr_par' dir='ltr' id='par_1_51' title="bbox 430 3693 2013 3771">
     <span class='ocr_line' id='line_1_51' title="bbox 430 3693 2013 3771; baseline 0.01 -23"><span class='ocrx_word' id='word_1_362' title='bbox 430 3693 765 3751; x_wconf 79' lang='grc' dir='ltr'><em>ϐάλλεσθαι</em></span> <span class='ocrx_word' id='word_1_363' title='bbox 789 3698 1016 3769; x_wconf 70' lang='grc' dir='ltr'><em>ῥᾳδίως</em></span> <span class='ocrx_word' id='word_1_364' title='bbox 1044 3702 1147 3755; x_wconf 83' lang='grc' dir='ltr'><em>ἐπί</em></span> <span class='ocrx_word' id='word_1_365' title='bbox 1181 3719 1341 3758; x_wconf 86' lang='grc' dir='ltr'><em>τισιν</em></span> <span class='ocrx_word' id='word_1_366' title='bbox 1364 3703 1600 3771; x_wconf 84' lang='grc' dir='ltr'><em>αίτίαις,</em></span> <span class='ocrx_word' id='word_1_367' title='bbox 1623 3709 1674 3760; x_wconf 84' lang='grc' dir='ltr'><strong><em>εί</em></strong></span> <span class='ocrx_word' id='word_1_368' title='bbox 1699 3705 1798 3762; x_wconf 73' lang='grc' dir='ltr'><strong><em>καί</em></strong></span> <span class='ocrx_word' id='word_1_369' title='bbox 1824 3709 2013 3765; x_wconf 84' lang='grc' dir='ltr'><em>δεινό-</em></span> 
     </span>
    </p>
   </div>
   <div class='ocr_carea' id='block_1_52' title="bbox 427 3785 2010 3867">
    <p class='ocr_par' dir='ltr' id='par_1_52' title="bbox 427 3785 2010 3867">
     <span class='ocr_line' id='line_1_52' title="bbox 427 3785 2010 3867; baseline 0.01 -26"><span class='ocrx_word' id='word_1_370' title='bbox 427 3805 600 3844; x_wconf 87' lang='grc' dir='ltr'><em>ταται</em></span> <span class='ocrx_word' id='word_1_371' title='bbox 632 3785 776 3856; x_wconf 73' lang='grc' dir='ltr'><em>εἶεν,</em></span> <span class='ocrx_word' id='word_1_372' title='bbox 800 3792 1086 3864; x_wconf 76' lang='grc' dir='ltr'><em>φορηταῖς</em></span> <span class='ocrx_word' id='word_1_373' title='bbox 1109 3793 1179 3849; x_wconf 78' lang='grc' dir='ltr'><em>δὲ</em></span> <span class='ocrx_word' id='word_1_374' title='bbox 1211 3794 1370 3867; x_wconf 84' lang='grc' dir='ltr'><em>ὅμως</em></span> <span class='ocrx_word' id='word_1_375' title='bbox 1399 3796 1444 3830; x_wconf 86' lang='grc'><strong><em>³⁹</em></strong></span> <span class='ocrx_word' id='word_1_376' title='bbox 1469 3798 1567 3852; x_wconf 82' lang='grc' dir='ltr'><em>καὶ</em></span> <span class='ocrx_word' id='word_1_377' title='bbox 1599 3800 1671 3853; x_wconf 83' lang='grc' dir='ltr'><em>οὐ</em></span> <span class='ocrx_word' id='word_1_378' title='bbox 1701 3802 2010 3858; x_wconf 79' lang='grc' dir='ltr'><em>παντάπα-</em></span> 
     </span>
    </p>
   </div>
   <div class='ocr_carea' id='block_1_53' title="bbox 425 3882 2007 3960">
    <p class='ocr_par' dir='ltr' id='par_1_53' title="bbox 425 3882 2007 3960">
     <span class='ocr_line' id='line_1_53' title="bbox 425 3882 2007 3960; baseline 0.009 -26"><span class='ocrx_word' id='word_1_379' title='bbox 425 3897 533 3935; x_wconf 89' lang='grc' dir='ltr'><strong><em>σιν</em></strong></span> <span class='ocrx_word' id='word_1_380' title='bbox 561 3882 976 3951; x_wconf 84' lang='grc' dir='ltr'><em>ἀνυποίστοις.</em></span> <span class='ocrx_word' id='word_1_381' title='bbox 1015 3885 1085 3941; x_wconf 80' lang='grc' dir='ltr'><strong><em>Τὸ</em></strong></span> <span class='ocrx_word' id='word_1_382' title='bbox 1113 3885 1182 3940; x_wconf 83' lang='grc' dir='ltr'><em>δὲ</em></span> <span class='ocrx_word' id='word_1_383' title='bbox 1210 3887 1306 3941; x_wconf 77' lang='grc' dir='ltr'><em>καὶ</em></span> <span class='ocrx_word' id='word_1_384' title='bbox 1328 3888 1621 3960; x_wconf 75' lang='grc' dir='ltr'><em>μεγίστας</em></span> <span class='ocrx_word' id='word_1_385' title='bbox 1646 3891 1886 3959; x_wconf 69' lang='grc' dir='ltr'><em>,βλάϐας</em></span> <span class='ocrx_word' id='word_1_386' title='bbox 1909 3892 2007 3948; x_wconf 74' lang='grc' dir='ltr'><strong><em>καί</em></strong></span> 
     </span>
    </p>
   </div>
   <div class='ocr_carea' id='block_1_54' title="bbox 425 3973 2009 4052">
    <p class='ocr_par' dir='ltr' id='par_1_54' title="bbox 425 3973 2009 4052">
     <span class='ocr_line' id='line_1_54' title="bbox 425 3973 2009 4052; baseline 0.008 -23"><span class='ocrx_word' id='word_1_387' title='bbox 425 3973 739 4042; x_wconf 69' lang='grc' dir='ltr'><em>ἀνήκεστα</em></span> <span class='ocrx_word' id='word_1_388' title='bbox 779 3977 826 4008; x_wconf 70' lang='grc'>⁸⁸</span> <span class='ocrx_word' id='word_1_389' title='bbox 864 3978 1215 4049; x_wconf 82' lang='grc' dir='ltr'><em>πάσχοντας</em></span> <span class='ocrx_word' id='word_1_390' title='bbox 1263 3979 1470 4051; x_wconf 73' lang='grc' dir='ltr'><em>φέρειν</em></span> <span class='ocrx_word' id='word_1_391' title='bbox 1504 3983 1832 4052; x_wconf 79' lang='grc' dir='ltr'><em>διαπαντὸς</em></span> <span class='ocrx_word' id='word_1_392' title='bbox 1869 3987 2009 4042; x_wconf 78' lang='lat' dir='ltr'><strong><em>dra-</em></strong></span> 
     </span>
    </p>
   </div>
   <div class='ocr_carea' id='block_1_55' title="bbox 424 4067 2008 4147">
    <p class='ocr_par' dir='ltr' id='par_1_55' title="bbox 424 4067 2008 4147">
     <span class='ocr_line' id='line_1_55' title="bbox 424 4067 2008 4147; baseline 0.009 -28"><span class='ocrx_word' id='word_1_393' title='bbox 424 4067 761 4136; x_wconf 86' lang='grc' dir='ltr'><em>λαιπὼρως,</em></span> <span class='ocrx_word' id='word_1_394' title='bbox 796 4069 894 4125; x_wconf 71' lang='grc' dir='ltr'><em>καὶ</em></span> <span class='ocrx_word' id='word_1_395' title='bbox 925 4071 1074 4139; x_wconf 84' lang='grc' dir='ltr'><em>πρὸς</em></span> <span class='ocrx_word' id='word_1_396' title='bbox 1095 4072 1290 4140; x_wconf 77' lang='grc' dir='ltr'><em>μηδὲν</em></span> <span class='ocrx_word' id='word_1_397' title='bbox 1332 4075 1535 4129; x_wconf 82' lang='grc' dir='ltr'><em>ὁτιοῦν</em></span> <span class='ocrx_word' id='word_1_398' title='bbox 1564 4076 1853 4147; x_wconf 79' lang='grc' dir='ltr'><em>ἄχθεσθαι</em></span> <span class='ocrx_word' id='word_1_399' title='bbox 1886 4079 2008 4134; x_wconf 88' lang='grc' dir='ltr'><em>τῶν</em></span> 
     </span>
    </p>
   </div>
   <div class='ocr_carea' id='block_1_56' title="bbox 422 4158 2006 4238">
    <p class='ocr_par' dir='ltr' id='par_1_56' title="bbox 422 4158 2006 4238">
     <span class='ocr_line' id='line_1_56' title="bbox 422 4158 2006 4238; baseline 0.008 -26"><span class='ocrx_word' id='word_1_400' title='bbox 422 4158 691 4214; x_wconf 79' lang='grc' dir='ltr'><em>ἀνοσίων</em></span> <span class='ocrx_word' id='word_1_401' title='bbox 719 4161 908 4232; x_wconf 73' lang='grc' dir='ltr'><em>ἔργων</em></span> <span class='ocrx_word' id='word_1_402' title='bbox 931 4165 1030 4218; x_wconf 84' lang='grc' dir='ltr'><em>καὶ</em></span> <span class='ocrx_word' id='word_1_403' title='bbox 1056 4165 1473 4230; x_wconf 78' lang='grc' dir='ltr'><em>ἀτοπωτάτων,</em></span> <span class='ocrx_word' id='word_1_404' title='bbox 1502 4171 1574 4221; x_wconf 88' lang='grc' dir='ltr'><em>οὐ</em></span> <span class='ocrx_word' id='word_1_405' title='bbox 1615 4173 2006 4238; x_wconf 69' lang='grc' dir='ltr'><em>σωφρονούν-</em></span> 
     </span>
    </p>
   </div>
   <div class='ocr_carea' id='block_1_57' title="bbox 424 4251 2002 4329">
    <p class='ocr_par' dir='ltr' id='par_1_57' title="bbox 424 4251 2002 4329">
     <span class='ocr_line' id='line_1_57' title="bbox 424 4251 2002 4329; baseline 0.008 -23"><span class='ocrx_word' id='word_1_406' title='bbox 424 4268 544 4306; x_wconf 83' lang='grc' dir='ltr'><strong><em>των</em></strong></span> <span class='ocrx_word' id='word_1_407' title='bbox 568 4253 807 4323; x_wconf 85' lang='grc' dir='ltr'><em>ἀνδρῶν</em></span> <span class='ocrx_word' id='word_1_408' title='bbox 829 4251 987 4310; x_wconf 74' lang='grc' dir='ltr'><em>εἷναί</em></span> <span class='ocrx_word' id='word_1_409' title='bbox 1009 4275 1175 4328; x_wconf 70' lang='grc' dir='ltr'><em>φημι,</em></span> <span class='ocrx_word' id='word_1_410' title='bbox 1203 4257 1362 4314; x_wconf 78' lang='grc' dir='ltr'><em>ἀλλὰ</em></span> <span class='ocrx_word' id='word_1_411' title='bbox 1390 4259 1605 4315; x_wconf 77' lang='grc' dir='ltr'><em>δειλῶν</em></span> <span class='ocrx_word' id='word_1_412' title='bbox 1627 4261 1724 4316; x_wconf 78' lang='grc' dir='ltr'><em>καὶ</em></span> <span class='ocrx_word' id='word_1_413' title='bbox 1757 4263 2002 4329; x_wconf 82' lang='grc' dir='ltr'><em>ἀθλίων,</em></span> 
     </span>
    </p>
   </div>
   <div class='ocr_carea' id='block_1_58' title="bbox 422 4339 2003 4420">
    <p class='ocr_par' dir='ltr' id='par_1_58' title="bbox 422 4339 2003 4420">
     <span class='ocr_line' id='line_1_58' title="bbox 422 4339 2003 4420; baseline 0.007 -27"><span class='ocrx_word' id='word_1_414' title='bbox 422 4339 524 4393; x_wconf 76' lang='grc' dir='ltr'><em>καὶ</em></span> <span class='ocrx_word' id='word_1_415' title='bbox 551 4339 668 4409; x_wconf 81' lang='grc' dir='ltr'><em>τὴν</em></span> <span class='ocrx_word' id='word_1_416' title='bbox 695 4342 828 4412; x_wconf 79' lang='grc' dir='ltr'><em>περὶ</em></span> <span class='ocrx_word' id='word_1_417' title='bbox 864 4344 934 4400; x_wconf 84' lang='grc' dir='ltr'><em>τὰ</em></span> <span class='ocrx_word' id='word_1_418' title='bbox 976 4345 1150 4401; x_wconf 81' lang='grc' dir='ltr'><em>κοινὰ</em></span> <span class='ocrx_word' id='word_1_419' title='bbox 1183 4348 1490 4418; x_wconf 77' lang='grc' dir='ltr'><em>ρᾳθυμίαν</em></span> <span class='ocrx_word' id='word_1_420' title='bbox 1535 4348 1618 4415; x_wconf 82' lang='grc' dir='ltr'><em>τῷ</em></span> <span class='ocrx_word' id='word_1_421' title='bbox 1662 4349 1770 4418; x_wconf 82' lang='grc' dir='ltr'><em>τῆς</em></span> <span class='ocrx_word' id='word_1_422' title='bbox 1812 4352 2003 4420; x_wconf 82' lang='grc' dir='ltr'><em>ἀπρα-</em></span> 
     </span>
    </p>
   </div>
   <div class='ocr_carea' id='block_1_59' title="bbox 423 4435 2003 4509">
    <p class='ocr_par' dir='ltr' id='par_1_59' title="bbox 423 4435 2003 4509">
     <span class='ocr_line' id='line_1_59' title="bbox 423 4435 2003 4509; baseline 0.008 -23"><span class='ocrx_word' id='word_1_423' title='bbox 423 4435 737 4503; x_wconf 75' lang='grc' dir='ltr'><em>γμοσύνης</em></span> <span class='ocrx_word' id='word_1_424' title='bbox 785 4436 1030 4509; x_wconf 78' lang='grc' dir='ltr'><em>ὀνόματι</em></span> <span class='ocrx_word' id='word_1_425' title='bbox 1067 4437 1492 4509; x_wconf 74' lang='grc' dir='ltr'><em>σοφιζομένων.</em></span> <span class='ocrx_word' id='word_1_426' title='bbox 1546 4441 1766 4496; x_wconf 84' lang='grc' dir='ltr'><em>Τούτου</em></span> <span class='ocrx_word' id='word_1_427' title='bbox 1799 4442 1867 4495; x_wconf 82' lang='grc' dir='ltr'><em>δὲ</em></span> <span class='ocrx_word' id='word_1_428' title='bbox 1897 4442 2003 4498; x_wconf 86' lang='grc' dir='ltr'><strong><em>τοῦ</em></strong></span> 
     </span>
    </p>
   </div>
   <div class='ocr_carea' id='block_1_60' title="bbox 422 4521 2003 4604">
    <p class='ocr_par' dir='ltr' id='par_1_60' title="bbox 422 4521 2003 4604">
     <span class='ocr_line' id='line_1_60' title="bbox 422 4521 2003 4604; baseline 0.006 -29"><span class='ocrx_word' id='word_1_429' title='bbox 422 4521 535 4592; x_wconf 84' lang='grc' dir='ltr'><em>τῆς</em></span> <span class='ocrx_word' id='word_1_430' title='bbox 554 4527 900 4604; x_wconf 72' lang='grc' dir='ltr'><em>μιαιφονίας</em></span> <span class='ocrx_word' id='word_1_431' title='bbox 926 4525 1156 4594; x_wconf 80' lang='grc' dir='ltr'><em>πάθους</em></span> <span class='ocrx_word' id='word_1_432' title='bbox 1194 4529 1304 4583; x_wconf 83' lang='grc' dir='ltr'><em>οὐκ</em></span> <span class='ocrx_word' id='word_1_433' title='bbox 1333 4526 1410 4582; x_wconf 82' lang='grc' dir='ltr'><em>ἂν</em></span> <span class='ocrx_word' id='word_1_434' title='bbox 1435 4524 1594 4598; x_wconf 69' lang='grc' dir='ltr'><em>οἶμαι</em></span> <span class='ocrx_word' id='word_1_435' title='bbox 1623 4531 1761 4598; x_wconf 86' lang='grc' dir='ltr'><em>παρ’</em></span> <span class='ocrx_word' id='word_1_436' title='bbox 1778 4530 2003 4599; x_wconf 79' lang='grc' dir='ltr'><em>ἑτέροις</em></span> 
     </span>
    </p>
   </div>
   <div class='ocr_carea' id='block_1_61' title="bbox 419 4609 1998 4688">
    <p class='ocr_par' dir='ltr' id='par_1_61' title="bbox 419 4609 1998 4688">
     <span class='ocr_line' id='line_1_61' title="bbox 419 4609 1998 4688; baseline 0.006 -25"><span class='ocrx_word' id='word_1_437' title='bbox 419 4609 620 4679; x_wconf 78' lang='grc' dir='ltr'><em>μεῖζόν</em></span> <span class='ocrx_word' id='word_1_438' title='bbox 643 4628 696 4665; x_wconf 93' lang='grc' dir='ltr'><strong><em>τι</em></strong></span> <span class='ocrx_word' id='word_1_439' title='bbox 720 4611 972 4682; x_wconf 60' lang='grc' dir='ltr'><em>γένοιτο,</em></span> <span class='ocrx_word' id='word_1_440' title='bbox 1013 4613 1140 4668; x_wconf 77' lang='grc' dir='ltr'><em>οὔτ’</em></span> <span class='ocrx_word' id='word_1_441' title='bbox 1162 4615 1241 4670; x_wconf 77' lang='grc' dir='ltr'><em>ἂν</em></span> <span class='ocrx_word' id='word_1_442' title='bbox 1267 4617 1595 4686; x_wconf 79' lang='grc' dir='ltr'><em>γενόμενον</em></span> <span class='ocrx_word' id='word_1_443' title='bbox 1629 4619 1998 4688; x_wconf 65' lang='grc' dir='ltr'><em>περιοφθείη.</em></span> 
     </span>
    </p>
   </div>
   <div class='ocr_carea' id='block_1_62' title="bbox 427 4699 2004 4777">
    <p class='ocr_par' dir='ltr' id='par_1_62' title="bbox 427 4699 2004 4777">
     <span class='ocr_line' id='line_1_62' title="bbox 427 4699 2004 4777; baseline 0.006 -24"><span class='ocrx_word' id='word_1_444' title='bbox 427 4699 664 4755; x_wconf 77' lang='grc' dir='ltr'><em>Οὐκοῦν</em></span> <span class='ocrx_word' id='word_1_445' title='bbox 689 4700 829 4754; x_wconf 80' lang='grc' dir='ltr'><em>οὐδ’</em></span> <span class='ocrx_word' id='word_1_446' title='bbox 857 4701 1003 4772; x_wconf 80' lang='grc' dir='ltr'><em>ἡμῖν</em></span> <span class='ocrx_word' id='word_1_447' title='bbox 1043 4703 1418 4773; x_wconf 83' lang='grc' dir='ltr'><em>περιοπτέον,</em></span> <span class='ocrx_word' id='word_1_448' title='bbox 1454 4708 1921 4777; x_wconf 84' lang='grc' dir='ltr'><em>αίσχυνομένοις</em></span> <span class='ocrx_word' id='word_1_449' title='bbox 1945 4707 2004 4762; x_wconf 84' lang='grc' dir='ltr'><strong><em>ει</em></strong></span> 
     </span>
    </p>
   </div>
   <div class='ocr_carea' id='block_1_63' title="bbox 423 4791 1998 4870">
    <p class='ocr_par' dir='ltr' id='par_1_63' title="bbox 423 4791 1998 4870">
     <span class='ocr_line' id='line_1_63' title="bbox 423 4791 1998 4870; baseline 0.006 -26"><span class='ocrx_word' id='word_1_450' title='bbox 423 4807 490 4859; x_wconf 73' lang='grc' dir='ltr'><em>γε</em></span> <span class='ocrx_word' id='word_1_451' title='bbox 530 4791 574 4823; x_wconf 74' lang='grc'><strong><em>⁸¹</em></strong></span> <span class='ocrx_word' id='word_1_452' title='bbox 619 4793 950 4862; x_wconf 69' lang='grc' dir='ltr'><em>φανείημεν</em></span> <span class='ocrx_word' id='word_1_453' title='bbox 1003 4794 1108 4850; x_wconf 85' lang='grc' dir='ltr'><strong><em>τοῦ</em></strong></span> <span class='ocrx_word' id='word_1_454' title='bbox 1149 4795 1460 4863; x_wconf 78' lang='grc' dir='ltr'><em>,βασιλέως</em></span> <span class='ocrx_word' id='word_1_455' title='bbox 1505 4798 1998 4870; x_wconf 79' lang='grc' dir='ltr'><em>ἐπιλελησμένοι,</em></span> 
     </span>
    </p>
   </div>
   <div class='ocr_carea' id='block_1_64' title="bbox 423 4879 2000 4958">
    <p class='ocr_par' dir='ltr' id='par_1_64' title="bbox 423 4879 2000 4958">
     <span class='ocr_line' id='line_1_64' title="bbox 423 4879 2000 4958; baseline 0.008 -29"><span class='ocrx_word' id='word_1_456' title='bbox 423 4879 522 4931; x_wconf 78' lang='grc' dir='ltr'><em>καὶ</em></span> <span class='ocrx_word' id='word_1_457' title='bbox 572 4879 714 4945; x_wconf 82' lang='grc' dir='ltr'><em>τοὺς</em></span> <span class='ocrx_word' id='word_1_458' title='bbox 767 4879 1172 4948; x_wconf 83' lang='grc' dir='ltr'><em>ἀπεκτονότας</em></span> <span class='ocrx_word' id='word_1_459' title='bbox 1213 4885 1724 4951; x_wconf 83' lang='grc' dir='ltr'><em>ὑποθωπεύοντες.</em></span> <span class='ocrx_word' id='word_1_460' title='bbox 1770 4889 1838 4940; x_wconf 81' lang='lat' dir='ltr'><strong><em>El</em></strong></span> <span class='ocrx_word' id='word_1_461' title='bbox 1888 4888 2000 4958; x_wconf 79' lang='grc' dir='ltr'><strong><em>γὰρ</em></strong></span> 
     </span>
    </p>
   </div>
   <div class='ocr_carea' id='block_1_65' title="bbox 421 4960 2000 5039">
    <p class='ocr_par' dir='ltr' id='par_1_65' title="bbox 421 4960 2000 5039">
     <span class='ocr_line' id='line_1_65' title="bbox 421 4960 2000 5039; baseline 0.006 -20"><span class='ocrx_word' id='word_1_462' title='bbox 421 4960 553 5019; x_wconf 82' lang='grc' dir='ltr'><em>οἷόν</em></span> <span class='ocrx_word' id='word_1_463' title='bbox 575 4983 641 5019; x_wconf 88' lang='grc' dir='ltr'><strong><em>τε</em></strong></span> <span class='ocrx_word' id='word_1_464' title='bbox 665 4962 746 5035; x_wconf 80' lang='grc' dir='ltr'><em>ἦν</em></span> <span class='ocrx_word' id='word_1_465' title='bbox 770 4969 958 5024; x_wconf 78' lang='grc' dir='ltr'><em>αὐτὸν</em></span> <span class='ocrx_word' id='word_1_466' title='bbox 986 4968 1199 5024; x_wconf 84' lang='grc' dir='ltr'><em>ἐνθάδε</em></span> <span class='ocrx_word' id='word_1_467' title='bbox 1225 4971 1517 5039; x_wconf 78' lang='grc' dir='ltr'><em>παρεῖναι,</em></span> <span class='ocrx_word' id='word_1_468' title='bbox 1545 4972 1782 5039; x_wconf 79' lang='grc' dir='ltr'><em>πάντως</em></span> <span class='ocrx_word' id='word_1_469' title='bbox 1800 4973 1879 5027; x_wconf 82' lang='grc' dir='ltr'><em>ἃν</em></span> <span class='ocrx_word' id='word_1_470' title='bbox 1905 4975 2000 5028; x_wconf 79' lang='grc' dir='ltr'><strong><em>ἑπ-</em></strong></span> 
     </span>
    </p>
   </div>
   <div class='ocr_carea' id='block_1_66' title="bbox 419 5056 1995 5133">
    <p class='ocr_par' dir='ltr' id='par_1_66' title="bbox 419 5056 1995 5133">
     <span class='ocr_line' id='line_1_66' title="bbox 419 5056 1995 5133; baseline 0.005 -23"><span class='ocrx_word' id='word_1_471' title='bbox 419 5056 624 5111; x_wconf 75' lang='grc' dir='ltr'><em>εκάλει</em></span> <span class='ocrx_word' id='word_1_472' title='bbox 655 5057 756 5111; x_wconf 74' lang='grc' dir='ltr'><em>καὶ</em></span> <span class='ocrx_word' id='word_1_473' title='bbox 785 5057 1186 5129; x_wconf 68' lang='grc' dir='ltr'><em>κατεμέμφετο</em></span> <span class='ocrx_word' id='word_1_474' title='bbox 1218 5059 1327 5130; x_wconf 83' lang='grc' dir='ltr'><em>τῆς</em></span> <span class='ocrx_word' id='word_1_475' title='bbox 1351 5061 1640 5131; x_wconf 78' lang='grc' dir='ltr'><em>ἡμετέρας</em></span> <span class='ocrx_word' id='word_1_476' title='bbox 1661 5065 1995 5133; x_wconf 75' lang='grc' dir='ltr'><em>ὀλιγωρίας,</em></span> 
     </span>
    </p>
   </div>
   <div class='ocr_carea' id='block_1_67' title="bbox 369 5141 1999 5226">
    <p class='ocr_par' dir='ltr' id='par_1_67' title="bbox 369 5141 1999 5226">
     <span class='ocr_line' id='line_1_67' title="bbox 369 5141 1999 5226; baseline 0.007 -27"><span class='ocrx_word' id='word_1_477' title='bbox 369 5184 386 5189; x_wconf 93' lang='grc'><strong><em>-</em></strong></span> <span class='ocrx_word' id='word_1_478' title='bbox 420 5147 553 5202; x_wconf 86' lang='grc' dir='ltr'><em>ἀνθ’</em></span> <span class='ocrx_word' id='word_1_479' title='bbox 580 5141 671 5202; x_wconf 83' lang='grc' dir='ltr'><em>ὧν</em></span> <span class='ocrx_word' id='word_1_480' title='bbox 702 5151 756 5203; x_wconf 91' lang='lat' dir='ltr'><strong><em>ol</em></strong></span> <span class='ocrx_word' id='word_1_481' title='bbox 778 5150 1070 5220; x_wconf 73' lang='grc' dir='ltr'><em>ἀλιτήριοι</em></span> <span class='ocrx_word' id='word_1_482' title='bbox 1094 5147 1262 5207; x_wconf 81' lang='grc' dir='ltr'><em>οὗτοι</em></span> <span class='ocrx_word' id='word_1_483' title='bbox 1294 5153 1442 5208; x_wconf 81' lang='grc' dir='ltr'><em>κατὰ</em></span> <span class='ocrx_word' id='word_1_484' title='bbox 1474 5154 1589 5223; x_wconf 80' lang='grc' dir='ltr'><em>τὴν</em></span> <span class='ocrx_word' id='word_1_485' title='bbox 1615 5155 1853 5210; x_wconf 82' lang='grc' dir='ltr'><em>ἐκείνου</em></span> <span class='ocrx_word' id='word_1_486' title='bbox 1883 5156 1999 5226; x_wconf 78' lang='grc' dir='ltr'><strong><em>γῆν</em></strong></span> 
     </span>
    </p>
   </div>
   <div class='ocr_carea' id='block_1_68' title="bbox 418 5239 2000 5318">
    <p class='ocr_par' dir='ltr' id='par_1_68' title="bbox 418 5239 2000 5318">
     <span class='ocr_line' id='line_1_68' title="bbox 418 5239 2000 5318; baseline 0.005 -24"><span class='ocrx_word' id='word_1_487' title='bbox 418 5239 508 5295; x_wconf 69' lang='grc' dir='ltr'><em>ἔτι</em></span> <span class='ocrx_word' id='word_1_488' title='bbox 536 5241 963 5309; x_wconf 81' lang='grc' dir='ltr'><em>ἐνδιαιτῶνται,</em></span> <span class='ocrx_word' id='word_1_489' title='bbox 997 5243 1097 5298; x_wconf 73' lang='grc' dir='ltr'><em>καὶ</em></span> <span class='ocrx_word' id='word_1_490' title='bbox 1123 5246 1197 5299; x_wconf 85' lang='grc' dir='ltr'><em>οὐ</em></span> <span class='ocrx_word' id='word_1_491' title='bbox 1231 5243 1442 5312; x_wconf 82' lang='grc' dir='ltr'><em>πολλῴ</em></span> <span class='ocrx_word' id='word_1_492' title='bbox 1471 5249 1763 5316; x_wconf 88' lang='grc' dir='ltr'><em>πρότερον</em></span> <span class='ocrx_word' id='word_1_493' title='bbox 1786 5249 2000 5318; x_wconf 73' lang='grc' dir='ltr'><em>ἐξελή-</em></span> 
     </span>
    </p>
   </div>
   <div class='ocr_carea' id='block_1_69' title="bbox 2117 1775 3702 1854">
    <p class='ocr_par' dir='ltr' id='par_1_69' title="bbox 2117 1775 3702 1854">
     <span class='ocr_line' id='line_1_69' title="bbox 2117 1775 3702 1854; baseline -0.006 -18"><span class='ocrx_word' id='word_1_494' title='bbox 2117 1797 2282 1838; x_wconf 72' lang='lat' dir='ltr'><strong><em>causa</em></strong></span> <span class='ocrx_word' id='word_1_495' title='bbox 2312 1784 2524 1854; x_wconf 69' lang='lat' dir='ltr'><strong><em>ignavia</em></strong></span> <span class='ocrx_word' id='word_1_496' title='bbox 2551 1783 2740 1836; x_wconf 89' lang='lat' dir='ltr'><strong><em>merito</em></strong></span> <span class='ocrx_word' id='word_1_497' title='bbox 2765 1781 2980 1834; x_wconf 77' lang='lat' dir='ltr'><strong><em>dicatur</em></strong></span> <span class='ocrx_word' id='word_1_498' title='bbox 3006 1789 3057 1834; x_wconf 94' lang='lat' dir='ltr'><strong><em>et</em></strong></span> <span class='ocrx_word' id='word_1_499' title='bbox 3078 1775 3424 1832; x_wconf 78' lang='lat' dir='ltr'><strong><em>consiliorum</em></strong></span> <span class='ocrx_word' id='word_1_500' title='bbox 3447 1775 3702 1844; x_wconf 67' lang='lat' dir='ltr'><strong><em>pravitas.</em></strong></span> 
     </span>
    </p>
   </div>
   <div class='ocr_carea' id='block_1_70' title="bbox 2118 1872 3706 1947">
    <p class='ocr_par' dir='ltr' id='par_1_70' title="bbox 2118 1872 3706 1947">
     <span class='ocr_line' id='line_1_70' title="bbox 2118 1872 3706 1947; baseline -0.006 -13"><span class='ocrx_word' id='word_1_501' title='bbox 2118 1880 2496 1935; x_wconf 74' lang='lat' dir='ltr'><strong><em>Adltcrescunt</em></strong></span> <span class='ocrx_word' id='word_1_502' title='bbox 2515 1881 2652 1933; x_wconf 87' lang='lat' dir='ltr'><strong><em>enim</em></strong></span> <span class='ocrx_word' id='word_1_503' title='bbox 2679 1878 2809 1947; x_wconf 88' lang='lat' dir='ltr'><strong><em>ipsis</em></strong></span> <span class='ocrx_word' id='word_1_504' title='bbox 2839 1893 3017 1933; x_wconf 76' lang='lat' dir='ltr'><strong><em>resera</em></strong></span> <span class='ocrx_word' id='word_1_505' title='bbox 3041 1885 3296 1944; x_wconf 75' lang='lat' dir='ltr'><strong><em>tanquam</em></strong></span> <span class='ocrx_word' id='word_1_506' title='bbox 3314 1872 3530 1941; x_wconf 86' lang='lat' dir='ltr'><strong><em>propria</em></strong></span> <span class='ocrx_word' id='word_1_507' title='bbox 3550 1878 3706 1940; x_wconf 85' lang='lat' dir='ltr'><strong><em>atque</em></strong></span> 
     </span>
    </p>
   </div>
   <div class='ocr_carea' id='block_1_71' title="bbox 2117 1963 3707 2042">
    <p class='ocr_par' dir='ltr' id='par_1_71' title="bbox 2117 1963 3707 2042">
     <span class='ocr_line' id='line_1_71' title="bbox 2117 1963 3707 2042; baseline -0.003 -16"><span class='ocrx_word' id='word_1_508' title='bbox 2117 1973 2302 2027; x_wconf 88' lang='lat' dir='ltr'><strong><em>innata</em></strong></span> <span class='ocrx_word' id='word_1_509' title='bbox 2339 1973 2448 2030; x_wconf 70' lang='lat' dir='ltr'><strong><em>hee</em></strong></span> <span class='ocrx_word' id='word_1_510' title='bbox 2487 1972 2722 2042; x_wconf 81' lang='lat' dir='ltr'><strong><em>probra;</em></strong></span> <span class='ocrx_word' id='word_1_511' title='bbox 2761 1972 2830 2026; x_wconf 87' lang='lat' dir='ltr'><strong><em>ad</em></strong></span> <span class='ocrx_word' id='word_1_512' title='bbox 2863 1986 2982 2042; x_wconf 71' lang='lat' dir='ltr'><strong><em>qua:</em></strong></span> <span class='ocrx_word' id='word_1_513' title='bbox 3015 1987 3050 2027; x_wconf 81' lang='lat' dir='ltr'><strong><em>st</em></strong></span> <span class='ocrx_word' id='word_1_514' title='bbox 3092 1977 3288 2024; x_wconf 80' lang='lat' dir='ltr'><strong><em>natura</em></strong></span> <span class='ocrx_word' id='word_1_515' title='bbox 3329 1968 3496 2021; x_wconf 87' lang='lat' dir='ltr'><strong><em>insita</em></strong></span> <span class='ocrx_word' id='word_1_516' title='bbox 3544 1963 3707 2035; x_wconf 71' lang='lat'><strong><em>158</em></strong></span> 
     </span>
    </p>
   </div>
   <div class='ocr_carea' id='block_1_72' title="bbox 2117 2058 3704 2130">
    <p class='ocr_par' dir='ltr' id='par_1_72' title="bbox 2117 2058 3704 2130">
     <span class='ocr_line' id='line_1_72' title="bbox 2117 2058 3704 2130; baseline -0.003 -13"><span class='ocrx_word' id='word_1_517' title='bbox 2117 2064 2246 2117; x_wconf 81' lang='lat' dir='ltr'><strong><em>vitia</em></strong></span> <span class='ocrx_word' id='word_1_518' title='bbox 2273 2080 2390 2118; x_wconf 88' lang='lat' dir='ltr'><strong><em>cum</em></strong></span> <span class='ocrx_word' id='word_1_519' title='bbox 2414 2065 2691 2119; x_wconf 87' lang='lat' dir='ltr'><strong><em>accesserit</em></strong></span> <span class='ocrx_word' id='word_1_520' title='bbox 2716 2062 3073 2118; x_wconf 82' lang='lat' dir='ltr'><strong><em>voluntarium</em></strong></span> <span class='ocrx_word' id='word_1_521' title='bbox 3099 2061 3291 2128; x_wconf 80' lang='lat' dir='ltr'><strong><em>scelus,</em></strong></span> <span class='ocrx_word' id='word_1_522' title='bbox 3319 2060 3610 2130; x_wconf 79' lang='lat' dir='ltr'><strong><em>duplicavit</em></strong></span> <span class='ocrx_word' id='word_1_523' title='bbox 3629 2058 3704 2113; x_wconf 76' lang='lat' dir='ltr'><strong><em>eis</em></strong></span> 
     </span>
    </p>
   </div>
   <div class='ocr_carea' id='block_1_73' title="bbox 2116 2152 3706 2227">
    <p class='ocr_par' dir='ltr' id='par_1_73' title="bbox 2116 2152 3706 2227">
     <span class='ocr_line' id='line_1_73' title="bbox 2116 2152 3706 2227; baseline -0.003 -18"><span class='ocrx_word' id='word_1_524' title='bbox 2116 2154 2340 2221; x_wconf 85' lang='lat' dir='ltr'><strong><em>malum,</em></strong></span> <span class='ocrx_word' id='word_1_525' title='bbox 2369 2157 2562 2226; x_wconf 85' lang='lat' dir='ltr'><strong><em>quippe</em></strong></span> <span class='ocrx_word' id='word_1_526' title='bbox 2583 2157 2674 2227; x_wconf 91' lang='lat' dir='ltr'><strong><em>qui</em></strong></span> <span class='ocrx_word' id='word_1_527' title='bbox 2701 2173 2734 2211; x_wconf 93' lang='lat' dir='ltr'><strong><em>a</em></strong></span> <span class='ocrx_word' id='word_1_528' title='bbox 2766 2157 2948 2210; x_wconf 76' lang='lat' dir='ltr'><strong><em>divina</em></strong></span> <span class='ocrx_word' id='word_1_529' title='bbox 2983 2153 3234 2210; x_wconf 83' lang='lat' dir='ltr'><strong><em>Numinis</em></strong></span> <span class='ocrx_word' id='word_1_530' title='bbox 3268 2169 3398 2207; x_wconf 85' lang='lat' dir='ltr'><strong><em>cura</em></strong></span> <span class='ocrx_word' id='word_1_531' title='bbox 3427 2153 3489 2205; x_wconf 90' lang='lat' dir='ltr'><strong><em>ob</em></strong></span> <span class='ocrx_word' id='word_1_532' title='bbox 3515 2152 3706 2219; x_wconf 84' lang='lat' dir='ltr'><strong><em>piacu-</em></strong></span> 
     </span>
    </p>
   </div>
   <div class='ocr_carea' id='block_1_74' title="bbox 2117 2244 3704 2318">
    <p class='ocr_par' dir='ltr' id='par_1_74' title="bbox 2117 2244 3704 2318">
     <span class='ocr_line' id='line_1_74' title="bbox 2117 2244 3704 2318; baseline -0.003 -18"><span class='ocrx_word' id='word_1_533' title='bbox 2117 2248 2229 2302; x_wconf 89' lang='lat' dir='ltr'><strong><em>lare</em></strong></span> <span class='ocrx_word' id='word_1_534' title='bbox 2260 2248 2469 2318; x_wconf 84' lang='lat' dir='ltr'><strong><em>facinus</em></strong></span> <span class='ocrx_word' id='word_1_535' title='bbox 2500 2251 2788 2304; x_wconf 80' lang='lat' dir='ltr'><strong><em>admissum</em></strong></span> <span class='ocrx_word' id='word_1_536' title='bbox 2811 2249 3142 2302; x_wconf 70' lang='lat' dir='ltr'><strong><em>exciderunt.</em></strong></span> <span class='ocrx_word' id='word_1_537' title='bbox 3177 2245 3410 2302; x_wconf 83' lang='lat' dir='ltr'><strong><em>Victoria</em></strong></span> <span class='ocrx_word' id='word_1_538' title='bbox 3436 2244 3576 2298; x_wconf 88' lang='lat' dir='ltr'><strong><em>enim</em></strong></span> <span class='ocrx_word' id='word_1_539' title='bbox 3599 2260 3704 2298; x_wconf 80' lang='lat' dir='ltr'><strong><em>non</em></strong></span> 
     </span>
    </p>
   </div>
   <div class='ocr_carea' id='block_1_75' title="bbox 2117 2345 3703 2414">
    <p class='ocr_par' dir='ltr' id='par_1_75' title="bbox 2117 2345 3703 2414">
     <span class='ocr_line' id='line_1_75' title="bbox 2117 2345 3703 2414; baseline -0.001 -18"><span class='ocrx_word' id='word_1_540' title='bbox 2117 2352 2227 2396; x_wconf 89' lang='lat' dir='ltr'><strong><em>tam</em></strong></span> <span class='ocrx_word' id='word_1_541' title='bbox 2261 2345 2424 2400; x_wconf 87' lang='lat' dir='ltr'><strong><em>armis</em></strong></span> <span class='ocrx_word' id='word_1_542' title='bbox 2457 2361 2617 2414; x_wconf 83' lang='lat' dir='ltr'><strong><em>quam</em></strong></span> <span class='ocrx_word' id='word_1_543' title='bbox 2663 2346 2859 2412; x_wconf 87' lang='lat' dir='ltr'><strong><em>pietate</em></strong></span> <span class='ocrx_word' id='word_1_544' title='bbox 2899 2345 3218 2406; x_wconf 86' lang='lat' dir='ltr'><strong><em>stabilitur;</em></strong></span> <span class='ocrx_word' id='word_1_545' title='bbox 3265 2357 3429 2410; x_wconf 85' lang='lat' dir='ltr'><strong><em>neque</em></strong></span> <span class='ocrx_word' id='word_1_546' title='bbox 3471 2355 3703 2408; x_wconf 79' lang='lat' dir='ltr'><strong><em>unquam</em></strong></span> 
     </span>
    </p>
   </div>
   <div class='ocr_carea' id='block_1_76' title="bbox 2115 2435 3702 2502">
    <p class='ocr_par' dir='ltr' id='par_1_76' title="bbox 2115 2435 3702 2502">
     <span class='ocr_line' id='line_1_76' title="bbox 2115 2435 3702 2502; baseline -0.003 -12"><span class='ocrx_word' id='word_1_547' title='bbox 2115 2452 2333 2494; x_wconf 76' lang='lat' dir='ltr'><strong><em>summa:</em></strong></span> <span class='ocrx_word' id='word_1_548' title='bbox 2361 2439 2509 2494; x_wconf 82' lang='lat' dir='ltr'><strong><em>illius</em></strong></span> <span class='ocrx_word' id='word_1_549' title='bbox 2542 2440 2794 2494; x_wconf 82' lang='lat' dir='ltr'><strong><em>bonitatis</em></strong></span> <span class='ocrx_word' id='word_1_550' title='bbox 2826 2437 3090 2495; x_wconf 62' lang='lat' dir='ltr'><strong><em>utilium</em></strong></span> <span class='ocrx_word' id='word_1_551' title='bbox 3122 2435 3404 2490; x_wconf 88' lang='lat' dir='ltr'><strong><em>sceleratos</em></strong></span> <span class='ocrx_word' id='word_1_552' title='bbox 3435 2444 3486 2488; x_wconf 93' lang='lat' dir='ltr'><strong><em>et</em></strong></span> <span class='ocrx_word' id='word_1_553' title='bbox 3515 2435 3702 2502; x_wconf 85' lang='lat' dir='ltr'><strong><em>piacu-</em></strong></span> 
     </span>
    </p>
   </div>
   <div class='ocr_carea' id='block_1_77' title="bbox 2114 2528 3700 2596">
    <p class='ocr_par' dir='ltr' id='par_1_77' title="bbox 2114 2528 3700 2596">
     <span class='ocr_line' id='line_1_77' title="bbox 2114 2528 3700 2596; baseline -0.003 -13"><span class='ocrx_word' id='word_1_554' title='bbox 2114 2530 2252 2586; x_wconf 85' lang='lat' dir='ltr'><strong><em>lares</em></strong></span> <span class='ocrx_word' id='word_1_555' title='bbox 2275 2532 2506 2589; x_wconf 80' lang='lat' dir='ltr'><strong><em>homines</em></strong></span> <span class='ocrx_word' id='word_1_556' title='bbox 2525 2543 2898 2589; x_wconf 86' lang='lat' dir='ltr'><strong><em>consecuturos</em></strong></span> <span class='ocrx_word' id='word_1_557' title='bbox 2919 2531 3353 2587; x_wconf 71' lang='lat' dir='ltr'><strong><em>existimaverim.</em></strong></span> <span class='ocrx_word' id='word_1_558' title='bbox 3380 2528 3432 2583; x_wconf 84' lang='grc'><em>11</em></span> <span class='ocrx_word' id='word_1_559' title='bbox 3437 2530 3481 2582; x_wconf 93' lang='lat' dir='ltr'><strong><em>is</em></strong></span> <span class='ocrx_word' id='word_1_560' title='bbox 3503 2529 3700 2596; x_wconf 79' lang='lat' dir='ltr'><strong><em>itaque,</em></strong></span> 
     </span>
    </p>
   </div>
   <div class='ocr_carea' id='block_1_78' title="bbox 2115 2621 3702 2696">
    <p class='ocr_par' dir='ltr' id='par_1_78' title="bbox 2115 2621 3702 2696">
     <span class='ocr_line' id='line_1_78' title="bbox 2115 2621 3702 2696; baseline -0.003 -20"><span class='ocrx_word' id='word_1_561' title='bbox 2115 2625 2162 2676; x_wconf 89' lang='lat' dir='ltr'><strong><em>si</em></strong></span> <span class='ocrx_word' id='word_1_562' title='bbox 2180 2626 2439 2693; x_wconf 84' lang='lat' dir='ltr'><strong><em>sapimus,</em></strong></span> <span class='ocrx_word' id='word_1_563' title='bbox 2465 2642 2791 2696; x_wconf 85' lang='lat' dir='ltr'><strong><em>nequaquam</em></strong></span> <span class='ocrx_word' id='word_1_564' title='bbox 2813 2635 2889 2681; x_wconf 87' lang='lat' dir='ltr'><strong><em>est</em></strong></span> <span class='ocrx_word' id='word_1_565' title='bbox 2914 2623 3312 2683; x_wconf 75' lang='lat' dir='ltr'><strong><em>adluerendum,</em></strong></span> <span class='ocrx_word' id='word_1_566' title='bbox 3332 2621 3517 2692; x_wconf 81' lang='lat' dir='ltr'><strong><em>quibus</em></strong></span> <span class='ocrx_word' id='word_1_567' title='bbox 3541 2636 3702 2688; x_wconf 83' lang='lat' dir='ltr'><strong><em>neque</em></strong></span> 
     </span>
    </p>
   </div>
   <div class='ocr_carea' id='block_1_79' title="bbox 2116 2716 3702 2789">
    <p class='ocr_par' dir='ltr' id='par_1_79' title="bbox 2116 2716 3702 2789">
     <span class='ocr_line' id='line_1_79' title="bbox 2116 2716 3702 2789; baseline -0.003 -19"><span class='ocrx_word' id='word_1_568' title='bbox 2116 2734 2258 2771; x_wconf 88' lang='lat' dir='ltr'><strong><em>mens</em></strong></span> <span class='ocrx_word' id='word_1_569' title='bbox 2290 2728 2367 2772; x_wconf 87' lang='lat' dir='ltr'><strong><em>est</em></strong></span> <span class='ocrx_word' id='word_1_570' title='bbox 2398 2721 2590 2789; x_wconf 88' lang='lat' dir='ltr'><strong><em>optime</em></strong></span> <span class='ocrx_word' id='word_1_571' title='bbox 2618 2721 2925 2780; x_wconf 89' lang='lat' dir='ltr'><strong><em>constituta,</em></strong></span> <span class='ocrx_word' id='word_1_572' title='bbox 2964 2725 3015 2772; x_wconf 91' lang='lat' dir='ltr'><strong><em>et</em></strong></span> <span class='ocrx_word' id='word_1_573' title='bbox 3054 2717 3101 2771; x_wconf 89' lang='lat' dir='ltr'><strong><em>is</em></strong></span> <span class='ocrx_word' id='word_1_574' title='bbox 3129 2734 3161 2770; x_wconf 91' lang='lat' dir='ltr'><strong><em>a</em></strong></span> <span class='ocrx_word' id='word_1_575' title='bbox 3202 2716 3356 2786; x_wconf 85' lang='lat' dir='ltr'><strong><em>cujus</em></strong></span> <span class='ocrx_word' id='word_1_576' title='bbox 3392 2730 3551 2768; x_wconf 88' lang='lat' dir='ltr'><strong><em>manu</em></strong></span> <span class='ocrx_word' id='word_1_577' title='bbox 3587 2730 3702 2765; x_wconf 86' lang='lat' dir='ltr'><strong><em>om-</em></strong></span> 
     </span>
    </p>
   </div>
   <div class='ocr_carea' id='block_1_80' title="bbox 2116 2808 3700 2881">
    <p class='ocr_par' dir='ltr' id='par_1_80' title="bbox 2116 2808 3700 2881">
     <span class='ocr_line' id='line_1_80' title="bbox 2116 2808 3700 2881; baseline -0.001 -17"><span class='ocrx_word' id='word_1_578' title='bbox 2116 2812 2263 2866; x_wconf 85' lang='lat' dir='ltr'><strong><em>nium</em></strong></span> <span class='ocrx_word' id='word_1_579' title='bbox 2289 2812 2434 2868; x_wconf 84' lang='lat' dir='ltr'><strong><em>salus</em></strong></span> <span class='ocrx_word' id='word_1_580' title='bbox 2461 2813 2732 2881; x_wconf 80' lang='lat' dir='ltr'><strong><em>dependet,</em></strong></span> <span class='ocrx_word' id='word_1_581' title='bbox 2761 2821 2838 2866; x_wconf 89' lang='lat' dir='ltr'><strong><em>est</em></strong></span> <span class='ocrx_word' id='word_1_582' title='bbox 2864 2812 3122 2881; x_wconf 82' lang='lat' dir='ltr'><strong><em>infensus.</em></strong></span> <span class='ocrx_word' id='word_1_583' title='bbox 3163 2808 3442 2864; x_wconf 85' lang='lat' dir='ltr'><strong><em>Ostensum</em></strong></span> <span class='ocrx_word' id='word_1_584' title='bbox 3471 2825 3593 2879; x_wconf 82' lang='lat' dir='ltr'><strong><em>ergo</em></strong></span> <span class='ocrx_word' id='word_1_585' title='bbox 3622 2821 3700 2863; x_wconf 85' lang='lat' dir='ltr'><strong><em>est</em></strong></span> 
     </span>
    </p>
   </div>
   <div class='ocr_carea' id='block_1_81' title="bbox 2115 2904 3700 2979">
    <p class='ocr_par' dir='ltr' id='par_1_81' title="bbox 2115 2904 3700 2979">
     <span class='ocr_line' id='line_1_81' title="bbox 2115 2904 3700 2979; baseline -0.001 -20"><span class='ocrx_word' id='word_1_586' title='bbox 2115 2916 2296 2974; x_wconf 89' lang='lat' dir='ltr'><strong><em>aperte</em></strong></span> <span class='ocrx_word' id='word_1_587' title='bbox 2327 2909 2478 2962; x_wconf 80' lang='lat' dir='ltr'><strong><em>rebus</em></strong></span> <span class='ocrx_word' id='word_1_588' title='bbox 2525 2909 2652 2978; x_wconf 85' lang='lat' dir='ltr'><strong><em>ipsis</em></strong></span> <span class='ocrx_word' id='word_1_589' title='bbox 2697 2909 2876 2979; x_wconf 87' lang='lat' dir='ltr'><strong><em>potius</em></strong></span> <span class='ocrx_word' id='word_1_590' title='bbox 2905 2924 3065 2976; x_wconf 83' lang='lat' dir='ltr'><strong><em>quam</em></strong></span> <span class='ocrx_word' id='word_1_591' title='bbox 3103 2907 3306 2970; x_wconf 84' lang='lat' dir='ltr'><strong><em>verbis,</em></strong></span> <span class='ocrx_word' id='word_1_592' title='bbox 3348 2912 3584 2959; x_wconf 85' lang='lat' dir='ltr'><strong><em>nostrum</em></strong></span> <span class='ocrx_word' id='word_1_593' title='bbox 3630 2904 3700 2957; x_wconf 84' lang='lat' dir='ltr'><strong><em>ad</em></strong></span> 
     </span>
    </p>
   </div>
   <div class='ocr_carea' id='block_1_82' title="bbox 2117 2997 3699 3072">
    <p class='ocr_par' dir='ltr' id='par_1_82' title="bbox 2117 2997 3699 3072">
     <span class='ocr_line' id='line_1_82' title="bbox 2117 2997 3699 3072; baseline -0.001 -19"><span class='ocrx_word' id='word_1_594' title='bbox 2117 2999 2313 3056; x_wconf 86' lang='lat' dir='ltr'><strong><em>Persas</em></strong></span> <span class='ocrx_word' id='word_1_595' title='bbox 2364 3002 2650 3057; x_wconf 86' lang='lat' dir='ltr'><strong><em>transitum</em></strong></span> <span class='ocrx_word' id='word_1_596' title='bbox 2697 3001 2905 3072; x_wconf 88' lang='lat' dir='ltr'><strong><em>facilem</em></strong></span> <span class='ocrx_word' id='word_1_597' title='bbox 2948 3000 3280 3070; x_wconf 72' lang='lat' dir='ltr'><strong><em>maximeque</em></strong></span> <span class='ocrx_word' id='word_1_598' title='bbox 3320 2997 3699 3052; x_wconf 80' lang='lat' dir='ltr'><strong><em>conducibilem</em></strong></span> 
     </span>
    </p>
   </div>
   <div class='ocr_carea' id='block_1_83' title="bbox 2119 3094 3699 3170">
    <p class='ocr_par' dir='ltr' id='par_1_83' title="bbox 2119 3094 3699 3170">
     <span class='ocr_line' id='line_1_83' title="bbox 2119 3094 3699 3170; baseline -0.001 -20"><span class='ocrx_word' id='word_1_599' title='bbox 2119 3098 2290 3164; x_wconf 86' lang='lat' dir='ltr'><strong><em>nobis,</em></strong></span> <span class='ocrx_word' id='word_1_600' title='bbox 2320 3107 2370 3153; x_wconf 90' lang='lat' dir='ltr'><strong><em>et</em></strong></span> <span class='ocrx_word' id='word_1_601' title='bbox 2399 3098 2508 3153; x_wconf 92' lang='lat' dir='ltr'><strong><em>Deo</em></strong></span> <span class='ocrx_word' id='word_1_602' title='bbox 2545 3101 2600 3155; x_wconf 90' lang='lat' dir='ltr'><strong><em>in</em></strong></span> <span class='ocrx_word' id='word_1_603' title='bbox 2635 3099 2823 3168; x_wconf 85' lang='lat' dir='ltr'><strong><em>primis</em></strong></span> <span class='ocrx_word' id='word_1_604' title='bbox 2857 3106 3068 3170; x_wconf 87' lang='lat' dir='ltr'><strong><em>gratum</em></strong></span> <span class='ocrx_word' id='word_1_605' title='bbox 3106 3096 3236 3166; x_wconf 86' lang='lat' dir='ltr'><strong><em>fore.</em></strong></span> <span class='ocrx_word' id='word_1_606' title='bbox 3270 3094 3374 3151; x_wconf 84' lang='lat' dir='ltr'><strong><em>Sed</em></strong></span> <span class='ocrx_word' id='word_1_607' title='bbox 3404 3109 3567 3165; x_wconf 83' lang='lat' dir='ltr'><strong><em>neque</em></strong></span> <span class='ocrx_word' id='word_1_608' title='bbox 3594 3095 3699 3148; x_wconf 77' lang='lat' dir='ltr'><strong><em>ini-</em></strong></span> 
     </span>
    </p>
   </div>
   <div class='ocr_carea' id='block_1_84' title="bbox 2115 3193 3700 3269">
    <p class='ocr_par' dir='ltr' id='par_1_84' title="bbox 2115 3193 3700 3269">
     <span class='ocr_line' id='line_1_84' title="bbox 2115 3193 3700 3269; baseline -0.002 -18"><span class='ocrx_word' id='word_1_609' title='bbox 2115 3213 2213 3266; x_wconf 85' lang='lat' dir='ltr'><strong><em>que</em></strong></span> <span class='ocrx_word' id='word_1_610' title='bbox 2244 3199 2433 3268; x_wconf 83' lang='lat' dir='ltr'><strong><em>fecisse</em></strong></span> <span class='ocrx_word' id='word_1_611' title='bbox 2457 3210 2552 3252; x_wconf 88' lang='lat' dir='ltr'><strong><em>aut</em></strong></span> <span class='ocrx_word' id='word_1_612' title='bbox 2582 3199 2738 3268; x_wconf 86' lang='lat' dir='ltr'><strong><em>infidi</em></strong></span> <span class='ocrx_word' id='word_1_613' title='bbox 2767 3199 2929 3269; x_wconf 88' lang='lat' dir='ltr'><strong><em>fuisse</em></strong></span> <span class='ocrx_word' id='word_1_614' title='bbox 2957 3195 3269 3252; x_wconf 69' lang='lat' dir='ltr'><strong><em>videbimur.</em></strong></span> <span class='ocrx_word' id='word_1_615' title='bbox 3302 3193 3442 3248; x_wconf 79' lang='lat' dir='ltr'><strong><em>Nam</em></strong></span> <span class='ocrx_word' id='word_1_616' title='bbox 3468 3203 3517 3248; x_wconf 88' lang='lat' dir='ltr'><strong><em>et</em></strong></span> <span class='ocrx_word' id='word_1_617' title='bbox 3541 3205 3700 3248; x_wconf 71' lang='lat' dir='ltr'><strong><em>antea</em></strong></span> 
     </span>
    </p>
   </div>
   <div class='ocr_carea' id='block_1_85' title="bbox 2113 3289 3702 3361">
    <p class='ocr_par' dir='ltr' id='par_1_85' title="bbox 2113 3289 3702 3361">
     <span class='ocr_line' id='line_1_85' title="bbox 2113 3289 3702 3361; baseline -0.003 -16"><span class='ocrx_word' id='word_1_618' title='bbox 2113 3307 2470 3361; x_wconf 71' lang='lat' dir='ltr'><strong><em>sapenumero</em></strong></span> <span class='ocrx_word' id='word_1_619' title='bbox 2497 3310 2530 3346; x_wconf 91' lang='lat' dir='ltr'><strong><em>a</em></strong></span> <span class='ocrx_word' id='word_1_620' title='bbox 2569 3291 2819 3348; x_wconf 84' lang='lat' dir='ltr'><strong><em>Romanis</em></strong></span> <span class='ocrx_word' id='word_1_621' title='bbox 2854 3290 3190 3346; x_wconf 82' lang='lat' dir='ltr'><strong><em>contumeliis</em></strong></span> <span class='ocrx_word' id='word_1_622' title='bbox 3233 3289 3490 3354; x_wconf 83' lang='lat' dir='ltr'><strong><em>lacessiti,</em></strong></span> <span class='ocrx_word' id='word_1_623' title='bbox 3523 3300 3702 3341; x_wconf 77' lang='lat' dir='ltr'><strong><em>tamen</em></strong></span> 
     </span>
    </p>
   </div>
   <div class='ocr_carea' id='block_1_86' title="bbox 2112 3381 3700 3455">
    <p class='ocr_par' dir='ltr' id='par_1_86' title="bbox 2112 3381 3700 3455">
     <span class='ocr_line' id='line_1_86' title="bbox 2112 3381 3700 3455; baseline -0.005 -16"><span class='ocrx_word' id='word_1_624' title='bbox 2112 3385 2194 3439; x_wconf 74' lang='lat' dir='ltr'><strong><em>sel</em></strong></span> <span class='ocrx_word' id='word_1_625' title='bbox 2232 3385 2313 3439; x_wconf 87' lang='lat' dir='ltr'><strong><em>ita</em></strong></span> <span class='ocrx_word' id='word_1_626' title='bbox 2339 3387 2397 3439; x_wconf 78' lang='lat' dir='ltr'><strong><em>in</em></strong></span> <span class='ocrx_word' id='word_1_627' title='bbox 2436 3386 2618 3440; x_wconf 81' lang='lat' dir='ltr'><strong><em>eodem</em></strong></span> <span class='ocrx_word' id='word_1_628' title='bbox 2657 3395 2802 3440; x_wconf 88' lang='lat' dir='ltr'><strong><em>statu</em></strong></span> <span class='ocrx_word' id='word_1_629' title='bbox 2840 3384 3258 3455; x_wconf 82' lang='lat' dir='ltr'><strong><em>permanendum</em></strong></span> <span class='ocrx_word' id='word_1_630' title='bbox 3281 3381 3532 3436; x_wconf 77' lang='lat' dir='ltr'><strong><em>duximus</em></strong></span> <span class='ocrx_word' id='word_1_631' title='bbox 3559 3422 3574 3443; x_wconf 86' lang='lat'><em>.</em></span> <span class='ocrx_word' id='word_1_632' title='bbox 3611 3397 3700 3433; x_wconf 73' lang='lat' dir='ltr'><strong><em>va-</em></strong></span> 
     </span>
    </p>
   </div>
   <div class='ocr_carea' id='block_1_87' title="bbox 2113 3477 3700 3550">
    <p class='ocr_par' dir='ltr' id='par_1_87' title="bbox 2113 3477 3700 3550">
     <span class='ocr_line' id='line_1_87' title="bbox 2113 3477 3700 3550; baseline -0.001 -18"><span class='ocrx_word' id='word_1_633' title='bbox 2113 3481 2394 3534; x_wconf 74' lang='lat' dir='ltr'><strong><em>nissimam</em></strong></span> <span class='ocrx_word' id='word_1_634' title='bbox 2423 3496 2534 3535; x_wconf 89' lang='lat' dir='ltr'><strong><em>esse</em></strong></span> <span class='ocrx_word' id='word_1_635' title='bbox 2563 3479 2860 3550; x_wconf 71' lang='lat' dir='ltr'><strong><em>iudicantes</em></strong></span> <span class='ocrx_word' id='word_1_636' title='bbox 2896 3477 3057 3550; x_wconf 85' lang='lat' dir='ltr'><strong><em>facile</em></strong></span> <span class='ocrx_word' id='word_1_637' title='bbox 3087 3478 3363 3531; x_wconf 83' lang='lat' dir='ltr'><strong><em>immutari</em></strong></span> <span class='ocrx_word' id='word_1_638' title='bbox 3395 3479 3570 3531; x_wconf 87' lang='lat' dir='ltr'><strong><em>causis</em></strong></span> <span class='ocrx_word' id='word_1_639' title='bbox 3598 3478 3700 3530; x_wconf 84' lang='lat' dir='ltr'><strong><em>ali-</em></strong></span> 
     </span>
    </p>
   </div>
   <div class='ocr_carea' id='block_1_88' title="bbox 2109 3571 3700 3646">
    <p class='ocr_par' dir='ltr' id='par_1_88' title="bbox 2109 3571 3700 3646">
     <span class='ocr_line' id='line_1_88' title="bbox 2109 3571 3700 3646; baseline -0.002 -19"><span class='ocrx_word' id='word_1_640' title='bbox 2109 3583 2238 3642; x_wconf 85' lang='lat' dir='ltr'><strong><em>quot</em></strong></span> <span class='ocrx_word' id='word_1_641' title='bbox 2275 3573 2471 3629; x_wconf 89' lang='lat' dir='ltr'><strong><em>oblutis</em></strong></span> <span class='ocrx_word' id='word_1_642' title='bbox 2495 3615 2512 3638; x_wconf 83' lang='lat'><strong><em>,</em></strong></span> <span class='ocrx_word' id='word_1_643' title='bbox 2547 3591 2666 3646; x_wconf 72' lang='lat' dir='ltr'><strong><em>quae</em></strong></span> <span class='ocrx_word' id='word_1_644' title='bbox 2701 3581 2760 3628; x_wconf 87' lang='lat' dir='ltr'><strong><em>ut</em></strong></span> <span class='ocrx_word' id='word_1_645' title='bbox 2804 3575 2913 3628; x_wconf 87' lang='lat' dir='ltr'><strong><em>sint</em></strong></span> <span class='ocrx_word' id='word_1_646' title='bbox 2956 3571 3283 3643; x_wconf 73' lang='lat' dir='ltr'><strong><em>grauissime</em></strong></span> <span class='ocrx_word' id='word_1_647' title='bbox 3309 3610 3323 3637; x_wconf 91' lang='lat'><strong><em>,</em></strong></span> <span class='ocrx_word' id='word_1_648' title='bbox 3354 3571 3484 3641; x_wconf 88' lang='lat' dir='ltr'><strong><em>ferri</em></strong></span> <span class='ocrx_word' id='word_1_649' title='bbox 3523 3582 3700 3625; x_wconf 76' lang='lat' dir='ltr'><strong><em>tamen</em></strong></span> 
     </span>
    </p>
   </div>
   <div class='ocr_carea' id='block_1_89' title="bbox 2109 3662 3699 3740">
    <p class='ocr_par' dir='ltr' id='par_1_89' title="bbox 2109 3662 3699 3740">
     <span class='ocr_line' id='line_1_89' title="bbox 2109 3662 3699 3740; baseline -0.002 -20"><span class='ocrx_word' id='word_1_650' title='bbox 2109 3669 2335 3736; x_wconf 88' lang='lat' dir='ltr'><strong><em>possint,</em></strong></span> <span class='ocrx_word' id='word_1_651' title='bbox 2369 3685 2529 3740; x_wconf 84' lang='lat' dir='ltr'><strong><em>neque</em></strong></span> <span class='ocrx_word' id='word_1_652' title='bbox 2549 3678 2671 3723; x_wconf 88' lang='lat' dir='ltr'><strong><em>sunt</em></strong></span> <span class='ocrx_word' id='word_1_653' title='bbox 2689 3682 2907 3738; x_wconf 75' lang='lat' dir='ltr'><strong><em>prorsus</em></strong></span> <span class='ocrx_word' id='word_1_654' title='bbox 2937 3663 3316 3721; x_wconf 85' lang='lat' dir='ltr'><strong><em>intolerabiles.</em></strong></span> <span class='ocrx_word' id='word_1_655' title='bbox 3341 3662 3410 3718; x_wconf 81' lang='lat' dir='ltr'><strong><em>At</em></strong></span> <span class='ocrx_word' id='word_1_656' title='bbox 3441 3680 3558 3718; x_wconf 73' lang='lat' dir='ltr'><strong><em>vero</em></strong></span> <span class='ocrx_word' id='word_1_657' title='bbox 3578 3680 3699 3718; x_wconf 84' lang='lat' dir='ltr'><strong><em>cum</em></strong></span> 
     </span>
    </p>
   </div>
   <div class='ocr_carea' id='block_1_90' title="bbox 2110 3759 3698 3834">
    <p class='ocr_par' dir='ltr' id='par_1_90' title="bbox 2110 3759 3698 3834">
     <span class='ocr_line' id='line_1_90' title="bbox 2110 3759 3698 3834; baseline -0.001 -19"><span class='ocrx_word' id='word_1_658' title='bbox 2110 3763 2359 3818; x_wconf 68' lang='lat' dir='ltr'><strong><em>extremis</em></strong></span> <span class='ocrx_word' id='word_1_659' title='bbox 2389 3772 2546 3834; x_wconf 87' lang='lat' dir='ltr'><strong><em>atque</em></strong></span> <span class='ocrx_word' id='word_1_660' title='bbox 2572 3762 3049 3818; x_wconf 84' lang='lat' dir='ltr'><strong><em>irremediabilibus</em></strong></span> <span class='ocrx_word' id='word_1_661' title='bbox 3073 3759 3230 3814; x_wconf 70' lang='lat' dir='ltr'><strong><em>malis</em></strong></span> <span class='ocrx_word' id='word_1_662' title='bbox 3267 3759 3581 3830; x_wconf 74' lang='lat' dir='ltr'><strong><em>afficiantur,</em></strong></span> <span class='ocrx_word' id='word_1_663' title='bbox 3611 3760 3698 3828; x_wconf 88' lang='lat' dir='ltr'><strong><em>fa-</em></strong></span> 
     </span>
    </p>
   </div>
   <div class='ocr_carea' id='block_1_91' title="bbox 2110 3853 3696 3929">
    <p class='ocr_par' dir='ltr' id='par_1_91' title="bbox 2110 3853 3696 3929">
     <span class='ocr_line' id='line_1_91' title="bbox 2110 3853 3696 3929; baseline -0.001 -19"><span class='ocrx_word' id='word_1_664' title='bbox 2110 3857 2210 3911; x_wconf 89' lang='lat' dir='ltr'><strong><em>cile</em></strong></span> <span class='ocrx_word' id='word_1_665' title='bbox 2250 3857 2306 3911; x_wconf 85' lang='lat' dir='ltr'><strong><em>id</em></strong></span> <span class='ocrx_word' id='word_1_666' title='bbox 2340 3874 2542 3927; x_wconf 88' lang='lat' dir='ltr'><strong><em>semper</em></strong></span> <span class='ocrx_word' id='word_1_667' title='bbox 2578 3858 2894 3929; x_wconf 84' lang='lat' dir='ltr'><strong><em>minimeque</em></strong></span> <span class='ocrx_word' id='word_1_668' title='bbox 2926 3857 3144 3912; x_wconf 84' lang='lat' dir='ltr'><strong><em>moleste</em></strong></span> <span class='ocrx_word' id='word_1_669' title='bbox 3182 3853 3341 3925; x_wconf 82' lang='lat' dir='ltr'><strong><em>ferre,</em></strong></span> <span class='ocrx_word' id='word_1_670' title='bbox 3377 3870 3538 3924; x_wconf 86' lang='lat' dir='ltr'><strong><em>neque</em></strong></span> <span class='ocrx_word' id='word_1_671' title='bbox 3571 3855 3696 3908; x_wconf 81' lang='lat' dir='ltr'><strong><em>ullis</em></strong></span> 
     </span>
    </p>
   </div>
   <div class='ocr_carea' id='block_1_92' title="bbox 2110 3948 3695 4021">
    <p class='ocr_par' dir='ltr' id='par_1_92' title="bbox 2110 3948 3695 4021">
     <span class='ocr_line' id='line_1_92' title="bbox 2110 3948 3695 4021; baseline 0.001 -19"><span class='ocrx_word' id='word_1_672' title='bbox 2110 3949 2303 4021; x_wconf 87' lang='lat' dir='ltr'><strong><em>iniquis</em></strong></span> <span class='ocrx_word' id='word_1_673' title='bbox 2347 3952 2798 4020; x_wconf 83' lang='lat' dir='ltr'><strong><em>atrocissimisque</em></strong></span> <span class='ocrx_word' id='word_1_674' title='bbox 2839 3949 2998 4021; x_wconf 88' lang='lat' dir='ltr'><strong><em>factis</em></strong></span> <span class='ocrx_word' id='word_1_675' title='bbox 3035 3948 3233 4019; x_wconf 59' lang='lat' dir='ltr'><strong><em>ofendi</em></strong></span> <span class='ocrx_word' id='word_1_676' title='bbox 3258 3989 3272 4015; x_wconf 93' lang='lat'><strong><em>,</em></strong></span> <span class='ocrx_word' id='word_1_677' title='bbox 3320 3950 3546 4003; x_wconf 73' lang='lat' dir='ltr'><strong><em>dixerim</em></strong></span> <span class='ocrx_word' id='word_1_678' title='bbox 3591 3964 3695 4004; x_wconf 78' lang='lat' dir='ltr'><strong><em>non</em></strong></span> 
     </span>
    </p>
   </div>
   <div class='ocr_carea' id='block_1_93' title="bbox 2107 4041 3698 4107">
    <p class='ocr_par' dir='ltr' id='par_1_93' title="bbox 2107 4041 3698 4107">
     <span class='ocr_line' id='line_1_93' title="bbox 2107 4041 3698 4107; baseline 0 -10"><span class='ocrx_word' id='word_1_679' title='bbox 2107 4058 2220 4098; x_wconf 87' lang='lat' dir='ltr'><strong><em>esse</em></strong></span> <span class='ocrx_word' id='word_1_680' title='bbox 2246 4045 2513 4099; x_wconf 72' lang='lat' dir='ltr'><strong><em>hominum</em></strong></span> <span class='ocrx_word' id='word_1_681' title='bbox 2545 4045 2958 4107; x_wconf 83' lang='lat' dir='ltr'><strong><em>ntoderatorum,</em></strong></span> <span class='ocrx_word' id='word_1_682' title='bbox 2994 4041 3086 4098; x_wconf 80' lang='lat' dir='ltr'><strong><em>sed</em></strong></span> <span class='ocrx_word' id='word_1_683' title='bbox 3123 4042 3426 4096; x_wconf 85' lang='lat' dir='ltr'><strong><em>timidorum</em></strong></span> <span class='ocrx_word' id='word_1_684' title='bbox 3456 4051 3506 4096; x_wconf 94' lang='lat' dir='ltr'><strong><em>et</em></strong></span> <span class='ocrx_word' id='word_1_685' title='bbox 3536 4044 3698 4098; x_wconf 86' lang='lat' dir='ltr'><strong><em>mise-</em></strong></span> 
     </span>
    </p>
   </div>
   <div class='ocr_carea' id='block_1_94' title="bbox 2109 4136 3691 4206">
    <p class='ocr_par' dir='ltr' id='par_1_94' title="bbox 2109 4136 3691 4206">
     <span class='ocr_line' id='line_1_94' title="bbox 2109 4136 3691 4206; baseline -0.003 -13"><span class='ocrx_word' id='word_1_686' title='bbox 2109 4155 2312 4201; x_wconf 87' lang='lat' dir='ltr'><strong><em>rorum.</em></strong></span> <span class='ocrx_word' id='word_1_687' title='bbox 2344 4154 2598 4206; x_wconf 85' lang='lat' dir='ltr'><strong><em>suamque</em></strong></span> <span class='ocrx_word' id='word_1_688' title='bbox 2633 4139 2779 4192; x_wconf 87' lang='lat' dir='ltr'><strong><em>circa</em></strong></span> <span class='ocrx_word' id='word_1_689' title='bbox 2820 4137 3090 4206; x_wconf 85' lang='lat' dir='ltr'><strong><em>publicum</em></strong></span> <span class='ocrx_word' id='word_1_690' title='bbox 3124 4136 3423 4192; x_wconf 74' lang='lat' dir='ltr'><strong><em>vecordiam</em></strong></span> <span class='ocrx_word' id='word_1_691' title='bbox 3465 4136 3691 4189; x_wconf 78' lang='lat' dir='ltr'><strong><em>curiosi-</em></strong></span> 
     </span>
    </p>
   </div>
   <div class='ocr_carea' id='block_1_95' title="bbox 2108 4228 3692 4302">
    <p class='ocr_par' dir='ltr' id='par_1_95' title="bbox 2108 4228 3692 4302">
     <span class='ocr_line' id='line_1_95' title="bbox 2108 4228 3692 4302; baseline -0.001 -17"><span class='ocrx_word' id='word_1_692' title='bbox 2108 4233 2235 4286; x_wconf 85' lang='lat' dir='ltr'><strong><em>tatis</em></strong></span> <span class='ocrx_word' id='word_1_693' title='bbox 2266 4235 2449 4302; x_wconf 86' lang='lat' dir='ltr'><strong><em>fugam</em></strong></span> <span class='ocrx_word' id='word_1_694' title='bbox 2477 4231 2619 4301; x_wconf 88' lang='lat' dir='ltr'><strong><em>falsa</em></strong></span> <span class='ocrx_word' id='word_1_695' title='bbox 2645 4230 2996 4300; x_wconf 84' lang='lat' dir='ltr'><strong><em>appellatione</em></strong></span> <span class='ocrx_word' id='word_1_696' title='bbox 3021 4230 3341 4284; x_wconf 75' lang='lat' dir='ltr'><strong><em>vocantium.</em></strong></span> <span class='ocrx_word' id='word_1_697' title='bbox 3377 4228 3490 4283; x_wconf 83' lang='lat' dir='ltr'><strong><em>lloc</em></strong></span> <span class='ocrx_word' id='word_1_698' title='bbox 3512 4239 3692 4284; x_wconf 87' lang='lat' dir='ltr'><strong><em>autem</em></strong></span> 
     </span>
    </p>
   </div>
   <div class='ocr_carea' id='block_1_96' title="bbox 2103 4322 3691 4396">
    <p class='ocr_par' dir='ltr' id='par_1_96' title="bbox 2103 4322 3691 4396">
     <span class='ocr_line' id='line_1_96' title="bbox 2103 4322 3691 4396; baseline -0.001 -18"><span class='ocrx_word' id='word_1_699' title='bbox 2103 4326 2269 4380; x_wconf 79' lang='lat' dir='ltr'><strong><em>ctedis</em></strong></span> <span class='ocrx_word' id='word_1_700' title='bbox 2309 4325 2503 4380; x_wconf 85' lang='lat' dir='ltr'><strong><em>scelere</em></strong></span> <span class='ocrx_word' id='word_1_701' title='bbox 2541 4340 2700 4396; x_wconf 88' lang='lat' dir='ltr'><strong><em>neque</em></strong></span> <span class='ocrx_word' id='word_1_702' title='bbox 2740 4324 2975 4378; x_wconf 88' lang='lat' dir='ltr'><strong><em>atrocius</em></strong></span> <span class='ocrx_word' id='word_1_703' title='bbox 3021 4322 3190 4377; x_wconf 80' lang='lat' dir='ltr'><strong><em>ullum</em></strong></span> <span class='ocrx_word' id='word_1_704' title='bbox 3228 4322 3370 4393; x_wconf 87' lang='lat' dir='ltr'><strong><em>apud</em></strong></span> <span class='ocrx_word' id='word_1_705' title='bbox 3403 4324 3539 4376; x_wconf 86' lang='lat' dir='ltr'><strong><em>alios</em></strong></span> <span class='ocrx_word' id='word_1_706' title='bbox 3571 4339 3691 4392; x_wconf 81' lang='lat' dir='ltr'><strong><em>per-</em></strong></span> 
     </span>
    </p>
   </div>
   <div class='ocr_carea' id='block_1_97' title="bbox 2035 4403 3684 4488">
    <p class='ocr_par' dir='ltr' id='par_1_97' title="bbox 2035 4403 3684 4488">
     <span class='ocr_line' id='line_1_97' title="bbox 2035 4403 3684 4488; baseline 0 -18"><span class='ocrx_word' id='word_1_707' title='bbox 2035 4403 2079 4460; x_wconf 83' lang='grc' dir='ltr'><strong><em>Ῑ)</em></strong></span> <span class='ocrx_word' id='word_1_708' title='bbox 2107 4418 2308 4485; x_wconf 87' lang='lat' dir='ltr'><strong><em>petrari</em></strong></span> <span class='ocrx_word' id='word_1_709' title='bbox 2343 4414 2502 4488; x_wconf 72' lang='lat'><strong><em>159</em></strong></span> <span class='ocrx_word' id='word_1_710' title='bbox 2530 4425 2720 4486; x_wconf 84' lang='lat' dir='ltr'><strong><em>queat,</em></strong></span> <span class='ocrx_word' id='word_1_711' title='bbox 2765 4430 2929 4487; x_wconf 86' lang='lat' dir='ltr'><strong><em>neque</em></strong></span> <span class='ocrx_word' id='word_1_712' title='bbox 2968 4423 3328 4486; x_wconf 87' lang='lat' dir='ltr'><strong><em>perpetratum</em></strong></span> <span class='ocrx_word' id='word_1_713' title='bbox 3361 4416 3684 4486; x_wconf 80' lang='lat' dir='ltr'><strong><em>negligatur.</em></strong></span> 
     </span>
    </p>
   </div>
   <div class='ocr_carea' id='block_1_98' title="bbox 2109 4505 3686 4579">
    <p class='ocr_par' dir='ltr' id='par_1_98' title="bbox 2109 4505 3686 4579">
     <span class='ocr_line' id='line_1_98' title="bbox 2109 4505 3686 4579; baseline 0.003 -19"><span class='ocrx_word' id='word_1_714' title='bbox 2109 4505 2371 4573; x_wconf 83' lang='lat' dir='ltr'><strong><em>Quocirca</em></strong></span> <span class='ocrx_word' id='word_1_715' title='bbox 2405 4525 2566 4578; x_wconf 84' lang='lat' dir='ltr'><strong><em>neque</em></strong></span> <span class='ocrx_word' id='word_1_716' title='bbox 2604 4508 2751 4562; x_wconf 89' lang='lat' dir='ltr'><strong><em>nobis</em></strong></span> <span class='ocrx_word' id='word_1_717' title='bbox 2792 4507 3156 4579; x_wconf 84' lang='lat' dir='ltr'><strong><em>negligendum</em></strong></span> <span class='ocrx_word' id='word_1_718' title='bbox 3192 4517 3308 4574; x_wconf 89' lang='lat' dir='ltr'><strong><em>est,</em></strong></span> <span class='ocrx_word' id='word_1_719' title='bbox 3353 4509 3421 4562; x_wconf 90' lang='lat' dir='ltr'><strong><em>ad</em></strong></span> <span class='ocrx_word' id='word_1_720' title='bbox 3461 4524 3686 4579; x_wconf 84' lang='lat' dir='ltr'><strong><em>quorum</em></strong></span> 
     </span>
    </p>
   </div>
   <div class='ocr_carea' id='block_1_99' title="bbox 2105 4599 3687 4672">
    <p class='ocr_par' dir='ltr' id='par_1_99' title="bbox 2105 4599 3687 4672">
     <span class='ocr_line' id='line_1_99' title="bbox 2105 4599 3687 4672; baseline 0.002 -18"><span class='ocrx_word' id='word_1_721' title='bbox 2105 4600 2450 4672; x_wconf 83' lang='lat' dir='ltr'><strong><em>ignominiam</em></strong></span> <span class='ocrx_word' id='word_1_722' title='bbox 2480 4599 2780 4670; x_wconf 86' lang='lat' dir='ltr'><strong><em>pertinebit,</em></strong></span> <span class='ocrx_word' id='word_1_723' title='bbox 2807 4602 2854 4655; x_wconf 91' lang='lat' dir='ltr'><strong><em>si</em></strong></span> <span class='ocrx_word' id='word_1_724' title='bbox 2873 4601 3086 4672; x_wconf 88' lang='lat' dir='ltr'><strong><em>quando</em></strong></span> <span class='ocrx_word' id='word_1_725' title='bbox 3115 4601 3214 4656; x_wconf 76' lang='lat' dir='ltr'><strong><em>visi</em></strong></span> <span class='ocrx_word' id='word_1_726' title='bbox 3251 4601 3507 4668; x_wconf 83' lang='lat' dir='ltr'><strong><em>fuerimus</em></strong></span> <span class='ocrx_word' id='word_1_727' title='bbox 3533 4599 3687 4657; x_wconf 80' lang='lat' dir='ltr'><strong><em>obliti</em></strong></span> 
     </span>
    </p>
   </div>
   <div class='ocr_carea' id='block_1_100' title="bbox 2105 4693 3684 4764">
    <p class='ocr_par' dir='ltr' id='par_1_100' title="bbox 2105 4693 3684 4764">
     <span class='ocr_line' id='line_1_100' title="bbox 2105 4693 3684 4764; baseline 0.003 -18"><span class='ocrx_word' id='word_1_728' title='bbox 2105 4693 2283 4762; x_wconf 85' lang='lat' dir='ltr'><strong><em>regis,</em></strong></span> <span class='ocrx_word' id='word_1_729' title='bbox 2331 4693 2756 4763; x_wconf 86' lang='lat' dir='ltr'><strong><em>interfectoribus</em></strong></span> <span class='ocrx_word' id='word_1_730' title='bbox 2807 4693 3227 4751; x_wconf 89' lang='lat' dir='ltr'><strong><em>adblandientes.</em></strong></span> <span class='ocrx_word' id='word_1_731' title='bbox 3280 4693 3341 4750; x_wconf 91' lang='lat' dir='ltr'><strong><em>Si</em></strong></span> <span class='ocrx_word' id='word_1_732' title='bbox 3386 4696 3526 4750; x_wconf 87' lang='lat' dir='ltr'><strong><em>enim</em></strong></span> <span class='ocrx_word' id='word_1_733' title='bbox 3567 4695 3684 4764; x_wconf 82' lang='lat' dir='ltr'><strong><em>fieri</em></strong></span> 
     </span>
    </p>
   </div>
   <div class='ocr_carea' id='block_1_101' title="bbox 2105 4789 3684 4860">
    <p class='ocr_par' dir='ltr' id='par_1_101' title="bbox 2105 4789 3684 4860">
     <span class='ocr_line' id='line_1_101' title="bbox 2105 4789 3684 4860; baseline 0.001 -18"><span class='ocrx_word' id='word_1_734' title='bbox 2105 4799 2278 4857; x_wconf 86' lang='lat' dir='ltr'><strong><em>posset</em></strong></span> <span class='ocrx_word' id='word_1_735' title='bbox 2327 4797 2382 4840; x_wconf 92' lang='lat' dir='ltr'><strong><em>ut</em></strong></span> <span class='ocrx_word' id='word_1_736' title='bbox 2409 4789 2520 4858; x_wconf 88' lang='lat' dir='ltr'><strong><em>ipse</em></strong></span> <span class='ocrx_word' id='word_1_737' title='bbox 2548 4804 2685 4844; x_wconf 87' lang='lat' dir='ltr'><strong><em>nunc</em></strong></span> <span class='ocrx_word' id='word_1_738' title='bbox 2708 4805 2885 4845; x_wconf 85' lang='lat' dir='ltr'><strong><em>coram</em></strong></span> <span class='ocrx_word' id='word_1_739' title='bbox 2911 4789 3210 4856; x_wconf 83' lang='lat' dir='ltr'><strong><em>sisteretur,</em></strong></span> <span class='ocrx_word' id='word_1_740' title='bbox 3236 4789 3433 4845; x_wconf 89' lang='lat' dir='ltr'><strong><em>acriter</em></strong></span> <span class='ocrx_word' id='word_1_741' title='bbox 3451 4790 3684 4860; x_wconf 82' lang='lat' dir='ltr'><strong><em>profecto</em></strong></span> 
     </span>
    </p>
   </div>
   <div class='ocr_carea' id='block_1_102' title="bbox 2105 4880 3686 4954">
    <p class='ocr_par' dir='ltr' id='par_1_102' title="bbox 2105 4880 3686 4954">
     <span class='ocr_line' id='line_1_102' title="bbox 2105 4880 3686 4954; baseline 0.002 -20"><span class='ocrx_word' id='word_1_742' title='bbox 2105 4897 2192 4934; x_wconf 75' lang='lat' dir='ltr'><strong><em>eos</em></strong></span> <span class='ocrx_word' id='word_1_743' title='bbox 2218 4880 2533 4949; x_wconf 86' lang='lat' dir='ltr'><strong><em>increparet,</em></strong></span> <span class='ocrx_word' id='word_1_744' title='bbox 2561 4890 2612 4936; x_wconf 88' lang='lat' dir='ltr'><strong><em>et</em></strong></span> <span class='ocrx_word' id='word_1_745' title='bbox 2641 4881 2971 4953; x_wconf 69' lang='lat' dir='ltr'><strong><em>negligentiae</em></strong></span> <span class='ocrx_word' id='word_1_746' title='bbox 2997 4891 3423 4954; x_wconf 86' lang='lat' dir='ltr'><strong><em>contemptusque</em></strong></span> <span class='ocrx_word' id='word_1_747' title='bbox 3444 4883 3527 4937; x_wconf 86' lang='lat' dir='ltr'><strong><em>sui</em></strong></span> <span class='ocrx_word' id='word_1_748' title='bbox 3550 4884 3686 4939; x_wconf 82' lang='lat' dir='ltr'><strong><em>insi-</em></strong></span> 
     </span>
    </p>
   </div>
   <div class='ocr_carea' id='block_1_103' title="bbox 2106 4971 3686 5042">
    <p class='ocr_par' dir='ltr' id='par_1_103' title="bbox 2106 4971 3686 5042">
     <span class='ocr_line' id='line_1_103' title="bbox 2106 4971 3686 5042; baseline 0.003 -18"><span class='ocrx_word' id='word_1_749' title='bbox 2106 4971 2351 5038; x_wconf 86' lang='lat' dir='ltr'><strong><em>mularet,</em></strong></span> <span class='ocrx_word' id='word_1_750' title='bbox 2384 4975 2523 5042; x_wconf 87' lang='lat' dir='ltr'><strong><em>quod</em></strong></span> <span class='ocrx_word' id='word_1_751' title='bbox 2553 4973 2793 5029; x_wconf 87' lang='lat' dir='ltr'><strong><em>scelerati</em></strong></span> <span class='ocrx_word' id='word_1_752' title='bbox 2834 4975 2925 5029; x_wconf 89' lang='lat' dir='ltr'><strong><em>isti</em></strong></span> <span class='ocrx_word' id='word_1_753' title='bbox 2962 4975 3076 5031; x_wconf 87' lang='lat' dir='ltr'><strong><em>suis</em></strong></span> <span class='ocrx_word' id='word_1_754' title='bbox 3119 4975 3293 5030; x_wconf 79' lang='lat' dir='ltr'><strong><em>adhuc</em></strong></span> <span class='ocrx_word' id='word_1_755' title='bbox 3325 4975 3377 5029; x_wconf 87' lang='lat' dir='ltr'><strong><em>in</em></strong></span> <span class='ocrx_word' id='word_1_756' title='bbox 3412 4976 3563 5028; x_wconf 89' lang='lat' dir='ltr'><strong><em>terris</em></strong></span> <span class='ocrx_word' id='word_1_757' title='bbox 3593 4974 3686 5028; x_wconf 87' lang='lat' dir='ltr'><strong><em>de-</em></strong></span> 
     </span>
    </p>
   </div>
   <div class='ocr_carea' id='block_1_104' title="bbox 2104 5066 3688 5138">
    <p class='ocr_par' dir='ltr' id='par_1_104' title="bbox 2104 5066 3688 5138">
     <span class='ocr_line' id='line_1_104' title="bbox 2104 5066 3688 5138; baseline 0.003 -20"><span class='ocrx_word' id='word_1_758' title='bbox 2104 5075 2251 5135; x_wconf 78' lang='lat' dir='ltr'><strong><em>gant,</em></strong></span> <span class='ocrx_word' id='word_1_759' title='bbox 2283 5081 2446 5130; x_wconf 86' lang='lat' dir='ltr'><strong><em>neque</em></strong></span> <span class='ocrx_word' id='word_1_760' title='bbox 2475 5066 2640 5121; x_wconf 88' lang='lat' dir='ltr'><strong><em>multo</em></strong></span> <span class='ocrx_word' id='word_1_761' title='bbox 2669 5075 2791 5122; x_wconf 84' lang='lat' dir='ltr'><strong><em>ante</em></strong></span> <span class='ocrx_word' id='word_1_762' title='bbox 2821 5067 2929 5121; x_wconf 90' lang='lat' dir='ltr'><strong><em>sint</em></strong></span> <span class='ocrx_word' id='word_1_763' title='bbox 2956 5066 3128 5138; x_wconf 83' lang='lat' dir='ltr'><strong><em>ejecti.</em></strong></span> <span class='ocrx_word' id='word_1_764' title='bbox 3154 5067 3418 5134; x_wconf 80' lang='lat' dir='ltr'><strong><em>Quoniam</em></strong></span> <span class='ocrx_word' id='word_1_765' title='bbox 3444 5083 3562 5121; x_wconf 73' lang='lat' dir='ltr'><strong><em>vero</em></strong></span> <span class='ocrx_word' id='word_1_766' title='bbox 3591 5082 3688 5122; x_wconf 82' lang='lat' dir='ltr'><strong><em>ne-</em></strong></span> 
     </span>
    </p>
   </div>
   <div class='ocr_carea' id='block_1_105' title="bbox 2103 5158 3682 5232">
    <p class='ocr_par' dir='ltr' id='par_1_105' title="bbox 2103 5158 3682 5232">
     <span class='ocr_line' id='line_1_105' title="bbox 2103 5158 3682 5232; baseline 0.002 -21"><span class='ocrx_word' id='word_1_767' title='bbox 2103 5174 2203 5229; x_wconf 84' lang='lat' dir='ltr'><strong><em>que</em></strong></span> <span class='ocrx_word' id='word_1_768' title='bbox 2234 5158 2520 5229; x_wconf 86' lang='lat' dir='ltr'><strong><em>adfuturus</em></strong></span> <span class='ocrx_word' id='word_1_769' title='bbox 2547 5169 2626 5215; x_wconf 90' lang='lat' dir='ltr'><strong><em>est</em></strong></span> <span class='ocrx_word' id='word_1_770' title='bbox 2647 5161 2759 5231; x_wconf 86' lang='lat' dir='ltr'><strong><em>ipse</em></strong></span> <span class='ocrx_word' id='word_1_771' title='bbox 2785 5160 3054 5231; x_wconf 89' lang='lat' dir='ltr'><strong><em>deinceps,</em></strong></span> <span class='ocrx_word' id='word_1_772' title='bbox 3088 5176 3254 5232; x_wconf 81' lang='lat' dir='ltr'><strong><em>neque</em></strong></span> <span class='ocrx_word' id='word_1_773' title='bbox 3278 5175 3366 5217; x_wconf 77' lang='lat' dir='ltr'><strong><em>vos</em></strong></span> <span class='ocrx_word' id='word_1_774' title='bbox 3397 5160 3682 5230; x_wconf 86' lang='lat' dir='ltr'><strong><em>compeltu-</em></strong></span> 
     </span>
    </p>
   </div>
   <div class='ocr_carea' id='block_1_106' title="bbox 2111 5254 3679 5326">
    <p class='ocr_par' dir='ltr' id='par_1_106' title="bbox 2111 5254 3679 5326">
     <span class='ocr_line' id='line_1_106' title="bbox 2111 5254 3679 5326; baseline 0.003 -22"><span class='ocrx_word' id='word_1_775' title='bbox 2111 5258 2284 5318; x_wconf 87' lang='lat' dir='ltr'><strong><em>turus,</em></strong></span> <span class='ocrx_word' id='word_1_776' title='bbox 2315 5268 2406 5308; x_wconf 74' lang='lat' dir='ltr'><strong><em>vos</em></strong></span> <span class='ocrx_word' id='word_1_777' title='bbox 2439 5254 2614 5309; x_wconf 68' lang='lat' dir='ltr'><strong><em>virum</em></strong></span> <span class='ocrx_word' id='word_1_778' title='bbox 2643 5254 2800 5311; x_wconf 86' lang='lat' dir='ltr'><strong><em>illum</em></strong></span> <span class='ocrx_word' id='word_1_779' title='bbox 2836 5271 2960 5310; x_wconf 88' lang='lat' dir='ltr'><strong><em>cum</em></strong></span> <span class='ocrx_word' id='word_1_780' title='bbox 2989 5254 3185 5310; x_wconf 83' lang='lat' dir='ltr'><strong><em>animis</em></strong></span> <span class='ocrx_word' id='word_1_781' title='bbox 3215 5256 3400 5311; x_wconf 83' lang='lat' dir='ltr'><strong><em>vestris</em></strong></span> <span class='ocrx_word' id='word_1_782' title='bbox 3436 5265 3679 5326; x_wconf 81' lang='lat' dir='ltr'><strong><em>reputate</em></strong></span> 
     </span>
    </p>
   </div>
   <div class='ocr_carea' id='block_1_107' title="bbox 1716 5406 2381 5466">
    <p class='ocr_par' dir='ltr' id='par_1_107' title="bbox 1716 5406 2381 5466">
     <span class='ocr_line' id='line_1_107' title="bbox 1716 5406 2381 5466; baseline 0.012 -8"><span class='ocrx_word' id='word_1_783' title='bbox 1716 5407 1950 5461; x_wconf 73' lang='lat' dir='ltr'><strong><em>VARIAS</em></strong></span> <span class='ocrx_word' id='word_1_784' title='bbox 1973 5406 2381 5466; x_wconf 77' lang='lat' dir='ltr'><strong><em>LECTIONES.</em></strong></span> 
     </span>
    </p>
   </div>
   <div class='ocr_carea' id='block_1_108' title="bbox 489 5571 1505 5656">
    <p class='ocr_par' dir='ltr' id='par_1_108' title="bbox 489 5571 1505 5656">
     <span class='ocr_line' id='line_1_108' title="bbox 489 5571 1505 5656; baseline 0.004 -32"><span class='ocrx_word' id='word_1_785' title='bbox 489 5571 529 5603; x_wconf 86' lang='grc'><strong><em>³¹</em></strong></span> <span class='ocrx_word' id='word_1_786' title='bbox 562 5572 861 5644; x_wconf 76' lang='grc' dir='ltr'><em>χρήσονται</em></span> <span class='ocrx_word' id='word_1_787' title='bbox 897 5572 968 5656; x_wconf 55' lang='grc' dir='ltr'><em>Β,</em></span> <span class='ocrx_word' id='word_1_788' title='bbox 993 5573 1306 5656; x_wconf 50' lang='grc' dir='ltr'><em>χρήσωνται</em></span> <span class='ocrx_word' id='word_1_789' title='bbox 1361 5576 1505 5646; x_wconf 81' lang='lat' dir='ltr'><strong><em>vulg.</em></strong></span> 
     </span>
    </p>
   </div>
   <div class='ocr_carea' id='block_1_109' title="bbox 415 5654 1133 5698">
    <p class='ocr_par' dir='ltr' id='par_1_109' title="bbox 415 5654 1133 5698">
     <span class='ocr_line' id='line_1_109' title="bbox 415 5654 1133 5698; baseline 0.006 -4"><span class='ocrx_word' id='word_1_790' title='bbox 415 5669 486 5682; x_wconf 68' lang='lat'><strong><em>-‘</em></strong></span> <span class='ocrx_word' id='word_1_791' title='bbox 515 5659 700 5698; x_wconf 86' lang='lat' dir='ltr'><strong><em>manus</em></strong></span> <span class='ocrx_word' id='word_1_792' title='bbox 729 5654 1133 5698; x_wconf 72' lang='grc' dir='ltr'><em>οοιιετνιιιςεειιί.</em></span> 
     </span>
    </p>
   </div>
   <div class='ocr_carea' id='block_1_110' title="bbox 415 5710 1483 5788">
    <p class='ocr_par' dir='ltr' id='par_1_110' title="bbox 415 5710 1483 5788">
     <span class='ocr_line' id='line_1_110' title="bbox 415 5710 1483 5788; baseline 0.007 -25"><span class='ocrx_word' id='word_1_793' title='bbox 415 5710 462 5744; x_wconf 74' lang='grc'><strong><em>³⁸</em></strong></span> <span class='ocrx_word' id='word_1_794' title='bbox 491 5713 824 5788; x_wconf 45' lang='grc' dir='ltr'><strong><em>τῴ-εὐᾳεξεῖ</em></strong></span> <span class='ocrx_word' id='word_1_795' title='bbox 850 5715 914 5778; x_wconf 68' lang='grc' dir='ltr'><em>Β,</em></span> <span class='ocrx_word' id='word_1_796' title='bbox 946 5715 1026 5788; x_wconf 54' lang='grc' dir='ltr'><strong><em>τῇ)</em></strong></span> <span class='ocrx_word' id='word_1_797' title='bbox 1059 5716 1305 5788; x_wconf 63' lang='grc' dir='ltr'><em>εὐσεϐεῖν</em></span> <span class='ocrx_word' id='word_1_798' title='bbox 1335 5719 1483 5788; x_wconf 81' lang='lat' dir='ltr'><strong><em>vulg.</em></strong></span> 
     </span>
    </p>
   </div>
   <div class='ocr_carea' id='block_1_111' title="bbox 413 5783 1594 5858">
    <p class='ocr_par' dir='ltr' id='par_1_111' title="bbox 413 5783 1594 5858">
     <span class='ocr_line' id='line_1_111' title="bbox 413 5783 1594 5858; baseline 0.007 -24"><span class='ocrx_word' id='word_1_799' title='bbox 413 5794 525 5858; x_wconf 65' lang='lat' dir='ltr'><strong><em>om.</em></strong></span> <span class='ocrx_word' id='word_1_800' title='bbox 562 5783 627 5838; x_wconf 70' lang='grc' dir='ltr'><em>Β.</em></span> <span class='ocrx_word' id='word_1_801' title='bbox 676 5784 926 5858; x_wconf 69' lang='grc' dir='ltr'><em>δόξωμεν</em></span> <span class='ocrx_word' id='word_1_802' title='bbox 961 5785 1006 5839; x_wconf 76' lang='lat' dir='ltr'><strong><em>R</em></strong></span> <span class='ocrx_word' id='word_1_803' title='bbox 1033 5785 1184 5857; x_wconf 79' lang='lat' dir='ltr'><strong><em>(CL),</em></strong></span> <span class='ocrx_word' id='word_1_804' title='bbox 1223 5783 1594 5858; x_wconf 60' lang='lat' dir='ltr'><strong><em>boistev&#39;vnlg.</em></strong></span> 
     </span>
    </p>
   </div>
   <div class='ocr_carea' id='block_1_112' title="bbox 1607 5577 2149 5652">
    <p class='ocr_par' dir='ltr' id='par_1_112' title="bbox 1607 5577 2149 5652">
     <span class='ocr_line' id='line_1_112' title="bbox 1607 5577 2149 5652; baseline 0.004 -20"><span class='ocrx_word' id='word_1_805' title='bbox 1607 5577 1651 5609; x_wconf 83' lang='grc'><strong><em>³¹</em></strong></span> <span class='ocrx_word' id='word_1_806' title='bbox 1691 5578 1791 5652; x_wconf 57' lang='grc' dir='ltr'><em>κᾶν</em></span> <span class='ocrx_word' id='word_1_807' title='bbox 1842 5579 2043 5652; x_wconf 77' lang='grc' dir='ltr'><em>ἀρτίως</em></span> <span class='ocrx_word' id='word_1_808' title='bbox 2085 5580 2149 5634; x_wconf 69' lang='grc' dir='ltr'><strong>Β·</strong></span> 
     </span>
    </p>
   </div>
   <div class='ocr_carea' id='block_1_113' title="bbox 1236 5646 2337 5776">
    <p class='ocr_par' dir='ltr' id='par_1_113' title="bbox 1236 5646 2337 5776">
     <span class='ocr_line' id='line_1_113' title="bbox 1236 5646 2337 5718; baseline 0.007 -19"><span class='ocrx_word' id='word_1_809' title='bbox 1236 5646 1284 5678; x_wconf 74' lang='grc'><strong>⁸⁸</strong></span> <span class='ocrx_word' id='word_1_810' title='bbox 1311 5647 1655 5716; x_wconf 79' lang='grc' dir='ltr'><em>νενικηκότες</em></span> <span class='ocrx_word' id='word_1_811' title='bbox 1691 5649 1755 5712; x_wconf 75' lang='grc' dir='ltr'><em>Β,</em></span> <span class='ocrx_word' id='word_1_812' title='bbox 1791 5646 2134 5718; x_wconf 73' lang='grc' dir='ltr'><em>νενὶκηκὲναι</em></span> <span class='ocrx_word' id='word_1_813' title='bbox 2190 5653 2280 5707; x_wconf 84' lang='lat' dir='ltr'><strong><em>vni</em></strong></span> <span class='ocrx_word' id='word_1_814' title='bbox 2324 5693 2337 5707; x_wconf 93' lang='lat'><strong><em>.</em></strong></span> 
     </span>
     <span class='ocr_line' id='line_1_114' title="bbox 1236 5671 2337 5776; baseline 0.006 -7"><span class='ocrx_word' id='word_1_815' title='bbox 1236 5720 1305 5770; x_wconf 80' lang='grc' dir='ltr'><em>εῖν</em></span> <span class='ocrx_word' id='word_1_816' title='bbox 1335 5719 1483 5776; x_wconf 70' lang='lat' dir='ltr'><strong><em>vnlg.</em></strong></span> <span class='ocrx_word' id='word_1_817' title='bbox 1561 5719 1602 5751; x_wconf 86' lang='grc'>³⁷</span> <span class='ocrx_word' id='word_1_818' title='bbox 1637 5719 1914 5776; x_wconf 79' lang='lat' dir='ltr'><strong><em>Exciditue</em></strong></span> <span class='ocrx_word' id='word_1_819' title='bbox 1944 5724 2081 5776; x_wconf 77' lang='grc' dir='ltr'><em>ποὺς</em></span> <span class='ocrx_word' id='word_1_820' title='bbox 2106 5725 2230 5776; x_wconf 72' lang='grc' dir='ltr'><em>τοὺς</em></span> <span class='ocrx_word' id='word_1_821' title='bbox 2266 5671 2337 5776; x_wconf 46' lang='lat' dir='ltr'><strong><em>fit</em></strong></span> 
     </span>
    </p>
   </div>
   <div class='ocr_carea' id='block_1_114' title="bbox 1659 5740 2740 5869">
    <p class='ocr_par' dir='ltr' id='par_1_114' title="bbox 1659 5740 2740 5869">
     <span class='ocr_line' id='line_1_115' title="bbox 1659 5740 2740 5798; baseline 0.007 -25"><span class='ocrx_word' id='word_1_822' title='bbox 1659 5740 1914 5776; x_wconf 65' lang='lat' dir='ltr'><strong><em>Lxcmune</em></strong></span> <span class='ocrx_word' id='word_1_823' title='bbox 1944 5740 2081 5792; x_wconf 81' lang='grc' dir='ltr'><em>προς</em></span> <span class='ocrx_word' id='word_1_824' title='bbox 2106 5741 2230 5788; x_wconf 80' lang='grc' dir='ltr'><em>τους</em></span> <span class='ocrx_word' id='word_1_825' title='bbox 2266 5740 2480 5796; x_wconf 66' lang='lat' dir='ltr'><strong><em>nepam;</em></strong></span> <span class='ocrx_word' id='word_1_826' title='bbox 2506 5740 2740 5798; x_wconf 50' lang='lat' dir='ltr'><strong><em>anteum</em></strong></span> 
     </span>
     <span class='ocr_line' id='line_1_116' title="bbox 1659 5789 2740 5869; baseline 0.011 -27"><span class='ocrx_word' id='word_1_827' title='bbox 1659 5792 1742 5869; x_wconf 64' lang='lat'><strong><em>_”</em></strong></span> <span class='ocrx_word' id='word_1_828' title='bbox 1773 5789 1830 5869; x_wconf 49' lang='grc' dir='ltr'><em>δὲ</em></span> <span class='ocrx_word' id='word_1_829' title='bbox 1857 5801 1982 5846; x_wconf 80' lang='lat' dir='ltr'><strong><em>ante</em></strong></span> <span class='ocrx_word' id='word_1_830' title='bbox 2005 5793 2155 5869; x_wconf 66' lang='grc' dir='ltr'><em>ὅμως</em></span> <span class='ocrx_word' id='word_1_831' title='bbox 2186 5795 2290 5850; x_wconf 85' lang='lat' dir='ltr'><strong><em>ins.</em></strong></span> <span class='ocrx_word' id='word_1_832' title='bbox 2318 5813 2381 5851; x_wconf 75' lang='lat' dir='ltr'><strong><em>ex</em></strong></span> <span class='ocrx_word' id='word_1_833' title='bbox 2417 5795 2462 5852; x_wconf 76' lang='grc' dir='ltr'><strong>Β</strong></span> <span class='ocrx_word' id='word_1_834' title='bbox 2491 5807 2544 5852; x_wconf 81' lang='lat' dir='ltr'><strong><em>ct</em></strong></span> <span class='ocrx_word' id='word_1_835' title='bbox 2578 5798 2740 5869; x_wconf 83' lang='lat' dir='ltr'><strong><em>impr.</em></strong></span> 
     </span>
    </p>
   </div>
   <div class='ocr_carea' id='block_1_115' title="bbox 2249 5583 3678 5656">
    <p class='ocr_par' dir='ltr' id='par_1_115' title="bbox 2249 5583 3678 5656">
     <span class='ocr_line' id='line_1_117' title="bbox 2249 5583 3678 5656; baseline 0.001 -20"><span class='ocrx_word' id='word_1_836' title='bbox 2249 5583 2294 5656; x_wconf 28' lang='grc' dir='ltr'><strong><em>³Α³</em></strong></span> <span class='ocrx_word' id='word_1_837' title='bbox 2325 5584 2724 5656; x_wconf 76' lang='grc' dir='ltr'><em>προσμῖξαντες</em></span> <span class='ocrx_word' id='word_1_838' title='bbox 2776 5585 2873 5641; x_wconf 69' lang='grc' dir='ltr'><em>καὶ</em></span> <span class='ocrx_word' id='word_1_839' title='bbox 2935 5586 3061 5642; x_wconf 81' lang='lat' dir='ltr'><strong><em>add.</em></strong></span> <span class='ocrx_word' id='word_1_840' title='bbox 3115 5600 3179 5639; x_wconf 76' lang='lat' dir='ltr'><strong><em>ex</em></strong></span> <span class='ocrx_word' id='word_1_841' title='bbox 3218 5585 3264 5639; x_wconf 82' lang='lat' dir='ltr'><strong>R</strong></span> <span class='ocrx_word' id='word_1_842' title='bbox 3294 5597 3344 5641; x_wconf 76' lang='lat' dir='ltr'><strong><em>et</em></strong></span> <span class='ocrx_word' id='word_1_843' title='bbox 3399 5586 3561 5655; x_wconf 80' lang='lat' dir='ltr'><strong><em>impr.</em></strong></span> <span class='ocrx_word' id='word_1_844' title='bbox 3590 5587 3678 5638; x_wconf 82' lang='lat' dir='ltr'><strong><em>uti</em></strong></span> 
     </span>
    </p>
   </div>
   <div class='ocr_carea' id='block_1_116' title="bbox 2440 5655 3656 5728">
    <p class='ocr_par' dir='ltr' id='par_1_116' title="bbox 2440 5655 3656 5728">
     <span class='ocr_line' id='line_1_118' title="bbox 2440 5655 3656 5728; baseline -0.002 -17"><span class='ocrx_word' id='word_1_845' title='bbox 2440 5655 2484 5687; x_wconf 84' lang='grc'><strong><em>³⁸</em></strong></span> <span class='ocrx_word' id='word_1_846' title='bbox 2534 5657 2858 5727; x_wconf 72' lang='grc' dir='ltr'><em>ἁνανδρείαν</em></span> <span class='ocrx_word' id='word_1_847' title='bbox 2914 5659 2976 5714; x_wconf 62' lang='lat' dir='ltr'><strong><em>li.</em></strong></span> <span class='ocrx_word' id='word_1_848' title='bbox 3012 5658 3358 5728; x_wconf 73' lang='grc' dir='ltr'><em>προσήσοντα</em></span> <span class='ocrx_word' id='word_1_849' title='bbox 3387 5657 3518 5726; x_wconf 66' lang='lat' dir='ltr'><strong><em>Spit.</em></strong></span> <span class='ocrx_word' id='word_1_850' title='bbox 3552 5657 3656 5710; x_wconf 72' lang='grc' dir='ltr'><strong><em>Ρεοι·</em></strong></span> 
     </span>
    </p>
   </div>
   <div class='ocr_carea' id='block_1_117' title="bbox 2317 5726 3678 5872">
    <p class='ocr_par' dir='ltr' id='par_1_117' title="bbox 2317 5726 3678 5872">
     <span class='ocr_line' id='line_1_119' title="bbox 2317 5726 3678 5800; baseline -0.001 -20"><span class='ocrx_word' id='word_1_851' title='bbox 2317 5726 2480 5796; x_wconf 77' lang='grc' dir='ltr'><em>έρσας</em></span> <span class='ocrx_word' id='word_1_852' title='bbox 2506 5726 3076 5800; x_wconf 55' lang='grc' dir='ltr'><em>ειιιθίπροσχώρησιςῖ</em></span> <span class='ocrx_word' id='word_1_853' title='bbox 3149 5727 3195 5760; x_wconf 81' lang='grc'><strong><em>³⁸</em></strong></span> <span class='ocrx_word' id='word_1_854' title='bbox 3211 5728 3318 5782; x_wconf 70' lang='grc' dir='ltr'><em>τῶν</em></span> <span class='ocrx_word' id='word_1_855' title='bbox 3357 5741 3476 5783; x_wconf 64' lang='lat' dir='ltr'><strong><em>ante</em></strong></span> <span class='ocrx_word' id='word_1_856' title='bbox 3507 5729 3678 5798; x_wconf 60' lang='grc' dir='ltr'><em>λόγων</em></span> 
     </span>
     <span class='ocr_line' id='line_1_120' title="bbox 2318 5795 3674 5872; baseline 0.001 -21"><span class='ocrx_word' id='word_1_857' title='bbox 2318 5813 2381 5851; x_wconf 75' lang='lat' dir='ltr'><strong><em>ex</em></strong></span> <span class='ocrx_word' id='word_1_858' title='bbox 2417 5795 2462 5852; x_wconf 76' lang='grc' dir='ltr'><strong>Β</strong></span> <span class='ocrx_word' id='word_1_859' title='bbox 2491 5807 2544 5852; x_wconf 81' lang='lat' dir='ltr'><strong><em>ct</em></strong></span> <span class='ocrx_word' id='word_1_860' title='bbox 2578 5798 2740 5869; x_wconf 84' lang='lat' dir='ltr'><strong><em>impr.</em></strong></span> <span class='ocrx_word' id='word_1_861' title='bbox 2847 5799 2891 5832; x_wconf 80' lang='grc'><strong><em>’⁸⁸</em></strong></span> <span class='ocrx_word' id='word_1_862' title='bbox 2923 5799 3198 5872; x_wconf 73' lang='grc' dir='ltr'><em>ἀνήκεστα</em></span> <span class='ocrx_word' id='word_1_863' title='bbox 3231 5800 3276 5856; x_wconf 78' lang='lat' dir='ltr'><strong>R</strong></span> <span class='ocrx_word' id='word_1_864' title='bbox 3321 5809 3376 5859; x_wconf 85' lang='lat' dir='ltr'><strong><em>et</em></strong></span> <span class='ocrx_word' id='word_1_865' title='bbox 3404 5799 3567 5864; x_wconf 72' lang='lat' dir='ltr'><strong><em>impr.</em></strong></span> <span class='ocrx_word' id='word_1_866' title='bbox 3618 5809 3674 5852; x_wconf 82' lang='lat' dir='ltr'><strong><em>ut</em></strong></span> 
     </span>
    </p>
   </div>
   <div class='ocr_carea' id='block_1_118' title="bbox 413 5851 2130 5936">
    <p class='ocr_par' dir='ltr' id='par_1_118' title="bbox 413 5851 2130 5936">
     <span class='ocr_line' id='line_1_121' title="bbox 413 5851 2130 5936; baseline 0.008 -31"><span class='ocrx_word' id='word_1_867' title='bbox 413 5851 650 5917; x_wconf 76' lang='lat' dir='ltr'><strong><em>videtur,</em></strong></span> <span class='ocrx_word' id='word_1_868' title='bbox 723 5851 1083 5928; x_wconf 61' lang='grc' dir='ltr'><em>ἀνηὶιέστουξ</em></span> <span class='ocrx_word' id='word_1_869' title='bbox 1119 5851 1263 5933; x_wconf 67' lang='lat' dir='ltr'><strong><em>vulg.</em></strong></span> <span class='ocrx_word' id='word_1_870' title='bbox 1292 5851 1308 5856; x_wconf 51' lang='grc'>⁷</span> <span class='ocrx_word' id='word_1_871' title='bbox 1344 5859 1386 5890; x_wconf 72' lang='grc'><strong><em>⁸¹</em></strong></span> <span class='ocrx_word' id='word_1_872' title='bbox 1421 5859 1474 5913; x_wconf 76' lang='grc' dir='ltr'><em>ετ</em></span> <span class='ocrx_word' id='word_1_873' title='bbox 1521 5851 1581 5933; x_wconf 57' lang='grc' dir='ltr'><strong>ᾖ</strong></span> <span class='ocrx_word' id='word_1_874' title='bbox 1648 5859 1712 5932; x_wconf 68' lang='grc' dir='ltr'><em>Β,</em></span> <span class='ocrx_word' id='word_1_875' title='bbox 1766 5861 1818 5913; x_wconf 69' lang='lat' dir='ltr'><strong><em>ei</em></strong></span> <span class='ocrx_word' id='word_1_876' title='bbox 1853 5880 1954 5914; x_wconf 79' lang='grc' dir='ltr'><em>που</em></span> <span class='ocrx_word' id='word_1_877' title='bbox 1985 5851 2130 5936; x_wconf 64' lang='lat' dir='ltr'><strong><em>vulg.</em></strong></span> 
     </span>
    </p>
   </div>
  </div>
