4054 6208
393 319 529 389 “Si

1580 314 1934 376 ΑΕΑΤΗῙΕ
1961 305 2456 374 SCHOLASTICI

3510 304 3649 371 1452

387 439 551 503 pacto
589 429 690 484 sibi
724 435 1043 497 sequentem
1075 427 1218 482 diem
1247 441 1331 482 res
1364 427 1571 484 bellica
1608 427 1975 499 praeparanda

2078 441 2250 479 στατα
2295 422 2613 494 διαγνῶναι,
2657 422 2805 484 ὅπως
2851 419 3000 492 αὐτῷ
3039 419 3118 484 εις
3166 417 3360 490 ἐτέραν
3380 422 3450 472 τὰ
3476 423 3534 484 ις
3557 418 3652 472 τὸν

384 533 596 581 essent.
622 522 1010 592 Perszeitaque
1061 523 1224 576 simul
1282 531 1445 592 atque
1501 525 1566 578 ad
1612 523 1700 578 teli
1771 523 1974 592 iactum

391 623 780 685 pervenerunt,
835 613 1125 670 confestim
1173 629 1328 670 more
1373 630 1475 672 suo
1518 617 1788 685 ingentem
1834 615 1977 685 sagi-

381 721 563 763 tarum
592 708 700 760 vim
721 706 998 771 emittunt,
1019 705 1313 777 multisque
1327 705 1698 762 Romanorum
1723 706 1978 762 vulnera—

379 804 470 864 tis,
506 798 599 853 alii
637 797 857 867 quidem
898 796 1077 852 adhuc
1137 797 1429 870 pugnando
1486 797 1833 863 resistebant,
1886 797 1978 852 alii

379 905 560 959 pugna
618 899 994 945 excesserunt.
1018 889 1243 960 Angilas
1272 905 1403 945 vero
1467 901 1523 945 et
1573 890 1975 946 Philomathius

375 986 431 1032 rt
465 995 531 1036 ex
553 980 802 1049 ipsorum
855 979 1167 1049 agminibus
1196 979 1300 1034 viri
1322 979 1563 1044 ducenti,
1591 980 1804 1033 tametsi
1829 976 1976 1032 Mar-

381 1073 530 1127 tinus
561 1070 818 1125 universo
862 1069 1128 1124 exercitui
1189 1069 1504 1140 imperarat,
1555 1080 1612 1125 ut
1663 1085 1765 1125 suo
1817 1069 1980 1140 188

381 1161 618 1233 quisque
645 1161 765 1216 loco
799 1174 856 1216 se
895 1161 1197 1216 contineret
1223 1168 1386 1230 atque
1441 1175 1472 1214 e
1520 1168 1635 1213 tuto
1688 1169 1976 1229 pugnaret.

381 1254 745 1311 nihilominus
769 1265 950 1308 tamen
986 1270 1016 1308 e
1040 1263 1195 1323 porta
1226 1253 1361 1324 ipsis
1400 1253 1647 1323 proxima
1676 1252 1975 1307 evolantes.

383 1348 440 1404 in
507 1349 718 1404 hostem
772 1345 1108 1402 ferebantur.
1164 1345 1486 1402 Theodorus
1532 1360 1656 1402 vero
1709 1342 1978 1398 Tzannici

384 1440 624 1510 agminis
653 1438 765 1494 dux
797 1438 958 1494 initio
983 1437 1204 1507 quidem
1225 1453 1357 1495 suos
1383 1437 1653 1493 continuit
1684 1437 1978 1507 impetum-

383 1543 492 1599 que
521 1530 803 1600 repressit,
838 1530 1164 1585 temeritatis
1202 1545 1300 1586 eos
1364 1544 1639 1599 arguens;
1689 1543 1814 1584 cum
1852 1542 1980 1582 vero

385 1620 465 1674 illi
496 1621 643 1676 dicto
666 1620 956 1677 audientes
981 1638 1088 1676 non
1117 1630 1321 1686 essent,
1375 1625 1487 1691 ipse
1542 1623 1703 1676 etiam
1730 1635 1787 1676 se
1811 1619 1981 1690 pluri-

2081 517 2318 588 πόλεμον
2369 513 2848 588 παρασκευαστέα.
2915 513 3050 566 Τότε
3093 511 3160 580 δὴ
3211 505 3304 566 οὖν
3333 526 3364 564 ο
3414 510 3651 577 Πέρσαι,

2079 611 2270 682 ἐπειδὴ
2302 611 2356 674 ἐς
2386 610 2541 676 τόξου
2573 607 2733 679 βολὴν
2760 607 3043 677 ἀφίκοντο,
3085 603 3288 660 αὐτίκα
3319 605 3459 672 οἵγε,
3493 601 3657 659 τοῦτο

2078 701 2145 774 δὴ
2176 703 2360 766 αὐτοῖς
2379 700 2442 755 τὸ
2458 700 2794 773 εἰθισμένον,
2814 698 2967 770 θαμά
2996 699 3042 731 ⁸⁸
3064 695 3459 761 ἐπετοξάζοντο
3482 713 3496 726 -
3521 693 3656 748 πολ--

2078 792 2160 848 λοί
2196 810 2257 846 τε
2296 791 2408 847 τῶν
2459 791 2748 863 Ῥωμαίων
2792 789 3115 862 τρωθέντες,
3166 787 3218 842 oi
3254 788 3353 856 μὲν
3395 785 3478 840 ἔτι
3518 785 3660 856 ἀμυ-

2080 889 2295 958 νόμενοι
2354 887 2625 955 ἀντεῖχον,
2677 883 2809 938 ἔνιοι
2863 883 2921 936 δέ
2962 881 3062 955 [Ρ.
3098 878 3202 952 98]
3245 881 3340 933 καὶ
3378 879 3659 947 ἀπόμαχοι

2080 981 2377 1050 ἐγίγνοντο.
2456 977 2712 1047 ’Δγγῐλας
2763 975 2821 1029 δέ
2881 975 2972 1028 καὶ
3015 971 3344 1043 ἂιλομάθιος
3398 971 3494 1024 καὶ
3545 967 3657 1022 τῶν

2079 1072 2220 1144 ἀμ’,ΐ
2258 1072 2457 1134 αὐτοὺς
2509 1069 2806 1138 ταγμάτων
2851 1065 3047 1136 ἄνδρες
3100 1065 3158 1126 ἐς
3199 1061 3532 1123 διακοσίους,
3563 1057 3658 1112 καὶ

2078 1167 2251 1224 ταῦτα
2296 1164 2694 1239 προειρημένον
2743 1160 2930 1232 ἁπάσῃ
2976 1161 3042 1230 τῇ
3086 1157 3315 1230 στρατίᾳ
3351 1155 3456 1208 ὑπὸ
3501 1153 3656 1222 Μαρ-

2078 1261 2226 1314 τίνου
2284 1260 2464 1330 μένειν
2510 1259 2738 1311 ἕκαστον
2783 1254 2926 1308 κατὰ
2965 1252 3172 1324 χώραν,
3205 1251 3302 1304 καὶ
3329 1249 3395 1302 ἐκ
3429 1244 3524 1301 τοῦ
3554 1246 3658 1300 άσ-

2081 1349 2280 1420 φαλοῦς
2327 1345 2736 1419 ἀπομάχεσθαι,
2781 1346 2832 1398 οί
2879 1343 2936 1396 δὲ
2963 1342 3062 1412 τὴν
3095 1339 3216 1395 καθ’
3245 1338 3447 1401 αὐτοὺς
3479 1335 3657 1406 πύλην

2079 1441 2541 1502 ἀναπετάσαντες,
2582 1439 2724 1491 κατά
2775 1435 2883 1490 τῶν
2913 1432 3190 1504 πολεμίων
3229 1433 3494 1502 ἐχώρουν.
3527 1429 3657 1484 Θεό-

2078 1534 2249 1606 δωρος
2279 1535 2334 1586 δὲ
2360 1534 2386 1586 ό
2415 1533 2506 1584 τοῦ
2537 1529 2839 1596 Τζαννικοῦ
2858 1528 2898 1559 ’⁷
2921 1525 3111 1598 ὁμίλου
3133 1523 3446 1594 ταξίαρχος,
3470 1523 3658 1593 ἐπεῖχε

2084 1626 2182 1698 μέν
2227 1625 2296 1680 τὰ
2349 1624 2563 1694 πρῶτα,
2614 1622 2711 1676 καὶ
2756 1621 3024 1675 ἀνέκοπτε
3048 1620 3149 1688 τὴν
3176 1617 3376 1689 ὁρμὴν,
3409 1614 3658 1686 νεμεσῶν

387 1713 492 1768 bus
520 1729 627 1768 non
656 1713 876 1784 quidem
917 1715 1090 1770 libens
1119 1714 1385 1785 adjunxit,
1415 1725 1468 1770 et
1511 1731 1632 1770 cum
1662 1714 1770 1770 illis
1801 1715 1852 1766 in
1883 1713 1975 1767 lto-

2081 1718 2267 1781 αὐτοῖς
2294 1717 2392 1787 τῆς
2425 1714 2776 1786 προπετείας.
2816 1713 2971 1767 Ἐπεὶ
2992 1712 3048 1767 δὲ
3068 1711 3169 1766 οὐκ
3192 1709 3492 1772 ἐπείθοντο,
3517 1706 3649 1779 ὑπή-

385 1811 523 1858 stem
554 1803 669 1868 ivit,
690 1804 1000 1860 netimidus
1019 1817 1354 1870 censeretur,
1381 1821 1552 1876 eaque
1578 1807 1690 1860 sola
1720 1807 1786 1861 de
1806 1818 1974 1861 causa

386 1896 680 1954 honestum
727 1900 1018 1955 consilium
1092 1901 1337 1970 speciose
1377 1911 1692 1970 prmtexere.
1744 1896 1968 1954 Factum

385 1991 535 2048 enim
559 1993 610 2048 ei
658 2006 1004 2062 nequaquam
1061 1991 1414 2062 probabatur,
1459 1991 1730 2061 particeps
1791 1998 1973 2046 tamen

388 2081 537 2139 illius
565 2097 686 2138 esse
707 2081 939 2148 volebat,
968 2098 1352 2154 quemcunque
1382 2083 1599 2138 tandem
1650 2081 1857 2138 exitum
1885 2096 1972 2137 es-

387 2185 473 2230 set
500 2173 839 2229 habiturum.
869 2171 934 2227 Et
958 2181 1106 2229 certe
1131 2189 1323 2244 parum
1355 2175 1544 2229 aberat
1604 2174 1737 2244 quin
1782 2186 1974 2228 omnes

390 2266 466 2321 ibi
493 2265 660 2321 simul
691 2266 1002 2336 periissem,
1034 2267 1139 2321 nisi
1159 2265 1305 2321 aliud
1362 2267 1633 2338 quoddam
1678 2264 1972 2320 consilium

389 2355 560 2413 aDeo
609 2357 1026 2414 corroboratum
1074 2358 1236 2414 saluti
1284 2358 1363 2413 eis
1417 2357 1627 2413 fuisset.
1683 2356 1976 2414 Dilimnita:

387 2447 537 2504 enim
593 2449 684 2521 qui
719 2463 786 2504 eo
815 2448 916 2504 loci
942 2450 1228 2505 stationem
1268 2450 1561 2514 habebant,
1603 2450 1976 2521 instructaque

389 2541 508 2596 acie
554 2541 796 2607 Stabant,
835 2551 1147 2614 contempta
1203 2543 1610 2598 adventantium
1678 2544 1972 2613 paucitate,

391 2634 558 2702 quieti
582 2649 678 2690 eos
712 2635 1116 2707 operiebantur,
1143 2651 1319 2706 neque
1343 2652 1401 2692 se
1435 2638 1554 2691 loco
1580 2651 1682 2692 suo
1732 2638 1977 2691 dimove-

390 2725 560 2790 bant;
603 2741 728 2780 cum
765 2741 891 2780 vero
935 2725 1048 2794 jam
1105 2729 1328 2796 propius
1372 2727 1753 2791 accessissent,
1790 2727 1976 2781 confe-

392 2820 520 2874 stim
548 2820 779 2875 sinuatis
795 2819 1138 2891 diductisque
1161 2819 1420 2874 cornibus
1439 2820 1724 2876 universos
1749 2821 1979 2876 circum-

392 2911 642 2975 veniunt,
679 2919 733 2966 et
767 2911 822 2964 in
863 2910 1049 2965 orbem
1078 2911 1242 2965 veluti
1275 2925 1476 2966 corona
1501 2911 1747 2981 cingunt.
1774 2909 1978 2965 Itoma-

392 3004 450 3060 ni
476 3013 658 3058 autem
690 3003 840 3056 omni
865 3016 930 3056 ex
971 3011 1124 3073 parte
1160 3002 1425 3069 conclusi,
1454 3017 1560 3056 non
1587 3001 1701 3072 jam
1734 3003 1801 3056 de
1827 3001 1976 3057 dam-

2080 1827 2208 1880 γετο
2241 1812 2335 1863 καὶ
2373 1807 2534 1872 αὐτὸς
2561 1809 2675 1870 τοῖς
2723 1805 3022 1870 πλείστοις,
3073 1802 3194 1858 οὔτι
3219 1803 3385 1870 ἑκὼν,
3417 1802 3514 1856 καὶ
3540 1806 3658 1855 ἐνε-

2073 1902 2239 1964 δίδου,
2272 1900 2433 1962 εὐθύς
2463 1916 2521 1952 τε
2573 1897 2768 1968 ἐφοίτα
2810 1898 2908 1951 σὺν
2932 1895 3185 1963 ἐκείνοις,
3217 1895 3294 1960 ὡς
3331 1897 3406 1966 μὴ
3438 1892 3659 1949 ἀποδειο

2073 1994 2195 2066 λιᾷν
2221 1995 2263 2027 ⁸⁸
2289 1992 2598 2064 νομισθείη,
2629 1991 2822 2044 τούτου
2843 2007 2905 2044 τε
2937 1990 3103 2044 ἐνεκα
3151 1986 3315 2060 μόνου
3345 1989 3409 2042 τὸ
3456 1988 3659 2057 εὐπρε-

2074 2089 2174 2150 πὲς
2223 2085 2321 2156 τῆς
2372 2083 2655 2147 εὐϐουλίας
2700 2081 3101 2154 προῖσχεσθαιυ
3144 2081 3350 2153 ἧρεσκε
3395 2079 3498 2150 μὲν
3544 2079 3660 2151 γάρ

2073 2179 2239 2235 αὑτὸν
2303 2179 2557 2249 οὐδαμῶς
2603 2178 2672 2232 τὰ
2734 2178 3057 2247 ποιούμενα,
3113 2177 3361 2248 μετέχειν
3403 2175 3462 2228 δέ
3507 2176 3658 2245 ὅμως

2075 2272 2256 2328 αὐτῶν
2281 2270 2529 2342 ἠνείχετο
2569 2273 2629 2334 ἐς
2671 2270 2700 2323 ὃ
2731 2286 2784 2324 τι
2831 2269 2942 2338 ἄρα
2977 2268 3074 2322 καὶ
3101 2267 3509 2339 τελευτήσαιεν.
3543 2265 3658 2321 Καὶ

2079 2363 2277 2434 μικροῦ
2327 2379 2392 2430 γε
2432 2363 2673 2424 ἅπαντες
2711 2360 2877 2416 αὐτοῦ
2927 2350 3324 2431 διεφθάρησαν,
3365 2362 3414 2413 εί
3457 2361 3533 2430 μή
3571 2374 3658 2422 τις

2075 2455 2334 2519 αὑτοὺς¹⁹
2370 2455 2531 2526 ἐτέρα
2577 2454 2803 2507 διέσωσε
2839 2450 3034 2522 γνώμη
3093 2453 3160 2506 ἐκ
3197 2452 3292 2506 τοῦ
3329 2451 3656 2521 Κρείττονος

2076 2547 2502 2621 ἐπιρρωσθείσα.
2538 2547 2600 2600 Oi
2624 2545 2733 2617 γάρ
2756 2545 3064 2616 Λιλιμνίται
3086 2543 3190 2600 ἀνά
3221 2543 3314 2598 τὸν
3335 2543 3519 2614 ἐκείνῃ
3549 2541 3659 2613 χῶ-

2081 2660 2171 2714 ρον
2205 2643 2439 2704 ἑστῶτες
2467 2641 2562 2694 καὶ
2583 2639 2642 2702 ἐς
2677 2637 2936 2708 φάλαγγα
2983 2635 3428 2706 ξυντεταγμένοι,
3464 2632 3656 2706 ἐπειδὴ

2077 2734 2323 2790 κατεῖδον
2344 2733 2444 2805 τὴν
2463 2732 2754 2802 ὀλιγότητα
2774 2731 2883 2784 τῶν
2907 2729 3313 2800 ἐπερχομένων,
3330 2727 3657 2798 ὑπεδέχοντό

2077 2843 2142 2896 γε
2184 2827 2382 2888 αὐτοὺς
2434 2828 2615 2897 ἡσυχῇ
2668 2824 2763 2877 καὶ
2810 2821 3092 2891 ἀνέμενον.
3134 2823 3227 2885 Ὠς
3265 2819 3516 2890 δὲὰγχοῦ
3552 2818 3655 2890 ἤδη

2079 2917 2360 2990 παρῆσαν,
2410 2917 2612 2970 αὐτίκα
2657 2916 2776 2984 οἵγε
2821 2913 3008 2986 ἠρέμα
3046 2913 3113 2966 τά
3163 2913 3304 2982 κέρα
3347 2909 3657 2964 ἐπικολπὼ-

2083 3027 2277 3074 σαντες
2303 3009 2372 3074 ⁸⁸,
2414 3006 2833 3080 περιϐάλλουσιν
2886 3006 3148 3070 ἅπαντες,
3208 3002 3302 3056 καὶ
3363 3003 3420 3067 ἐς
3453 3001 3656 3073 ἀκριϐῆ

393 3110 467 3152 no
494 3096 604 3150 ullo
635 3094 884 3150 hostibus
927 3093 1209 3150 inferendo
1247 3095 1596 3164 cogitabant;
1653 3093 1974 3164 pmclarum

2080 3102 2355 3158 κύκλωσιν
2414 3101 2791 3170 ἐγκατείργον.
2847 3098 2911 3151 Ol
2959 3095 3017 3150 δέ
3077 3094 3340 3166 Ῥωμαῖοι
3391 3093 3657 3148 πάντοθεν

394 3202 523 3243 vero
553 3195 715 3256 atque
746 3185 1050 3240 inauditum
1078 3184 1288 3240 facinus
1314 3185 1628 3248 censebant,
1663 3185 1710 3240 si
1750 3186 1856 3241 ulla
1882 3202 1974 3242 ra-

397 3279 546 3334 tione
579 3287 802 3349 possent
831 3279 1080 3335 ctatlere.
1117 3278 1439 3350 Congiobati
1470 3279 1653 3349 itaque
1691 3279 1976 3350 pratensis

394 3372 573 3428 hastis
603 3371 890 3427 confertim
921 3371 974 3424 in
998 3372 1201 3436 hostes,
1237 3371 1330 3441 qui
1353 3372 1609 3440 oppidum
1640 3386 1831 3427 versus
1859 3381 1974 3426 sta-

394 3469 546 3535 bant,
580 3468 794 3521 irruunt
817 3484 832 3532 ;
859 3467 950 3536 qui
987 3481 1110 3521 cum
1137 3481 1234 3521 eos
1267 3467 1504 3521 maximo
1540 3467 1743 3536 impetu
1777 3475 1831 3521 et
1858 3479 1978 3523 tan-

393 3577 558 3633 quam
583 3561 868 3632 desperata
904 3561 1068 3632 189
1099 3561 1275 3616 salute
1325 3563 1378 3616 in
1428 3578 1487 3618 se
1520 3562 1649 3617 ferri
1708 3562 1972 3625 viderent,

391 3653 684 3711 confestim
715 3655 887 3709 aciem
921 3656 1063 3709 inter
1100 3670 1221 3710 sese
1260 3666 1454 3709 mutuo
1514 3655 1846 3711 dirimerunt
1909 3670 1975 3711 ac

395 3758 736 3822 separarum,
769 3748 1050 3804 hominum
1081 3765 1206 3803 cum
1230 3758 1377 3804 certa
1406 3749 1802 3819 pr0pemodum
1835 3763 1976 3804 moro

394 3853 450 3900 te
487 3844 811 3900 luctantium
832 3854 888 3901 et
935 3853 1182 3900 extrema
1231 3845 1597 3908 audientium,
1632 3860 1811 3916 neque
1865 3859 1975 3915 quo

395 3937 530 4007 ipsis
561 3939 786 3993 audacia
834 3954 1066 3994 evasura
1092 3947 1235 3994 esset
1289 3939 1657 4008 reputantium
1715 3938 1975 4010 impetum

396 4047 741 4103 nequaquam
773 4031 1128 4088 sustinentes.
1179 4031 1271 4087 Sic
1303 4031 1488 4102 itaque
1541 4031 1975 4102 permittentibus

394 4124 578 4180 Persis
604 4123 834 4178 Romani
857 4122 1055 4195 eﬂ‘ugio
1085 4122 1254 4194 elapsi
1280 4122 1387 4178 laeti
1426 4137 1548 4178 sese
1586 4121 1728 4178 intra
1756 4137 1975 4178 murum

395 4227 738 4288 receperunt,
767 4217 1039 4286 simulque
1065 4226 1282 4286 portam
1308 4215 1642 4272 clauserunt.
1672 4213 1728 4269 In
1761 4225 1974 4271 tantum

391 4311 688 4367 discrimen
715 4317 996 4374 venerant,
1052 4309 1203 4365 nulla
1252 4309 1360 4364 alia
1409 4324 1470 4364 re
1493 4309 1755 4379 praeclare
1795 4317 1970 4381 gesta,

392 4422 558 4478 quam
599 4406 744 4477 quod
781 4406 897 4461 sola
938 4405 1063 4475 fuga
1100 4406 1329 4460 salutem
1367 4405 1470 4460 sibi
1527 4405 1884 4476 peperissent.

459 4558 551 4614 23.
595 4557 888 4614 Persarum
949 4574 1076 4614 vero
1133 4557 1327 4630 baiuli,
1387 4559 1481 4630 qui
1539 4559 1862 4629 jamdudum
1915 4560 1970 4615 in

388 4652 656 4722 0pplenda
687 4650 834 4706 fossa
866 4651 1202 4717 laborarunt,
1239 4653 1351 4722 jam
1394 4653 1540 4706 illam
1586 4661 1754 4707 totam
1780 4653 1971 4723 opple-

389 4753 543 4810 rant;
593 4753 648 4798 et
673 4743 940 4814 quidquid
969 4744 1119 4800 omni
1173 4759 1240 4799 ex
1271 4755 1424 4815 parte
1461 4745 1752 4815 abruptum
1792 4746 1973 4801 divul-

389 4853 623 4908 sumque
673 4837 887 4904 fuerat,
934 4838 1298 4909 compositum
1348 4839 1459 4908 jam
1519 4840 1974 4910 adaequatumque

387 4941 526 4994 erat,
567 4934 640 4986 ita
668 4938 730 4985 ut
766 4929 1030 4985 exercitui
1071 4932 1527 5000 oppugnationem
1572 4933 1717 4988 muri
1756 4932 1975 4988 adituro

391 5025 540 5079 locus
575 5024 794 5094 pervius
816 5033 998 5090 esset,
1072 5033 1126 5079 ct
1183 5029 1382 5078 arietes
1431 5024 1659 5096 aliaeque
1707 5027 1974 5082 machina:

388 5118 766 5187 expugnandis
797 5117 1024 5171 urbibus
1048 5117 1474 5173 accommodatae
1529 5133 1636 5172 non
1689 5117 1975 5175 diﬂiculter

389 5211 665 5266 moenibus
676 5210 952 5266 admoveri
965 5221 1208 5280 possent.
1232 5209 1361 5266 Plus
1380 5225 1508 5268 vero
1533 5213 1795 5284 temporis
1809 5229 1972 5285 quam

2078 3191 2554 3266 περιειλημμένοι,
2605 3190 2804 3262 δράσαι
2863 3188 2963 3259 μὲν
3018 3185 3266 3240 τολοιπὺν
3307 3183 3659 3238 οὑδένότιοῦν

2076 3287 2204 3349 τοὺς
2225 3283 2515 3356 πολεμίους
2553 3279 2852 3335 διενοοῦντο
2871 3297 2884 3308 ·
2904 3277 3096 3332 εύκτδν
3111 3276 3167 3330 δέ
3195 3293 3246 3329 τι
3278 3276 3460 3338 αὐτοῖς
3480 3275 3658 3328 ἐδόκει

2077 3379 2170 3432 καὶ
2201 3379 2453 3440 ἄπιστον,
2488 3374 2601 3441 εἴγε
2651 3373 3000 3443 ἀμωσγέπως
3045 3367 3415 3439 διαδράσαιεν.
3451 3367 3564 3420 Καὶ
3585 3365 3655 3436 δὴ

2077 3470 2171 3523 ἐπὶ
2201 3471 2342 3538 σφᾶς
2371 3465 2696 3537 ἐλιχθέντες,
2739 3465 2834 3518 καὶ
2863 3463 2932 3518 τά
2961 3462 3164 3534 δόρατα
3199 3460 3656 3532 προϐεϐλημένοι.

2078 3561 2446 3633 ἐμπίπτουσιν
2524 3556 2724 3627 ἀθρόον
2771 3556 2880 3610 τῶν
2925 3553 3205 3624 πολεμίων
3244 3557 3358 3618 τοῖς
3400 3554 3535 3624 πρὸς
3573 3551 3651 3624 τῷ

2077 3654 2230 3708 ἄστει
2247 3652 2290 3684 ³⁸
2315 3650 2692 3721 ἐφεστηκόσιν.
2717 3649 2780 3704 Oi
2799 3649 2856 3704 δέ
2879 3648 3147 3714 ἐσιδόντες
3169 3647 3366 3711 αὐτοὺς
3391 3647 3558 3718 πολλῇ
3584 3650 3651 3715 τῇ

2079 3742 2227 3814 ῥύμῃ
2255 3741 2613 3812 φερομένους,
2647 3740 2742 3794 καὶ
2783 3733 2898 3793 οἷον
2948 3740 3067 3802 ταῖς
3099 3737 3314 3791 ἐλπίσιν
3351 3735 3653 3808 ἀπειρηκόο

2074 3849 2193 3896 τας,
2225 3833 2516 3901 διέστησαν
2566 3829 2728 3894 εὐθὺς
2767 3829 2864 3883 ἀπ’
2896 3828 3166 3898 ἀλλήλων,
3217 3829 3313 3882 καὶ
3349 3826 3653 3898 ἀπεκρίθη-

2078 3941 2197 3988 σαν,
2266 3925 2368 3977 οὗκ
2426 3923 2740 3990 ἐνεγκόντες
2784 3919 2983 3992 ἄνδρας
3033 3917 3503 3981 δυσθανατῶντας,
3555 3918 3652 3971 καὶ

2073 4018 2198 4072 ὅποι
2227 4018 2412 4080 αὐτοῖς
2450 4014 2512 4068 τὸ
2564 4013 2766 4086 θράσος
2826 4014 3090 4085 χωρήσει,
3134 4011 3199 4065 οὐ
3247 4008 3648 4080 λογιζομένους.

2077 4108 2235 4162 οὕτω
2255 4107 2312 4162 δέ
2340 4106 2567 4160 ἐκείνων
2591 4105 2856 4176 ἐῳέντων,
2890 4101 3261 4173 ἐκδραμόντες
3309 4103 3358 4156 οἱ
3391 4101 3652 4171 Ῥωμαῖοι

2078 4199 2219 4254 κατά
2249 4199 2310 4253 τὸ
2340 4200 2606 4272 παρεῖκον
2637 4198 2708 4263 ’⁸,
2744 4197 2972 4268 ἄσμενοι
3015 4189 3172 4258 αὖθις
3199 4196 3333 4248 εἴσω
3369 4192 3461 4246 τοῦ
3492 4208 3652 4261 περι-

2075 4293 2235 4348 δόλου
2289 4293 2560 4362 ἐγένοντο,
2626 4290 2724 4346 καὶ
2773 4288 2872 4362 τὴν
2935 4289 3112 4360 πύλην
3151 4289 3197 4321 ³⁸
3239 4286 3649 4360 πῳσήῥραξαν.

2079 4385 2240 4452 Παρὰ
2282 4381 2539 4438 τοσοῦτον
2582 4383 2683 4454 μέν
2731 4380 2977 4436 κινδύνου
3029 4381 3228 4444 ἵκοντο,
3273 4379 3372 4435 οὒκ
3393 4380 3480 4432 ἐπ’
3509 4378 3654 4447 ἄλλῳ

2005 4460 2051 4516 Ῐ)
2079 4477 2160 4548 τῷ
2207 4476 2653 4550 ἀριστεύσαντες,
2691 4475 2726 4548 ἢ
2779 4473 2927 4548 μόνῳ
2974 4473 3054 4546 τῷ
3092 4473 3375 4544 διαφυγεῖν
3404 4473 3498 4526 καὶ
3520 4474 3654 4528 ἀπο-

2081 4572 2342 4643 σωθῆναι.

2151 4670 2260 4733 κγ’.
2316 4663 2444 4726 Τοῖς
2499 4662 2558 4716 δὲ
2589 4661 2699 4722 τῶν
2761 4659 2987 4734 Περσῶν
3059 4659 3384 4732 ἀχθοφόροις
3440 4659 3656 4713 ἐκπλεί-

2080 4773 2207 4812 στου
2239 4754 2684 4824 διαπονουμένοις
2712 4754 2772 4818 ἐς
2821 4754 2882 4807 τὸ
2910 4752 2958 4787 ³⁵
3003 4754 3104 4822 τὴν
3135 4753 3341 4823 τάφρον
3372 4769 3652 4821 καταχων-

2079 4849 2258 4912 νύναι,
2271 4847 2394 4901 τότε
2413 4846 2479 4918 δὴ
2493 4846 2680 4901 ἅπασα
2700 4847 2881 4909 αὐτοῖς
2896 4846 3293 4915 ἀνεπέπληστο,
3311 4846 3403 4899 κο.)¹
3418 4845 3656 4913 συνῆπτο

2079 4939 2462 5010 ἁπανταχόθεν
2508 4938 2570 4991 τδ
2608 4939 2935 5011 ἀπερρωγὸς
2965 4939 3058 4992 καὶ
3117 4937 3545 5007 μεμερισμένον,
3581 4936 3655 4998 ὡς

2081 5031 2176 5084 καὶ
2199 5030 2430 5100 βάσιμον
2459 5025 2598 5082 εἶναι
2623 5029 2684 5081 τὸ
2734 5028 2932 5100 χωρίον
2962 5029 3193 5100 στρατιᾷ
3233 5025 3652 5098 τειχομαχούσῃ.

2080 5123 2174 5176 καὶ
2229 5122 2327 5185 τὰς
2387 5121 2662 5184 ἑλεπόλεις
2717 5121 2964 5192 μηχανὰς
3014 5120 3076 5173 οὐ
3143 5119 3394 5189 χαλεπῶς
3445 5117 3654 5171 ἐνθένδε

2083 5214 2481 5288 προσάγεσθαι.
2517 5213 2804 5286 Μακρδς³⁸
2841 5213 2900 5268 δέ
2929 5214 3111 5278 αὐτοῖς
3133 5213 3167 5285 ἢ
3190 5212 3330 5268 κατᾶ
3359 5213 3457 5284 τὴν
3491 5210 3654 5264 πολυ-

1685 5389 1923 5447 VARUS
1955 5390 2368 5448 LECTIONES.

459 5552 510 5625 ‘f
547 5550 834 5625 θαμὰ-91η.
953 5552 1050 5625 _"
1083 5551 1352 5625 Τζανικοῦ
1374 5551 1438 5625 R_.
1519 5551 1561 5625 ’μ’
1591 5552 1794 5622 δειλιᾷν
1820 5551 1887 5608 ιι.
1937 5555 2006 5625 μί’
2040 5553 2204 5616 αὐτὸς
2243 5552 2377 5625 Sph.
2410 5552 2537 5625 Par.
2614 5555 2662 5625 'f
2692 5552 3173 5625 ἐπικολπὼσαντες
3205 5551 3270 5614 R,
3305 5552 3467 5606 ὑποκ.
3496 5553 3654 5625 vulg.

395 5623 439 5655 "
453 5622 510 5676 τδ
539 5621 676 5676 ἄστυ
704 5621 770 5675 R.

399 5690 528 5763 vulg
573 5759 602 5763 Α
651 5692 698 5724 ³⁸
732 5693 789 5754 ἐς
829 5692 921 5743 τὸν
947 5692 1184 5763 (pttttctis
1216 5690 1713 5763 ειιὺιίίιὶεγταφρδν
1739 5691 1807 5748 R.

403 5759 544 5813 κατά
573 5759 640 5824 R,
693 5763 787 5814 καὶ
837 5759 981 5814 κατὰ
1010 5762 1150 5825 vulg.

876 5621 921 5654 ⁹²
950 5622 1220 5694 Παρείεον
1249 5623 1293 5694 ιι
1326 5638 1356 5674 e
1401 5622 1574 5691 Lugd.
1618 5621 1786 5694 ent-ri.
1816 5623 2064 5694 παρῆκον
2097 5625 2246 5694 vulg.

2347 5625 2395 5656 ”
2439 5623 2693 5704 71:6}:va
2729 5624 3138 5704 etposqgipatﬁav
3168 5626 3255 5687 8.,
3315 5623 3650 5704 προσείρξαν

1921 5693 1965 5727 ’⁵
2009 5692 2353 5765 μακρότερος
2400 5695 2547 5767 conj.
2582 5697 2691 5764 CL,
2739 5692 2924 5766 intpr.
2953 5692 3076 5764 plus
3123 5692 3372 5765 temporis
3401 5707 3584 5764 quam,
3620 5692 3652 5760 ἦ
