4054 6208
418 358 552 428 1461

1554 339 2103 409 IIISTORIARUM
2137 339 2372 406 LIBER
2408 339 2526 402 IIl‘.

3554 329 3693 394 1452

420 475 518 545 μὲν
551 486 608 524 τι
629 465 812 521 αὐτῶν
859 463 1271 535 διαφθείρουσιν
1292 503 1306 528 ,
1344 460 1475 516 ἔνιοι
1512 461 1568 514 δέ
1598 459 2005 531 ἀποδράσαντες

2121 455 2234 528 pido
2250 454 2481 518 faciunt,
2501 460 2554 508 et
2579 447 2870 507 nonnullos
2893 447 3114 520 quidem
3131 461 3322 503 eorum
3345 445 3698 510 obtrmicaut,

418 565 651 634 ᾤχοντω
676 560 902 622 τούτους
931 576 990 614 τε
1018 558 1072 613 οἱ
1114 557 1376 627 Ῥωμαῖοι
1410 555 1701 618 διώκοντες
1727 556 1826 606 οὔκ
1858 552 2004 606 ἀνίε-

2106 549 2358 606 nonnulli
2401 561 2531 604 vero
2568 543 2624 600 in
2679 544 2864 616 fugam
2911 558 2970 598 se
3004 541 3310 606 dederunt;
3367 552 3506 610 quos
3550 537 3697 608 ipsos

417 670 538 706 σαν.
592 651 656 705 Oi
703 649 762 703 δὲ
809 649 959 704 ἄλλοι
1011 648 1315 718 Διλιμνϊται
1367 645 1536 700 ταῦτα
1579 645 1806 707 ἰδόντες,
1846 643 2006 715 οἵπερ

2121 643 2340 700 Romani
2375 639 2627 714 persequi
2661 655 2769 694 non
2800 637 3146 695 destiterunt.
3189 634 3482 690 Dilimnita:
3515 641 3696 688 autem

422 749 583 819 ᾔεσαν
627 747 700 810 ὡς
728 745 793 814 δὴ
841 747 954 809 τοῖς
999 744 1238 813 Πέρσαις
1274 741 1615 810 πιεζομένοις
1663 737 2007 806 ἐπαμυνούν-

418 857 529 903 τες,
569 839 990 909 ἐπιστρέφουσιν
1043 837 1242 889 αὐτίκα
1277 835 1371 888 ἐπὶ
1413 835 1617 904 θάτερα
1643 833 1710 894 ⁵⁵,
1737 831 2003 884 ὑπαντιά-

421 932 532 995 ζειν
561 930 878 1003 βουλόμενοι
909 933 1020 993 τοῖς
1066 927 1383 997 Ῥωμαίοις,
1409 927 1632 995 ἄμεινον
1671 920 1810 978 εἶναι
1844 922 2007 994 ἡγούο

426 1039 576 1090 μενοι
609 1025 655 1074 εἰ
687 1021 890 1094 μᾶλλον
920 1023 1034 1086 τοῖς
1061 1020 1357 1092 ὁμοφύλοις
1395 1023 1454 1082 ἐς
1484 1022 1512 1073 ὅ
1537 1037 1588 1073 τι
1611 1019 1842 1089 τάχιστα
1872 1017 2008 1068 ἐπα-

427 1113 673 1186 ρήξαιεν,
731 1113 937 1187 σπουδῇ
981 1129 1040 1168 τε
1076 1113 1298 1183 ἀτάκτῳ
1339 1113 1430 1166 καὶ
1468 1111 1654 1182 δρόμῳ
1677 1106 1854 1177 πολλῷ
1883 1107 2014 1175 ἐφέρ

427 1220 584 1278 ροντο
612 1205 678 1268 ⁸⁷,
709 1201 787 1268 ὡς
816 1203 1078 1274 φεύγουσι
1107 1203 1306 1275 μᾶλλον
1327 1200 1665 1274 ἀπρεπῶς,ἣ
1693 1202 1773 1255 ὅτι
1804 1199 2011 1270 ἑτέροις

429 1295 772 1369 ἐπέρχονται,
823 1297 1167 1369 εἰκασθῆναι.
1188 1294 1388 1350 Ἐθεον
1429 1295 1528 1366 μὲν
1559 1299 1666 1364 γὰρ
1697 1293 1773 1358 ώς
1801 1292 1866 1366 δὴ
1901 1293 2014 1356 τοῖς

427 1389 646 1454 οἰκείοις
678 1388 1204 1464 προσδοηθήσοντες,
1224 1390 1386 1448 πλέον
1409 1391 1536 1444 δέτι
1563 1389 1807 1460 ὑπῆρχεν
1836 1389 1892 1439 ἐν
1917 1385 2014 1440 αὐ-

427 1480 540 1542 τοῖς
583 1478 678 1535 τοῦ
721 1481 1077 1552 ὀργιζομένου
1129 1481 1190 1536 τὺ
1235 1482 1659 1554 ταραττόμενον.
1687 1474 1767 1532 ’Ἡ
1808 1477 1865 1532 δὲ
1905 1475 2017 1531 τῶν

429 1569 656 1642 Περσῶν
699 1571 961 1642 στρατιὰ,
991 1573 1163 1645 δπύση
1195 1573 1262 1645 δὴ
1292 1572 1368 1637 ὡς
1398 1573 1444 1606 ⁸⁸
1476 1572 1843 1641 πλησιαίτατα
1869 1587 2014 1640 παρ-

437 1665 727 1732 ετάττετο,
771 1664 972 1731 ἰδόντες
1009 1667 1138 1731 τοὺς
1176 1666 1494 1738 Διλιμνίτας
1533 1664 1679 1719 οὕτω
1717 1665 1782 1735 δή
1823 1681 1875 1718 τι
1921 1663 2017 1729 ξὺν

2110 742 2224 796 haec
2246 737 2566 810 conspicati,
2605 736 2702 808 qui
2743 735 2924 793 Persis
2952 732 3333 788 laborantibus
3382 729 3697 786 auxiliaturi

2110 834 2343 896 iverant,
2380 846 2574 887 rursus
2609 830 2662 884 in
2695 828 3032 885 contrarium
3076 833 3387 891 vertuntur,
3436 823 3698 878 Romanis

2109 929 2324 983 obviam
2372 927 2450 982 ire
2498 925 2786 994 volentem,
2817 923 3015 979 melius
3067 921 3483 990 eonsultiusque
3540 917 3700 988 198

2110 1020 2507 1086 existimantes,
2538 1018 2588 1074 si
2615 1018 2799 1088 potius
2827 1015 3186 1088 popularibus
3217 1015 3332 1069 suis
3361 1027 3525 1082 quam
3553 1010 3700 1065 citis-

2111 1113 2248 1170 sime
2276 1111 2653 1177 subvenirent,
2693 1109 3006 1166 inordinato
3041 1107 3222 1163 studio
3259 1106 3542 1176 effusoque
3575 1120 3703 1159 cur-

2113 1223 2176 1264 su
2207 1206 2547 1274 ferebantur,
2583 1205 2658 1260 ita
2702 1212 2764 1260 ut
2805 1203 3123 1260 indecenter
3167 1200 3504 1272 fugientibus
3530 1197 3704 1268 magis

2113 1315 2278 1370 quam
2313 1299 2368 1356 in
2397 1298 2534 1355 alios
2556 1297 2818 1354 euntibus
2867 1295 3074 1352 similes
3115 1293 3454 1350 viderentur.
3504 1289 3704 1347 Curre-

2114 1394 2246 1449 bant
2272 1393 2416 1448 enim
2449 1401 2716 1463 tanquam
2769 1389 2886 1448 suis
2927 1386 3275 1460 opitulaturi,
3333 1387 3459 1458 plus
3525 1394 3706 1439 tamen

2115 1485 2548 1559 perturbationis
2578 1499 2742 1556 quam
2771 1483 2866 1540 irae
2891 1499 3004 1555 prie
3026 1496 3086 1538 se
3110 1479 3383 1536 ferebant.
3415 1477 3706 1534 Persarum

2117 1589 2300 1636 autem
2344 1578 2655 1645 exercitus,
2703 1585 2766 1634 ut
2799 1577 2913 1650 jam
2947 1592 3112 1648 quam
3145 1573 3396 1647 proxime
3448 1573 3582 1644 ipsis
3622 1573 3706 1624 in-

2119 1687 2326 1735 structa
2353 1677 2472 1734 acie
2507 1675 2707 1743 stabat,
2751 1690 2877 1732 cum
2909 1674 3120 1730 videret
3158 1671 3468 1727 Dilimnitas
3511 1670 3581 1726 ita
3621 1677 3707 1725 tu-

429 1759 644 1829 ταραχῇ
675 1759 770 1812 καὶ
800 1757 1046 1830 ἀκοσμίᾳ
1074 1757 1398 1829 φοιτῶντας,
1426 1757 1612 1828 ἕτερόν
1648 1774 1710 1810 τε
1736 1757 1780 1793 ⁸³
1801 1754 1953 1811 οὐδὲν
1981 1757 2014 1828 ἢ

2121 1770 2415 1828 multuarie
2441 1778 2498 1827 et
2520 1770 2642 1826 sine
2683 1767 2879 1825 ordine
2925 1767 3081 1831 ferri,
3131 1781 3310 1838 neque
3341 1764 3488 1820 aliud
3540 1778 3705 1833 quam

430 1848 513 1903 δτι
537 1848 999 1921 ἀποδιδράσκουσι
1022 1849 1423 1921 διανοηθέντες,
1456 1849 1551 1904 καὶ
1576 1848 1916 1919 λογιζόμενοι
1939 1848 2016 1912 ὡς

2121 1861 2307 1936 fugere
2353 1878 2452 1922 eos
2492 1864 2618 1932 rati,
2647 1877 2951 1934 secumque
2997 1869 3313 1934 reputantes
3357 1875 3706 1932 nequaquam

429 1941 531 1994 οὐκ
564 1941 631 1996 ἄν
670 1957 799 1996 ποτε
830 1942 1030 1997 ἐκείνοι
1067 1943 1126 2007 ἐς
1163 1939 1322 1996 τοῦτο
1352 1943 1574 2013 αίσχους
1609 1940 1900 2009 ἀφίκοντο,
1939 1938 2016 2011 μὴ

436 2033 674 2104 μεγάλου
712 2033 856 2098 τινδς
884 2034 982 2090 καὶ
1017 2033 1342 2090 άνυποίστου
1380 2032 1803 2106 περιεστηκότος
1836 2031 2019 2086 κινδύ-

432 2143 548 2189 νου,
582 2126 705 2181 τότε
746 2126 811 2199 δὴ
843 2127 939 2180 καὶ
978 2126 1134 2182 αὐτοὶ
1161 2127 1460 2199 τραπέντες
1498 2125 1736 2195 ἀγεννῶς
1763 2123 2018 2178 ἐσκεδάν-

434 2234 611 2274 νυντο.
655 2217 720 2273 Ἡ
757 2217 814 2273 δέ
856 2217 1210 2291 μελετῶμεν-η
1243 2219 1381 2284 τέως
1407 2219 1454 2252 π
1477 2220 1626 2290 φυγὴ
1655 2218 1752 2273 καὶ
1783 2217 2018 2271 ὑπολανο

436 2309 705 2376 θάνουσα,
751 2309 876 2364 τότε
918 2308 984 2383 δὴ
1024 2310 1210 2374 αὐτοῖς
1251 2313 1310 2375 ἐς
1352 2309 1667 2381 τούμφανὲς
1714 2309 2014 2381 ἀνερράγη.

449 2402 610 2457 ’Λλλά
633 2403 744 2474 γὰρ
767 2403 862 2459 καὶ
884 2404 937 2457 οἱ
973 2402 1279 2475 Διλιμνῖται
1301 2403 1485 2459 ταῦτα.
1503 2403 1549 2437 ⁷³
1583 2403 1714 2476 περὶ
1740 2403 1848 2458 τῶν
1877 2405 2019 2475 Περ-

436 2496 547 2549 σῶν
590 2494 894 2568 οἰηθέντες,
947 2495 1260 2563 ξυνείποντο
1303 2498 1609 2572 rgum“;
1659 2497 1754 2552 καὶ
1799 2495 2017 2562 συνεξέ-

435 2587 560 2642 θεον
602 2587 671 2653 7’,
725 2589 1110 2660 ἀπατήσαντές
1161 2605 1223 2643 τε
1267 2588 1388 2660 ἅμα
1447 2587 1548 2643 καὶ
1592 2588 2018 2660 ἐξηπατημένοι.

435 2680 480 2732 Τ
481 2679 654 2734 ούτων
669 2679 725 2732 δέ
753 2679 1092 2752 γιγνομὲνων
1107 2678 1174 2746 ⁷⁸,
1193 2679 1438 2734 πλεῖστοι
1465 2679 1580 2733 ὅσοι
1600 2679 1710 2734 τῶν
1726 2679 1832 2732 Ῥω
1841 2677 2018 2749 μαίων

435 2771 530 2822 τού
554 2770 843 2842 περιὸόλου
871 2772 1189 2837 διεκσάντες
1208 2772 1277 2838 ⁷⁸,
1311 2770 1703 2842 λαμπροτέραν
1728 2775 1842 2834 τοῖς
1867 2771 2021 2825 πολε-

440 2865 583 2933 μίοις
621 2865 948 2935 εἰργάσαντο
1005 2866 1106 2937 τὴν
1153 2865 1500 2940 ἀναχώρησιν
1527 2865 1608 2932 ³³⁸,
1661 2863 2020 2934 ὲπισπόμενοί

437 2974 496 3008 τε
529 2957 734 3020 αὐτοῖς.
767 2959 861 3012 καὶ
899 2958 961 3011 τὸ
988 2958 1074 3012 ἀεὶ
1103 2958 1426 3030 λειπόμενον
1448 2956 2020 3027 ἀναιροῦντες.”Αλλοι

435 3049 494 3102 δὲ
524 3048 742 3102 ἄλλοθεν
777 3049 1085 3115 ἐπεξιόντες
1124 3050 1260 3122 πρὸς
1287 3052 1350 3104 τδ
1389 3050 1611 3119 ἀντέχον
1639 3051 1719 3104 ἔτι
1760 3052 1856 3104 καὶ
1894 3049 2020 3115 ξυν-

2118 1958 2240 2015 illos
2263 1973 2386 2014 eam
2430 1958 2826 2029 turpitudinem
2876 1956 2934 2012 in
2981 1971 3042 2014 se
3091 1955 3453 2019 admissuros,
3499 1953 3607 2008 nisi
3653 1951 3706 2006 in

2118 2048 2427 2108 extremum
2456 2050 2679 2123 aliquod
2708 2059 2761 2109 et
2788 2049 3142 2108 ineluctabile
3171 2047 3475 2120 periculum
3503 2045 3708 2102 redacti

2118 2139 2388 2198 fuissent:
2413 2150 2528 2198 tum
2560 2142 2751 2213 utique
2785 2141 2952 2198 etiam
2992 2140 3094 2211 ipsi
3141 2138 3370 2210 turpiter
3400 2145 3548 2206 terga
3589 2150 3710 2189 ver-

2119 2241 2298 2290 tentes
2330 2242 2459 2291 sunt
2487 2233 2766 2305 dissipati,
2812 2242 2868 2289 et
2894 2230 3265 2304 praemeditata
3307 2230 3419 2300 jam
3452 2229 3711 2285 obscure-

2118 2341 2225 2397 qne
2277 2334 2488 2382 tentata
2545 2325 2674 2397 fuga
2740 2326 2794 2380 in
2849 2334 3098 2396 apertum
3152 2323 3356 2393 erupit.
3418 2319 3711 2376 Dilimnilte

2119 2421 2266 2477 enim
2292 2421 2406 2478 haec
2443 2421 2512 2476 de.
2550 2418 2734 2476 Persis
2764 2419 3076 2491 opinantes,
3119 2417 3302 2474 socios
3329 2429 3452 2472 sese
3481 2414 3589 2468 illis
3615 2413 3708 2469 ad-

2115 2511 2438 2581 iunxerunt,
2496 2525 2712 2580 unaque
2770 2508 3071 2581 fugerunt;
3134 2506 3384 2562 fallentes
3436 2501 3603 2561 simul
3657 2509 3712 2557 ct

2123 2606 2265 2660 falsi.
2305 2603 2400 2659 llis
2449 2603 2634 2674 itaque
2664 2601 2921 2672 peractis,
2956 2601 3195 2656 maxima
3225 2599 3600 2654 Romanorum
3631 2595 3712 2650 vis

2123 2694 2293 2748 muris
2318 2690 2512 2757 effusa,
2555 2690 2988 2747 manifestiorem
3025 2688 3317 2745 Persarum
3369 2685 3552 2757 fugam
3590 2686 3711 2739 red-

2122 2782 2276 2843 didit.
2307 2781 2475 2854 tergis
2501 2795 2692 2836 eorum
2729 2779 3047 2836 inltaerendo
3080 2787 3136 2834 et
3173 2785 3452 2834 extremos
3505 2781 3710 2828 meten-

2122 2877 2191 2930 do
2218 2893 2232 2940 ;
2260 2876 2351 2930 alii
2382 2891 2512 2930 vero
2541 2873 2648 2929 alia
2676 2889 2744 2930 ex
2781 2882 2937 2944 parte
2969 2872 3262 2937 irruentes,
3311 2869 3575 2925 adversus
3621 2879 3711 2921 re-

2123 2965 2379 3022 sistentes
2409 2965 2588 3020 adhuc
2632 2973 2690 3019 et
2735 2960 3088 3033 conglobatos
3135 2959 3333 3016 acriter
3373 2956 3708 3029 pugnabant.

2125 3059 2342 3115 Laevum
2378 3057 2523 3114 enim
2556 3056 2917 3113 barbarorum
2965 3069 3136 3111 cornu
3166 3053 3278 3124 jam
3330 3058 3513 3121 aperte
3553 3047 3712 3104 incli-

439 3141 668 3210 εστηκδς
709 3141 1074 3197 διεπονοῦντο.
1119 3144 1192 3196 Τὸ
1226 3143 1324 3214 μὲν
1369 3144 1478 3214 γὰρ
1526 3142 1674 3196 λαιὸν
1718 3144 1885 3214 κέρας
1911 3141 2020 3195 τῶν

2127 3161 2283 3206 narat
2310 3149 2663 3219 solutumque
2691 3154 2809 3204 erat
2837 3164 2852 3213 ;
2892 3147 2986 3217 qui
3020 3161 3145 3201 vero
3180 3145 3232 3200 in
3264 3143 3438 3198 altero
3472 3141 3712 3205 stabant,

441 3234 733 3306 βαρϐάρων
767 3234 910 3289 οὕτω
933 3235 996 3308 δὴ
1026 3254 1078 3290 τι
1119 3236 1437 3307 περιφανῶς
1467 3237 1769 3306 ἐκεκμήκει
1797 3235 1890 3289 καὶ
1913 3235 2020 3287 διε-

438 3328 646 3383 λέλυτο.
704 3329 849 3383 Οίδὲ
896 3329 988 3382 ἐπὶ
1033 3330 1114 3399 τῷ
1158 3330 1329 3400 ἐτέρῳ
1360 3329 1782 3398 ξυντεταγμένοι
1821 3345 2020 3400 καρτε-

441 3417 660 3487 ρώτατα
687 3418 1056 3488 ἀπεμάχοντο.
1085 3418 1154 3472 Οἵ
1188 3434 1248 3470 τε
1277 3419 1387 3489 γὰρ
1423 3418 1718 3487 ἐλέφαντες
1745 3417 1860 3470 ἀντ’
1897 3417 2022 3488 ἐρύ-

444 3525 612 3577 ματος
643 3509 1074 3580 προϐεϐλημένοι
1119 3511 1216 3563 καὶ
1261 3510 1699 3580 ἐπεισπηδῶντες
1737 3510 1806 3572 ⁷⁸,
1840 3511 2022 3565 διετά-

442 3619 637 3670 ραττον
687 3603 885 3656 αὐτίκα
942 3603 1033 3657 τὸν
1083 3603 1460 3672 συνασπισμὸν
1501 3604 1543 3634 ⁷⁷
1573 3603 1681 3656 τῶν
1733 3603 2022 3674 Ῥωμαίων

440 3695 493 3746 εί
515 3711 620 3747 που
650 3692 900 3765 ξυσταίη’
931 3695 1061 3749 οἵτε
1093 3697 1234 3766 ὑπὲρ
1263 3694 1468 3749 τούτων
1498 3694 1784 3765 ὀχούμενοι
1809 3696 2024 3762 τοξόται

439 3785 564 3840 λίαν
601 3786 839 3841 ἐσίνοντο
872 3787 1000 3850 τοὺς
1023 3787 1307 3851 ἐπιόντας,
1351 3782 1438 3840 οἷα
1484 3788 1541 3848 ἐς
1571 3785 1736 3857 ὕψος,
1771 3787 2022 3864 ἠρμένοι⁹

441 3876 537 3932 καὶ
565 3873 646 3948 τῷ
675 3875 1038 3950 ὐπερανέχειν
1077 3877 1467 3932 εὑσκοπώτοτα
1503 3877 1788 3948 βάλλοντες
1816 3894 1828 3907 ’
1869 3878 1931 3932 af
1960 3893 2028 3932 τε

440 3967 552 4020 τῶν
587 3965 800 4022 tm:th
832 3966 978 4032 ίλαι.
1013 3968 1450 4040 διεκτρὲχουσαι.
1491 3966 1690 4041 ῥᾳδίως
1719 3966 2026 4040 προσέϐαλ-

442 4059 535 4114 λον
572 4059 670 4113 καὶ
704 4057 982 4130 ἠνώχλουν
1028 4060 1075 4094 ⁷⁸
1125 4060 1354 4131 ἀνδράσι
1393 4059 1581 4123 πεζοῖς
1633 4061 1725 4114 καὶ
1771 4060 2031 4132 ἐμϐριθέ-

444 4167 637 4222 στερον
690 4150 1092 4223 ώπλισμένοιςυ
1131 4153 1234 4222 ἢδη
1264 4169 1322 4206 τε
1353 4153 1402 4205 oi
1445 4151 1624 4224 ταύτῃ
1671 4151 1935 4223 Ῥωμαῖοι
1972 4155 2032 4218 ἐς

444 4244 625 4310 φυγὴν
656 4243 1008 4307 ἐκκλίναντες
1043 4243 1086 4276 ⁷³
1119 4241 1521 4313 ἀπηλαύνοντο.

518 4334 788 4408 κζ’.Ἀνὴρ
815 4336 873 4390 δέ
910 4353 995 4399 τις
1032 4338 1089 4388 ἐν
1120 4336 1305 4398 αὐτοῖς
1348 4334 1458 4388 τῶν
1495 4333 1774 4406 Μαρτίνου
1798 4335 2029 4406 δορυφό-

447 4445 581 4498 ρων,
620 4426 884 4496 Ὀγναρις
907 4425 952 4458 ⁸⁸
981 4424 1174 4498 ὄνομα.
1195 4426 1255 4480 ἐν
1291 4425 1610 4495 στενωτάτῳ
1638 4426 1826 4496 χωρίῳ
1863 4425 2035 4492 ξυνει-

2124 3242 2419 3297 fortissime
2449 3240 2846 3312 repugnabant.
2883 3237 3045 3309 199
3080 3235 3362 3307 Elephanti
3414 3234 3562 3288 enim
3615 3249 3714 3304 pro

2125 3334 2266 3389 vallo
2294 3333 2491 3404 objecti
2522 3341 2576 3388 et
2601 3338 2948 3403 proruentes,
2987 3329 3165 3386 sicubi
3217 3325 3478 3385 confertis
3513 3325 3717 3396 clypeis

2124 3442 2362 3498 pugnam
2391 3426 2592 3482 inirent
2639 3424 2895 3490 Romani,
2945 3421 3132 3479 statim
3185 3421 3356 3476 aciem
3403 3417 3712 3481 turbabant,

2124 3529 2181 3576 et
2203 3519 2501 3591 sagittarii,
2529 3518 2621 3589 qui
2649 3517 2730 3574 eis
2752 3517 3114 3579 vehebantur,
3145 3511 3424 3569 Romanos
3447 3513 3716 3567 irruentes

2125 3613 2365 3686 graviter
2392 3611 2681 3677 latdebant,
2730 3618 2918 3680 utpote
2947 3607 3000 3664 in
3023 3607 3262 3663 sublime
3286 3604 3436 3670 elati,
3460 3614 3719 3674 certaque

2125 3721 2192 3762 eo
2249 3705 2396 3775 quod
2433 3703 2691 3760 editiores
2733 3710 2919 3758 essent
2966 3699 3073 3757 tela
3136 3697 3424 3770 iacientes.
3473 3693 3616 3764 Quin
3662 3703 3718 3751 et

2125 3798 2370 3869 equitum
2395 3805 2589 3852 turmae
2613 3795 2988 3852 discurrentes
3017 3791 3175 3849 facile
3201 3789 3531 3846 invadebant
3557 3798 3719 3856 atque

2128 3889 2424 3947 turbabant
2460 3887 2672 3959 pedites
2717 3898 2773 3943 et
2816 3885 3087 3960 gravioris
3135 3891 3428 3940 armatura
3469 3881 3714 3946 milites;

2125 3984 2350 4055 jamque
2381 3995 2450 4040 ex
2490 3997 2553 4038 ea
2577 3990 2733 4053 parte
2779 3979 3014 4037 Romani
3049 3977 3298 4036 inclinati
3349 3975 3540 4048 pedem
3575 3972 3715 4029 refe-

2130 4079 2340 4134 rebant.

2203 4347 2295 4404 27.
2339 4345 2432 4402 Vir
2476 4354 2656 4401 autem
2703 4342 2926 4415 quidam
2977 4344 3121 4399 inter
3165 4356 3262 4397 eos
3312 4355 3342 4396 e
3390 4339 3715 4396 satellitibus

2137 4441 2378 4508 Martini,
2399 4439 2633 4510 Ognaris
2659 4438 2899 4504 nomine,
2935 4437 2989 4492 in
3020 4450 3266 4492 summas
3297 4431 3576 4503 angustias
3596 4433 3720 4486 red-

445 4521 744 4592 λημμένος,
769 4519 847 4583 ὡς
876 4519 1011 4592 μηδὲ
1034 4519 1096 4573 τὸ
1125 4516 1548 4594 ἀοοηδιδράσκειν
1565 4518 1716 4589 αὑτῷ
1733 4517 2020 4590 ἐλεύθερον

2127 4543 2301 4599 actus,
2347 4531 2484 4586 adeo
2529 4538 2589 4585 ut
2633 4527 2842 4584 nullum
2917 4528 2968 4583 ei
3033 4532 3246 4596 pateret
3292 4521 3524 4578 liberum
3575 4520 3719 4578 etfu-

448 4613 584 4671 εἷναι
607 4616 702 4671 καὶ
718 4617 1027 4687 ἐφειμένον,
1045 4615 1248 4670 αὐτίκα
1279 4612 1726 4696 ὅγεκάπειρηκόιί
1750 4617 1864 4679 τοῖς
1881 4615 2028 4682 ξυνε-

446 4709 801 4780 νεχθεῖσι,καὶ
824 4710 1012 4782 ὥσπερ
1028 4711 1126 4780 τῆς
1139 4709 1310 4779 τύχης
1326 4707 2028 4779 ἀποπειρώμενος-,ἐπιόντα

447 4805 494 4856 οἱ
509 4801 695 4866 δεινῶς
714 4801 806 4856 τὸν
819 4800 1154 4873 θρασύτερον
1175 4799 1286 4854 τῶν
1302 4799 1606 4871 ἐλεφάντων
1617 4799 1837 4874 [ΡΑΟι]
1860 4801 2030 4872 πλήτ-

447 4913 528 4950 τει
555 4895 747 4966 βιαίως
773 4894 876 4950 ἀνά
901 4894 1001 4966 τὴν
1032 4893 1206 4967 ὀφρὺν
1238 4892 1317 4964 τῷ
1347 4894 1558 4967 δόρατι,
1586 4894 1683 4946 καὶ
1714 4895 2029 4965 ἐμπήγνυσι

445 4991 545 5058 τὴν
576 4987 802 5058 αἰχμὴν,
833 4987 908 5050 ὡς
945 4988 1095 5042 ἅπαν
1141 4985 1202 5040 τὸ
1236 4985 1424 5041 λοιπὸν
1456 4985 1820 5059 ἀπῃωρῆσθαι
1849 4987 1916 5040 ⁸⁸.
1969 4987 2028 5040 '0

445 5084 501 5137 δὲ
532 5081 671 5151 πρός
704 5096 764 5135 τε
792 5079 892 5150 τὴν
925 5078 1139 5150 πληγὴν
1179 5079 1619 5151 δυσανασχετῶν,
1657 5079 1752 5133 καὶ
1794 5077 1929 5148 πρός
1968 5096 2031 5147 γε

451 5173 542 5226 τοῦ
571 5170 822 5242 δορατίου
845 5170 992 5242 ἀμφὶ
1015 5169 1107 5225 τὸν
1127 5170 1408 5242 ὀφθαλμὸν
1425 5171 1851 5244 κραδαινομένου
1878 5171 2033 5226 ἐκτα-

452 5265 802 5336 ραττόμενος,
859 5263 1167 5336 ὕπεξήγετο
1224 5264 1420 5337 ἀθρόον
1449 5266 1509 5329 ἐς
1552 5263 1861 5336 τοῦμπαλιν
1899 5265 2031 5320 ἀνα-

2131 4630 2276 4700 gium
2299 4667 2314 4690 ,
2342 4639 2408 4680 ac
2435 4623 2548 4694 jam
2583 4623 2651 4678 de
2681 4625 2856 4678 salute
2887 4635 2985 4677 sua
3017 4618 3335 4688 desperans,
3373 4624 3427 4672 et
3456 4614 3720 4685 quodam-

2134 4721 2297 4775 modo
2345 4717 2580 4773 fortuna
2617 4715 2790 4770 aleam
2819 4712 3156 4784 periclitans,
3207 4709 3501 4766 irruentem
3562 4708 3614 4762 in
3660 4723 3720 4762 se

2133 4812 2465 4869 horrendum
2523 4809 2582 4865 in
2649 4807 2873 4863 modum
2938 4804 3229 4878 quemdam
3275 4817 3308 4858 e
3359 4800 3722 4857 ferocioribus

2133 4902 2458 4972 elephantis,
2493 4916 2689 4972 magna
2716 4898 2768 4953 vi
2803 4899 2869 4953 ad
2903 4897 3068 4953 imam
3095 4895 3327 4952 frontem
3361 4894 3505 4949 circa
3533 4909 3721 4960 super-

2131 4993 2318 5049 cilium
2343 4992 2493 5046 basta
2527 4988 2670 5052 ferit,
2696 4987 2906 5058 spiculo
2933 4985 3005 5040 ita
3030 4985 3223 5041 adacto
3254 4992 3418 5052 atque
3450 4981 3709 5051 impacto.

2129 5091 2190 5137 ut
2218 5080 2364 5152 quod
2398 5079 2666 5150 reliquum
2696 5085 2814 5132 erat
2856 5076 3026 5130 basta:
3071 5071 3446 5144 prapenderet.
3491 5072 3562 5125 At
3614 5069 3702 5125 ltic

2138 5173 2343 5244 accepti
2373 5173 2513 5228 ictus
2545 5172 2851 5240 impatiens,
2897 5177 3058 5238 atque
3088 5166 3312 5236 insuper
3351 5165 3507 5222 basta
3556 5175 3709 5230 circa

2139 5264 2356 5320 oculum
2388 5271 2598 5318 rotante
2634 5258 2978 5329 perturbatus
3003 5299 3019 5322 ,
3071 5253 3358 5313 confestim
3406 5260 3709 5311 retroactus

1757 5405 1990 5463 VARUS
2016 5402 2418 5461 LECTIONES.

526 5540 572 5572 “
607 5540 747 5619 ιεέρη
784 5557 906 5619 μηδι
934 5545 1142 5619 ama
1163 5545 1288 5604 add.
1325 5545 1396 5619 I3-

1490 5547 1537 5580 "
1577 5546 1903 5618 ἐνφέροντοιὶ
1933 5556 1990 5604 et
2023 5548 2190 5618 intpr.
2214 5546 2542 5618 ferebuintttr,
2568 5543 2903 5618 ἐπεφέροντο
2935 5539 3084 5618 νιιίετ

3187 5539 3234 5610 ⁶Α⁸
3250 5539 3423 5610 om
3441 5541 3508 5609 δὴ
3540 5537 3616 5610 ὡς
3649 5535 3713 5589 η’

453 5607 950 5690 ἐπἰιξῆξνίνίιίςη⁸
975 5617 1021 5654 ⁸⁹
1046 5607 1236 5690 ἕτερόν
1261 5635 1314 5672 τι
1345 5617 1415 5690 B.
1489 5618 1538 5651 ⁷⁸
1553 5607 1774 5690 τᾉέωξιῖ,
1794 5617 1969 5690 _Lugd.
1999 5607 2150 5690 (αι),
2255 5616 2330 5679 ὡς
2358 5616 2494 5690 Edd.
2528 5607 2536 5610 “
2568 5615 2613 5646 '“
2640 5607 2816 5690 τ-αύτα
2843 5613 2908 5690 ll.
2985 5607 3055 5645 τί
3071 5608 3316 5690 ξ-υνέθεον
3348 5607 3428 5690 ,8,
3467 5607 3715 5690 συνέθεον

458 5675 630 5761 E98"-
653 5675 690 5735 ’ί
721 5675 874 5761 im-"
907 5687 954 5721 "
985 5675 1288 5761 γένοιίένων
1325 5687 1470 5761 vuls-

1575 5688 1622 5720 "
1658 5686 1970 5743 διεκὸάντες
2000 5687 2066 5753 ll,
2098 5687 2359 5749 ἐκϐάντες
2388 5686 2535 5757 vulg.

2639 5685 2685 5716 "
2707 5681 3054 5754 ἀναχώρησιν
3087 5679 3153 5748 Β,
3184 5681 3537 5754 ἀποχώρησιν
3569 5679 3710 5754 vulg.

457 5747 506 5857 Β
532 5745 1079 5840 ξπεισπηδῶντεςῖῐ,
1110 5745 1548 5829 ’ἐπεκπηδῶῖιτες
1588 5760 1730 5828 vulg.
1811 5758 1854 5790 "
1882 5745 2221 5829 σουνασίπιμδν
2249 5745 2381 5826 Spli.
2413 5745 2533 5810 Par.
2610 5756 2657 5788 "
2686 5745 2962 5823 ὴνόχλούν’
2998 5745 3147 5808 ΡΜ(
3199 5750 3242 5783 "
3273 5745 3607 5810 ἐκκλίνοντες
3643 5745 3705 5799 Β.

558 5827 792 5857 nun-..“
813 5826 850 5857 ιι
880 5837 926 5857 ι..
957 5828 1106 5857 ιη...-
1172 5830 1581 5857 ⁶⁶η.,....---....ι,.
1624 5828 1941 5857 ..-η..-.ι-.λ
1967 5829 2003 5857 ιι
2054 5829 2498 5857 --...,.-ι.-.,.....ι,.
2595 5826 2637 5857 ιι
2671 5822 3031 5857 λιπνιΛρηῖηηηι
3059 5819 3098 5857 n
3165 5820 3534 5857 ι’μιιννηηηιτηηη.
3563 5820 3684 5857 vuln

558 5819 792 5900 υγναρίς
811 5826 857 5882 R
878 5837 931 5885 et
957 5819 1151 5901 intpr.,
1172 5819 1442 5901 Ὃγνοίρος
1457 5819 1599 5901 vulg.
1622 5819 1942 5903 στὲνωτάτῳ
1965 5829 2030 5895 ιι,
2052 5819 2356 5898 στὲνοτάὰῳ
2374 5829 2519 5900 vulg.
2595 5826 2637 5858 ³³
2669 5819 3035 5895 summam
3059 5819 3149 5891 l'l.,
3165 5820 3539 5895 ὑπηωρεῖσθαι
3563 5820 3684 5888 vulg
