4054 6208
426 349 561 419 1461

1563 331 2113 400 IIISTORIARUM
2147 331 2382 397 LIBER
2417 331 2536 394 III.

3563 321 3702 385 1452

428 465 526 536 μὲν
561 456 822 516 τιαῦτῶν
869 454 1314 526 διαφθείρουσιν,
1353 451 1484 507 ἔνιοι
1521 452 1577 505 δὲ
1607 451 2014 522 ἀποδράσαντες

2129 446 2244 519 pido
2259 446 2490 509 faciunt,
2511 451 2562 500 et
2588 439 2879 499 nonnullos
2902 439 3122 512 quidem
3141 453 3333 495 eorum
3354 437 3707 502 obtruncant,

426 557 627 625 ῷχοντο
645 570 660 585 ·
685 551 911 614 τούτους
941 566 999 604 τε
1027 549 1081 604 οἰ
1123 548 1386 618 Ῥωμαῖοι
1419 546 1710 610 διώκοντες
1736 547 1835 597 οὒκ
1868 543 2014 598 ἀνίε-

426 661 547 697 σαν.
601 643 665 696 0i
712 641 772 695 δὲ
819 640 969 694 ἄλλοι
1021 639 1324 710 Διλιμνῖται
1377 636 1546 691 ταῦτα
1588 636 1816 698 ἰδόντες,
1855 636 2014 706 οἵπερ

432 741 592 810 ᾔεσαν
636 739 709 802 ὡς
737 736 802 804 δὴ
851 739 963 800 τοῖς
1009 735 1247 804 Πέρσαις
1283 733 1624 801 πιεζομένοις
1673 728 2016 798 ἐπαμυνοῦν-

427 849 538 894 τες,
577 830 1000 900 ἐπιστρέφουσιν
1052 828 1251 881 αὐτίκα
1286 826 1380 879 ἐπὶ
1422 826 1626 895 θάτερα
1653 825 1719 886 εδ,
1747 823 2013 876 ὑπαντιά-

430 923 542 986 ζειν
571 921 888 994 βουλόμενοι
918 923 1030 984 τοῖς
1076 919 1392 988 Ῥωμαίοις,
1419 919 1642 986 ἄμεινον
1680 911 1820 969 εἶναι
1853 913 2016 986 ἠγούο

435 1031 585 1081 μενοι
618 1016 664 1066 εἰ
697 1013 898 1085 μᾶλλον
929 1015 1044 1076 τοῖς
1070 1011 1366 1084 ὁμοφύλοις
1405 1015 1463 1073 ἐς
1493 1014 1522 1064 ὃ
1546 1028 1597 1064 τι
1619 1011 1852 1079 τάχιστα
1881 1009 2017 1060 ἐπα·

2115 540 2367 597 nonnulli
2410 553 2540 595 vero
2577 535 2634 592 in
2689 535 2874 608 fugam
2921 549 2980 589 se
3013 532 3319 598 dederunt;
3375 544 3515 602 quos
3559 531 3706 600 ipsos

2115 634 2349 692 Romani
2384 631 2636 704 persequi
2669 646 2778 686 non
2809 629 3155 686 destiterunt.
3197 625 3490 682 Dilimnitae
3523 633 3704 680 autem

2119 733 2234 788 haec
2255 729 2575 801 conspicati,
2615 727 2711 800 qui
2752 727 2934 784 Persis
2963 724 3342 780 laborantibus
3392 720 3706 778 auxiliaturi

2118 825 2352 888 iverant,
2389 837 2582 879 rursus
2618 821 2672 876 in
2704 819 3042 876 contrarium
3086 825 3396 883 vertuntur,
3445 815 3707 870 Romanis

2119 920 2334 975 obviam
2381 918 2460 974 ire
2507 916 2795 985 volentes,,
2826 914 3024 971 melius
3076 912 3492 981 eonsultiusque
3549 909 3710 980 198

2119 1011 2516 1077 existimantes,
2548 1009 2596 1066 si
2623 1009 2808 1080 potius
2836 1005 3196 1079 popularibus
3225 1006 3342 1061 suis
3370 1019 3534 1073 quam
3561 1002 3710 1057 citis-

437 1104 682 1177 ρήξαιεν,
741 1104 946 1178 σπουδῇ
989 1121 1049 1158 τε
1086 1103 1307 1175 ἀτάκτῳ
1348 1104 1440 1157 καὶ
1477 1103 1662 1174 δρόμῳ
1685 1098 1863 1169 πολλῷ
1892 1099 2022 1166 ὲφέο

2129 1105 2257 1161 sime.
2285 1102 2662 1169 subvenirent,
2702 1101 3015 1157 inordinato
3050 1098 3232 1154 studio
3268 1097 3552 1167 effusoque
3584 1111 3712 1150 cur-

436 1211 592 1269 ροντο
621 1196 686 1260 θ’,
718 1193 796 1260 ὡς
825 1195 1087 1265 φεύγουσι
1116 1193 1316 1266 μᾶλλον
1337 1192 1675 1265 ἀπρεπῶς,ἢ
1702 1193 1783 1246 ὁτι
1812 1190 2020 1261 ἑτέροις

2129 1215 2185 1256 su
2217 1198 2556 1264 ferebantur,
2593 1196 2668 1252 ita
2711 1203 2774 1252 ut
2814 1194 3133 1250 indecenter
3175 1191 3513 1263 fugientibus
3539 1189 3713 1259 inagis

437 1286 781 1360 ἀπέρχονται,
833 1287 1176 1360 εἰκασθῆναι.
1197 1285 1397 1342 Ἔθεον
1439 1287 1538 1358 μὲν
1568 1290 1676 1356 γὰρ
1706 1285 1782 1349 ὡς
1810 1283 1875 1356 δὴ
1910 1284 2022 1347 τοῖς

2129 1308 2286 1362 quam
2321 1291 2377 1347 in
2406 1289 2542 1347 alios
2565 1289 2826 1346 euntibus
2877 1288 3083 1344 similes
3125 1284 3463 1342 viderentur.
3513 1281 3714 1338 Curre-

436 1379 656 1445 οἰκείοις
687 1380 1214 1455 προσϐοηθήσοντες,
1233 1381 1395 1439 πλέον
1418 1381 1546 1436 δέτι
1572 1381 1816 1452 ὑπῆρχεν
1844 1381 1902 1431 ὲν
1926 1377 2024 1431 αὐ-

2129 1386 2255 1441 bant
2281 1384 2425 1440 enim
2458 1391 2724 1455 tanquam
2779 1380 2894 1440 suis
2936 1378 3284 1451 opitulaturi,
3341 1378 3468 1450 plus
3533 1385 3715 1430 tamen

437 1471 549 1534 τοῖς
592 1470 688 1526 τοῦ
730 1472 1086 1543 ὀργιζομένου
1138 1472 1199 1528 τὸ
1244 1474 1668 1546 ταραττόμενον.
1694 1465 1777 1524 ’Ἣ
1817 1469 1874 1523 δὲ
1914 1466 2025 1522 τῶν

2129 1477 2558 1550 perturbationis
2587 1491 2751 1548 quam
2780 1475 2875 1532 ira:
2899 1490 3013 1547 prae
3035 1487 3094 1530 se
3119 1472 3392 1529 ferebant.
3424 1469 3715 1525 Persarum

439 1560 666 1633 Περσῶν
708 1561 970 1634 στρατιὰ,
1001 1563 1172 1636 ὁπόση
1205 1563 1271 1637 δὴ
1301 1563 1378 1629 ὡς
1407 1563 1454 1598 ⁸⁸
1485 1563 1852 1632 πλησιαίτατα
1877 1579 2024 1631 παρ-

2129 1580 2308 1628 autem
2353 1570 2664 1636 exercitus,
2713 1577 2774 1626 ut
2808 1569 2922 1642 jam
2956 1583 3122 1640 quam
3153 1565 3405 1639 proxime
3457 1565 3592 1636 ipsis
3631 1564 3715 1617 in-

445 1657 736 1723 ετάττετο,
780 1656 980 1722 ίδόντες
1019 1659 1147 1722 τοὺς
1185 1657 1503 1730 Διλιμνίτας
1543 1655 1688 1711 οὕτω
1727 1656 1792 1727 δή
1832 1673 1884 1710 τι
1930 1654 2027 1721 ξὺν

2127 1679 2335 1726 structa
2361 1668 2481 1726 acie
2515 1667 2716 1735 stabat,
2760 1682 2885 1723 cum
2920 1666 3129 1722 videret
3166 1663 3476 1720 Dilimnitas
3519 1662 3590 1718 ita
3630 1669 3716 1717 tu-

437 1750 653 1820 ταραχῇ
685 1749 780 1803 καὶ
809 1748 1055 1821 ἀκοσμίᾳ
1083 1749 1407 1820 φοιτῶντας,
1435 1748 1622 1820 ἕτερόν
1658 1765 1719 1802 τε
1746 1748 1790 1785 σν
1811 1745 1962 1803 οὐδὲν
1989 1748 2023 1819 ἦ

2129 1761 2424 1820 multuarie
2449 1770 2506 1819 et
2529 1762 2650 1818 sine
2692 1759 2887 1816 ordine
2934 1758 3090 1823 ferri,
3139 1773 3319 1829 neque
3349 1755 3498 1812 aliud
3549 1769 3714 1825 quam

439 1839 522 1894 δτι
547 1839 1009 1912 ἀποδιδράσκουσι
1031 1840 1432 1913 διανοηθέντες,
1465 1841 1561 1895 καὶ
1585 1839 1925 1910 λογιζόμενοι
1948 1839 2026 1904 ὡς

2129 1853 2316 1928 fugere
2361 1871 2461 1914 eos
2501 1855 2627 1924 rati,
2656 1870 2960 1927 secumque
3006 1861 3322 1925 reputantes
3367 1867 3715 1923 nequaquam

439 1932 540 1985 οὐκ
574 1931 640 1987 ἄν
678 1949 808 1987 ποτε
839 1933 1039 1988 ἐκεῖνοι
1076 1934 1136 1999 ἐς
1172 1931 1331 1988 τοῦτο
1361 1934 1583 2005 αἰσχους
1619 1932 1909 2001 ἀφίκοντο,
1948 1929 2025 2003 μὴ

445 2025 683 2095 μεγάλου
721 2025 866 2090 τινὸς
893 2025 991 2081 καὶ
1026 2024 1351 2080 ἀνυποίστου
1389 2024 1812 2097 περιεστηκότος
1846 2023 2027 2077 κινδύ-

441 2134 557 2180 νου,
592 2117 714 2171 τότε
755 2117 820 2190 δὴ
852 2118 948 2172 καὶ
988 2117 1143 2173 αὐτοὶ
1171 2118 1470 2190 τραπέντες
1507 2117 1744 2187 ἀγεννῶς
1772 2115 2027 2170 ὲσκεδάν-

443 2225 620 2265 νυντο.
664 2209 729 2264 Ἦ
767 2208 823 2264 δὲ
866 2208 1220 2282 μελετωμένη
1252 2211 1390 2275 τέως
1416 2210 1462 2244 ⁷ο
1485 2212 1635 2281 φυγὴ
1664 2209 1760 2264 καὶ
1793 2209 2027 2262 ὑπολανσ

444 2300 714 2367 Θὰνουσα,
761 2300 886 2355 τότε
927 2299 994 2374 δὴ
1034 2301 1219 2366 αὐτοῖς
1260 2304 1320 2366 ἐς
1361 2301 1676 2373 τούμφανὲς
1723 2301 2024 2372 ἀνερράγη.

458 2393 618 2448 Ἀλλά
643 2394 753 2466 γὰρ
776 2394 872 2450 καὶ
894 2395 946 2448 οἱ
982 2393 1288 2466 Διλιμνῖται
1310 2394 1494 2450 ταῦτα.
1513 2395 1559 2427 ⁷³
1591 2394 1724 2467 περὶ
1749 2395 1857 2449 τῶν
1887 2397 2028 2467 Περ-

445 2487 556 2540 σῶν
599 2485 903 2558 οἰηθέντες,
955 2486 1268 2554 ξυνείποντό
1313 2490 1618 2563 γεφύατοϊς
1669 2489 1763 2544 καὶ⁵
1808 2487 2026 2554 συνεξέ-

444 2578 570 2632 Θεον
611 2579 679 2644 ",
734 2579 1120 2651 ἀπατήσαντές
1170 2596 1232 2634 τε
1276 2579 1397 2651 ἅμα
1455 2579 1557 2635 ’καὶ
1602 2579 2027 2651 ἐξηπατημένοι.

444 2670 663 2724 Τούτων
679 2671 735 2724 δὲ
761 2669 1101 2743 γιγνομὲνων
1116 2669 1184 2737 τ’,
1202 2671 1447 2725 πλεῖστοι
1475 2671 1589 2725 ὅσοι
1609 2671 1719 2724 τῶν
1735 2669 2028 2740 Ῥωμαίων

444 2763 540 2813 τοῦ
563 2762 852 2834 περιϐόλου
880 2763 1199 2828 διεκϐἀντες
1217 2763 1286 2829 ⁷⁸,
1320 2762 1712 2834 λαμπροτέραν
1737 2767 1850 2824 τοῖς
1876 2763 2030 2816 πολεο

449 2857 592 2924 μίοις
629 2856 957 2926 εἰργάσαντο
1014 2857 1115 2928 τὴν
1163 2857 1509 2931 ἀναχώρησιν
1536 2856 1616 2923 τ’,
1670 2855 2029 2925 ὲπισπόμενοί

446 2965 504 2998 τε
537 2949 743 3011 αὐτοῖς.
776 2951 869 3003 καὶ
908 2949 970 3002 τὸ
997 2950 1084 3003 ἀεὶ
1113 2950 1435 3021 λειπόμενον
1457 2947 2029 3018 ἀναιροῦντες.”Αλλοι

445 3039 502 3092 δὲ
533 3039 750 3093 ἄλλοθεν
785 3040 1094 3106 ἐπεξιόντες
1133 3042 1269 3112 πρὸς
1296 3043 1359 3095 τὸ
1398 3041 1620 3111 ἀντέχον
1648 3043 1728 3095 ἔτι
1769 3043 1865 3095 καὶ
1903 3040 2029 3106 ξυν-

447 3131 676 3202 εστηκὸς
718 3132 1082 3188 διεπονοῦντο.
1127 3135 1202 3187 Τὸ
1235 3134 1332 3206 μὲν
1378 3135 1487 3205 γὰρ
1535 3133 1683 3187 λαιὸν
1727 3135 1894 3205 κέρας
1919 3133 2030 3186 τῶν

450 3225 742 3297 βαρϐάρων
775 3226 919 3280 οὕτω
942 3226 1005 3299 δὴ
1035 3245 1087 3281 τι
1128 3227 1446 3298 περιφανῶς
1476 3229 1778 3298 ἐκεκμήκει
1806 3225 1898 3280 καὶ
1922 3225 2029 3278 διε-

447 3319 654 3374 λέλυτο.
713 3321 776 3375 Ol
802 3321 858 3374 δὲ
905 3320 998 3373 ἐπὶ
1041 3321 1122 3389 τῷ
1167 3320 1338 3390 ἑτέρῳ
1369 3321 1791 3389 ξυντεταγμένοι
1831 3336 2028 3390 καρτε-

450 3408 670 3477 ρώτατα
695 3409 1065 3479 ἀπεμάχοντο.
1095 3409 1162 3462 Οἵ
1197 3425 1256 3461 τε
1286 3410 1396 3480 γὰρ
1432 3409 1726 3478 ἐλέφαντες
1753 3409 1868 3461 ἀντ’
1905 3407 2031 3480 ἐρύ-

453 3516 620 3568 ματος
652 3499 1084 3571 προϐεϐλημένοι
1128 3502 1224 3554 καὶ
1270 3501 1708 3570 ἐπεισπηδῶντες
1745 3501 1816 3563 ⁷⁸.
1849 3501 2031 3556 διετά-

451 3609 646 3662 ραττον
695 3593 894 3647 αὐτίκα
951 3594 1042 3648 τὸν
1091 3594 1468 3662 συνασπισμὸν
1509 3595 1552 3625 ⁷⁷
1582 3593 1689 3647 τῶν
1741 3595 2031 3665 Ῥωμαίων

449 3687 501 3738 ετ
523 3701 629 3738 που
659 3683 909 3755 ξυσταίη’
939 3686 1070 3739 οἵτε
1102 3687 1243 3757 ὑπὲρ
1272 3685 1478 3740 τούτων
1506 3685 1793 3756 ὀχούμενοι
1818 3687 2033 3753 τοξόται

449 3776 573 3831 λίαν
609 3777 848 3832 ἐσίνοντο
881 3778 1008 3841 τοὺς
1033 3777 1316 3842 ἐπιόντας.
1360 3772 1447 3831 οἷα
1493 3779 1550 3840 ἐς
1580 3776 1745 3848 ὕψος,
1779 3779 2031 3856 ἠρμένοι,

451 3867 546 3922 καὶ
574 3864 654 3939 τῷ
684 3867 1048 3941 ὑπερανέχειν
1086 3867 1476 3923 εὐσκοπώτοτα
1511 3868 1798 3939 βάλλοντες
1825 3885 1837 3898 ·
1877 3869 1940 3923 ατ
1969 3884 2036 3922 τε

449 3958 561 4011 τῶν
596 3956 809 4013 ἱππέων
841 3957 987 4023 ίλαι.
1021 3959 1458 4032 διεκτρέχουσαι,
1500 3957 1699 4032 ῥαδίως
1728 3957 2036 4031 προσέϐαλ-

451 4050 544 4104 λον
581 4050 678 4104 καὶ
713 4049 991 4121 ἠνώχλουν
1036 4051 1084 4085 ⁷⁸
1133 4051 1364 4122 ἀνδράσι
1402 4049 1589 4114 πεζοῖς
1641 4053 1733 4105 καὶ
1780 4051 2040 4123 ἐμϐριθέσι

454 4159 646 4213 στερον
699 4141 1100 4214 ὠπλισμένοιςο
1140 4144 1243 4214 ἠδη
1273 4160 1331 4197 τε
1362 4145 1410 4196 oi
1454 4141 1632 4215 ταύτῃ
1680 4142 1944 4214 Ῥωμαῖοι
1980 4145 2041 4209 ἐς

453 4235 634 4301 φυγὴν
665 4235 1016 4298 ἐκκλίναντες
1052 4233 1095 4267 τ’
1127 4233 1531 4305 ἀπηλαύνοντο.

526 4325 796 4399 κζ’.’Δνὴρ
824 4327 882 4381 δέ
919 4344 1003 4390 τις
1041 4329 1099 4380 ἐν
1128 4327 1314 4388 αὐτοῖς
1357 4325 1467 4380 τῶν
1504 4325 1783 4397 Μαρτίνου
1807 4326 2038 4398 δορυφό-

456 4436 590 4488 ρων,
629 4417 892 4487 Ὀγναρις
915 4417 960 4448 ⁸⁸
990 4415 1184 4489 ὄνομα.
1205 4417 1264 4470 iv
1299 4417 1618 4487 στενωτάτῳ
1646 4417 1834 4489 χωρίῳ
1871 4417 2044 4482 ξυνει-

2127 1949 2249 2006 illos
2272 1963 2394 2005 eam
2439 1949 2835 2020 turpitudinem
2885 1948 2942 2004 in
2989 1963 3050 2006 se
3100 1946 3462 2011 admissuros,
3508 1945 3616 2000 nisi
3661 1943 3714 1997 in

2127 2041 2436 2099 extremum
2465 2041 2688 2114 aliquod
2717 2051 2769 2100 et
2797 2041 3150 2100 ineluctabile
3179 2038 3484 2112 periculum
3511 2036 3717 2093 redacti

2127 2130 2396 2190 fuissent:
2422 2141 2537 2190 tum
2569 2133 2760 2205 utique
2793 2133 2960 2189 etiam
3001 2131 3104 2202 ipsi
3150 2131 3378 2201 turpiter
3409 2136 3557 2199 terga
3597 2141 3719 2181 ver-

2129 2233 2308 2282 tentes
2339 2234 2468 2283 sunt
2496 2225 2774 2296 dissipati,
2821 2234 2876 2281 et
2902 2221 3274 2295 praemeditata
3316 2221 3428 2292 jam
3460 2219 3720 2276 obscure-

2127 2332 2234 2389 que
2285 2325 2497 2374 tentata
2554 2316 2683 2389 fuga
2749 2318 2803 2372 in
2858 2325 3107 2388 apertum
3161 2315 3365 2385 erupit.
3427 2311 3719 2367 Dilimnilaa

2128 2412 2275 2468 enim
2300 2413 2416 2468 haec
2453 2411 2521 2468 dc
2560 2410 2743 2468 Persis
2773 2409 3084 2482 opinantes,
3128 2408 3310 2465 socios
3338 2421 3460 2464 sese
3489 2406 3598 2460 illis
3624 2404 3718 2460 ad-

2124 2503 2446 2572 junxcrunt,
2504 2517 2721 2571 unaque
2779 2500 3079 2572 fugerunt;
3143 2497 3393 2554 fallentes
3445 2493 3610 2552 simul
3665 2501 3722 2549 et

2132 2597 2274 2652 falsi.
2314 2594 2408 2650 llis
2459 2595 2643 2666 itaque
2673 2592 2930 2664 peractis,
2965 2592 3204 2648 maxima
3234 2590 3608 2646 Romanorum
3639 2587 3720 2642 vis

2131 2686 2302 2740 muris
2327 2682 2521 2749 effusa,
2564 2681 2996 2738 manifestiorem
3033 2680 3325 2736 Persarum
3379 2676 3561 2749 fugam
3599 2678 3720 2730 red-

2131 2774 2286 2834 didit,
2316 2773 2484 2844 tergis
2510 2787 2701 2828 eorum
2738 2770 3056 2828 inbaerendo
3089 2779 3144 2826 et
3182 2777 3460 2825 extremos
3513 2773 3718 2820 meten-

2131 2867 2200 2922 do
2227 2884 2241 2932 ;
2269 2867 2359 2921 alii
2391 2881 2522 2922 vero
2549 2864 2656 2920 alia
2685 2880 2753 2921 ex
2791 2873 2945 2936 parte
2978 2863 3271 2928 irruentes,
3319 2861 3583 2916 adversus
3629 2871 3720 2912 re—

2131 2956 2387 3013 sistentes
2417 2956 2597 3012 adhuc
2641 2964 2698 3011 et
2744 2952 3097 3024 conglobatos
3144 2950 3342 3008 acriter
3383 2947 3716 3020 pugnabant.

2134 3049 2351 3106 Laevum
2387 3049 2531 3106 enim
2565 3049 2926 3104 barbarorum
2974 3060 3145 3101 cornu
3175 3044 3286 3115 jam
3338 3050 3522 3113 aperte
3561 3038 3720 3095 incli-

2057 3164 2100 3221 ρ
2135 3152 2292 3196 uarat
2319 3140 2672 3210 solutumque
2700 3145 2817 3196 erat
2846 3156 2860 3204 ;
2901 3139 2994 3208 qui
3029 3153 3154 3192 vero
3189 3136 3241 3191 in
3273 3135 3447 3190 altero
3480 3132 3720 3196 stabant,

2133 3234 2428 3288 fortissime
2457 3231 2854 3303 repugnabant.
2892 3229 3054 3301 199
3089 3226 3370 3299 Elephanti
3423 3225 3570 3280 enim
3623 3240 3722 3296 pro

2132 3326 2275 3380 vallo
2302 3324 2500 3394 objecti
2531 3333 2585 3379 et
2611 3329 2957 3394 proruentes,
2995 3320 3174 3377 sicubi
3225 3317 3486 3375 confertis
3521 3316 3725 3388 clypeis

2133 3433 2371 3489 pugnam
2399 3417 2601 3473 inirent
2649 3415 2904 3481 Romani,
2955 3412 3140 3470 statim
3193 3412 3364 3468 aciem
3411 3409 3720 3473 turbabant,

2133 3519 2190 3568 et
2212 3511 2510 3582 sagittarii,
2537 3509 2630 3580 qui
2658 3509 2739 3566 eis
2761 3508 3122 3570 vehebantur,
3153 3503 3432 3560 Romanos
3455 3504 3725 3558 irruentes

2134 3605 2374 3678 graviter
2401 3603 2689 3668 laedebant,
2739 3609 2926 3672 utpote
2956 3599 3008 3654 in
3033 3597 3270 3655 sublime
3294 3595 3445 3661 elati,
3468 3605 3727 3666 certaque

2134 3712 2202 3753 eo
2258 3696 2404 3767 quod
2442 3694 2700 3752 editiores
2741 3701 2927 3749 essent
2975 3690 3081 3748 tela
3144 3688 3432 3762 iacientes.
3482 3685 3625 3754 Quin
3670 3695 3726 3742 et

2135 3789 2378 3860 equitum
2404 3797 2598 3843 turmae
2622 3787 2996 3844 discurrentes
3025 3783 3184 3840 facile
3210 3781 3540 3837 invadebant
3565 3789 3728 3847 atque

2137 3880 2433 3938 turbabant
2468 3879 2680 3951 pedites
2726 3888 2782 3934 et
2824 3877 3096 3952 gravioris
3143 3882 3438 3932 armaturae
3477 3873 3722 3937 milites;

2133 3976 2358 4046 jamque
2390 3985 2460 4030 ex
2498 3988 2562 4028 ea
2587 3981 2742 4045 parte
2787 3970 3022 4028 Romani
3057 3969 3306 4026 inclinati
3358 3967 3549 4038 pedem
3584 3963 3724 4020 refe-

2139 4070 2348 4125 rebant.

2211 4339 2303 4394 27.
2347 4336 2440 4393 Vir
2484 4345 2665 4393 autem
2711 4333 2935 4406 quidam
2986 4335 3129 4389 inter
3173 4347 3270 4388 eos
3320 4347 3351 4388 e
3399 4330 3723 4387 satellitibus

2146 4432 2386 4499 Martini,
2407 4430 2641 4501 Ognaris
2667 4429 2907 4496 nomine,
2944 4428 2997 4482 in
3029 4442 3275 4483 summas
3305 4423 3585 4495 angustias
3605 4425 3728 4477 red-

455 4513 752 4583 λημμένος,
777 4511 856 4574 ὡς
885 4511 1019 4582 μηδὲ
1043 4511 1105 4565 τὸ
1135 4507 1557 4585 ἀνεκδιδράσκειν
1574 4509 1724 4580 αὐτῷ
1741 4508 2029 4582 ἐλεύθερον

2136 4535 2309 4590 actus,
2356 4523 2492 4577 adeo
2538 4529 2597 4576 ut
2641 4519 2850 4576 nullum
2925 4519 2976 4574 ei
3040 4523 3254 4588 pateret
3300 4513 3532 4569 liberum
3584 4511 3728 4569 etfu-

456 4603 593 4662 εἷναι
615 4607 712 4662 καὶ
727 4608 1035 4678 ἐφειμένον,
1054 4607 1257 4661 αὐτίκα
1289 4604 1734 4686 ὄγείάπειρηκὼ(
1758 4609 1872 4670 τοῖς
1889 4607 2037 4673 ξυνε-

456 4700 810 4770 νεχθεῖσι,καὶ
833 4701 1021 4773 ὥσπερ
1037 4702 1135 4771 τῆς
1148 4701 1319 4771 τύχης
1335 4698 2037 4770 ἀποπειρώμενυςςὲπιόντα

455 4796 502 4847 οἱ
517 4792 704 4857 δεινῶς
723 4793 814 4847 τὸν
828 4791 1163 4864 θρασύτερον
1184 4790 1295 4846 τῶν
1311 4790 1845 4865 ὲλεφάντωνίΡΛοι]
1869 4793 2038 4863 πλήτ-

456 4905 536 4940 τει
563 4886 756 4956 βιαίως
782 4885 885 4940 ἀνά
910 4885 1010 4957 τὴν
1041 4883 1215 4958 ὀφρὺν
1247 4883 1326 4954 τῷ
1356 4885 1566 4958 δόρατι,
1595 4885 1692 4937 καὶ
1722 4887 2037 4956 ἐμπήγνυσι

455 4981 554 5048 τὴν
585 4978 811 5048 αἰχμὴν,
842 4978 917 5042 ὼς
954 4979 1104 5032 ἀπαν
1150 4977 1211 5030 τὸ
1245 4976 1432 5033 λοιπὸν
1465 4976 1829 5050 ἀπῃωρῆσθαι
1857 4978 1923 5031 ⁸⁸.
1977 4977 2037 5030 '0

455 5075 509 5128 δὲ
541 5073 680 5141 πρός
712 5086 772 5125 τε
801 5070 901 5140 τὴν
933 5069 1149 5141 πληγὴν
1188 5069 1628 5142 δυσανασχετῶν,
1666 5069 1760 5123 καὶ
1802 5068 1938 5139 πρός
1976 5087 2040 5138 γε

459 5163 550 5216 τοῦ
579 5161 831 5233 δορατίου
853 5161 1000 5233 ἀμφὶ
1025 5161 1116 5216 τὸν
1137 5160 1416 5233 ὀφθαλμὸν
1433 5161 1860 5235 κραδαινομένου
1887 5161 2041 5216 ἔκτα-

461 5255 810 5327 ραττὸμενος,
868 5254 1176 5326 ὑπεξήγετο
1232 5255 1429 5328 ἀθρόον
1458 5257 1517 5320 ὶς
1560 5253 1869 5328 τοῦμπαλιν
1907 5256 2040 5310 ἀνα-

2139 4621 2285 4691 gium
2307 4658 2322 4682 ,
2351 4630 2416 4672 ac
2443 4615 2556 4686 jam
2591 4615 2660 4670 de
2689 4615 2865 4669 salute
2896 4626 2993 4668 sua
3025 4609 3344 4679 desperans,
3381 4615 3435 4663 et
3464 4605 3729 4677 quodam-

2143 4713 2304 4766 modo
2353 4709 2588 4764 fortuna
2625 4707 2799 4762 aleam
2828 4703 3165 4776 periclitans,
3215 4701 3509 4758 irruentem
3571 4699 3622 4754 in
3668 4713 3727 4754 se

2141 4803 2473 4860 horrendum
2532 4799 2590 4856 in
2658 4797 2881 4854 modum
2946 4795 3238 4868 quemdam
3284 4808 3316 4850 e
3367 4791 3729 4848 ferocioribus

2141 4893 2466 4962 elephantis,
2501 4907 2696 4963 magna
2724 4889 2776 4945 vi
2812 4890 2877 4944 ad
2911 4889 3077 4944 imam
3103 4886 3336 4942 frontem
3369 4885 3513 4940 circa
3541 4900 3729 4950 super—

2140 4983 2327 5040 cilium
2351 4982 2501 5036 liasta
2535 4979 2679 5044 ferit,
2704 4978 2914 5050 spiculo
2942 4977 3014 5031 ita
3039 4975 3231 5032 adacto
3263 4983 3426 5043 atque
3458 4972 3717 5042 impacto.

2138 5081 2199 5127 ut
2226 5071 2372 5143 quod
2407 5070 2674 5140 reliquum
2704 5076 2822 5123 erat
2865 5067 3034 5121 basta:
3079 5062 3454 5135 propenderet.
3499 5062 3570 5115 At
3622 5061 3711 5116 hic

2147 5164 2352 5236 accepti
2382 5164 2521 5219 ictus
2553 5164 2860 5231 impatiens,
2905 5168 3066 5228 atque
3096 5157 3320 5227 insuper
3359 5156 3516 5213 basta
3564 5166 3717 5221 circa

2147 5254 2364 5310 oculum
2397 5261 2606 5308 rotante
2643 5249 2987 5320 perturbatus
3012 5289 3028 5313 ,
3079 5243 3367 5303 confestim
3415 5251 3717 5302 retroactus

1765 5396 1998 5454 νΑιιιΑῑ
2023 5393 2427 5452 LECTIONES.

535 5531 580 5563 ⁸⁸
616 5533 755 5610 vim
793 5547 914 5610 post
943 5536 1150 5610 θᾴτερα
1171 5537 1297 5595 add.
1335 5535 1404 5610 [ᾗ.

1499 5538 1546 5570 "
1584 5537 1912 5608 ὲφέροντοΒ
1941 5547 1998 5595 et
2031 5538 2198 5608 intpr.
2222 5537 2550 5608 ferebantur,
2579 5533 2911 5608 ἐπεφέροντο
2943 5531 3092 5608 vulg.

3195 5530 3242 5601 ‘_'
3258 5529 3432 5601 ὁπόση
3449 5532 3516 5600 δὴ
3549 5529 3624 5601 ὡς
3658 5527 3722 5580 η’

463 5597 904 5680 ἔκυς’ἧδτίνὶιιε.
926 5678 958 5680 η
985 5609 1030 5645 ⁸⁸
1054 5597 1244 5680 ἔτερόν
1269 5627 1323 5663 τι
1353 5607 1423 5680 Β.
1497 5609 1547 5642 ⁷⁸
1561 5597 1702 5671 τέως
1716 5609 1782 5671 R,
1804 5609 1977 5680 Lugd.
2007 5597 2159 5680 (CII),
2179 5597 2240 5680 τε
2264 5607 2340 5671 ὡς
2367 5606 2502 5680 Edd_.
2537 5597 2546 5602 7
2577 5606 2621 5638 ⁷⁸
2649 5597 2825 5680 ταυτα
2852 5604 2916 5680 ll.
2993 5597 3065 5636 "—
3079 5599 3324 5680 ξ-υνέβεον
3357 5597 3436 5680 li,
3475 5597 3724 5680 συνέθεον

467 5665 638 5751 Eugtl.
662 5665 699 5726 ’1
729 5665 810 5751 'm_.
824 5665 883 5751 -ν
915 5678 963 5711 ⁷³
993 5665 1296 5751 γινομένων
1335 5678 1478 5751 vulg.

465 5677 1296 5771 πυρὶ.ξ-ιξιὲιξμ-τξργῐινοιξένων
1335 5678 1478 5771 vulg.
1583 5679 1631 5711 "
1667 5677 1978 5771 §tex6$virec
2007 5679 2075 5744 lt,
2106 5678 2367 5771 éxfiévc‘rsl;
2397 5677 2544 5771 νέμε.

541 5741 986 5820 ἐπεισπηδῶντες
1005 5741 1088 5812 ἶὶ,
1119 5741 1557 5820 ’ἐπεκπηδῶῖιτες
1597 5751 1739 5819 vulg.
1819 5749 1862 5820 ’Ἴ
1891 5741 2230 5820 συνασπιμὺν
2257 5748 2390 5818 Spli.
2422 5741 2542 5801 Par.
2610 5747 2666 5820 1'
2690 5741 2978 5820 ῂνὸχλουνξ
3005 5744 3131 5820 Pal.
3181 5741 3250 5820 _"
3281 5743 3380 5796 ἑκκ

2648 5675 2693 5706 ⁷⁸
2715 5672 3062 5745 ἀναχώρησιν
3095 5670 3161 5739 Β,
3192 5672 3382 5741 ἀποχώ
3422 5686 3546 5740 ησιν
3577 5671 3719 5731 vnlg.

2648 5747 2666 5779 '
2694 5745 2952 5799 ἡνόγλουν
3005 5744 3131 5799 Par.
3208 5741 3250 5774 ⁷⁹
3281 5689 3615 5799 ἐκκλίνοντες
3651 5737 3713 5790 Β.

3403 5757 3615 5801 ,ινοντες
3651 5757 3713 5790 ιι.

468 5807 515 5847 ι’
542 5807 800 5890 ὐγναρίς
820 5817 865 5872 R
887 5827 940 5876 ct
964 5807 1159 5891 impia,
1181 5807 1450 5892 Ὄγνοίρος
1465 5807 1608 5892 vulg.
1631 5807 1951 5894 στ’ἑνωτάτῳ
1974 5819 2038 5886 ιι,
2061 5807 2364 5891 στὲνοτάἆῳ
2382 5819 2527 5891 vulg.
2604 5817 2646 5850 ⁶¹
2677 5807 3043 5886 ἀπῃωρῆσθαι
3068 5811 3157 5883 IL,
3173 5811 3547 5886 ὑπηωρεῐσθαι
3572 5811 3692 5879 vulg
