4054 6208
415 294 550 362 I515
1596 307 1956 371 AGATHIJE
1999 308 2486 371 SCHOLASTICI
3540 314 3679 382 i516

406 412 656 473 JuStinus
697 434 859 483 vero,
903 435 1028 477 eum
1077 425 1409 493 oportuisset
1454 441 1578 482 eum
1628 425 1824 482 offendi
1878 424 1973 480 Al'r

2096 422 2240 493 δρῶν
2274 424 2368 478 καὶ
2400 423 2548 494 βίαια
2588 423 2748 496 ἔργα.
2796 426 2889 479 καὶ
2938 426 3275 498 παρανόμοις
3325 426 3467 480 τισὶν
3511 430 3682 498 ἐμπο-

408 508 556 564 illius
601 511 821 582 ineptiis
846 555 860 578 ,
901 515 1162 569 scientem
1193 557 1208 579 ,
1247 521 1393 588 quod
1441 521 1708 588 promissa
1741 526 1981 589 prmstart

2109 514 2252 582 ρίαις
2297 512 2688 585 λυμαινόμενος
2719 515 2985 580 ἅπαντας,
3026 511 3106 578 οἷς
3139 516 3206 570 ἂν
3256 517 3600 589 ὁμιλήσειενο
3654 519 3683 570 ό

405 598 567 671 253
595 617 700 656 non
728 614 929 672 posset,
955 606 1058 662 nisi
1091 608 1291 679 injusta
1312 617 1367 665 et
1401 610 1636 665 violenta
1656 624 1819 681 opera
1842 623 1981 665 exer

2102 603 2160 657 δὲ
2193 602 2509 676 προσήκατό
2533 622 2591 659 τε
2619 605 2745 670 robe
2773 606 2987 676 λόγους,
3035 609 3129 662 καὶ
3164 607 3224 661 τδ
3257 609 3479 679 χρυσίον
3506 625 3683 679 παρα-

406 706 536 748 eens
560 732 576 757 ,
607 702 661 749 et
692 694 988 764 illegitimis
1013 699 1339 767 quibusdam
1381 701 1843 773 negotiationibus
1871 713 1981 753 om-

2101 696 2226 762 δοὺς
2257 698 2351 752 ἐπὶ
2377 699 2496 763 ταῖς
2532 697 2821 770 ξυνθήκαις
2864 697 3083 771 ἐφίησιν
3111 699 3260 771 αὐτῷ
3288 700 3547 772 πράττειν
3573 702 3601 754 ὅ
3627 718 3682 754 τι

406 798 541 851 nes,
597 786 924 856 quibuscum
970 790 1021 845 ei
1068 807 1158 847 res
1199 802 1390 858 esset,
1448 792 1713 863 perderet,
1752 791 1981 846 ratione:

2103 789 2197 845 καὶ
2227 789 2488 860 βούλοιτο.

407 872 554 931 illius
584 876 839 947 admisit,
880 895 1125 951 auroque
1170 880 1221 936 ei
1296 891 1585 938 numerato
1648 882 1954 952 permittit,
1998 889 2060 936 ut
2097 880 2165 937 de
2217 879 2419 953 quibus
2461 882 2602 937 inter
2661 880 2811 952 ipsos
2864 889 3195 938 convenerat
3245 880 3484 947 faceret,
3536 881 3679 953 quod

406 970 585 1026 vellet.

472 1062 563 1118 22.
622 1062 779 1121 Tunc
828 1066 1014 1138 itaque
1060 1064 1307 1127 Joannes
1358 1085 1528 1142 pagos
1571 1070 1981 1135 Romanorum,

2165 1068 2272 1141 κβ’.
2311 1068 2445 1123 Τότε
2479 1067 2546 1141 δὴ
2576 1062 2668 1123 οὖν
2698 1072 2729 1124 ό
2774 1069 3031 1140 Ἰωάννης
3058 1070 3179 1132 ταῖς
3214 1068 3551 1140 Ῥωμαῖκατς
3575 1067 3682 1122 κὼ-

403 1163 675 1225 quotquot
703 1155 759 1211 in
792 1157 983 1215 itinere
1005 1160 1095 1216 siti
1124 1169 1313 1228 erant,
1355 1161 1644 1228 accedens,
1674 1161 1992 1217 convocatis

404 1248 634 1315 incolis,
681 1248 776 1305 ubi
832 1250 1052 1321 quidem
1108 1253 1274 1309 boum
1317 1254 1473 1324 copia
1521 1268 1632 1310 non
1674 1264 1834 1320 erat,
1874 1254 1992 1324 ipse

401 1340 704 1397 exercitum
750 1341 817 1399 iis
864 1357 1025 1414 egere
1064 1359 1164 1415 pro
1204 1346 1471 1402 concione
1507 1346 1748 1402 dicebat.
1785 1343 1990 1417 Viginti

404 1432 570 1503 igitur
600 1433 803 1490 talenta
831 1433 1112 1506 proterens
1138 1455 1152 1493 :
1193 1438 1297 1493 Pro
1325 1440 1454 1503 hac,
1499 1438 1809 1511 inquiebat,
1845 1454 1990 1493 sum-

403 1541 490 1579 ma
513 1535 714 1596 oportet
744 1543 831 1583 vos
870 1527 1020 1583 boues
1061 1532 1269 1586 tradere
1291 1573 1305 1597 ,
1351 1533 1524 1586 minus
1557 1549 1662 1588 non
1705 1512 1860 1596 licet;
1896 1532 1986 1587 sed

402 1621 629 1689 pretium
657 1622 806 1690 prius
838 1622 1087 1694 accipite,
1116 1633 1172 1678 ut
1203 1626 1330 1679 mihi
1355 1641 1511 1696 quam
1539 1625 1788 1681 citissime
1809 1642 1985 1680 omnes

404 1711 553 1765 boves
579 1713 805 1769 sistatis.
835 1714 946 1770 Illis
976 1729 1102 1771 vero
1136 1718 1485 1785 precantibus
1506 1761 1519 1777 ,
1556 1728 1617 1773 ut
1647 1717 1983 1785 remitteret,

401 1812 456 1858 et
481 1804 828 1874 jurautibus,
851 1808 1017 1863 boves
1037 1848 1051 1874 ,
1077 1823 1218 1879 quos
1251 1810 1513 1864 baberent
1535 1850 1549 1874 ,
1580 1809 1803 1865 arandis
1836 1810 1984 1880 ipso-

2097 1180 2228 1234 μαις
2265 1160 2585 1232 ἐπιφοιτῶν,
2619 1162 2817 1215 ὁπόσαι
2845 1161 2951 1217 ἀνὰ
2986 1163 3085 1232 τὴν
3117 1160 3347 1232 πορείαν
3380 1160 3679 1231 ἐτύγχανον

2092 1255 2404 1326 ἱδρυμέναι,
2437 1257 2534 1309 καὶ
2565 1256 2690 1319 τοὺς
2717 1254 3008 1326 οἰκήτορας
3032 1253 3291 1326 ἀγείρων,
3330 1245 3392 1306 οὗ
3426 1252 3525 1325 μέν
3555 1254 3678 1324 βόες

2091 1346 2317 1415 ἄφθονοι
2360 1347 2461 1401 οὐκ
2506 1341 2669 1418 ἦσαν,
2708 1346 2736 1401 ὁ
2777 1344 2833 1401 δὲ
2865 1346 3071 1403 τούτων
3088 1344 3315 1400 ’δεῖσθαι
3355 1345 3418 1400 τὸ
3446 1347 3674 1419 στρατό-

2092 1438 2251 1491 πεδον
2297 1437 2651 1509 ἐδημηγόρει.
2697 1438 2804 1492 Καὶ
2836 1436 3018 1491 τοίνυν
3056 1438 3229 1492 εἴκοσι
3266 1437 3505 1494 τάλαντα
3537 1454 3675 1510 προ-

2087 1531 2275 1603 φέρων
2296 1546 2311 1561 ·
2352 1546 2371 1581 ι
2401 1527 2687 1584 Τοσούτων
2715 1530 2858 1598 ὑμᾶς
2873 1529 2941 1597 ⁹¹,
2984 1528 3243 1600 ἔφασκεν,
3285 1528 3499 1603 ἀνάγκη
3535 1546 3675 1601 χρη·

2087 1619 2274 1690 μάτων
2299 1618 2618 1686 ἀποδόσθαι,
2643 1618 2740 1673 καὶ
2765 1621 2914 1690 μεῖον
2940 1616 3040 1673 οὐκ
3067 1617 3304 1672 ἔνεστινο
3341 1617 3479 1673 ἀλλά
3504 1621 3565 1671 τὸ
3593 1619 3676 1671 τί-

2086 1729 2243 1784 μημα
2267 1710 2485 1783 δέχεσθε
2503 1710 2551 1744 ”
2577 1711 2867 1784 πρότερον,
2891 1712 2985 1765 καὶ
3006 1712 3154 1774 ὅπως
3181 1727 3271 1782 μοι
3293 1709 3390 1780 τὴν
3410 1709 3677 1783 ταχίστην

2083 1803 2330 1867 ἅπαντας
2359 1802 2489 1869 τοὺς
2527 1802 2656 1874 βόας
2687 1804 3064 1875 ἀποκομιεῖτε.
3104 1820 3123 1854 ι
3172 1802 3293 1857 Τῶν
3318 1799 3376 1857 δὲ
3402 1803 3674 1857 ἱκετευόν-

402 1913 520 1951 rum
559 1897 705 1968 agris
737 1914 844 1953 non
878 1898 1128 1955 sufﬁcere
1147 1940 1163 1965 ,
1189 1914 1377 1956 severe
1404 1902 1699 1957 admodum
1723 1902 1981 1955 renuebat

2083 1911 2195 1948 των
2249 1894 2458 1948 ἀνεῖναι
2503 1893 2600 1950 καὶ
2650 1893 3081 1965 ἐπομνυμένων,
3126 1889 3165 1967 ἦ
3215 1893 3321 1966 μὴν
3373 1895 3508 1966 μηδὲ
3547 1896 3675 1950 ὅσον

401 1990 685 2054 scelestus,
712 2001 766 2046 et
796 2007 990 2063 graves
1028 1994 1209 2048 minas
1237 1993 1510 2059 addebat.
1562 1994 1607 2050 si
1650 2009 1760 2049 non
1799 1993 1981 2050 liceret

2088 1985 2256 2058 ἀροῦν
2313 1987 2382 2041 τὰ
2440 1984 2570 2057 λήῖα
2627 1985 2994 2058 ἀποχρώντως
3056 1987 3389 2058 κεκτῆσθαι,
3451 1988 3672 2041 ἀνένευε

403 2080 657 2148 prmfecto
679 2084 952 2139 exercitus
976 2084 1347 2140 necessarium
1374 2096 1741 2142 commeatum
1772 2100 1981 2143 coeme-

2090 2079 2233 2151 μάλα
2248 2080 2296 2112 ³⁵
2330 2077 2544 2147 σεμνῶς
2580 2080 2609 2133 ὁ
2647 2079 2978 2150 κατάρατος,
3026 2079 3118 2133 καὶ
3148 2078 3298 2133 δεινά
3339 2081 3576 2134 ἐποιεῖτο
3620 2080 3675 2134 ει

401 2186 495 2239 re;
523 2171 771 2243 adeoque
804 2175 1245 2245 indignabundus
1271 2191 1383 2232 rem
1409 2178 1790 2250 exaggerabat,
1815 2179 1981 2234 donec

2091 2169 2225 2240 μηδὲ
2246 2170 2510 2242 πρίασθαι
2531 2169 2608 2239 τῷ
2640 2167 2933 2240 στρατηγῷ
2961 2168 3109 2241 ἐξείη
3136 2170 3206 2223 τὰ
3234 2168 3533 2240 ἐπιτήδεια.
3559 2169 3673 2223 Καὶ

402 2263 479 2319 illi
536 2267 948 2334 pretiosissimis
993 2268 1109 2324 suis
1168 2269 1332 2325 rebus
1374 2270 1706 2335 divenditis,
1759 2271 1981 2340 aurique

2087 2263 2204 2327 ἐς⁹⁸
2236 2262 2491 2316 τοσοῦτον
2528 2262 2769 2316 ἐνέκειτο
2801 2260 3165 2333 χαλεπαίνων,
3211 2263 3317 2326 ἕως
3361 2263 3559 2315 ἐκεῖνοι
3597 2262 3671 2316 τά

401 2370 614 2412 Summa
669 2368 933 2429 quantum
988 2359 1106 2416 fieri
1157 2370 1372 2432 poterat
1429 2364 1666 2418 maxima
1715 2362 1984 2430 conﬂata,

402 2449 720 2505 mandatum
748 2467 781 2507 a
807 2451 1016 2510 nefario
1043 2455 1135 2512 illo
1161 2455 1520 2511 redimebant.
1548 2457 1677 2512 Inde
1702 2471 1831 2512 vero
1860 2473 1977 2513 rur-

402 2556 524 2594 sum
562 2540 876 2611 prol‘eetus,
907 2560 1031 2600 eum
1068 2547 1176 2605 alio
1200 2547 1474 2612 venisset,
1521 2548 1612 2604 ubi
1648 2550 1982 2605 camelorum

401 2637 497 2684 aut
520 2630 793 2687 mulorum
830 2650 1024 2689 nomen
1055 2652 1123 2693 ne
1153 2636 1397 2693 auditum
1422 2639 1641 2708 quidem
1673 2649 1791 2695 erat
1811 2682 1826 2705 ,
1868 2640 1984 2711 ipse

399 2736 591 2775 eorum
627 2738 793 2778 causa
824 2740 883 2779 se
910 2729 1092 2783 venire
1117 2729 1422 2796 clamabat,
1471 2729 1636 2803 255.
1684 2732 1984 2802 iisdemque

401 2829 623 2869 rursum
660 2817 843 2873 verbis
872 2829 1050 2884 utens,
1084 2834 1277 2876 aurum
1306 2824 1647 2886 ostendebat,
1688 2838 1984 2894 rursusque

400 2916 624 2975 accepto
648 2923 785 2965 auro
816 2910 1151 2968 discedebat.
1183 2914 1242 2968 ln
1278 2914 1423 2971 hunc
1446 2930 1576 2987 ergo
1605 2917 1823 2973 modum
1854 2933 1980 2972 cum

401 3013 592 3053 omnes
614 3000 763 3055 vicos
789 3014 841 3057 et
872 3018 1038 3075 pagos
1060 3004 1257 3070 obiret,
1280 3019 1532 3075 quaerens
1554 3018 1715 3075 atque
1735 3008 1978 3079 exigens,

2084 2353 2393 2424 τιμιώτατα
2416 2353 2527 2408 τῶν
2556 2353 2852 2425 κτημάτων
2882 2354 3391 2426 ἀπεμπολήσαντες,
3416 2355 3511 2409 καὶ
3536 2372 3673 2424 χρυ-

2088 2446 2224 2508 σίον,
2267 2445 2394 2500 ὅσον
2437 2440 2549 2501 οἶόν
2582 2463 2642 2499 τε
2682 2441 2752 2518 ἦν
2784 2447 2965 2509 αὐτοῖς
2984 2447 3051 2516 ’⁸,
3092 2447 3668 2520 συνερανισάμενοι⁹⁷,

2087 2540 2361 2610 παρέσχον
2398 2536 2476 2608 τῷ
2510 2536 2876 2609 κακοδαίμονι
2930 2537 3102 2609 λύτρα
3131 2537 3224 2593 τοῦ
3270 2540 3663 2610 ἐπιτάγματος.

2085 2632 2255 2686 Πάλιν
2281 2629 2338 2684 δὲ
2370 2627 2579 2683 ἐνθένδε
2611 2628 2705 2683 ίὼν
2735 2628 2831 2684 καὶ
2871 2629 3099 2702 ἐτέρωθι
3121 2631 3167 2664 ⁸⁸
3198 2633 3668 2703 παραγενόμενος,

2084 2722 2211 2778 ἔνθα
2238 2723 2502 2793 καμήλων
2522 2722 2687 2792 τυχὸν
2728 2722 2761 2794 ἢ
2792 2721 2967 2792 ὀρέων
2994 2721 3117 2775 οὐδέ
3146 2722 3316 2794 δνομα
3343 2721 3594 2792 ἠκούετο,
3636 2724 3669 2776 ὁ

2081 2815 2138 2875 δέ
2172 2815 2373 2869 τούτων
2398 2814 2563 2868 ἕνεκα
2591 2816 2748 2885 ἣκειν
2776 2814 2926 2879 ἐϐόα,
2972 2814 3065 2869 καὶ
3112 2817 3223 2880 τοῖς
3264 2815 3469 2884 ὁμοίοις
3517 2814 3668 2886 χρώ-

2085 2926 2246 2980 μενος
2294 2908 2457 2961 πάλιν
2506 2905 2818 2960 ἐπεδείκνυε
2854 2907 3099 2977 χρυσίον,
3154 2906 3249 2960 καὶ
3294 2905 3457 2960 πάλιν
3483 2904 3666 2960 λαῦὼν

2081 2998 2383 3072 ἀπεχώρει.
2411 2998 2569 3054 Οὕτω
2595 2996 2659 3069 δὴ
2685 2993 2778 3052 οὖν
2804 2997 3116 3068 ἁπανταχοῦ
3134 2998 3180 3031 θ’
3210 2997 3541 3070 περινοστῶν
3565 2998 3665 3051 καὶ

400 3104 522 3159 quae
553 3104 657 3147 non
700 3091 969 3149 habebant
997 3134 1013 3160 ,
1067 3105 1124 3153 et
1168 3112 1343 3168 neque
1381 3099 1636 3153 venderet
1681 3100 1977 3170 quidquam

2083 3091 2365 3164 ἀναζητῶν
2395 3091 2465 3146 τὰ
2495 3093 2571 3163 μὴ
2606 3091 2871 3163 παρόντα,
2905 3091 2998 3144 καὶ
3042 3089 3208 3161 μηδὲν
3239 3091 3377 3161 μήτε
3407 3093 3665 3161 ἀπεμπο-

400 3181 614 3252 uspiam
637 3223 652 3247 ,
686 3199 861 3253 neque
894 3195 1097 3243 emeret
1119 3230 1134 3254 ,
1188 3204 1367 3260 neque
1394 3191 1596 3262 alioqui
1635 3201 1977 3249 contractum

2083 3186 2252 3257 λήσας
2304 3183 2549 3249 πώποτε,
2588 3185 2727 3253 μήτε
2759 3184 3079 3253 πριάμενος,
3135 3184 3273 3254 μήτε
3318 3181 3492 3245 άλλως
3544 3198 3665 3245 πως

2089 3280 2110 3290 -
2198 3279 2225 3290 η
2266 3277 2322 3290 ..
2438 3277 2451 3290 .
2647 3276 2704 3290 κ,
2890 3275 2903 3290 .
2978 3273 3052 3290 ..
3362 3276 3373 3288 .
3535 3272 3574 3290 ..ι
3642 3273 3658 3290 .

402 3273 572 3328 ullum
623 3274 823 3343 iniret,
872 3278 1130 3346 pecunias
1161 3281 1411 3349 exigebat
1457 3293 1512 3339 ct
1554 3285 1879 3341 corradebat
1911 3287 1979 3341 ab

2085 3277 2395 3351 ξυμϐαλὼν,
2429 3276 2795 3350 ἠργυρολόγει
2820 3275 2913 3327 καὶ
2945 3273 3267 3344 είσέπραττε
3296 3276 3421 3337 τοὺς
3453 3272 3618 3343 μηδὲν
3642 3273 3659 3304 ⁸

401 3365 490 3433 iis,
522 3367 588 3421 ad
621 3382 760 3437 quos
784 3370 928 3424 nulla
955 3371 1114 3439 plane
1149 3372 1359 3428 redibat
1392 3376 1599 3431 utilitas
1624 3418 1637 3442 ,
1668 3378 1980 3435 celerrime-

401 3474 508 3529 que
540 3459 652 3528 jam
683 3477 802 3517 sors
839 3462 955 3531 ipsa
993 3464 1107 3519 sive
1137 3474 1301 3535 caput
1330 3468 1645 3525 accessione
1675 3485 1815 3526 nova
1845 3485 1979 3526 con-

399 3548 799 3620 duplicabalur.
842 3550 1136 3624 Postquam
1165 3570 1294 3610 vero
1324 3557 1389 3611 ad
1425 3557 1660 3614 Colchos
1697 3563 1938 3631 pervenit
1961 3598 1976 3624 ,

400 3645 587 3700 eadem
614 3643 742 3702 fecit
765 3688 778 3711 ,
812 3654 866 3701 et
893 3659 1149 3717 praeterea
1182 3651 1506 3720 conquisitis
1533 3654 1719 3709 nescio
1745 3671 1853 3727 qua
1886 3672 1977 3713 ra~

403 3736 550 3791 tione
573 3737 799 3793 navibus
823 3739 1090 3796 onerariis
1114 3780 1131 3804 ,
1167 3739 1375 3798 fructus
1403 3745 1604 3814 patrios
1630 3744 1775 3803 illius
1803 3747 1980 3818 regio-

405 3827 490 3884 nis
515 3826 908 3886 violentissime
930 3830 1166 3901 collegit,
1199 3834 1478 3904 multaque
1503 3833 1770 3890 vilissimo
1804 3835 1978 3906 pretio

402 3933 696 3988 «oculeus,
739 3920 794 3975 in
845 3930 1062 3979 exteras
1109 3930 1284 3979 terras
1333 3925 1654 3996 exportabat
1687 3940 1753 3982 ac
1790 3927 1978 3983 diven-

402 4012 584 4068 debat.
620 4011 856 4069 Penuria
897 4015 1083 4086 itaque
1124 4032 1306 4073 rerum
1349 4020 1785 4076 necessariarum
1819 4034 1976 4077 exer-

400 4101 545 4159 citus
575 4104 956 4176 premebatur,
995 4107 1131 4164 adeo
1161 4117 1221 4164 ut
1255 4109 1418 4164 etiam
1461 4108 1644 4165 herba:
1670 4120 1852 4167 essent
1883 4125 1976 4167 ve-

403 4193 573 4252 nales.
617 4196 685 4252 At
711 4196 978 4254 scelestus
1003 4198 1092 4254 ille
1120 4200 1503 4258 venaliciarius
1540 4212 1594 4257 et
1616 4202 1976 4263 dardanarius

402 4287 675 4360 ingentem
711 4299 978 4361 quaestum
1024 4289 1279 4348 iaciebat.
1326 4292 1407 4349 Ex
1445 4294 1532 4351 bis
1564 4296 1748 4366 itaque
1776 4297 1974 4369 opibus

398 4388 559 4451 pacta
587 4379 802 4436 iustine
829 4382 1205 4452 persolvebat,
1244 4393 1299 4440 et
1330 4395 1693 4446 commeatum
1716 4389 1974 4460 suppedio

404 4482 528 4528 tans
550 4514 566 4540 ,
605 4481 660 4528 ct
707 4474 946 4545 priorem
986 4477 1104 4531 auri
1137 4493 1410 4534 summam
1449 4494 1573 4535 cum
1607 4480 1817 4537 [tenore
1846 4482 1974 4539 red-

2080 3370 2258 3428 ὁτιοῦν
2289 3368 2702 3440 ἐπωφληκότας,
2729 3367 2959 3439 τάχιστά
2983 3383 3044 3419 τε
3073 3365 3173 3438 ἤδη
3208 3365 3269 3418 τδ
3298 3365 3521 3435 ἀρχαῖον
3554 3364 3663 3416 ἐδι-

2080 3463 2409 3529 πλασιάζετο
2436 3463 2550 3527 τοῖς
2590 3461 3059 3533 προσγινομένοις.
3104 3458 3319 3531 Ἐπειδὴ
3345 3458 3400 3513 δὲ
3432 3461 3488 3523 ἐς
3516 3459 3661 3513 Κόλ-

2079 3574 2206 3630 χους
2230 3557 2458 3627 ἀφίκετο
2474 3558 2517 3621 ¹,
2547 3556 2721 3610 ταύτά
2748 3572 2803 3609 τε
2825 3555 3088 3624 ἔπρασσε,
3118 3554 3212 3607 καὶ
3240 3554 3374 3624 πρός
3397 3570 3459 3622 γε
3485 3551 3613 3615 ναῦς
3637 3551 3661 3583 ³

2079 3649 2341 3721 φορτίδας
2387 3648 2488 3702 οὐκ
2532 3644 2648 3701 οἶδα
2692 3648 2840 3710 ὅπως
2887 3646 3348 3716 ἐπικτησάμενος,
3392 3644 3486 3699 καὶ
3529 3644 3664 3710 τοὺς

2079 3741 2326 3815 καρποὺς
2374 3740 2500 3806 τοὺς
2544 3739 2876 3811 ἐπιχωρίους
2921 3737 3238 3810 βιαιόταταδ
3270 3735 3658 3807 ξυναθροίζων.

2079 3834 2174 3888 καὶ⁹
2204 3832 2374 3888 πολλά
2403 3832 2688 3903 ἐλαχίστου
2718 3831 3023 3901 ὠνούμενος
3042 3872 3057 3896 ,
3103 3833 3161 3896 ἐς
3205 3833 3307 3901 τὴν
3349 3829 3658 3902 ἀλλοδαπὴν

2078 3924 2327 3996 ἐξεφόρει
2350 3923 2446 3978 καὶ
2467 3922 2851 3995 διεπίπρασκε.
2874 3924 3079 3985 Σπάνις
3113 3921 3209 3993 μὲν
3230 3918 3324 3978 οὖν
3350 3923 3458 3976 τῶν
3484 3925 3657 3992 ἀναγ-

2078 4016 2250 4070 καίων
2283 4015 2509 4080 είκότως
2531 4014 2844 4084 ἐπεγίγνετο
2869 4016 2981 4077 τοῖς
3012 4013 3435 4085 στρατεύμασιν,
3461 4014 3537 4079 ὡς
3558 4015 3659 4068 καὶ

2076 4107 2214 4172 πόας
2240 4102 2380 4164 εἶναι
2408 4107 2621 4172 ὠνίους.
2659 4108 2721 4163 ’0
2752 4107 2811 4161 δέ
2841 4106 3037 4179 μιαρὸς
3077 4106 3280 4170 ἐκεῖνος
3322 4106 3656 4178 μεταϐολεὺς

2076 4201 2175 4256 καὶ
2199 4199 2615 4270 παλιγκάπηλος
2643 4199 2875 4271 μέγιστα
2897 4198 3063 4270 κέρδη
3094 4200 3469 4269 προσεποιεῖτο
3484 4200 3525 4252 ⁸.
3560 4198 3656 4251 Ἐκ

2076 4293 2283 4348 τούτων
2311 4292 2375 4364 δὴ
2408 4288 2500 4347 οὖν
2545 4293 2655 4347 τῶν
2687 4291 2774 4364 [Ρ.
2818 4289 2946 4363 152]
2987 4291 3170 4361 πόρων
3202 4289 3270 4342 τὰ
3322 4290 3674 4360 ξυγκείμενα,

2077 4386 2214 4455 πρὸς
2270 4387 2555 4440 ἰουστῖνον
2593 4383 2865 4448 ἐπετέλει,
2916 4382 3013 4446 τάς
3054 4399 3113 4436 τε
3163 4380 3366 4453 τροφὰς
3415 4381 3655 4454 παρεχόο

2080 4496 2239 4548 μενος
2288 4480 2381 4533 καὶ
2425 4478 2503 4550 τῷ
2538 4476 2786 4550 προτέρῳ
2816 4476 3028 4548 χρυσίῳ
3058 4474 3526 4546 προσεπιϐάλλων.
3589 4473 3657 4528 Ὀ

400 4564 556 4621 deus.
574 4562 822 4621 Justinus
842 4579 992 4630 vero,
1023 4569 1236 4625 tametsi
1258 4570 1388 4640 quid
1415 4578 1667 4642 ageretur
1690 4585 1797 4627 non
1821 4571 1978 4644 igno-

2083 4572 2157 4637 δὲ,
2184 4571 2365 4626 καίτοι
2396 4570 2717 4641 γιγνώσκων
2735 4569 2804 4623 τά
2833 4567 3148 4640 ποιούμενα,
3178 4567 3437 4631 πολλάκις
3454 4583 3510 4619 τε
3544 4563 3655 4618 τῶν

404 4664 568 4722 reret,
601 4654 1018 4728 frequenterque
1046 4659 1112 4713 ad
1144 4660 1323 4730 ipsum
1351 4662 1607 4718 euntibus
1638 4663 1972 4731 hominibus,

400 4762 539 4816 quos
565 4746 667 4804 iste
708 4757 827 4803 erat
861 4749 1225 4821 depraedatus,
1260 4762 1314 4808 et
1344 4756 1409 4809 ad
1446 4754 1609 4824 pedes
1645 4755 1816 4825 ipsius
1847 4771 1973 4813 cum

399 4835 790 4895 lamentatione
833 4840 1152 4910 provolutis,
1181 4851 1349 4912 utque
1368 4844 1742 4901 extorsionum
1778 4849 1974 4903 remis-

401 4931 486 4986 sio
507 4932 661 4988 lieret
688 4931 1126 4999 obsecrantibus,
1152 4936 1303 5005 parvi
1327 4945 1506 4992 tamen
1537 4938 1771 4995 lamenta
1796 4940 1973 5013 lacry-

402 5036 627 5094 masque
666 5020 907 5089 faciens,
952 5024 1085 5079 citra
1129 5035 1331 5083 metum
1373 5027 1557 5099 inique
1588 5031 1758 5101 partis
1787 5047 1970 5088 vesce-

399 5112 562 5169 batur
607 5113 984 5185 gaudebatque
1024 5126 1079 5171 ct
1127 5117 1380 5189 inemptis
1424 5119 1597 5189 epulis
1647 5120 1835 5177 fruens
1860 5162 1876 5188 ,
1916 5129 1973 5176 et

2081 4663 2528 4737 λεηλατουμένιιΝ
2562 4663 2637 4727 ὼς
2670 4661 2833 4718 αὐτὸν
2872 4661 3060 4715 ἰόντων
3091 4659 3183 4715 καὶ
3231 4659 3327 4712 σὺν
3363 4655 3658 4728 ὀλοφυρμῷ

2081 4756 2645 4827 προκαλινδουμένων,
2675 4755 2920 4827 λώφησίν
2945 4771 3004 4809 τε
3032 4751 3282 4822 γενέσθαι
3315 4752 3465 4822 σφίσι
3487 4752 3507 4782 ⁶
3541 4747 3655 4803 τῶν

2081 4849 2268 4904 κακῶν
2301 4848 2753 4915 ἀντιϐολούντων,
2804 4848 2952 4918 ὅμως
2990 4847 3101 4900 τῶν
3137 4844 3397 4919 Δὀδυρμῶν
3430 4842 3525 4895 καὶ
3556 4842 3655 4895 δα-

2080 4938 2263 5009 κρύων
2296 4939 2452 5006 ὀλίγα
2482 4939 2795 5011 φροντίσας,
2824 4935 3013 5009 ἤσθιεν
3039 4936 3209 4998 ἀδεῶς
3237 4935 3304 4988 ἐκ
3331 4933 3440 4987 τῶν
3464 4930 3657 4998 ἀδικη-

2083 5031 2290 5100 μάτων,
2322 5032 2419 5086 καὶ
2464 5031 2623 5101 ἥδετο
2658 5032 2759 5102 μὲν
2789 5031 3065 5101 ἀπριάτην
3106 5024 3503 5097 εὐωχούμενος,
3554 5023 3653 5078 καὶ

2078 5123 2216 5196 πρός
2258 5140 2324 5194 γε
2378 5125 2575 5195 μεστὸν
2617 5123 2760 5178 κατὰ
2787 5122 2848 5177 τὺ
2895 5121 3058 5176 πλέον
3101 5119 3197 5175 καὶ
3230 5117 3654 5191 ἐμϐριθέστερον

1704 5294 1938 5352 VARIAL‘
1976 5295 2381 5354 [.ECTIONES.

472 5470 531 5546 ”_
552 5468 658 5546 Pro
683 5468 1119 5546 dpd;__R.+,pt'bv.
1196 5475 1240 5506 ³³
1273 5473 1524 5546 δέχεσθαι
1697 5474 1740 5507 ⁸³
1771 5477 1916 5546 μάλα
1951 5475 2043 5542 ιι..

404 5542 450 5577 ’⁵
474 5541 656 5605 αὐτοῖς
682 5541 791 5596 οιιι.
836 5541 899 5594 li.

976 5546 1019 5574 97
1047 5545 1528 5619 συνερανισάμενοι
1560 5545 1627 5607 li,
1652 5547 2059 5619 Δἐρανισρὶιμενοι
2078 5545 2221 5619 vulg.

2618 5475 2711 5552 ηδέ
2755 5476 2817 5540 ιι,
2881 5477 2955 5547 μὴ
2981 5476 3123 5552 vulg.
3200 5479 3331 5552 "_6.;
3368 5478 3409 5534 ἢ
3439 5495 3534 5552 pro
3571 5487 3646 5543 ἐς.

2099 5477 2335 5549 μάλιστα
2372 5478 2517 5551 vulg.
2567 5477 2711 5600 διηδέ
2755 5477 2817 5540 ιι,
2881 5477 2955 5547 μὴ
2981 5477 3123 5549 vulg.
3200 5480 3245 5509 ⁵⁸
3275 5479 3331 5543 ὃς
3368 5478 3409 5534 R
3439 5495 3534 5552 pro
3571 5487 3646 5543 ἐς.

2099 5550 2221 5619 'ulg.
2299 5546 2347 5582 ’³
2394 5550 2567 5620 ἑτέρω
2602 5548 3207 5620 ενῇπαραγενόμενος
3245 5550 3306 5620 ίῖτ
3353 5553 3655 5620 παραγινό-

2299 5546 2347 5582 ιη
2394 5546 2567 5620 ἑτέρω

407 5629 418 5648 ι
449 5628 567 5674 ξενος
604 5613 746 5680 vulg.
823 5614 866 5644 ’τ’
896 5610 1199 5684 ἁπανταχεί
1224 5617 1288 5670 ιι.
1368 5610 1387 5647 ί
1414 5617 1541 5679 τοὺς
1564 5610 1731 5686 μηὸἐν
1756 5615 1822 5680 ιι,
1856 5610 1981 5681 τοὺς

405 5630 575 5734 tum
604 5691 658 5734 et
686 5683 771 5734 ed.
812 5700 915 5734 ιη’..
952 5688 995 5734 τ’
1023 5689 1161 5734 αὐτὰ
1193 5687 1241 5734 γ’
1273 5685 1403 5734 th.
1435 5685 1557 5734 Par-
1635 5687 1655 5718 ³
1677 5690 1895 5734 γενναῖε·
1932 5686 1972 5734 R

2108 5610 2276 5689 μηδὲν
2318 5621 2467 5691 vulg.
2491 5610 2503 5620 ’
2542 5620 2565 5652 ¹
2599 5614 2864 5686 ἀφίκοιντηό
2894 5620 2956 5672 ιι.
2993 5610 3165 5673 ταῦτα
3192 5610 3249 5673 τε
3283 5610 3346 5682 lt,
3379 5610 3550 5677 ταῦτα
3585 5638 3644 5679 τι

2083 5705 2100 5734 ι
2134 5707 2195 5734 νε
2229 5690 2376 5734 vaﬁr,
2460 5692 2480 5722 δ
2510 5686 2834 5734 ϐεϐαιότατα
2861 5690 2924 5734 ιι,
3004 5690 3024 5722 ³
3060 5690 3153 5734 καὶ
3193 5700 3318 5734 mm!
3354 5692 3416 5734 ἐκ
3453 5691 3533 5734 inc
3575 5690 3635 5734 R,

436 5684 575 5756 .ugtl.
604 5691 658 5737 et
686 5683 771 5757 ed.
812 5688 995 5757 μνη-τ’
1023 5683 1161 5742 αὗτά
1193 5687 1241 5755 γ’
1273 5685 1403 5757 Splt.
1434 5685 1557 5742 Par.

405 5750 427 5780 ⁸
452 5750 604 5819 σφίσι
634 5752 758 5807 add.
792 5750 877 5807 ex.
915 5751 981 5806 [ἰ.

1635 5687 1655 5718 ³
1677 5690 1895 5757 γενναίς
1932 5686 1973 5743 R
2002 5686 2195 5759 ριὀγε
2229 5690 2381 5755 ναῦς.

2460 5692 2480 5722 ι
2509 5686 2835 5761 βεϐαιότατα
2861 5690 2925 5744 ιι.
3004 5690 3024 5722 ³
3060 5690 3153 5744 καὶ
3193 5700 3318 5750 ante
3354 5692 3417 5744 ἐκ
3453 5690 3644 5754 ius.R.
