4054 6208
423 297 557 361 159.5

1618 315 2157 380 il’ISTURIARUM
2193 320 2424 380 LIBER
2447 321 2538 381 ιν.

3567 325 3700 390 1526

420 413 689 485 προτέρου
725 415 1008 486 Ῥωμαίων
1032 421 1436 500 αὐτοκράτορος
1466 429 1661 502 ἀθρόον
1689 433 1971 508 διαφθαρέη

2072 476 2081 497 ι
2111 437 2227 508 ipse
2296 454 2324 493 a
2377 439 2648 509 prmfectis
2703 449 2755 494 et
2789 439 3030 494 exercitu
3065 441 3382 512 reliquaque
3419 445 3575 500 turba
3608 463 3696 502 rex

416 521 531 571 τος,
561 505 727 572 αύτδς
757 509 1156 583 ἀναγορεύεται
1181 517 1286 571 ὑπό
1313 536 1372 573 τε
1408 522 1517 576 τῶν
1549 525 1877 598 στρατηγῶν
1896 505 2002 581 ⁷καλ⁸

415 597 524 652 τῶν
578 605 1006 675 στρατευμάτων
1062 611 1159 663 καὶ
1195 612 1290 666 τοῦ
1331 614 1490 669 ἄλλου
1540 597 1753 688 ὁμίλου,
1786 620 1916 674 "Are
1947 622 2003 676 δὲ

413 692 513 761 τῆς
545 693 722 784 ἀρχῆς
755 697 908 770 αὐτῷ
939 699 1064 770 ἄρτι
1095 703 1525 779 καθισταμένης,
1555 711 1649 764 καὶ
1697 711 1805 766 τῶν
1829 726 1836 734 ’
1858 731 2002 784 πρα-

412 782 664 851 γμάτων,
701 783 892 859 ὥσπερ
922 790 1091 856 είκδς,
1122 797 1566 866 ταραττομένων,
1595 801 1690 855 καὶ
1735 782 1912 857 ταῦτα
1941 805 2000 858 ὲν

414 874 554 970 μέσῃ
584 878 652 948 τῇ
685 877 940 970 πολεμίᾳ,
973 885 1070 954 οὺχ
1103 880 1214 950 οἷός
1252 905 1314 942 τε
1349 885 1419 961 ἦν
1451 892 1520 946 τὰ
1557 894 1803 966 παρόντα
1837 899 1894 951 ὲν
1919 898 2000 970 τῷ

407 963 582 1018 δέοντι
616 969 964 1044 σχολαίτερον
990 973 1274 1034 διαθεῖναι.
1303 981 1592 1054 Τοιγάρτοι
1621 963 1998 1054 απαλλαξείων

408 1055 508 1125 τῆς
538 1060 596 1111 ὲν
633 1059 818 1134 ὀθνείᾳ
853 1065 945 1118 καὶ
971 1065 1228 1139 δυσμενεῖ
1255 1073 1410 1147 χώρᾳ
1436 1076 1671 1150 διαίτης,
1698 1082 1795 1135 καὶ
1828 1083 1998 1154 μόνης

405 1150 587 1218 τυχεῖν
619 1152 717 1222 τῆς
754 1155 814 1218 ές
853 1157 921 1211 τὰ
958 1159 1134 1224 οἰκεῖα
1187 1165 1453 1222 ἐπανόδου
1503 1168 1701 1225 θᾶττον
1756 1173 1991 1244 ἱέμενος,

407 1239 676 1332 ξυνθήκας
698 1246 907 1303 τίθεται
937 1251 1182 1320 ἀγεννεῖς
1209 1259 1304 1311 καὶ
1324 1261 1665 1332 ἀσχήμονας,
1686 1265 1783 1319 καὶ
1801 1239 1993 1332 όποίας

407 1331 573 1405 μέχρι
613 1337 708 1428 καὶ
745 1338 842 1394 νῦν
877 1344 943 1413 τῇ
982 1344 1272 1414 Ῥωμαίων
1316 1331 1673 1422 λυμαίνεσθαι
1720 1355 1992 1428 πολιτείᾳ,

400 1426 768 1496 περιστέλλων
809 1432 868 1494 ές
920 1432 988 1486 τὰ
1020 1435 1196 1490 ὀπίσω
1229 1443 1438 1524 καινρῖς
1482 1443 1674 1513 ὁρίοις,
1720 1447 1815 1500 καὶ
1855 1426 1991 1502 ὑπο-

397 1511 731 1610 τεμνόμενος
773 1526 872 1596 τῆς
911 1528 1122 1594 οἰκείας
1158 1532 1331 1603 ἀρχῆς
1347 1511 1422 1587 ’τὸ
1455 1511 1768 1610 περαιτέρω
1797 1538 1990 1594 ὲκόαῖο

397 1625 507 1663 νον.
543 1602 623 1667 Τὰ
654 1614 754 1685 μὲν
776 1612 872 1671 οὖν
903 1619 1022 1674 κατ’
1051 1602 1228 1677 έκεῖνο
1256 1624 1350 1679 τοῦ
1377 1602 1572 1698 καιροῦ
1602 1602 1988 1701 ξυνενεχθέντα

397 1701 612 1768 πολλοῖς
651 1705 753 1779 ήδη
797 1708 908 1764 τῶν
949 1714 1234 1784 προτέρων
1272 1716 1638 1791 ξυγγραφέων
1679 1723 1984 1796 ἱστόρηται⁹

395 1795 521 1865 ἐμοὶ
542 1796 601 1850 δὲ
630 1799 694 1852 οὐ
723 1802 856 1872 περὶ
891 1803 1065 1861 ταῦτα
1095 1807 1453 1880 ἐνδιατρίϐειν
1489 1813 1678 1884 σχολὴ,
1712 1795 1863 1870 ἀλλὰ
1888 1818 1984 1872 τοῦ
2018 1822 2059 1876 Β

397 1889 666 1959 προτέρου
697 1890 859 1962 λόγου
887 1894 1098 1953 ἑκτέον.

463 1984 578 2044 κςθ.
609 1981 764 2038 Μετὰ
792 1985 902 2056 γὰρ
924 1987 1187 2060 Σασώρην
1223 1990 1492 2066 Ἀρταξὴρ
1520 1997 1747 2067 ἀδελφὸς
1775 1998 1853 2053 ὢν
1883 2001 1981 2054 αύο

389 2071 488 2143 τῷ,
551 2077 646 2128 καὶ
699 2078 985 2150 μετασχὼν
1026 2084 1124 2153 τῆς
1176 2082 1476 2153 βασιλείας,
1517 2089 1796 2160 τεττάρων
1843 2093 1980 2148 ἑτῶν

389 2169 583 2237 χρόνον
617 2171 739 2223 κατ’
768 2171 937 2244 αὐτὴν
977 2173 1209 2233 ἀπεὸίω.
1251 2177 1309 2230 ’0
1338 2177 1395 2231 δὲ
1426 2178 1538 2242 υίὸς
1564 2181 1594 2233 6
1621 2180 1838 2245 τούτου,
1870 2184 1977 2238 Σα-

387 2256 508 2330 σὼρ
541 2258 596 2311 δὲ
631 2261 725 2314 καὶ
756 2261 920 2327 αὐτὸς
948 2266 1307 2336 ἐπεκέκλητο,
1336 2270 1394 2322 ὲν
1424 2269 1572 2324 ἔτεσι
1609 2274 1771 2328 πέντε
1813 2275 1874 2329 τὸ
1900 2278 1977 2330 ot-

388 2352 536 2404 κεῖον
563 2352 837 2425 ἠρίθμησε
875 2358 1098 2427 κράτοςο
1131 2361 1189 2412 έν
1222 2361 1530 2418 διπλασίοσι
1560 2365 1619 2418 δὲ
1647 2365 1849 2422 τούτων
1879 2369 1974 2423 καὶ

387 2444 525 2515 πρός
555 2461 618 2514 γε
648 2445 740 2528 svi
785 2447 960 2522 ἑτέρῳ
1003 2452 1234 2523 ἐνιαυτῷ
1268 2454 1632 2528 Οὑαραράνης
1660 2459 1690 2512 6
1725 2462 1876 2525 παῖς,
1911 2462 1970 2527 ὃς

383 2536 449 2608 δὴ
495 2538 590 2590 καὶ
642 2527 946 2611 Κερμασαὰ
981 2543 1026 2580 ⁸³⁵
1057 2543 1395 2615 ὠνομάζετο.
1439 2549 1561 2601 Τῶν
1604 2550 1664 2604 δὲ
1712 2552 1970 2608 τοιούτων

385 2627 730 2700 ἐπεκλήσεων
759 2633 791 2701 ἡ
819 2631 965 2686 αἰτία
987 2634 1087 2705 ἤδη
1114 2652 1199 2704 μοι
1231 2636 1465 2710 εἴρηται.
1495 2640 1608 2692 Καὶ
1635 2640 1744 2712 γὰρ
1772 2644 1967 2713 Κερμα

382 2718 570 2783 ἔθνους
597 2721 640 2752 ⁸³
669 2723 829 2791 τυχὸν
859 2723 891 2794 ἦ
929 2723 1112 2796 Χώρας
1139 2727 1389 2799 ὑπῆρχεν
1412 2732 1719 2802 ἐπωνυμία.
1753 2734 1966 2806 Ταύτης

379 2809 436 2863 δὲ
465 2810 545 2881 τῷ
577 2813 747 2884 πατρὶ
774 2813 868 2866 τοῦ
900 2815 1256 2887 Οὐαραρανου
1291 2819 1336 2852 ⁸⁸
1367 2820 1792 2897 δεδουλωμένης,
1823 2829 1966 2882 είκό-

379 2915 487 2962 τως
512 2902 540 2953 6
561 2903 688 2964 παῖς
710 2902 808 2974 τὴν
833 2905 1153 2976 ἐπωνυμίαν
1175 2910 1466 2980 ἐκτήσατο,
1493 2914 1740 2970 καθάπου
1771 2920 1965 2989 πρότε-

382 3008 476 3060 ρον
509 2993 601 3047 καὶ
647 2997 800 3067 παρὰ
836 2997 1128 3070 Ῥωμαίοις
1162 3005 1190 3055 6
1221 3004 1320 3074 μὲν
1355 2993 1682 3078 Ἃφρικανδς
1713 3011 1896 3084 τυχὸν,
1934 3018 1965 3072 6

376 3084 433 3137 δὲ
462 3083 501 3135 Γ
503 3087 821 3155 ερμανικδς.
844 3091 873 3144 6
896 3089 952 3145 δὲ
981 3092 1041 3158 ἐξ
1066 3093 1228 3148 ἄλλου
1267 3113 1362 3150 του
1383 3099 1573 3166 γένους
1604 3083 1958 3174 νενικημένου

2107 529 2440 596 declaratur,
2467 531 2557 600 qui
2597 539 2781 599 utpote
2820 545 2991 600 regno
3030 532 3134 602 ipsi
3213 544 3461 589 recenter
3521 537 3700 592 delato

2103 629 2158 676 et
2185 623 2374 686 rebus,
2411 621 2486 676 uti
2521 622 2818 678 verisimile
2848 631 2954 690 est,
2993 624 3350 694 perturbatis,
3372 637 3426 682 et
3479 629 3700 698 quidem

2104 710 2158 764 iu
2201 711 2381 769 media
2417 712 2602 768 hostili
2634 713 2876 784 regione,
2915 726 3238 785 praesentem
3290 732 3470 772 rerum
3495 729 3697 774 statum

2103 816 2210 856 non
2257 807 2392 859 satis
2429 819 2758 875 componere
2785 804 3301 877 poterat.Quocirca
3327 817 3592 877 pertzesus
3625 811 3699 865 vi—

2102 903 2170 950 tae
2201 895 2255 950 in
2295 906 2483 952 extera
2513 897 2806 968 hostilique
2856 900 3098 968 regione,
3143 900 3462 970 rrditusque
3511 901 3564 955 in
3596 919 3693 959 sua

2099 999 2263 1054 quam
2293 985 2560 1042 citissime
2588 999 2818 1056 compos
2857 985 2974 1040 ﬁeri
3017 985 3268 1056 cupiens,
3302 986 3695 1057 ignominiosas

2096 1085 2396 1149 turpesque
2450 1094 2576 1135 cum
2643 1081 2806 1135 hoste
2856 1077 3136 1148 pactiones
3167 1079 3288 1145 init,
3338 1095 3586 1151 quasque
3637 1081 3690 1137 in

2099 1168 2246 1224 hunc
2277 1170 2442 1225 etiam
2491 1169 2636 1225 diem
2701 1169 2948 1225 Romana
2984 1169 3291 1241 respublica
3335 1187 3533 1242 magno
3589 1187 3692 1228 suo

2096 1261 2240 1314 man
2263 1260 2632 1331 persentiscit.
2682 1258 2852 1318 Novis
2881 1262 3027 1316 enim
3087 1263 3336 1318 terminis
3397 1263 3716 1334 imperium'

2093 1354 2414 1422 coarctavit,
2444 1354 2784 1426 multumque
2812 1354 2879 1409 de
2914 1354 3079 1411 veteri
3122 1354 3482 1426 amplitudine
3538 1357 3689 1411 deci-

2091 1445 2190 1501 dit.
2225 1445 2346 1501 Jam
2375 1462 2503 1502 vero
2523 1463 2646 1519 quae
2681 1463 2776 1519 per
2805 1448 2857 1502 id
2891 1455 3106 1517 tempus
3153 1448 3489 1514 acciderunt,
3527 1451 3684 1504 multi

2090 1554 2156 1593 ex
2185 1539 2461 1597 veteribus
2492 1541 2767 1597 historicis
2815 1543 3094 1598 memoria:
3149 1541 3544 1611 prodiderunt;
3579 1544 3683 1597 mi-

2091 1628 2144 1682 bi
2184 1645 2312 1684 vero
2341 1631 2516 1687 otium
2558 1648 2665 1686 non
2731 1640 2816 1688 est
2875 1633 2941 1688 iis
2982 1633 3286 1702 repetendis
3330 1631 3680 1688 immorandi.

2089 1719 2176 1776 cui
2204 1737 2325 1793 quae
2347 1708 2620 1794 emperam
2653 1732 2782 1781 sunt
2809 1725 3200 1794 persequenda.

2152 1980 2244 2036 26.
2285 1980 2414 2037 Post
2444 1981 2708 2041 Saborem
2751 1985 2934 2058 itaque
2993 1987 3222 2043 Artaxer
3270 1987 3441 2059 Ipsius
3507 1989 3676 2046 frater

2080 2073 2287 2143 potitus
2319 2075 2572 2144 imperio,
2598 2093 2724 2133 cum
2753 2093 2928 2134 annos
2959 2089 3196 2150 quatuor
3220 2090 3521 2152 regnasset,
3559 2096 3673 2136 mo-

2079 2167 2242 2222 ritur.
2274 2167 2444 2224 Filins
2466 2178 2649 2226 antem
2681 2172 2866 2244 hujus,
2904 2173 3078 2229 Sabor
3121 2188 3250 2228 vero
3287 2173 3449 2228 etiam
3490 2173 3536 2228 is
3577 2189 3678 2228 vo-

2077 2257 2328 2325 cabatur,
2369 2261 2612 2332 quinque
2640 2263 3113 2335 attnisimperium
3167 2264 3446 2331 obtinuit;
3504 2263 3670 2334 duplo

2075 2362 2205 2402 vero
2233 2350 2495 2420 temporis
2523 2351 2702 2421 spatio
2721 2363 2776 2409 et
2811 2370 2920 2409 uno
2945 2355 3168 2427 insuper
3195 2371 3338 2410 anno
3365 2353 3667 2411 Vararanes

2073 2440 2237 2512 hujus
2271 2441 2433 2510 lilius,
2473 2443 2636 2518 264
2659 2451 2752 2516 qut
2780 2456 2835 2503 et
2861 2447 3153 2504 Cermasaa
3192 2447 3371 2504 dictus
3398 2448 3517 2503 fuit.
3555 2447 3672 2502 liu-

2066 2533 2308 2602 jusmodi
2339 2551 2469 2590 vero
2500 2539 2926 2609 appellationum
2980 2556 3206 2598 causam
3264 2557 3426 2613 supra
3480 2543 3665 2599 retuli.

2069 2628 2263 2684 Corma
2289 2630 2434 2686 enim
2472 2635 2646 2704 gentis
2674 2633 2858 2691 ἴοι-κου
2891 2637 3123 2708 alicujus
3180 2645 3276 2692 aut
3329 2637 3564 2708 regionis
3585 2647 3667 2693 est

2069 2735 2290 2788 nomen,
2323 2740 2430 2795 qua
2457 2741 2488 2780 a
2516 2737 2671 2796 patre
2696 2726 2976 2785 Vararane
2995 2731 3246 2796 subacta,
3299 2731 3445 2786 titius
3471 2732 3664 2785 verisi-

2073 2813 2277 2869 militcr
2298 2819 2861 2887 camappellationem
2894 2832 2976 2877 est
2999 2834 3328 2880 consecutus
3355 2842 3366 2890 ;
3401 2825 3663 2893 quemad-

2067 2905 2289 2962 modum
2325 2910 2486 2964 etiam
2511 2911 2639 2965 olim
2673 2913 2816 2983 apud
2845 2913 3124 2969 Romanos
3155 2917 3241 2970 hic
3267 2918 3486 2986 quidem
3521 2917 3663 2970 Mri—

2066 3012 2256 3066 canus,
2290 3000 2378 3055 ille
2404 3002 2786 3074 Germanicus,
2804 3005 2944 3062 alius
2974 3023 3100 3061 vero
3121 3024 3187 3062 ex
3206 3009 3309 3063 alia
3340 3010 3660 3080 gentedevi-

2065 3099 2149 3145 eta
2167 3101 2252 3148 est
2279 3093 2479 3149 dictus.
2512 3095 2640 3150 Post
2661 3098 2762 3153 bos
2782 3099 3084 3170 lsdigerdes
3116 3099 3342 3158 Saboris
3384 3101 3445 3156 F.
3477 3101 3660 3160 Persi-

377 3174 674 3248 ιπεκληθη.
716 3180 838 3234 Ἐπὶ
876 3181 1085 3249 τούτοις
1127 3185 1454 3258 Ίσδιγέρδης
1497 3193 1524 3245 ὁ
1558 3171 1814 3264 Σαόὡρου
1858 3197 1958 3267 τὴν

2072 3199 2195 3240 cum
2230 3188 2520 3258 imperium
2539 3192 2767 3262 accepit,
2788 3194 2947 3263 cujus
2977 3193 3236 3266 frequens
3256 3207 3312 3252 et
3328 3198 3559 3254 celebris
3573 3208 3660 3257 est

381 3267 660 3340 Περσικὴν
705 3270 1002 3342 ἠγεμονίαν
1041 3276 1484 3348 παραλαμϐάνει,
1532 3282 1560 3334 ὁ
1605 3282 1773 3347 πολὺς
1806 3287 1957 3356 παρὰ

385 3356 682 3429 Ῥωμαίοις
707 3363 804 3416 καὶ
826 3381 891 3416 πε
901 3364 1207 3436 ριλάλητος.
1241 3368 1378 3422 Φασὶ
1400 3371 1510 3442 γὰρ
1552 3373 1837 3444 Ἀρκάδιον
1864 3378 1956 3432 τὸν

378 3449 603 3519 βασιλέα
630 3454 765 3523 πρὸς
792 3453 870 3524 τῷ
900 3452 1116 3527 θανάτῳ
1151 3462 1543 3531 γεγενημένον,
1589 3465 1685 3518 καὶ
1725 3467 1794 3520 τὰ
1835 3470 1955 3537 μετ’

372 3542 536 3597 αὐτὸν
567 3545 635 3608 ⁸⁷,
667 3543 829 3618 ῶσπη
861 3550 975 3612 τοῖς
1013 3548 1326 3622 ἀνθρώποις
1366 3555 1702 3626 νενόμισται,
1728 3560 1955 3615 citatar-

372 3649 554 3701 τοντα,
599 3636 774 3708 τούτῳ
817 3637 882 3709 δὴ
929 3639 1132 3709 φύλακι
1184 3645 1514 3714 χρήσασθαι,
1563 3650 1658 3702 καὶ
1692 3650 1954 3722 κηδεμόνι

372 3722 466 3777 ἐπί
500 3739 559 3778 τε
587 3723 667 3794 τῷ
702 3727 854 3780 παιδὶ
899 3728 1166 3801 Θεοδοσίῳ
1227 3733 1322 3786 καὶ
1361 3735 1510 3807 πάσῃ
1563 3740 1628 3808 τῇ
1666 3738 1952 3814 Ῥωμαϊκῇ

371 3816 728 3872 καταστάσει.
763 3817 984 3888 ’ᾼδεται
1029 3821 1138 3894 γὰρ
1169 3817 1325 3887 οὗτος
1356 3826 1385 3880 6
1423 3827 1581 3896 λόγος
1605 3831 1954 3888 ἑπιπλεῖστον

370 3904 433 3957 ιν
471 3907 608 3976 ἡμῖν
644 3906 712 3960 ὲκ
750 3908 982 3962 παλαιοῦ
1021 3914 1088 3981 τῇ
1125 3915 1318 3987 μνήμῃ
1349 3916 1676 3987 παραδοθεὶς
1712 3924 1825 3986 τοῖς
1855 3925 1954 3994 ἑφ-

369 3995 518 4064 εξῆς.
547 3997 640 4050 καὶ
677 3999 840 4070 μέχρι
869 4000 964 4054 νῦν
995 4005 1147 4074 παρά
1176 4021 1236 4058 τε
1273 4009 1382 4070 τοῖς
1411 4006 1653 4081 λογίμοις
1680 4013 1726 4047 ⁸⁸
1756 4015 1848 4068 καὶ
1877 4015 1956 4086 τῷ

368 4088 526 4159 δήμῳ
555 4093 973 4161 περιαγόμενος·
1010 4099 1198 4168 γραφῇ
1227 4097 1285 4150 δέ
1311 4115 1417 4151 τινι
1459 4101 1552 4154 καὶ
1576 4101 1764 4170 -λόγοις
1809 4106 1954 4159 ἱστο-

369 4182 543 4252 ρικοῖς
574 4181 675 4235 οὐκ
715 4178 835 4237 οῐδα
880 4185 1057 4257 εὑρὼν
1089 4188 1248 4242 τοῦτο
1286 4192 1608 4262 φερόμενον,
1659 4195 1781 4250 οὐδὲ
1825 4200 1953 4268 παρ’

365 4267 449 4336 οἷς
481 4275 643 4344 τυχὸν
677 4275 746 4329 τὰ
779 4277 877 4348 τῆς
913 4278 1196 4349 Ἀρκαδίου
1241 4282 1502 4353 τελευτῆς
1533 4267 1957 4359 ἀπεμνημόνευ-

363 4383 458 4422 ται
489 4367 556 4432 ⁸³,
600 4369 683 4422 ὅτι
742 4370 816 4440 μὴ
867 4371 1026 4441 μόνον
1070 4375 1130 4426 ἐν
1171 4377 1285 4439 τοῖς
1320 4376 1612 4450 Προκοπίῳ
1649 4380 1728 4450 τῷ
1765 4383 1954 4455 ῥήτορι

2060 3278 2202 3345 apud
2215 3277 2496 3338 Romanos
2511 3285 2796 3342 memoria.
2817 3286 2985 3342 Aiunt
3005 3289 3149 3344 enim
3165 3290 3453 3346 Arcadium
3473 3307 3656 3362 regem

2051 3370 2164 3441 jam
2185 3375 2591 3440 moribundum,
2609 3386 2665 3432 et
2683 3378 2929 3434 humano
2955 3394 3109 3436 more
3134 3380 3200 3436 de
3217 3383 3378 3438 rebus
3395 3398 3516 3454 post
3533 3386 3654 3440 obi-

2059 3470 2172 3519 tum
2197 3467 2315 3522 suis
2340 3468 2753 3538 disponentem,
2773 3477 2922 3527 hunc
2951 3474 3233 3530 custodem
3263 3486 3317 3531 et
3344 3488 3651 3534 curatorem

2055 3555 2151 3608 ﬁlii
2183 3557 2267 3612 sui
2323 3557 2618 3617 Theodosii
2691 3561 2998 3620 instituisse
3075 3566 3351 3636 totiusque
3422 3569 3648 3624 Ronnani

2054 3646 2269 3719 imperii
2297 3660 2493 3707 status.
2525 3652 2626 3710 Hic
2650 3654 2798 3710 enim
2852 3671 3036 3712 sermo
3095 3658 3164 3713 ab
3219 3660 3441 3730 antiquo
3485 3663 3650 3718 veluti

2055 3754 2153 3809 per
2195 3759 2391 3801 manus
2447 3734 2756 3817 posteritati
2805 3750 3062 3816 traditus,
3125 3751 3422 3821 plurimum
3481 3755 3646 3810 etiam

2056 3832 2222 3889 hodie
2275 3836 2416 3904 apud
2468 3852 2570 3893 nos
2601 3838 2852 3906 invaluit,
2887 3852 2940 3896 et
2970 3842 3110 3913 apud
3136 3841 3331 3901 doctos
3366 3845 3568 3914 pariter
3593 3855 3650 3902 et

2053 3924 2254 3995 vulgus
2287 3928 2568 3985 hominum
2602 3933 3032 4001 circumfertur;
3066 3936 3271 4007 scripto
3302 3953 3430 3992 vero
3461 3940 3647 4009 aliquo

2056 4029 2153 4072 aut
2179 4017 2572 4076 historicorum
2604 4022 2758 4080 libris
2807 4026 2858 4082 id
2912 4027 3185 4096 proditum
3251 4045 3361 4085 non
3405 4031 3641 4101 reperio,

2053 4123 2124 4163 ne
2149 4112 2202 4163 in
2226 4111 2297 4164 iis
2324 4112 2566 4180 quidem,
2602 4116 2694 4184 qui
2722 4117 2790 4172 de
2827 4117 3046 4172 Arcadii
3087 4131 3260 4175 morte
3281 4121 3640 4189 scripserunt,

2053 4212 2162 4254 uno
2195 4208 2406 4254 tantum
2429 4202 2699 4274 Procopio
2731 4206 2952 4263 rhetore
2984 4220 3232 4279 excepto.
3284 4209 3470 4282 Neque
3507 4227 3640 4268 sane

2055 4304 2180 4345 meo
2202 4289 2410 4360 judicio
2437 4294 2635 4350 mirum
2655 4306 2758 4364 est,
2794 4299 2860 4352 ad
2891 4300 3154 4356 multiseii
3182 4302 3346 4371 hujus
3370 4303 3493 4366 viri,
3522 4304 3638 4374 qui~

2054 4394 2164 4451 quo
2186 4382 2543 4452 .universam,
2576 4394 2636 4442 ut
2659 4403 2772 4443 uno
2805 4389 2974 4444 verbo
2999 4392 3199 4457 dicam,
3229 4395 3510 4450 historiam
3538 4398 3636 4452 de-

366 4461 901 4532 συγγεγραμμένοις.
966 4465 1076 4518 Καὶ
1135 4468 1309 4533 οὐδὲν,
1361 4466 1537 4539 οἶμαι,
1612 4472 1947 4544 θαυμαστὸν,

2072 4474 2282 4543 :erpsit,
2315 4476 2564 4532 notitiam
2602 4479 2743 4534 hanc
2779 4480 2942 4536 etiam
2998 4486 3366 4540 narrationem
3406 4487 3475 4541 ab
3527 4488 3637 4543 alio

364 4551 574 4605 ἐκεῖνον
600 4553 701 4622 μὲν
731 4553 807 4619 ὡς
843 4555 1071 4610 πλεῖστα
1111 4559 1490 4630 μεμαθηκότα,
1516 4566 1610 4618 καὶ
1645 4568 1846 4631 πᾶσαν,
1872 4568 1949 4633 ὡς

364 4643 561 4706 εἰπεῖν,
594 4644 836 4716 ίστορίαν
860 4649 1281 4722 ἀναλεξάμενον,
1305 4654 1399 4708 καὶ
1422 4656 1578 4727 τήνδε
1606 4660 1947 4728 παραλαϐεῖν

361 4735 463 4806 τὴν
503 4737 779 4806 ἀφήγησιν
814 4740 987 4812 ἑτέρῳ
1031 4744 1297 4816 πρότερον
1335 4748 1810 4821 ὲκπεπονημένην,
1844 4753 1946 4822 ἐμὲ

359 4825 419 4878 δὲ
451 4827 619 4898 αὐτὴν
652 4830 918 4901 μηδαμῶς
943 4833 1022 4886 ἔτι
1054 4835 1195 4890 ἑλεῖν
1219 4838 1266 4868 τ’
1295 4837 1552 4908 ἐλάχιστα
1585 4840 1782 4907 είδότα,
1829 4845 1943 4912 εἴγε

361 4919 472 4988 ἄρα
507 4919 574 4987 δὴ
609 4921 701 4974 καὶ
731 4923 1009 4994 ἐλάχιστα.
1052 4927 1391 4986 Ἀλλ’,ὲκεῖνο
1425 4933 1521 4986 καὶ
1550 4933 1694 5002 μάλα
1729 4935 1944 5006 θαύμα-

360 5026 454 5072 τος
499 5011 649 5076 ἀξιον
689 5008 828 5068 εἶναι
866 5017 1128 5089 ἡγοῦμαι,
1167 5020 1251 5074 ὅτι
1283 5022 1498 5087 διεξιὼν
1539 5024 1608 5078 τὰ
1649 5027 1779 5098 περὶ
1817 5027 1942 5080 τού-ο

360 5115 469 5152 των
499 5102 588 5166 ⁷⁸⁸,
624 5103 722 5174 οὐχ
762 5105 949 5171 ἁπλῶς
998 5108 1146 5164 οὕτω
1187 5112 1256 5164 τὰ
1307 5114 1624 5185 ἐγνωσμένα
1655 5116 1930 5186 διέξεισιν,

2049 4563 2178 4618 olim
2203 4567 2574 4636 conscriptam
2601 4570 2951 4639 pervenisse;
2993 4572 3060 4627 ad
3090 4574 3252 4646 265
3295 4592 3470 4632 meam
3507 4595 3636 4634 vero

2049 4669 2416 4725 nequaquam,
2438 4659 2534 4727 qui
2557 4662 2774 4717 nonnisi
2791 4664 3073 4733 exiguam,
3102 4669 3310 4720 utinam
3334 4670 3496 4724 modo
3515 4672 3633 4725 exi-

2046 4759 2206 4816 guam
2231 4744 2428 4800 barum
2456 4764 2637 4804 rerum
2662 4752 2945 4807 scientiam
2967 4754 3192 4810 babeam
3217 4757 3230 4808 !
3259 4755 3363 4812 Sed
3398 4758 3551 4825 illud,
3579 4769 3629 4816 et

2044 4839 2264 4908 quidem
2303 4841 2672 4908 vehementer,
2724 4845 3089 4902 admiratione
3124 4848 3354 4920 dignum
3409 4868 3628 4918 censeo.

2045 4934 2193 5003 quod
2208 4951 2334 4990 cum
2359 4937 2728 4993 narrationem
2750 4939 2819 4994 de
2833 4939 3069 4996 Arcadio
3087 4941 3343 5008 instituit,
3368 4960 3475 4999 non
3499 4947 3628 5002 sim.

2049 5026 2258 5095 pliciter
2278 5028 2350 5082 ita
2371 5045 2491 5098 quae
2509 5030 2578 5084 ab
2600 5045 2665 5086 eo
2694 5040 2898 5086 statuta
2922 5032 3143 5088 fuerunt
3165 5047 3373 5101 narrat,
3394 5039 3487 5092 scd
3512 5039 3638 5093 lana

2047 5119 2143 5174 dat
2159 5121 2337 5191 ipsum
2369 5121 2796 5194 magniﬁcisque‘
2809 5124 2992 5182 verbis
3007 5124 3184 5194 en‘ert,
3205 5138 3463 5200 tanquam
3482 5133 3626 5202 opti-

1655 5293 1890 5350 VARLE
1951 5295 2357 5357 LECTIONES.

428 5414 569 5521 3'5};
587 5417 675 5520 Bg.
705 5420 882 5521 Ιῗωτῷ
908 5425 1033 5521 add.
1065 5441 1131 5480 cx
1245 5499 1258 5521 Ι
1295 5430 1339 5461 ⁸³
1373 5432 1541 5521 priori;
1595 5434 1864 5521 Βκὶμόλις
1886 5440 2053 5521 vnlg:_
2110 5442 2154 5474 ”
2187 5449 2404 5521 αγεχεῖς
2432 5455 2495 5521 et
2588 5447 2637 5521 ξ’
2670 5451 2736 5521 τῇ
2759 5449 2868 5503 τῶν
2905 5450 2982 5505 Ῥ.
3009 5448 3132 5506 Par.

361 5489 525 5592 itttp‘r.
571 5489 675 5592 νζί
704 5489 1132 5592 lteruinvomnes
1162 5497 1336 5583 δαίων
1365 5489 1724 5592 ὲιρξῧεξηιίδὲ
1751 5489 1870 5576 ιιοεῖ
1913 5489 2109 5582 ΣαΓθὼρ
2137 5489 2248 5568 om:
2283 5514 2348 5568 li.
2423 5517 2471 5592 f’
2508 5489 2800 5585 τούτων”Ιι,
2831 5526 3022 5574 τούτου
3053 5521 3196 5592 vulg.

361 5571 415 5592 Ill
485 5573 508 5592 1⁸
651 5576 770 5592 IIII-In
793 5579 848 5592 nu
961 5583 1246 5592 --......-....
1290 5589 1299 5592 -
1343 5587 1364 5592 Α
1496 5577 1504 5585 -
1582 5577 1592 5592 ι
1709 5579 1739 5592 ι·
1998 5581 2010 5592 ι
2052 5581 2083 5592 Α
2354 5585 2373 5592 -

359 5558 525 5682 ΞέιἫιι.
571 5558 770 5617 Verum
791 5574 876 5617 est
908 5566 1248 5651 Κερμανσαά
1287 5589 1300 5625 :
1337 5571 1408 5626 cf.
1439 5558 3616 5673 Mirkbondiitiii‘aptidgaeviiin:.Mém.inira

359 5629 1109 5730 mm
1152 5639 1409 5730 ἐρξίης
1481 5647 1525 5729 ες
1552 5647 1645 5730 τού
1671 5649 1983 5730 Ἄραρα-νου
2011 5651 2180 5724 Lugd.
2213 5664 2265 5707 et
2289 5656 2374 5730 ed.
2405 5672 2508 5722 ιη’..
2533 5659 2747 5730 popano.
2782 5661 2906 5714 Par.
2983 5661 3028 5691 ⁸⁷
3061 5662 3315 5715 ἐπάὑτὸν
3348 5665 3410 5727 lt,
3448 5672 3616 5729 tntrp.

361 5485 525 5555 intpr.

492 5629 684 5684 ebebat
710 5646 832 5687 esse
863 5629 1109 5704 Κερμᾶν.
1152 5639 1306 5703 ἔθνος
1339 5639 1400 5693 ll.

357 5712 520 5788 eitum
539 5729 620 5779 _—
644 5716 740 5788 διιπ
768 5705 1082 5788 disponeret.
1158 5709 1233 5788 3°
1262 5711 1540 5788 λογίσμοῖς
1562 5719 1685 5788 (sic)
1713 5705 1780 5775 li.

358 5768 429 5797 "‘
459 5769 663 5824 τούτων
695 5771 742 5826 li
771 5781 824 5829 et
852 5768 1050 5837 ιυαά..
1090 5778 1279 5834 τοῦτον
1312 5768 1435 5838 91m.-

1894 5723 1938 5756 "
1961 5723 2474 5795 ἀπομνημονεύεται
2530 5727 2594 5782 Β.

3230 5452 3268 5483 ⁸³
3302 5451 3618 5506 Artaxerxes

3275 5522 3320 5553 “
3344 5520 3618 5575 Cermasat

3402 5609 3454 5661 p.
3491 5591 3614 5646 5‘20.

2708 5733 2755 5763 ⁷⁰
2784 5731 2888 5788 Pro
2934 5730 3073 5785 ἑλεῖν
3105 5733 3246 5792 cont.
3282 5734 3362 5787 CI.
3413 5733 3614 5802 εὑρεῖν.
