4054 6208
379 325 512 393 1531

1569 330 1925 393 AGATHIE
1967 330 2345 393 SCIIOLAST
2352 331 2457 392 1C1

3504 328 3525 392 l
3538 330 3647 398 332

375 455 524 497 tum.
546 436 684 495 Cum
713 445 894 493 autem
925 437 1238 507 frequenter
1273 435 1486 493 soleant
1530 439 1843 496 hominibus
1873 454 1954 496 res

2061 439 2204 505 δοὺς,
2222 438 2462 494 ἔστειλεν
2477 432 2655 504 αὖθις,
2682 435 2743 491 τό
2759 454 2816 491 τε
2839 436 3195 493 ἀεθτιστατοῦν
3218 437 3553 495 καθελοῦντα
3571 440 3641 501 ³⁸.

376 531 669 588 contrariis
698 530 879 602 plane,
911 545 1075 599 quam
1107 530 1292 586 animo
1325 531 1705 599 destinarant,
1749 533 1957 589 eventi-

376 624 482 681 bus
509 623 794 689 confundi,
817 622 926 680 tale
954 623 1085 694 quid
1119 623 1283 678 etiam
1307 633 1421 679 tum
1452 626 1729 693 usuvenit,
1761 627 1960 681 variis-

374 732 484 788 que
537 721 593 771 in
654 726 947 787 utramque
993 724 1203 787 partem
1256 712 1566 783 momentis,
1617 718 1960 790 diversisque

376 810 433 865 in
466 810 807 865 contrarium
859 808 1254 865 mutationibus
1287 808 1522 865 Cavadzc
1568 809 1679 865 vita
1739 809 1844 867 fuit
1888 809 1959 865 li-

377 903 560 968 brata,
593 902 757 969 idque
790 900 939 956 brevi
974 900 1111 957 satis
1164 902 1430 969 temporis
1473 901 1674 972 spatio.
1711 900 1847 956 Nam
1887 917 1953 956 ex

376 1007 505 1065 rege
531 1002 688 1047 antea
722 1007 848 1046 reus
877 989 1057 1047 factus
1081 999 1137 1045 et
1159 992 1444 1062 captivus;
1477 992 1571 1047 ubi
1614 1006 1744 1047 vero
1773 1007 1802 1047 e
1836 1007 1960 1047 car-

376 1100 502 1139 cere
523 1084 719 1149 evasit,
751 1082 1014 1151 tugitivus
1037 1088 1092 1137 et
1119 1083 1377 1152 supplex;
1404 1098 1471 1137 cx
1502 1083 1745 1154 supplice
1775 1092 1956 1139 autem

377 1184 433 1230 et
467 1174 756 1246 peregrino
785 1190 952 1244 gener
981 1175 1123 1245 regis
1155 1175 1317 1244 eique
1346 1176 1571 1228 intimus
1595 1192 1609 1241 ;
1638 1189 1873 1247 moxque
1889 1175 1957 1231 ad

378 1279 478 1319 sua
510 1277 783 1328 reversus,
815 1262 1105 1332 imperium
1137 1263 1274 1320 citra
1299 1265 1515 1320 labores
1566 1275 1663 1322 aut
1714 1266 1957 1337 pericula

377 1354 603 1425 recepit,
647 1354 872 1425 perinde
901 1370 967 1410 ac
1000 1354 1045 1408 si
1077 1370 1358 1425 nunquam
1388 1370 1454 1411 eo
1497 1368 1696 1413 exutus
1741 1356 1955 1424 luisset,

377 1463 583 1503 vacans
622 1448 803 1504 adhuc
827 1459 882 1503 et
932 1448 1170 1518 quodam
1203 1450 1367 1504 modo
1401 1463 1460 1506 se
1512 1452 1821 1521 opperiens.
1854 1449 1958 1505 Za-

380 1543 638 1611 masphes
670 1542 818 1597 enim
849 1557 946 1597 sua
979 1550 1174 1612 Sponte
1221 1544 1372 1616 regio
1412 1544 1551 1599 solio
1570 1544 1827 1611 excessit,
1866 1559 1958 1601 re-

379 1648 660 1702 gnumque
688 1633 996 1701 relinquere
1021 1636 1203 1705 potius
1248 1636 1482 1713 censuit,
1525 1646 1764 1706 quatuor
1795 1637 1955 1693 annis

377 1738 447 1780 eo
469 1726 709 1794 gavisus,
749 1735 806 1781 et
837 1728 1156 1782 renuntiare
1209 1719 1377 1783 fastui
1416 1727 1811 1799 ambitionique
1842 1744 1958 1784 ma-

2063 533 2158 585 καὶ
2186 532 2287 603 τὴν
2309 532 2587 604 προτέραν
2610 530 2959 601 εὐδαιμονίαν
2980 530 3447 603 ἀνακτησόμενον.
3492 533 3639 588 Ἐπεὶ

2062 623 2118 676 δὲ
2155 622 2433 693 πεφύκασι
2454 623 2589 696 πρὸς
2604 622 2866 677 τάναντία
2892 621 3158 687 πολλάκις
3192 624 3575 696 συμφύρεσθαι
3592 627 3641 662 ⁹⁶

2061 718 2175 779 τοῖς
2202 714 2510 789 ἀνθρώποις
2542 714 2626 789 [Ρ.
2665 713 2797 787 I39]
2833 715 2888 770 ai
2927 714 3037 769 τῶν
3086 714 3430 784 δοκηθέντων
3470 717 3637 773 ἐκϐά-

2065 823 2201 875 σεις,
2258 807 2459 866 τοιόνδε
2512 826 2569 863 τι
2607 809 2653 843 ἰ
2680 807 2775 863 καὶ
2823 807 2949 861 τότε
2998 806 3219 880 ξυνέϐη.
3256 809 3354 863 καὶ
3376 809 3514 881 «pb;
3540 810 3640 881 τὴν

2062 899 2405 972 ἐφ’ἐκάτερα
2438 903 2613 972 ῥοπήν
2630 917 2690 954 τε
2718 900 2813 954 καὶ
2831 898 3050 971 κίνησιν
3080 901 3173 953 ἐπὶ
3197 900 3382 972 πολλῷ
3407 900 3485 973 τῷ
3497 901 3642 956 διαλο

2062 991 2311 1050 λάττοντι
2338 995 2367 1048 ό
2394 992 2490 1048 τοῦ
2533 989 2790 1047 Καϐάδου
2853 992 2970 1063 βίος
3028 992 3397 1066 ἐταλαντεύθη
3430 996 3497 1062 θ’,
3545 995 3644 1051 καὶ

2061 1082 2237 1139 ταῦτα
2266 1086 2328 1140 ἐν
2352 1086 2528 1156 χρόνῳ
2558 1086 2787 1157 μετρίῳ.
2828 1086 2926 1155 ῗΕκ
2959 1085 3060 1157 μὲν
3080 1086 3191 1158 γάρ
3222 1083 3490 1158 βάσιλέως
3506 1088 3645 1157 πρό-

2061 1191 2218 1246 τερον
2246 1174 2504 1241 ὑπόδικος
2530 1176 2726 1245 γέγονε
2763 1176 2860 1231 καὶ
2899 1176 3185 1250 δεσμώτης
3208 1179 3279 1211 ⁸⁸·
3304 1178 3644 1249 ἀπαλλαγεὶς

2060 1266 2119 1320 δέ
2161 1266 2262 1337 τῆς
2282 1268 2529 1341 εἱρκτῆς,
2563 1267 2745 1338 φυγὰς
2766 1268 2863 1323 καὶ
2892 1267 3146 1340 μέτοικος
3185 1271 3280 1325 καὶ
3315 1272 3505 1344 ἱκέτης
3528 1290 3541 1303 ·
3573 1273 3642 1325 ἐκ

2059 1356 2119 1412 δὲ
2152 1358 2336 1413 ἱκέτου
2364 1360 2460 1414 καὶ
2485 1358 2661 1427 ξένου,
2703 1359 2971 1432 κηδεστὴς
3008 1360 3276 1432 βασιλέως
3306 1363 3402 1418 καὶ
3437 1365 3641 1419 οίκειό-

2059 1465 2254 1515 τατοςο
2287 1449 2451 1514 εὐθὺς
2479 1449 2539 1505 δὲ
2566 1448 2844 1505 κατελθὼν
2865 1452 2947 1516 είς
2970 1452 3042 1507 τά
3083 1453 3288 1527 πάτρια
3336 1453 3464 1527 ἤθη.
3491 1455 3641 1510 ἀνεί-

2061 1544 2201 1616 ληφε
2247 1543 2415 1599 πάλιν
2467 1543 2568 1615 τὴν
2599 1543 2776 1616 ἀρχὴν
2818 1543 3001 1599 πόνων
3029 1545 3186 1610 ἐκτὸς
3225 1547 3322 1600 καὶ
3351 1544 3637 1612 κινδύνων,

2059 1634 2251 1707 ὥσπερ
2296 1633 2549 1706 οὐδαμῶς
2597 1633 2770 1705 αὐτὴν
2812 1634 3187 1708 ἀφῃρημένος,
3209 1635 3328 1690 ἀλλ’
3355 1635 3533 1709 εὑρὼν
3554 1633 3642 1691 ἔτι

2063 1725 2452 1798 σχολάζουσαν,
2491 1725 2591 1780 καὶΙ
2630 1719 2744 1780 οἷον
2779 1724 3168 1798 ἐκδεχομένην.
3203 1726 3262 1781 '0
3302 1726 3413 1800 γάρ
3447 1729 3639 1800 Ζαμά-

379 1810 501 1878 luit,
560 1812 830 1881 privatam
894 1814 1057 1868 vitam
1100 1830 1225 1869 cum
1278 1816 1569 1872 securitate
1604 1818 1954 1887 conjunctam

2060 1835 2205 1889 σφης
2261 1813 2404 1871 ἑκὼν
2433 1815 2647 1887 ἀπέστη
2680 1813 2776 1869 τοῦ
2801 1813 2969 1869 θάκου
2995 1815 3064 1882 ⁸⁵,
3094 1814 3190 1870 καὶ
3219 1814 3465 1887 μεθεῖναι
3500 1817 3640 1889 μᾶλ..

375 1897 693 1970 praeferens,
719 1912 884 1973 atque
913 1903 987 1958 ita
1036 1904 1417 1959 necessitatem
1469 1904 1795 1960 rectitudine
1823 1918 1955 1960 con-

377 1991 486 2047 silii
544 1994 858 2048 antevertit.
903 1993 1068 2064 27o
1107 1994 1351 2051 Cavades
1402 2009 1534 2050 vero
1575 1994 1745 2049 multo
1786 2010 1949 2064 quam

374 2095 532 2140 antea
561 2086 832 2155 potentior
879 2083 1088 2154 lactus,
1143 2086 1283 2143 alios
1333 2087 1556 2157 triginta
1604 2101 1781 2141 annos
1811 2086 1949 2141 ultra

376 2177 627 2232 undecim
661 2178 873 2247 priores
919 2179 1331 2233 inonarcliieum
1374 2179 1661 2250 imperium
1686 2178 1947 2243 obtinuit,

374 2278 438 2323 ut
464 2284 634 2325 unum
664 2279 717 2324 et
746 2270 1108 2342 quadraginta
1137 2285 1313 2326 annos
1342 2286 1468 2327 cum
1496 2270 1641 2342 regia
1682 2278 1951 2341 potestate

374 2361 590 2418 vixerit.

2059 1910 2152 1963 λον
2177 1907 2321 1977 έγνω
2356 1908 2456 1978 τὴν
2491 1906 2790 1979 βασιλείαν,
2819 1907 3091 1979 τέτταρας
3131 1908 3421 1974 ἐνιαυτοὺς·
3448 1909 3639 1982 ἡσθεὶς

2057 2001 2117 2053 ἐν
2156 1999 2317 2071 αὐτῇ,
2347 2000 2446 2053 καὶ
2474 1996 2852 2069 ἀπαγορεῦσαι
2892 1999 2992 2068 μὲν
3029 1997 3110 2069 τῷ
3145 1999 3508 2073 γαυρουμένῳ
3531 2000 3639 2070 τῆς

2054 2092 2234 2164 ψυχῆς
2290 2092 2386 2145 καὶ
2441 2088 2830 2161 φιλοδοξοῦντι,
2877 2089 2939 2143 τὸ
2990 2088 3050 2145 δέ
3100 2088 3394 2161 ἄπραγμον
3431 2091 3532 2146 σὺν
3555 2088 3639 2162 τῷ

2053 2181 2292 2251 ἀσφαλεῖ
2309 2180 2627 2236 ἀνθελέσθαι
2644 2196 2662 2214 ·
2682 2180 2779 2237 καὶ
2796 2178 3072 2251 προῦλαϐε
3107 2180 3206 2251 τὴν
3227 2181 3474 2253 ἀνάγκην
3495 2182 3530 2253 ἡ
3546 2178 3639 2234 εὐ-

2055 2273 2269 2330 ϐουλία.
2305 2274 2367 2328 '0
2394 2272 2453 2328 δὲ
2486 2272 2747 2344 Καϐάδης
2768 2270 3046 2343 ἐγκρατὴς
3074 2272 3442 2344 γεγενημένος
3471 2271 3640 2327 πλέον

2056 2364 2090 2435 ἢ
2119 2364 2411 2437 πρότερον,
2441 2366 2498 2429 ἐς
2519 2363 2819 2436 τριάκοντα
2841 2363 3068 2435 ἑτέρους
3099 2363 3382 2427 ἐνιαυτοὺς
3396 2363 3635 2433 διέμεινε

373 2453 476 2525 τῆς
506 2452 844 2524 μοναρχικῆς
893 2452 1214 2517 δυναστείας
1266 2453 1524 2524 ἐχόμενος
1555 2451 1694 2525 πρὸς
1755 2455 1871 2517 τοῖς
1929 2451 2125 2509 ἕνδεκα
2182 2456 2299 2519 τοῖς
2358 2452 2671 2527 προτέροις,
2716 2452 2793 2520 ὡς
2826 2448 3238 2523 τεσσαράκοντα
3277 2453 3415 2525 πρὸς
3455 2448 3636 2525 τῷἐνὶ

372 2550 495 2613 τοὺς
546 2548 871 2622 σύμπαντας
917 2547 1249 2603 καθεστάναι
1287 2548 1521 2612 ὁπόσους
1557 2550 1617 2602 ἐν
1650 2548 1789 2620 αὐτῇ
1817 2546 2046 2604 ἐπεϐίω.

438 2641 530 2697 29.
565 2641 696 2708 Quze
728 2644 908 2711 itaque
935 2657 1004 2695 eo
1032 2649 1191 2696 antea
1235 2649 1289 2695 et
1317 2642 1665 2711 postmodum
1696 2654 1955 2711 regnante

372 2734 710 2799 acciderunt,
757 2742 966 2789 veteres
1018 2733 1094 2787 illi
1124 2731 1267 2788 docti
1305 2733 1600 2802 scriptores
1636 2733 1690 2787 in
1731 2733 1951 2787 modum

372 2826 619 2882 historiae
643 2835 899 2881 accurate
924 2837 1347 2897 pertractarunt.
1388 2825 1545 2892 Quod
1576 2837 1756 2881 autem
1795 2841 1824 2881 a
1860 2840 1953 2882 ve-

372 2915 580 2969 teribus
635 2912 746 2971 illis
785 2916 1121 2986 praeteritum
1161 2926 1264 2983 est,
1317 2916 1575 2986 quodque
1605 2916 1828 2985 dignum
1859 2931 1964 2972 eo-

2121 2642 2225 2698 κθ’.
2256 2643 2332 2699 To
2368 2642 2471 2714 μὲν
2502 2635 2595 2698 οὖν
2621 2642 2850 2715 ἀκριϐὲς
2892 2642 3003 2696 τῶν
3046 2641 3136 2695 ἐπ’
3165 2641 3316 2713 αὐτῷ
3365 2642 3634 2715 πρότερόν

2048 2752 2109 2789 τε
2143 2737 2237 2790 καὶ
2266 2733 2495 2806 ὕστερον
2520 2733 2932 2807 συμπεσόντων,
2973 2733 3077 2805 ἤδη
3099 2736 3219 2799 τοῖς
3247 2734 3418 2789 πάλαι
3446 2739 3634 2805 σοφοῖς

2048 2828 2107 2881 ἐν
2138 2826 2381 2898 ἱστορίας
2408 2827 2455 2859 ’⁸
2487 2826 2918 2895 διεκπεπόνηται
2967 2824 3158 2898 τρόπῳ
3177 2840 3193 2856 ο
3219 2825 3249 2880 δ
3275 2824 3335 2878 δέ
3376 2826 3492 2890 τοῖς
3530 2824 3632 2897 μὲν

2048 2919 2335 2991 προτέροις
2389 2921 2672 2990 παρεῖται,
2712 2917 2864 2984 ἄξιον
2911 2917 2971 2972 δὲ
3015 2914 3173 2990 οἶμαι
3205 2917 3505 2988 γινώσκειν
3534 2917 3633 2973 καὶ

371 3008 520 3078 gnitu
551 3022 619 3064 ac
650 3018 952 3064 memoratu
975 3008 1324 3076 crediderim,
1384 3023 1491 3065 non
1528 3009 1627 3064 abs
1670 3024 1730 3063 re
1781 3007 1945 3064 fuerit

2054 3009 2514 3082 ἐπισημήνασθαι,
2550 3008 2717 3064 καλὸν
2733 3008 2902 3081 ἀνείη
2932 3007 3271 3078 προσθεῖναι.
3313 3007 3628 3079 Θαυμάσειε

372 3099 631 3168 adjicere.
666 3099 849 3155 Mirari
879 3101 1023 3155 enim
1046 3101 1316 3169 quispiam
1342 3101 1535 3171 possit,
1575 3100 1721 3170 quod
1750 3116 1844 3170 per
1890 3101 1945 3154 id

372 3203 588 3262 tempus
635 3191 898 3247 Romanis
955 3200 1012 3248 et
1078 3191 1263 3248 Persis
1307 3192 1555 3248 nonnulli
1601 3192 1808 3248 similes
1847 3190 1947 3247 sibi

372 3292 563 3336 mutuo
594 3298 758 3340 casus
785 3283 1101 3348 acciderint,
1122 3290 1381 3353 tanquam
1420 3290 1617 3352 sponte
1643 3281 1698 3337 in
1718 3291 1951 3352 utraque

371 3391 434 3431 re
463 3376 680 3445 publica
720 3376 995 3432 contraria
1037 3376 1274 3447 quadam
1332 3374 1677 3431 rcvolutione
1719 3374 1952 3431 fortuna:

370 3460 636 3523 adversus
670 3468 1031 3538 imperatores
1078 3469 1389 3538 ingruente.
1429 3464 1604 3524 Paulo
1641 3468 1786 3524 enim
1820 3476 1951 3525 ante

372 3562 536 3630 etiam
575 3563 723 3617 Zeno
759 3561 849 3617 ille
902 3558 1146 3629 lsaurus,
1198 3558 1572 3615 Romanorum
1622 3561 1948 3631 imperator,

371 3656 467 3725 qui
502 3666 663 3709 antea
708 3653 1205 3711 Tarasiscodismus
1236 3653 1757 3725 cognominabatur,
1808 3652 1945 3708 insi-

370 3744 482 3801 diis
506 3745 555 3800 ei
587 3760 681 3816 per
701 3745 853 3803 Illum
885 3744 1280 3799 etliasiliscum
1305 3753 1359 3799 et
1388 3744 1667 3798 Cononem
1699 3745 1947 3809 structis,

370 3834 734 3907 coadjuvante
766 3836 1035 3906 przecipue
1071 3834 1287 3902 Berine,
1325 3835 1556 3906 imperio
1607 3836 1810 3891 excidit
1839 3836 1951 3906 eje-

371 3933 605 3995 ctusque
632 3937 735 3991 est,
772 3935 936 3997 atque
963 3940 1104 3996 aegre
1136 3926 1190 3979 in
1223 3925 1487 3990 Isauriam
1532 3926 1720 3983 salvus
1750 3928 1946 3994 evasit,

375 4018 534 4073 rediit
560 4027 737 4072 tamen
769 4032 962 4074 rursus
991 4018 1043 4071 in
1071 4018 1295 4088 regiam,
1328 4027 1383 4072 et
1405 4016 1690 4079 Basilisco,
1715 4019 1808 4088 qui
1839 4033 1949 4073 non

370 4109 576 4164 diutius
606 4124 767 4178 quam
790 4108 1004 4164 duobus
1035 4109 1195 4164 annis
1243 4107 1580 4179 tyrannidem
1607 4116 1947 4174 exercuerat,

374 4197 681 4263 interfecto,
713 4198 972 4269 regioque
1006 4196 1207 4270 insigni
1234 4199 1283 4252 ei
1314 4197 1591 4266 adempto,
1617 4213 1813 4254 rursus
1844 4199 1950 4253 iiu-

372 4291 583 4361 perium
610 4290 971 4360 recuperavit,
1003 4291 1299 4360 omniaque
1342 4289 1662 4345 moderatus
1690 4299 1795 4356 est,
1839 4305 1946 4346 non

2049 3102 2161 3171 γὰρ
2190 3100 2256 3153 ἄν
2279 3116 2384 3164 τις,
2414 3100 2499 3153 ὅτι
2545 3099 2611 3170 δὴ
2648 3098 2771 3153 κατ’
2807 3100 2986 3153 ἐκεῖνο
3012 3098 3109 3153 τοῦ
3156 3097 3353 3171 καιροῦ
3393 3098 3545 3169 παρά
3568 3115 3631 3151 τε

2061 3189 2356 3261 Ῥωμαίοις
2384 3190 2477 3243 καὶ
2498 3189 2742 3261 Πέρσαις
2777 3189 3141 3260 παραπλήσια
3185 3184 3324 3243 ἄττα
3350 3187 3632 3243 συνελθεῖν

2052 3281 2250 3351 ξυνέϐη
2285 3283 2354 3348 ’⁸,
2384 3280 2576 3353 ῶσπερ
2624 3280 2947 3350 αὐτομάτως
2996 3281 3055 3334 ἐν
3101 3279 3342 3351 ἑκατέρᾳ
3379 3278 3629 3350 πολιτείᾳ

2050 3377 2196 3432 κατά
2215 3374 2327 3429 τῶν
2368 3374 2720 3446 κρατούντων
2754 3372 3003 3436 ἐναντίας
3035 3372 3182 3436 τινὸς
3210 3372 3513 3443 περιφορᾶς
3536 3372 3628 3425 ἐν·

2050 3468 2359 3541 σκηψάσης.
2395 3468 2706 3538 Ἑλαχίστου
2726 3465 2837 3538 γὰρ
2860 3463 3167 3536 ἔμπροσθεν
3185 3462 3376 3534 χρόνου
3399 3463 3496 3516 καὶ
3525 3461 3633 3532 Ζή-

2050 3579 2158 3617 νων
2186 3561 2216 3614 ὁ
2242 3560 2530 3632 Ῥωμαίων
2551 3557 2808 3631 βασιλεὺς
2825 3557 2855 3610 ό
2878 3556 3160 3628 Ἰσαυρος,
3180 3555 3239 3619 ὃς
3258 3552 3325 3624 δὴ
3344 3551 3537 3625 πρώην
3553 3553 3626 3618 ’⁷,

2048 3652 2589 3726 Ταρασισκωδίσαιος
2630 3646 3039 3720 ἐπωνομάζετο,
3088 3646 3194 3701 ὑπὸ
3236 3644 3399 3700 Ἰλλοῦ
3436 3662 3498 3700 τε
3534 3645 3632 3700 καὶ⁵

2049 3745 2377 3799 Βασιλίσκου
2402 3744 2498 3797 καὶ
2524 3743 2775 3807 Κόνωνος
2797 3740 3228 3808 ἐπιϐουλευθεὶς,
3257 3740 3632 3812 συνεργούσης

2050 3841 2108 3901 ἐς
2122 3839 2170 3871 ’⁸
2192 3837 2262 3895 τά
2302 3835 2534 3907 μάλιστα
2564 3836 2658 3891 καὶ
2685 3833 2947 3906 Βηρίνης,
2974 3831 3302 3887 ἐκπέπτωκε
3318 3830 3422 3902 τῆς
3446 3830 3634 3903 ἀρχῆς

2049 3928 2144 3985 καὶ
2174 3927 2452 4001 ἐξήλαται,
2480 3927 2576 3981 καὶ
2606 3926 2763 3996 μόλις
2782 3925 2843 3988 ἐς
2869 3923 2971 3996 τὴν
3019 3922 3297 3995 Ἰσαυρίαν
3326 3922 3589 3993 ἀπεσώθη
3608 3936 3626 3953 ο

2049 4021 2191 4092 πλὴν
2221 4020 2337 4077 ἀλλ’
2363 4020 2640 4091 ἐπανῆκεν
2671 4014 2831 4082 αὖθις
2860 4020 2919 4081 ἐς
2940 4016 3008 4071 τά
3032 4016 3298 4088 βασίλεια,
3337 4015 3435 4070 καὶ
3466 4015 3630 4069 Bact-

2049 4115 2234 4169 λίσκον
2265 4113 2358 4168 τὸν
2406 4111 2822 4185 τυραννήσαντα
2870 4110 2937 4181 οὐ⁸
2981 4107 3147 4162 πλέον
3206 4107 3237 4179 ἢ
3285 4105 3434 4160 ἔτεσι
3467 4105 3562 4161 δύο
3585 4105 3637 4140 ’⁸

2051 4205 2316 4272 καθελὼν,
2344 4205 2440 4259 καὶ
2466 4202 2563 4258 τοῦ
2583 4204 2866 4274 σχήματος
2882 4201 3242 4271 ἀφελόμενος,
3273 4196 3502 4252 διετέλει
3527 4196 3632 4251 ratio

2049 4298 2132 4352 λιν
2162 4297 2418 4369 ἐχόμενος
2455 4296 2556 4367 τῆς
2591 4295 2768 4367 ἀρχῆς
2805 4292 2904 4347 καὶ
2940 4290 3123 4346 πάντα
3162 4288 3489 4357 διατάττων,
3530 4290 3632 4343 οὐκ

370 4382 590 4452 quidem
639 4381 810 4437 multo
845 4392 1106 4452 tempore,
1144 4387 1387 4452 “regnans
1422 4389 1603 4437 tamen
1638 4396 1670 4436 e
1706 4383 1814 4453 vita
1847 4398 1947 4437 ex-

2054 4390 2143 4444 ἑπὶ
2184 4386 2438 4442 πλεῖστον
2493 4385 2594 4456 μὲν
2619 4384 2835 4455 χρόνον,
2876 4382 2934 4436 ἐν
2962 4382 3102 4452 αὐτῇ
3123 4379 3180 4434 δὲ
3215 4381 3366 4450 ὅμως
3394 4378 3630 4433 ἀπεϐἰω.

373 4476 560 4533 cessit.
602 4474 755 4531 Haud
789 4489 950 4532 secus
977 4483 1031 4529 et
1061 4473 1259 4544 Nepos,
1289 4471 1602 4530 Occidentis
1629 4474 1947 4544 imperator,

374 4568 532 4639 27],
566 4569 845 4623 similibus
892 4579 986 4623 aut
1037 4566 1336 4636 majoribus
1387 4567 1795 4622 calamitatibus
1844 4565 1952 4623 fuit

375 4659 687 4716 immersus.
715 4658 849 4714 Nam
884 4660 952 4714 ab
978 4658 1170 4717 Oreste
1213 4659 1622 4731 circumventus
1645 4700 1662 4725 ,
1714 4660 1853 4733 fugit
1879 4675 1948 4715 ex

375 4751 550 4819 Italia,
575 4768 812 4823 purpura
834 4765 1054 4815 exutus,
1084 4768 1248 4823 quam
1272 4767 1551 4822 nunquam
1585 4755 1948 4823 recuperavit,

377 4848 469 4901 sed
502 4847 644 4901 inter
666 4847 910 4917 privatos
958 4844 1160 4917 degens
1196 4846 1423 4900 interiit.
1469 4846 1617 4902 Adeo
1653 4845 1951 4916 inepinatte

379 4940 711 4994 mutationes
739 4947 850 4992 tum
886 4939 1146 5009 temporis
1178 4938 1574 5009 potentissimis
1614 4940 1833 5010 regibus
1854 4954 1950 4995 ac-

377 5032 647 5088 ciderunt.
671 5030 883 5086 Causas
911 5046 1038 5087 vero
1072 5032 1263 5086 harum
1296 5032 1659 5087 mutationum
1682 5038 1948 5101 quaerant,

378 5124 474 5193 qui
506 5123 813 5178 abditarum
850 5137 1031 5177 rerum
1063 5122 1275 5178 occulta
1308 5121 1574 5193 principia
1620 5121 1951 5193 investigare

2054 4481 2191 4535 Κατ’
2212 4478 2377 4535 αὐτὸν
2404 4475 2462 4531 δὲ
2497 4475 2594 4530 καὶ
2621 4474 2823 4538 Νέπως
2855 4473 2886 4527 ό
2923 4473 3024 4544 τῆς
3064 4470 3340 4542 Ἐσπέρας
3380 4469 3632 4540 βασιλεὺς

2053 4568 2437 4645 ὐμοίαιςῆκαὶ
2463 4570 2481 4601 ¹
2516 4567 2765 4639 μείζοσιν
2811 4565 3062 4637 ὡμίλησε
3119 4564 3454 4634 συμφοραῖς.
3498 4560 3636 4615 Ὗπὺ

2053 4648 2461 4734 γὰρ”Ορέστου
2502 4657 2879 4729 φενακισθεὶς,
2926 4656 3205 4725 πέφευγεν
3241 4657 3309 4708 ἐκ
3343 4653 3444 4724 τῆς
3500 4653 3636 4708 Ἰτα⁸

2054 4755 2195 4820 λίας,
2223 4750 2621 4823 ἀποϐεϐληκὼς
2653 4751 2754 4821 μὲν
2781 4748 2882 4821 τὴν
2906 4747 3226 4820 ἁλουργίδα,
3248 4745 3434 4799 οὐκέτι
3457 4742 3514 4798 δὲ
3534 4744 3634 4798 αὐιο

2053 4846 2154 4917 τὴν
2180 4843 2547 4909 ἀντανείλετο,
2584 4840 2702 4896 ἀλλ’
2729 4841 2791 4895 ἐν
2841 4839 3081 4902 ἰδιώταις
3127 4837 3304 4892 τελῶν
3344 4835 3637 4907 διεφθάρη.

2054 4936 2245 5001 Οὐτως
2272 4936 2384 5008 ἄρα
2406 4936 2467 4989 ἐν
2489 4931 2567 5006 τῷ
2596 4933 2719 4987 τότε
2760 4929 3068 5002 μεταϐολὰς
3107 4928 3452 5001 παραλόγους
3492 4924 3641 4979 κατά

2055 5030 2165 5084 τῶν
2218 5027 2523 5099 κρατίστων
2577 5024 2857 5095 δυνάμεων
2913 5021 3193 5076 συνελθεῖν
3245 5016 3543 5089 ξυνηνέχθη
3579 5019 3629 5068 ⁸.

2056 5120 2374 5194 Ζητούντων
2421 5121 2520 5192 μὲν
2561 5113 2658 5175 οὖν
2700 5117 2802 5189 τὴν
2856 5114 3067 5169 τούτων
3109 5113 3292 5169 αἰτίαν
3319 5112 3370 5165 οἱ
3398 5110 3499 5172 τὰς
3527 5105 3651 5161 τῶν-

1635 5296 1875 5354 VARIE
1919 5295 2331 5354 LECTIONES.

454 5483 498 5516 "
527 5480 632 5537 Pro
655 5478 985 5536 καθελοῦντα
1007 5475 1073 5542 ll,
1100 5477 1499 5537 καθελεαυτοῖς.
1576 5475 1996 5546 ὀσυμφέρεσθαι
2012 5474 2135 5529 Par.
2208 5474 2252 5506 ⁹¹
2270 5472 2412 5528 τοιδν
2425 5470 2564 5546 δῄᾼτι
2589 5468 2653 5524 Β.
2696 5539 2707 5546 _
2730 5470 2776 5502 ”
2798 5466 3160 5546 tgnévtsucri
3171 5463 3260 5546 RL
3314 5463 3649 5546 ἠδεσμότης

384 5552 509 5609 edd.
534 5534 545 5535 ί
578 5534 634 5584 δῖ
660 5534 833 5605 θάκου
872 5552 940 5603 Il.
973 5550 1009 5602 l.
1044 5534 1151 5601 non
1210 5547 1385 5600 variat
1435 5534 1500 5606 Il,
1537 5548 1629 5614 qui
1665 5534 1829 5614 supra
1860 5545 2035 5599 θῶκον
2064 5546 2387 5614 prmbuerat.
2460 5534 2508 5614 δ’
2536 5539 2798 5614 ἱστορίαις
2830 5536 2971 5614 [Lf
2999 5534 3124 5614 συνέ

3129 5535 3287 5604 δηῐὶ-
3363 5534 3410 5604 τ’
3444 5534 3639 5602 nam

390 5602 1006 5693 ίίλτίἀρσσισκωδίσεος
1037 5619 1220 5693 vulg,
1257 5602 1501 5693 ἰ’άρασις
1531 5602 1794 5693 ῐξωδιαίἷις
1813 5615 1891 5693 R_._
1917 5602 2418 5693 Tharhisﬂodjrus
2458 5602 3318 5693 l-liljll".,-T?16X?}}tdﬁli0§jlpug
3350 5602 3648 5693 ’μεθορίιοῖ

390 5708 534 5749 neut.
571 5686 734 5763 ’δεξιὼ
763 5690 1043 5763 probabile
1074 5699 1158 5744 est
1197 5686 1482 5757 Agnthiam
1524 5686 1811 5755 scripsisse
1847 5686 2393 5756 Ταρασισκαλισαῖο;.

393 5766 499 5818 lita.
528 5779 592 5816 ex
621 5753 693 5814 Ἰῖ.

2471 5684 2517 5716 ’⁸
2542 5671 2644 5744 ἐἰς’
2657 5671 2803 5749 vulg.
2879 5678 2924 5711 ”
2942 5675 3035 5730 δύο
3059 5675 3124 5742 ll,
3147 5671 3256 5729 δύω
3289 5671 3430 5745 vuig.
3507 5671 3526 5703 ¹
3547 5674 3644 5728 καὶ
