4222 6442
248 384 311 444 53
1177 379 1736 441 TOPOGRAPIILE
1777 379 2254 441 CllRlSTlANE
2284 382 2426 442 LIB.
2459 386 2494 445 l.
3393 384 3463 449 5L

779 493 1128 548 uroaoro:
1185 504 1260 548 A'.
1833 510 1880 562 Α

316 606 540 676 Πρῶτον
584 609 682 677 μὲν
734 609 949 662 πάντων
1005 610 1306 679 παρακαλῶ
1333 610 1458 672 τοὺς
1517 609 1807 680 μέλλοντας

252 698 594 768 ἐντυγχάνειν
624 701 748 770 τῇδε
770 703 835 770 τῇ
868 700 1033 768 βίϐλῳ
1053 739 1068 763 ,
1121 700 1209 754 ἶνα
1251 701 1388 770 μετὰ
1434 701 1612 772 πάσης
1643 717 1810 770 προσ·

252 793 377 861 οχῆς
406 794 498 845 καὶ
530 793 840 863 ἐπιμελείας
875 793 971 863 τὴν
1009 795 1312 862 ἀνάγνωσιν
1337 794 1684 864 ποιήσωνται,
1717 793 1810 846 καὶ

257 882 328 950 μὴ
354 882 642 952 παρέργως
673 882 843 952 αὐτὴν
876 882 1191 952 διαδραμεῖν
1212 920 1228 946 ,
1275 881 1408 934 ἀλλὰ
1436 881 1530 934 καὶ
1560 881 1687 942 τοὺς
1724 880 1812 933 τό·

257 989 387 1034 πους
417 973 510 1024 καὶ
534 972 601 1024 τά
634 973 885 1041 σχήματα
934 976 1026 1024 καὶ
1053 973 1151 1034 τὰς
1195 973 1515 1043 ἐγκειμένας
1548 972 1808 1044 ἱστορίας,

258 1062 394 1130 μετὰ
426 1062 604 1131 πάσης
653 1062 884 1131 σπουδῆς
931 1063 1230 1128 φιλοπόνως
1276 1062 1668 1133 ἁπομάξοιντο·
1719 1064 1812 1117 καὶ

261 1154 395 1221 μετὰ
425 1153 481 1205 τὸ
524 1153 671 1216 τέλος
701 1153 756 1205 δέ
805 1153 904 1223 τῆς
957 1155 1159 1224 βίϐλου,
1189 1155 1580 1224 ἐγκυψάτωσαν
1617 1156 1814 1226 καὶτῷ

259 1247 408 1314 τόμῳ
435 1245 510 1314 τῷ
539 1247 664 1314 παρ’
697 1246 850 1314 ἡμῶν
872 1248 1144 1315 γενομένῳ
1180 1247 1313 1318 πρὸς
1355 1248 1444 1301 τὸν
1474 1249 1816 1320 φιλόχριστον

261 1335 684 1398 Κωνσταντίνον,
720 1340 776 1390 ἐν
795 1329 946 1407 ᾧπερ
976 1339 1423 1410 καταγέγραπται
1468 1340 1817 1413 πλατυτέρως

262 1428 410 1478 πᾶσα
447 1430 480 1495 ἡ
506 1431 610 1496 γῆο
650 1428 684 1496 ἤ
713 1446 771 1480 τε
827 1429 998 1498 πέραν
1040 1430 1133 1482 τοῦ
1179 1430 1467 1493 Ὠκεανοῦ,
1520 1432 1611 1484 καὶ
1654 1430 1816 1501 αὕτη,

262 1519 357 1571 καὶ
405 1521 577 1571 πᾶσαι
625 1521 680 1572 αἱ
731 1519 926 1589 χῶραι,
980 1520 1058 1572 ἐτι
1085 1536 1143 1572 τε
1178 1521 1272 1573 καὶ
1292 1521 1361 1574 τά
1400 1523 1548 1574 νότια
1581 1521 1717 1592 μέρη
1752 1523 1819 1574 τὰ

262 1609 370 1661 ἀπὸ
407 1609 806 1680 Ἀλεξανδρείας
828 1611 932 1672 ’ἐως
959 1611 1049 1663 τοῦ
1083 1611 1316 1666 νοτιαίου
1361 1612 1610 1665 Ὠκεανοῦ
1633 1629 1646 1643 ·
1677 1613 1820 1679 λέγω

261 1700 378 1768 aha
427 1700 613 1760 Νεῖλος
644 1699 906 1768 ποταμὸς,
954 1700 1050 1753 καὶ
1103 1701 1158 1753 αἱ
1201 1702 1600 1771 παρακείμεναι
1626 1702 1819 1771 χῶραι,

2347 499 2710 558 PROLOGUS
2753 498 3026 556 PRIMUS.

1981 604 2159 661 Primo
2193 620 2461 680 quotquot
2491 613 2634 667 hunc
2661 613 2860 668 librum
2904 611 3096 667 lecturi
3144 624 3270 668 sunt
3305 631 3464 685 rogo,

1910 704 1969 748 ut
2000 711 2121 748 eum
2179 699 2326 752 omni
2383 702 2679 754 attentione
2703 712 2757 755 et
2789 699 3153 755 sollicitudine
3181 701 3462 756 lectionem

1911 797 2186 854 peragmnt,
2213 805 2388 859 neque
2414 791 2778 860 perfunctorie
2797 801 3198 857 transcurrant;
3218 794 3308 846 sed
3328 793 3466 855 loca,

1913 876 2112 946 figuras
2150 887 2202 932 et
2247 881 2505 936 historias
2564 882 2652 936 hic
2690 891 2970 936 enarratas
3016 897 3136 934 cum
3190 883 3369 936 studio
3417 892 3471 936 et

1913 969 2096 1023 labore
2143 973 2441 1040 percipiant
2475 991 2489 1027 :
2523 983 2683 1042 atque
2727 972 2975 1026 absoluta
3022 971 3184 1038 hujus
3233 972 3350 1024 libri
3395 973 3471 1024 le-

1891 1061 2108 1125 ctione,
2127 1062 2322 1117 adeant
2343 1073 2547 1118 tomum
2566 1080 2596 1119 a
2624 1063 2781 1118 nobis
2803 1063 3161 1128 elaboratum,
3179 1079 3241 1116 ac
3267 1063 3470 1120 Christi

1915 1153 2119 1206 amanti
2178 1152 2536 1209 Constantino
2611 1161 3005 1223 nuncupatum,
3072 1155 3161 1208 ubi
3221 1156 3471 1208 universa

1919 1252 2061 1297 terra
2089 1245 2250 1300 latius
2273 1245 2544 1315 descripta
2573 1257 2677 1310 est,
2709 1255 2817 1301 tam
2848 1262 2911 1300 ea
2947 1262 3068 1316 quae
3118 1248 3257 1301 ultra
3302 1246 3475 1302 Ocea-

1919 1349 2048 1387 num
2071 1335 2170 1389 sita
2196 1345 2305 1401 est,
2341 1352 2504 1406 quam
2534 1337 2646 1391 hare
2671 1354 2796 1392 cum
2830 1339 3084 1392 omnibus
3118 1339 3426 1407 regionibus
3454 1357 3470 1400 ;

1917 1434 1972 1477 et
2009 1425 2274 1478 australes
2302 1436 2480 1494 partes
2503 1427 2572 1480 ab
2597 1426 2919 1479 Alexandria
2963 1441 3130 1492 usque
3173 1425 3236 1478 ad
3269 1435 3476 1478 :ittslt'n-

1921 1515 2022 1568 leni
2059 1515 2336 1587 Oceanum
2363 1533 2378 1568 :
2410 1516 2662 1571 videlicet
2686 1514 2840 1569 Nilus
2885 1515 3083 1569 fluvius
3115 1517 3474 1583 regionesque

1921 1604 2251 1673 adjacentes,
2285 1617 2340 1660 et
2368 1607 2550 1676 p0puli
2601 1607 2868 1662 universae
2913 1605 3128 1675 λειω·ιηί
3179 1616 3231 1661 et
3267 1605 3480 1659 Ethio-

1923 1699 2023 1766 piae
2056 1715 2068 1750 :
2103 1697 2430 1766 insuperque
2474 1698 2627 1752 sinus
2679 1699 2950 1754 Arabieus
2997 1716 3118 1753 eum
3170 1698 3480 1767 regionibus

266 1793 359 1844 καὶ
384 1796 452 1844 τὰ
479 1791 605 1860 ἔθνη
631 1792 730 1860 τῆς
761 1809 820 1844 τε
860 1792 1132 1858 Αἰγύπτου
1165 1793 1365 1862 πάσης,
1401 1793 1495 1844 καὶ
1520 1793 1819 1857 Αἰθιοπίας,
1856 1839 1895 1892 Β
1923 1807 1933 1840 ι

1814 1834 1819 1855 ,
1856 1839 1895 1892 Β
1923 1798 1978 1842 et
2008 1788 2219 1857 populis
2259 1789 2661 1858 circumpositis
2693 1806 2867 1860 usque
2908 1791 2975 1846 ad
3015 1793 3264 1845 eumdem
3315 1788 3481 1842 Occa-

265 1883 345 1932 ἔτι
373 1898 430 1934 τε
452 1881 546 1933 καὶ
581 1881 827 1950 Ἀράϐιος
848 1882 1062 1944 κόλπος,
1088 1881 1180 1933 καὶ
1207 1883 1262 1934 αἱ
1284 1881 1679 1951 παρακείμεναι
1711 1882 1820 1952 χῶ-

269 1991 358 2043 ραι
389 1973 483 2024 καὶ
509 1973 636 2040 ἔθνη
662 1973 766 2032 ἓως
798 1972 956 2024 πάλιν
981 1971 1075 2024 τοῦ
1107 1971 1270 2024 αὐτοῦ
1324 1973 1596 2036 Ὠκεανοῦ,
1629 1974 1826 2042 ὁμοίως

269 2063 361 2113 καὶ
392 2064 424 2131 ἡ
460 2063 594 2132 μέση
618 2063 686 2132 γῆ
707 2061 802 2114 τοῦ
830 2078 889 2113 τε
932 2061 1173 2130 ποταμοῦ
1215 2063 1307 2116 καὶ
1338 2062 1429 2115 τοῦ
1461 2063 1659 2116 κόλπου
1683 2103 1698 2128 ,
1734 2066 1826 2116 καὶ

268 2157 325 2208 αἱ
349 2155 532 2218 πόλεις
559 2157 649 2206 καὶ
671 2157 725 2207 αἱ
753 2154 926 2224 χῶραι
950 2155 1130 2208 καὶτὰ
1162 2153 1286 2223 ἔθνη
1320 2154 1385 2207 τά
1421 2157 1478 2208 ἐν
1506 2155 1666 2226 αὐτῇ,
1691 2157 1826 2224 πρὸς

267 2245 330 2296 τὸ
355 2244 524 2308 δεῖξαι
554 2245 623 2298 τὰ
653 2246 780 2314 παρ’
813 2243 970 2314 ἡμῶν
1011 2243 1106 2312 μὲν
1134 2243 1397 2314 λεγόμενα
1436 2245 1646 2316 ἀληθῆ,
1673 2246 1740 2298 τὰ
1771 2246 1828 2298 δὲ

267 2335 379 2387 τῶν
424 2336 676 2388 ἐναντίων
729 2335 930 2404 ψευδῆο
966 2334 1031 2386 δι’
1077 2335 1168 2399 οὓς
1220 2338 1313 2388 καὶ
1349 2341 1382 2406 ἡ
1414 2337 1592 2405 βίϐλος
1626 2340 1720 2392 καὶ
1773 2339 1829 2390 αἱ

215 2431 228 2449 ⁸
271 2423 622 2492 καταγραφαὶ
648 2422 934 2490 γεγόνασιν
966 2425 1022 2477 αἱ
1048 2425 1380 2493 ἐγκείμεναι,
1413 2426 1539 2496 περί
1567 2442 1626 2478 τε
1665 2427 1829 2497 μεγέ-

271 2515 398 2576 θους
432 2514 580 2584 ἡλίου
615 2514 789 2583 λέγω,
843 2515 937 2569 καὶ
962 2517 1060 2588 τῆς
1107 2517 1537 2588 διακεκαυμένης
1576 2520 1671 2573 καὶ
1717 2520 1831 2574 δια-

270 2611 553 2682 ϐοωμένης
602 2614 782 2666 αὐτῶν
831 2614 1085 2683 ἀοικήτου
1121 2615 1242 2682 γῆς,
1291 2615 1364 2677 ὡς
1403 2615 1694 2686 πλάσματα
1737 2617 1830 2670 καὶ

275 2703 478 2773 μύθους
533 2703 926 2774 ἐρευγομένων.
971 2707 1370 2775 Ζητησάτωσαν
1425 2708 1482 2758 δὲ
1537 2707 1700 2761 πάλιν
1741 2708 1832 2761 τὸν

275 2796 542 2864 σκάριφον
589 2795 682 2847 τοῦ
715 2795 914 2857 παντὸς
939 2835 954 2856 ,
983 2797 1076 2849 καὶ
1108 2797 1206 2863 τῆς
1254 2798 1502 2868 ἀστρῲας
1531 2799 1792 2867 κινήσεως
1815 2837 1830 2860 ,

274 2888 366 2939 τὸν
400 2889 529 2956 παρ’
555 2887 710 2957 ἡμῶν
746 2887 1034 2955 γενόμενον
1063 2887 1204 2940 κατὰ
1232 2887 1458 2958 μίμησιν
1490 2889 1589 2959 τῆς
1613 2889 1832 2960 ὀργανι-

275 2979 378 3046 κῆς
413 2977 520 3029 τῶν
552 2976 747 3041 ἔξωθεν
781 2977 1034 3047 σφαίρας,
1086 2977 1178 3032 καὶ
1209 2978 1300 3032 τὸν
1331 2980 1458 3050 περὶ
1491 2979 1652 3032 αὐτοῦ
1679 2979 1833 3047 λόγον

274 3068 415 3136 πρὸς
440 3067 529 3119 τὸν
557 3067 962 3136 θεοφιλέστατον
1000 3068 1243 3122 διάκονον
1275 3069 1564 3138 Ὀμόλογον
1589 3071 1831 3123 ἀποστα-

1927 1896 2054 1933 num
2101 1880 2211 1934 :ad
2256 1881 2368 1936 haec
2411 1881 2587 1934 inedia
2630 1890 2769 1938 terra
2816 1899 2938 1952 quae
2978 1883 3116 1937 inter
3167 1881 3387 1935 fluvium
3429 1889 3485 1932 et

1926 1971 2104 2024 sinum
2127 1971 2292 2039 jacet,
2327 1987 2449 2026 cum
2483 1973 2713 2028 urbibus
2739 2013 2754 2036 ,
2809 1974 3122 2043 regionibus
3165 1982 3218 2026 et
3272 1969 3488 2040 populis

1928 2062 2098 2131 ipsam
2129 2062 2528 2130 incolentibus;
2568 2065 2730 2135 idque
2756 2064 2822 2118 ad
2855 2065 3321 2134 comprobandum
3358 2077 3482 2114 vera

1927 2153 2142 2221 quidem
2206 2170 2327 2211 esse
2376 2172 2460 2223 ea,
2503 2173 2625 2227 qua:
2653 2172 2755 2212 nos
2813 2155 3146 2222 referimus;
3207 2156 3299 2210 sed
3348 2154 3480 2207 falsa

1931 2244 2167 2314 proferre
2201 2248 2539 2304 adversarios
2571 2259 2804 2314 nostros,
2845 2264 3076 2318 quorum
3115 2264 3278 2300 causa
3321 2243 3482 2316 114

1931 2341 2073 2394 hunc
2107 2341 2303 2396 librum
2333 2350 2387 2396 et
2426 2351 2720 2411 praesentes
2758 2341 3127 2412 paragraphos
3169 2339 3440 2394 edidimus
3469 2354 3483 2399 ;

1931 2433 2186 2486 nimirum
2233 2434 2301 2487 de
2352 2433 2725 2503 magnitudine
2767 2432 2921 2497 solis,
2965 2433 3140 2501 deque
3195 2439 3339 2484 terra
3394 2429 3485 2480 illa

1931 2524 2124 2578 ardore
2157 2524 2291 2578 solis
2323 2525 2514 2579 adusta
2551 2536 2604 2579 et
2634 2525 2859 2590 inculta,
2907 2540 3068 2594 quant
3110 2522 3212 2590 ipsi
3243 2519 3489 2576 CUIlrlt‘llS

1930 2626 1984 2669 et
2012 2615 2278 2669 fabulosis
2327 2617 2672 2672 sermonibus
2740 2617 3009 2686 jactitant.
3058 2615 3314 2681 Quaerant
3360 2612 3489 2664 item

1933 2709 2170 2762 tabulam
2228 2717 2283 2761 ct
2324 2707 2740 2762 delineatioeem
2801 2708 3060 2770 universi,
3117 2717 3170 2760 et
3216 2714 3487 2760 astrorum

1935 2808 2139 2862 motus,
2175 2813 2339 2866 quam
2377 2814 2476 2853 nos
2501 2799 2842 2855 confecimus
2885 2799 2950 2852 ad
2989 2797 3292 2866 exemplum
3330 2809 3492 2861 orga-

1935 2889 2068 2942 nica:
2095 2898 2404 2943 exterorum
2433 2891 2678 2958 spliaarae,
2713 2900 2874 2961 atque
2905 2891 3102 2943 librum
3133 2903 3294 2958 quem
3322 2902 3384 2939 ea
3423 2885 3491 2938 de

1936 2995 1992 3031 re
2034 2979 2236 3032 editum
2288 2995 2318 3032 a
2364 2979 2522 3034 nobis
2564 2979 2630 3033 ad
2683 2980 3148 3049 religiosissimum
3198 2977 3488 3031 diaconum

1935 3068 2287 3140 llomologum
2319 3071 2589 3135 misimus,
2635 3072 2886 3126 evolvant
2916 3090 2929 3124 :
2961 3071 3051 3136 qui
3083 3085 3216 3124 sane
3239 3108 3254 3133 ,
3306 3069 3490 3136 opitu-

273 3161 455 3217 λέντα.
492 3161 584 3214 καὶ
627 3158 1051 3228 ἐγκυψάτωσαν,
1086 3161 1234 3223 ὅστις
1275 3178 1336 3213 τε
1367 3163 1462 3215 σὺν
1496 3161 1614 3230 Θεῷ
1653 3162 1832 3225 ἱκανὸς
1860 3167 1902 3224 C
1937 3163 1940 3214 l

1831 3167 1902 3224 ‘c
1937 3163 2079 3216 lante
2117 3160 2248 3224 Deo,
2283 3163 2517 3216 maxime
2564 3178 2688 3216 cum
2737 3163 2840 3218 hoc
2891 3163 3026 3217 libro
3070 3178 3132 3214 ac
3169 3175 3295 3214 cum
3343 3169 3498 3213 tomo

273 3253 530 3324 ὑπάρχει,
560 3253 790 3323 μάλιστα
821 3254 915 3306 σὺν
939 3253 1109 3326 ταύτῃ
1131 3255 1197 3324 τῇ
1220 3253 1403 3325 βίϐλῳ,
1427 3255 1517 3308 καὶ
1551 3255 1629 3324 τῷ
1659 3256 1828 3326 τόμῳ,

273 3346 340 3397 ἐκ
373 3344 584 3414 βάθρων
636 3345 842 3397 ἀνελεῖν
893 3344 1000 3396 τῶν
1032 3344 1352 3414 Ἑλληνικῶν
1386 3344 1690 3399 ὑποθέσεων
1734 3348 1831 3417 τὴν

274 3435 502 3504 πλάνην.
556 3435 737 3488 Ταῦτα
791 3437 898 3503 γάρ
923 3452 1005 3498 τις
1043 3437 1111 3489 τὰ
1146 3442 1270 3507 τρία
1308 3437 1628 3507 Χριστιανὸς
1655 3439 1830 3508 ὑπάρ-

273 3545 383 3596 χων
419 3528 508 3580 καὶ
540 3526 833 3596 κτώμενος,
860 3528 952 3581 καὶ
970 3531 1035 3598 τῇ
1067 3528 1185 3598 θείᾳ
1207 3531 1385 3600 χάριτι
1413 3530 1539 3601 περὶ
1562 3531 1658 3602 τὴν
1684 3531 1833 3584 θείαν

277 3616 503 3686 Ιδραφὴν
541 3619 814 3688 ἐπιμελῶς
846 3619 1178 3690 κινούμενος,
1234 3621 1431 3692 ῥαδίως
1467 3623 1675 3693 ἐλέγχει
1725 3623 1834 3676 τῶν

276 3709 588 3778 μυθολόγων
611 3710 708 3780 τὴν
744 3711 943 3765 ἄνοιαν.
980 3710 1260 3781 Συνίστησι
1301 3713 1408 3784 γὰρ
1440 3714 1507 3767 δι’
1547 3714 1707 3768 αὑτοῦ
1739 3713 1833 3767 τοῦ

274 3805 574 3872 σχήματος,
605 3805 696 3856 καὶ
720 3802 818 3872 τῆς
843 3803 935 3858 τοῦ
961 3803 1162 3870 κόσμου
1191 3805 1529 3874 κατασκευῆς
1551 3805 1640 3860 καὶ
1667 3806 1834 3874 αὐτῆς

272 3893 373 3961 τῆς
403 3891 616 3960 φύσεως
643 3891 750 3943 τῶν
784 3893 1141 3962 πραγμάτων,
1169 3893 1266 3964 τὴν
1290 3894 1438 3948 θείαν
1464 3897 1680 3968 Γραφὴν
1707 3899 1836 3968 άλη-

275 3983 543 4052 Θεστάτην
583 3980 747 4036 οὖσαν
787 3984 881 4036 καὶ
929 3984 1036 4036 τῶν
1077 3986 1413 4055 Χριστιανῶν
1458 3989 1516 4040 τὸ
1555 3991 1831 4060 κήρυγμα.

279 4074 582 4145 Ἔρρωσθε,
616 4075 665 4127 oi
699 4075 1027 4145 Χριστιανοὶ,
1054 4077 1110 4129 ἐν
1132 4076 1338 4148 Κυρίῳ.

829 4210 1096 4266 ΠΡΟΛΟΓ
1100 4213 1181 4264 ΟΣ
1222 4213 1294 4266 B'.

277 4342 664 4414 Χριστιαγικὴ
699 4346 1061 4413 τοπογραφία
1093 4346 1424 4414 περιεκτικὴ
1467 4349 1690 4414 παντὸς
1737 4350 1839 4404 τοῦ

351 4413 605 4490 κόσμου,
641 4414 976 4490 ἀποδείξεις
1001 4413 1314 4490 ἐχο-υσαᾳέκ
1342 4417 1452 4482 τῆς
1491 4413 1842 4490 θείαςξΓρα-

349 4481 510 4604 ,
566 4485 698 4551 περὶ
748 4479 818 4552 ἧς
886 4479 1278 4554 ἀμφισϐητεῖν
1331 4479 1840 4555 Χριστιανὸὺίοι)

423 4569 452 4602 ο
499 4591 511 4603 .

423 4569 511 4603 (ἔτ’.

353 4641 530 4695 Πάλαι
583 4641 679 4711 μὲν
729 4640 936 4696 ὤκνουν
979 4646 1325 4717 ἐπιχειρῆσαι
1375 4651 1440 4717 τῇ
1497 4648 1740 4719 διηγήσει
1778 4651 1840 4720 τῇ

282 4734 438 4803 παρὰ.
467 4734 560 4787 σοῦ
595 4752 684 4804 μοι
712 4736 1045 4808 ἐνταλθείσῃ,
1140 4739 1444 4808 εἰσφέρεται
1473 4742 1504 4810 ἡ
1529 4741 1622 4793 τοῦ
1647 4745 1845 4804 παντὸς

286 4826 493 4895 κόσμου
528 4825 801 4891 σύστασις,
838 4823 882 4880 ὧ
924 4828 1143 4898 θεοφιλῆ
1171 4829 1381 4898 θεόφιλέ
1423 4849 1480 4884 τε
1512 4834 1604 4885 καὶ
1631 4835 1844 4904 χριστό-

286 4916 410 4984 φιλε
445 4916 714 4986 Πάμφιλε,
762 4919 973 4990 Εῑηγὰρ
1011 4920 1102 4972 καὶ
1148 4920 1464 4992 ἐϐουλόμην,
1519 4924 1620 4976 οὐκ
1658 4923 1844 4978 ἐδυνά-

287 5025 420 5078 μην,
450 5007 537 5060 διά
568 5009 649 5072 τὸ,
681 5009 754 5072 ὡς
780 5003 932 5062 οἶσθα
970 5011 1064 5064 καὶ⁵
1094 5013 1275 5076 αὐτὸς,
1312 5016 1379 5083 τῇ
1407 5014 1739 5084 πολυχρονίῳ
1778 5032 1845 5085 με

285 5101 638 5153 κατακεῖσθαι
680 5102 838 5171 νόσῳ.
867 5102 986 5154 Τῶν
1033 5104 1088 5156 δὲ
1117 5106 1332 5157 πυκνῶν
1363 5122 1454 5158 σου
1489 5105 1720 5176 δεήσεων
1750 5107 1846 5176 τὴν

287 5191 443 5242 νόσον
473 5191 659 5262 πόρρω
683 5194 776 5246 ἀπ’
801 5193 933 5262 ἐμοῦ
970 5197 1370 5266 ποιησαμένων,
1403 5198 1554 5268 δέχου
1582 5199 1765 5252 λοιπὸν
1785 5197 1846 5250 τὸ

289 5280 575 5350 προοίμιον
601 5282 707 5334 τῶν
736 5284 794 5336 ἐν
823 5288 886 5354 τῇ
913 5285 1075 5356 βίδλῳ
1101 5288 1405 5357 κεφαλαίων
1430 5305 1444 5320 ·
1473 5289 1629 5342 τοῦτο
1652 5291 1748 5360 μὲν
1771 5289 1845 5352 ὡς

286 5372 390 5439 τὴν
417 5372 661 5442 ὑπακοὴν
682 5375 974 5444 πληροῦντί
1005 5394 1132 5447 μοι·
1172 5379 1328 5432 τοῦτο
1351 5381 1406 5433 δὲ
1437 5380 1510 5443 ὡς
1542 5382 1639 5451 τὴν
1687 5381 1845 5434 εὐθύ-

259 5455 263 5458 λ
287 5481 390 5532 νην
425 5464 744 5534 ἐπτοημένῳ
765 5467 974 5538 ἐκείνην
1003 5471 1100 5540 τὴν
1129 5470 1218 5524 τοῦ
1246 5471 1475 5542 όκνηροῦ
1497 5472 1700 5535 δούλου,
1727 5475 1791 5544 ῆν
1818 5476 1846 5525 ό

293 5557 557 5626 σωτήριος
584 5557 738 5625 λόγος
764 5561 822 5610 ἐν
853 5563 964 5624 τοῖς
1001 5562 1346 5630 Εὐαγγελίοις
1370 5565 1694 5635 ἀπεφήνατο.
1737 5567 1845 5617 Καὶ

293 5642 483 5710 μηδεὶς
522 5647 976 5711 καταγινωσκέτω
1022 5649 1095 5713 ὡς
1122 5651 1390 5722 τολμηροῦ
1428 5651 1523 5723 τὴν
1551 5655 1845 5724 σαφήνειαν

288 5731 400 5783 τῶν
429 5731 601 5800 λόγων
629 5734 809 5798 πεζῶς
863 5755 979 5801 πως
1033 5739 1128 5792 καὶ
1177 5741 1473 5812 ἀνωμάλως
1522 5743 1805 5808 διεξιόντος
1827 5763 1840 5777 ο

290 5821 386 5872 καὶ
415 5821 524 5892 γὰρ
545 5825 759 5877 εννςιοίν
783 5824 976 5894 ὀρθῶν,
997 5827 1056 5880 οὐ
1075 5829 1323 5899 φράσεων
1346 5831 1511 5884 δεῖται
1536 5834 1562 5885 ὁ
1593 5834 1843 5888 Χριστια-

1932 3254 2177 3323 junctus,
2223 3253 2327 3307 erit
2349 3255 2413 3307 ad
2457 3255 2768 3308 Gmearutn
2827 3253 3204 3324 liypotliesium
3249 3265 3487 3304 errorem

1937 3344 2180 3398 funditus
2226 3344 2575 3398 evertendam
2618 3344 2769 3398 satis.
2827 3341 3036 3397 Etenim
3076 3343 3122 3396 si
3169 3341 3290 3411 quis
3326 3339 3489 3392 Chri-

1938 3435 2151 3505 stianus
2181 3436 2294 3489 lnec
2353 3436 2454 3488 tria
2501 3449 2666 3505 Opera
2727 3435 3115 3497 nanciscatur,
3166 3433 3210 3486 si
3257 3447 3351 3502 per
3404 3431 3491 3483 llei

1938 3524 2165 3594 gratiam
2195 3524 2764 3593 indivina‘Scriptura
2818 3526 2984 3593 probe
3026 3523 3354 3578 exercitalus
3407 3521 3493 3572 l'u-

1939 3617 2059 3678 erit,
2090 3615 2345 3684 perfacile
2374 3618 2571 3685 poterit
2605 3614 2972 3668 fabulatorum
3014 3615 3308 3667 amentiam
3360 3625 3497 3663 con-

1943 3708 2133 3761 futare.
2185 3707 2286 3760 Per
2314 3707 2482 3774 ipsam
2535 3705 2678 3760 enim
2720 3708 2969 3775 figuram,
3015 3713 3070 3759 et
3117 3703 3302 3758 mundi
3347 3717 3494 3755 eom-

1941 3797 2264 3866 pusitionetn
2301 3836 2317 3861 ,
2374 3797 2655 3866 ipsamque
2704 3811 2885 3850 rerum
2927 3804 3177 3850 naturam
3213 3832 3228 3857 ,
3283 3801 3497 3846 constat

1942 3887 2176 3940 divinam
2217 3888 2549 3956 Scripturam
2585 3895 2639 3940 et
2675 3885 3110 3940 Christianorum
3154 3881 3495 3953 praedicatio-

1942 3997 2064 4034 nem
2110 3980 2447 4035 verissimam
2491 3993 2628 4032 csse.
2666 3977 2900 4039 Salvete,
2929 3975 3252 4038 Christiani,
3287 3974 3342 4028 in
3393 3971 3500 4025 Do-

1944 4089 2107 4126 ιιιιιιι».

2349 4217 2714 4276 PROLOGUS
2742 4217 3126 4274 SECUNDUS.

1949 4381 2313 4451 Topographia
2341 4379 2644 4434 Christiana
2686 4378 2912 4431 universi
2964 4377 3168 4433 mundi,
3221 4391 3336 4443 qua:
3380 4391 3502 4442 pro»

2008 4473 2162 4522 batur
2192 4468 2718 4524 demonstratiunibus
2753 4469 2929 4536 petitis
2971 4482 3035 4519 ea:
3091 4465 3276 4519 divina
3330 4463 3491 4517 Scri-

2010 4573 2199 4628 ptura:
2233 4563 2295 4613 de
2323 4577 2426 4630 qua
2454 4560 2779 4613 Christianos
2808 4557 3051 4610 dubitare
3077 4574 3178 4608 non
3215 4556 3354 4608 licet.

2013 4651 2231 4720 Pigebat
2257 4652 2473 4721 quidem
2499 4651 2627 4702 olim
2658 4665 2822 4717 quam
2865 4649 3078 4717 jussisti
3135 4646 3504 4700 narrationem

1945 4742 2180 4812 aggredi,
2219 4758 2322 4810 qua
2354 4742 2520 4796 totius
2554 4743 2736 4794 mundi
2777 4739 3099 4808 compositio
3136 4737 3499 4798 describatur,

1947 4833 2055 4886 Deo
2081 4833 2418 4896 charissime,
2451 4832 2540 4885 Dei
2592 4843 2651 4885 et
2687 4830 2892 4885 Christi
2941 4828 3316 4882 amantissime
3340 4825 3502 4880 Pam~

1946 4922 2110 4991 pltile.
2140 4920 2272 4974 Nam
2299 4923 2400 4976 etsi
2430 4922 2743 4986 voluissem,
2801 4935 2895 4990 per
2921 4920 3066 4972 vires
3125 4932 3231 4972 non
3279 4918 3499 4979 licebat,

1945 5015 2111 5084 quod,
2145 5023 2200 5067 ut
2228 5014 2392 5082 probe
2415 5014 2576 5077 nosti,
2627 5014 2880 5066 diuturna
2923 5009 3197 5063 detinerer
3228 5007 3504 5078 aegritudi-

1946 5121 2034 5160 ne.
2067 5107 2200 5160 Cuni
2237 5115 2416 5158 autem
2454 5103 2833 5174 frequentibus
2877 5101 2985 5156 tuis
3026 5099 3278 5169 precibus
3310 5098 3504 5152 inorbo

1946 5201 2049 5254 siin
2078 5208 2372 5265 recreatus,
2412 5198 2595 5266 accipe
2626 5198 2842 5250 demum
2886 5193 3271 5263 capitulorum,
3299 5207 3420 5260 qua:
3449 5193 3502 5244 in

1945 5290 2083 5344 libro
2115 5290 2478 5353 continentur,
2512 5286 2834 5356 prooemium
2867 5300 2881 5336 :
2920 5285 3064 5354 quod
3088 5283 3303 5352 quidem
3325 5292 3505 5335 trans-

1947 5382 2124 5442 mitte,
2151 5389 2262 5432 tum
2293 5378 2360 5432 ad
2393 5377 2800 5445 obsequentiam
2830 5373 2928 5428 tibi
2961 5373 3347 5444 praestandam,
3387 5382 3504 5425 tum

1949 5470 2266 5541 perterritus
2292 5469 2379 5522 illa
2411 5469 2545 5540 pigri
2575 5469 2718 5523 servi
2761 5467 3132 5531 damnatione,
3168 5479 3331 5534 quam
3354 5464 3471 5518 salu

1949 5561 2078 5614 taris
2105 5575 2285 5615 sermo
2318 5560 2370 5611 in
2397 5559 2699 5630 Evangeliis
2734 5557 2976 5627 protulit.
3011 5555 3195 5624 Neque
3217 5571 3304 5610 me
3346 5555 3502 5624 quis-

1950 5654 2090 5721 piam
2147 5661 2206 5705 ut
2255 5650 2516 5704 audaCem
2585 5651 2826 5713 damnet,
2878 5646 3023 5717 quod
3066 5645 3258 5701 humili
3309 5655 3364 5700 et
3415 5644 3502 5698 in-

1946 5741 2192 5810 :equabili
2222 5739 2360 5809 style
2383 5740 2754 5794 narrationem
2792 5736 3116 5792 instituerim
3141 5752 3156 5789 :
3183 5751 3306 5789 nam
3343 5737 3502 5790 rectis

1953 5833 2390 5900 cogitationibus,
2418 5847 2524 5886 non
2548 5831 2836 5900 phrasihus
2870 5831 3181 5886 Christiano
3225 5837 3308 5882 cst
3341 5843 3496 5898 opus.
