4222 6442
752 361 823 427 55
1901 367 2161 428 eosne
2195 363 2833 436 IlNDlCUPLEUST/E
3912 389 3981 452 56

751 473 1028 543 Siquidem
1080 490 1203 532 cum
1245 476 1412 533 multa
1464 478 1589 541 tela,
1636 478 1820 547 galea),
1873 488 2029 534 scuta
2063 489 2118 535 et
2170 480 2314 534 bella
2344 483 2389 539 Δ

2307 501 2314 533 ι
2344 483 2389 539 Α
2419 484 2524 543 νός.
2559 487 2772 542 Πολλῶν
2807 489 2913 562 γάρ
2940 490 3180 560 βολίδων,
3207 494 3296 547 καὶ
3331 496 3566 567 κρανῶν,
3594 501 3685 553 καὶ
3716 501 3974 569 ἀσπίδων,

755 586 941 629 contra
971 574 1266 632 Ecclesiam
1289 587 1642 641 moveantur.
1669 580 1915 635 nonnulli
1936 581 2317 651 qui'Christia-

755 688 949 730 noriun
982 676 1202 731 nomine
1235 685 1546 741 censentur,
1583 677 1826 732 divinam
1862 676 2205 747 Scripturam
2231 676 2317 730 ni-

755 774 851 828 bili
886 774 1147 833 facientes
1174 792 1238 832 ac
1268 777 1652 848 despicientes,
1688 763 1911 848 perinde
1943 789 2106 849 atque
2142 779 2314 834 exteri

752 875 1095 943 ρίιίιοεοιιίιί,
1150 877 1349 932 οωΙιιηι
1401 878 1666 947 ερίιιντὶοο
1699 878 1869 932 [arma
1912 893 2034 933 esse
2088 880 2318 948 opinan-

761 974 889 1029 tnr,
964 966 1240 1021 solaribus
1313 981 1378 1021 ac
1450 967 1730 1021 lunaribus
1810 967 2105 1038 eelipsibus
2164 968 2318 1022 dece-

753 1055 852 1125 pti.
891 1054 1087 1110 Totum
1159 1057 1323 1126 igitur
1374 1058 1494 1112 libri
1545 1068 1922 1128 argumentum
1963 1059 2017 1113 in
2074 1060 2317 1129 quinque

749 1156 933 1216 partes
1009 1160 1375 1220 congruenter
1444 1150 1718 1206 distribui.
1790 1150 1972 1205 Primo
2055 1150 2317 1205 adversus

749 1249 1077 1296 memoratos
1168 1256 1382 1298 errores
1458 1257 1639 1298 sermo
1738 1243 1890 1314 prior
1969 1242 2312 1305 instituitur;

749 1334 958 1388 scilicet
1000 1349 1108 1389 non
1162 1334 1363 1390 debere
1417 1350 1585 1399 eum,
1635 1336 1731 1406 qui
1802 1335 2152 1390 Christianus
2191 1350 2316 1390 esse

752 1424 909 1495 115
966 1426 1111 1488 velit.
1170 1426 1418 1495 specioso
1472 1435 1785 1482 exterorum
1844 1441 2030 1481 errore
2080 1427 2312 1482 abduci:

748 1531 872 1568 eum
902 1515 1085 1570 divina
1118 1515 1397 1587 Scriptura
1448 1517 1661 1573 diversa
1691 1527 1977 1588 proponat.
2027 1517 2236 1572 Etenim
2268 1521 2311 1572 si

747 1608 873 1676 quis
903 1606 1022 1661 illas
1050 1607 1361 1671 Gnecorum
1396 1610 1720 1680 hypolheses
1748 1611 2034 1682 explorare
2059 1611 2311 1675 voluerit,

748 1707 1287 1769 commentaprorsns
1302 1713 1353 1755 et
1370 1699 1611 1757 fabulosa
1643 1704 1992 1774 sophismata,
2025 1718 2146 1774 quae
2170 1711 2316 1758 stare

2419 578 2513 630 καὶ
2540 578 2790 649 πολέμων
2815 582 3140 654 κινηθέντων
3168 586 3305 640 κατά
3334 589 3433 659 τῆς
3472 589 3816 660 Ἐκκλησίας,
3837 597 3980 662 τινὲς

2418 668 2817 736 Χριστιανίζειν
2841 672 3181 745 νομιζόμενοι
3209 679 3303 730 καὶ
3324 677 3425 749 τὴν
3445 677 3599 734 θείαν
3628 683 3849 755 Γραφὴν
3879 705 3978 758 μη-

2416 760 2504 812 δὲν
2532 760 2888 834 λογιζόμενοι,
2916 766 3053 821 ἀλλὰ
3081 771 3534 841 περιφρονοῦντες
3577 776 3671 829 καὶ
3701 777 3968 848 ὑπερφρο-

2417 850 2666 939 νοῦντες,
2711 856 2855 911 κατά
2891 859 3018 921 τοὺς
3065 858 3262 925 ἔξωθεν
3301 864 3657 932 φιλοσόφους,
3693 869 3980 939 σφαιρικὸν

2416 938 2555 995 εἶναι
2585 944 2648 997 τὸ
2669 947 2855 1017 σχῆμα
2875 947 2968 1002 τοῦ
2995 950 3226 1021 ούρανοῦ
3252 951 3744 1023 ὑπολαμϐάνουσιν,
3781 938 3846 1011 ἐκ
3872 959 3981 1012 τῶν

2416 1034 2656 1105 ἡλιακῶν
2685 1038 2780 1091 καὶ
2807 1038 3139 1108 σεληνιακῶν
3159 1042 3452 1112 ἐκλείψεων
3483 1045 3849 1116 πλανώμενοι.
3872 1049 3980 1103 Πᾶ-

2418 1143 2517 1179 σαν
2547 1129 2726 1182 τοίνυν
2751 1131 2848 1199 τῆς
2876 1129 3058 1200 βίϐλου
3089 1133 3190 1204 τὴν
3225 1134 3479 1190 ὑπόθεσιν
3514 1138 3594 1200 εἰς
3633 1138 3794 1192 πέντε
3836 1140 3976 1211 μέρη

2416 1220 2687 1288 ἁρμοδίως
2705 1221 2996 1293 διειλόμην.
3028 1225 3247 1295 Πρῶτον
3277 1225 3495 1281 πάντων
3517 1228 3652 1299 πρὸς
3675 1230 3800 1292 τοὺς
3828 1233 3981 1300 είρηο

2419 1312 2609 1379 μένους
2640 1314 2732 1366 καὶ
2762 1313 3141 1385 πλανωμένους
3168 1319 3197 1370 6
3226 1317 3438 1388 πρῶτος
3458 1319 3610 1388 λόγος
3640 1322 3875 1388 ἐγένετο.
3897 1319 3974 1386 ὡς

2413 1402 2475 1453 ού
2498 1400 2716 1455 δυνατὸν
2737 1403 2829 1459 τὸν
2854 1405 3253 1475 Χνριστιανίζειν
3284 1407 3537 1462 ἐθέλοντα
3566 1409 3877 1478 ἀπάγεσθαι
3907 1414 3974 1482 τῇ

2416 1492 2612 1564 πιθανῇ
2652 1493 2830 1566 πλάνῃ
2858 1495 2967 1549 τῶν
3001 1495 3221 1562 ἔξωθεν,
3259 1498 3423 1570 ἕτερα
3446 1503 3545 1568 τῆς
3573 1500 3722 1564 θείας
3758 1502 3979 1572 Γραφῆς

2417 1583 2634 1638 ὑποτιθε
2641 1587 2826 1656 μένης.
2845 1588 2955 1641 Καὶ
2967 1588 3074 1660 γὰρ
3094 1590 3188 1643 ὲάν
3201 1607 3284 1654 τις
3295 1590 3568 1662 θελήσειεν
3581 1592 3868 1663 βασανίσαι
3884 1594 3980 1658 τάς

2427 1675 2741 1747 Ἑλληνικὰς
2764 1677 3064 1746 ὑποθέσεις,
3089 1679 3381 1751 πλάσματα
3403 1683 3618 1745 πάντως
3641 1683 3864 1754 εὑρήσει
3885 1683 3980 1736 καὶ

748 1800 1038 1859 nequeant,
1085 1805 1206 1847 esse
1238 1791 1616 1861 deprehendet.
1639 1768 1840 1850 Deinde
1859 1768 2130 1850 autem—ad
2155 1795 2314 1850 Cbri-
2347 1818 2390 1874 Β

2311 1825 2314 1834 _
2347 1818 2390 1874 Β
2420 1768 2635 1839 μυθώδη
2670 1770 2981 1841 σοφίσματα
3008 1771 3101 1825 καὶ⁹
3120 1771 3354 1826 ἀδύνατα
3388 1773 3684 1838 παντελῶς.
3719 1771 3848 1828 Εῐτα
3874 1774 3978 1827 λοι.

749 1880 912 1935 stiani
945 1880 1439 1951 interrogationem,
1467 1884 1558 1954 qui
1590 1885 1710 1940 sine
1735 1885 1902 1939 dubio
1930 1885 2174 1941 dicturus
2195 1893 2311 1939 est:

749 1970 848 2026 llis
885 1972 1130 2038 sublatis,
1174 1988 1421 2043 quaenam
1456 1976 1942 2047 vermbypotheses
1967 1976 2319 2032 inducenda}?

751 2064 1025 2119 secundus
1056 2064 1191 2119 liber
1211 2063 1390 2121 editus
1418 2075 1521 2131 est,
1554 2066 1647 2135 qui
1681 2066 2025 2124 Christianas
2051 2068 2317 2141 hypotbe-

751 2170 858 2219 ses,
890 2170 956 2209 ex
991 2154 1270 2224 Scriptura
1304 2170 1461 2210 saera
1492 2171 1832 2227 progressus,
1861 2166 2101 2223 enarrat,
2127 2169 2181 2216 et
2236 2170 2317 2216 tn-

751 2249 858 2303 tins
892 2246 1079 2302 mundi
1111 2246 1336 2318 ﬁguram
1366 2247 1647 2315 describit,
1695 2248 2044 2320 declaratque
2102 2262 2318 2307 extero-

753 2357 873 2394 l‘lllll
920 2349 1159 2394 veterum
1191 2339 1481 2396 nonnullos
1503 2342 1623 2409 ejus
1651 2342 1926 2411 opinionis
1956 2342 2146 2399 fuisse.
2182 2344 2318 2402 Hinc

752 2446 991 2497 rursum,
1019 2445 1083 2487 ac
1118 2430 1166 2487 si
1189 2432 1460 2502 quispiam
1486 2433 1832 2489 dubitaturns
1859 2445 1912 2490 et
1938 2436 2184 2493 dicturus
2209 2438 2315 2493 sit:

752 2523 907 2579 Unde
946 2523 1124 2593 palam
1161 2523 1235 2576 sit
1253 2520 1473 2593 Moysen
1529 2534 1584 2579 et
1635 2525 1924 2593 prophetas
1969 2527 2320 2584 haee-dicen-

751 2627 854 2682 tes,
886 2630 1014 2671 vera
1044 2615 1374 2684 protulisse?
1416 2617 1610 2672 tertius
1657 2617 1793 2673 liber
1863 2635 2027 2689 quam
2077 2621 2180 2677 ﬁde
2231 2622 2318 2676 «li-

752 2709 844 2778 gni
875 2708 985 2762 sint
1017 2705 1229 2778 Moyses
1257 2715 1314 2762 et
1335 2708 1999 2777 prophetaedemonstrat,
2053 2727 2308 2782 compro-

752 2794 953 2865 batque
980 2809 1075 2851 eos
1116 2810 1224 2851 non
1252 2811 1318 2851 ex
1369 2811 1450 2860 se,
1504 2797 1597 2852 sed
1629 2797 1842 2853 amante
1879 2800 2063 2855 divina
2113 2803 2320 2858 revela-

750 2888 895 2942 tione
924 2888 1134 2944 locutos
1167 2903 1286 2944 esse
1319 2907 1333 2943 ι
1366 2904 1428 2943 ac
1454 2904 1512 2943 re
1540 2905 1810 2961 opereque
1843 2893 2118 2962 probatos.
2149 2910 2322 2965 eaque

750 2980 1162 3050 prospicientes,
1211 2989 1323 3034 tum
1353 2977 1564 3035 Veteris
1622 2990 1735 3035 tum
1793 2981 1958 3036 Nova:
2029 2982 2320 3054 Scriptura:

750 3079 998 3126 aui-tores
1044 3071 1160 3126 bare
1185 3069 1376 3126 eﬁ'atos
1404 3085 1565 3126 esse:
1606 3073 2019 3145 ostenditurque
2075 3091 2196 3146 quae
2249 3076 2322 3131 sit

2420 1860 2519 1913 πὸν
2540 1860 2676 1932 πρὸς
2711 1861 2803 1915 τὸν
2824 1862 3188 1934 αἰτησάμενον
3221 1865 3544 1935 Χριστιανὸν
3583 1865 3865 1935 ὀφείλοντα
3890 1866 3981 1920 λέ-

2415 1970 2567 2021 γειν·
2600 1952 2817 2007 Τούτων
2858 1952 3283 2026 ἀναιρουμένων,
3314 1954 3474 2021 ποίας
3501 1956 3606 2027 χρὴ
3643 1957 3983 2026 ἀντεισάγειν

2417 2044 2701 2108 ὑποθέσεις
2726 2046 2945 2116 ἀληθεῖς
2966 2063 2981 2112 ;
3006 2048 3035 2098 6
3061 2046 3308 2116 δεύτερος
3328 2047 3485 2117 λόγος
3506 2049 3738 2117 ἐγένετο,
3756 2048 3984 2119 ἐξηγού-

2421 2154 2579 2208 μενος
2609 2138 2707 2201 τάς
2736 2139 3124 2209 Χριστιανικάς
3153 2139 3434 2204 ὑποθέσεις
3461 2142 3525 2195 ἐκ
3550 2141 3651 2213 τῆς
3673 2140 3821 2205 θείας
3843 2142 3983 2212 Γρα-

2417 2231 2525 2300 φῆς
2563 2228 2979 2301 προερχόμενος,
3002 2231 3097 2284 καὶ
3127 2230 3304 2303 δηλῶν
3327 2233 3527 2295 παντὸς
3550 2232 3643 2286 τοῦ
3685 2233 3892 2304 κόσμου
3921 2232 3982 2286 τὸ

2418 2321 2628 2392 σχῆμα,
2661 2323 2754 2376 καὶ
2777 2323 2859 2375 ὅτι
2900 2323 3043 2386 τινες
3074 2322 3181 2376 τῶν
3211 2321 3407 2388 ἔξωθεν
3455 2325 3700 2378 παλαιῶν
3726 2325 3982 2395 τοιαύτης

2416 2416 2572 2487 δόξης
2606 2416 2872 2485 ἐγένοντο.
2905 2412 3038 2471 Εἶτα
3068 2416 3231 2471 πάλιν
3257 2416 3458 2471 ὡσανεὶ
3482 2418 3625 2482 τινὸς
3649 2419 3982 2487 ἀποροῦντος

2419 2507 2514 2561 καὶ
2536 2507 2780 2575 λέγοντος
2798 2525 2810 2537 '
2848 2507 3020 2562 Πόθεν
3051 2508 3210 2578 δῆλον
3237 2512 3285 2563 εί
3329 2500 3582 2579 ἀληθεύει
3636 2509 3841 2580 Μωσῆς
3887 2510 3983 2564 καὶ

2417 2601 2467 2653 oi
2491 2600 2762 2671 προφῆται
2780 2599 3002 2655 τοιαῦτα
3018 2600 3264 2669 λέγοντες
3287 2619 3302 2668 ;
3330 2604 3360 2655 6
3380 2601 3558 2674 τρίτος
3578 2600 3733 2671 λόγος
3758 2603 3820 2655 τὸ
3839 2601 3983 2667 ἀξιό-

2419 2709 2610 2746 πιστον
2631 2692 2976 2745 ἀποδείκνυσι
3005 2693 3249 2758 Μωσέως
3278 2695 3371 2747 καὶ
3394 2694 3502 2748 τῶν
3526 2694 3842 2766 προφητῶν,
3888 2696 3985 2748 καί

2417 2785 2502 2837 δτι
2529 2785 2629 2836 ούκ
2655 2785 2748 2852 ἀφ’
2777 2785 2985 2837 ἑαυτῶν
3004 2784 3290 2853 ἐλάλησαν,
3312 2786 3427 2840 ἀλλ’
3454 2790 3518 2839 ὲκ
3541 2786 3688 2851 θείας
3707 2786 3985 2840 ἀποκαλύ-

2417 2874 2562 2943 ψεως
2591 2874 3037 2943 ὲμπνευσθέντες.
3094 2877 3185 2928 καὶ
3237 2877 3654 2946 δοκιμασθέντες
3696 2877 3843 2949 ἔργῳ
3890 2878 3984 2931 καὶ

2419 2967 2722 3036 πράγματι,
2753 2966 3228 3037 προθεωρήσαντες
3255 2967 3393 3022 αὑτά
3424 2967 3598 3030 οὕτως
3635 2968 3848 3034 ἐξεῖπον
3888 2968 3983 3021 καὶ

2419 3056 2469 3107 οί
2491 3058 2548 3107 ὲν
2575 3057 2642 3125 τῇ
2669 3055 2877 3125 Παλαιᾷ
2898 3055 2993 3107 καὶ
3013 3057 3062 3108 οἱ
3093 3057 3151 3107 ὲν
3170 3057 3236 3126 τῇ
3267 3055 3402 3123 Νέᾳ,
3435 3059 3526 3109 καὶ
3549 3056 3603 3108 τί
3631 3056 3692 3109 τὸ
3712 3061 3985 3128 χρήσιμον

750 3164 938 3218 mundi
962 3164 1267 3219 tabularum
1296 3174 1349 3219 et
1382 3163 1677 3234 ﬁgurarum
1717 3143 1945 3232 utilitas,
1984 3182 2046 3222 ac
2070 3143 2174 3238 qua
2213 3182 2306 3223 oc—
2336 3154 2383 3214 α
2414 3169 2417 3180 ⁴

2336 3154 2383 3214 ο
2414 3149 2522 3200 τῶν
2560 3148 2853 3217 σχημάτων
2876 3143 2971 3200 τοῦ
3006 3145 3235 3216 κόσμου,
3261 3148 3356 3199 καὶ
3403 3147 3566 3200 πόθεν
3594 3148 3847 3219 ἀφορμὴν
3889 3147 3984 3201 καὶ

749 3256 967 3310 casione
1017 3263 1207 3311 exorta
1255 3256 1327 3310 sit
1373 3257 1597 3323 Spbaerae
1627 3257 1831 3326 opinio.
1865 3256 2056 3315 Postea
2101 3274 2318 3315 rursum

751 3349 1021 3403 ineorum
1065 3347 1292 3418 gratiam
1373 3348 1466 3416 qui
1525 3349 1711 3404 mundi
1766 3350 1966 3420 ﬁguras
2021 3352 2319 3421 perspicere

755 3439 999 3508 cupiunt,
1043 3449 1270 3508 quartus
1302 3438 1438 3494 liber
1459 3440 1640 3495 editus
1679 3449 1798 3499 est:
1844 3442 2101 3495 nimirum
2144 3443 2320 3498 brevis

750 3531 1129 3600 recapitulatio
1156 3546 1220 3585 ac
1260 3530 1554 3586 delineatio
1594 3547 1784 3586 eorum
1836 3548 1957 3604 quae
1990 3535 2142 3603 prius
2175 3535 2316 3588 dicta

751 3635 899 3689 sunt,
942 3624 1168 3693 sphzura:
1237 3624 1443 3680 scilicet
1493 3633 1545 3678 et
1607 3625 1921 3694 antipodum
1993 3626 2311 3681 confutatio.

752 3714 953 3768 lli-bin:-
983 3715 1177 3768 iterum
1204 3716 1431 3785 quintus
1462 3715 1600 3770 liber
1627 3717 1927 3772 instituitur
1970 3718 2089 3785 ejus
2148 3719 2315 3786 gratia

752 3807 844 3874 qui
896 3806 1237 3862 Christianas
1273 3808 1597 3878 hypotbeses
1628 3818 1834 3876 quaerat
1862 3827 1875 3863 :
1903 3808 2188 3863 declarans
2218 3826 2318 3865 nus

750 3912 857 3952 non
905 3896 1191 3965 ﬁgmenta,
1223 3915 1331 3952 non
1382 3914 1548 3953 novas
1596 3898 1805 3955 fabulas
1851 3915 1882 3954 a
1941 3900 2099 3954 nobis
2153 3914 2313 3955 exco-

750 3989 947 4058 gitatas
997 3991 1200 4056 scripto
1250 3992 1639 4061 cnnsiguasse;
1695 3992 1789 4046 sed
1855 4006 1919 4046 cx
1996 3992 2318 4048 revelationc

751 4089 803 4132 et
848 4078 1004 4146 jussu
1061 4094 1241 4132 rerum
1292 4082 1591 4135 conditoris
1651 4080 1744 4136 Dei
1803 4081 2108 4137 confectum
2155 4086 2317 4140 totius

752 4167 941 4221 mundi
990 4168 1267 4237 exemplar
1299 4171 1641 4238 spcculatos;
1703 4170 1952 4226 videlicet
1995 4172 2314 4229 tabernacu-

752 4261 864 4313 lum
900 4276 929 4313 a
963 4259 1146 4332 Moyse
1174 4270 1569 4327 constructum,
1606 4278 1634 4315 a
1662 4260 1810 4315 Novo
1872 4263 2075 4332 pariter
2127 4262 2314 4317 Testa—

752 4362 935 4406 mento
962 4353 1136 4421 imago
1167 4352 1326 4407 totius
1355 4352 1538 4404 mundi
1578 4361 1852 4415 vocatum,
1905 4354 2050 4421 quod
2081 4353 2170 4408 ille
2200 4356 2316 4409 velo

753 4443 1001 4512 apposito
1029 4443 1296 4504 dividens,
1322 4457 1489 4496 unum
1518 4442 1654 4496 duas
1694 4445 1746 4496 in
1786 4452 1967 4513 partes
1998 4445 2273 4498 distribuit
2297 4465 2308 4498 :

2419 3240 2592 3311 ἀρχὴν
2616 3239 2739 3309 ἔσχε
2772 3241 2868 3310 τῆς
2899 3239 3130 3310 σφαίρας
3159 3242 3193 3311 ή
3226 3240 3468 3294 ὑπόνοια.
3510 3237 3643 3295 Εἶτα
3670 3241 3831 3295 πάλιν
3854 3241 3986 3311 περὶ

2417 3333 2525 3385 τῶν
2548 3332 2851 3386 ποθούντων
2899 3333 3020 3401 ὄψει
3061 3332 3397 3404 παραλαϐεῖν
3428 3334 3498 3386 τά
3540 3336 3812 3405 σχήματα,
3838 3336 3867 3388 6
3890 3335 3985 3388 τέ-

2417 3440 2614 3493 ταρτος
2644 3423 2797 3490 λόγος
2831 3423 3066 3491 ἐγένετο,
3098 3422 3354 3494 σύντομος
3386 3425 3853 3492 άνακεφαλαίωσις
3888 3426 3984 3478 καὶ

2417 3514 2687 3586 διαγραφή
2704 3515 2812 3567 τῶν
2834 3516 3245 3586 προειρημένων
3270 3517 3546 3587 ὑπάρχων,
3573 3518 3668 3571 καὶ
3695 3516 3794 3586 τῆς
3824 3521 3983 3585 σφαί-

2419 3624 2519 3679 ρας
2540 3608 2633 3662 καὶ
2663 3606 2770 3661 τῶν
2796 3607 3093 3660 ἀντιπόδων
3118 3610 3150 3677 ἡ
3179 3609 3476 3678 ἀνατροπή.
3514 3610 3635 3662 Ἐτι
3660 3609 3822 3661 πάλιν
3848 3610 3983 3680 πρὸς

2416 3700 2507 3752 τὸν
2538 3700 2899 3769 αἰτησάμενον
2932 3698 3029 3761 τὰς
3056 3700 3439 3769 Χριστιανικάς
3477 3700 3757 3763 ὑποθέσεις
3789 3702 3818 3751 ὁ
3840 3702 3983 3769 πέμο

2420 3809 2550 3855 πτος
2578 3791 2734 3858 λόγος
2758 3790 3002 3858 ἐγένετο*
3031 3790 3204 3859 δηλῶν
3231 3791 3308 3854 ὠς
3329 3791 3428 3861 οὑχ
3461 3793 3671 3855 ἑαυτοῖς
3699 3792 3983 3861 πλασάμεα

2417 3898 2521 3946 νοι,
2569 3881 2692 3934 οὔτε
2725 3881 2878 3942 νέους
2929 3879 3130 3949 μύθους
3167 3880 3530 3951 ἐφευρηκότες
3556 3921 3571 3947 ,
3617 3883 3917 3954 εἰρήκαμεν
3944 3882 3980 3952 ἢ

2415 3974 2779 4044 διεγράψαμεν
2810 3972 2917 4043 (1)·
2950 3972 3063 4026 ἀλλ’
3096 3972 3154 4038 ἐξ
3190 3974 3581 4042 ἀποκαλύψεως
3620 3980 3713 4028 καὶ
3742 3976 3981 4047 προστά-

2417 4064 2551 4130 ξεως
2583 4063 2717 4116 Θεοῦ
2744 4064 2838 4117 τοῦ
2868 4064 2956 4118 τὸν
2979 4065 3181 4134 κόσμον
3210 4065 3737 4137 δημιουργήσαντος,
3767 4068 3981 4139 θεωρή-

2419 4172 2607 4217 σαντες
2637 4156 2698 4206 τὸ
2724 4156 3015 4224 ἐκμαγεῖον
3036 4154 3128 4209 τοῦ
3153 4156 3349 4218 παντὸς
3385 4157 3588 4225 κόσμου
3609 4173 3626 4187 ο
3649 4155 3748 4227 τὴν
3775 4156 3981 4228 σκηνὴν

2418 4248 2557 4316 λέγω
2586 4247 2685 4323 τὴν
2720 4247 2823 4299 ὑπὸ
2856 4245 3096 4310 Μωσέως
3129 4248 3678 4314 κατασκευασθεῖσαν,
3714 4249 3779 4318 ἢν
3811 4250 3907 4302 καὶ
3946 4253 3979 4322 ἡ

2416 4340 2528 4392 Νέα
2556 4337 2856 4408 συμφώνως
2880 4338 3194 4407 ἑκτύπωμα
3216 4340 3442 4406 παντὸς
3471 4341 3576 4395 τοῦ
3619 4343 3850 4410 κόσμου
3879 4342 3983 4396 αὑ-

2414 4433 2512 4501 τὴν
2546 4429 2746 4501 ἔφησεν
2777 4428 2944 4483 εἶναι’
2980 4431 3048 4500 ἣν
3075 4431 3168 4482 καὶ
3197 4430 3385 4484 διελὼν
3422 4433 3450 4481 6
3499 4433 3736 4503 Μωῦσῆς
3767 4434 3851 4487 διὰ
3881 4435 3979 4488 τοῦ

751 4534 1206 4604 quemadmodum
1244 4545 1299 4588 et
1330 4533 1471 4588 Deus
1498 4534 1567 4588 ab
1597 4535 1751 4589 initio
1806 4535 2077 4605 regionem
2128 4553 2311 4600 unam,
2349 4506 2388 4559 θ

2349 4506 2388 4559 ί)
2422 4525 2940 4593 καταπετάσματος,
2974 4525 3070 4592 τὴν
3113 4524 3238 4592 μίαν
3269 4525 3348 4586 είς
3387 4523 3480 4577 δύο
3515 4525 3812 4594 πεποίηκε,
3845 4525 3979 4579 καθ-

752 4624 1016 4679 sriliceta
1049 4634 1191 4679 terra
1216 4639 1387 4693 usque
1438 4626 1504 4681 ad
1557 4626 1792 4693 primum
1855 4628 2074 4693 coelum,
2136 4632 2314 4683 lirma-

754 4717 1153 4771 mentodirisit
1181 4718 1235 4770 in
1275 4718 1413 4771 duas
1448 4718 1693 4787 regiones
1725 4734 1739 4770 :
1785 4734 1848 4774 ac
1872 4720 2019 4773 velut
2048 4720 2100 4773 in
2136 4723 2313 4775 taber-

754 4807 953 4861 naculo
984 4807 1224 4860 interiori
1251 4818 1304 4861 et
1347 4808 1631 4874 exteriori;
1662 4809 1743 4863 sic
1781 4809 1853 4863 ibi
1896 4825 2128 4878 superna
2155 4823 2208 4865 et
2233 4813 2314 4865 in-

758 4898 906 4951 ferna
948 4897 1097 4966 regio
1140 4905 1257 4952 est:
1294 4905 1349 4950 et
1402 4897 1611 4951 inferna
1660 4898 1877 4967 quidem
1939 4899 2029 4954 bic
2079 4902 2316 4956 mundus

753 4995 872 5051 est;
900 5002 1132 5056 superna
1166 5002 1313 5050 vero,
1364 4986 1580 5061 futurus
1613 4989 1866 5050 mundus.
1906 5004 2015 5057 quo
2052 4988 2315 5046 Dominus

755 5078 1029 5142 Christus,
1057 5085 1343 5147 postquam
1378 5078 1680 5132 secundum
1728 5093 1947 5133 carnem
1987 5094 2052 5133 ex
2085 5081 2315 5133 mortuis

756 5167 1167 5229 resurrexisset,
1205 5166 1412 5236 primus
1445 5168 1685 5221 omnium
1742 5169 2006 5232 ascendit,
2056 5185 2121 5224 ac
2182 5172 2313 5235 justi

738 5271 944 5329 postea
1008 5263 1318 5315 ascenderit.
1345 5259 1411 5313 Et
1470 5259 1614 5329 quod
1689 5260 1758 5314 ab
1783 5260 1990 5315 Adatno
2023 5278 2197 5331 usque
2246 5264 2312 5317 ad

758 5351 1000 5423 Moysen,
1052 5365 1082 5404 a
1124 5351 1302 5420 Moyse
1362 5368 1537 5422 usque
1592 5353 1658 5406 ad
1704 5351 1990 5419 Joannem,
2033 5370 2064 5408 a
2109 5354 2315 5410 Joanne

758 5458 948 5499 onmes
975 5443 1204 5513 apostoli
1278 5452 1332 5498 et
1395 5444 1776 5515 evangelista;
1826 5461 2035 5513 omnes,
2071 5448 2313 5518 inquam,

760 5548 867 5588 una
917 5548 1067 5599 voce,
1124 5548 1249 5588 cum
1290 5534 1486 5600 verbis,
1525 5546 1638 5589 tum
1663 5536 1868 5606 ﬁguris,
1933 5538 2001 5592 de
2050 5539 2135 5594 bis
2177 5541 2314 5595 duo-

760 5623 862 5678 bus
898 5624 1128 5678 statibus
1150 5624 1315 5679 verba
1341 5622 1569 5682 fecerint
1617 5646 1632 5681 :
1666 5628 1953 5700 nullusque
1980 5645 2167 5684 eorum
2213 5648 2308 5685 va-

762 5714 838 5767 ria
886 5713 1206 5782 protulerit;
1239 5730 1417 5785 neque
1441 5716 1604 5772 alium
1632 5728 1753 5775 ante
1790 5721 1931 5777 hunc
1962 5730 2182 5789 statum,
2219 5739 2310 5781 nc~

833 5851 907 5909 {ll
933 5849 949 5901 ἵ
978 5866 1102 5905 oms
1131 5853 1415 5921 perplexas

2415 4615 2562 4684 άπερ
2590 4614 2683 4667 καὶ
2711 4616 2739 4667 6
2768 4615 2897 4677 Θεὸς
2932 4616 2990 4680 ἐξ
3014 4614 3186 4685 ἀρχῆς
3210 4614 3301 4668 τὸν
3325 4615 3501 4685 χῶρον
3517 4618 3607 4668 τὸν
3639 4616 3734 4669 ἕνα
3756 4618 3849 4671 τὸν
3867 4618 3980 4672 ἀπὸ

2413 4706 2512 4777 τῆς
2536 4707 2638 4777 γῆς
2669 4707 2773 4770 ἓως
2801 4705 2895 4759 τοῦ
2928 4705 3142 4776 πρώτου
3173 4705 3400 4777 οὐρανοῦ
3428 4706 3515 4760 διὰ
3543 4707 3635 4760 τοῦ
3669 4706 3980 4778 στερεώμα-

2414 4816 2506 4862 τος
2532 4799 2725 4852 διεῖλεν
2748 4802 2828 4864 είς
2857 4799 2949 4852 δύο
2972 4800 3183 4871 χώρους
3203 4816 3216 4830 ’
3241 4800 3316 4863 ῶς
3349 4803 3406 4853 ἐν
3436 4803 3503 4872 τῇ
3543 4803 3714 4873 σκηνῇ
3744 4804 3811 4872 τῇ
3840 4802 3980 4865 ἔξω·

2415 4891 2548 4965 τέρᾳ
2568 4892 2659 4944 καὶ
2687 4892 2951 4962 ἐσωτέρᾳ.
2975 4892 3205 4947 ἐνταῦθα
3229 4891 3534 4963 κατώτερος
3562 4893 3656 4947 καὶ
3684 4893 3975 4964 ἀνῶτερος.

2418 4985 2526 5036 Καὶ
2557 4981 2860 5053 κατῶτερος
2893 4984 2989 5053 μέν
3022 4986 3167 5038 ἐστιν
3194 4986 3223 5038 6
3264 4985 3464 5056 κόσμος
3496 4978 3685 5050 οὗτοςο
3714 4988 3743 5038 6
3767 4987 3976 5041 ἀνώτε-

2420 5090 2510 5144 ρος
2543 5072 2599 5125 δὲ
2630 5076 2658 5125 ό
2688 5072 2891 5143 μέλλων
2926 5074 3124 5142 κόσμος
3146 5088 3159 5101 ·
3195 5072 3323 5127 ἔνθα
3360 5073 3450 5126 καὶ
3475 5074 3504 5125 6
3535 5072 3808 5143 Δεσπάτης
3835 5075 3977 5145 Χρι-

2418 5165 2541 5227 στὸς
2574 5165 2714 5217 κατά
2741 5165 2915 5234 σάρκα
2947 5166 3011 5217 ὲκ
3050 5163 3259 5235 νεκρῶν
3298 5163 3558 5230 ἀναστὰς,
3589 5164 3800 5235 πρῶτος
3838 5164 3980 5218 πάνυ

2415 5273 2523 5310 των
2545 5256 2856 5324 ἀνελήλυθε,
2888 5256 2984 5309 καὶ
3007 5256 3058 5309 oi
3086 5255 3280 5309 δίκαιοι
3305 5254 3442 5324 μετά
3461 5254 3634 5310 ταῦτα
3658 5255 3822 5309 πάλιν
3871 5257 3972 5309 ἀν-

2418 5350 2740 5402 ελεύσονται.
2780 5348 2887 5401 Καὶ
2917 5348 2999 5401 ὅτι
3033 5349 3142 5402 ἀπὸ
3173 5350 3265 5401 τοῦ
3302 5348 3470 5420 Ἀδάμ
3504 5347 3664 5420 μέχρι
3707 5349 3974 5415 Μωσέως,

2418 5444 2513 5495 καὶ
2543 5441 2651 5494 ἀπὸ
2688 5443 2927 5503 Μωσέως
2959 5442 3061 5502 ἓως
3110 5440 3386 5505 Ἰωάννου,
3432 5441 3527 5495 καὶ
3567 5441 3675 5495 ἀπὸ
3728 5441 3976 5495 Ἰωάννου

2418 5534 2614 5596 πάντες
2643 5533 2691 5585 οἱ
2735 5531 3016 5584 ἀπόστολοι
3069 5533 3160 5585 καὶ
3206 5530 3583 5599 εὑαγγελισταὶ
3606 5569 3624 5595 ,
3672 5531 3977 5602 συμφώνως

2421 5629 2641 5690 πάντες,
2686 5624 2780 5678 καὶ
2810 5622 2897 5676 διὰ
2941 5623 3113 5691 λόγων
3145 5625 3240 5677 καὶ
3263 5623 3351 5678 διά
3385 5622 3572 5677 τύπων
3601 5622 3816 5688 ὶξεῖπον
3843 5623 3977 5692 περὶ

2422 5720 2525 5775 τῶν
2560 5718 2650 5773 δύο
2685 5717 2887 5772 τούτων
2916 5715 3318 5776 καταστάσεων,
3346 5715 3438 5770 καὶ
3471 5715 3552 5770 ὅτι
3580 5715 3752 5779 οὐδεὶς
3787 5715 3975 5769 αὐτῶν
