4222 6442
266 423 338 485 57
1178 426 1727 486 TOPOGRAI’leE
1763 425 2243 485 CHRISTIANJ‘I
2277 427 2420 486 LIB.
2461 428 2507 486 I.
3412 434 3492 500 58

260 532 618 602 διετρὼνησεν,
671 532 793 586 οὗτε
849 535 955 604 πρδ
1001 534 1198 604 ταύτης
1251 538 1440 604 ἑτέραν
1490 535 1676 600 εἰπὼν,
1707 534 1828 588 οὗτε
1861 542 1900 599 Α

1815 552 1828 588 ι
1861 542 1900 599 Α
1931 549 2037 603 qne
2086 545 2205 605 post
2226 535 2548 602 secundum,
2579 537 2796 591 tertium
2832 535 2946 593 fore
2975 541 3360 611 supposuerit;
3387 547 3482 602 sed

262 625 405 693 μετά
423 625 522 690 τὴν
549 625 803 692 δευτέραν
836 625 1025 694 τρίτην
1069 625 1395 694 ὑποθέμενος
1419 642 1434 657 ο
1465 625 1601 679 ἀλλά
1625 625 1822 689 πάντες
1924 647 1929 672 ‹

1814 643 1822 688 ;
1924 641 2130 696 omnes,
2194 636 2375 696 utpote
2423 632 2562 694 uno:
2601 627 2783 683 divino
2839 627 3042 698 Spiritu
3106 631 3289 700 afﬂati,
3344 634 3481 690 duos

257 717 340 778 ὡς
369 715 426 780 ἐξ
455 715 570 777 ἐνὸς
603 714 745 767 θείου
780 715 1093 783 Πνεύματος
1123 717 1573 784 ὲμπνευσθέντες,
1597 716 1694 778 τὰς
1728 716 1822 770 δύο
1921 742 1924 761 ‹

1816 738 1822 766 ι
1921 717 2184 772 duntaxat
2230 726 2404 773 status
2429 718 2773 774 declararint.
2835 719 3224 788 Quamobrem,
3288 726 3483 782 divina:

257 807 435 872 μόνας
485 806 842 867 καταστάσεις
893 805 1124 868 ἐξεῖπον.
1166 805 1326 859 Ὅθεν
1361 807 1725 877 θαρρήσαντες
1752 809 1818 877 τῇ

254 895 380 964 θείᾳ
424 895 590 956 ὅντως
623 895 834 964 Γραφῇ,
875 895 1295 966 κατεγράψαμεν
1326 897 1420 950 καὶ
1463 899 1530 951 τὰ
1567 899 1818 968 σχήματα

249 982 353 1036 τοῦ
394 985 595 1048 παντὸς
642 984 866 1054 κόσμου,
908 986 1000 1038 καὶ
1047 988 1240 1048 αὐτοὺς
1275 988 1400 1050 τοὺς
1423 988 1618 1048 τόπους
1647 989 1704 1038 ἐν
1735 981 1818 1050 οἷς

251 1077 514 1146 εὑρήσεις
542 1079 633 1129 καὶ
663 1079 762 1146 τὴν
791 1076 968 1140 ἔξοδον
989 1077 1167 1130 αὐτῶν
1193 1078 1300 1130 τῶν
1336 1078 1816 1148 ’1σραηλιτῶν,καὶ

247 1168 314 1218 τὸ
339 1168 463 1237 ὅρος
495 1170 553 1219 ἐν
580 1161 624 1235 ᾧ
651 1169 743 1220 τὸν
768 1170 930 1238 νόμον
966 1168 1253 1238 ἐγγράφως
1289 1167 1556 1232 ἐδέξαντο,
1587 1170 1680 1219 καὶ
1707 1167 1814 1220 τῶν

246 1261 601 1329 γραμμάτων
629 1261 730 1330 τὴν
753 1263 944 1329 πεῖραν
965 1260 1336 1330 ἐδιδάχθησαν,
1356 1260 1564 1328 καὶτῆς
1602 1258 1813 1329 Σκηνῆς

244 1352 351 1419 τὴν
374 1352 702 1423 διαγραφὴν,
725 1353 818 1404 καὶ
849 1352 946 1422 τὴν
975 1352 1302 1420 κατάσχεσιν
1333 1351 1513 1404 αὐτῶν
1531 1351 1630 1419 τὴν
1653 1351 1710 1401 ἐν
1741 1350 1807 1418 τῇ

242 1447 320 1514 γῇ
359 1445 461 1512 τῆς
513 1444 876 1511 ἐπαγγελίας·
905 1444 1058 1514 ἄχρις
1089 1442 1156 1496 ἂν
1198 1443 1228 1495 ό
1275 1441 1718 1511 προσδοκώμενος
1751 1439 1811 1503 ἐξ

240 1534 426 1588 αὐτῶν
454 1537 547 1588 καὶ
563 1535 1067 1606 προκηρυττόμενος
1091 1533 1180 1587 διὰ
1203 1533 1419 1587 πάντων
1436 1532 1544 1585 τῶν
1564 1531 1808 1603 ἀρχαίων

239 1624 552 1694 ἀνθρώπων
582 1626 675 1677 καὶ
708 1625 1017 1696 προφητῶν,
1057 1625 1406 1696 παρεγένετο,
1443 1622 1807 1678 ἀναδεικνύων

239 1715 342 1780 τὴν
364 1703 666 1784 μέλλουσαν
693 1715 949 1786 δευτέραν
978 1717 1334 1780 κατάστασιν,
1352 1717 1418 1786 ἢν
1438 1715 1532 1768 καὶ
1561 1729 1806 1784 παραγε-

237 1805 467 1870 νόμενος
520 1807 578 1858 ἐν
626 1805 801 1876 ἐαυτῷ
833 1805 998 1871 ἔδειξε
1029 1808 1193 1860 πᾶσιν
1226 1808 1389 1877 ἡμῖν·
1441 1804 1694 1858 είσελθὼν
1722 1805 1801 1866 είς

1923 801 2212 874 Scriptura:
2245 806 2402 877 116
2429 821 2652 875 prorsus
2673 807 2914 870 ﬁdentes,
2953 811 3121 865 totius
3135 813 3319 867 mundi
3345 814 3476 884 ﬁgu-

1921 910 2013 950 ras
2040 897 2460 962 delineaviinus;
2501 912 2603 953 nec
2631 913 2739 952 non
2758 899 2875 954 loca
2897 900 3008 966 illa,
3031 901 3084 956 in
3108 903 3306 972 quibus
3327 919 3480 974 repe-

1918 986 2027 1041 rias
2056 985 2412 1042 lsraelitarnm
2446 988 2677 1052 exitum,
2728 999 2963 1044 montem
2996 992 3050 1045 in
3076 1008 3188 1061 quo
3206 986 3477 1065 rscriptam

1917 1075 2085 1144 legem
2103 1089 2444 1146 acceperunt,
2464 1090 2516 1132 et
2533 1079 2835 1134 litterarum
2852 1081 3044 1149 peritia
3062 1083 3309 1139 instructi
3331 1097 3476 1150 sunt,

1915 1168 2243 1223 tabernaculi
2286 1169 2724 1239 descriptionem,
2764 1187 3066 1244 eorumque
3090 1174 3144 1229 in
3172 1184 3314 1232 terra
3349 1193 3477 1247 pro-

1915 1259 2191 1315 missionis
2230 1261 2434 1330 positas
2483 1264 2639 1319 sedes
2667 1282 2680 1318 :
2708 1264 2882 1319 donec
2917 1266 2961 1320 is
2992 1267 3084 1334 qui
3105 1281 3170 1322 ex
3200 1267 3288 1321 illa
3321 1279 3477 1338 gente

1909 1349 2150 1404 oriturus
2167 1353 2598 1421 exspectabatur,
2624 1363 2679 1406 et
2705 1353 2773 1407 ab
2803 1353 3042 1423 antiquis
3067 1357 3320 1412 omnibus
3343 1359 3474 1414 viris

1907 1446 1961 1492 et
2021 1441 2296 1508 prophetis
2360 1443 2774 1511 praedicabatur,
2827 1445 3066 1510 advenit,
3131 1461 3197 1501 ac
3227 1446 3472 1503 futurum

1908 1528 2054 1582 llun
2091 1530 2388 1585 secundum
2415 1543 2614 1588 statum
2645 1535 2977 1590 declaravit:
3025 1551 3189 1606 quem
3222 1548 3344 1608 post
3375 1540 3474 1592 ad-

1904 1629 2124 1673 ventum
2158 1635 2317 1675 suum
2369 1622 2424 1676 in
2462 1623 2644 1693 seipse
2699 1625 2857 1679 nobis
2902 1627 3156 1682 omnibus
3202 1627 3468 1691 exhibuit,

1903 1707 2182 1777 ingressus
2219 1711 2274 1765 in
2327 1712 2554 1770 interius
2618 1714 3047 1782 tabernaculum,
3073 1715 3127 1771 in
3176 1733 3468 1788 supernam

1901 1804 2174 1858 caelestem
2226 1807 2521 1874 regionem,
2571 1810 2636 1863 ad
2662 1826 2824 1880 quam
2866 1812 2920 1866 in
2967 1814 3206 1868 secundo
3233 1814 3466 1869 adventu

235 1899 338 1966 τὴν
367 1899 642 1968 ἐσωτέραν
669 1899 891 1969 σκηνὴν,
914 1901 994 1963 είς
1014 1898 1106 1953 τὸν
1125 1897 1394 1970 ἀνώτερον
1416 1898 1663 1967 οὐράνιον
1689 1896 1796 1966 χῶ-
1829 1883 1872 1943 Β
1899 1915 1902 1948 :

1829 1883 1872 1943 Β
1899 1909 2000 1950 suo
2041 1895 2221 1964 justos
2249 1898 2534 1954 advocabit
2564 1901 2750 1956 dicens
2785 1921 2798 1957 :
2841 1903 3038 1969 Venite,
3069 1903 3322 1959 benedicti
3360 1904 3467 1958 Pa-

237 2006 352 2058 ρον,
375 1990 458 2052 εἰς
483 1989 542 2041 ὃν
570 1990 956 2060 προσκαλεῖται
984 1993 1110 2054 τοὺς
1135 1991 1377 2054 δικαίους
1399 1993 1458 2045 ἐν
1478 1992 1543 2060 τῇ
1573 1987 1800 2058 δευτέρα.

234 2083 511 2150 παρουσία
527 2082 720 2150 λέγων·
743 2084 936 2147 Δεῦτε,
961 2088 1013 2138 οἱ
1028 2083 1420 2154 εὐλογημένοι
1439 2081 1544 2136 τοῦ
1565 2079 1792 2148 Πατρός

1905 1987 2002 2040 tris
2056 1988 2179 2054 mei,
2217 1991 2467 2060 percipite
2504 2002 2751 2061 paratum
2783 1995 3168 2066 uobisregnum
3197 2013 3232 2051 α
3269 1998 3468 2052 consti-

1898 2079 2098 2132 tutione
2143 2082 2326 2136 mundi
2358 2084 2396 2137 ι.
2429 2082 2531 2152 Ipsi
2553 2085 2724 2155 gloria
2767 2086 2822 2140 in
2871 2089 3086 2143 saeuis.
3114 2089 3286 2144 Amen

232 2187 371 2239 μου,
401 2174 892 2240 κληρονομήσατε
925 2173 1037 2241 τὴν
1055 2171 1504 2242 ἡτοιμασμένην
1521 2169 1664 2239 ὑμῖν
1677 2165 2004 2232 ,βασιλείαν
2032 2165 2151 2221 ἀπὸ
2171 2169 2508 2236 καταϐολῆς
2539 2175 2792 2243 κόσμου.
2814 2176 2972 2248 Λύτῷ
2999 2179 3034 2249 ὴ
3066 2177 3194 2244 δόξα
3230 2180 3310 2244 είς
3339 2179 3467 2243 τοὺς

230 2265 458 2328 αἰῶνας.
503 2266 690 2334 Ἀμήν.

304 2359 369 2410 Αἱ
401 2357 760 2428 παραγραφαὶ
794 2355 971 2409 τοίνυν
997 2358 1053 2409 αἱ
1088 2356 1334 2427 κείμεναι
1368 2357 1424 2408 ὲν
1457 2353 1581 2425 τῇδε
1612 2357 1680 2423 τῇ
1722 2351 1802 2422 βί-

229 2450 365 2519 ϐλῳ,
394 2451 530 2522 πρὸς
553 2448 890 2520 σαφεστέραν
917 2450 1162 2520 διήγησιν
1180 2448 1276 2502 τοῦ
1305 2447 1556 2518 κειμένου
1589 2446 1797 2514 ἔγκειν-

227 2561 341 2596 ται.
378 2545 437 2596 'U
459 2541 842 2610 ἀναγινώσκων
865 2538 956 2596 οὖν
975 2542 1187 2612 πρῶτον
1201 2542 1262 2595 τὸ
1285 2541 1552 2611 κείμενον,
1585 2537 1799 2608 ἀναγνῷ

228 2635 326 2685 καὶ
353 2633 524 2696 οὕτως
552 2634 648 2702 τὴν
678 2633 1064 2702 παραγραφὴν.

515 2751 752 2802 ΚΟΣΜΑ
795 2749 1131 2802 ΜΟΝΑΧΟΥ
1169 2748 1385 2802 ΛΟΓΟΣ
1415 2749 1492 2800 Α’.

224 2862 390 2930 Πρὸς
434 2861 574 2926 τοὺς
617 2861 1039 2928 Χριστιανίζειγ
1089 2859 1205 2928 μὲν
1258 2857 1596 2923 ἐθέλοντας,
1645 2857 1794 2912 κατά

298 2951 445 3014 τοὺς
470 2949 692 3013 ἔξωθεν
717 2949 784 3002 δὲ
814 2948 1163 3018 σφαιροειδῆ
1203 2950 1310 3001 τὸν
1344 2948 1601 3016 οὐρανὸν
1635 2946 1794 3015 νομί-

299 3040 508 3106 ζοντας
539 3041 638 3094 καὶ
666 3039 1042 3105 δοξάζοντας.

298 3157 454 3208 Ὅσοι
486 3154 633 3225 πόθῳ
661 3155 758 3225 τῆς
803 3152 1036 3222 ἀληθοῦς
1072 3151 1324 3220 γνώσεως
1380 3153 1621 3221 ἐφίενται
1643 3190 1659 3215 ,
1695 3153 1790 3207 καὶ

225 3247 456 3315 ἐρασταὶ
483 3246 660 3314 φωτὸς
696 3243 946 3316 ἀληθινοῦ
977 3243 1299 3314 ὑπάρχουσι,
1339 3244 1434 3297 καὶ
1459 3245 1518 3298 ὲν
1554 3243 1632 3313 τῷ
1661 3244 1788 3313 μέλ-

223 3336 371 3387 λοντι
402 3336 555 3387 αίῶνι
585 3334 907 3404 συμπολίται
939 3334 1046 3386 τῶν
1088 3335 1259 3401 ἁγίων
1285 3333 1602 3386 σπεύδουσιν
1625 3329 1786 3398 εἶναι,

221 3428 272 3476 οἱ
302 3425 405 3495 τὴν
453 3425 693 3478 Παλαιὰν
736 3425 828 3476 καὶ
870 3424 1076 3492 Καινὴν
1116 3424 1388 3494 Διαθήκην
1430 3422 1578 3476 θείαν
1619 3424 1786 3487 ὅντως

224 3517 447 3584 Γραφὴν
478 3515 786 3584 ἡγούμενοι,
816 3517 864 3568 οἱ
894 3517 1101 3587 Μιυῦσῇ
1132 3517 1226 3569 καὶ
1253 3515 1330 3587 τῷ
1356 3516 1574 3587 Χριστῷ
1603 3517 1785 3570 πειθό-

1971 2351 2328 2424 Ρατοει-εριιεε
2371 2353 2536 2424 igitur
2572 2356 2675 2411 hoc
2717 2358 2769 2411 in
2801 2357 2940 2414 libro
2971 2359 3182 2430 positae,
3225 2361 3293 2414 ad
3323 2358 3468 2416 luci-

1897 2439 2103 2497 diorem
2157 2443 2232 2497 rei
2289 2446 2574 2514 propositae
2620 2447 3020 2503 enarrationem
3097 2451 3302 2519 jaceat.
3356 2447 3464 2516 Qui

1897 2528 2063 2598 igitur
2116 2539 2320 2587 textum
2354 2534 2508 2601 prius
2540 2535 2750 2603 legerit,
2787 2534 2931 2605 legat
2963 2543 3152 2604 postea
3203 2548 3463 2605 paragra-u

1896 2620 2080 2688 pham.

2201 2733 2454 2790 COSMIE
2503 2734 2806 2791 MONACHI
2841 2735 3040 2790 LIBER
3083 2734 3124 2790 Ι.

1893 2862 2092 2919 Contra
2120 2880 2206 2918 eos
2233 2866 2321 2934 qui
2355 2881 2472 2918 cum
2527 2865 2814 2920 Christiani
2881 2882 2991 2920 esse
3046 2864 3228 2930 velint,
3269 2877 3473 2917 secuuo.

1961 2954 2085 3006 dum
2115 2964 2318 3009 exteros
2359 2955 2670 3022 spltwricum
2713 2972 2824 3009 esse
2850 2958 3032 3008 caelum
3061 2963 3247 3024 putant
3273 2961 3322 3006 et
3352 2951 3473 3022 ορὸι.

1973 3057 2190 3102 nuntur.

1957 3177 2234 3246 Quotquot
2257 3176 2436 3232 studio
2469 3191 2607 3232 vene
2633 3177 2960 3247 cognitionis
2982 3177 3159 3234 aﬁ‘ecti
3221 3188 3276 3234 et
3305 3194 3470 3236 ama-

1888 3281 2034 3326 tores
2085 3270 2196 3324 veri
2225 3269 2446 3324 luminis
2502 3278 2651 3334 sunt,
2683 3269 2848 3339 quiin
2885 3267 3071 3325 futuro
3098 3271 3298 3327 saeculo
3321 3287 3455 3328 con-

1886 3359 2033 3413 cives
2069 3367 2378 3412 sanctorum
2423 3371 2546 3413 esse
2573 3366 2844 3428 satagunt,
2893 3361 2985 3429 qui
3031 3357 3198 3417 Vetus
3231 3371 3285 3416 et
3337 3361 3468 3418 No-.

1886 3465 2012 3503 vum
2055 3447 2482 3515 Testamentum,
2535 3448 2868 3518 Scripturam
2905 3465 3029 3506 vere
3058 3450 3300 3507 divinam
3327 3454 3452 3508 exi-

1886 3540 2132 3604 stimant,
2172 3541 2266 3610 qui
2316 3538 2484 3610 Moysi
2538 3549 2592 3593 et
2643 3539 2860 3595 Christo
2914 3541 3302 3611 obtemperant,
3353 3544 3450 3613 qui

226 3621 401 3670 μενοι,
435 3606 487 3656 οἱ
521 3606 638 3666 ταῖς
666 3606 860 3672 ἀρχαῖς
891 3605 1098 3657 ὲαυτῶν
1141 3607 1302 3675 μέχρι
1337 3607 1523 3670 τέλους
1559 3608 1784 3662 ἀκολου·
1810 3625 1851 3682 (ι
1886 3631 1893 3684 ί

1778 3625 1851 3682 'C
1886 3631 2087 3700 ipsosa
2111 3605 2372 3700 principio
2406 3605 2479 3683 ad
2526 3630 2687 3684 linem
2739 3645 2909 3699 usque
2967 3605 3294 3700 sequuntur,
3341 3605 3445 3703 q-ui

222 3696 462 3758 (λούντες,
491 3697 540 3748 οἱ
564 3698 628 3748 ὲκ
652 3695 745 3748 τοῦ
777 3696 999 3766 μηδαμῆ
1033 3697 1295 3767 μηδαμῶς
1330 3698 1422 3750 τὸν
1455 3699 1656 3769 κόσμον
1679 3699 1787 3753 ὑπὸ

219 3787 355 3840 θεοῦ
396 3787 670 3856 παρῆχθαι
701 3788 1106 3857 ὁμολογοῦντες,
1147 3791 1238 3842 καὶ
1267 3790 1615 3854 πιστεύοντες
1655 3793 1787 3846 ἀνά-

221 3893 414 3929 στασιν
439 3875 681 3943 γίνεσθαι
711 3874 1012 3945 ἀνθρώπων
1033 3878 1125 3928 καὶ
1156 3877 1356 3948 κρίσιν,
1389 3879 1482 3931 καὶ
1523 3879 1782 3950 κληρονο-

223 3969 346 4036 μεῖν
379 3969 508 4028 τοὺς
529 3966 768 4028 δικαίους
799 3965 1071 4033 βασιλείαν
1089 3968 1352 4038 οὐρανῶν,
1390 3971 1781 4040 περισκοποῦσι

219 4061 404 4110 πᾶσαν
428 4057 524 4126 τὴν
555 4057 703 4110 θείαν
724 4057 962 4126 Γραφὴν,
993 4059 1041 4109 εί
1068 4060 1438 4130 γεγραμμένοι
1460 4061 1783 4132 τυγχάνουσι

220 4151 374 4219 παρά
401 4151 605 4219 Μωῦσῇ
633 4149 713 4220 τῷ
748 4149 1186 4221 συγγραψαμένῳ
1209 4153 1308 4223 τὴν
1346 4154 1543 4220 κτίσιν,
1571 4155 1604 4224 ἢ
1649 4156 1778 4226 παρ’

220 4243 425 4312 ἑτέροις
451 4243 776 4310 προφήταις,
821 4242 973 4295 τόποι
999 4243 1092 4296 καὶ
1129 4245 1379 4314 σχήματα
1418 4248 1518 4317 τῆς
1554 4247 1779 4311 κτίσεως

218 4334 420 4400 πάσης,
468 4331 526 4383 ὲν
560 4327 641 4394 οἷς
679 4333 796 4383 ἐστι
829 4332 1218 4402 σημαινόμενος
1256 4335 1347 4387 καὶ
1383 4337 1411 4387 ὀ
1450 4336 1612 4398 τόπος
1653 4335 1779 4389 ἔνθα

218 4420 367 4472 ἐστὶν
393 4423 424 4488 ἡ
453 4419 696 4488 βασιλεία
725 4419 832 4472 τῶν
851 4421 1092 4489 οὐρανῶν
1131 4438 1147 4453 ο
1181 4423 1356 4492 ἥνπερ
1383 4425 1774 4492 ἐπαγγέλλεται

217 4513 245 4563 ό
268 4513 548 4580 Δεσπότης
573 4512 805 4581 Χριστὸς
833 4512 1118 4582 δωρεῖσθαι
1140 4512 1230 4565 τὸν
1255 4513 1384 4566 Θεὸν
1411 4519 1522 4578 τοῖς
1549 4515 1774 4580 δικαίοις

216 4604 545 4671 ἀνθρώποις.
589 4604 943 4672 Εὖρίσκοντες
979 4605 1036 4658 δὲ
1069 4604 1310 4659 Παλαιάν
1333 4623 1392 4659 τε
1421 4608 1516 4660 καὶ
1570 4609 1776 4679 Καινὴν

216 4695 493 4763 Διαθήκην
542 4693 827 4762 σύμφωνον
866 4696 1052 4766 ἑαυτῇ,
1099 4697 1352 4764 μένουσιν
1393 4699 1453 4752 ἐν
1486 4700 1623 4770 αὐτῇ
1656 4703 1777 4754 ἐπι-

217 4785 594 4854 στηριζόμενοι
622 4785 714 4838 καὶ
749 4787 1050 4850 ἀσάλευτοι,
1099 4789 1156 4840 ὲν
1192 4789 1380 4860 μηδενὶ
1411 4790 1514 4843 ὑπὸ
1536 4791 1646 4844 τῶν
1688 4794 1774 4845 ἐν·

215 4881 414 4932 αντίων
447 4881 920 4949 περιτρεπόμενοι.
946 4883 1007 4935 Oi
1038 4882 1095 4934 δὲ
1127 4886 1190 4953 τῇ
1223 4883 1313 4936 τοῦ
1351 4886 1553 4955 κόσμου
1581 4887 1772 4940 τούτου

1891 3719 2151 3774 numdum
2195 3737 2260 3774 ex
2290 3721 2461 3774 nihilo
2497 3735 2525 3774 a
2568 3718 2680 3774 Deo
2726 3720 3046 3788 productum
3092 3721 3444 3785 conﬁtentur,

1886 3809 1980 3878 qui
2011 3810 2240 3864 credunt
2271 3811 2550 3865 hominum
2597 3811 3042 3864 resurrectionem
3083 3819 3138 3865 et
3177 3811 3446 3880 judicium

1891 3899 2029 3966 fore,
2071 3915 2137 3955 ac
2163 3901 2341 3969 justos
2384 3916 2607 3971 regnum
2651 3901 2911 3958 caelorum
2964 3901 3019 3956 in
3076 3901 3446 3959 hereditatem

1883 4002 2201 4062 accepturos
2252 4007 2392 4055 esse,
2427 3993 2462 4046 ii
2501 4001 2666 4046 totam
2689 3993 2926 4047 divinam
2977 3991 3311 4061 Scripturam
3335 3995 3444 4050 circ

1881 4082 2270 4151 cumspiciunt,
2301 4083 2698 4152 ohservantque
2723 4097 2852 4137 num
2885 4082 3027 4152 apud
3075 4081 3314 4153 Moysen,
3343 4085 3449 4153 qui,

1879 4169 2214 4228 creationem
2239 4173 2444 4241 scripto
2475 4174 2734 4235 narravit,
2773 4183 2866 4227 aut
2922 4170 3065 4241 apud
3109 4173 3247 4229 alios
3303 4189 3439 4243 ιιι-οη,

1880 4263 2088 4332 phetas,
2121 4263 2376 4332 descripti
2419 4264 2760 4333 reperiantur
2797 4262 2898 4318 loci
2951 4270 3050 4318 aut
3111 4262 3299 4333 ﬁgurae
3348 4272 3446 4319 ιιι-κ

1879 4356 1988 4409 tius
2013 4371 2194 4408 rerum
2224 4354 2425 4424 Opiﬁcii
2452 4374 2466 4410 :
2501 4355 2592 4410 ubi
2617 4355 2946 4424 signiﬁcetur
2976 4355 3132 4411 locus
3160 4356 3251 4412 ille
3287 4357 3447 4427 regni,

1878 4445 2160 4509 caelorum,
2216 4444 2360 4513 quod
2383 4444 2546 4513 iustis
2600 4443 2913 4499 hominibus
2961 4442 3130 4499 Deum
3179 4444 3450 4503 daturum.

1876 4552 2001 4592 esse
2058 4537 2342 4606 pollicetur
2366 4536 2616 4592 Christus
2648 4535 2928 4590 Dominus.
2953 4535 3058 4591 Ubi
3107 4550 3237 4590 vero
3285 4551 3448 4592 com-

1877 4637 2090 4698 pertum
2141 4626 2362 4690 habent,
2421 4624 2586 4680 Vetus
2655 4633 2710 4680 et
2759 4622 2969 4678 Novum
3033 4622 3449 4688 Testamentum,

1876 4718 1977 4772 sibi
2005 4726 2192 4772 mutuo
2219 4731 2541 4782 consonare,
2572 4717 2628 4770 in
2657 4731 2724 4772 eo
2754 4716 2897 4770 ﬁrmi
2934 4715 3253 4786 immottque
3304 4732 3436 4772 con.-

1875 4811 2093 4874 sistunt,
2146 4810 2557 4878 nullatenusque
2607 4810 2674 4863 ab
2728 4807 3057 4864 adversariis
3089 4817 3427 4866 evertuntur.

1874 4902 2074 4956 Contra
2114 4918 2241 4958 vero
2272 4903 2365 4972 qui
2393 4902 2658 4971 sapientia
2695 4901 2860 4972 hujus
2913 4901 3103 4956 mundi
3162 4901 3431 4962 exornati,

217 4970 378 5039 σοφία
403 4969 762 5038 κοσμούμενοι
784 5013 798 5033 ,
838 4972 930 5025 καὶ
967 4974 1176 5038 ἑαυτοῖς
1223 4975 1542 5047 θαρροῦντες
1595 4979 1774 5048 λόγοις
1805 4965 1848 5018 Ῑ)
1875 5010 1884 5042 ε

1762 4999 1774 5044 ῖ
1805 4965 1848 5018 D
1875 4991 2153 5047 conﬁdunt
2202 5007 2260 5047 se
2287 4965 2628 5047 scholasticis
2655 4965 2953 5047 ratiociniis
2980 4991 3166 5046 mundi
3198 4990 3429 5061 ﬁgurant

216 5058 588 5127 σχολαπικοίς
608 5061 1039 5131 καταλαμϐάνειν
1069 5064 1251 5134 σχῆμα
1277 5067 1370 5120 καὶ
1401 5066 1546 5122 θέσιν
1569 5069 1732 5124 αὐτοῦ
1751 5111 1766 5134 ,

214 5153 394 5203 πᾶσαν
422 5151 520 5220 τὴν
554 5151 702 5206 θείαν
733 5152 952 5223 Γραςρὴν
979 5155 1166 5225 ὥσπερ
1199 5157 1399 5226 μύθους
1435 5162 1767 5231 καταχλευά-

215 5243 361 5306 ζουσι
379 5260 393 5272 ·
422 5244 621 5296 Μωσέα
657 5261 715 5296 τε

1865 5085 2109 5138 ctsitttm
2139 5097 2328 5153 capere
2361 5097 2541 5152 posse,
2594 5081 2630 5136 ii
2689 5081 2927 5136 divinam
2967 5079 3302 5156 Scripturam
3348 5091 3436 5137 to-.

1866 5184 1972 5228 tam
2025 5176 2187 5229 veluti
2258 5174 2468 5228 fabulas
2534 5173 2770 5244 profusis
2821 5173 3106 5229 cachinnis
3159 5173 3426 5242 derident,

760 5246 852 5297 καὶ
892 5247 1014 5310 τοὺς
1047 5250 1346 5318 προφήτας.
1379 5252 1468 5303 τὸν
1498 5254 1768 5323 Δεσπότην
1862 5266 2076 5336 Moysen
2101 5276 2154 5319 et
2183 5267 2427 5334 propinet:

1760 5272 1768 5301 ν
1862 5266 2076 5336 Moysen
2101 5276 2154 5319 et
2183 5267 2492 5334 prophetas,
2535 5265 2689 5334 117
2719 5263 3010 5318 Dominum
3035 5263 3314 5319 Christum
3370 5279 3427 5335 ει

213 5335 449 5403 Χριστὸν
497 5336 590 5387 καὶ
651 5337 776 5398 τοὺς
813 5338 1174 5404 ἀποστόλους,
1223 5344 1624 5412 σπερμολόγους
1672 5347 1763 5399 καὶ
1861 5373 1880 5410 :1

1757 5366 1763 5399 ι
1861 5335 2153 5426 apostolos,
2179 5357 2485 5411 blaterones
2513 5365 2568 5410 ct
2615 5355 2990 5424 tigmentorum
3039 5365 3289 5412 auctores
3337 5355 3424 5410 di-

212 5427 714 5495 φαντασιοσκόπους
745 5428 1160 5493 ἀποκαλοῦντες,
1190 5432 1284 5485 καὶ
1330 5434 1427 5496 τὰς
1467 5433 1636 5504 ὀφρῦς
1665 5438 1764 5490 ἐπ-

211 5519 465 5590 ηρκότες,
507 5518 582 5579 ὦς
615 5537 668 5571 τι
701 5520 841 5590 μέγα
879 5521 1358 5594 κατασοφιζόμενοι
1387 5527 1514 5589 τοὺς
1541 5529 1760 5594 λοιποὺς

210 5610 549 5679 ἀνθρώπους,
575 5611 860 5681 σφαιρικὸν
890 5613 1073 5684 σχῆμα
1103 5617 1198 5668 καὶ
1237 5617 1634 5692 κυκλοφορικὴν
1681 5622 1766 5674 κί-

211 5718 365 5770 νησιν
397 5699 475 5769 τῷ
499 5700 712 5771 οὐρανῷ
741 5701 1055 5772 δωροῦνται,
1086 5709 1178 5759 καὶ
1212 5714 1606 5780 γεωμετρικαῖς·
1638 5714 1756 5782 μεθ-

286 5820 295 5839 '
333 5813 517 5866 Matth
552 5831 672 5874 xxv,
715 5815 799 5868 Si.

1871 5449 2142 5512 ctitantes,
2176 5457 2230 5502 et
2278 5447 2435 5518 quasi
2504 5447 2720 5501 caeteris
2776 5445 3085 5506 hominibus
3162 5446 3432 5516 sapientia

1872 5541 2210 5604 antecellant,
2263 5540 2546 5610 supercilia
2594 5538 2954 5600 extollentes"
3001 5538 3323 5607 sphcricum
3369 5546 3427 5592 et

1869 5631 2186 5684 circularein
2218 5630 2340 5684 coeli
2369 5639 2572 5684 motum
2617 5642 2736 5684 esse
2783 5628 3022 5691 tradunt,
3050 5633 3105 5681 et
3142 5626 3424 5698 geometri-

1871 5720 1947 5774 ris
2001 5718 2341 5774 astronomiae
2396 5716 2664 5774 methodis
2706 5724 2761 5770 ct
2803 5715 3048 5780 calculis,
3104 5728 3170 5769 ac
3227 5713 3428 5774 verbo-.
