4222 6442
762 411 832 475 59
1913 407 2171 468 COSME
2218 405 2832 467 INDICOPLEUST/E
3916 406 3989 471 60

763 534 884 574 rum
964 517 1090 574 fuco
1140 516 1483 588 versutiaque
1523 516 1793 582 viteculari,
1830 531 1897 570 ex
1961 516 2229 570 solaribns
2267 525 2320 568 et
2351 532 2430 587 Αι

2351 534 2393 587 Α
2420 515 2559 578 όδοις
2586 516 2678 568 καὶ
2701 514 2900 584 ψήφοις
2930 513 3166 584 ἄστρων,
3197 512 3292 566 καὶ
3323 511 3515 585 κυϐείᾳ
3539 512 3710 582 λόγων
3741 514 3837 566 καὶ
3861 530 3991 567 πανσ

760 607 1044 664 lunaribus
1072 607 1383 676 eclipsibus,
1420 607 1739 674 positionem
1783 615 1836 660 et
1865 606 2090 674 figuram
2135 602 2320 656 mundi

758 699 1218 765 comprehendere
1268 709 1552 763 conantur,
1603 707 1846 752 errantes
1879 709 1933 750 et
1969 697 2106 750 alius
2134 696 2186 748 in
2233 711 2324 748 er-

762 806 941 846 rorem
976 791 1318 847 inducentes.
1373 791 1502 844 dum
1562 789 1616 844 in
1675 789 1779 843 alia
1806 799 1861 842 et
1886 787 2100 842 diversa
2153 787 2324 857 figura

763 882 878 936 haec
908 897 1014 935 nun
1067 895 1227 949 posse
1281 881 1464 946 perlici
1519 887 1848 934 asseverant.
1881 878 1948 933 Et
1972 878 2038 933 de
2070 879 2154 932 his
2203 877 2327 946 qui-

764 973 887 1026 dem
933 972 1111 1025 nullus
1155 986 1184 1024 a
1216 972 1373 1025 nobis
1401 971 1514 1040 jam
1579 985 1758 1024 sermo
1821 969 2152 1032 instituetur,
2201 982 2326 1020 eum

764 1080 885 1120 sese
917 1065 989 1117 illi
1039 1073 1228 1118 mutuo
1262 1064 1394 1118 satis
1421 1078 1691 1132 superque
1737 1059 2034 1115 confutent.
2090 1057 2192 1124 Qui
2233 1073 2330 1112 au-

765 1163 870 1208 tem
923 1154 1214 1208 Christiani
1249 1155 1454 1207 censeri
1493 1155 1693 1213 volunt,
1737 1161 1791 1204 et
1829 1161 2006 1203 tamen
2051 1148 2322 1208 facundia,

766 1245 1048 1314 sapientia,
1084 1255 1134 1298 ct
1165 1244 1448 1312 multiplici
1509 1243 1672 1312 hujus
1701 1241 1887 1295 mundi
1947 1253 2132 1292 errore
2171 1253 2332 1292 exor-

766 1338 886 1390 nari
933 1346 1224 1406 expetunt;
1273 1336 1364 1405 qui
1399 1345 1452 1388 et
1491 1335 1603 1389 haec
1653 1342 1708 1386 et
1736 1333 1823 1386 illa
1857 1330 2187 1385 admittenda
2213 1344 2334 1383 esse

765 1429 1118 1492 contendunt,
1168 1427 1300 1480 nihil
1328 1424 1542 1479 dill'erre
1581 1424 1830 1477 videntur
1857 1422 1925 1476 ab
1956 1421 2167 1478 umbra,
2213 1434 2336 1488 qua:

769 1518 1087 1572 intermedio
1125 1534 1348 1587 corpore
1382 1517 1434 1570 in
1485 1517 1602 1570 luce
1648 1513 1764 1568 fieri
1815 1513 1986 1578 solet;
2021 1525 2177 1567 secus
2211 1525 2336 1564 vero

770 1615 813 1664 si
853 1609 1225 1662 intermedium
1257 1622 1453 1676 corpus
1501 1622 1605 1660 non
1636 1605 1746 1660 sit:
1807 1604 1899 1658 sed
1959 1619 2083 1657 eum
2137 1616 2336 1669 corpus

773 1699 1010 1769 undique
1037 1701 1154 1753 luce
1197 1698 1558 1768 perfunditur,
1615 1712 1644 1751 a
1681 1697 1800 1750 luce
1846 1697 1961 1765 ipsa
1987 1694 2189 1762 ubique
2247 1695 2337 1746 tle-

773 1803 930 1860 ictur.

842 1885 1114 1938 Adversus
1167 1883 1470 1953 liujusntmli
1519 1883 1766 1937 homines
1800 1880 1931 1934 mihi
1971 1880 2081 1949 jam
2121 1878 2328 1933 edisse-
2363 1869 2404 1923 Β

773 1979 999 2030 rendnm
1036 1986 1118 2030 est
1150 1995 1161 2028 :
1201 1975 1267 2030 de
1289 1975 1488 2044 quibus
1517 1973 1734 2042 perinde
1775 1984 1934 2042 atque
1959 1971 2026 2026 de
2069 1970 2173 2025 illis
2205 1969 2331 2024 olim

777 2066 830 2116 in
860 2064 1102 2118 Samaria
1135 2064 1376 2124 advenis,
1404 2062 1599 2116 clamat
1633 2060 1810 2114 divina
1846 2059 2142 2128 Scriptura,
2172 2055 2336 2109 Dauni

777 2156 1049 2217 timebant,
1081 2165 1128 2207 et
1156 2156 1207 2207 in
1236 2154 1452 2207 excelsis
1479 2153 1757 2206 adolebaut
1788 2163 1833 2206 et
1866 2151 2062 2204 cultum
2089 2149 2339 2217 persolve-

774 2245 979 2299 bant':
1017 2259 1154 2314 quos
1206 2245 1251 2299 si
1296 2244 1419 2314 quis
1466 2243 1723 2297 biformes
1765 2240 2172 2310 nuncupaverit,
2206 2254 2333 2292 neu-

775 2337 978 2405 tiquam
1007 2335 1300 2390 aberrabit.
1331 2334 1462 2388 Nam
1493 2335 1771 2389 nobiscum
1803 2335 1963 2388 simul
1993 2344 2048 2389 et
2075 2350 2200 2389 cum
2232 2334 2340 2390 illis

775 2444 895 2482 esse
949 2428 1152 2492 volunt,
1208 2425 1730 2481 abrenuntiationem
1791 2426 2025 2490 Satatue,
2075 2441 2238 2495 quam
2284 2426 2337 2480 iu

779 2519 1102 2588 baptismate
1121 2518 1426 2579 ediderunt,
1457 2517 1663 2571 irritam
1696 2516 1974 2582 facientes,
1994 2527 2048 2572 et
2069 2517 2134 2572 ad
2162 2517 2337 2586 ipsum

780 2611 1247 2680 retrogredicntes.
1270 2609 1346 2662 Illi
1370 2608 1567 2679 quippe
1591 2608 1893 2662 nullatenus
1917 2608 2195 2662 nobiscum
2220 2623 2343 2662 esse

778 2703 1024 2767 valeant;
1066 2703 1157 2756 sed
1196 2702 1248 2755 in
1288 2703 1520 2772 quodam
1552 2717 1648 2756 ceu
1675 2701 1848 2755 medio
1873 2701 2215 2755 consistunt:
2249 2715 2343 2753 va-

781 2807 897 2845 cua!
927 2801 981 2845 et
1013 2790 1230 2845 inutiles
1249 2790 1446 2845 domus
1477 2792 1875 2860 quodammodo
1904 2806 2198 2859 suspensae,
2227 2806 2346 2859 qua:

782 2903 880 2942 nec
915 2887 1259 2940 fundamenta
1288 2887 1340 2940 in
1382 2896 1524 2940 terra
1555 2885 1775 2949 habent,
1812 2900 1907 2939 nec
1933 2900 1960 2938 a
1991 2887 2242 2955 quopiam
2279 2901 2343 2939 ex

779 2980 890 3033 alto
921 2978 1240 3033 retinentur.
1269 2976 1398 3031 Nam
1426 2993 1550 3031 cum
1582 2975 1802 3030 vixdum
1835 2976 2146 3045 inceperint,
2195 2977 2344 3046 prin-

781 3070 922 3141 cipia
953 3084 1050 3124 sua
1082 3069 1392 3132 destruunt,
1446 3077 1500 3123 et
1536 3075 1824 3136 antequam
1853 3067 2152 3130 destruant,
2186 3067 2344 3121 tinem

785 3177 946 3217 suum
985 3162 1090 3214 line
1131 3175 1317 3214 carere
1363 3167 1827 3222 cummonstrant;
1878 3158 1948 3212 ita
1990 3167 2047 3212 ut
2080 3173 2251 3227 neque
2292 3160 2343 3211 in

787 3253 910 3314 hoc,
931 3267 1105 3319 neque
1125 3251 1187 3305 -in
1213 3251 1304 3306 illo
1324 3251 1462 3305 firmi
1485 3251 1808 3313 consistant,
1827 3250 1934 3303 imo
1955 3250 2134 3318 potius
2158 3265 2348 3304 omnes

789 3345 1040 3408 illudunt,
1064 3353 1120 3399 et
1162 3343 1228 3396 ab
1259 3343 1514 3399 omnibus
1559 3343 1873 3396 illuduntur.
1921 3341 2103 3396 Primo
2129 3341 2350 3410 quidem

794 3437 1115 3504 sphaericam
1150 3434 1293 3488 illam
1332 3436 1557 3502 liguram
1603 3448 1724 3488 cum
1767 3432 1871 3486 illis
1906 3441 2234 3501 reputantes,
2260 3433 2353 3487 de-

792 3523 1175 3592 prehendimus
1193 3537 1311 3577 eam
1331 3538 1503 3591 neque
1522 3522 1838 3584 consistere,
1865 3538 2036 3590 neque
2052 3539 2228 3577 rerum
2257 3538 2356 3577 na-

793 3625 929 3668 turae
971 3615 1258 3668 convenire
1304 3628 1479 3682 posse.
1538 3613 1767 3678 Quidam
1824 3613 1987 3683 igitur
2029 3629 2093 3667 ex
2138 3615 2241 3668 illis
2275 3615 2352 3682 (ll

797 3707 951 3758 aiunt
976 3705 1171 3759 caelum
1204 3720 1401 3773 corpus
1427 3719 1546 3758 esse
1571 3720 1637 3758 ex
1668 3714 1899 3774 quatuor
1923 3705 2203 3760 elementis
2224 3722 2355 3761 con-

799 3795 1080 3859 stitutum;
1136 3795 1225 3849 alii
1257 3795 1334 3864 (2)
1365 3795 1520 3850 elatis
1552 3795 1875 3864 superciliis,
1913 3812 1976 3850 ex
2019 3797 2126 3851 alio
2165 3799 2354 3867 quinto

800 3900 941 3938 novo
987 3887 1250 3939 elemento
1282 3886 1477 3940 coelum
1505 3886 1735 3954 denique
1768 3899 2203 3957 composuerunt,
2231 3904 2352 3943 cum

799 3976 946 4046 prius
971 3992 1035 4030 ex
1060 3982 1287 4045 quatuor
1307 3977 1586 4032 elementis
1620 3987 1872 4032 constare
1895 3979 2198 4041 diceretur;
2227 3994 2357 4034 con-

799 4068 988 4135 ifieati
1020 4069 1223 4121 scilicet
1260 4083 1365 4122 non
1393 4084 1549 4138 posse
1590 4070 1927 4124 circumferri
1955 4071 2173 4134 caelum,
2215 4072 2261 4125 si
2291 4090 2354 4126 ex

801 4161 888 4214 his
929 4163 1285 4230 compositum
1331 4172 1490 4217 esset.
1539 4161 1642 4217 Sed
1668 4164 1720 4216 in
1765 4165 1865 4218 hoc
1907 4165 2067 4219 etiam
2109 4168 2357 4220 etecutire

802 4252 1118 4320 probantur,
1149 4253 1357 4306 etiamsi
1403 4263 1589 4322 putent
1613 4271 1708 4309 eos
1737 4256 1829 4325 qui
1861 4265 2018 4310 acute
2061 4258 2354 4321 intuentur,

801 4343 936 4396 nihil
961 4344 1156 4396 ridere.
1190 4342 1321 4397 Nam
1342 4358 1464 4397 eum
1489 4345 1622 4398 varii
1653 4346 1864 4401 colores
1895 4345 1946 4399 in
1971 4347 2110 4401 caelo
2139 4350 2356 4418 conspi-

801 4438 1038 4497 ciantur,
1069 4437 1208 4491 unde
1257 4437 1387 4505 ipsis
1435 4438 1778 4492 calefaciendi
1819 4448 1872 4493 et
1904 4439 2250 4509 refrigerandi
2281 4442 2360 4494 vis

2420 607 2612 676 ουργία
2625 608 2880 676 κοσμικῇ,
2900 605 3338 675 καταλαμϐάνειν
3367 604 3706 675 ἐπιχειροῦσι
3725 605 3824 674 τὴν
3842 604 3994 657 θέσιν

2423 697 2518 750 καὶ
2547 697 2607 750 τὸ
2629 698 2813 767 σχῆμα
2840 697 2934 749 τοῦ
2979 699 3182 767 κόσμου
3219 699 3284 750 ὲκ
3309 696 3418 750 τῶν
3440 697 3678 766 ἡλιακῶν
3700 699 3794 751 καὶ
3830 697 3993 766 σελη-

2424 789 2626 841 νιακῶν
2659 789 2950 858 ἐκλείψεων
2974 788 3282 850 πλανῶντες
3311 789 3404 840 καὶ
3430 788 3792 858 πλανώμενοι,
3820 790 3880 840 ὲν
3907 788 3996 841 ἀλ-

2425 877 2554 947 λοίῳ
2585 878 2821 947 σχήματι
2849 877 2917 930 τὰ
2942 877 3162 932 τοιαῦτα
3193 879 3268 950 μὴ
3294 877 3552 931 δύνασθαι
3580 877 3825 946 γίνεσθαι
3853 879 3998 947 ίσχυ-

2429 967 2718 1038 ριζόμενοι.
2769 967 2876 1020 Καὶ
2917 968 3043 1038 περὶ
3079 967 3175 1037 μὲν
3211 967 3322 1021 τῶν
3359 967 3616 1021 τοιούτων
3650 968 3824 1031 οὐδεὶς
3860 969 3892 1035 ἡ
3904 970 3996 1035 μίν

2429 1058 2581 1125 λόγος
2603 1059 2720 1124 νῦν,
2764 1059 3008 1130 ἁρκετῶς
3057 1059 3316 1128 ἀλλήλους
3361 1059 3786 1129 ἀνατρεπόντων.
3831 1059 3897 1109 Ol
3939 1057 3996 1110 δὲ

2431 1147 2830 1217 Χριστιανίζειν
2866 1148 2964 1219 μὲν
3009 1149 3300 1212 ἐθέλοντες,
3347 1152 3458 1213 τοῖς
3495 1149 3668 1217 λόγοις
3703 1147 3758 1200 δὲ
3796 1148 3891 1199 καὶ
3927 1149 3993 1218 τῇ

2434 1239 2612 1309 σοφίᾳ,
2648 1241 2741 1292 καὶ
2761 1242 2826 1310 τῇ
2855 1240 3095 1310 ποικιλία
3120 1239 3219 1310 τῆς
3247 1240 3452 1309 πλάνης
3492 1238 3587 1292 τοῦ
3632 1238 3838 1315 κόσμου
3869 1237 3996 1290 τού-

2433 1347 2526 1383 του
2560 1331 2720 1383 πάλιν
2751 1330 2990 1394 θέλοντες
3028 1331 3372 1401 κοσμεῖσθαι,
3415 1331 3509 1383 καὶ
3542 1329 3715 1382 ταῦτα
3763 1331 4000 1382 κάκεῖνα

2433 1420 2679 1490 δέχεσθαι
2696 1421 3140 1489 φιλονεικοῦντες,
3167 1423 3372 1474 ἐοίκασι
3389 1423 3543 1485 σκιᾶς
3566 1421 3730 1489 μηδὲν
3749 1419 3967 1472 διαλλατ
3986 1447 3999 1456 -

2434 1528 2569 1576 τείν,
2612 1510 2710 1580 τῆς
2748 1512 3120 1582 μεσιτεύοντος
3155 1512 3252 1582 μὲν
3290 1513 3537 1582 σώματος
3571 1513 3628 1562 ἐν
3659 1512 3797 1578 φωτὶ
3842 1509 3970 1577 γενέ

2439 1599 2560 1652 σθαι
2597 1600 2916 1668 πεφυκυίας,
2944 1602 3017 1670 μὴ
3046 1601 3415 1670 μεσιτεύοντος
3435 1601 3490 1655 δὲ
3513 1600 3759 1670 σώματος
3779 1601 3837 1651 ἐν
3861 1601 4001 1666 φωτὶ

2441 1692 2514 1761 μὴ
2561 1693 2862 1761 πεφυκυῖαν
2895 1692 3166 1760 γενέσθαι,
3204 1692 3337 1745 ἀλλὰ
3387 1692 3482 1746 καὶ
3521 1689 4000 1761 περιλαμπομένου

2439 1783 2531 1836 τού
2560 1783 2805 1854 σώματος
2834 1784 3090 1838 πάντοθεν
3121 1787 3184 1838 ὲκ
3207 1783 3299 1837 τοῦ
3325 1784 3497 1853 φωτὸς
3519 1782 3997 1850 ἐξαφανιζομένης.

2503 1875 2645 1944 Πρὸς
2697 1876 2822 1939 τοὺς
2873 1875 3140 1940 τοιούτους
3189 1875 3296 1946 γάρ
3345 1892 3433 1945 μοι
3471 1876 3497 1927 ὀ
3553 1873 3728 1941 λόγος.
3759 1872 3888 1942 περὶ
3929 1866 4001 1922 ὧν

2435 1968 2632 2036 ὁμοίως
2662 1967 2792 2019 ποτὲ
2837 1968 3113 2037 παροίκων
3166 1967 3469 2035 γενομένων
3506 1967 3562 2018 ἐν
3614 1968 3679 2036 τῇ
3719 1963 4002 2034 Σαμαρείᾳ.

2436 2059 2676 2129 καταϐοᾷ
2703 2061 2736 2129 ἡ
2763 2059 2880 2113 θεία
2913 2059 3121 2130 Γραφὴ,
3163 2061 3243 2112 ὅτι
3297 2059 3411 2112 Τὸν
3455 2059 3603 2112 Θεὸν
3646 2056 4000 2126 ἐφοϐοῦντο,

2435 2153 2531 2206 καί
2559 2152 2680 2217 τοῖς
2712 2151 2972 2220 ὑψηλοῖς
2993 2153 3252 2221 ἐθυμίων
3282 2152 3381 2204 καί
3415 2151 3762 2220 ἐλάτρευον.
3804 2148 3998 2202 0:331:-

2437 2257 2532 2302 νας
2571 2241 2864 2312 διμόρφους
2913 2258 2996 2305 τις
3041 2242 3294 2305 καλέσας,
3340 2242 3436 2294 ούκ
3485 2241 3548 2295 ἂν
3591 2241 3844 2311 ἁμάρτοι.
3899 2238 4005 2290 Καὶ

2434 2330 2556 2401 μεθ’
2584 2333 2740 2402 ἡμῶν
2769 2333 2875 2405 γάρ
2915 2333 3156 2387 θέλουσιν
3181 2329 3320 2389 εἶναι
3349 2336 3442 2388 καὶ
3469 2336 3584 2404 μετ’
3612 2333 3859 2394 ἐκείνων,
3903 2332 4004 2400 τὴν

2437 2425 2714 2495 ἁποταγὴν
2755 2425 2848 2478 τοῦ
2889 2427 3103 2480 Σατανᾶ
3141 2429 3206 2498 ἣν
3237 2425 3572 2491 ἁπετάξαντο
3611 2427 3668 2478 ὲν
3701 2425 3778 2496 τῷ
3812 2424 4005 2495 βαπτί-

2441 2530 2606 2584 σματι
2637 2516 2731 2568 νῦν
2758 2516 3094 2582 ἀθετοῦντες,
3123 2519 3217 2572 καὶ
3255 2520 3342 2571 ἐπ’
3379 2518 3540 2571 αὐτὸν
3582 2514 4005 2587 παλινδρομοῦν-

2439 2621 2552 2667 τες.
2615 2606 2688 2658 Ού
2732 2605 2981 2658 δύνανται
3013 2607 3119 2676 γάρ
3158 2606 3378 2659 καθόλου
3423 2603 3542 2676 μεθ’
3589 2604 3743 2674 ἡμῶν
3779 2598 3919 2655 εἶναι
3957 2602 4004 2653 οἱ

2442 2697 2689 2760 τοιοῦτοι,
2720 2698 2853 2751 ἀλλὰ
2896 2699 3049 2768 μέσοι
3085 2699 3229 2761 τινὲς
3268 2698 3601 2768 ὑπάρχουσιν
3630 2713 3643 2726 °
3678 2692 3815 2750 οἶκοι
3859 2694 4008 2747 κενοὶ

2447 2789 2749 2858 μεταρσίως
2801 2807 2916 2852 πως
2970 2790 3264 2860 ἱστάμενοι,
3317 2789 3540 2858 θεμέλια
3595 2787 3735 2840 κατὰ
3783 2787 3886 2856 γῆν
3931 2783 4006 2853 μὴ

2446 2881 2676 2951 ἔχοντες,
2709 2884 2842 2950 μήτε
2877 2883 2981 2952 μὴν
3010 2882 3066 2948 ἐξ
3101 2881 3266 2952 ὕψους
3295 2883 3352 2936 τὸ
3388 2882 3634 2952 κατέχον.
3664 2879 3855 2950 Σχεδὸν
3899 2878 4007 2948 γάρ

2449 2970 2615 3038 μήπω
2655 2969 2982 3040 ἀρξάμενοι,
3026 2971 3122 3035 τάς
3170 2972 3378 3026 ἑαυτῶν
3418 2973 3591 3043 ἀρχὰς
3634 2969 3963 3024 καταλύουσι
3991 2985 4004 2997 ο

2446 3061 2540 3114 καὶ
2583 3061 2747 3132 μήπω
2780 3063 3157 3128 καταλύοντες,
3192 3065 3260 3118 τὰ
3302 3063 3507 3117 ἑαυτῶν
3546 3063 3672 3133 τέλη
3703 3063 3868 3131 ἀτελῆ
3899 3062 4006 3114 δει-

2447 3151 2686 3215 κνύουσι,
2743 3155 2877 3224 μήτε
2921 3155 2980 3208 ὲν
3023 3155 3194 3226 τούτῳ
3238 3155 3469 3226 βεϐαίως
3508 3155 3741 3225 ἔχοντες,
3792 3155 3928 3225 μήτε
3952 3155 4010 3205 ὲν

2451 3245 2660 3314 ἐκείνῳ,
2693 3245 2828 3300 ἀλλὰ
2858 3246 3053 3316 μᾶλλον
3083 3249 3209 3311 τοὺς
3246 3249 3452 3311 πάντας
3480 3248 3824 3311 διαπαίξουσι
3849 3286 3865 3308 ,
3913 3245 4010 3299 καὶ

2452 3335 2556 3388 ὑπὸ
2593 3337 2808 3390 πάντων
2839 3337 3226 3401 ὃιαπαίζονται.
3265 3339 3486 3409 Πρῶτον
3520 3338 3618 3407 μὲν
3654 3333 3747 3391 οὖν
3781 3336 4007 3405 βασανί-

2453 3444 2637 3491 σαντες
2671 3429 2789 3497 μετ⁹
2811 3429 2988 3482 αὐτῶν
3020 3432 3146 3501 περὶ
3172 3430 3266 3483 τοῦ
3293 3429 3582 3500 σφαιρικοῦ
3612 3430 3908 3498 σχήματος,
3931 3427 4009 3489 ὡς

2450 3519 2510 3570 ού
2540 3520 2760 3572 δυνατὸν
2790 3518 2943 3572 τοῦτο
2959 3516 3114 3585 εἶναι,
3141 3519 3262 3573 οὔτε
3288 3519 3394 3591 μὴν
3414 3522 3480 3590 τῇ
3512 3519 3671 3588 φύσει
3697 3519 3804 3571 τῶν
3835 3534 4011 3589 πραγ-

2457 3610 2640 3678 μάτων
2687 3611 2998 3679 συμϐαῖνον.
3033 3611 3187 3673 Τινὲς
3223 3611 3324 3680 μὲν
3366 3606 3458 3664 οὖν
3502 3611 3560 3675 ἐξ
3589 3611 3765 3664 αὐτῶν
3793 3610 4010 3676 λέγουσι

2452 3702 2541 3752 τὸν
2563 3700 2785 3770 οὐρανὸν
2813 3701 2967 3771 σῶμα
2992 3705 3054 3756 ὲκ
3079 3704 3356 3772 τεσσάρων
3385 3703 3660 3773 στοιχείων
3691 3702 3819 3754 ὄντα
3844 3719 3856 3731 ο
3884 3701 4012 3754 ἔνιοι

2452 3791 2508 3844 δὲ
2539 3791 2637 3854 τὰς
2677 3791 2846 3863 ὀφρῦς
2870 3795 3269 3863 ἀνατείναντες,
3308 3793 3367 3858 ἐξ
3396 3795 3581 3864 ἐτέρου
3611 3794 3861 3864 πέμπτου
3891 3793 4012 3845 νέου

2457 3887 2717 3954 στοιχείου
2762 3888 2851 3939 τὸν
2894 3885 3118 3955 οὐρανὸν
3153 3885 3376 3955 ὕστερον
3427 3886 3744 3950 ἁνέκτισαν,
3784 3884 3843 3937 τὸ
3883 3885 4014 3954 πρὶν

2455 3977 2519 4028 ἐκ
2546 3976 2652 4028 τῶν
2675 3980 2950 4049 τεσσάρων
2974 3977 3162 4047 ἔχοντα
3190 3976 3287 4047 τὴν
3306 3977 3538 4047 ούσιώδη
3569 3978 3824 4030 σύστασιν
3849 3992 3862 4006 ⁸
3892 3993 4008 4028 συν-

2457 4067 2592 4118 εῖδον
2624 4067 2730 4136 γάρ
2756 4067 2830 4131 ῶς
2871 4070 2930 4121 ού
2963 4068 3181 4121 δυνατὸν
3216 4064 3354 4122 εἶναι
3395 4068 3580 4138 κύκλῳ
3620 4068 3879 4140 φέρεσθαι
3913 4071 4012 4121 αὺ-

2453 4159 2566 4221 τὸν,
2607 4160 2670 4211 ὲκ
2703 4158 2904 4210 τούτων
2952 4158 3139 4230 ἔχοντα
3170 4159 3267 4231 τὴν
3305 4160 3512 4214 ούσίαν.
3567 4159 3727 4212 Ἀλλὰ
3762 4160 3923 4212 πάλιν
3957 4161 4015 4211 ἐν

2457 4250 2603 4319 αὐτῷ
2624 4251 3018 4320 τυφλῶττοντες
3043 4252 3370 4316 ἁλίσκονται,
3401 4253 3639 4316 καὶτοὺς
3667 4251 3761 4316 ὀξὺ
3790 4251 4015 4322 βλέπον-

2457 4359 2551 4405 τας
2577 4342 2674 4413 οὐχ
2716 4345 2845 4414 ὁρᾷν
2874 4346 3126 4415 οίὸμενοι.
3173 4347 3453 4416 Διαφόρων
3484 4345 3590 4416 γὰρ
3631 4345 3726 4399 καὶ
3759 4345 4016 4398 ποικίλων

2458 4436 2515 4486 ὲν
2536 4435 2684 4504 αύτῷ
2709 4437 3009 4506 χρωμάτων
3038 4437 3328 4507 ὁρωμένων
3353 4455 3366 4468 ⁸
3403 4437 3461 4501 ἐξ
3490 4431 3565 4490 ὧν
3592 4438 3624 4508 ὴ
3659 4435 3753 4490 τοῦ
3788 4434 4013 4506 θερμαί-

803 4526 971 4578 indita
997 4525 1236 4587 videtur;
1289 4526 1361 4578 illi
1402 4527 1472 4579 ob
1521 4528 1741 4581 nimiam
1773 4529 2082 4584 distantiam
2114 4531 2354 4585 omnium
2388 4540 2430 4595 ι)
2459 4546 2470 4576 η

2346 4549 2354 4585 ι
2388 4540 2430 4595 ι)
2459 4543 2569 4580 νειν
2600 4545 2656 4579 τε
2685 4531 2774 4581 καὶ
2795 4529 2982 4598 ψύχειν
3019 4531 3395 4600 ἐνυπάρχουσα
3424 4529 3650 4597 δύναμις
3681 4529 3861 4601 αὐτοῖς
3885 4529 4013 4579 ἀνα-

801 4617 914 4671 falli
943 4617 1114 4670 visum
1146 4616 1411 4670 dictitant.
1459 4617 1525 4671 At
1555 4617 2141 4688 respondeatqnisquis
2167 4622 2220 4676 in
2248 4639 2355 4675 me-

803 4709 951 4761 dium
994 4709 1205 4776 prodire
1230 4692 1364 4761 'velit
1395 4727 1408 4762 :
1453 4709 1628 4763 Stellae
1664 4712 1824 4780 118
1869 4712 2130 4767 immobili
2160 4730 2354 4768 secun-

804 4801 933 4852 dum
965 4815 1058 4851 νο,
1092 4803 1314 4869 ερίιαειτῐξ
1342 4800 1537 4860 inlisae.
1562 4817 1682 4854 cum
1717 4803 1963 4871 inrequali
1990 4807 2162 4871 spatio
2185 4824 2211 4856 ιι
2240 4805 2357 4859 risu

807 4903 992 4944 nostro
1021 4893 1236 4954 distent,
1269 4893 1312 4945 si
1365 4907 1393 4945 a
1429 4903 1612 4947 centro
1651 4902 1804 4947 terrae
1829 4896 1970 4949 oculi
2001 4897 2185 4951 radius
2228 4897 2358 4950 diri-

804 4992 982 5053 gatur,
1016 4999 1114 5037 cur
1141 4999 1245 5037 non
1271 4984 1449 5037 colore
1495 4994 1547 5038 et
1593 4986 1959 5054 magnitudine
2001 4989 2164 5042 variae
2193 5004 2357 5056 appa—

810 5076 958 5127 rent?
998 5074 1107 5126 Cur
1141 5073 1314 5137 Marti,
1337 5085 1397 5127 ut
1415 5088 1509 5127 vos
1529 5077 1752 5138 vocatis,
1781 5077 1868 5144 qui
1900 5077 2180 5132 inferiores
2203 5078 2358 5133 sedes

809 5165 997 5228 habet,
1031 5165 1209 5218 inultm
1247 5165 1517 5219 stellarum
1552 5166 1930 5227 intmobilium,
1970 5171 2201 5238 aequales
2237 5180 2359 5224 sunt

807 5267 858 5309 et
888 5256 1127 5320 similes;
1167 5255 1392 5325 Jovique
1419 5255 1664 5311 similiter
1695 5273 1798 5310 non
1833 5274 2029 5326 paucas
2057 5261 2258 5315 similes
2285 5261 2360 5314 vi-

809 5347 1037 5401 demus?
1071 5347 1179 5400 lmo
1203 5365 1298 5403 nec
1321 5351 1493 5418 ipsum
1517 5351 1712 5416 caelum
1737 5353 1836 5406 sibi
1859 5353 2036 5407 colore
2058 5353 2231 5408 simile
2253 5370 2366 5409 cer-

811 5438 1038 5493 nimus:
1073 5454 1196 5492 nam
1249 5440 1351 5494 illis
1398 5440 1658 5497 nubilosis
1705 5443 2160 5508 concretionibns,
2210 5445 2365 5514 queis

812 5545 919 5582 non
949 5531 1163 5585 aliunde
1192 5547 1351 5599 quam
1376 5548 1405 5586 a
1436 5533 1634 5590 coloris
1669 5535 1940 5600 varietate,
1965 5535 2144 5592 lactea:
2169 5551 2364 5592 nomen

885 5641 904 5670 ¹
930 5639 991 5691 lV
1027 5641 1149 5710 Reg.
1183 5658 1313 5706 xvn,
1353 5644 1442 5699 52.

886 5734 966 5795 (l)
1004 5734 1282 5788 Platonici.

886 5805 962 5872 t2)
985 5803 1278 5862 Aristotelit
1295 5815 1326 5859 ι.

2463 4617 2726 4684 φαίνεται,
2760 4620 2858 4688 τὴν
2883 4620 3003 4688 ὄψιν
3029 4621 3279 4673 ἁπάντων
3301 4619 3612 4689 ἡπατῆσθαί
3645 4635 3776 4684 φασι
3801 4616 3889 4671 διὰ
3917 4617 4016 4685 τὴν

2462 4708 2599 4776 ἄγαν
2629 4710 2983 4763 ἀποστασίαν.
3036 4712 3257 4765 Είπάτω
3286 4712 3465 4764 τοίνυν
3499 4705 3784 4779 παρελθὼν
3817 4711 3896 4770 εἰς
3925 4707 4019 4776 μέ-

2465 4815 2554 4850 σον
2585 4801 2612 4852 ὀ
2649 4799 2965 4870 βουλόμενος
3000 4818 3016 4834 ο
3053 4805 3101 4854 οἱ
3140 4806 3205 4872 τῇ
3255 4803 3481 4857 ἁπλανεί
3513 4802 3631 4854 καθ’
3659 4801 3800 4870 ὑμᾶς
3836 4798 4016 4865 ἐγκεί-

2467 4904 2614 4956 μενοι
2646 4891 2847 4960 σφαίρα
2875 4891 3099 4962 ἀστέρες
3129 4893 3387 4963 δηλονότι,
3425 4893 3540 4955 πῶς
3567 4893 3665 4944 ούκ
3697 4892 3866 4960 ἀνίσῳ
3899 4891 4016 4944 δια-

2465 4979 2696 5050 στήματι
2719 4983 2814 5051 τῆς
2842 4981 3014 5050 ὅψεως
3038 4984 3194 5052 ἡμῶν
3217 4982 3507 5053 ἀπέχοντες
3527 5001 3541 5014 ·
3567 4985 3643 5046 ὼς
3665 4983 3770 5036 ἀπὸ
3792 4985 4015 5053 κέντρου

2462 5070 2560 5138 τῆς
2595 5070 2697 5139 γῆς
2743 5071 3039 5142 ἀφιεμένης
3074 5073 3168 5142 τῆς
3211 5073 3438 5143 ὀπτικῆς
3480 5072 3777 5142 ἐνεργείας,
3819 5071 4016 5125 ἀλλοῖοι

2464 5166 2580 5226 ταῖς
2609 5169 2816 5233 χροιαῖς
2865 5168 2958 5219 καὶ
2995 5171 3104 5231 τοῖς
3144 5168 3396 5237 μεγέθεσι
3433 5169 3764 5237 φαίνωνταις
3801 5169 3924 5232 Πῶς
3961 5170 4015 5222 δὲ

2463 5254 2541 5324 τῷ
2565 5255 2876 5327 καλουμένῳ
2903 5259 3036 5325 πρὸς
3062 5258 3213 5327 ὑμῶν
3242 5260 3414 5328 Ἀρεῖ,
3443 5260 3733 5330 κατωτέρω
3748 5259 3845 5330 τὴν
3864 5259 4016 5322 τάξιν

2465 5348 2658 5418 ἔχοντι,
2695 5349 2873 5402 πολλοὶ
2907 5350 3013 5401 τῶν
3044 5349 3296 5402 ἀπλανῶν
3329 5351 3663 5422 ὑπάρχουσιν
3691 5353 3796 5404 ἴσοι
3826 5368 3884 5404 τε
3924 5352 4016 5405 καὶ

2466 5441 2656 5510 ὅμοιοι,
2687 5441 2778 5494 καί
2799 5441 2874 5511 τῷ
2903 5441 2994 5494 τοῦ
3025 5443 3144 5505 Διὸς
3169 5442 3424 5506 ὡσαύτως
3450 5443 3841 5513 παραπλησίως
3874 5443 4015 5514 ὀρῶ-

2472 5551 2568 5603 μεν
2587 5534 2684 5587 οὐκ
2716 5533 2956 5602 ὀλίγους;
2997 5533 3133 5587 Ἀλλ’
3172 5533 3291 5587 οὐδὲ
3325 5535 3414 5589 τίν
3442 5533 3668 5604 οὐρανὸν
3700 5533 3859 5588 αὑτὸν
3889 5531 4017 5603 ὀμό-
