4222 6442
201 387 264 450 61
1135 391 1680 455 TOPOGRAPHIIE
1720 389 1868 456 ΕΗΒ

1752 388 2200 453 ΞΗΗΙΞΤΙΑΝᾸΞ
2238 394 2380 454 LIB.
2425 397 2474 456 Ι.
2631 392 2642 402 ’
3347 399 3419 466 62

202 515 367 570 χρουν
397 499 574 570 ἐαυτῷ
591 500 838 587 θεώμεθα
860 518 875 535 ⁶
905 502 1000 569 τὰς
1027 504 1135 576 γὰρ
1155 507 1212 559 ἐν
1231 506 1382 577 αύτῷ
1406 504 1758 576 νεφελοειδεῖς
1784 505 1834 564 Α
1859 520 1869 574 ι

1748 521 1758 566 :
1784 505 1834 564 Δ
1859 506 2138 574 posuistis.
2169 510 2314 566 unde
2345 512 2506 567 talem
2538 523 2814 582 aspectum
2838 528 2962 571 esse
2994 515 3415 587 suspicabimur,

205 589 530 659 συστροφὰς,
566 585 652 654 αἷς
678 592 844 661 ὄνομα
874 595 1149 649 τεθείκατε
1185 598 1467 664 γαλαξίαν,
1493 598 1593 651 οὐκ
1614 597 1762 650 ἄλλο·

204 679 297 732 θεν
341 681 375 750 ἢ
435 683 498 734 ὲκ
541 682 634 735 τοῦ
678 683 932 754 διαφόρου
983 685 1270 757 χρώματος
1314 688 1622 758 ἐπιθέμενοι
1668 688 1766 759 τὴν

203 771 395 838 κλῆσιν
430 773 620 836 αὑταῖς
657 792 672 808 ο
703 775 864 829 πόθεν
897 777 962 830 ἂν
1000 779 1436 850 ύποτοπήσαιμεν
1462 779 1606 834 οὕτω
1639 781 1766 849 φαί-

202 859 390 911 νεσθαι
421 863 547 930 μιᾶς
577 861 743 932 ούσης
767 863 868 933 τῆς
894 868 1232 934 ἐπιφανείας,
1344 869 1669 938 προσϐάλλει
1705 871 1766 924 τὸ

201 949 423 1018 πνεῦμα
453 955 551 1022 τῆς
595 953 802 1022 ὅψεως
847 952 1010 1026 Οἶμαί
1049 975 1132 1026 γε,
1169 959 1426 1028 φάσκοντι
1471 978 1561 1031 μοι
1594 961 1766 1016 ταῦτα

200 1043 478 1112 τεκμήρια
502 1043 772 1116 διαφόρων
798 1043 934 1102 εἶναι
963 1049 1296 1120 συγκρίσεως
1328 1068 1388 1104 τε
1417 1052 1510 1105 καὶ
1542 1053 1760 1122 μίξεως,

201 1129 392 1182 οὐδένα
417 1130 619 1203 τολμᾷν
645 1136 1120 1205 ἀντιφθέγγεσθαι,
1149 1139 1253 1193 κᾶν
1280 1139 1366 1206 εἴη
1411 1139 1503 1194 τοῦ
1539 1141 1761 1210 ψεύδους

201 1220 477 1288 ἐραστής·
532 1227 756 1294 μήτοιγε
802 1227 909 1280 τῶν
947 1231 1004 1282 ἐν
1035 1231 1295 1302 προεδρίᾳ
1335 1233 1634 1285 ταττόντων
1680 1235 1764 1288 ἀεὶ

200 1310 302 1376 τὴν
323 1311 597 1381 ἀλήθειαν.
638 1317 698 1370 Εἰ
719 1317 763 1369 δ’
796 1319 892 1372 οὐκ
923 1322 979 1386 ἐξ
1019 1323 1133 1385 ἐνὸς
1165 1324 1298 1376 ἰδίαν
1327 1325 1537 1394 ἔχοντος
1555 1325 1764 1396 κίνησιν

199 1402 302 1469 τὴν
350 1404 878 1478 κυκλοφορουμένην,
936 1413 1050 1465 ἀλλ’
1096 1415 1158 1468 ἐκ
1200 1415 1300 1484 τῆς
1331 1416 1438 1468 τῶν
1481 1419 1762 1488 τεσσάρων

202 1495 481 1563 στοιχείων
512 1498 912 1572 ἐδημιουργήθη
944 1504 1170 1573 μίξεως,
1201 1507 1260 1558 οὐ
1293 1508 1644 1578 περιφέρεται
1665 1527 1764 1563 κα-

200 1584 331 1647 λῶς.
361 1587 590 1658 Εἴρηται
619 1590 727 1660 γὰρ
756 1592 829 1656 ὡς
873 1595 905 1663 ἣ
947 1596 1096 1649 κάτω
1129 1597 1498 1669 κινηθήσεται,
1542 1599 1764 1653 πλεονά-

200 1675 388 1741 ζοντος
426 1681 483 1732 ἐν
512 1681 658 1752 αύτῷ
686 1683 778 1735 τοῦ
810 1684 1016 1755 βαρέως
1040 1727 1055 1750 ,
1087 1687 1118 1757 ἢ
1150 1689 1286 1759 πρὸς
1321 1691 1420 1760 τὴν
1453 1689 1564 1744 ἄνω
1592 1689 1760 1760 φορὰν

198 1770 503 1839 ἁρθήτεται
531 1775 838 1830 τούναντίου
875 1779 1343 1850 κατακρατοῦντος
1363 1823 1378 1844 ,
1417 1781 1450 1853 ἢ
1482 1783 1758 1852 στήσεται,

197 1862 248 1912 εί
279 1862 447 1930 μηδὲν
475 1865 531 1916 ἐν
559 1865 707 1935 αὖτῷ
741 1867 1085 1940 πλεονεκτοίη
1117 1887 1131 1900 ·
1167 1871 1325 1926 τοῦτο
1362 1874 1426 1944 δὴ
1470 1874 1565 1927 καὶ
1598 1874 1760 1927 παντὶ

199 1955 458 2023 φανερόν.
483 1956 615 2010 Οὐδὲ
643 1958 754 2028 γὰρ
800 1958 912 2013 ἄνω
953 1963 1271 2032 φερόμενον,
1306 1965 1425 2018 οὐδὲ
1468 1965 1639 2031 κάτω,
1679 1965 1762 2029 τίς

197 2046 582 2116 ὁμολογήσειεν
614 2051 912 2122 ἑωρακέναι
953 2055 1167 2111 πώποτε
1193 2075 1207 2123 ;
1234 2059 1492 2114 Δείπεται
1535 2061 1762 2130 φάσκειν

197 2137 364 2190 αὑτὸν
401 2142 758 2212 ἐρηρισμένον
804 2143 964 2204 εῖναι.
1021 2151 1301 2218 Λεγόντων
1351 2152 1432 2218 δὲ,
1489 2153 1657 2207 Πόθεν
1701 2153 1760 2206 ἐν

196 2228 360 2297 ἁπλῷ
402 2233 496 2283 καὶ
534 2232 708 2302 ἁποίῳ
765 2237 1010 2309 στοιχείῳ
1045 2239 1292 2310 διάφοροι
1326 2243 1599 2312 κινήσεις;
1645 2240 1760 2308 εἴγε

196 2320 331 2388 φασὶ
393 2321 490 2393 τὴν
529 2324 775 2381 ἐναντίαν
828 2329 1126 2385 ἐλίττεσθαι
1174 2331 1254 2402 τῷ
1303 2333 1465 2386 παντὶ
1511 2336 1638 2396 τοὺς
1663 2332 1757 2398 οὓς

195 2410 478 2482 πλανήτας
511 2414 883 2486 ὀνομάζουσιν,
913 2419 974 2474 ού
1005 2421 1330 2492 ψευσθέντες
1366 2441 1378 2454 ·
1410 2424 1671 2489 ὡσαύτως
1708 2424 1762 2478 ετ

194 2523 262 2573 γε
312 2508 454 2562 κατά
501 2527 670 2575 τινας,
703 2510 796 2575 οὓς
832 2513 860 2566 ό
901 2516 1235 2587 Δημιουργὺς
1285 2517 1449 2588 ὥρισε
1513 2518 1755 2588 χρόνους.

195 2600 458 2669 ἐμφανῶς
483 2603 559 2667 ὡς
588 2605 726 2674 μηδ’
752 2605 946 2670 αὐτοὺς
989 2609 1268 2679 ἀρνεῖσθαι
1299 2609 1396 2680 τὴν
1431 2609 1538 2664 άπὸ
1565 2611 1756 2664 ἀνατο-

194 2689 306 2746 λῶν
329 2693 588 2759 ἐπίδοσιν,
620 2697 868 2768 οὐράνιόν
908 2715 967 2752 τε
996 2698 1307 2770 ποιούμενοι
1338 2700 1578 2770 πορείαν.

269 2775 404 2833 Εἶτα
445 2781 608 2836 πάλιν
642 2784 977 2854 ίλιγγιῶντες
1013 2786 1394 2858 ἀπορούμενοι,
1427 2788 1564 2856 ὅπερ
1603 2785 1760 2840 εἴωθε

195 2873 543 2943 παρέπεσθαι
568 2877 680 2939 τοῖς
700 2877 749 2930 τ’
777 2877 973 2949 ἀληθὲς
993 2877 1455 2948 άποφυγγάνουσι,
1483 2877 1577 2934 καὶ
1607 2879 1759 2933 οὐδε-

199 2965 332 3034 μίαν
362 2964 595 3028 διέξοδον
630 2967 992 3038 εὑρίσκοντες,
1018 2967 1416 3039 ἁναποδισμοὺς
1440 2967 1536 3021 καὶ
1571 2983 1760 3038 στηρι-

195 3057 374 3128 γμούς
393 3057 661 3112 ποιεῖσθαί
681 3075 812 3127 φασι
834 3060 960 3122 τοὺς
983 3060 1237 3132 ἀστέρας.
1265 3060 1426 3125 Ἀλλ’,
1455 3053 1501 3114 ὧ
1521 3057 1592 3112 τά
1620 3057 1760 3113 πάν-

196 3165 268 3203 τα
290 3148 456 3202 δεινοὶ
483 3149 576 3203 τοῦ
614 3150 832 3205 πλέκειν
880 3168 941 3204 τε
987 3152 1081 3206 καὶ
1121 3151 1271 3205 λύειν
1292 3167 1308 3182 °
1337 3153 1386 3205 εί
1424 3149 1562 3206 κατὰ
1597 3148 1758 3220 φύσιν

197 3240 386 3303 αὺτοῖς
407 3241 469 3293 τό
501 3241 784 3305 κινεῖσθαι,
827 3241 988 3296 πόθεν
1020 3243 1055 3314 ἡ
1101 3242 1318 3308 στάσις;
1351 3241 1426 3296 Ού
1466 3241 1574 3312 γάρ
1615 3241 1758 3293 ἐστιν

198 3329 387 3391 αὐτοῖς
428 3329 688 3394 ἐναντίον,
723 3329 752 3382 ὃ
794 3330 892 3400 τῆς
927 3332 1159 3402 φυσικῆς
1198 3330 1379 3386 αὐτῶν
1423 3330 1636 3402 μορφῆς
1667 3329 1761 3398 ἐφ-

199 3421 453 3473 άπτεται.
520 3421 617 3484 Τίς
673 3421 728 3475 δὲ
771 3423 990 3486 τούτους
1035 3424 1127 3476 ἐπὶ
1170 3424 1260 3478 τὸν
1285 3423 1522 3478 ἐναντίον
1563 3421 1758 3492 δρόμον

201 3513 420 3582 ἀνάγκη
451 3511 693 3581 βιάζεται
724 3516 999 3583 μετιέναι;
1030 3515 1121 3585 Μή
1153 3532 1240 3584 μοι
1267 3515 1325 3568 δέ
1346 3531 1430 3577 τις
1451 3513 1662 3584 ἀπάτην
1685 3507 1760 3564 εἷο

198 3622 284 3655 ναι
318 3605 524 3670 λεγέτω
564 3605 662 3674 τῆς
687 3604 858 3674 ὅψεως
891 3622 903 3634 ·
938 3607 1000 3660 οὐ
1037 3607 1144 3676 γάρ
1172 3611 1287 3660 ἐστι
1334 3607 1526 3678 μικρὸν
1565 3605 1594 3659 ὃ
1633 3621 1761 3676 προ-

196 3698 456 3766 τρέχουσι
496 3698 689 3769 μῆκος,
740 3698 799 3763 ἐξ
840 3699 1102 3769 ἑπομένου
1149 3700 1207 3753 δέ
1271 3699 1458 3764 ζωδίου
1503 3698 1760 3760 πολλάκις

195 3789 432 3858 ὁρῶνται
475 3789 856 3860 μεθιστάμενοι
896 3793 975 3854 εἰς
1005 3791 1431 3862 προηγούμενον.
1480 3791 1544 3844 Τί
1582 3789 1640 3844 δὲ
1681 3789 1761 3842 δεῖ

197 3881 398 3946 λέγειν,
417 3881 551 3934 ὅπου
580 3899 643 3949 γε
681 3883 832 3936 αὐτοὶ
855 3883 1184 3952 μεταϐάντες
1202 3885 1296 3937 ἐπὶ
1323 3883 1424 3947 τὰς
1453 3883 1629 3937 αὐτῶν
1651 3882 1758 3935 τῶν

196 3973 444 4041 ἀστέρων
473 3973 750 4043 ἐνεργείας
776 3976 836 4028 ἐν
869 3969 950 4038 οἷς
983 3976 1062 4040 είς
1099 3976 1266 4048 ἄκρον
1293 3974 1598 4038 όκέλλοντες
1631 3975 1757 4029 ἀτο-

196 4062 330 4125 πίας
381 4063 443 4116 οὐ
488 4064 699 4117 συνιᾶσι
754 4062 1123 4136 στηρίζοντας,
1172 4067 1291 4136 ἦτοι
1343 4066 1758 4130 ἀναποδίζοντας

195 4150 447 4214 ἑαυτοὺς,
479 4150 726 4222 ἀδρανεῖς
758 4170 816 4206 τε
846 4155 940 4208 καὶ
973 4154 1206 4223 φαύλους
1229 4151 1398 4224 εἷναι;
1430 4155 1541 4210 Καὶ
1569 4157 1662 4210 τὸν
1699 4159 1758 4208 ὲν

195 4241 355 4312 Κριῷ
396 4242 605 4314 πρώην,
653 4246 712 4298 ἐν
763 4245 960 4316 Ἰχθύσι
1003 4247 1060 4300 δέ
1091 4248 1186 4302 νῦν
1222 4250 1516 4320 ὁρώμενον,
1559 4249 1657 4302 οὐκ
1699 4249 1758 4301 ἐν

196 4337 330 4402 οἴκῳ
356 4352 440 4399 τις
476 4337 706 4406 Ἄρεως,
743 4337 858 4392 ἀλλ’
887 4341 945 4393 ἐν
976 4341 1096 4404 Διὸς
1141 4342 1208 4396 ἂν
1237 4344 1400 4407 εἴποι,
1451 4344 1545 4396 καὶ
1586 4344 1758 4395 ποιεῖν

197 4427 382 4490 αὑτὸν,
411 4429 508 4496 οὐχ
535 4429 678 4498 ἆπερ
709 4429 930 4485 εἰώθασι
957 4431 1216 4502 ληρωδεῐν
1240 4434 1634 4503 ἐνυπάρχοντος
1659 4433 1758 4486 αύ-

1865 599 1908 654 si
1943 615 2047 654 una
2074 601 2146 654 sit
2173 602 2506 671 superﬁcies,
2542 604 2610 660 ad
2637 620 2798 678 quam
2842 609 3093 664 oculares
3119 609 3252 664 radii
3291 627 3416 681 pcr-

1865 688 2108 759 tingant?
2134 690 2377 746 Arbitror
2408 702 2609 756 autem,
2638 693 2835 749 dicenti
2868 696 3023 762 mihi,
3065 696 3180 754 haec
3198 699 3418 754 eviden-

1867 781 1936 834 tia
1989 796 2114 837 esse
2162 783 2433 838 variorum
2475 783 2862 840 elementorum
2912 790 3322 859 compositionis
3363 800 3420 847 et

1864 871 2104 926 mistura:
2153 885 2489 944 argumenta,
2521 878 2789 934 neminem
2839 878 3102 936 obsistere
3154 897 3418 939 ausurum

1863 975 2004 1025 esse,
2038 963 2198 1017 etiam
2229 979 2295 1018 ex
2331 964 2398 1020 iis
2427 966 2521 1035 qui
2549 969 2812 1025 mendacii
2845 983 3114 1028 amatores
3139 975 3286 1038 sunt,
3317 991 3416 1030 ne-

1863 1051 1992 1106 dum
2017 1068 2084 1108 οι
2113 1055 2180 1110 iis
2206 1056 2299 1125 qui
2323 1057 2598 1113 veritatem
2619 1059 2722 1114 sibi
2747 1075 2960 1130 semper
2979 1065 3259 1131 praesidem
3283 1081 3417 1121 con-

1864 1144 2117 1200 stituunt.
2151 1145 2304 1212 Quod
2353 1149 2400 1203 si
2443 1165 2550 1204 non
2580 1167 2646 1206 ex
2694 1168 2803 1206 uno
2846 1155 3109 1210 elemento
3140 1159 3416 1227 proprium

1863 1236 2182 1292 circularem
2212 1249 2416 1294 motum
2441 1241 2689 1308 habente,
2713 1244 2806 1300 sed
2828 1261 2891 1299 ex
2915 1256 3149 1315 quatuor
3176 1248 3413 1305 elemen-

1863 1338 2041 1382 torum
2091 1331 2341 1386 mistione
2372 1333 2722 1389 constitutum
2770 1336 2967 1391 caelum
3010 1340 3101 1406 sit,
3137 1348 3283 1396 recte
3307 1341 3415 1396 cir-

1862 1418 2120 1474 cumferri
2157 1422 2376 1489 nequit;
2405 1424 2606 1478 dictum
2641 1426 2783 1480 enim
2822 1425 2924 1481 fuit
2955 1428 3130 1497 ipsum
3157 1429 3416 1486 deorsum

1862 1524 1982 1565 esse
2010 1513 2357 1576 movendum,
2385 1514 2706 1582 praevalente
2724 1518 3024 1586 [gravitate,
3058 1521 3142 1574 vel
3188 1535 3409 1578 sursum

1861 1603 2212 1668 ell’erendum,
2249 1616 2534 1675 superante
2560 1608 2864 1673 contrario;
2889 1619 2983 1662 aut
3014 1624 3147 1665 sane
3172 1620 3336 1677 stare,
3365 1613 3414 1668 si

1863 1697 1994 1752 nihil
2012 1700 2066 1752 in
2102 1697 2217 1768 ipso
2237 1698 2390 1752 alteri
2411 1700 2691 1767 praevaleat
2710 1715 2723 1751 :
2739 1699 2878 1768 quod
2895 1700 3078 1768 utique
3099 1703 3274 1758 cuivis
3297 1719 3416 1758 ma-

1861 1788 2115 1844 nifestum
2141 1803 2242 1846 εει.
2277 1789 2412 1856 Quis
2439 1800 2615 1846 autem
2642 1792 2786 1846 dicat
2805 1807 2864 1848 se
2879 1793 3076 1848 vidisse
3089 1795 3284 1849 caelum
3315 1810 3415 1850 nec

1859 1893 2075 1935 sursum
2099 1897 2198 1936 nec
2223 1883 2474 1937 deorsum
2499 1883 2660 1937 ferri?
2690 1882 2871 1940 Restat
2902 1884 3066 1954 igitur
3101 1895 3159 1940 ut
3201 1886 3414 1942 dicatur

1858 1973 2035 2044 ipsum
2066 1972 2232 2028 ﬁxum
2259 1989 2401 2030 esse.
2428 1973 2582 2041 Quod
2604 1975 2650 2030 si
2675 1975 2891 2030 dicant:
2923 1974 3070 2032 Unde
3097 1977 3154 2032 in
3181 1977 3410 2048 simplici

1857 2080 1910 2120 et
1958 2066 2310 2136 qualitatibus
2344 2075 2565 2136 experte
2608 2065 2876 2122 elemento
2911 2068 3046 2122 varii
3090 2069 3164 2123 illi
3200 2070 3417 2124 motus?

1858 2156 1903 2211 si
1931 2155 2146 2226 quidem
2175 2155 2410 2212 dixerint
2453 2157 2716 2227 planetas,
2746 2167 2805 2211 ut
2825 2167 3038 2223 vocant,
3077 2160 3410 2216 contrarian.

1858 2248 2110 2304 universo
2137 2263 2356 2304 cursum
2387 2256 2591 2316 tenere,
2623 2263 2730 2302 non
2763 2248 3056 2316 falluntur;
3095 2251 3180 2307 sin
3214 2268 3412 2307 secun-

1855 2337 1984 2391 dum
2018 2345 2256 2406 tempora
2283 2353 2314 2392 a
2336 2336 2590 2394 Creatore
2618 2337 2857 2404 deﬁnita,
2890 2338 2943 2394 id
2968 2338 3053 2409 agi
3087 2349 3295 2410 putent,
3314 2357 3410 2412 pa-

1856 2427 1961 2481 lam
2009 2435 2093 2482 est
2123 2442 2218 2482 eos
2267 2442 2374 2482 non
2407 2441 2606 2498 negare
2651 2427 2894 2497 ipsorum
2939 2427 3008 2482 ab
3039 2429 3245 2486 oriente
3283 2445 3413 2501 pro-

1857 2533 2102 2590 gressum
2138 2519 2205 2575 ad
2240 2535 2457 2576 cursum
2490 2518 2614 2576 caeli
2645 2519 3064 2575 conﬁciendum.

1929 2787 2163 2844 Rursum
2189 2798 2368 2844 autem
2398 2788 2628 2861 caligine
2654 2789 2835 2846 obruti
2874 2804 2939 2846 ac
2968 2789 3140 2856 dubii,
3171 2792 3313 2861 quod
3346 2791 3414 2846 iis

1857 2881 2172 2954 contingere
2200 2882 2358 2948 solet,
2389 2882 2482 2953 qui
2516 2881 2797 2938 veritatem
2824 2881 3117 2953 refugiunt,
3134 2897 3256 2936 cum
3287 2881 3410 2936 nul-

1858 2973 1970 3028 lum
2007 2974 2206 3029 exitum
2241 2973 2532 3044 reperiant,
2559 2972 2741 3029 stellas
2761 2973 3215 3044 retrogressiones
3244 2988 3407 3043 quas-

1856 3065 1982 3121 dam
2011 3075 2066 3121 et
2104 3065 2365 3122 stationes
2397 3064 2574 3120 facere
2619 3065 2885 3121 dictitant.
2933 3065 3058 3132 Sed,
3087 3081 3122 3122 ο
3146 3081 3308 3137 quam
3355 3067 3411 3122 in

1782 3181 1831 3242 α
1859 3155 2124 3210 nectendo
2153 3164 2209 3209 et
2237 3154 2492 3210 solvendo
2524 3154 2782 3226 ingeniosi
2818 3157 2982 3211 sunt!
3031 3155 3087 3210 Si
3120 3171 3185 3212 ex
3217 3167 3408 3211 natura

1858 3263 1960 3306 sua
2007 3259 2215 3304 motum
2267 3248 2486 3312 habent,
2526 3246 2668 3303 unde
2713 3247 2913 3304 statio?
2950 3245 3065 3303 Non
3110 3247 3254 3303 enim
3305 3248 3410 3304 illis

1857 3341 2191 3397 contrarium
2221 3351 2303 3396 est
2334 3340 2477 3411 quod
2507 3349 2713 3396 natura:
2743 3355 2856 3396 sua
2887 3341 3251 3412 coniungitur.
3278 3341 3412 3409 Quae

1858 3441 2036 3488 autem
2064 3433 2147 3488 vis
2198 3441 2253 3488 et
2300 3432 2594 3489 necessitas
2643 3430 2762 3487 illas
2814 3431 2883 3486 ad
2931 3431 3036 3487 sibi
3081 3434 3408 3487 contrarium

1859 3537 2064 3581 motum
2095 3525 2298 3596 adigit?
2330 3523 2440 3580 Nec
2469 3525 2600 3580 mihi
2633 3523 2900 3596 quispiam
2930 3523 3208 3580 oculorum
3257 3523 3410 3579 falla-

1859 3617 1994 3670 ciam
2027 3629 2150 3671 esse
2176 3615 2384 3686 jactitet
2416 3633 2429 3668 :
2463 3630 2638 3686 neque
2684 3614 2828 3671 enim
2861 3613 3112 3684 exiguum
3158 3623 3243 3669 est
3281 3630 3407 3685 spa-

1859 3708 1993 3762 tium
2032 3707 2177 3777 quod
2213 3717 2564 3778 percurrunt;
2618 3705 2882 3777 siquidem
2908 3721 2973 3760 ex
3011 3706 3256 3775 sequenti
3304 3704 3408 3760 Ζυ-

1857 3799 1997 3856 diaci
2031 3799 2186 3869 signo
2221 3799 2274 3853 in
2300 3799 2608 3866 praecellens
2635 3799 2952 3868 plerumque
2989 3799 3259 3853 translatae
3291 3814 3409 3854 cer-

1858 3897 2078 3943 nuntur.
2111 3886 2248 3954 Quid
2277 3902 2404 3941 vero
2425 3887 2572 3941 dictu
2601 3901 2736 3957 opus
2773 3896 2873 3952 cst,
2905 3901 3028 3941 cum
3061 3895 3119 3942 et
3151 3886 3252 3957 ipsi
3279 3886 3406 3941 dum

1857 3981 1925 4036 ad
1952 3989 2220 4037 astrorum
2251 3979 2590 4049 operationes
2637 3987 2938 4044 transeunt,
2971 3978 3062 4034 ubi
3111 3978 3165 4032 in
3215 3993 3408 4049 supre-

1858 4089 2002 4128 mam
2055 4071 2441 4129 absurditatem
2494 4071 2815 4142 impingunt,
2848 4085 2958 4124 non
3009 4069 3316 4140 intelligunt
3347 4087 3410 4126 se

1856 4184 2072 4241 quoque
2096 4167 2353 4224 stationes
2383 4175 2438 4222 ct
2465 4164 2914 4236 retrogrcssiones
2931 4162 3133 4229 Tacere,
3162 4163 3408 4220 hebetes-

1856 4277 1963 4333 que
2003 4261 2204 4333 pariter
2231 4274 2297 4315 ae
2327 4258 2602 4328 improbos
2646 4257 2806 4313 esse?
2858 4254 3077 4312 Stellam
3123 4272 3252 4312 vero
3287 4271 3410 4328 quae

1857 4354 2010 4423 prius
2032 4353 2084 4407 in
2097 4350 2299 4416 Ariete,
2315 4365 2459 4405 nunc
2475 4349 2527 4403 in
2550 4347 2796 4404 Piscibus
2821 4347 3051 4412 videtur,
3067 4363 3173 4402 non
3197 4347 3250 4402 in
3271 4347 3408 4403 Mar-

1860 4441 1947 4506 tis,
1972 4439 2130 4510 119
2157 4438 2249 4494 sed
2285 4437 2338 4491 in
2367 4435 2516 4492 lovis
2544 4435 2707 4490 domo
2730 4433 2928 4489 dixerit
2945 4433 3210 4504 quispiam
3235 4449 3355 4492 esse
3385 4453 3406 4489 :

194 4518 289 4570 τοῦ
311 4517 392 4587 τῷ
424 4519 599 4590 Κριῷ,
623 4519 736 4572 ἀλλ’
765 4523 896 4585 ὅσας
921 4523 1070 4593 αὐτῷ
1091 4524 1404 4594 χαρίζονται
1427 4523 1756 4595 διατρέχοντι
1788 4516 1832 4572 D

1741 4516 1832 4577 ιι)
1861 4546 1966 4586 non
2017 4529 2186 4601 quod,
2233 4538 2292 4584 ut
2339 4528 2440 4598 ipsi
2481 4526 2696 4582 elfutire
2741 4527 2935 4590 solent,
2981 4525 3096 4594 ipsa
3148 4524 3303 4580 stella
3344 4525 3402 4580 in

195 4610 322 4670 τοὺς
361 4608 590 4678 Ἰχθύας.
620 4611 683 4664 Ei
701 4612 747 4665 δ’
775 4613 835 4664 ού
871 4613 1152 4684 συνᾴδουσι
1170 4617 1236 4685 τῇ
1273 4613 1569 4687 φαινομένῃ
1614 4614 1756 4668 κατὰ

195 4701 256 4754 τὸ
288 4701 526 4772 ἔμπαλιν
553 4704 850 4775 ἁναδρομῇ,
892 4707 1055 4760 πόθεν
1081 4702 1174 4759 οὖν
1206 4707 1238 4777 ἢ
1269 4707 1413 4770 τινος
1438 4708 1625 4760 ἕνεκεν
1661 4707 1757 4760 αὐ-

193 4795 308 4854 ro't;
334 4793 370 4862 ἡ
415 4792 502 4844 ἐπ’
541 4794 824 4866 ἀμφότερα
851 4797 1073 4868 πορεία;
1104 4798 1257 4868 Τάχα
1289 4798 1345 4851 δέ
1374 4797 1537 4852 πάλιν
1583 4797 1756 4851 αἰτιά-

197 4899 384 4936 σονται
420 4883 610 4936 τούτου
651 4886 776 4949 τοὺς
804 4887 902 4957 οὐχ
939 4888 1245 4959 ὁρωμένους
1273 4889 1594 4952 ἐπικύκλους
1613 4905 1630 4922 ο
1662 4887 1755 4952 οὓς

196 4973 481 5044 ὑπέθηκαν
522 4976 702 5040 αὐτοῖς
740 4977 1007 5049 ὀχήματα,
1053 4980 1147 5032 καὶ
1186 4981 1277 5034 ἐπὶ
1315 4983 1518 5035 τούτων
1561 4982 1756 5044 αὐτοὺς

197 5065 459 5136 φέρεσθαι
483 5065 934 5138 διισχυριζόμενοι
957 5086 970 5100 ·
1002 5071 1116 5124 ἀλλ’
1145 5073 1294 5126 οὐδὲν
1314 5073 1466 5127 ἐσται
1493 5075 1752 5144 περισσὸν

195 5149 260 5202 εκ
284 5167 351 5218 γε
397 5151 589 5205 τούτου
629 5154 723 5207 τοῦ
756 5159 1179 5230 μηχανήματος·
1227 5161 1598 5233 ἀπαιτήσομεν
1647 5163 1753 5233 γὰρ

197 5243 418 5308 αὐτοὺς,
459 5244 524 5297 δι’
552 5245 618 5316 ἣν
653 5248 830 5302 αἰτίαν
871 5251 1158 5321 ὀχημάτων
1193 5253 1408 5324 ἐδέησεν
1437 5255 1649 5320 αὐτοῖς·
1679 5257 1753 5318 ὡς

198 5335 259 5385 οὐ
281 5335 616 5404 δυναμένους
645 5333 754 5409 ἄρα
781 5344 1070 5411 κινεῖσθαι;
1099 5348 1192 5400 καὶ
1221 5346 1337 5411 πῶς
1375 5349 1752 5419 ἐψυχωμένους

197 5425 396 5488 αὐτοὺς
427 5425 494 5479 ἂν
525 5428 749 5495 εἴποιτε,
780 5433 873 5486 καὶ
901 5435 1195 5506 θειοτέραις
1215 5439 1450 5509 ψυχαῖςς
1495 5441 1633 5494 Ἀλλ’
1677 5441 1753 5504 ὼς

195 5512 569 5584 δυναμένους;
598 5525 997 5592 καταγέλαστον
1029 5522 1180 5599 οἶμαί
1211 5547 1274 5598 γε
1299 5533 1391 5585 καὶ
1426 5533 1487 5585 τὸ
1533 5535 1746 5592 ἐννοεῖν.

197 5605 353 5659 Διατί
373 5607 431 5661 δὲ
458 5611 489 5679 ἡ
521 5612 716 5686 σελήνη
741 5618 834 5670 καὶ
860 5618 890 5669 ὁ
913 5619 1062 5688 ἥλιος
1079 5622 1385 5677 ἐπικύκλων
1406 5624 1506 5677 οὐκ
1528 5624 1712 5695 ἔτυχον
1733 5641 1747 5689 ;

194 5695 267 5758 ὼς
288 5698 389 5751 οὐκ
429 5700 568 5768 ἄξιοι
607 5705 694 5760 διὰ
727 5707 824 5779 τὴν
869 5709 1092 5778 ὕφεσινς
1144 5713 1280 5766 Ἀλλ’
1309 5715 1370 5767 οὑ
1413 5716 1687 5786 νηφόντων
1722 5719 1750 5768 ὁ

194 5786 352 5856 λόγος
382 5809 395 5822 ο
438 5794 574 5850 ἀλλὰ
609 5799 798 5854 σπάνει
842 5803 937 5873 τῆς
987 5804 1294 5876 ἐπιτηδείας
1334 5807 1463 5878 ὕλης
1499 5810 1594 5863 ούκ
1623 5809 1741 5879 ἡδυ-

1855 4623 2033 4678 Ariete
2059 4622 2150 4683 sit.
2180 4623 2272 4678 sed
2294 4619 2457 4691 quod,
2482 4629 2540 4674 ut
2557 4619 2656 4688 ipsi
2682 4617 3203 4682 concedunt,Pisces
3227 4627 3405 4672 trans-

1855 4724 2057 4772 currat.
2106 4713 2258 4782 Quod
2284 4714 2331 4768 si
2363 4713 2440 4768 illi
2465 4728 2587 4783 quaa
2611 4719 2832 4782 apparet
2855 4707 3263 4779 retrogressioni
3295 4723 3404 4763 non

1853 4808 2254 4872 assentiamur;
2282 4804 2426 4860 unde
2451 4818 2583 4873 ergo
2609 4813 2663 4858 et
2686 4817 2784 4858 cur
2804 4800 2897 4856 illa
2926 4799 2993 4855 ad
3022 4809 3252 4870 utraque
3282 4815 3406 4866 prn-

1853 4899 2100 4970 gressio?
2145 4899 2394 4954 Fortasse
2432 4913 2558 4952 vero
2585 4895 2780 4963 dicturi
2813 4904 2961 4960 sunt,
2992 4894 3045 4948 in
3091 4906 3254 4948 causa
3284 4906 3405 4946 csse

1853 4993 2121 5063 epicyclos
2157 4989 2249 5060 qui
2281 4989 2383 5045 sub
2421 4997 2695 5059 aspectum
2737 5000 2842 5041 non
2879 4985 3118 5048 cadunt;
3157 4997 3406 5052 quosque

1854 5085 1956 5153 ipsi
1986 5081 2214 5137 vehiculi
2248 5080 2420 5134 instar
2449 5077 2735 5135 commenti
2780 5085 2929 5140 sunt,
2963 5076 3143 5130 stellas
3183 5075 3238 5128 in
3269 5074 3402 5142 ipsis

1852 5174 2047 5228 del‘erri
2067 5178 2461 5227 asseverantes.
2476 5165 2674 5223 Verum
2697 5181 2820 5220 cum
2843 5165 2944 5221 hoc
2967 5163 3408 5219 machinamento

1853 5261 1986 5315 nihil
2017 5261 2135 5330 plus
2165 5260 2400 5314 referent
2445 5274 2459 5310 :
2505 5269 2628 5309 nam
2678 5253 2825 5322 ipsos
2857 5251 3163 5322 ragabimus
3192 5265 3300 5319 qua
3337 5249 3403 5305 de

1852 5369 2012 5408 causa
2049 5351 2292 5406 vehiculo
2314 5365 2449 5420 opus
2478 5347 2712 5402 habeant
2746 5366 2758 5401 :
2791 5359 2858 5398 an
2889 5343 3034 5413 quod
3058 5340 3260 5396 moveri
3289 5355 3398 5394 non

1851 5445 2088 5515 possint?
2124 5451 2180 5498 at
2230 5458 2328 5498 cur
2377 5442 2520 5511 ipsos
2562 5439 2849 5498 animatos,
2893 5434 3003 5490 imo
3046 5429 3400 5488 divinioribus

1851 5537 2135 5591 animabus
2185 5536 2478 5590 instructos
2515 5530 2738 5587 dicatis?
2785 5529 2867 5582 An
2916 5525 3017 5582 etsi
3055 5522 3295 5596 possint?
3343 5530 3402 5576 at

1851 5631 1978 5686 illud
2006 5632 2086 5685 vel
2114 5630 2355 5698 cogitare
2386 5626 2670 5682 ridiculum
2698 5637 2818 5678 esse
2853 5619 3103 5676 arbitror.
3143 5618 3254 5673 Cur
3299 5631 3400 5669 au-

1853 5737 1956 5782 tem
1987 5725 2068 5780 sol
2092 5732 2148 5778 ct
2173 5723 2300 5778 luna
2331 5719 2598 5792 epicyclos
2629 5732 2736 5772 non
2771 5713 2911 5770 nacti
2955 5713 3113 5767 sunt!
3145 5713 3225 5764 An
3252 5707 3398 5779 quod

1855 5819 1925 5872 ob
1960 5814 2212 5870 vilitatem
2251 5813 2316 5868 iis
2373 5809 2514 5880 digni
2561 5824 2664 5864 non
2698 5806 2839 5860 sint?
2892 5804 3086 5859 Verum
3131 5801 3182 5856 id
3219 5801 3398 5855 dicere
