4222 6442
750 419 822 482 63
1561 399 1570 404 ’
1905 405 2166 466 COSMIE
2201 405 2815 469 INDICOPLEUSTIE
3910 396 3984 460 64

750 545 860 584 non
892 540 1037 581 sanae
1079 524 1276 578 mentis
1307 531 1469 578 esset.
1509 520 1591 575 An
1619 533 1748 573 vero
1789 533 1855 573 ex
1903 517 2113 572 idoneae
2151 525 2320 570 mate-
2347 531 2395 586 Α

2314 531 2395 586 Ἀ
2423 523 2558 592 νήθη
2609 521 2818 585 τούτοις
2858 523 2888 575 ὁ
2919 518 3253 590 Δημιουργδς
3297 515 3548 586 ὀχήματα
3592 510 3791 566 πλάσαι
3827 526 3841 575 ;
3889 509 3981 570 Εἰς

754 621 845 672 ria:
880 617 1101 686 penuria
1133 630 1239 669 non
1271 615 1446 684 potuit
1470 611 1697 668 Creator
1729 611 1861 680 ipsis
1884 609 2135 664 vehicula
2159 607 2322 663 θεῖοι·-

755 710 941 764 mare?
984 707 1038 761 lu
1083 718 1244 776 caput
1279 715 1516 759 vestrum
1551 703 1882 773 blasphemia
1919 709 2284 756 convertatur.

825 799 1067 866 Nugandi
1113 799 1271 853 linum
1335 795 1514 859 facite,
1538 794 1996 864 osapientissimi,
2022 792 2174 846 nihili
2195 800 2324 845 sunt

754 895 941 948 istlnee
971 908 985 943 :
1041 891 1133 946 sed
1181 891 1263 943 vel
1317 905 1438 944 sero
1475 889 1689 942 tandem
1721 887 1921 940 divinis
1952 885 2132 939 verbis
2163 885 2322 939 obse-

755 982 848 1050 qui
899 978 1148 1041 ediscite,
1209 993 1316 1031 non
1367 985 1547 1030 autem
1610 973 1855 1029 futilibus
1882 975 2075 1028 vestris
2106 971 2325 1027 ratioci-

755 1070 882 1123 niis.
945 1069 1077 1122 Nam
1118 1068 1281 1122 dicite
1321 1085 1335 1121 :
1370 1067 1643 1136 quomodo
1695 1067 1898 1136 putatis
1953 1063 2090 1119 ﬁxas
2137 1064 2323 1118 stellas

758 1160 1012 1213 universo
1060 1158 1395 1212 contrarium
1443 1172 1668 1211 cursum
1727 1153 1957 1212 tenere?
2010 1154 2324 1224 lpsarumne

759 1252 1122 1314 solummodo,
1159 1265 1226 1303 an
1256 1249 1483 1318 sphaera:
1509 1248 1561 1302 in
1587 1263 1692 1318 qua
1762 1247 2089 1310 consistunt,
2134 1245 2325 1315 hujus-

759 1343 902 1397 modi
957 1352 1138 1396 motus
1183 1343 1308 1396 est?
1365 1341 1420 1393 Si
1479 1341 1698 1410 quidem
1744 1340 2005 1408 ipsarum,
2049 1337 2324 1405 quomodo

2419 615 2663 686 κεφαλὴν
2689 614 2842 684 ὑμῶν
2869 614 2904 684 ἠ
2926 612 3205 682 δυσφημία
3241 610 3520 680 τράποιτο.

2493 786 2780 842 Παύσασθε
2806 783 3189 855 ληρωδοῦντες,
3210 775 3256 834 ὦ
3288 777 3622 849 σοφώτατοι,
3660 777 3728 829 τά
3759 773 3988 846 μηδενός

2418 881 2547 946 ἄξια
2564 898 2578 912 ·
2604 879 2775 948 γνῶτε
2801 878 2858 931 δὲ
2889 878 2990 931 κᾶν
3017 874 3116 946 ὀψέ
3161 891 3292 928 ποτε
3315 874 3428 936 τοῖς
3455 869 3617 933 θείοις
3644 867 3870 922 ἕπεσθαι
3897 866 3989 920 λο-

2419 975 2579 1041 γίοις,
2614 974 2709 1026 καὶ
2759 971 2834 1042 μὴ
2863 973 2983 1034 ταῖς
3030 969 3326 1040 ὑμετέραις
3379 965 3557 1021 αὑτῶν
3593 961 3988 1022 ἀνυποστάτοις

2420 1064 2702 1127 ἐπινοίαις.
2736 1063 2890 1117 Ἐπεὶ
2907 1062 3114 1127 λέξατε,
3143 1061 3262 1124 πῶς
3284 1059 3497 1129 καὶτῆς
3515 1053 3786 1117 ἀπλανοῦς
3807 1050 3987 1106 οἴεσθε

2419 1159 2546 1221 τοὺς
2589 1157 2822 1227 ἀστέρας
2872 1156 3124 1219 ἐναντίως
3167 1154 3246 1224 τῷ
3271 1153 3432 1208 παντὶ
3475 1148 3770 1212 κινείσθαι;
3794 1146 3990 1200 Μόνων

2422 1251 2620 1314 αὑτῶν,
2654 1251 2688 1320 ἢ
2715 1250 2817 1318 τῆς
2847 1249 2906 1301 ὲν
2983 1250 3086 1302 είσι
3105 1248 3338 1319 σφαίρας
3373 1245 3518 1300 ἐστὶν
3541 1245 3575 1314 ἡ
3596 1240 3773 1295 τοιάδε
3804 1237 3947 1309 φορά
3971 1254 3988 1302 ;

2438 1342 2573 1396 Ἀλλ’
2602 1343 2651 1394 εί
2682 1342 2780 1412 μὲν
2809 1341 3009 1406 αὑτῶν,
3035 1339 3153 1403 πῶς
3169 1342 3226 1393 ὲν
3260 1339 3360 1409 ίσῳ
3387 1337 3563 1408 χρόνῳ
3599 1332 3727 1396 τοὺς
3768 1330 3993 1390 ἀνίσους

758 1435 953 1506 aequali
985 1445 1228 1503 tempore
1265 1433 1558 1502 inaequales
1586 1431 1769 1502 cyclos
1798 1427 2326 1500 percurrunt?Quo-
2423 1465 2425 1480 .

2324 1459 2326 1468 ι
2423 1436 2721 1506 διέρχονται
2747 1433 3011 1498 κὺκλους;
3049 1433 3169 1496 Πῶς
3195 1431 3252 1485 δὲ
3271 1431 3446 1493 οὐδεὶς
3465 1428 3575 1481 τῶν
3618 1427 3678 1478 ὲν
3708 1422 3787 1494 τῷ
3818 1420 3991 1489 γαλα-

760 1528 922 1581 modo
983 1528 1129 1580 nulla
1167 1541 1351 1580 earum
1401 1540 1521 1594 quae
1589 1525 1643 1577 in
1700 1524 1871 1578 lactea
1907 1530 2139 1585 exstant,
2173 1529 2325 1575 extra

2427 1530 2515 1599 ξίᾳ
2536 1528 2757 1596 γέγονεν
2775 1525 2928 1589 ἐκτὸς
2953 1525 3117 1578 αὑτοῦ
3145 1543 3157 1556 ·
3183 1523 3303 1578 οὑδὲ
3324 1523 3431 1576 τῶν
3451 1518 3650 1588 ἔξωθεν
3663 1514 3830 1570 αὑτοῦ
3855 1511 3994 1582 πλη-

760 1621 906 1674 iIlam
963 1635 1200 1690 unquam
1239 1619 1485 1674 videtur:
1542 1633 1717 1687 neque
1742 1618 1848 1671 ulla
1872 1629 2059 1670 earum
2090 1629 2210 1684 quae
2232 1630 2327 1669 ex-

2324 1646 2327 1655 ι
2428 1624 2704 1692 σιέστερον
2734 1619 2898 1673 αὑτοῦ
2920 1617 3222 1688 φαίνεταιῆ
3251 1619 3308 1670 ὲν
3331 1615 3513 1685 αὑτῷ;
3544 1612 3607 1665 Ei
3624 1609 3681 1664 δὲ
3708 1608 3806 1679 τὴν
3828 1607 3991 1674 σφαῖ-

761 1725 865 1776 tra,
907 1714 1144 1783 propior,
1181 1713 1263 1766 vel
1295 1713 1433 1766 intra
1456 1712 1628 1775 illam,
1661 1710 1916 1780 apparet?
1945 1707 2100 1774 Quod
2133 1708 2176 1762 si
2206 1709 2329 1776 quis

2327 1745 2329 1757 ι
2428 1733 2529 1789 ραν
2566 1715 2821 1778 ἐναντίως
2845 1712 3103 1785 φέρεσθαι
3129 1711 3275 1780 λέγοι
3306 1726 3411 1772 τις,
3458 1703 3816 1776 εὑρεθήσεται
3849 1696 3994 1753 κατά

761 1808 905 1859 dicat
937 1805 1202 1874 sphaeram
1250 1804 1528 1858 contrario
1573 1815 1724 1857 motu
1766 1801 1918 1866 ferri,
1951 1815 2083 1855 sane
2107 1814 2327 1868 compe-
2427 1835 2428 1843 η

2363 1872 2394 1878 _
2427 1811 2520 1863 τὸν
2548 1806 2709 1861 αὑτὸν
2751 1806 2939 1878 χρόνον
2986 1803 3124 1873 αὑτὴ
3161 1803 3327 1872 ἑαυτῇ
3371 1797 3627 1860 ἐναντίως
3663 1791 3953 1862 κινουμένη
3979 1807 3995 1824 ο

765 1900 936 1951 rietur
969 1872 1097 1967 ipsa
1130 1896 1316 1950 codem
1344 1905 1586 1965 tempore
1608 1895 1940 1950 contrarium
1980 1893 2085 1946 sibi
2123 1903 2326 1945 motum
2362 1872 2432 1936 Β.

2362 1872 2403 1926 Β
2429 1902 2619 1955 τούτου
2641 1899 2699 1953 δὲ
2842 1898 2910 1950 ἂν
2948 1872 3287 1965 ἀτοπώτερον
3325 1891 3693 1962 ὲπινοήσειεν;
3730 1884 3916 1948 Οὕτως
3936 1883 3996 1937 δὲ

762 1989 1007 2044 obtinere
1039 2006 1052 2042 :
1099 2003 1209 2060 quo
1249 1988 1379 2057 quid
1431 1988 1721 2042 absurdius
1788 1985 2085 2056 excogitari
2115 1984 2335 2053 possit?

2331 1988 2335 2008 ’
2430 1991 2726 2053 ἀναιδείας,
2781 1987 3036 2051 ἀσεϐείας
3081 1986 3139 2039 δὲ
3172 1983 3409 2054 μᾶλλον,
3455 1979 3628 2034 οὑδενὶ
3675 1975 3998 2031 καταλιπεῖν

763 2083 839 2136 lla
885 2083 1093 2138 scilicet
1151 2089 1488 2147 concertant,
1536 2088 1596 2134 ut
1640 2079 1913 2133 neminem
1967 2075 2330 2147 impudentia.

2329 2123 2330 2129 η
2431 2084 2736 2156 ὑπερϐολὴν
2761 2079 3116 2152 ἁμιλλῶνται,
3142 2076 3217 2140 ὡς
3246 2072 3585 2146 άπερυθριᾷν
3605 2069 3886 2141 ὁμολογεῖν
3914 2085 3996 2131 τε,

765 2178 878 2231 imo
924 2177 1104 2247 potius
1151 2176 1447 2246 impietate,
1498 2175 1832 2244 superiorem
1880 2173 2226 2242 relinquant;
2277 2182 2337 2224 ut
2431 2203 2432 2209 η

2333 2210 2337 2223 ι
2431 2179 2581 2240 τινὰς
2602 2175 2708 2229 ὑπὸ
2738 2176 2844 2244 γῆν
2875 2171 3159 2232 οἰκοῦντας
3185 2163 3347 2221 εἶναι.
3373 2166 3438 2218 Τί
3469 2160 3592 2229 οὖν,
3630 2164 3758 2217 ὅταν
3788 2160 4000 2231 ἀπορή-

769 2275 932 2328 etiam
991 2274 1144 2329 fateri
1187 2289 1292 2328 non
1355 2273 1679 2327 erubescant
1715 2271 1924 2340 aliquos
1960 2269 2064 2325 sub
2091 2277 2231 2324 terra
2255 2269 2338 2322 in-
2433 2295 2436 2316 ι

2333 2299 2338 2308 -
2433 2272 2544 2324 σειὲ
2571 2287 2653 2332 τις
2684 2267 2868 2330 αὑτοῖς
2898 2265 3094 2333 λέγων,
3123 2261 3385 2328 Διακενῆς
3407 2258 3434 2312 ό
3459 2257 3613 2328 ἥλιος
3642 2254 3747 2308 ὑπὸ
3777 2254 3880 2324 γῆν
3903 2252 4000 2322 φέ-

765 2368 914 2422 colas
956 2382 1097 2422 esse.
1145 2367 1285 2432 Quid
1344 2366 1508 2436 igitur
1532 2366 1577 2420 si
1606 2365 1874 2435 quispiam
1912 2364 2046 2432 ipsis
2075 2362 2330 2432 quaestio-

2440 2377 2627 2434 ρεται;
2657 2357 3006 2428 Παραχρῆμα
3030 2356 3080 2407 οἱ
3103 2351 3495 2417 καταγέλαστοι
3523 2349 3582 2402 οὑ
3624 2343 4004 2418 φροντίζοντες

768 2480 891 2517 nem
945 2472 1156 2519 moveat
1201 2462 1421 2518 dicens:
1453 2461 1672 2516 Frustra
1691 2461 1768 2516 sol
1808 2460 1912 2515 sub
1947 2469 2146 2514 terram
2185 2457 2326 2513 fera-

771 2556 896 2611 tur?
949 2573 1080 2612 sane
1119 2557 1193 2610 illi
1247 2555 1557 2627 perridiculi
1603 2555 1867 2616 homines.
1913 2540 2046 2607 nihil
2074 2560 2330 2607 curantes

769 2653 1193 2721 respondebunt,
1243 2648 1624 2704 antichthonas
1659 2647 1730 2700 ibi
1768 2661 1889 2700 esse
1915 2645 2148 2699 obverso
2170 2644 2330 2698 deor-

773 2766 896 2807 sum
955 2747 1148 2817 capite.
1209 2754 1261 2799 et
1319 2743 1565 2806 ﬂumina,
1605 2758 1725 2812 quae
1780 2739 2109 2796 contrariam
2135 2737 2338 2793 nostris

773 2843 1093 2913 positionem
1125 2839 1360 2894 habeant
1398 2854 1412 2890 :
1442 2835 1624 2890 omnia
1651 2850 1868 2890 sursum
1895 2832 2148 2888 deorsum
2194 2845 2343 2885 ever-

772 2950 886 2993 tere
941 2943 1196 2992 conantes
1245 2931 1446 3001 potius,
1504 2945 1664 3000 quam
1697 2927 1936 2981 veritatis
1970 2926 2224 2996 dogmata
2252 2938 2341 2979 se-

774 3040 1047 3100 quantur:
1080 3027 1279 3098 quibus
1327 3024 1475 3079 nulla
1518 3022 1703 3076 insunt
1749 3019 1923 3074 iutilia
1968 3017 2341 3086 sophismata;

2435 2455 2644 2527 ἐροῦσι,
2672 2452 2746 2514 ὼς
2795 2447 3102 2520 ἀντίχθονές
3152 2447 3258 2499 είσι
3309 2442 3462 2497 κάτω
3501 2440 3646 2511 κάρα
3686 2437 4001 2509 φερόμενοι,

2437 2547 2534 2601 καὶ
2555 2544 2787 2615 ποταμοὶ
2808 2544 2921 2605 τοῖς
2944 2537 3179 2593 ἐνταῦθα
3206 2538 3254 2591 οί
3272 2537 3371 2606 τὴν
3400 2533 3645 2588 ἐναντίαν
3672 2531 3820 2584 Θέσιν
3847 2527 4002 2597 ἔχον-

2435 2655 2548 2702 τες,
2588 2637 2802 2691 ᾶπαντα
2821 2633 2889 2686 τὰ
2914 2631 3026 2686 ἄνω
3049 2629 3197 2682 κάτω
3237 2624 3629 2698 μεταστρέφειν
3663 2617 4005 2689 ἐπιχειροῦν-

2436 2748 2547 2794 τες,
2578 2730 2611 2800 ἦ
2635 2731 2746 2792 τοῖς
2775 2727 2872 2796 τῆς
2899 2723 3156 2793 ἀληθείας
3179 2718 3406 2774 ἔπεσθαι
3433 2718 3716 2786 δόγμασιν,
3744 2707 3826 2774 οἷς
3851 2708 4008 2762 οὑδέν

2439 2827 2587 2878 ἐστιν
2623 2821 2732 2875 τῶν
2762 2819 2861 2889 τῆς
2890 2813 3246 2888 ματαιότητος
3283 2809 3652 2880 σοφισμάτων,
3699 2805 3917 2858 ἅπαντα
3949 2800 4009 2854 δὲ

2443 2916 2598 2990 ῥᾴδια
2626 2913 2720 2968 καὶ
2750 2907 3060 2970 θεοσεϐείας
3094 2904 3367 2966 ἀνάπλεα,
3414 2899 3508 2955 καὶ
3544 2900 3656 2960 τοῖς
3690 2892 4010 2965 προσιοῦσιν

2443 3005 2733 3078 σωφρόνως
2759 3001 2941 3062 αὑτοῖς
2967 2996 3215 3069 προξενεῖ
3234 2993 3331 3065 τὴν
3366 2990 3658 3062 σωτηρίαν.
3728 3029 3731 3032 .

776 3072 871 3178 sed
921 3072 1112 3175 omnia|
1122 3117 1256 3189 ipsis
1286 3115 1468 3187 pervia
1488 3121 1543 3169 et
1579 3111 1758 3168 facilia
1809 3126 1875 3166 ac
1935 3072 2210 3180 religionis
2259 3104 2413 3176 plena
2451 3108 2613 3156 sunt:
2669 3096 2895 3165 ipsaque
2941 3089 3008 3143 iis
3028 3089 3121 3158 qui
3155 3099 3215 3140 se
3238 3083 3506 3154 sapienter
3534 3078 3750 3141 adeum.
3777 3072 4011 3128 εθιιιιεηι

776 3215 1089 3271 conciliant.

850 3355 974 3416 lllos
1020 3364 1152 3407 vero
1190 3351 1296 3404 hoc
1338 3346 1483 3402 dicto
1500 3345 1768 3416 pracipue
1803 3342 2168 3414 reprehendas
2194 3359 2209 3395 :
2231 3339 2340 3396 Cur
2365 3341 2410 3398 c

777 3455 987 3523 sphaera
1013 3457 1190 3502 vestra
1205 3459 1315 3499 non
1353 3441 1730 3498 circumfertur
1765 3440 1834 3494 ab
1859 3438 2114 3509 aquilone
2140 3437 2207 3490 ad
2237 3447 2350 3487 me-

782 3547 994 3608 ridiem,
1057 3550 1152 3596 aut
1189 3539 1259 3593 ab
1303 3537 1410 3592 alio
1436 3537 1502 3591 ad
1529 3533 1840 3604 oppositum
1880 3530 2152 3586 ventum?
2191 3527 2259 3581 Et
2281 3540 2349 3579 ne

783 3639 918 3692 mihi
967 3636 1117 3691 dicas
1145 3652 1162 3688 :
1192 3633 1268 3687 Ita
1302 3633 1497 3686 melius
1529 3645 1650 3686 esse
1684 3629 1859 3683 visum
1897 3637 1983 3684 est
2010 3624 2198 3680 mundi
2231 3621 2348 3692 epi-

783 3732 868 3786 tici
889 3748 905 3792 ;
930 3745 1053 3783 nam
1084 3727 1242 3796 120
1270 3740 1409 3779 mea.
1433 3766 1446 3778 .
1475 3764 1488 3778 .
1511 3762 1526 3778 .
1551 3763 1565 3778 .
1591 3765 1604 3778 .
1626 3762 1640 3777 .
1669 3765 1681 3777 .
1732 3721 2014 3788 Quomodo
2053 3727 2233 3774 autem
2262 3732 2350 3770 re-

783 3838 904 3880 rum
937 3832 1139 3876 natura:
1168 3827 1531 3875 consentanea
1567 3815 1746 3870 dicere
1785 3814 2097 3878 videamini,
2128 3809 2350 3882 quando

784 3917 983 3970 cmlum
1034 3911 1236 3968 moveri
1284 3911 1423 3965 etin
1474 3909 1736 3963 circulum
1785 3907 1936 3970 ferri,
1968 3921 2142 3975 neque
2172 3913 2351 3957 tamen

783 4008 1124 4063 extrinsecus
1178 4005 1344 4058 alium
1407 4001 1584 4056 locum
1645 4012 1736 4055 aut
1803 3999 1950 4054 aliud
2008 4013 2210 4067 corpus
2267 3994 2351 4047 vel

787 4097 1236 4162 commentitium,
1293 4094 1640 4164 supponitis?
1684 4091 1827 4147 Fieri
1870 4092 2014 4146 enim
2046 4089 2256 4158 nequit,
2295 4093 2356 4138 ut

787 4193 1065 4265 quidpiam
1105 4198 1405 4254 moveatur,
1437 4187 1541 4242 nisi
1571 4188 1624 4241 in
1656 4196 1894 4256 quatuor
1931 4179 2353 4249 elementis;ch

790 4290 845 4342 in
885 4296 1051 4352 terra,
1086 4285 1168 4339 vel
1205 4285 1256 4338 in
1291 4296 1454 4351 aqua,
1478 4281 1560 4334 vel
1591 4280 1644 4334 in
1685 4294 1830 4344 aere,
1873 4279 1954 4332 vel
1985 4280 2038 4332 in
2059 4274 2357 4346 igne;sive

790 4397 819 4436 a
870 4380 988 4433 loco
1029 4380 1082 4435 in
1137 4377 1315 4432 locum
1351 4383 1588 4429 transeat
1627 4373 1680 4426 in
1714 4372 1982 4426 infinitum
2007 4389 2021 4437 ;
2046 4371 2158 4426 sive
2176 4369 2230 4423 in
2255 4382 2354 4422 eo-

791 4474 913 4527 dem
965 4471 1084 4525 loco
1130 4483 1344 4538 semper
1403 4467 1668 4520 volvatur.
1720 4466 1829 4520 Sed
1870 4466 1916 4519 si
1945 4465 2162 4534 quidem
2191 4463 2246 4516 in
2275 4461 2357 4514 lo-

792 4580 916 4621 cum
959 4563 1228 4617 inliuitum
1275 4567 1514 4614 transeat
1576 4558 1827 4621 rotando,
1863 4557 2125 4611 inﬁnitam
2159 4564 2355 4609 terram

794 4654 1032 4710 exterius
1091 4653 1324 4722 supponi
1380 4665 1598 4706 necesse
1659 4659 1761 4713 est,
1825 4650 1878 4702 iu
1928 4662 2035 4719 qua
2081 4648 2352 4711 volvatur,

792 4744 1086 4818 posteriora
1148 4743 1346 4797 sensim
1404 4741 1715 4810 relinquens

796 4838 969 4892 tribus
1006 4833 1128 4890 aliis
1176 4831 1456 4888 elementis
1506 4840 1862 4900 supponatur,
1892 4829 1944 4883 in
1988 4829 2138 4881 nullo
2165 4842 2352 4882 eorum

795 4936 974 5002 potest
998 4927 1204 4996 sphzera
1242 4923 1384 4978 volvi
1448 4931 1501 4977 et
1533 4922 1740 4986 ratari;
1803 4921 1911 4973 imo
1967 4919 2146 4987 potius
2190 4917 2358 4984 jacta,

795 5036 920 5080 cum
959 5019 1195 5073 stridore
1235 5014 1568 5086 pertransit;
1625 5013 1709 5066 sin
1767 5025 1894 5064 vero
1927 5009 1979 5062 in
2000 5009 2189 5063 eodem
2216 5021 2360 5061 sem-

799 5129 896 5188 per
939 5113 1058 5166 loco
1107 5109 1350 5163 volvatur
1399 5115 1454 5161 et
1476 5113 1698 5169 rotetur,
1726 5117 1824 5156 nec
1844 5099 2276 5155 transeataloco
2304 5101 2358 5153 in

801 5210 1022 5270 locum;
1078 5200 1265 5255 faleris
1319 5207 1380 5251 ut
1441 5205 1681 5260 tornum,
1721 5203 1814 5249 aut
1847 5193 2155 5262 organicam
2183 5191 2361 5260 sphae-

801 5309 920 5350 ram
983 5291 1236 5348 sustineri
1294 5297 1523 5358 oportet,
1574 5296 1666 5341 aut
1749 5300 1913 5354 supra
2000 5298 2176 5348 axem,
2269 5290 2364 5335 aut

802 5389 952 5443 velut
1008 5384 1313 5440 machinam
1365 5381 1445 5434 vel
1498 5393 1738 5434 currum.
1785 5376 1938 5443 Quod
1975 5375 2020 5430 si
2048 5375 2098 5428 id
2127 5374 2360 5437 dicatur,

808 5493 999 5534 rursus
1057 5473 1406 5546 quaerendum
1457 5481 1560 5534 est,
1618 5484 1726 5539 quo
1765 5467 2136 5522 sustineantur
2193 5463 2362 5518 fulcra

807 5578 904 5626 aut
953 5568 1112 5622 axis:
1167 5573 1222 5621 et
1275 5565 1355 5619 sic
1393 5563 1444 5617 in
1505 5562 1794 5616 intinitum.
1832 5559 1910 5614 Ac
1945 5557 2128 5621 dicite,
2156 5571 2362 5627 quaeso,

1772 4759 1786 4794 :
1838 4742 1881 4793 si
1935 4753 2065 4792 vero
2093 4753 2259 4790 ltllllm
2287 4752 2382 4810 ex.

2523 3329 2649 3386 Ἐπὶ
2675 3327 2733 3381 δὲ
2761 3324 2979 3379 πάντων
3017 3317 3279 3379 αἰτιάσεις
3314 3312 3375 3367 τὸ
3401 3311 3582 3381 λέγειν
3599 3326 3614 3339 ο
3645 3308 3847 3365 Ἕνεκα
3867 3304 4015 3368 τίνος

2449 3425 2549 3477 οὑκ
2577 3421 2684 3476 ἀπὺ
2706 3417 2800 3471 τοῦ
2837 3415 3010 3487 βορρᾶ
3048 3409 3405 3482 περιφέρεται
3437 3405 3472 3475 ἡ
3499 3405 3701 3474 σφαῖρα
3735 3400 3889 3472 ὑμῶν
3921 3400 4019 3451 ἐπὶ

2448 3515 2542 3568 τὸν
2558 3513 2730 3575 νότον,
2760 3509 2796 3578 ἦ
2828 3506 2936 3561 ἀπὸ
2963 3504 3148 3573 ἑτέρου
3172 3499 3373 3568 ἀνέμου
3395 3496 3487 3550 ἐπὶ
3512 3496 3606 3550 τὸν
3625 3496 4015 3555 ἀντιπνέοντα;

2452 3608 2561 3662 Καὶ
2596 3605 2668 3675 μή
2703 3618 2792 3671 μοι
2840 3599 2986 3666 λέγε·
3042 3593 3213 3647 Τοῦτο
3245 3592 3492 3662 κρεῖττον
3518 3587 3663 3653 ἔδοξε
3703 3586 3782 3656 τῷ
3814 3586 4016 3654 ποιητῇ

2449 3689 2545 3750 τσῦ
2574 3695 2801 3764 κόσμου,
2831 3689 2900 3742 τά
2927 3686 3034 3757 ἐμὰ
3063 3684 3170 3756 γὰρ
3200 3682 3393 3744 ἄλλως.
3414 3721 3427 3736 .
3452 3723 3464 3737 .
3488 3678 3669 3734 ,ἐσθαι
3713 3675 4019 3747 φθεγγόμε-

2451 3807 2551 3842 νοι.
2584 3785 2706 3849 ῐιῶς
2737 3783 2793 3836 δὲ
2810 3783 2878 3851 τῇ
2901 3779 3059 3847 φύσει
3097 3776 3206 3829 τῶν
3245 3774 3585 3844 πραγμάτων
3615 3771 3883 3825 ἀκόλουθα
3928 3771 4020 3824 δο-

2454 3882 2601 3932 κεῖτε
2621 3877 2798 3942 λέγειν
2821 3913 2836 3933 .
2863 3871 3000 3932 ὅλως
3033 3865 3328 3928 κινεῖσθαι,
3365 3864 3460 3916 καὶ
3491 3862 3774 3916 κυκλεὺειν
3808 3862 3898 3915 τὸν
3924 3864 4021 3914 οὑ-

2456 3969 2614 4041 ρανδν
2658 3962 3074 4033 ὑποτιθέμενοι,
3101 3957 3298 4020 ἔξωθεν
3345 3953 3510 4009 αὑτοῦ
3535 3955 3570 4025 ἢ
3602 3954 3767 4008 τόπον
3791 3953 3825 4023 ἢ
3856 3951 4020 4023 σῶμα

2453 4062 2554 4116 κᾶν
2591 4056 2986 4127 πεπλασμένως
3021 4052 3098 4123 μὴ
3127 4049 3532 4118 ὑποτιθέμενοι;
3565 4046 3640 4100 Οὑ
3669 4046 3778 4117 γὰρ
3795 4045 4022 4100 δυνατόν

2453 4171 2509 4207 τι
2538 4149 2805 4206 κινεῖσθαι
2855 4146 2983 4200 ἄνευ
3011 4144 3121 4196 τῶν
3155 4142 3434 4210 τεσσάρων
3483 4138 3782 4208 στοιχείων.
3831 4129 3956 4189 υίον
3983 4134 4020 4204 ἢ

2456 4247 2549 4300 επὶ
2572 4246 2698 4313 γῆς,
2728 4241 2762 4312 ἧ
2792 4241 2886 4292 ἐπὶ
2919 4236 3130 4300 ὓδατος,
3161 4234 3195 4304 ἢ
3229 4235 3321 4286 ἐπὶ
3347 4231 3528 4301 ἀέρος,
3558 4230 3592 4301 ἢ
3622 4231 3717 4282 ἐπὶ
3739 4228 3931 4300 πυρὸς,
3969 4230 4022 4280 εξ

2455 4337 2551 4392 καὶ
2579 4335 2688 4389 ἀπὸ
2713 4333 2881 4386 τόπου
2903 4330 2982 4392 είς
3013 4328 3178 4381 τόπον
3214 4323 3575 4397 μετέρχεσθαι
3607 4321 3693 4375 ἐπ’
3715 4321 3961 4392 ἄπειρον,
3985 4319 4021 4390 ἢ

2455 4429 2550 4482 ἐπὶ
2579 4425 2675 4480 τοῦ
2699 4421 2863 4477 αὑτοῦ
2910 4421 3142 4474 πάντοτε
3181 4416 3506 4489 στρέφεσθαι
3551 4414 3738 4469 τόπου.
3788 4414 3928 4467 Ἀλλ’
3973 4415 4026 4466 εί

2461 4521 2561 4592 μὲν
2591 4517 2678 4572 ἐπ’
2699 4516 2926 4586 ἄπειρον
2955 4512 3274 4583 μετέρχεται
3305 4509 3469 4562 τόπον
3501 4506 3838 4576 κυλιόμενος,
3862 4504 4026 4559 ἀπει-

2462 4630 2553 4684 ρον
2580 4611 2686 4681 γῆν
2713 4604 3080 4667 ὑποτίθεσθαι,
3105 4601 3302 4667 ἔξωθεν
3337 4602 3417 4664 είς
3444 4601 3512 4672 ἢν
3545 4599 3808 4665 κυλίεται,
3837 4600 4026 4670 ἠρέμα

2456 4705 2746 4761 τοὺπισθεν
2778 4699 3220 4770 καταλιμπάνων,
3245 4698 3295 4749 εί
3324 4697 3382 4751 δὲ
3414 4696 3602 4766 ἓτερον
3627 4694 3685 4747 ἓν
3715 4693 3825 4747 τῶν
3857 4693 4026 4765 τριῶν

2463 4797 2740 4868 στοιχείων
2784 4791 3151 4856 ὑποτίθεσθαι,
3183 4789 3292 4843 οὐδ’
3313 4791 3392 4852 εἰς
3434 4788 3692 4858 ὁπότερον
3716 4784 3896 4839 αὑτῶν
3927 4802 4028 4839 κυ-

2463 4891 2668 4946 λίεσθαι
2697 4889 2793 4942 καὶ
2819 4885 3144 4956 στρέφεσθαι
3179 4883 3421 4951 πέφυκεν
3443 4882 3648 4950 σφαῖρα
3669 4897 3685 4911 ο
3718 4878 3854 4933 ἀλλά
3889 4878 4028 4948 μᾶλ-

2463 4984 2555 5038 λον
2589 4983 2685 5036 καὶ
2729 4977 3120 5048 ἀκοντιζομένη
3174 4974 3419 5047 ῥοιζηδὸν
3477 4973 3821 5044 μετέρχεται.
3869 4971 3937 5026 Et
3966 4972 4027 5026 δὲ

2467 5077 2628 5131 πάλιν
2654 5076 2746 5128 ἐπὶ
2776 5074 2870 5128 τοῦ
2902 5070 3066 5126 αὑτοῦ
3089 5071 3178 5123 ἀεὶ
3203 5069 3369 5122 τόπου
3398 5066 3642 5121 κυλίεται
3673 5065 3766 5119 καὶ
3795 5064 4028 5134 στρέφε-

2464 5185 2553 5222 ται
2587 5168 2660 5239 μὴ
2691 5165 3082 5238 μετερχόμενος
3113 5161 3277 5215 τόπον
3300 5164 3366 5215 ὲκ
3404 5158 3592 5222 τόπου,
3623 5158 3836 5226 ἀνάγκη
3865 5157 4030 5210 αὑτὸν

2469 5261 2574 5314 ὑπὸ
2598 5262 2874 5315 κλοτάκων
2903 5258 2980 5320 ὡς
3013 5257 3223 5325 τόρνος,
3243 5253 3278 5324 ἢ
3309 5251 3571 5323 όργανικὴ
3603 5252 3806 5320 σφαῖρα
3828 5249 4032 5319 βαστά-

2469 5353 2680 5420 ζεσθαι,
2707 5355 2740 5424 ἢ
2782 5353 2885 5406 ὑπὸ
2907 5351 3130 5416 ἀξωνος,
3157 5349 3191 5418 ἢ
3215 5347 3291 5411 ὡς
3324 5349 3357 5417 ή
3389 5346 3637 5417 μηχανὴ,
3671 5344 3706 5415 ἢ
3739 5345 3774 5416 ἡ
3818 5341 4026 5414 ἅμαξα.

2469 5447 2583 5500 Καὶ
2609 5447 2658 5499 εἰ
2681 5445 2858 5509 τοῦτο,
2885 5443 3046 5497 πάλιν
3079 5441 3292 5509 ἀνάγκη
3331 5437 3512 5508 ζητεῖν
3553 5440 3633 5499 είς
3663 5436 3717 5490 τί
3745 5435 4031 5507 ἐπιστηρί-

2475 5539 2677 5601 ζονται,
2726 5539 2760 5610 ἢ
2794 5539 2844 5590 οί
2892 5536 3166 5597 κλώτακες
3194 5533 3333 5602 (sic),
3373 5530 3426 5600 ἦ.
3453 5533 3481 5583 ὁ
3524 5530 3696 5595 άξων·
3747 5529 4034 5584 καὶτοῦτο

809 5662 1082 5733 quomodo
1138 5671 1504 5727 supponamus
1556 5667 1709 5707 axem
1769 5667 1862 5722 per
1911 5649 2148 5705 medium
2216 5658 2369 5702 terra:
2473 5664 2476 5680 ι

2366 5669 2369 5695 ι
2473 5632 2717 5702 ἄπειρον.
2746 5631 2866 5693 Πῶς
2894 5631 2952 5682 δὲ
2981 5629 3072 5682 καὶ
3093 5627 3184 5680 τὸν
3208 5624 3389 5690 ἀξωνα
3410 5624 3619 5694 διήκειν
3639 5623 3726 5678 διὰ
3747 5623 3910 5694 μέσου
3933 5622 4033 5691 τῆς

809 5751 1072 5822 transfigi,
1098 5759 1151 5806 et
1172 5765 1236 5804 ex
1257 5765 1360 5819 qua
1390 5747 1611 5801 materia
1633 5748 1701 5800 sit
1726 5745 1750 5798 ?

881 5846 1018 5900 Cum
1056 5842 1137 5899 hae
1171 5842 1349 5911 itaque
1371 5841 1435 5896 de
1461 5850 1646 5894 natura
1687 5853 1866 5893 rerum
1896 5839 2218 5892 numstionrs
2250 5848 2338 5887 nvo

2480 5725 2580 5795 γῆς
2612 5723 2958 5794 ὑποθώμεθα;
2987 5719 3140 5774 ποίου
3163 5718 3431 5788 σώματος,
3458 5717 3681 5782 εἶπατες

2549 5820 2761 5873 Τούτων
2794 5816 2884 5871 οὖν
2921 5818 2981 5884 τῇ
3013 5814 3168 5881 φύσει
3199 5811 3305 5864 τῶν
3348 5811 3682 5880 πραγμάτων
3725 5806 4032 5864 ἁποοουιιέι
