4222 6442
224 420 296 482 65
1176 421 1729 485 TOPOGRAPIILE
1761 422 2245 485 CHRISTIANIE
2283 421 2429 482 LIB.
2459 421 2507 480 ι.
3387 411 3461 476 66

217 549 348 595 νων,
388 531 651 596 λείπεται,
672 533 814 587 καθά
840 534 933 588 καὶ
958 534 1149 607 πρώην
1175 537 1429 607 εἴπαμεν,
1463 537 1783 609 ἐρηρεισμέ-

1814 550 1860 601 Α
1887 546 2136 603 reantur,
2163 544 2350 599 restat,
2389 543 2449 589 ut
2479 533 2591 604 jam
2622 531 2881 595 diximus,
2909 542 3106 585 cretum
3136 530 3300 582 tixum
3316 539 3457 592 esse,

215 642 310 678 νον
338 625 501 678 αὑτὸν
523 620 683 689 εἶναι,
715 628 808 680 καὶ
841 626 914 697 μὴ
937 627 1380 699 περιφερόμενον.
1398 629 1555 683 Ἀλλά
1575 631 1670 685 καὶ
1689 631 1783 702 τὴν

1889 645 2066 701 neque
2115 627 2477 684 circumferri.
2525 624 2666 692 Quin
2697 625 2860 679 etiam
2899 638 3022 679 cum
3050 633 3269 686 terram,
3295 620 3459 675 veluti

216 720 321 788 γῆν
349 719 426 782 ὼς
450 720 672 791 κέντρον
700 719 872 790 μέσην
900 720 995 774 τοῦ
1028 723 1228 785 παντὸς
1259 723 1658 794 ὑποτιθέμενοι,
1688 742 1785 779 τα-

212 810 427 882 χύτατα
450 813 676 876 ἑαυτοὺς
705 813 998 867 καταλύετε
1027 814 1088 868 τὸ
1123 815 1287 885 μέσον
1316 816 1480 871 πάλιν
1522 818 1670 871 κάτω
1697 818 1785 873 λέ-

211 923 405 977 γοντες
436 905 573 961 εἶναι
593 926 607 938 ·
639 908 701 963 το
728 908 859 963 αὐτὸ
887 909 998 981 γάρ
1027 909 1169 963 κατὰ
1206 911 1267 964 τὸ
1310 912 1444 965 αὐτὸ
1489 914 1583 966 καὶ
1621 913 1787 982 μέσον

213 1000 313 1052 καὶ
338 1002 491 1055 κάτω
524 1000 785 1056 ἀδύνατον
813 999 952 1057 εἶναι
974 1020 986 1034 ·
1014 1004 1074 1057 τὸ
1107 1005 1273 1074 μέσον
1302 1006 1411 1075 γάρ
1434 1004 1527 1059 τοῦ
1559 1007 1671 1060 ἄνω
1692 1005 1788 1060 καὶ

211 1093 368 1146 κάτω
408 1094 572 1164 μέσον
612 1095 782 1158 ἐστὶν,
822 1096 856 1166 ἢ
898 1096 992 1150 τοῦ
1024 1095 1173 1163 δεξιά
1196 1099 1289 1152 καὶ
1316 1099 1599 1171 ἀριστερά.
1629 1100 1662 1169 ἢ
1691 1099 1786 1154 τοῦ

212 1184 528 1258 ἔμπροσθεν
558 1189 653 1242 καὶ
678 1189 923 1245 ὄπισθεν.
955 1191 1077 1255 Πῶς
1106 1186 1201 1246 οὖν
1234 1192 1439 1264 ἀπορίᾳ
1468 1193 1786 1265 πολιορκού-

211 1294 388 1346 μενοι.
410 1280 745 1335 ἀνακόλουθα
777 1283 870 1336 καὶ
894 1283 1133 1351 ἀφύσικα
1161 1285 1269 1339 ἀπὸ
1292 1285 1523 1357 Γραφῶν
1553 1286 1786 1356 φθέγγε-

208 1372 338 1438 σθε;
389 1373 629 1439 Δεδιότες
660 1376 768 1444 γὰρ
805 1377 879 1447 μή
924 1395 1005 1442 τις
1035 1380 1162 1448 ύμῖν
1195 1380 1493 1451 ἀπορήσειε
1525 1379 1784 1449 φάσκων·

116 1478 119 1481 ’
206 1469 293 1522 Τά
318 1470 556 1524 τοσαῦτα
582 1472 834 1542 ἀμύθητα
856 1474 992 1546 βάρη
1019 1475 1116 1546 τῆς
1144 1475 1266 1546 γῆς,
1297 1475 1412 1541 πῶς
1434 1476 1657 1530 δυνατὸν
1685 1475 1788 1530 ὑπὸ

204 1564 351 1634 ἀέρα
387 1566 714 1637 κρεμᾶσθαι,
748 1570 839 1649 καὶ
869 1568 943 1639 μὴ
973 1570 1373 1631 καταπίπτεινς
1420 1572 1519 1624 οὐκ
1547 1569 1782 1640 ἀληθῶν,

205 1658 345 1712 ἀλλά
375 1659 542 1724 ξένων
580 1664 922 1733 πραγμάτων
968 1662 1169 1734 μύθους
1202 1663 1565 1735 ὲφευρηκότες
1588 1705 1604 1728 ,
1637 1665 1784 1717 ἅντι-

207 1751 461 1821 στρόφως
489 1752 674 1821 λέγετε
717 1755 778 1808 το
823 1755 988 1825 μέσον
1024 1756 1173 1810 κάτω
1201 1750 1360 1821 εἶναι,
1388 1755 1465 1817 ὡς
1494 1756 1546 1809 εί
1568 1772 1632 1824 γε
1662 1756 1784 1809 ἀντὶ

205 1844 309 1913 τῆς
333 1845 440 1914 γῆς
484 1845 595 1918 πῦρ
619 1864 703 1911 τις
737 1848 989 1903 ὑπόθοιτο
1022 1850 1206 1919 μέσον,
1256 1849 1318 1902 τὺ
1358 1848 1520 1919 μέσον
1564 1847 1675 1902 ἀνω
1714 1846 1782 1902 ἀν

208 1937 404 1991 εἴπατε
426 1938 548 1992 ἀντὶ
573 1939 665 1992 τοῦ
691 1940 861 2005 κάτω,
884 1941 1070 2011 ἐπειδὴ
1096 1940 1157 1993 τὸ
1178 1939 1290 2011 πῦρ
1310 1940 1586 2011 άνωφερές
1610 1941 1779 1994 ἐστιν.

219 2030 381 2100 Ἐμοὶ
405 2031 537 2099 γοῦν
558 2033 625 2087 τὰ
655 2032 844 2104 πρῶτα
865 2033 1077 2087 δοκοῦσι
1098 2033 1185 2087 διά
1210 2032 1318 2086 τῶν
1342 2035 1610 2105 δευτέρων
1631 2034 1783 2087 ἀναι-

207 2127 344 2193 ρεῖν,
379 2126 473 2179 καὶ
499 2125 585 2179 διὰ
609 2126 717 2180 τῶν
750 2127 980 2195 πρώτων
1003 2126 1071 2181 τά
1102 2125 1344 2197 δεύτερα.
1391 2127 1455 2181 Εἰ
1487 2126 1544 2180 δὲ
1572 2126 1633 2194 ἐξ
1664 2125 1781 2180 ίσου

203 2217 359 2280 ὖντος
396 2217 491 2271 τοῦ
531 2219 694 2289 ἀέρος
733 2220 996 2274 πάντοθεν
1020 2221 1118 2291 τῆς
1158 2224 1264 2290 γῆς
1285 2219 1545 2274 ὠθεῖσθαι
1573 2218 1780 2290 λέγοιεν

204 2309 312 2363 ὑπὸ
338 2309 437 2365 τοῦ
470 2312 693 2377 παντὸς,
723 2315 816 2368 καὶ
855 2314 953 2386 τὴν
978 2314 1082 2385 γῆν
1105 2314 1298 2387 ἀκλινῆ
1340 2314 1635 2385 διαμένειν,
1686 2315 1782 2369 καὶ

206 2406 283 2476 μὴ
312 2405 522 2459 κλίνειν
564 2407 622 2460 ἑν
664 2407 840 2478 μέρει,
886 2407 1003 2472 πῶς
1028 2407 1347 2479 ἀνθρώπους
1375 2409 1471 2462 καὶ
1501 2408 1570 2461 τά
1616 2406 1782 2460 λοιπὰ

200 2498 379 2567 ἄλογα
405 2500 632 2569 χερσαῖά
657 2517 718 2554 τε
747 2501 842 2555 καὶ
868 2502 1047 2573 πτηνά
1071 2502 1132 2555 οὐ
1177 2501 1560 2563 συνωθοῦνται,
1588 2499 1779 2569 ἀκλινῆ

198 2590 528 2661 διαμένοντα
556 2593 632 2656 ὡς
653 2594 687 2664 ἠ
719 2592 813 2665 γῆ,
836 2593 971 2648 ἀλλά
994 2593 1269 2665 διατέμνει
1297 2594 1387 2647 τὸν
1425 2594 1563 2665 ἀέρα
1603 2593 1782 2647 πάντα

198 2684 547 2754 πορευόμενα
574 2685 668 2739 καὶ
685 2686 1103 2759 ἀεροποροῦντα,
1121 2687 1215 2740 καὶ
1242 2684 1698 2758 ὑψηλοδατοῦντα·
1719 2683 1781 2737 οὐ

203 2777 368 2845 μόνον
391 2779 461 2833 τὰ
481 2780 723 2843 τοιαῦτα,
748 2779 882 2833 ἀλλά
910 2780 1003 2832 καὶ
1022 2780 1154 2849 ψιλά
1180 2798 1300 2833 τινα
1323 2779 1505 2851 ἀψυχα
1524 2779 1783 2852 πράγμα-

200 2884 298 2923 τα·
319 2867 436 2924 οἷον
467 2871 804 2941 βραχύτατον
841 2874 1066 2944 πτερὸν,
1110 2874 1144 2944 ἦ
1191 2873 1551 2944 σμικρότατον
1580 2870 1780 2942 ἄχυρον

204 2965 611 3036 περικρατῆσαι
652 2966 687 3035 ἢ
724 2965 989 3035 βαστάσαι
1020 2966 1111 3020 τὸν
1138 2966 1276 3035 ἀέρα
1322 2964 1609 3018 ἀδύνατον·
1646 2962 1782 3018 ἀλλά

203 3061 395 3130 τέμνει
443 3061 606 3115 αὑτὸν
656 3060 852 3131 χαῦνον
901 3062 1028 3115 ὄντα
1073 3061 1166 3114 καὶ
1208 3060 1415 3114 ἁπαλόν
1438 3075 1452 3087 ⁸
1505 3060 1599 3114 καὶ
1641 3075 1782 3129 παρ-

203 3152 448 3223 έρχεται,
479 3155 601 3207 ὅσον
629 3156 663 3224 ἡ
689 3153 833 3225 ὁρμὴ
872 3153 964 3206 τοῦ
1005 3154 1224 3223 ἄγοντος
1251 3154 1504 3226 φέρεται;
1540 3151 1663 3213 Πῶς
1690 3146 1783 3204 οὖν

201 3245 425 3301 δεκτέον
450 3248 551 3311 τὰς
575 3247 826 3311 τοιαύτας
858 3248 1069 3317 ψευδεῖς
1107 3247 1427 3315 ὑποθέσειςς

203 3342 511 3404 tltttttcum,
567 3344 693 3412 quia
742 3315 880 3398 levis
913 3353 965 3398 et
999 3343 1175 3399 tenuis
1198 3342 1430 3410 exsistit,
1481 3347 1916 3413 prmterenntque
1978 3336 2243 3403 quantum
2310 3317 2541 3376 validius
2592 3315 2662 3372 ab
2713 3322 2902 3387 agente
2964 3326 3030 3383 pe

203 3435 374 3507 igitur
399 3434 845 3489 mendacissimas
869 3435 1197 3526 hypotheses
1224 3433 1617 3491 admittamus?

275 3532 340 3584 Εἰ
388 3528 445 3581 δὲ
487 3529 580 3581 καὶ
616 3530 747 3599 περὶ
799 3529 907 3582 τῶν
954 3530 1253 3584 ἀντιπόδων
1303 3528 1773 3602 ἑπεξεργαστικώ-

201 3639 366 3691 τερον
422 3619 666 3691 θελήσειέ
711 3637 794 3684 τις
850 3620 1102 3690 ζητῆσαι,
1153 3621 1348 3692 ῥᾳδίως
1406 3622 1533 3684 τοὺς
1592 3618 1774 3690 τραιίν

201 3716 315 3778 δεις
388 3712 588 3782 μύθους
647 3711 826 3766 αὐτῶν
887 3713 1244 3783 ἀνακαλύψει.
1306 3713 1470 3778 Πόδες
1519 3712 1629 3783 γὰρ
1680 3713 1775 3765 ἀν-

202 3803 430 3875 θρώπου
477 3800 992 3872 ἀντισυναπτόμενοι
1033 3802 1393 3873 ἀμφοτέροις,
1426 3805 1473 3856 εί
1517 3800 1771 3873 στῆσαιῆ

200 3898 261 3947 ἐν
307 3897 422 3966 γῇ,
470 3892 525 3965 [ἦ
566 3896 625 3948 ὲν
666 3892 840 3959 ὕδατι,
877 3893 910 3964 ἦ
946 3895 1005 3947 ἐν
1047 3896 1167 3966 ἀέρι
1185 3894 1290 3967 ,]ἢ
1328 3898 1385 3947 ὲν
1425 3896 1584 3965 πυρὶ,
1634 3894 1668 3965 ἢ
1715 3894 1774 3947 ὲν

198 3984 567 4057 οξῳδηποτοῦν
622 3983 831 4054 σώματι
898 3985 1208 4056 βούλονται,
1271 3988 1388 4050 πῶς
1450 3985 1771 4057 εὑρεθήσον-

196 4096 289 4132 ται
339 4077 639 4147 ἀμφότεροι
670 4076 882 4148 δρθιοις
921 4077 1045 4141 Πῶς
1084 4078 1182 4148 οὐχ
1210 4078 1239 4130 ὁ
1268 4079 1364 4148 μὲν
1410 4077 1590 4131 αὐτῶν
1635 4076 1773 4131 κατὰ

197 4170 369 4238 φύσιν
413 4169 616 4239 ὄρθιος,
660 4170 690 4222 ὁ
714 4168 760 4221 δ’
791 4168 976 4241 ἕτερος
1013 4168 1167 4239 παρά
1220 4168 1380 4239 φύσιν
1420 4168 1772 4239 κατακέφαλα

195 4261 594 4333 εὐρεθήσεταις
646 4259 929 4328 Ἀλὸγιστα
958 4261 1052 4314 καὶ
1090 4260 1215 4327 ξένα
1244 4261 1343 4330 τῆς
1375 4262 1646 4333 ἡμετέρας
1672 4260 1772 4329 φύ-

198 4369 343 4415 σεως
376 4353 471 4404 καὶ
497 4349 704 4416 τάξεώς
725 4352 831 4403 εἰσι
846 4350 916 4404 τὰ
939 4349 1179 4405 τοιαῦτα.
1210 4350 1333 4415 Πῶς
1352 4350 1409 4405 δὲ
1430 4350 1592 4405 πάλιν
1615 4348 1769 4403 ὑετοῦ

195 4446 492 4515 γινομένου
520 4444 606 4496 ἐπ’
633 4441 976 4513 ἀμφοτέρους
1001 4440 1222 4496 δυνατὸν
1245 4442 1425 4509 λέγειν
1464 4441 1769 4512 καταφέρε-

198 4537 330 4590 σθαι
369 4536 463 4587 ὲπὶ
492 4534 618 4597 τοὺς
645 4532 740 4586 δύο
766 4532 856 4585 τὸν
889 4532 1072 4599 ὑετόν;
1104 4533 1213 4586 Καὶ
1234 4533 1355 4603 οὐχ).
1378 4531 1456 4603 τῷ
1477 4533 1577 4602 μὲν
1606 4550 1771 4585 κατα-

197 4627 487 4699 φέρεσθαι,
521 4624 600 4696 τῷ
651 4625 707 4678 δὲ
755 4624 1123 4695 ἀναφέρεσθαι
1147 4666 1161 4688 ,
1199 4623 1232 4694 ἢ
1280 4624 1661 4695 ἀντιφέρεσθαι
1685 4661 1700 4686 ,
1734 4623 1769 4695 ἢ

195 4720 552 4791 εἰσφέρεσθαι
582 4718 676 4773 καὶ
709 4716 1067 4790 ὲκφέρεσθαι;
1102 4716 1174 4770 Τὸ
1191 4717 1299 4788 γάρ
1319 4717 1605 4779 ἀντίποδας
1632 4719 1770 4770 νοεῖν

1885 732 2157 783 centrum,
2208 721 2445 777 medium
2502 718 2741 773 universi
2766 731 2887 771 esse
2914 713 3254 785 supponatis,
3287 712 3461 782 hypo-

1885 814 2059 870 thesis
2105 823 2286 870 vestra
2341 828 2441 884 per
2482 827 2541 867 se
2578 810 2761 864 statim
2791 808 3014 871 corruit,
3041 820 3166 861 cum
3219 802 3460 859 medium

1883 921 2006 962 esse
2038 908 2282 963 intimum
2303 906 2529 961 dicatis:
2558 902 2674 958 ﬁeri
2711 900 2856 956 enim
2888 898 3093 967 nequit,
3125 906 3185 951 ut
3216 895 3457 965 idipsunt

1883 1001 2068 1058 eadem
2086 1001 2295 1055 ratione
2318 1006 2373 1054 et
2396 998 2630 1053 medium
2681 1005 2737 1050 et
2777 994 3023 1049 intimum
3051 990 3122 1056 sit
3149 1007 3163 1044 :
3190 1003 3314 1043 nam
3345 1002 3463 1041 mea

1883 1093 2057 1157 dium,
2109 1090 2349 1163 supremi
2392 1099 2447 1144 et
2478 1088 2644 1143 infimi
2675 1086 2913 1141 medium
2945 1085 3143 1146 est‘,‘-ut
3163 1088 3218 1135 et
3236 1079 3459 1134 dextra-

1883 1200 2004 1239 rum
2056 1194 2111 1241 et
2160 1184 2505 1241 sinistrarum
2560 1180 2816 1250 partium,
2866 1173 3199 1229 anteriorum
3244 1170 3368 1225 item
3402 1176 3460 1223 et

1885 1278 2269 1349 posteriorum.
2302 1276 2412 1331 Cur
2466 1286 2597 1345 ergo
2644 1267 2908 1340 angustiis
2957 1262 3191 1327 obsessi,
3219 1260 3450 1316 absurda

1884 1388 1939 1433 et
1984 1385 2193 1429 natura:
2240 1367 2598 1440 repugnantia
2656 1370 2855 1434 praeter
2916 1357 3229 1426 Scripturas
3277 1353 3456 1424 impu-

1882 1475 2075 1526 denter
2121 1460 2449 1534 loquimini?
2493 1456 2659 1512 Veriti
2704 1455 2850 1510 enim
2885 1467 2951 1506 ne
2973 1449 3099 1531 quis
3127 1447 3282 1502 vobis
3305 1462 3455 1518 qua:-

1885 1562 2113 1619 stionem
2177 1563 2393 1610 moveat
2434 1553 2519 1606 his
2544 1550 2744 1614 verbis,
2785 1547 2900 1602 Hoc
2931 1528 3295 1601 inenarrabile
3319 1558 3456 1614 pono

1882 1657 1986 1712 dus
2039 1663 2215 1716 terra,
2277 1645 2551 1719 quomodo
2594 1644 2647 1698 in
2676 1657 2800 1697 aere
2827 1652 3153 1710 suspensum
3183 1646 3331 1692 stare
3358 1649 3455 1705 po-

1884 1757 2008 1811 test,
2052 1747 2124 1801 ita
2167 1756 2226 1798 ut
2253 1757 2360 1796 non
2403 1735 2614 1795 cadat?
2647 1751 2756 1791 non
2789 1750 2937 1803 vera,
2979 1729 3073 1788 sed
3117 1728 3451 1788 incredibilia

1884 1841 2136 1912 ﬁgmenta
2162 1853 2190 1892 a
2219 1833 2371 1891 vobis
2392 1832 2693 1900 excogitata
2721 1830 2997 1902 profertis,
3028 1844 3093 1884 ae
3129 1820 3451 1898 principium

1884 1933 2124 2007 repetitis
2142 1945 2208 1985 ex
2231 1928 2458 1983 adverso
2482 1925 2740 1990 dicentes,
2768 1921 3006 1976 medium
3036 1934 3158 1976 esse
3174 1915 3450 1971 intimum:

1877 2029 1950 2082 ita
1981 2036 2039 2081 ut
2076 2025 2119 2080 si
2152 2037 2250 2094 pro
2271 2031 2414 2076 terra
2436 2019 2490 2072 in
2516 2015 2694 2072 medio
2738 2015 2916 2085 ignem
2946 2027 3067 2069 esse
3097 2010 3222 2081 quis
3258 2018 3458 2077 suppo-

1878 2129 1992 2185 nat,
2036 2116 2295 2180 medium,
2342 2110 2489 2183 quod
2535 2110 2648 2181 jam
2704 2108 2949 2163 intimum
3013 2104 3213 2168 dicitis,
3262 2115 3453 2170 supre-

1879 2226 2030 2268 mum
2075 2207 2273 2264 dicturi
2329 2206 2468 2269 sitis,
2493 2203 2618 2273 quia
2646 2201 2787 2271 ignis
2811 2211 3024 2255 sursum
3051 2194 3235 2251 tendit.
3269 2192 3453 2261 Itaque

1880 2305 2133 2361 videntur
2186 2297 2319 2355 mihi
2380 2296 2555 2369 prima
2592 2292 2888 2375 secundis,
2946 2287 3185 2346 secunda
3237 2282 3451 2357 primis,

1879 2407 2137 2455 evertere.
2164 2392 2221 2451 Si
2248 2406 2396 2457 vero,
2436 2404 2560 2444 cum
2612 2403 2706 2443 aer
2754 2386 3114 2455 undequaque
3168 2375 3453 2450 a'qttalitcr

1880 2506 2075 2549 terram
2104 2487 2327 2551 ambiat,
2378 2486 2552 2556 ipsum
2584 2482 2654 2537 ab
2683 2480 2938 2534 universo
2959 2474 3160 2530 moveri
3189 2468 3449 2534 dixerint,

1879 2602 1944 2642 ac
1983 2576 2182 2640 terram
2235 2578 2564 2636 immobilem
2616 2586 2855 2636 manere,
2881 2583 3056 2639 neque
3088 2566 3169 2622 vel
3192 2580 3257 2620 ex
3290 2570 3445 2634 parte

1880 2677 2176 2738 inclinari;
2217 2671 2490 2746 quomodo
2537 2667 2785 2722 homines
2835 2672 2890 2719 et
2957 2663 3114 2717 bruta
3169 2653 3452 2719 animalia,

1880 2769 2153 2828 terrestria
2189 2778 2243 2822 et
2283 2762 2540 2827 volatilia,
2590 2775 2695 2814 non
2751 2773 2853 2812 una
2879 2762 3182 2817 moventur,
3238 2764 3302 2805 ac
3324 2761 3456 2819 per-

1882 2864 2011 2921 inde
2054 2868 2216 2932 alquc
2282 2867 2423 2913 terra
2489 2869 2597 2908 non
2630 2851 2981 2912 inclinantur,
3013 2844 3107 2901 sed
3137 2856 3314 2899 aerem
3346 2840 3454 2894 litt-

1885 2960 2022 3015 dunt
2049 2950 2378 3010 ambulando
2407 2950 2461 3003 in
2500 2962 2646 3012 aere,
2680 2954 2733 2998 ct
2759 2950 2933 2998 erecta
2964 2937 3174 2994 cervice
3206 2932 3454 3006 gradien-

1881 3052 1952 3106 do
1981 3068 1994 3103 :
2019 3063 2117 3103 nec
2140 3043 2300 3099 modo
2330 3041 2440 3105 illa,
2459 3038 2549 3094 sed
2562 3037 2726 3092 etiam
2749 3033 2899 3104 121
2924 3027 3193 3086 levissima
3223 3036 3452 3095 quaequo

1886 3143 2208 3201 inanimata,
2274 3136 2347 3189 ita
2394 3143 2453 3187 ut
2513 3129 2763 3201 exiguam
2819 3128 3058 3197 plumam
3116 3114 3451 3176 ettenuissi-

1804 3235 1846 3296 ϐ
1880 3251 2024 3294 matn
2082 3232 2344 3286 festucam
2397 3237 2490 3277 aer
2555 3220 2826 3278 sustinere
2865 3221 3138 3285 nequeat;
3175 3208 3267 3265 sed
3299 3207 3451 3263 scin-

3032 3304 3279 3365 lluntur?
3340 3301 3448 3370 Qui

1945 3513 2097 3582 Quod
2135 3514 2181 3567 si
2232 3509 2360 3582 quis
2405 3505 2474 3562 de
2527 3499 2872 3573 antipodibus
2917 3493 3187 3553 curiosius
3242 3493 3448 3565 disqui-

1880 3626 2001 3665 rere
2028 3606 2178 3671 velit,
2218 3618 2481 3675 perquam
2513 3596 2770 3654 facillime
2806 3593 2975 3647 aniles
3017 3603 3203 3644 eorum
3234 3585 3452 3643 fabulas

1878 3696 2185 3770 patefaciet.
2224 3694 2436 3749 Etenim
2471 3692 2516 3747 si
2553 3688 2715 3762 pedes
2731 3683 2966 3741 hominis
2994 3680 3219 3752 pedibus
3248 3694 3312 3735 ex
3350 3694 3449 3752 op-

1878 3793 2057 3865 posito
2087 3787 2360 3859 conjuncti
2411 3785 2553 3851 sint;
2588 3783 2703 3838 sive
2740 3780 2795 3835 in
2840 3787 3010 3840 terra,
3047 3772 3162 3829 sive
3198 3771 3253 3827 in
3279 3788 3448 3842 aqua,

1878 3888 1993 3941 sive
2010 3885 2064 3939 itt
2092 3898 2235 3942 aere,
2263 3881 2377 3936 sive
2409 3880 2460 3933 in
2491 3877 2634 3948 igne,
2658 3874 2773 3930 sive
2799 3872 2853 3926 in
2871 3867 3065 3941 quovis
3091 3866 3200 3923 alio
3218 3880 3447 3935 corpore

1876 3977 2147 4039 steterint,
2172 3971 2450 4044 quomodo
2474 3969 2685 4041 possint
2710 3960 3048 4021 amboerecti
3067 3956 3443 4031 repeririloui

1879 4071 1995 4126 tieri
2025 4068 2198 4140 possit
2227 4064 2524 4137 quominus
2565 4061 2699 4116 alter
2726 4072 2920 4114 eorum
2948 4051 3241 4112 secundum
3282 4060 3446 4106 natu-

1876 4179 1995 4218 ram
2027 4170 2231 4225 rectus,
2263 4159 2400 4214 alter
2432 4170 2563 4212 vero
2583 4162 2779 4224 praeter
2807 4160 3059 4206 naturam
3088 4146 3320 4202 obverso
3350 4160 3448 4201 ca-

1876 4259 1988 4330 pite
2009 4252 2344 4327 reperiatur?
2375 4247 2625 4306 Absurda
2661 4260 2815 4309 sane,
2851 4252 2905 4299 et
2932 4258 2963 4297 a
2993 4249 3188 4296 natura
3229 4247 3283 4294 ct
3308 4252 3446 4293 con-

1876 4352 2093 4408 ditione
2148 4356 2338 4404 nostra
2371 4345 2547 4401 aliena
2573 4350 2704 4397 sunt
2749 4338 2957 4395 isthaac.
3005 4335 3239 4390 Rursum
3291 4346 3443 4396 vero,

1876 4445 2160 4516 ingruente
2188 4454 2352 4509 super
2396 4446 2687 4505 utrumque
2735 4431 2938 4502 pluvia,
2983 4427 3258 4500 quomodo
3294 4424 3447 4481 dica-

1877 4546 1967 4594 tur
2013 4550 2177 4606 super
2222 4534 2416 4588 ambus
2462 4528 2755 4584 decidere?
2785 4529 2976 4579 Annon
3014 4523 3192 4593 potius
3231 4520 3449 4576 dicatur

1875 4645 2040 4701 super
2072 4628 2241 4684 alium
2258 4626 2474 4697 quidem
2509 4622 2783 4687 decidere,
2817 4619 2882 4674 ad
2911 4617 3075 4672 alium
3100 4630 3234 4671 vero
3259 4628 3446 4669 ascen-

1874 4722 2021 4785 dere,
2041 4727 2133 4775 aut
2162 4727 2350 4775 contra
2386 4715 2535 4780 ferri,
2567 4722 2661 4769 aut
2686 4709 2896 4775 inferri,
2919 4718 3013 4764 aut
3039 4705 3243 4762 deferri
3261 4705 3285 4759 ?
3303 4704 3447 4759 Nam

192 4814 293 4867 καὶ
337 4810 679 4881 ἀντιϐρέχειν
727 4809 814 4862 ἐπ’
872 4808 1067 4872 αὐτοὺς
1116 4807 1412 4877 ἀναγκάζει
1461 4809 1601 4861 νοεῖν
1623 4822 1637 4835 °
1677 4807 1772 4860 καὶ

1804 4814 1848 4875 D
1873 4812 1919 4870 si
1963 4809 2245 4881 antipodes
2297 4806 2674 4877 intelligantur
2715 4817 2856 4867 esse,
2905 4802 3116 4856 inversa
3150 4796 3327 4868 pluvia
3360 4796 3447 4851 in-

194 4904 441 4971 εύλὸγως
472 4898 901 4970 έπεγγελάσεταί
925 4916 1008 4961 τις
1035 4901 1154 4962 ταῖς
1183 4898 1605 4967 καταγελάστοις
1636 4898 1767 4952 ταύ-

194 5012 315 5056 ταις
342 4992 665 5047 ὑποθέσεσιν
687 5031 702 5058 ,
731 4990 1047 5062 ἀνάρμοστα
1071 4990 1165 5045 καὶ
1186 4992 1396 5047 ἄτακτα
1416 4992 1507 5046 καὶ
1528 4990 1770 5062 ἀφύσικα

193 5088 622 5158 φθεγγομέναις.

266 5181 335 5235 ΕΞ
368 5178 425 5232 δέ
451 5196 536 5242 τις
561 5179 915 5250 κατανοήσειε
949 5179 1044 5234 καὶ
1065 5178 1126 5233 τὸ
1149 5177 1276 5234 ἄλλο
1297 5176 1476 5230 αὐτῶν
1503 5175 1766 5246 σόιρισμα,
1792 5200 1795 5203 ·

194 5273 347 5340 λέγω
369 5270 433 5344 δὴ
454 5271 516 5325 τδ
542 5271 1059 5343 ὲμπνευματοῧσθαι
1090 5270 1187 5342 τὴν
1210 5269 1333 5341 γῆν,
1375 5267 1616 5331 καὶτοὺς
1656 5283 1768 5320 σει-

197 5366 377 5433 σμοὺς
402 5363 665 5433 γίνεσθαι,
701 5364 863 5435 ἡνίκα
890 5365 950 5416 τὸ
981 5361 1197 5434 πνεῦμα
1225 5361 1640 5433 συγκλειόμενον
1668 5360 1768 5433 τὴν

196 5460 302 5528 γῆν
361 5454 520 5525 δῆθεν
566 5455 755 5524 βιαίως
809 5455 1043 5520 σαλεύει,
1074 5455 1371 5526 θαυμάσειε
1392 5453 1489 5512 τὴν
1525 5453 1764 5524 ἀπάτην,

198 5546 294 5597 xxi.
328 5543 439 5596 τῶν
484 5543 627 5596 ἰδίων
660 5543 834 5612 λόγων
888 5545 988 5617 τὴν
1044 5544 1411 5616 ἐναντιότητα.
1477 5542 1537 5598 Εἰ
1575 5543 1678 5615 γὰρ
1709 5543 1767 5610 ἐξ

200 5636 315 5688 [σου
349 5634 444 5688 τοῦ
488 5633 687 5697 παντὸς
721 5634 1030 5706 πνεύματος
1070 5634 1355 5707 ὠθουμένη
1389 5637 1422 5706 ἡ
1454 5635 1524 5707 γῆ
1555 5635 1766 5689 ἵσταται

200 5726 516 5790 ἀσάλευτος,
553 5728 646 5780 καὶ
690 5725 915 5796 ἀκλινὴς
936 5769 952 5793 ,
989 5728 1514 5799 έμπνευματουμένη
1568 5727 1766 5799 μᾶλλον

204 5819 486 5891 βαρεῖσθαι
518 5818 690 5887 ὤφελε
724 5821 862 5875 κατά
900 5821 955 5873 τι
990 5821 1154 5893 μέρος
1194 5820 1369 5873 ἐκεῖνο
1406 5821 1499 5875 καὶ
1539 5820 1763 5889 κλίνειν,

1877 4901 2164 4972 telligenda
2208 4908 2312 4954 est.
2339 4895 2482 4951 Sane
2513 4906 2619 4949 tam
2653 4891 2911 4947 ridiculas
2956 4888 3285 4961 hypotheses
3315 4884 3448 4955 jure

1876 4994 1999 5065 quis
2021 4992 2284 5055 derideat,
2320 4997 2505 5058 utpote
2528 5002 2648 5057 quae
2672 4991 2971 5041 res'contra
3002 4980 3328 5037 concinnum
3351 4992 3447 5032 or-

1876 5088 2057 5143 dinem
2085 5093 2139 5141 et
2159 5093 2347 5140 contra
2368 5095 2619 5139 naturam
2651 5079 2895 5135 eﬂ‘erant.

1949 5176 2104 5244 Quod
2131 5177 2177 5233 si
2195 5175 2317 5246 quis
2345 5174 2490 5229 aliud
2511 5187 2703 5229 eorum
2735 5170 3012 5241 sophisma
3040 5165 3442 5238 exploraverit,

1873 5270 2083 5326 scilicet
2112 5278 2310 5323 terram
2354 5266 2576 5322 occluso
2627 5278 2751 5318 aere
2794 5261 3012 5332 repleri,
3042 5269 3097 5315 et
3124 5269 3253 5313 tunc
3281 5266 3443 5312 terra

1873 5369 2053 5416 motus
2086 5358 2221 5423 fieri,
2267 5372 2391 5412 cum
2439 5356 2690 5412 occlusus
2724 5369 2819 5409 aer
2870 5363 3065 5410 terram
3095 5350 3444 5405 vehementer

1873 5453 2084 5523 quatit;
2118 5453 2163 5506 is
2189 5466 2322 5505 sane
2372 5448 2618 5505 fraudem
2645 5456 2699 5504 et
2732 5445 2891 5501 verba
2917 5458 3103 5500 secum
3140 5440 3438 5513 pugnantia

1874 5546 2191 5600 admiretur.
2242 5543 2375 5599 Nam
2425 5543 2473 5597 si
2508 5551 2649 5597 terra
2703 5540 2983 5611 aqualiter
3019 5553 3049 5592 a
3084 5545 3196 5591 toto
3242 5533 3438 5603 spiritu

1880 5655 2091 5708 pressa,
2132 5648 2239 5693 stat
2261 5647 2441 5693 tamen
2473 5636 2797 5692 inconcussa
2829 5641 2883 5688 et
2905 5627 3323 5694 indeclinabilis,
3356 5627 3439 5682 in-

1874 5733 2002 5788 tlata
2054 5747 2188 5787 sane
2243 5736 2541 5787 secundum
2597 5728 2741 5782 illaut
2783 5736 2991 5797 partem
3037 5724 3191 5778 debet
3220 5719 3439 5793 gravior

1872 5841 1993 5883 esse
2035 5834 2089 5879 et
2136 5825 2444 5890 decimare,
2490 5821 2788 5879 secundum
2840 5817 3074 5875 hominis
3129 5814 3439 5887 exemplum
