4222 6442
787 427 854 488 67
1938 420 2198 482 COSM/E
2234 419 2314 479 ΙΝ
2320 417 2849 479 DICOPLEUSTIE
3927 413 4002 476 68

769 551 880 603 quo
929 533 1031 603 ipsi
1067 541 1306 587 utuntur.
1338 529 1510 586 l-lomo
1543 531 1745 602 quippe
1765 543 1871 585 non
1903 531 2065 584 modo
2088 528 2328 589 inﬂatus,
2356 529 2399 586 Α
2429 545 2436 574 ι

2356 529 2399 586 Α
2429 524 2618 594 ὥσπερ
2635 525 2729 579 καὶ
2747 523 3144 594 παραδείγματι
3166 521 3403 594 χρῶνται
3422 519 3500 590 τῷ
3526 517 3664 573 κατὰ
3684 517 3774 572 τόν
3791 515 4002 589 ἀνθρω-

770 627 984 678 tacillat
1005 635 1060 680 et
1080 625 1296 686 tremit,
1317 625 1411 679 sed
1456 625 1620 678 etiam
1651 625 1842 678 timore
1868 634 2173 694 correptus,
2208 622 2334 674 vino

768 727 978 786 c.ptus,
1021 727 1114 772 aut
1171 715 1395 787 frigore,
1419 732 1482 770 ex
1514 718 1796 786 sanguinis
1850 717 1976 771 item
2029 716 2238 771 fervore
2283 723 2337 767 et

770 810 1072 873 iracundia,
1099 824 1166 863 ex
1188 817 1465 863 senectute
1497 817 1551 862 et
1583 808 1946 863 imbecillitate
1971 823 2124 863 :cum
2155 818 2334 862 autem

769 902 989 955 inflatus
1017 901 1218 965 tremit,
1248 909 1360 954 tum
1380 916 1510 954 sane
1555 900 1869 970 plerumque
1893 901 1945 954 in
1965 901 2334 970 aegritudinem

776 995 922 1046 rudit
956 1002 1013 1046 et
1057 993 1307 1048 moritur.
1342 992 1443 1058 Qui
1487 1007 1616 1062 ergo
1647 1003 1788 1046 terra
1812 1035 1827 1058 ,
1867 1009 1988 1061 qua:
2041 993 2334 1047 secundum

771 1084 890 1138 illos
933 1083 1114 1137 inflata
1147 1093 1253 1148 est,
1290 1099 1394 1137 non
1425 1085 1642 1146 decidit,
1704 1099 1804 1137 nec
1840 1085 2115 1152 proprium
2140 1086 2338 1138 amittit

771 1177 946 1227 locum
969 1173 992 1226 ?
1013 1175 1123 1227 Cur
1152 1185 1350 1229 terram
1383 1173 1598 1244 ZEgypti
1636 1174 1756 1227 ideo
1816 1183 1970 1227 terra».
2017 1175 2250 1229 motibus
2278 1175 2340 1227 li-

772 1265 952 1318 heram
997 1266 1204 1327 dicunt,
1225 1265 1366 1334 quod
1403 1266 1580 1319 mollis
1603 1267 1688 1324 sit,
1721 1275 1771 1318 et
1795 1265 1929 1319 sulci
1957 1265 2076 1331 ejus
2106 1266 2338 1335 transpi-

771 1363 911 1419 rent,
936 1355 1163 1424 indeque
1183 1369 1302 1409 esse
1329 1357 1469 1424 quod
1493 1371 1716 1424 magnos
1736 1371 2026 1410 succussus
2045 1373 2149 1409 non
2175 1359 2341 1425 patia-

774 1454 860 1496 [υτ
893 1461 906 1496 :
943 1444 1155 1498 etiamsi
1182 1443 1497 1512 plerumque
1541 1453 1718 1496 motus
1763 1443 1816 1496 in
1863 1442 2091 1512 Egypte
2123 1443 2338 1508 fuerint,

779 1533 937 1602 queis
979 1533 1140 1587 urbes
1186 1543 1508 1589 corruerunt
1544 1544 1595 1588 ct
1635 1533 1754 1588 solo
1784 1545 2010 1600 aequata».
2051 1535 2212 1588 sunt?
2239 1534 2342 1589 he-

771 1640 878 1694 qne
904 1625 955 1678 id
992 1633 1224 1686 tantum,
1271 1624 1363 1679 sed
1409 1625 1572 1678 etiam
1619 1623 1930 1678 Grzecorun.
1965 1631 2206 1691 tempore
2259 1641 2342 1678 re-

772 1713 1061 1785 gnantibus
1087 1707 1422 1776 Alexandro,
1455 1713 1706 1775 Seleuco,
1740 1712 2009 1766 Antiocho
2064 1723 2117 1766 et
2155 1711 2330 1766 Ptole-

774 1818 929 1868 maeo,
964 1817 1088 1856 cum
1113 1802 1148 1856 ii
1180 1803 1526 1872 philosophos
1553 1802 1774 1866 multos,
1798 1801 2135 1856 Aristotelem
2153 1816 2208 1858 et
2238 1804 2339 1873 ipsi

2432 634 2552 670 πον.
2599 618 2660 668 ’0
2695 619 2802 686 γάρ
2827 633 2909 670 τοι
2932 617 3215 685 ἄνθρωπος
3241 616 3303 668 οὑ
3335 615 3492 683 μόνον
3509 610 4006 680 ἐμπνευματούμε·

2432 726 2520 771 νος
2553 709 2833 762 σαλεύεται
2864 710 2957 761 καὶ
2997 708 3210 778 τρέμει,
3257 707 3393 760 ἀλλὰ
3437 705 3532 758 καί⁷
3586 704 3734 773 φόϐῳ
3777 701 4009 772 ληφθεὶς

2431 801 2643 870 τρέμει,
2683 802 2775 852 καὶ
2826 800 2963 869 μέθῃ
2993 801 3136 853 οῖνου
3186 799 3280 852 καὶ
3316 798 3477 867 ψύχει
3528 796 3868 864 πιεζόμενος,
3914 795 4010 846 καὶ

2434 893 2624 962 αἵματι
2679 892 2957 964 ὑπερζέων
3005 893 3100 946 καὶ
3153 890 3512 961 θυμούμενος,
3563 889 3655 941 καὶ
3683 888 3790 939 ἀπὸ
3820 887 4010 956 γήρως

2435 987 2532 1038 καὶ
2562 986 2669 1038 ἀπὸ
2698 986 2998 1052 ἀδυναμίας
3020 1001 3035 1015 ’
3065 985 3226 1052 ἡνίκα
3253 985 3309 1037 δὲ
3332 983 3428 1036 καὶ
3455 979 4010 1050 ἐμπνευματούμενος

2437 1079 2742 1143 σαλεύεται,
2770 1079 3015 1148 τελευτᾷ.
3069 1079 3190 1140 Πῶς
3233 1074 3326 1129 οὖν
3373 1076 3468 1128 καὶ
3505 1077 3538 1143 ἡ
3563 1075 3634 1142 γῆ
3663 1074 3781 1126 κατ’
3811 1073 4010 1134 αὑτοὺς

2437 1171 2982 1240 ἐμπνευματουμένη,
3015 1171 3074 1220 οὑ
3133 1168 3462 1222 καταπίπτει
3492 1168 3586 1220 καὶ
3625 1166 3887 1219 ἀπόλλυσι
3916 1163 4012 1215 τὸν

2439 1261 2569 1315 ῐδιον
2594 1262 2758 1315 τόπον
2782 1280 2797 1326 ;
2825 1261 2946 1324 Πῶς
2963 1261 3021 1314 δέ
3045 1261 3138 1313 καὶ
3160 1263 3256 1330 τὴν
3277 1260 3382 1329 γῆν
3409 1263 3508 1329 τῆς
3531 1257 3804 1326 Αἰγύπτου
3827 1255 4013 1326 κρείτ-

2438 1370 2566 1406 τονα
2603 1353 2842 1423 σεισμῶν
2866 1353 3132 1422 λέγουσιν,
3163 1353 3237 1415 ὡς
3269 1353 3358 1405 διὰ
3391 1352 3452 1404 τὸ
3487 1351 3689 1420 χαύνην
3717 1346 3876 1414 εἶναι,
3909 1348 4010 1401 καὶ

2441 1447 2622 1499 πνέειν
2665 1447 2790 1507 τοὺς
2825 1445 3066 1506 αύλαειας
3095 1445 3332 1505 ἐκείνους
3365 1443 3439 1513 μὴ
3478 1442 3709 1495 ποιοῦσα
3738 1443 3858 1510 (sic)
3883 1441 4012 1503 τοὺς

2447 1537 2713 1605 μεγάλους
2742 1537 3016 1605 σεισμοὺς,
3044 1536 3220 1589 καίτοι
3242 1535 3500 1596 πολλάκις
3524 1534 3760 1603 σεισμῶν
3795 1532 4016 1600 γενομέ-

2441 1646 2547 1683 νων
2574 1632 2632 1680 ἐν
2657 1627 2916 1698 Αἰγύπτῳ
2939 1666 2954 1692 ,
2982 1627 3122 1681 ῶστε
3155 1629 3336 1691 πόλεις
3372 1629 3555 1681 πεσεῖν
3593 1627 3688 1679 καὶ
3717 1624 4014 1694 ἐδαφισθῆ-

2441 1737 2561 1773 ναι·
2592 1722 2650 1774 ού
2678 1722 2834 1792 μόνον
2857 1721 2914 1773 δὲ
2934 1721 3111 1780 τοῦτο,
3138 1720 3274 1773 ἀλλὰ
3297 1721 3390 1773 καὶ
3418 1721 3509 1772 ἐπὶ
3531 1719 3638 1772 τῶν
3667 1717 3873 1788 καιρῶν
3904 1716 4016 1768 τῶν

2454 1811 2740 1881 Ἑλλήνων,
2772 1813 2937 1882 ἡνίκα
2988 1813 3359 1882 κατεκράτουν
3404 1812 3497 1864 καὶ
3550 1810 3881 1869 ἐϐασίλευον,
3919 1809 4016 1859 ἐπὶ

775 1892 982 1945 similes
1034 1892 1398 1956 consulerent,
1437 1901 1490 1945 ct
1528 1890 1759 1945 consilio
1805 1905 1995 1945 eormn
2047 1893 2100 1946 in
2157 1894 2336 1948 multis
2369 1877 2415 1936 Β

2369 1877 2415 1936 Β
2455 1877 2823 1974 Ἀλεέάνδρου,
2853 1904 2947 1956 καὶ
2979 1877 3263 1964 Σελεύκου,
3289 1905 3384 1955 καὶ
3423 1903 3716 1971 Ἀντιόχου,
3754 1903 3844 1954 καὶ
3870 1901 4013 1952 Πτο-

781 1993 1090 2049 uterentur;
1130 1998 1231 2038 cur
1262 1983 1318 2048 ii,
1355 1985 1482 2037 dum
1511 1983 1791 2038 Antiochia
1829 1999 1858 2036 a
1900 1983 2126 2038 Seleuco
2154 1997 2208 2038 et
2237 1987 2345 2040 An-

780 2078 966 2132 tiocho
1006 2075 1346 2140 fundaretur,
1387 2076 1626 2131 indicare
1675 2092 1778 2130 non
1830 2086 2121 2146 potuerint
2147 2087 2345 2133 terram

777 2171 922 2223 illam
960 2185 1067 2223 non
1117 2170 1352 2224 motibus
1403 2169 1664 2232 liberant,
1710 2170 1818 2222 imo
1873 2170 2006 2238 ipsis
2054 2171 2346 2227 obnoxiam

776 2261 946 2316 esse?
994 2261 1148 2332 122
1193 2271 1253 2316 ut
1285 2276 1384 2314 nos
1429 2260 1662 2316 vidinms
1695 2261 1987 2331 collapsam
2028 2279 2188 2334 saepe,
2244 2283 2347 2322 non

777 2353 938 2408 modo
955 2354 1322 2415 Antiochiam.
1357 2354 1450 2409 ειά
1483 2355 1644 2408 etiam
1677 2352 2022 2421 Corinthum,
2053 2360 2141 2413 cui
2176 2360 2350 2416 vicina

776 2455 892 2499 erat
910 2446 1347 2516 philosophorum
1372 2446 1538 2501 natio.

778 2539 947 2609 αὐτὴν
974 2538 1229 2601 πολλάκις
1287 2537 1557 2591 πεσοῦσαν
1590 2537 1696 2592 ἀπὸ
1761 2540 1999 2611 σεισμῶν
2021 2559 2034 2572 ·
2065 2545 2127 2598 οὑ
2164 2549 2322 2619 μόνον
2347 2554 2404 2607 δέ

781 2628 1083 2701 φιλοσόφων
1106 2628 1346 2697 ἐγειτνία

852 2720 908 2772 Si
958 2733 1085 2773 vero
1135 2719 1296 2772 aliam
1350 2733 1536 2773 eorum
1589 2719 1896 2790 opinionem
1949 2728 2345 2799 examinemns,

781 2828 886 2881 qua
917 2813 1104 2867 dicunt
1139 2819 1194 2864 et
1216 2811 1478 2880 exemplis
1525 2814 1757 2882 probare
1806 2815 2073 2884 nituntur,
2105 2821 2346 2890 pluviam

781 2921 848 2960 ex
875 2905 1195 2958 hnmiditale
1215 2913 1346 2959 aestu
1383 2907 1433 2958 in
1490 2921 1716 2975 vapores
1755 2910 1990 2964 resoluta
2018 2914 2345 2982 procedere;

782 2999 1063 3068 quoniam,
1099 2998 1366 3065 inquiunt,
1392 3008 1449 3052 ut
1474 2998 1722 3053 balneum
1749 3016 1812 3054 ex
1850 3003 2027 3058 calore
2053 3005 2104 3058 in
2125 3023 2348 3078 vapores

783 3092 1009 3146 solvitur
1035 3102 1086 3146 et
1107 3101 1285 3163 guttas
1313 3094 1596 3162 exprimit,
1625 3105 1679 3148 et
1709 3097 1850 3150 sicut
1871 3113 2192 3156 cucumeres
2216 3103 2347 3158 sub-

781 3185 924 3254 jecta
946 3194 1138 3254 stuppa
1186 3195 1239 3238 et
1273 3185 1393 3253 igne
1432 3201 1658 3255 vapores
1686 3197 1741 3240 et
1781 3189 2152 3247 Itumiditaten
2193 3195 2352 3249 cmit-

789 3286 926 3341 tunt,
982 3277 1060 3329 sic
1090 3274 1456 3329 Innniditatem
1511 3280 1591 3330 sol
1625 3278 1678 3330 in
1735 3295 1962 3348 vapores
2011 3283 2252 3348 resolvit,
2296 3303 2354 3339 ..ο

791 3384 891 3422 suo
924 3378 1161 3437 tempore
1189 3369 1390 3422 stillare
1418 3366 1564 3428 facit.
1589 3369 1726 3423 unde
1750 3370 1807 3424 fit
1834 3372 2008 3440 pluvia
2031 3391 2045 3437 ;
2076 3391 2206 3430 sane
2241 3377 2346 3430 mi-

790 3460 1036 3512 rabimur
1067 3467 1268 3512 tantam
1291 3459 1612 3529 sapientiam
1646 3478 1708 3515 ex
1739 3465 1979 3517 veritatis
2009 3467 2192 3534 specie
2213 3468 2354 3521 mul-

794 3560 879 3605 los
908 3551 1282 3620 decipientem.
1316 3549 1447 3604 Nam
1469 3553 1512 3605 si
1537 3553 1786 3608 balneum
1807 3556 2039 3610 calorem
2070 3573 2174 3610 non
2199 3557 2355 3612 desu-

794 3657 907 3711 per,
939 3641 1030 3694 srd
1075 3643 1326 3695 deorsum
1360 3643 1573 3711 accipit,
1605 3659 1703 3698 cur
1746 3644 1798 3697 in
1844 3660 2070 3713 vapores
2099 3647 2348 3712 solvitur,

797 3733 905 3786 imo
969 3749 1073 3785 non
1129 3734 1305 3802 potius
1354 3734 1595 3802 repellit?
1650 3733 1908 3788 Similiter
1945 3735 1996 3787 in
2020 3751 2170 3790 amco
2208 3753 2351 3802 vase,

796 3827 941 3896 quod
978 3841 1086 3878 non
1141 3841 1405 3894 superne,
1447 3827 1539 3879 sed
1593 3826 1784 3880 subtus
1830 3827 2060 3880 calorem
2120 3829 2349 3899 accipit:

798 3929 1028 3987 utraque
1066 3917 1248 3970 istlnec
1274 3917 1326 3970 in
1373 3933 1622 3986 vaporem
1655 3931 1966 3988 erumpunt,
1996 3930 2048 3973 et
2075 3937 2137 3973 ex
2175 3938 2352 3991 reper-

795 4011 1050 4064 cnssione
1080 4011 1203 4063 hinc
1224 4025 1287 4063 ex
1321 4019 1480 4071 tecto,
1540 4010 1739 4064 isthinc
1788 4027 1850 4064 ex
1900 4015 2174 4080 operculo,
2199 4016 2355 4069 sillae

797 4103 1055 4166 deﬂuunt;
1089 4096 1440 4171 similiterque
1487 4102 1538 4154 in
1573 4118 1860 4156 cucmncre
1882 4104 2107 4170 accidit;
2134 4107 2223 4174 qui
2251 4107 2353 4160 nisi

800 4211 894 4264 per
918 4196 1091 4264 ipsum
1128 4209 1427 4262 organum,
1477 4194 1627 4260 quod
1684 4206 1887 4248 natum.
1933 4197 2038 4249 vim
2089 4196 2250 4250 infert
2302 4207 2352 4250 et

801 4286 986 4348 trahit,
1037 4300 1374 4354 nequaquam
1417 4285 1784 4338 hnmiditatcm
1839 4288 2092 4351 traheret,
2145 4290 2354 4342 etiamsi

800 4379 1100 4432 sexcenties
1148 4385 1335 4445 stuppa
1375 4386 1428 4430 et
1453 4377 1590 4445 ignis
1631 4376 2041 4444 eonjiccrcntur.
2086 4380 2174 4432 Sic
2204 4392 2256 4434 cl
2286 4382 2353 4435 li-

2444 1996 2694 2067 λεμαίου,
2732 1997 2828 2049 καὶ
2861 1996 3181 2065 φιλοσόφους
3219 1995 3414 2060 ἄνδρας
3448 1996 3734 2063 ἐπήγοντο,
3774 1994 4017 2062 Ἀριστο-

2447 2090 2575 2160 τέλη
2609 2106 2668 2140 τε
2715 2088 2809 2142 καὶ
2845 2088 2972 2150 τοὺς
3001 2088 3236 2157 ὁμοίους,
3268 2090 3362 2139 καὶ
3390 2085 3552 2156 βουλῇ
3599 2084 3776 2138 αὑτῶν
3800 2084 4018 2136 ἐποίουν

2449 2181 2520 2233 τὰ
2550 2181 2753 2244 πολλάς
2789 2179 2911 2242 Πῶς
2963 2178 3285 2248 κτιζομένης
3336 2179 3660 2246 ἰ’.ντιοχείας
3695 2177 3798 2229 ὑπὸ
3825 2176 4017 2230 Σελεύ-

2453 2292 2549 2327 κου
2586 2275 2678 2327 καὶ
2721 2275 3011 2344 Ἀντιόχου,
3033 2274 3134 2326 οὑκ
3166 2272 3410 2340 ἐγένοντο
3447 2272 3662 2324 δυνατοὶ
3691 2273 3861 2324 εἰπεῖν
3889 2271 4020 2339 περὶ

2455 2369 2552 2436 τῆς
2575 2368 2675 2436 γῆς
2695 2367 2802 2418 τῶν
2832 2366 3016 2418 αὑτόθι
3049 2365 3129 2416 ὅτι
3166 2365 3264 2418 οὐκ
3295 2363 3407 2416 ἔστι
3451 2364 3712 2433 κρείττων
3758 2363 4018 2431 σεισμῶν,

2463 2460 2596 2512 ἀλλὰ
2639 2457 2835 2528 μᾶλλον
2873 2458 2967 2510 καὶ
2999 2457 3125 2526 φίλη
3149 2472 3163 2520 ;
3191 2456 3400 2526 Ὥσπερ
3443 2451 3534 2507 οὑν
3566 2455 3656 2507 καὶ
3695 2457 4021 2525 ἑωράκαμεν

2454 2551 2802 2620 Ἀντιόχειαν,
2850 2549 2988 2603 ἀλλὰ
3033 2550 3129 2602 καὶ
3179 2547 3440 2618 Κόρινθον
3489 2547 3616 2600 ἔνθα
3661 2549 3688 2600 ὁ
3711 2547 3880 2617 δῆμος
3910 2548 4022 2600 τῶν

2524 2739 2588 2791 Ei
2618 2738 2676 2791 δὲ
2709 2739 2805 2792 καὶ
2828 2737 2925 2807 τὴν
2948 2737 3140 2807 ἑτέραν
3162 2737 3338 2790 αὑτῶν
3365 2735 3521 2800 δόξαν
3546 2751 3630 2795 τις
3655 2735 3920 2793 θεάσοιτο,
3945 2736 4024 2803 «τις

2451 2846 2582 2896 φασι
2613 2830 2704 2883 τὸν
2733 2829 2887 2883 ὑετὸν
2914 2830 3019 2883 ἀπὸ
3058 2829 3157 2899 τῆς
3199 2829 3496 2898 ὑγρότητος
3547 2829 3644 2898 τῆς
3670 2828 4024 2898 ἀνιμωμένης

2451 2922 2555 2974 ὑπὸ
2581 2924 2680 2994 τῆς
2708 2922 3044 2993 θερμότητος
3063 2922 3458 2985 ἀποτελεῖδέαι,
3489 2923 3582 2973 καὶ
3607 2920 4022 2992 παραδείγμασι

2451 3013 2660 3066 πείθειν
2687 3013 3081 3084 ἐπιχειροῦσιν,
3117 3013 3199 3066 ὅτι
3233 3012 3437 3084 ῶσπερ,
3465 3012 3619 3082 φησὶ,
3648 3013 3709 3064 τὸ
3745 3012 4024 3081 βαλανεῖον

2453 3107 2516 3159 ἐκ
2537 3109 2636 3174 τῆς
2665 3107 2998 3177 θερμότητος
3027 3107 3287 3176 ἀνιμᾶται
3313 3107 3374 3158 τὸ
3403 3106 3567 3174 ὑγρὸν
3588 3106 3680 3157 καὶ
3700 3106 4016 3169 άποστάζει’

2455 3200 2549 3252 καὶ⁷
2577 3197 2763 3270 ὥσπερ
2788 3201 2821 3268 ή
2849 3198 3010 3250 σικύα
3038 3199 3124 3251 διὰ
3149 3197 3242 3251 τού
3276 3199 3557 3250 στυπτείου
3589 3198 3682 3250 καὶ¹
3731 3199 3898 3268 πυρὸς
3930 3199 4025 3252 άν-

2456 3293 2652 3360 ιμᾶται
2683 3291 2744 3343 τὸ
2791 3292 2986 3362 ὑγρόν·
3033 3289 3176 3342 οὑτω
3219 3291 3310 3343 καὶ
3345 3290 3404 3342 τὸ
3435 3290 3598 3361 ὑγρὸν
3631 3289 3967 3360 ἁνιμὼμενος
3993 3293 4025 3345 ὁ

2453 3383 2628 3452 ἣλιος,
2659 3385 2716 3435 ἐν
2741 3383 2918 3452 καιρῷ
2951 3381 3243 3444 ἀποστάζει
3283 3381 3433 3444 αὑτὸ,
3473 3381 3595 3434 ὅθεν
3634 3383 3839 3449 γίνεται
3871 3385 3898 3435 ὁ
3927 3383 4021 3436 ὑε-

2453 3475 2563 3536 τός.
2606 3475 2913 3544 Θαυμάσειε
2942 3474 2986 3525 δ’
3010 3473 3074 3526 ἄν
3101 3490 3183 3536 τις
3204 3473 3380 3527 αὑτῶν
3412 3473 3507 3543 τὴν
3538 3473 3804 3545 τοσαύτην
3829 3474 4024 3544 σοφίαν

2452 3568 2550 3637 τὴν
2595 3571 2660 3638 τῇ
2699 3567 3010 3637 πιθανότητι
3060 3566 3356 3620 ἀπατῶσαν
3383 3569 3507 3628 τοὺς
3531 3567 3777 3629 πολλούς.
3820 3569 3880 3620 Ei
3904 3569 4013 3640 γὰρ

2451 3660 2513 3710 τὸ
2557 3659 2832 3728 βαλανεῖον
2871 3659 2967 3728 τὴν
2997 3658 3304 3729 θερμότητα
3347 3659 3446 3710 οὑκ
3473 3659 3697 3723 ἄνωθεν,
3749 3660 3884 3714 ἀλλὰ
3914 3661 4021 3714 κά-

2454 3753 2620 3802 τωθεν
2667 3751 2796 3819 ἔχει,
2845 3750 2961 3812 πῶς
3009 3751 3288 3819 ἀνιμᾶται,
3331 3751 3452 3820 ούχὶ
3499 3750 3556 3802 δὲ
3595 3753 3792 3820 μᾶλλον
3847 3753 4017 3822 ιτ)οεῖὶ

2466 3843 2694 3910 Ὁμοίως
2727 3843 2819 3895 καὶ
2849 3843 2940 3892 ἐπὶ
2959 3840 3047 3893 τού
3081 3843 3354 3910 χαλκείου,
3385 3843 3484 3893 οὑκ
3526 3843 3730 3896 ἄνωθεν
3779 3845 3890 3912 ἔχει
3918 3849 4022 3918 τὴν

2455 3933 2758 4004 θερμότητα
2782 3973 2796 3994 ,
2831 3933 2964 3985 άλλὰ
2997 3932 3257 3996 κάτωθεν,
3311 3935 3402 3986 καὶ
3441 3935 3724 4004 ἀμφότερα
3776 3938 3879 3989 ὑπὸ
3916 3940 4020 4008 τῆς

2455 4029 2783 4098 θερμότητος
2817 4028 3098 4089 ὠθοῦνται,
3134 4029 3229 4080 καὶ
3260 4031 3324 4097 τῇ
3366 4029 3687 4092 ἀνακλάσει,
3739 4031 3797 4083 τὸ
3828 4033 3924 4100 μὲν
3954 4036 4021 4088 ἐκ

2453 4122 2550 4189 τῆς
2573 4122 2767 4189 στέγης
2792 4122 3106 4183 ἀποστάζει,
3125 4120 3184 4171 τὸ
3203 4120 3256 4171 δὲ
3280 4122 3341 4172 ἐκ
3377 4121 3467 4172 τού
3498 4121 3749 4190 πώματος
3769 4139 3782 4152 ·
3819 4124 4022 4192 ὁμοίως

2456 4213 2600 4281 καὶὴ
2630 4213 2809 4276 σικύα,
2837 4213 2883 4264 εἰ
2922 4213 2994 4281 μὴ
3021 4211 3087 4262 δι’
3121 4210 3281 4264 αὑτοῦ
3312 4211 3406 4264 τοῦ
3440 4213 3672 4282 ὀργάνου
3699 4214 4019 4285 βιαζομένου

2455 4304 2550 4372 τὴν
2582 4303 2740 4371 φύσιν
2770 4304 2863 4355 καὶ
2887 4304 3150 4366 ἕλκοντος,
3183 4304 3277 4354 οὐκ
3299 4304 3362 4356 ἂν
3384 4297 3560 4356 εἷλκεν
3602 4308 3893 4374 ὑγρότητα,
3919 4327 4024 4378 μυ-

2460 4397 2636 4462 ριάκις
2669 4397 2757 4446 ἐπὶ
2786 4395 2992 4464 μυρίων
3037 4394 3146 4465 πῦρ
3186 4395 3277 4446 καὶ
3326 4400 3609 4448 στυπτεῖον
3654 4398 4015 4466 ἐμϐαλόντων.

803 4484 966 4538 gnum
996 4466 1272 4520 humidum
1297 4467 1341 4520 si
1375 4467 1498 4534 quis
1545 4467 1597 4518 in
1632 4465 1804 4536 ignem
1836 4467 2114 4535 conjiciat,
2177 4485 2351 4538 usque
2384 4469 2425 4522 D
2468 4487 2470 4496 λ

2384 4469 2425 4522 Ῐ)
2468 4486 2622 4539 Ἀλλέι
2652 4488 2744 4540 καὶ
2775 4488 2926 4553 ξύλον
2951 4488 3111 4557 ὑγρὸν
3155 4489 3297 4550 τινὸς
3317 4488 3640 4557 ἐμϐαλόντος
3659 4492 3807 4560 πυρὶ,
3836 4495 4021 4544 τοσού-

801 4561 935 4613 adeo
986 4559 1276 4612 lnnniditas
1325 4573 1355 4611 a
1401 4559 1579 4611 calore
1603 4559 1836 4626 pellitur,
1876 4568 1933 4612 ut
1964 4577 2028 4614 cx
2091 4562 2194 4614 alia
2229 4563 2356 4630 ligni

803 4663 955 4721 parte
1004 4651 1196 4704 humor
1237 4659 1289 4703 et
1341 4650 1525 4704 fumus
1587 4653 1943 4706 emittantur:
1985 4659 2036 4704 et
2067 4653 2110 4706 si
2151 4655 2273 4721 quis
2305 4656 2355 4708 in

806 4756 944 4798 terra
978 4744 1153 4813 ignem
1201 4743 1477 4806 accendat,
1511 4743 1773 4811 lignorum
1800 4744 2170 4799 humiditatem
2212 4746 2360 4801 fumo

802 4835 978 4890 efferri
1010 4850 1072 4888 ac
1105 4849 1318 4888 sursum
1350 4834 1566 4888 tendere
1597 4836 1757 4897 videt,
1785 4851 1888 4888 non
1917 4852 1946 4888 a
1965 4839 2212 4905 supernis
2240 4855 2360 4906 par-

806 4931 949 4984 tibus
998 4929 1051 4982 in
1083 4943 1332 4996 vaporem
1373 4929 1683 4994 resolutam,
1731 4930 1824 4983 sed
1883 4930 1950 4983 ab
2001 4930 2139 4998 ignis
2181 4933 2362 4989 calore

808 5025 1036 5094 pulsam.
1071 5023 1375 5088 Quinetiam
1409 5038 1530 5077 cum
1579 5025 1701 5093 quis
1752 5034 1951 5078 vestem
1983 5027 2175 5091 abluit,
2206 5037 2259 5080 et
2294 5030 2358 5083 ad

807 5129 1002 5171 terram
1039 5118 1294 5182 extendit,
1325 5125 1606 5186 postquam
1634 5132 1694 5171 ea
1729 5132 1757 5172 a
1791 5119 1901 5171 sole
1929 5121 2202 5174 exsiccata
2246 5121 2360 5175 fue-

807 5211 899 5273 rit,
931 5209 1146 5263 sublalo
1164 5209 1504 5273 vestimento,
1539 5209 1903 5262 liumidilatem
1937 5224 1965 5262 a
1988 5213 2165 5264 calore
2200 5215 2362 5268 emis-

810 5315 949 5358 sam,
980 5299 1044 5350 ad
1077 5297 1302 5352 formant
1324 5300 1492 5353 vestis
1521 5313 1830 5368 expressam
1867 5299 1918 5352 in
1949 5311 2090 5355 terra
2116 5304 2361 5370 reperiet.

813 5388 1073 5443 Similiter
1097 5390 1140 5442 si
1172 5389 1295 5457 quis
1325 5388 1377 5442 in
1406 5391 1610 5444 lancem
1641 5389 1875 5442 calidum
1912 5391 2200 5446 obsonium
2228 5409 2360 5447 con-

805 5479 976 5547 jiciat,
1011 5493 1076 5531 ex
1107 5487 1334 5547 utraque
1373 5485 1527 5547 parte
1553 5478 1928 5534 humiditatem
1959 5481 2129 5534 emitti
2157 5486 2367 5552 conspi-

810 5573 932 5634 ciet,
963 5585 1176 5624 sursum
1217 5570 1420 5623 scilicet
1445 5579 1500 5623 et
1531 5570 1808 5633 deorsum,
1866 5571 1992 5640 quia
2027 5573 2175 5626 calor
2203 5574 2366 5628 inter-

813 5662 1021 5716 medius
1047 5671 1162 5716 est:
1196 5677 1410 5716 sursum
1440 5662 1586 5716 enim
1634 5663 2013 5717 ascendentem
2052 5663 2278 5731 fumum,
2305 5683 2366 5722 ac

811 5753 1061 5808 deorstnn
1093 5755 1288 5809 sudare
1317 5755 1542 5820 lancem,
1574 5771 1637 5809 ac
1661 5756 1712 5808 in
1741 5754 1874 5810 disci
1909 5756 2126 5811 sedibus
2170 5759 2363 5813 humo-

813 5862 926 5902 rem
968 5848 1032 5902 ad
1091 5849 1208 5918 ejus
1265 5848 1488 5919 liguram
1537 5865 1874 5918 expressum,
1925 5849 2140 5905 vidcnit.
2187 5852 2364 5914 Quare

2462 4599 2550 4632 τον
2573 4582 2789 4635 ὠθεῖται
2823 4583 2855 4651 ἡ
2885 4582 3116 4653 ὑγρότης
3144 4583 3207 4634 ἐκ
3231 4583 3330 4650 τῆς
3363 4583 3710 4653 θερμότητος,
3737 4584 3810 4646 ὡς
3837 4587 3900 4638 ἐκ
3923 4589 4021 4642 τοὺ

2462 4673 2646 4742 ἑτέρου
2695 4675 2894 4744 μέρους
2926 4673 3103 4737 ξύλου,
3141 4674 3238 4744 τὴν
3264 4675 3533 4745 ὑγρότητα
3575 4677 3782 4729 καὶτὸν
3816 4681 4022 4733 καπνὸν

2463 4767 2836 4821 ἐκϐάλλεσθαι.
2867 4769 2973 4820 Καὶ
3005 4768 3114 4838 πύρ
3145 4786 3225 4830 τις
3248 4770 3457 4837 άνάψας
3481 4771 3560 4831 εἰς
3597 4770 3720 4838 γῆν,
3743 4771 3841 4839 τὴν
3867 4774 4023 4842 ὑγρό-

2460 4875 2595 4928 τητα
2621 4859 2717 4927 τὴν
2745 4861 2801 4910 ἐν
2834 4861 2946 4920 τοῖς
2982 4859 3176 4922 ξύλοις,
3201 4860 3286 4911 διὰ
3315 4860 3406 4912 τοῦ
3431 4860 3635 4912 καπνοῦ
3667 4863 4010 4934 ἐκπεμπομέ-

2462 4968 2558 5020 νην
2580 4952 2670 5003 ἐπὶ
2698 4951 2764 5003 τὰ
2797 4950 2906 5002 ἄνω
2939 4951 3160 5018 θεωρεῖ·
3193 4952 3312 5020 οὑχὶ
3337 4951 3442 5004 ἀπὸ
3477 4951 3584 5003 τῶν
3609 4951 3720 5005 ἄνω
3742 4954 4023 5026 ἁνιμωμέο

2462 5059 2579 5112 νην,
2614 5043 2726 5094 ἀλλ’
2749 5043 3065 5111 ὡθουμένην
3091 5043 3196 5095 ἀπὸ
3222 5042 3319 5110 τῆς
3350 5042 3678 5112 θερμότητος
3709 5045 3801 5096 τού
3827 5050 4020 5116 πυρός.

2464 5134 2536 5185 Οὐ
2568 5135 2678 5203 μὴν
2699 5133 2833 5186 ἀλλὰ
2870 5135 2962 5186 καὶ
3007 5133 3216 5185 πλύνων
3254 5151 3335 5195 τις
3368 5134 3600 5202 ἱμάτιον,
3633 5135 3724 5186 καὶ
3763 5137 4022 5202 ἁπλὼσας

2464 5227 2522 5278 ἐν
2555 5228 2619 5295 τῇ
2652 5229 2744 5295 γῇ,
2775 5225 2990 5278 ἐπειδὰν
3021 5225 3256 5296 ξηρανθῇ
3280 5227 3340 5278 ἐκ
3377 5225 3468 5278 τοῦ
3499 5225 3651 5295 ήλίου
3672 5266 3686 5286 ,
3722 5229 3931 5297 ἐπάρας
3962 5232 4023 5282 τὸ

2467 5318 2678 5387 ἱμάτιον
2697 5319 2795 5388 τὴν
2817 5319 3092 5388 ὑγρότητα·
3118 5317 3524 5386 ἐπιπεμφθεῖσαν
3555 5319 3660 5371 ὑπὸ
3693 5319 3791 5388 τῆς
3824 5321 4022 5390 θερμό-

2463 5428 2620 5480 τητος
2648 5414 2704 5464 ἐν
2729 5414 2793 5481 τῇ
2821 5415 2890 5481 γῇ
2925 5413 3144 5481 εὑρήσει
3177 5411 3515 5464 τυπωθεῖσαν
3555 5413 3696 5465 κατὰ
3738 5413 3799 5466 τὸ
3837 5417 4023 5484 σχῆμα

2466 5501 2557 5553 τοῦ
2603 5499 2834 5570 ἱματίου.
2879 5500 3108 5568 Ὁμοίως
3157 5499 3247 5551 καὶ
3277 5502 3354 5560 είς
3390 5502 3637 5552 πινάκιόν
3662 5518 3743 5564 τις
3769 5503 4024 5571 ἐμϐαλὼν

2467 5592 2664 5663 θερμὸν
2687 5592 2834 5662 ὄψον,
2876 5592 2942 5644 δι’
2981 5592 3236 5661 ἐκατέρου
3276 5593 3698 5665 ἐκπεμπομένην
3731 5592 3828 5660 τὴν
3857 5593 4021 5662 ὑγρό-

2466 5700 2600 5750 τητα
2645 5682 2907 5754 θεωρήσει
2953 5684 3156 5736 ἄνωθεν
3202 5684 3294 5735 καὶ
3343 5683 3620 5749 κάτωθεν,
3666 5684 3850 5752 ἐπειδὴ
3884 5685 4022 5755 μέση

2471 5777 2719 5844 τυγχάνει
2757 5780 2788 5845 ἡ
2841 5777 3104 5846 θερμότης
3135 5792 3147 5805 ο
3184 5776 3388 5828 ἄνωθεν
3439 5777 3544 5846 γὰρ
3595 5777 3787 5846 θεωρεῖ
3820 5777 4026 5828 καπνὸν

2474 5865 2708 5928 ἀνιόντα,
2741 5867 2832 5918 καὶ
2877 5866 3116 5919 κάτωθεν
3145 5864 3389 5935 Ξδροῦντα
3423 5867 3512 5918 τδν
3553 5868 3770 5926 πίνακα,
3805 5867 3898 5919 καὶ
3929 5864 4026 5936 τὴν
