4222 6442
207 399 280 458 bl)
1159 398 1705 459 'l‘OPOGRAPIII/E
1742 399 2223 463 CHRISTIAN/E
2261 404 2406 465 LIB.
2443 406 2491 465 Ι.

3381 402 3456 472 το

211 511 490 579 ὑγρότητα
512 508 855 580 τυπουμένην
888 508 1029 562 κατὰ
1057 509 1146 562 τὸν
1170 510 1340 565 τύπον
1371 512 1468 566 τοῦ
1513 511 1744 575 πίνακος
1767 529 1780 542 ο
1812 517 1857 572 Α

1812 517 1857 572 Α
1886 523 2075 568 contra
2103 529 2268 584 quam
2301 517 2488 584 sophis
2523 515 2633 571 illis
2653 515 2885 579 videtur,
2914 512 3066 570 calor
3097 528 3204 570 non
3228 529 3447 574 sursum

207 600 349 654 ὥστε
377 601 476 654 οὐκ
508 601 794 670 ἀνιμᾶται,
824 601 964 654 κατά
999 602 1125 664 τοὺς
1151 605 1370 671 σοφοὺς,
1402 603 1538 658 ἀλλὰ
1577 604 1776 675 μᾶλλον

209 693 344 746 ὼθεί
371 695 406 762 ἡ
435 692 728 763 θερμότης.

295 784 746 855 Ἐπαπορούντων
774 784 831 838 δὲ
861 784 1017 856 ἡμῶν
1040 783 1176 855 πρὸς
1195 784 1414 849 αὐτοὺς.
1441 786 1523 837 ὅτι
1549 785 1696 838 Διατί
1721 787 1779 838 ἐν

211 876 442 947 Θηὸαἳδι
474 880 932 948 καυματουμένης
964 878 1063 948 τῆς
1099 877 1282 950 χώρας
1305 880 1405 932 οὒκ
1429 881 1689 945 ἀνιμᾶται
1719 880 1780 934 τὸ

212 972 381 1042 ὑγρὸν
405 972 498 1024 καὶ
526 975 732 1039 γίνεται
760 971 910 1034 ὑετὸς
941 974 1000 1024 ὲν
1030 973 1143 1034 τοῖς
1167 972 1385 1036 αὑτόθι;
1413 973 1780 1042 ἀπολογούμε-

213 1081 297 1115 νοι
320 1065 642 1131 φάσκουσιν,
668 1064 750 1116 ὅτι
787 1065 820 1134 ἡ
856 1063 1050 1133 μετρία
1079 1064 1173 1116 καὶ
1211 1065 1307 1133 οὐχ
1347 1065 1381 1134 ὴ
1412 1064 1551 1131 ἄγαν
1582 1066 1780 1134 μᾶλλον

214 1154 486 1224 θερμότης
519 1154 707 1207 εἴωθεν
733 1155 1048 1223 ἀνιμᾶσθαι.
1094 1155 1234 1225 Πρὸς
1267 1153 1359 1217 οὓς
1400 1155 1780 1225 συντομώτατα

212 1247 470 1321 ἐροῦμεν,
510 1248 590 1300 ὅτι
612 1247 718 1300 Καὶ
755 1247 870 1309 πῶς
890 1246 1146 1316 ἐνδοτέρω
1175 1247 1276 1314 τῆς
1296 1247 1556 1317 Θηϐαΐδος
1583 1250 1660 1311 εἰς
1683 1249 1782 1318 τὴν

213 1338 523 1403 Αἰθιοπίαν,
551 1337 679 1390 ἔνθα
711 1336 846 1388 πολὺ
886 1337 1044 1389 πλέον
1067 1337 1335 1406 θερμότης
1367 1337 1621 1407 ὑπάρχει,
1654 1338 1782 1390 πολ-

214 1427 300 1481 λοὶ
325 1429 473 1481 ὑετοὶ
495 1428 732 1496 γίνονται
753 1444 767 1492 ;
798 1425 917 1489 Πῶς
936 1427 993 1480 δὲ
1013 1425 1263 1480 δύνανται
1287 1426 1492 1494 λέγειν,
1517 1428 1608 1480 τὸν
1633 1427 1783 1497 ἥλιον

215 1519 537 1588 ἀνιμᾶσθαι,
567 1521 617 1572 οἱ
637 1519 818 1572 πολλοὶ
845 1517 938 1572 καὶ
960 1519 1250 1589 ἀκρότατοι
1275 1519 1446 1587 σοφοὶ,
1477 1520 1541 1572 ὲκ
1564 1517 1662 1586 τῆς
1686 1534 1783 1570 πε·-

220 1612 452 1681 ριφορᾶς
487 1609 886 1678 συντρίϐεσθαι,
921 1610 1016 1662 καὶ
1045 1608 1358 1678 θερμαίνειν
1389 1607 1784 1678 διισχυριζόμε-

215 1717 321 1762 νοι,
355 1701 449 1753 καὶ
472 1701 592 1770 οὐχὶ
622 1701 944 1771 ἐνυπάρχειν
963 1699 1111 1770 αὐτῷ
1135 1701 1275 1754 κατά
1305 1700 1466 1768 φύσιν
1491 1700 1552 1752 τδ
1583 1701 1783 1770 θερμὸν

219 1792 638 1862 ὑποτιθέμενοις
672 1794 748 1846 Οὐ
783 1793 888 1862 μὴν
911 1791 1047 1846 ἀλλά
1074 1793 1167 1845 καὶ
1195 1791 1285 1844 τὸν
1328 1791 1465 1860 ἀέρα
1496 1792 1660 1862 ὑγρὸν
1688 1793 1782 1845 καὶ

218 1883 426 1955 θερμὸν
451 1885 695 1954 λέγοντες
723 1881 881 1948 εἶναι,
903 1886 987 1947 τίς
1007 1887 1123 1937 ἐστι
1148 1886 1304 1954 χρεία
1323 1884 1632 1952 σοφίζεσθαι
1656 1885 1780 1948 τοὺς

221 1979 442 2046 σοφοὺς,
473 1980 564 2031 καὶ
591 1978 766 2042 λέγειν
790 1977 1050 2048 ἑτέρωθεν
1079 1977 1370 2047 ἀνιμᾶσθαι
1390 1978 1450 2030 τὸ
1475 1977 1656 2048 υγρὸν,
1683 1979 1781 2030 αυ-

219 2069 375 2122 τόθεν
400 2068 606 2123 ἄνωθεν
634 2070 846 2137 ἔχοντες
868 2070 928 2122 τὸ
950 2069 1148 2140 θερμὸν
1186 2070 1281 2122 καὶ
1307 2070 1367 2122 τὸ
1398 2071 1563 2139 ὑγρόν
1585 2088 1599 2136 ;
1635 2071 1695 2122 Ei
1721 2071 1778 2122 δέ

219 2179 306 2225 τις
329 2163 679 2233 ἀπαιτήσειεν
701 2163 896 2225 αὐτοὺς
917 2166 1174 2233 στοιχεῖον
1198 2165 1255 2215 ἒν
1283 2162 1402 2216 καθ’
1418 2163 1596 2226 ἑαυτὸ,
1615 2165 1780 2234 ἦγουν

220 2256 321 2324 τὴν
349 2254 512 2307 αὐτοῦ
552 2256 813 2325 ποιότητα
860 2254 1046 2318 δείξαι,
1096 2253 1298 2317 εὐθέως
1340 2254 1668 2326 ἀποροῦντες
1703 2255 1780 2328 τῷ

222 2350 304 2402 ἑνὶ
343 2346 588 2418 στοιχείῳ
620 2346 714 2399 δύο
755 2346 1041 2413 ποιότητας
1091 2345 1420 2416 χαρίζονται,
1461 2349 1554 2401 καί
1581 2366 1766 2418 φασιν

232 2440 300 2491 Ἣ
353 2439 446 2508 γῆ,
485 2438 644 2507 ξηρὸν
675 2437 768 2490 καὶ
812 2437 1046 2507 ψυχρόν
1104 2437 1164 2489 τὸ
1211 2435 1374 2508 ὕδωρ,
1432 2438 1634 2510 ψυχρὸν
1684 2442 1780 2496 καὶ

222 2531 392 2600 ὑγρόν
416 2550 426 2560 -
450 2532 478 2581 ὀ
511 2530 637 2600 ἀὴρ,
657 2530 819 2599 ὑγρὸς
841 2532 932 2582 καὶ
957 2527 1159 2599 θερμός
1178 2543 1192 2558 '
1219 2529 1278 2582 τὸ
1297 2529 1432 2600 πῦρ,
1464 2530 1662 2602 θερμὸν
1686 2537 1780 2586 καὶ

224 2620 410 2690 ξηρὸν,
437 2617 575 2671 ὥστε
596 2618 799 2688 ἀπορία
829 2617 1289 2687 πολιορκούμενοι,
1322 2620 1466 2674 ὀκτὼ
1493 2622 1781 2692 ποιότητας

223 2711 442 2780 λέγουσι
470 2710 581 2763 τῶν
609 2710 890 2780 τεσσάρων
924 2711 1220 2779 στοιχείων,
1250 2710 1384 2764 Ποτὲ
1419 2711 1476 2765 δὲ
1505 2712 1604 2778 τὰς
1639 2717 1782 2770 ποιό-

222 2817 397 2872 τητας
421 2801 603 2864 πάσας
625 2802 683 2854 ἐν
713 2801 924 2870 ἑκάστῳ
946 2800 1191 2870 στοιχείῳ
1212 2800 1457 2869 λέγουσιν
1485 2800 1623 2860 εἶναι
1642 2824 1657 2839 ο
1681 2807 1783 2861 πά-

225 2893 309 2945 λιν
339 2888 436 2945 οὖν
461 2893 785 2947 ἀντίκεινται
822 2894 931 2955 τοῖς
958 2892 1165 2946 ἑαυτῶν
1192 2893 1388 2962 λόγοις,
1421 2896 1648 2951 ἕκαστον
1674 2897 1783 2953 τῶν

224 2986 512 3055 τεσσάρων
535 2986 812 3054 στοιχείων
844 2986 1118 3057 τετραχῶς
1149 2987 1224 3056 μὴ
1243 2989 1613 3059 ὀνομάζοντες,
1647 2991 1782 3045 ἀλλά

225 3080 392 3150 διχῶς
428 3079 605 3150 μόνον.
645 3079 920 3150 Θαυμάζω
966 3083 1143 3134 τοίνυν
1170 3082 1294 3145 τοὺς
1327 3081 1629 3151 βελτίστους
1661 3083 1782 3137 τού-

227 3187 354 3233 τους
378 3170 587 3239 ψυχρὸν
612 3171 703 3223 καὶ
731 3171 892 3240 ὑγρὸν
919 3171 977 3224 τὸ
1000 3171 1141 3242 ὕδωρ
1186 3173 1539 3243 παρέχοντας,
1575 3175 1668 3227 καὶ
1692 3175 1782 3228 τὸν

228 3262 369 3331 ἀέρα
427 3261 591 3332 ὑγρὸν
645 3263 735 3314 καὶ
782 3262 1000 3332 θερμόν.
1055 3263 1223 3316 Πόθεν
1263 3263 1478 3332 λέγουσι
1521 3265 1583 3319 τὸ
1622 3265 1785 3339 ὕδωρ,

229 3354 480 3406 τουτέστι
514 3354 574 3406 τὺ
617 3354 822 3425 ψυχρὸν
860 3356 950 3407 καὶ
977 3355 1167 3425 ὑγρὸν,
1203 3357 1505 3426 πήγνυσθαι
1535 3357 1628 3412 καὶ
1657 3376 1790 3430 κρυ-

230 3444 593 3499 σταλλοῦσθαι
619 3447 677 3498 ἐν
710 3445 882 3516 καιρῷ
908 3447 1204 3516 χειμῶνος;
1241 3448 1409 3502 Πόθεν
1439 3448 1729 3520 ἐπέρχεται
1756 3451 1789 3522 ἡ

229 3539 377 3606 ἄκρα
411 3539 703 3606 ψυχρότης,
729 3539 812 3589 ἵνα
843 3538 1171 3606 κρύσταλλον
1203 3540 1334 3592 αὑτὸ
1370 3541 1787 3610 άπεργάσηταις

235 3629 343 3680 Καὶ
375 3631 423 3680 εἰ
459 3632 556 3698 μὲν
577 3627 791 3697 ἐροῦσιν
815 3631 894 3681 ὅτι
916 3632 949 3698 ἡ
978 3631 1272 3692 ἀπόστασις
1301 3631 1393 3684 τοῦ
1431 3632 1581 3702 ἡλίου
1613 3635 1691 3696 εἰς
1732 3637 1792 3687 τὸ

231 3718 375 3770 κατά
434 3717 592 3786 φύσιν
643 3718 775 3770 αὐτὸ
807 3718 1169 3782 ἀποδείκνυσι,
1202 3721 1314 3782 πῶς
1346 3721 1436 3773 τὸν
1473 3722 1610 3792 ἀέρα
1655 3723 1791 3776 κατὰ

234 3807 400 3875 φύσιν
423 3808 553 3860 ὂντα
578 3807 777 3878 θερμὸν
808 3809 928 3861 τότε
947 3810 1039 3861 καὶ
1073 3811 1235 3881 ὑγρὸν
1265 3813 1364 3865 οὐκ
1393 3814 1787 3878 ἀποδείκνυσιν,

233 3899 372 3952 ἀλλά
424 3899 728 3952 τούναντίον
775 3900 1140 3970 ψυχρότατον;
1183 3903 1304 3966 Πῶς
1333 3905 1388 3956 δὲ
1421 3907 1550 3959 αὐτὸ
1599 3907 1660 3960 τὸ
1689 3906 1788 3975 ψυ-

233 3992 388 4061 χρὸν,
418 3995 659 4044 τουτέστι
690 3993 749 4043 τὸ
783 3992 945 4062 ὕδωρ,
981 3994 1038 4045 οὐ
1063 3995 1298 4064 πήγνυσι
1332 3998 1420 4048 τὸν
1458 3998 1614 4069 ἀέρα,
1636 4017 1790 4053 τουτ-

235 4084 353 4136 ἐστι
383 4083 441 4135 τὸ
467 4084 798 4154 smmum
819 4087 1125 4138 τούναντίον
1152 4088 1327 4140 ἐκεῖνο
1345 4088 1501 4143 τοῦτο
1533 4093 1787 4162 πήγνυσι,

236 4174 421 4237 καθὼς
449 4175 694 4245 ὀρῶμεν;
727 4177 898 4230 Πολλὰ
930 4177 1025 4247 μὲν
1047 4174 1138 4231 οὖν
1173 4179 1306 4249 ἔχων
1336 4186 1505 4235 ειπείν
1526 4201 1654 4254 περι
1679 4203 1790 4238 του-

235 4282 349 4326 του,
389 4267 481 4318 καὶ
511 4267 638 4336 περὶ
669 4260 743 4319 ὧν
781 4269 939 4321 πάλιν
969 4268 1304 4339 πλανώμενοι
1346 4273 1568 4342 φέρουσι
1610 4292 1790 4346 παρα‹

235 4354 543 4425 δειγμάτων
568 4357 653 4409 ἐπ’
688 4358 874 4421 αὑτοῦ,
905 4359 1226 4428 χαλινοῦμαι
1255 4364 1316 4431 τῇ
1351 4365 1662 4432 ματαιότητι
1686 4366 1790 4418 τῶν

238 4446 330 4497 ὑπ’
359 4447 538 4498 αὐτῶν
563 4448 866 4515 λεγομένων
902 4450 1290 4518 ἐντρεπόμενος
1310 4469 1323 4481 ·
1351 4453 1558 4522 ἀρκετὰ
1583 4457 1790 4526 ἡγησά-

241 4554 404 4606 μενος
439 4537 508 4590 τά
534 4539 894 4608 προλεχθέντα
926 4542 1053 4610 περὶ
1079 4541 1284 4596 τούτου.

1879 607 2072 675 trahit,
2092 608 2186 663 sed
2211 607 2377 677 pellit.

1957 785 2094 840 Cum
2126 795 2307 840 autem
2345 787 2700 855 quastionem
2747 789 2879 858 ipsis
2921 790 3296 860 proponimus,
3341 791 3452 846 Cur

1879 875 1934 928 iu
1963 874 2258 936 Thebaide.
2279 891 2399 932 cum
2429 879 2577 946 regio
2599 879 2685 930 illa
2714 889 2848 933 tBSltl
2876 878 3066 943 fervet,
3103 881 3300 938 humor
3341 898 3447 936 non

1882 983 2106 1022 sursum
2141 969 2392 1032 trahitur,
2425 985 2602 1039 neque
2657 972 2835 1040 pluvia
2872 971 3100 1027 decidit?
3126 962 3454 1044 respondent

1881 1059 1976 1122 illi,
2007 1059 2345 1115 moderatum
2394 1077 2500 1115 non
2534 1077 2662 1116 vero
2695 1061 3157 1122 l‘erventissimum
3207 1065 3449 1120 calorem

1879 1166 2097 1207 sursum
2128 1151 2362 1207 trahere.
2389 1151 2599 1218 Quibus
2622 1155 2938 1210 brevissime
2965 1169 3313 1226 reponemus,
3338 1157 3453 1210 Cur

1880 1256 2010 1311 ergo
2039 1241 2180 1296 ultra
2234 1242 2562 1297 Thebaidem
2602 1245 2653 1298 iu
2698 1244 3001 1316 Ethiopia,
3036 1245 3128 1300 ubi
3157 1246 3327 1302 multo
3359 1262 3452 1301 ve-

1883 1333 2182 1388 hementior
2203 1343 2389 1397 aestus,
2415 1336 2604 1405 pluvia:
2628 1339 2942 1406 frequentes
2959 1347 3014 1392 et
3029 1341 3260 1408 copiosa;
3275 1352 3405 1397 sunt
3425 1344 3451 1397 ?

1881 1425 1984 1493 Qui
2019 1425 2198 1481 dicere
2220 1428 2432 1496 possint
2461 1428 2534 1481 illi
2571 1431 2711 1484 inter
2741 1430 2943 1500 sophos
2985 1433 3243 1501 supremi,
3281 1434 3449 1489 solem

1882 1533 2102 1574 sursum
2164 1520 2400 1584 trahere,
2464 1535 2587 1576 cum
2639 1522 2791 1576 illum
2821 1537 2888 1578 ex
2932 1519 3130 1579 cursus
3172 1525 3453 1582 collisione

1882 1612 2114 1667 caleﬁeri
2166 1613 2454 1678 aliirment,
2508 1629 2609 1669 nec
2666 1617 2966 1671 naturalem
3022 1617 3075 1672 in
3106 1633 3165 1674 se
3216 1618 3451 1674 calorem

1883 1702 2081 1757 habere
2108 1703 2454 1772 supponunt?
2476 1702 2588 1758 lmo
2616 1719 2743 1758 vero
2772 1719 2895 1758 cum
2945 1719 3126 1759 aerem
3168 1706 3452 1762 humidum

1883 1799 1939 1845 et
1965 1789 2200 1844 calidum
2257 1805 2378 1845 esse
2429 1792 2634 1853 dicant,
2688 1792 2816 1862 quid
2866 1806 3004 1861 Opus
3043 1793 3197 1864 123
3227 1805 3307 1849 est
3346 1794 3453 1850 illis

1812 1871 1855 1926 Β
1883 1879 2218 1948 sapientibus
2251 1879 2494 1934 cavillari
2529 1895 2590 1934 ac
2612 1881 2792 1936 dicere
2822 1881 3038 1936 aliunde
3071 1883 3452 1940 humiditatem

1885 1970 2102 2032 attrahi,
2127 1986 2250 2025 cum
2283 1971 2480 2026 ibidem
2513 1979 2565 2026 et
2595 1972 2647 2025 in
2672 1973 2889 2027 sublimi
2914 1974 3148 2027 calorem
3190 1987 3243 2028 et
3265 1975 3448 2030 humi-

1885 2065 2104 2119 ditatem
2137 2063 2414 2117 habeant?
2445 2062 2600 2129 Quod
2625 2064 2668 2118 si
2699 2064 2822 2134 quis
2858 2073 3009 2135 roget
3037 2065 3155 2119 illos
3178 2067 3243 2120 de
3266 2066 3453 2136 singu-

1886 2158 1953 2212 lis
1980 2157 2260 2211 elementis
2289 2155 2636 2220 sententiam,
2659 2165 2752 2211 aut
2777 2172 2899 2228 quae
2921 2158 2991 2211 sit
3015 2159 3282 2228 cujusque
3313 2176 3452 2229 qua-

1885 2251 2030 2314 litas,
2071 2250 2252 2304 statim
2290 2249 2440 2304 dubii
2469 2249 2735 2304 elemento
2787 2250 3008 2304 cuilibet
3047 2250 3188 2305 duas
3214 2251 3453 2321 qualita-

1887 2351 1967 2397 tes
1999 2343 2320 2405 attribuunt,
2379 2356 2445 2396 ac
2493 2341 2749 2411 inquiunt
2783 2360 2796 2396 :
2825 2341 2990 2396 Terra
3043 2343 3340 2399 siccitatem
3399 2355 3456 2403 et

1887 2435 2272 2505 (rigiditatem;
2333 2450 2496 2506 aqua,
2562 2434 2913 2505 [rigiditatem
2946 2445 3001 2489 et
3045 2435 3451 2506 humiditatem;

1888 2543 1980 2584 aer
2008 2528 2382 2582 humiditatem
2434 2539 2486 2582 et
2511 2529 2782 2592 calorem;
2813 2527 2970 2597 ignis.
3001 2529 3235 2584 calorem
3261 2539 3316 2586 et
3332 2533 3455 2587 sic-

1886 2618 2102 2671 eitatem
2153 2617 2340 2681 habet;
2393 2617 2462 2670 ita
2497 2627 2553 2671 ut
2588 2617 2853 2686 angustiis
2879 2618 3110 2684 obsessi,
3153 2631 3280 2676 octo
3313 2637 3452 2692 qua-

1886 2717 2009 2762 tuor
2029 2707 2417 2763 elementorum
2442 2709 2731 2779 qualitates
2765 2724 2887 2766 esse
2913 2708 3116 2765 dicant.
3142 2713 3456 2783 Aliquando

1886 2814 2015 2854 vero
2037 2814 2225 2854 omnes
2267 2800 2557 2870 qualitates
2585 2802 2640 2856 iu
2671 2803 2863 2872 quovis
2901 2806 3173 2858 elemento
3220 2819 3344 2862 esse
3370 2808 3454 2862 di-

1886 2901 2049 2956 cunt;
2078 2905 2143 2944 ac
2186 2891 2380 2944 iterum
2427 2893 2544 2947 suis
2597 2892 2698 2962 ipsi
2731 2892 2910 2948 verbis
2966 2905 3286 2965 repugnant,
3325 2911 3451 2955 eum

1887 2982 2115 3053 singulis
2134 2983 2414 3038 elementis
2439 2999 2545 3037 non
2577 2984 2960 3053 quadruplices
2998 2986 3312 3055 qualitates.
3355 2989 3453 3044 sed

1888 3075 2130 3143 duplices
2185 3075 2488 3129 ascribant.
2527 3074 2698 3129 Miror
2748 3077 2930 3146 itaque
2976 3079 3454 3147 praestantissimos

1889 3169 2054 3231 \iros,
2088 3167 2177 3238 qui
2209 3182 2404 3236 aquam
2437 3166 2686 3238 frigidam
2720 3179 2774 3222 et
2808 3169 3108 3235 humidam,
3140 3186 3322 3227 aerem
3351 3175 3457 3228 hu-

1889 3261 2093 3314 midum
2117 3270 2171 3314 et
2193 3259 2427 3313 calidmn
2458 3269 2730 3316 astruunt.
2755 3259 2822 3314 Et
2851 3260 2996 3316 unde
3018 3262 3199 3318 dicent
3230 3280 3452 3335 aquam,

1891 3352 1941 3406 id
1973 3363 2056 3406 est
2089 3351 2345 3421 frigidum
2380 3363 2434 3407 et
2467 3353 2776 3417 humidum,
2810 3363 3052 3423 tempore
3085 3355 3278 3414 hiemis
3306 3373 3456 3415 com-

1890 3445 2034 3514 pingi
2067 3454 2119 3499 et
2139 3445 2192 3498 in
2221 3445 2445 3513 glaciem
2467 3445 2783 3515 coagulari?
2836 3446 2986 3501 Unde
3028 3452 3275 3517 provenit
3319 3453 3453 3509 illud

1892 3550 2201 3604 supremum
2250 3535 2442 3605 frigus,
2475 3537 2617 3605 quod
2650 3551 2844 3605 aquam
2892 3537 2945 3591 in
2969 3539 3194 3607 glaciem
3228 3555 3455 3597 conver-

1893 3627 2004 3680 tat?
2035 3626 2188 3691 Quod
2225 3629 2268 3680 si
2292 3627 2475 3680 dicant
2508 3627 2641 3681 solis
2670 3627 2971 3682 discessum
3003 3629 3133 3684 illud
3155 3632 3449 3690 secundum

1893 3726 2138 3769 naturam
2161 3715 2392 3780 eﬂicere,
2419 3731 2521 3770 cur
2544 3733 2725 3771 aerem
2759 3733 2822 3772 ex
2853 3731 3041 3773 natura
3069 3736 3167 3775 sua
3193 3722 3450 3790 calidum,

1890 3816 2019 3862 tunc
2074 3807 2351 3860 humidum
2405 3823 2507 3862 non
2541 3807 2720 3870 cﬂicit,
2774 3811 2866 3864 sed
2909 3821 3096 3864 contra
3155 3811 3449 3882 frigidissi-

1891 3897 2079 3950 mum?
2103 3894 2212 3950 Cur
2251 3897 2363 3964 ipsa
2401 3894 2689 3964 frigitlitas,
2721 3898 2773 3951 id
2803 3908 2906 3960 est,
2930 3915 3091 3967 aqua,
3129 3916 3306 3956 aerem
3341 3919 3450 3970 non

1891 3988 2157 4056 coagulat,
2190 3990 2281 4056 qui
2318 3997 2400 4042 est
2450 3988 2702 4056 frigidus,
2752 3989 2844 4044 sed
2887 4003 3076 4044 contra
3124 4008 3451 4063 :neraquam,

1895 4080 2260 4134 utvidemus?
2317 4079 2453 4134 Cum
2490 4082 2653 4134 multa
2717 4082 2880 4151 igitur
2907 4082 3006 4136 hac
3031 4083 3098 4136 de
3129 4100 3186 4137 re
3227 4086 3456 4144 dicenda

1891 4181 2201 4242 suppetant,
2234 4187 2445 4226 necnon
2498 4174 2563 4226 de
2593 4174 2876 4243 exemplis,
2931 4190 3053 4243 qua:
3095 4176 3160 4229 ad
3191 4192 3307 4231 eam
3338 4195 3454 4235 rem

1891 4265 2349 4333 comprobaudam
2403 4277 2645 4320 errantes
2675 4266 2928 4329 alterunt,
2959 4283 3149 4322 eorum
3201 4284 3322 4338 quae
3351 4271 3455 4339 ipsi

1889 4357 2120 4411 oll'erunt
2151 4358 2389 4410 vanitate
2413 4357 2732 4426 pudefactus
2785 4357 3045 4414 cohibeor
3068 4399 3084 4424 ,
3123 4371 3273 4417 ratus
3321 4363 3456 4419 satis

1891 4465 1953 4504 ea
1977 4464 2098 4504 esse
2127 4464 2248 4518 qua:
2287 4449 2539 4519 superius
2563 4450 2725 4504 allata
2764 4458 2912 4504 sunt.

311 4628 450 4698 Περὶ
494 4629 682 4698 ἓτερον
735 4628 791 4682 δὲ
825 4629 1022 4699 μᾶλλον
1069 4633 1418 4702 ἐπειγόμενος
1445 4635 1551 4687 τῶν
1613 4637 1790 4705 σοφῶν
1824 4646 1867 4701 υ
1964 4658 1978 4705 Α

1785 4655 1790 4681 ’
1824 4646 1867 4701 υ
1964 4653 2033 4705 At
2057 4649 2210 4718 jubet
2244 4651 2456 4705 animus
2488 4651 2631 4704 aliud
2665 4667 2853 4706 eorum
2906 4651 3178 4723 sophisma
3212 4658 3452 4728 aggredi,

240 4718 586 4789 ἀσχολεῖσθαι
634 4721 894 4788 σόφισμα,
944 4720 1078 4791 ὅπερ
1105 4722 1305 4786 εὐθέως
1338 4724 1464 4794 ἐρῶ.
1497 4726 1600 4778 Τὸν
1628 4729 1790 4798 οὐρα-

241 4808 332 4858 νον
390 4808 547 4877 σῶμα
599 4810 850 4877 λέγοντες
922 4807 1080 4876 εἶναι,
1129 4815 1402 4884 περιέχειν
1441 4814 1654 4883 λέγουσι
1703 4817 1792 4870 τὸν

244 4898 424 4950 πάντα
454 4899 674 4968 κόσμον,
702 4899 866 4968 μηδὲν
895 4899 951 4952 δὲ
990 4900 1186 4965 ἔξωθεν
1227 4903 1389 4956 αὐτοῦ
1421 4905 1686 4976 ὑπάρχειν
1715 4909 1794 4962 δι-

246 4989 665 5059 ισχυριζόμενοι,
719 4993 977 5058 ἀγγέλους
1017 4994 1107 5046 καὶ
1148 4994 1403 5058 δαίμονας
1449 4997 1544 5050 καὶ
1592 5001 1788 5070 ψυχάς,

248 5079 413 5148 μέρος
441 5078 599 5141 ὄντας
625 5079 720 5131 τοῦ
753 5081 979 5147 κόσμου,
1019 5083 1430 5152 ἀπεριγράφους
1479 5084 1640 5138 πάλιν
1677 5087 1792 5157 ὀρί-

244 5171 451 5234 ζονται,
498 5173 630 5240 μήτε
679 5171 1026 5242 περιέχοντας
1064 5175 1154 5226 τὸν
1177 5177 1424 5244 οὐρανὸν,
1473 5179 1606 5248 μήτε
1646 5196 1798 5251 περι-

245 5259 536 5330 εχομένους
562 5262 664 5314 ὑπὸ
688 5263 782 5315 τοῦ
807 5264 1054 5335 οὐρανοῦ,
1089 5267 1148 5318 οὐ
1186 5269 1454 5332 συνιέντες
1481 5270 1541 5322 τὸ
1567 5271 1790 5341 λεγόμε-

246 5367 356 5415 νον,
380 5352 460 5404 ὅτι
486 5353 546 5405 τὸ
583 5353 719 5422 μήτε
750 5355 998 5424 περιέχον
1023 5358 1154 5426 μήτε
1182 5360 1581 5429 περιεχόμενον,
1607 5363 1665 5413 ὲν
1685 5365 1795 5426 τοῖς

246 5437 398 5496 οὖσιν
447 5443 583 5506 ὅλως
634 5445 696 5498 οὐ
755 5445 1056 5516 θεωρεῖται.
1123 5449 1184 5502 Ei
1211 5452 1391 5503 τοίνυν
1434 5450 1587 5505 ταῦθ’
1625 5453 1795 5517 οὕτως

248 5535 384 5605 ἕχει,
417 5536 726 5589 εἰπάτωσαν
755 5541 879 5608 περὶ
927 5539 1023 5608 τῆς
1058 5540 1194 5604 ἰδίας
1250 5541 1428 5594 αὐτῶν
1479 5542 1676 5614 ψυχῆς,
1702 5547 1798 5598 πόα

247 5644 406 5697 τερον
432 5627 601 5688 ἔστιν.
631 5629 665 5700 ἢ
691 5629 790 5682 οὐκ
819 5628 954 5684 ἐστι.
995 5632 1105 5686 Καὶ
1136 5634 1184 5686 εί
1227 5633 1327 5702 μὲν
1378 5634 1476 5688 οὐκ
1503 5633 1639 5701 ἔστι,
1675 5635 1793 5690 λίαν

248 5715 486 5779 ἀναιδὲς,
539 5719 631 5771 καὶ
681 5719 918 5789 ἀψύχους
966 5722 1189 5786 ἑαυτοὺς
1241 5724 1598 5778 ὑποτίθενταιο
1645 5730 1692 5781 εἰ
1736 5727 1793 5782 δὲ

247 5809 383 5872 ἔστι,
447 5810 609 5864 πάλιν
664 5811 986 5879 λεγέτωσαν,
1045 5814 1130 5868 Ἐν
1179 5814 1358 5879 αὐτοῖς
1409 5818 1576 5882 ἐστιν,
1625 5817 1658 5887 ἢ
1700 5819 1796 5872 οὐκ

1895 4744 2036 4810 quod
2058 4742 2280 4811 jamjam
2313 4741 2599 4811 proferam.
2648 4742 2784 4797 Cum
2835 4745 3031 4799 cadum
3085 4761 3285 4816 corpus
3333 4766 3455 4807 esse

1897 4832 2098 4893 dicant,
2137 4833 2204 4885 ab
2251 4833 2368 4900 ipso
2415 4841 2585 4885 totum
2639 4834 2897 4887 mundum
2929 4835 3254 4891 circumdari
3301 4853 3454 4895 assc-

1894 4933 2021 4976 runt
2058 4940 2069 4974 :
2109 4938 2173 4977 ac
2217 4937 2338 4976 cum
2379 4922 2513 4975 nihil
2559 4932 2708 4976 extra
2747 4923 2924 4993 ipsum
2955 4941 3075 4981 esse
3125 4939 3451 4998 assevereut,

1894 5015 2132 5080 angelos,
2156 5015 2429 5069 daemonas
2451 5025 2499 5069 et
2525 5017 2754 5078 animas.
2779 5019 2872 5086 qui
2895 5018 3080 5073 mundi
3107 5032 3287 5088 partes
3305 5035 3452 5092 sunt,

1893 5105 2389 5176 incircumscriptos
2417 5122 2537 5160 esse
2581 5106 2867 5175 deﬁniunt,
2895 5108 3190 5180 dicuntque
3220 5128 3316 5168 eos
3363 5131 3455 5171 ne-

1887 5210 1992 5265 que
2021 5198 2214 5251 caelum
2245 5198 2297 5250 in
2332 5212 2390 5251 se
2417 5197 2714 5262 continere,
2739 5215 2912 5268 neque
2937 5215 2966 5253 a
2994 5202 3133 5256 cmlo
3163 5204 3452 5273 contineri,

1894 5304 2002 5340 non
2043 5289 2399 5358 iutelligentes
2451 5305 2572 5356 quze
2619 5290 2805 5346 dicunt
2855 5311 2868 5343 :
2920 5307 3042 5346 nam
3087 5298 3233 5364 quod
3281 5311 3455 5367 neque

1893 5379 2187 5445 contineat,
2218 5396 2388 5449 neque
2417 5383 2778 5444 contineatur,
2803 5382 2857 5437 in
2885 5399 3063 5439 rerum
3091 5395 3282 5441 natura
3309 5403 3456 5457 prur-

1895 5485 1990 5524 sus
2020 5487 2127 5525 non
2159 5473 2507 5542 conspicitur.
2550 5475 2606 5528 Si
2642 5475 2806 5545 igitur
2845 5475 2960 5530 hac
3007 5479 3076 5532 ita
3104 5493 3163 5533 se
3201 5479 3455 5546 haheant,

1891 5560 2002 5628 jam
2037 5562 2390 5632 respondeant
2417 5583 2430 5618 :
2459 5565 2652 5619 Anima
2684 5565 2922 5634 ipsorum
2947 5577 3323 5632 estne,aunon
3349 5571 3459 5626 est?

1900 5649 1956 5702 Si
1985 5650 2166 5704 dicant
2197 5667 2303 5705 non
2347 5668 2488 5716 esse,
2520 5653 2810 5708 admodum
2855 5654 3191 5723 impudenter
3217 5671 3336 5712 sese
3374 5660 3457 5711 in-

1902 5741 2165 5795 auimatos
2194 5744 2564 5810 constituunt;
2607 5746 2652 5800 si
2697 5761 2818 5800 esse
2849 5746 3050 5810 dicant,
3101 5747 3458 5816 respondeant

1904 5831 2094 5888 iterum
2131 5852 2142 5888 :
2181 5832 2270 5889 Vel
2319 5835 2370 5890 iu
2405 5837 2538 5906 ipsis
2585 5846 2685 5903 Cal,
2711 5838 2798 5892 τοι
2831 5853 2932 5892 non
2965 5847 3046 5894 est
3091 5839 3144 5893 in
3175 5839 3343 5909 ipsis?
3395 5840 3452 5896 Si
