4222 6442
251 397 312 457 73
1174 399 1717 462 TOPOGRAPIIIIE
1753 403 2230 464 CIIRISTIANE
2269 407 2411 465 LIB.
2451 408 2498 466 Ι.
3383 407 3453 472 74

255 505 480 576 σθείσης,
531 505 564 574 ἢ
617 507 784 570 τύπος
843 509 932 560 καὶ
992 509 1284 580 ὑπογραφὴ
1330 509 1398 583 ἦν
1446 515 1646 577 παντὸς
1694 516 1786 568 τοῦ
1819 529 1858 578 Α
1892 518 1922 569 it

1784 529 1858 578 ιΑ
1892 517 2171 572 institutus
2218 518 2534 586 Seripturis.
2584 528 2696 570 tum
2742 533 2805 572 ex
2846 533 2939 571 ore
2988 518 3307 574 divinissimi
3349 523 3451 576 viri

251 595 459 663 κόσμου,
500 596 638 650 καθά
670 599 762 650 καὶ¹
811 599 1056 668 παρόντι,
1107 599 1194 653 διὰ
1233 601 1414 671 ζώσης
1474 607 1675 673 φωνῆς,
1716 605 1791 666 ὡς

249 690 302 740 ἐν
329 689 540 758 παρόδῳ
568 691 943 762 ἐξηγησάμην,
978 695 1075 746 οὐκ
1115 694 1328 749 οἴκοθεν
1363 697 1646 768 ὁρμηθεὶς,
1680 699 1788 752 οὐδ’

251 778 306 843 ἐξ
339 780 574 848 ἐμαυτοῦ
614 782 1028 854 πλασάμενοςῆ
1087 788 1507 856 στοχασάμενος,
1564 789 1679 841 ἀλλ’
1729 793 1792 842 ἐκ

249 873 349 925 τῶν
373 875 527 926 θείων
552 876 784 946 Γραφῶν
816 879 1142 945 παιδευθεὶς,
1175 882 1267 934 καὶ
1297 882 1384 935 διὰ
1414 881 1592 953 ζώσης
1613 887 1795 954 φωνῆς

252 965 573 1035 παραλαϐὼν
600 968 702 1021 ὑπὸ
747 969 838 1022 τοῦ
885 970 1157 1024 θειοτάτου
1198 974 1389 1044 ἀνδρὸς
1435 978 1527 1028 καὶ
1559 979 1793 1046 μεγάλου

249 1058 556 1112 διδασκάλου
590 1063 905 1131 Πατρικίου,
955 1064 1030 1125 ὡς
1067 1065 1221 1129 τάξιν
1266 1067 1625 1138 Ἀϐραμιαίαν
1661 1071 1796 1140 πληι

254 1147 376 1217 ρῶν,
410 1149 474 1200 ἐκ
494 1149 772 1203 Χαλδαίων
805 1153 1193 1222 παραγεγονὼς
1243 1155 1359 1224 ἅμα
1400 1157 1477 1227 τῷ
1514 1161 1570 1211 ἐν
1619 1160 1797 1226 ἁγίοις

248 1240 361 1291 τότε
411 1241 623 1310 μαθητῇ
675 1242 844 1312 Θωμᾷ
892 1243 968 1313 τῷ
1037 1245 1288 1316 Ἐδέσσης
1313 1246 1466 1315 αὐτῷ
1522 1248 1795 1316 πανταχοῦ

248 1331 678 1401 ἁκολουθήσαντι,
735 1334 830 1386 νῦν
891 1335 947 1386 δὲ
992 1337 1048 1387 ἐν
1104 1340 1170 1407 τῇ
1217 1337 1493 1407 Βυζαντίῳ
1545 1338 1796 1409 βουλήσει

248 1421 376 1475 Θεοῦ
406 1424 495 1476 τὸν
544 1423 656 1494 βίον
708 1426 1121 1492 μεταλλάξαντι,
1164 1429 1436 1497 μετέδωκε
1488 1431 1798 1496 θεοσεϐείας

250 1511 340 1562 καὶ
383 1510 633 1578 γνώσεως
683 1513 1073 1585 ἀληθεστάτης,
1131 1517 1190 1580 ὃς
1236 1521 1328 1571 καὶ
1381 1519 1542 1583 αὐτὸς
1575 1522 1693 1575 νυνὶ
1734 1525 1798 1575 ἐκ

250 1601 393 1664 θείας
449 1604 690 1673 χάριτος,
746 1607 840 1659 ἐπὶ
896 1608 1020 1670 τοὺς
1052 1608 1290 1679 ὑψηλοὺς
1346 1613 1440 1664 καὶ
1487 1611 1801 1683 ἀρχιερατι-

249 1694 373 1748 κους
400 1695 618 1762 θρόνους
658 1699 865 1768 ἀνήχθη
900 1700 998 1769 τῆς
1026 1701 1155 1770 ὅλης
1205 1702 1484 1772 Περσίδος,
1514 1704 1800 1767 καθολικδς

248 1785 536 1847 ἐπίσκοπος
573 1787 757 1840 αὐτόθι
789 1791 1170 1854 κατασταθείς.
1235 1793 1400 1861 Ἑμοῦ
1454 1794 1511 1847 δὲ
1560 1795 1679 1848 λίαν
1720 1797 1799 1858 είς

248 1875 398 1928 τοῦτο
425 1878 772 1948 ἀποροῦντος,
835 1881 1072 1949 μάλιστα
1101 1882 1192 1934 διά
1247 1857 1374 1946 τοὺς
1429 1885 1798 1956 φιλεγκλήμο-
1831 1857 1873 1912 Β

251 1983 360 2030 νας,
401 1962 476 2020 ῶν
517 1968 809 2041 εὖποροςή
848 1972 1086 2043 διαϐολὴ,
1141 1975 1237 2027 καὶ
1283 1977 1486 2040 πολλάς
1539 1977 1671 2041 ὔλας
1705 1979 1798 2032 τοῦ

253 2059 520 2116 σκώπτειν
556 2061 774 2130 ἔχουσα,
829 2063 983 2128 ὄκνος
1021 2067 1119 2136 οὐχ
1162 2069 1190 2120 ὀ
1221 2068 1397 2137 τυχών
1431 2089 1496 2139 με
1528 2074 1794 2140 κατεῖχεν.

247 2152 414 2215 Αὐτὸς
451 2153 508 2206 δὲ
548 2154 709 2206 πάλιν
751 2155 1113 2226 προῦτρεπες,
1173 2162 1548 2232 κατακρίμασι
1605 2163 1787 2232 βαρῶν

247 2245 337 2296 ἐπὶ
365 2243 424 2297 τὸ
454 2247 820 2316 συγγράφειν
853 2249 1076 2318 φάσκων
1107 2249 1183 2321 τῷ
1214 2250 1312 2322 βίῳ
1362 2254 1627 2324 χρήσιμον
1658 2251 1799 2306 εἶναι

243 2335 306 2386 τὸ
356 2335 635 2407 σύνταγμα
678 2337 812 2409 πρὸς
861 2340 1093 2410 μάθησιν
1147 2342 1240 2394 καὶ
1279 2344 1604 2411 κατανόησιν
1643 2346 1801 2399 θείων

243 2424 550 2494 δογμάτων,
594 2429 686 2479 καὶ
734 2431 1044 2500 ἀνατροπὴν
1094 2431 1422 2502 Ἑλληνικῶν
1458 2435 1796 2506 προλήψεων,

245 2517 341 2568 καὶ
389 2517 533 2581 ὅπως
573 2519 717 2583 ἄπας
761 2523 790 2572 ό
839 2523 1036 2587 σκοπὸς
1086 2523 1187 2593 τῆς
1239 2524 1388 2588 θείας
1452 2526 1672 2597 Γραφῆς
1721 2529 1803 2592 είς

244 2608 343 2676 τὴν
396 2609 694 2677 μέλλουσαν
755 2614 1087 2666 κατάστασιν
1147 2615 1346 2686 ἀφορᾷ,
1413 2617 1648 2687 μάλιστα
1703 2618 1794 2672 τοῦ

257 2699 580 2752 Ἀποστόλου
615 2701 863 2770 λέγοντος
883 2717 897 2731 ⁸
934 2703 1189 2774 Οἵδαμεν
1211 2708 1341 2776 γὰρ,
1369 2710 1553 2778 φησὶν,
1583 2709 1671 2762 ὅτι
1693 2711 1801 2762 ἐὰν

242 2789 283 2854 1}
315 2789 577 2855 ἐπίγειος
619 2792 788 2858 ἡμῶν
815 2794 970 2847 οἰκία
1016 2796 1121 2849 τοῦ
1175 2797 1444 2864 σκήνους
1471 2799 1798 2866 καταλυθῇ,

241 2881 568 2951 οίκοδομὴν
593 2883 810 2951 ἔχομεν
835 2886 904 2939 ἐκ
955 2887 1101 2941 Θεοῦ
1129 2888 1582 2957 ἀχειροποίητον
1602 2891 1796 2944 οἰκίαν

241 2975 484 3026 αἰώνιον
512 2974 582 3026 ἐν
608 2974 732 3041 τοῖς
763 2978 1056 3045 οὐρανοῖς.
1116 2979 1300 3034 Ταῦτα
1351 2983 1443 3034 καὶ
1472 2982 1540 3035 τὰ
1578 2981 1802 3036 τοιαῦτα

245 3065 400 3133 ὑμῶν
460 3067 792 3133 φασκόντων,
845 3071 941 3122 καὶ
1001 3074 1117 3134 ταῖς
1182 3072 1280 3142 τῆς
1342 3074 1439 3143 σῆς
1494 3073 1802 3139 θεοσεϐείας

244 3158 529 3210 κελεύσεσι
569 3159 641 3228 μὴ
684 3161 976 3230 δυνάμενος
1023 3165 1317 3226 ἀντειπεῖν,
1356 3165 1572 3236 καθῆκα
1627 3169 1798 3236 ἐμαυ-
1828 3191 1870 3250 c

240 3250 332 3302 τὸν
360 3252 442 3312 cf;
469 3253 646 3316 τοῦτο,
678 3254 774 3316 τὰς
802 3254 899 3316 σὰς
946 3255 1109 3325 εὐχάς
1151 3257 1507 3310 συλλαϐέσθαι
1545 3277 1634 3327 μοι
1668 3259 1794 3330 θαρο

244 3342 375 3410 ρῶν,
419 3343 518 3410 τήν
551 3359 610 3394 τε
657 3343 804 3397 θείαν
859 3346 1014 3415 χάριν
1053 3348 1182 3416 ἡμῖν
1243 3349 1638 3418 προσγενέσθαι
1686 3349 1799 3402 δεόο

243 3449 406 3494 μενος
441 3435 498 3484 ἐν
531 3435 726 3500 ἀνοίξει
762 3435 855 3488 τοῦ
884 3437 1166 3506 στόματος,
1201 3434 1267 3508 ἦς
1293 3440 1422 3492 ἄνευ
1470 3441 1620 3494 οὐδὲν
1643 3441 1799 3494 δυνά-

241 3523 388 3593 μεθα
434 3525 790 3595 κατορθῶσαι,
847 3529 993 3591 ὅπως
1039 3531 1393 3602 δυνηθείημεν
1425 3533 1552 3586 ἄνευ
1597 3549 1799 3602 κεκομ-

237 3614 517 3684 ψευμένου
560 3617 652 3669 καὶ
685 3619 931 3688 τεχνικοῦ
971 3621 1146 3688 λόγου,
1185 3623 1243 3674 ὲν
1280 3623 1566 3688 ἰδιωτικοῖς
1603 3641 1662 3676 τε
1704 3624 1797 3676 καὶ

1894 608 2182 678 magnique
2211 610 2451 678 magistri
2483 608 2710 674 l’atritii,
2741 610 2831 677 qui
2860 625 2982 663 cum
3032 611 3450 667 Abrahamicum

1891 698 2138 753 ordinem
2173 708 2226 753 et
2264 715 2486 755 cursum
2524 699 2825 767 implesset,
2859 717 2922 753 ex
2984 700 3233 754 Chalda-a
3276 702 3455 770 profe-

1894 801 2014 844 Ctus
2037 799 2119 843 est
2149 804 2271 842 cum
2307 799 2496 844 sancto
2521 789 2658 847 viro.
2688 789 3078 858 tumdiseipulo
3104 807 3222 857 suo,
3247 790 3455 846 Thema

1898 879 2191 944 Edesseno,
2223 882 2314 948 qui
2352 883 2525 950 ipsum
2570 881 2770 950 ubique
2815 892 3034 937 secutus
3077 891 3198 937 est:
3233 883 3456 953 jamque

1895 968 2158 1038 Byzantii,
2190 971 2399 1024 volente
2426 969 2554 1035 Deo,
2590 971 2697 1024 vita
2748 969 2984 1034 hmctus,
3014 971 3185 1024 eidem
3236 964 3458 1024 Thema:

1896 1060 1996 1128 pia:
2026 1061 2300 1129 religionis
2335 1069 2382 1114 et
2417 1075 2557 1112 vera:
2601 1061 2838 1114 scientia:
2865 1074 3063 1115 munus
3099 1062 3332 1129 teliquit,
3360 1062 3456 1129 qui

1897 1167 2043 1206 nunc
2075 1168 2169 1221 per
2210 1151 2301 1205 Dei
2330 1151 2556 1222 gratiam
2593 1152 2658 1206 ad
2704 1152 2965 1206 sublimes
2996 1162 3050 1205 et
3075 1152 3456 1222 archiepisco-

1898 1245 2044 1312 pales
2077 1243 2239 1297 totius
2277 1242 2514 1298 Persidis
2560 1243 2785 1298 thronos
2829 1253 3044 1297 evectus
3080 1253 3157 1296 est
3180 1283 3196 1308 ,
3229 1246 3459 1297 catholi-

1897 1349 1996 1389 cus
2030 1333 2224 1388 ibidem
2251 1335 2537 1404 episcopus
2567 1334 2920 1388 constitutus.
2946 1332 3082 1386 Cum
3115 1347 3246 1403 ergo
3270 1335 3459 1386 admo-

1897 1427 2026 1481 dum
2064 1428 2260 1482 anxius
2291 1429 2570 1491 timerem,
2615 1442 2802 1482 eorum
2852 1426 3085 1480 maxime
3131 1441 3316 1489 causa,
3364 1425 3460 1494 qui

1898 1517 2290 1572 eriminationis
2335 1517 2676 1571 occasionem
2730 1524 3088 1585 aucupantur,
3138 1526 3192 1569 et
3253 1517 3320 1570 ad
3363 1531 3460 1570 ea-

1900 1608 2158 1662 lutnniam
2196 1609 2374 1677 proni,
2407 1607 2737 1676 frequentem
2776 1608 3062 1662 cavillandi
3110 1617 3164 1662 et
3202 1609 3461 1664 irridendi

1902 1700 2178 1754 materiam
2228 1709 2465 1768 captant,
2501 1699 2555 1752 in
2605 1715 2663 1753 re
2693 1700 3033 1769 suscipienda
3076 1702 3260 1768 segnis
3287 1716 3458 1757 eram.

1901 1790 1982 1845 Tu
2023 1807 2149 1844 vero
2185 1790 2446 1856 instabas,
2484 1798 2539 1844 et
2569 1806 2784 1860 gravem
2820 1791 3195 1844 interminatus
3235 1791 3462 1846 damna-

1901 1882 2124 1945 tionem,
2143 1881 2209 1933 ad
2231 1879 2577 1934 scribendum
2600 1879 2913 1949 instigabas,
2936 1880 3164 1948 perutile
3183 1894 3320 1949 opus
3347 1878 3462 1934 fore

1899 1973 2084 2028 dicens
2111 1971 2421 2026 hominibus
2451 1973 2517 2026 ad
2558 1971 2923 2041 disciplinam,
2959 1980 3012 2026 et
3055 1971 3121 2026 ad
3153 1971 3460 2026 divinorum

1899 2066 2211 2134 dogmatum
2260 2064 2685 2133 intelligentiam,
2727 2080 2935 2119 necnon
2977 2063 3042 2118 ad
3085 2063 3461 2134 prmjudicatas

1901 2156 2208 2211 Graecorum
2233 2155 2522 2225 opiniones
2553 2154 2944 2220 conlutandas;
2989 2162 3048 2206 ut
3075 2153 3346 2208 ediscatur
3374 2163 3460 2207 to-

1902 2257 2012 2302 ttnn
2046 2248 2239 2302 divinte
2269 2245 2563 2316 Scriptura:
2590 2259 2809 2314 scopum
2839 2246 3072 2299 futuram
3096 2243 3260 2298 vitam
3294 2245 3461 2312 ποιλῃὶ-

1901 2351 2056 2402 cere;
2097 2351 2220 2390 eum
2257 2335 2490 2388 maxime
2516 2334 2807 2403 Apostolus
2837 2331 2982 2388 dicat
3011 2351 3026 2388 :
3060 2331 3268 2389 Scimus
3295 2333 3457 2393 enim.

1900 2431 2145 2497 quoniam
2175 2430 2220 2481 si
2247 2428 2503 2481 terrestris
2530 2427 2716 2480 domus
2740 2435 2921 2480 nostra
2949 2425 3105 2495 hujus
3134 2425 3459 2478 tabernaculi

1900 2521 2238 2584 dissolvatur,
2265 2520 2400 2589 quod
2425 2519 2825 2587 wdiﬁcationem
2857 2532 2922 2571 ex
2955 2515 3056 2570 Deo
3086 2516 3332 2569 habemus
3355 2533 3460 2569 non

1902 2616 2282 2683 manufoctam,
2323 2614 2533 2666 domum
2587 2621 2835 2666 wternam
2884 2613 2938 2664 in
2985 2611 3126 2665 cortis
3147 2611 3188 2664 ⁸.
3237 2611 3362 2666 llaec
3406 2621 3461 2664 et

1900 2705 2098 2761 similia
2131 2720 2252 2758 eum
2285 2704 2512 2769 diceres,
2547 2717 2720 2772 neque
2751 2703 3020 2757 mandatis
3053 2703 3161 2757 tuis
3194 2701 3460 2756 obsistere

1901 2811 2136 2867 possem,
2168 2796 2307 2851 cessi
2341 2794 2574 2860 tandem,
2610 2794 2948 2850 orationibus
2980 2794 3149 2848 fretus
3181 2794 3310 2859 tuis,
3341 2810 3458 2863 pre-

1902 2899 2160 2958 catusque
2189 2899 2245 2943 ut
2267 2889 2318 2942 in
2347 2889 2621 2956 apertione
2649 2885 2761 2940 oris
2789 2885 2966 2954 divina
2997 2885 3184 2954 gratia,
3209 2884 3326 2938 sine
3353 2901 3458 2954 qua

1902 2993 2045 3036 recte
2069 2996 2225 3050 agere
2253 2979 2383 3032 nihil
2415 2992 2723 3047 possumus,
2755 2977 2821 3032 ad
2851 2992 2950 3032 nos
2978 2977 3224 3042 accedat;
3257 2985 3312 3030 ut
3343 2977 3461 3031 sine

1903 3073 2008 3128 ulla
2044 3087 2235 3142 pompa
2265 3082 2317 3124 et
2348 3069 2582 3124 artiﬁcio
2612 3071 2910 3136 sermonis,
2955 3070 3048 3126 sed
3084 3070 3260 3125 verbis
3289 3086 3460 3139 popu-

1903 3164 2108 3217 laribus
2159 3174 2213 3216 et
2266 3161 2540 3230 impolitis,
2588 3161 2758 3229 gratia
2803 3160 2910 3214 vim
2963 3174 3117 3216 suam
3149 3161 3452 3223 exblbente,

1901 3254 2020 3324 ejus
2053 3253 2299 3306 alumnos
2329 3251 2554 3305 educere
2578 3252 2865 3320 possimus,
2886 3266 2949 3304 ac
2976 3252 3211 3305 divinam
3236 3251 3458 3319 dogma-

1905 3356 2016 3400 tum
2062 3344 2324 3408 notitiam,
2357 3345 2568 3413 piorum
2614 3342 2892 3396 hominum
2932 3344 3115 3407 vitam,
3166 3341 3457 3411 mundique

1905 3438 2130 3506 liguram
2162 3446 2213 3488 et
2241 3446 2421 3488 ortum
2450 3434 2567 3488 sine
2601 3434 2704 3488 ulla
2739 3433 3086 3503 ambiguitate
3115 3434 3458 3488 conscribere

1905 3529 2174 3592 alacriter,
2203 3541 2374 3593 eaque
2401 3526 2677 3580 alllucnter
2707 3527 2935 3589 tradere,
2959 3541 3079 3595 qua:
3110 3541 3208 3580 nos
3234 3528 3400 3596 gratis
3422 3541 3454 3580 a

1906 3620 2013 3675 Deo
2047 3618 2374 3687 accepimus.

238 3712 542 3774 ἀπλάστοις
585 3716 790 3783 ῥήμασι
823 3715 919 3785 τὴν
973 3716 1104 3769 ίδίαν
1147 3719 1297 3787 ἰσχὺν
1346 3719 1444 3788 τῆς
1481 3721 1698 3790 χάριτος
1763 3715 2128 3785 δεικνυούσης,
2167 3712 2436 3765 διδάσκειν
2483 3729 2543 3763 τε
2595 3711 2718 3773 τοὺς
2784 3710 2952 3780 αὐτῆς
3002 3713 3316 3782 τροφίμους,
3361 3711 3458 3765 καὶ

236 3804 526 3871 δογμάτων
565 3803 712 3855 θείαν
739 3803 962 3874 εἴδησιν,
987 3805 1080 3856 καὶ
1107 3803 1250 3874 βίους
1297 3806 1506 3877 ἀνδρῶν
1550 3806 1875 3876 εὐαρέστων,
1909 3805 2002 3857 καὶ
2059 3803 2315 3872 σχήματα
2366 3800 2629 3868 γενέσεως
2689 3800 2890 3868 κόσμου
2948 3800 3302 3865 ἁδιστάκτως,
3365 3798 3458 3854 καὶ

241 3895 584 3962 συγγράφειν
632 3892 922 3961 προθύμως
974 3895 1066 3947 καὶ
1130 3895 1463 3964 μεταδιδόναι
1491 3896 1734 3964 ἀφθόνως
1754 3939 1768 3962 ,
1800 3896 1943 3967 ἅπερ
1976 3896 2070 3949 καὶ
2101 3894 2261 3963 ἡμεῖς
2304 3891 2450 3961 παρὰ
2475 3891 2567 3943 τοῦ
2602 3889 2734 3942 Θεοῦ
2764 3891 2970 3962 δωρεάν
2999 3891 3283 3962 ἐλάϐομεν.

312 3987 644 4047 Τελέσαντες
673 3986 870 4049 τοίνυν,
907 3981 951 4038 ὧ
981 3987 1212 4054 θεόφιλε,
1251 3989 1341 4038 τὸν
1386 3989 1598 4057 πρῶτον
1647 3989 1798 4055 λόγον

239 4077 371 4148 περὶ
403 4076 510 4127 τῶν
536 4074 928 4145 πεπλασμένων
970 4076 1330 4146 Χριστιανῶν,
1361 4078 1456 4131 καὶ
1483 4078 1798 4145 ἐλέγξαντες

236 4171 315 4230 ὼς
366 4168 647 4228 ἀδυνάτοις
697 4168 1080 4236 ἐπιχειροῦσιν,
1131 4170 1253 4222 ὅσον
1304 4170 1449 4238 ἐνῆν,
1499 4170 1573 4232 ὡς
1624 4170 1796 4237 ἔγωγε

235 4255 417 4326 οἶμαι,
453 4257 516 4308 οὺ
559 4257 656 4326 τὴν
701 4258 1031 4327 κοσμιότητα
1080 4257 1188 4310 τῶν
1249 4259 1421 4328 λόγων
1476 4259 1796 4329 ἀνατρέπειν

236 4347 676 4418 ἐπιχειροῦντες
718 4347 793 4416 μὴ
822 4347 1059 4413 γένοιτο·
1095 4349 1232 4402 άλλά
1275 4350 1343 4403 τά
1380 4350 1674 4421 πλάσματα
1705 4352 1800 4404 καὶ

238 4441 365 4500 τοὺς
423 4437 622 4505 μύθους
649 4438 756 4489 τῶν
799 4438 1119 4506 Ἑλληνικῶν
1140 4439 1446 4494 ὑποθέσεων
1468 4441 1793 4512 ἀπωθούμεη

235 4549 318 4582 νοι
336 4546 350 4559 ⁸
384 4531 479 4584 καὶ
507 4531 675 4600 πέρας
701 4530 1093 4595 ἐπιτεθεικότες
1112 4533 1205 4587 τοῦ
1239 4533 1417 4602 λόγου,
1445 4535 1798 4604 ὲφαπτόμεθα

237 4625 358 4675 νυνὶ
385 4624 484 4692 τῆς
520 4623 786 4692 ὑμετέρας
816 4623 1128 4687 κελεύσεως,
1179 4625 1461 4690 ὑποθέσεις
1490 4628 1796 4698 Χριστιανι-

236 4718 342 4778 κὲς
370 4718 432 4768 ὲν
476 4717 646 4786 τούτῳ
679 4716 891 4786 πρῶτον
918 4715 995 4786 τῷ
1022 4716 1256 4788 δευτέρῳ
1289 4719 1430 4790 λόγῳ
1454 4719 1798 4790 διηγούμενοι

240 4812 376 4874 περὶ
427 4809 716 4878 σχημάτων
763 4811 855 4862 καὶ
895 4808 1211 4872 τοποθεσίας
1269 4811 1362 4864 τοῦ
1414 4814 1639 4882 κόσμου.
1687 4809 1799 4867 Εἶθ’

235 4900 389 4953 οὕτω
429 4900 505 4970 τῷ
539 4900 722 4970 τρίτῳ,
761 4901 843 4953 ὃτι
894 4900 1081 4970 βεϐαία
1117 4903 1234 4954 ἐστὶ
1285 4906 1376 4956 καὶ
1421 4905 1724 4968 ἀξιόπιστος
1762 4908 1796 4975 ἡ

238 4992 364 5044 θεία
416 4992 603 5060 Γραφὴ
639 4992 848 5044 Παλαιά
900 5009 959 5044 τε
1009 4994 1100 5044 καὶ
1161 4995 1335 5065 Καινὴ
1370 4995 1631 5065 Διαθήκη,
1662 4997 1796 5066 αὑτὴ

238 5084 364 5135 καθ’
405 5082 600 5152 ἑαυτὴν
636 5081 989 5151 διηγουμένη,
1022 5083 1115 5135 καὶ
1135 5085 1542 5154 άποφαινομένη
1571 5086 1632 5139 τὸ
1666 5089 1798 5157 χρή-

238 5189 410 5240 σιμον
438 5172 545 5224 τῶν
575 5174 884 5241 σχημάτων.
923 5175 1038 5226 Ἔτι
1075 5191 1134 5226 τε
1174 5176 1334 5228 πάλιν
1368 5180 1424 5228 ἐν
1450 5176 1526 5246 τῷ
1555 5178 1795 5247 τετάρτῳ

234 5262 715 5330 ἀνακεφαλαίωσιν
745 5265 840 5316 καὶ⁵
871 5264 1172 5335 διαγραφὴν
1200 5266 1307 5318 τῶν
1331 5267 1426 5319 τοῦ
1448 5268 1653 5336 κόσμου
1677 5285 1799 5337 σχη-

237 5357 456 5423 μάτων
483 5353 681 5422 ὁμοίως
702 5356 760 5408 ἐν
785 5355 863 5425 τῷ
887 5357 1118 5427 πέμπτῳ
1149 5357 1454 5429 διαγραφὴν
1474 5359 1574 5429 τῆς
1598 5360 1798 5429 σκηνῆς

234 5445 342 5514 τῆς
404 5445 553 5517 παρὰ
600 5446 873 5510 Μωῦσέως
942 5449 1493 5520 κατασκευασθείσης,
1550 5452 1642 5504 καὶ
1690 5449 1796 5504 τῶν

235 5537 542 5608 προφητῶν
585 5538 678 5589 καὶ
717 5538 1028 5591 ἀποστόλων
1080 5538 1178 5610 τὴν
1217 5542 1553 5610 συμφωνίαν.
1614 5542 1796 5596 Ἔστω

232 5629 427 5680 τοίνυν
474 5625 615 5697 αὕτη
667 5628 702 5696 ἡ
747 5625 946 5697 βίϐλος,
993 5631 1374 5700 Χριστιανικὴ
1427 5633 1798 5702 Τοποτφαρία

310 5809 332 5836 ⁸
366 5809 410 5862 ll
443 5809 565 5865 Cor.
594 5826 648 5869 ν,
676 5809 726 5862 l.

561 5901 824 5964 ΡΑΤιιοι..
871 5902 987 5964 Gn.
1011 5905 1398 5966 LXXXVIII.

1827 4397 1875 4455 Ι)

1972 3986 2236 4041 Absoluto
2298 3985 2497 4052 itaque,
2533 3983 2612 4034 vir
2645 3983 2911 4053 religiose,
2948 3986 3120 4052 primo
3189 3986 3325 4041 libro
3389 3988 3460 4043 de

1903 4079 2100 4135 fucatis
2133 4076 2240 4131 illis
2270 4075 2620 4139 Christianis,
2657 4086 2942 4144 postquam
2972 4091 3067 4130 eos
3101 4087 3160 4130 ut
3200 4079 3458 4146 impossi-

1902 4172 2031 4228 bilia
2087 4183 2370 4241 aggressos
2401 4183 2497 4238 pro
2527 4167 2665 4221 virili
2693 4167 3113 4234 confutavitnus,
3143 4179 3202 4224 ut
3225 4186 3322 4241 ego
3344 4174 3461 4241 qni-

1902 4267 2022 4320 dem
2062 4265 2328 4326 arbitror;
2362 4277 2469 4314 non
2511 4260 2795 4315 verborqu
2845 4261 3164 4332 elegantiam
3221 4273 3460 4322 evertere

1901 4365 2180 4421 conantes,
2228 4355 2399 4409 absit!
2440 4353 2532 4408 sed
2576 4353 2826 4421 ﬁgmenta
2884 4364 2937 4407 et
2989 4351 3198 4408 fabulas
3240 4355 3459 4412 Graeca--

1903 4464 2024 4504 rum
2081 4447 2458 4518 bypothesium
2505 4444 2829 4500 refutantes:
2873 4460 2996 4498 eum
3041 4443 3152 4513 jam
3213 4446 3260 4500 ei
3322 4448 3458 4503 libro

1905 4544 2062 4599 linem
2103 4541 2539 4613 imposuerimus,
2565 4555 2709 4593 nune
2763 4539 2941 4608 jussui
2997 4550 3178 4595 vestro
3208 4553 3459 4610 parentes

1901 4634 2235 4689 Christianas
2263 4632 2330 4687 de
2357 4633 2524 4700 ligura
2571 4640 2626 4684 et
2657 4630 2764 4684 situ
2815 4629 2999 4683 mundi
3049 4629 3374 4699 liypothcses
3400 4634 3457 4687 in

1901 4726 2004 4778 hoc
2065 4724 2301 4779 secundo
2363 4723 2501 4776 libro
2561 4721 2672 4790 jam
2741 4721 2974 4790 primum
3039 4733 3453 4790 pertractamus.

1900 4815 2100 4870 Deinde
2131 4831 2256 4868 vero
2289 4815 2340 4868 in
2385 4813 2541 4868 tertio
2591 4813 2748 4876 libro,
2804 4813 3037 4866 divinam
3099 4813 3453 4882 Scripturam,

1901 4913 2009 4958 tam
2082 4905 2246 4959 Vetus
2300 4904 2502 4958 scilicet
2553 4919 2714 4971 quain
2761 4901 2968 4956 Novum
3025 4901 3454 4969 Testamentum,

1899 4996 2026 5049 dum
2065 4995 2262 5065 ﬁguras
2291 4996 2472 5048 mundi
2503 4995 2663 5049 tradit
2688 5004 2739 5048 et
2763 4995 3014 5062 explicat,
3046 5010 3141 5062 per
3172 5005 3457 5050 secertam

1898 5099 1952 5141 et
1989 5087 2090 5142 ﬁde
2145 5088 2356 5156 dignam
2409 5101 2530 5141 esse
2572 5085 3136 5140 eommon’strabimus.
3168 5085 3225 5140 In
3268 5097 3459 5155 quarto

1900 5189 2078 5234 autem
2145 5178 2636 5245 recapitulationem
2706 5186 2761 5230 et
2818 5176 3230 5231 delineationem
3302 5179 3460 5249 126

1900 5268 2191 5342 ﬁgurarum
2228 5271 2416 5326 mundi
2482 5269 2806 5332 all'eremus;
2856 5267 3106 5324 similiter
3163 5270 3216 5322 in
3269 5270 3459 5338 quinto

1900 5363 2311 5434 descriptionem
2343 5362 2673 5419 tabernaculi
2707 5376 2737 5415 a
2773 5359 2952 5431 Moyse
2977 5362 3300 5426 constructi,
3358 5378 3459 5415 nec

1903 5472 2011 5511 non
2045 5457 2426 5525 prophetarum
2458 5467 2514 5511 et
2548 5453 2914 5526 apostolorum
2945 5453 3291 5509 concordiam
3361 5470 3460 5507 ex-

1901 5548 2223 5604 hibebimus.
2257 5546 2356 5603 llic
2380 5549 2485 5603 erit
2512 5548 2644 5602 liber
2673 5547 2758 5601 cui
2790 5561 2892 5600 nos
2927 5545 3070 5601 hunc
3118 5545 3331 5599 titulum
3376 5545 3460 5596 in-

1903 5643 2154 5710 diditnus,
2190 5640 2547 5713 Topograpliia
2607 5639 2913 5696 Christiana
2980 5649 3152 5696 totum
3197 5637 3456 5693 mundum
