4210 6464
159 401 261 464 777

1182 388 1407 448 SCALA
1445 385 1817 446 PARADISI.
1858 408 1924 419 ·-
1955 383 2258 443 ιιιιλυιλδ
2284 385 2318 444 ιτ

3285 381 3390 444 7'78

156 505 382 578 ροφορία
426 500 550 560 τους
593 498 760 567 ἐμοας
814 498 1100 558 ταπεινοὺς
1141 495 1308 557 πόδας
1363 493 1656 567 κατέϐρεξε
1703 510 1716 524 ·
1748 499 1798 556 Α

1748 499 1798 556 Α
1823 491 2012 562 culpas
2045 493 2115 546 ita
2150 491 2502 555 deﬂeverunt,
2556 490 2626 544 iis
2667 506 2758 561 qui
2807 505 2914 546 non
2962 499 3292 561 prccarunt,
3332 504 3387 548 et

155 591 356 643 Ιιὰντα
377 585 446 638 δὲ
468 586 692 637 δυνατὰ
712 584 790 647 τῲ
811 583 1174 645 πιστεύοντι,
1197 583 1226 634 ὁ
1255 581 1456 651 Κύριος
1481 581 1722 652 εἴρηκεν.

160 679 312 733 Εἶδον
337 675 678 746 ἀκαθάρτους
701 673 877 744 ψυχάς
926 674 1054 742 περὶ
1090 673 1298 744 ἔρωτας
1329 673 1598 740 σωμάτων
1622 673 1692 739 ὲμ
1709 703 1720 706 -

159 771 344 840 μανῶς
387 771 716 839 μαινομένας
744 781 758 794 °
799 764 892 818 καὶ
937 764 1001 834 δὴ
1047 765 1246 835 σκῆψιν
1271 761 1512 834 [σκεψιν]
1563 779 1726 832 μετα-

152 863 299 924 νοίας
352 858 772 930 προσλιασοῦσαι,
829 860 892 909 ὲκ
942 856 1142 926 πείρας
1173 857 1393 926 ἔρωτος,
1437 855 1526 908 τὸν
1563 856 1727 907 αυτὸν

153 953 293 1024 πρὸς
319 951 521 1021 Κύριον
563 948 981 1020 μετενηνόχασιν
1018 948 1230 1017 ἔρωτα·
1284 947 1377 1000 καὶ
1415 947 1590 1000 πάντα
1629 947 1724 1014 φό-

153 1045 249 1097 ϐον
272 1042 748 1113 ὑπερπηδήσασαι,
764 1041 1051 1111 ἀπλήστως
1075 1042 1155 1100 είς
1172 1041 1390 1109 ἀγάπην
1417 1037 1552 1091 6τοῦ
1573 1040 1725 1106 ἐνεγ-

153 1136 568 1206 κεντρίσθησαν.
602 1134 697 1187 Διά
739 1133 897 1186 τοῦτο
942 1133 1036 1186 καὶ
1075 1132 1104 1183 ό
1149 1130 1350 1202 Κύριος
1380 1136 1443 1202 τῇ
1491 1130 1726 1202 σώφρονι

151 1229 334 1299 ἐκείνῃ
427 1229 596 1298 πόρνῃ
656 1227 718 1279 οὐ
787 1226 989 1295 λέγει,
1054 1226 1137 1278 ὅτι
1223 1224 1462 1294 ἐφοϐήθη
1502 1263 1517 1286 ,
1607 1223 1724 1277 ἀλλ’

159 1324 283 1375 Ὅτι
338 1319 618 1390 ἠγάπησε
645 1319 821 1383 πολὺ,
878 1320 972 1372 καὶ
1023 1317 1251 1386 ἐδυνήθη
1293 1320 1532 1388 εὐχερῶς
1567 1316 1728 1388 ἔρωτι

153 1417 332 1479 ἔρωτα
397 1412 835 1484 διακρούσασθαι.
917 1414 1031 1464 υίικ
1103 1409 1284 1477 ἀγνοῶ
1340 1410 1396 1464 δὲ
1466 1409 1609 1478 ἐγὼ,
1683 1403 1728 1463 ὦ

153 1509 487 1578 θαυμάσιοι,
539 1509 621 1561 ὅτι
697 1509 864 1559 τοῖσιν
930 1522 1026 1574 μεν
1095 1504 1339 1568 ἄπιστα,
1400 1504 1604 1575 ἑτέροις
1671 1504 1728 1558 δὲ

151 1604 450 1655 ἀνέλπιστα
488 1619 503 1634 ⁸
584 1601 762 1665 ἄλλοις
807 1601 864 1653 δὲ
916 1599 1225 1667 ἀπόγνωσιν
1297 1597 1546 1652 τίκτοντα
1599 1598 1728 1668 φαί-

156 1713 352 1752 νονται,
411 1696 552 1764 ἀττερ
598 1695 964 1766 διηγησάμην,
1025 1692 1254 1746 ἔπαθλα.
1304 1691 1469 1764 Ἀνὴρ
1513 1691 1570 1746 δὲ
1630 1692 1726 1745 ἀν-

151 1793 330 1862 δρεῖος
375 1794 437 1844 ἐκ
477 1791 682 1844 τούτων
726 1789 1091 1860 προσελάϐετο
1131 1787 1390 1860 κέντρον,
1427 1788 1522 1842 καὶ
1577 1787 1729 1858 β’λετ

153 1883 360 1951 πυρὸς,
407 1885 496 1935 καὶ
566 1882 726 1950 ζῆλον
781 1883 838 1933 ἐν
899 1879 1094 1950 καρδίᾳ
1151 1878 1356 1948 ἀπῆλθε
1417 1877 1721 1948 βαστάζων.

165 1974 225 2026 Ὀ
258 1974 448 2026 τούτου
502 1972 874 2040 ὑποϐεϐηγὼς,
914 1971 1125 2039 ἐπέγνω
1177 1971 1274 2042 τὴν
1321 1971 1529 2024 οἴχεταν
1566 1971 1696 2025 ἀσθὲ

151 2084 324 2126 νειαν,
357 2066 448 2119 καὶ
479 2064 976 2136 ταπειιοιρροσύνην
1006 2065 1244 2137 εὐχερῶς
1273 2066 1606 2136 κτησάμενος
1636 2066 1724 2120 διὰ

151 2157 252 2225 τῆς
310 2156 502 2210 ἑαυτοῦ
556 2157 813 2225 μ’μμιεως
860 2155 950 2209 τὸν
1005 2155 1290 2228 [κατόπικη
1337 2155 1430 2209 τοῦ
1482 2155 1722 2227 πρώτου]

153 2248 374 2316 πρῶτον
421 2247 776 2317 κατέδραμεν,
829 2247 1008 2315 ἀγνοῶ
1057 2247 1114 2300 δὲ
1165 2250 1214 2300 εί
1267 2247 1358 2300 καὶ
1408 2248 1719 2302 κατέλαϐεν⁴⁴

165 2340 334 2410 Ἀνὴρ
365 2340 422 2392 δὲ
449 2338 657 2409 ἀμελὴς
687 2339 760 2410 μὴ
798 2339 1117 2409 προσψαύσῃ
1144 2341 1253 2401 τοῖς
1283 2339 1615 2410 εἰρημένοις,
1647 2340 1720 2410 μή

152 2452 274 2497 πως
324 2435 415 2488 καὶ
464 2434 594 2486 αὐτὸ
645 2435 673 2486 ὃ
728 2433 1042 2504 ἐργάζεται,
1094 2433 1362 2500 ἀπογνοὺς
1415 2431 1724 2502 σκορπίσειε

153 2525 503 2596 ἷσκορπίση]⁸
535 2525 626 2578 καὶ
675 2525 898 2595 γένηται
950 2525 1044 2579 καὶ
1075 2525 1161 2578 ἐπ’
1209 2525 1358 2596 αὐτῷ
1405 2524 1464 2578 τὸ
1512 2524 1720 2593 φάσκον

151 2620 370 2684 λόγιον·
413 2617 522 2670 ἀπὸ
555 2617 612 2670 δὲ
658 2617 750 2670 τοῦ
806 2617 880 2688 μὴ
929 2617 1143 2687 ἔχοντος
1198 2615 1525 2687 προθυμίαν,
1569 2617 1664 2669 καὶ
1697 2615 1726 2668 ὅ

149 2705 306 2756 δοκεῖ
335 2704 500 2773 ἒχειν,
527 2704 824 2774 ἀρθήσεται
852 2707 945 2758 ἀπ’
967 2706 1130 2759 αὑτοῦ
1148 2723 1160 2736 ·
1191 2706 1290 2758 οὐκ
1314 2705 1461 2758 ἔστιν
1493 2707 1638 2776 ἡμᾶς
1668 2707 1726 2757 ἐν

150 2795 233 2864 τῷ
261 2797 449 2865 λάκκῳ
484 2795 591 2850 τῶν
615 2797 856 2867 ἀνομιῶν
894 2797 1264 2862 πεπτωκότας,
1294 2799 1390 2851 καὶ
1418 2797 1493 2869 μὴ
1519 2801 1600 2860 είς
1626 2797 1726 2869 τὴν

155 2887 400 2942 ἄϐυσσον
425 2889 521 2958 τῆς
550 2889 928 2950 ταπεινώσεως
951 2889 1059 2942 τῶν
1079 2890 1475 2959 μετανοούντων
1495 2889 1728 2942 καταδύς

157 2997 365 3043 σαντας
382 3020 399 3044 ,
428 2980 636 3034 ἐκεῖθεν
664 2981 990 3052 ἑλκυσθῆναι
1017 2981 1126 3051 (22)
1153 2997 1166 3010 ·
1207 2981 1339 3052 ἄλλη
1373 2984 1406 3053 ἡ
1430 2983 1538 3035 τῶν
1562 2998 1722 3052 μετα-

153 3072 422 3125 νοούντων
467 3072 846 3144 [πενθούντων]
881 3073 1176 3145 σκυθρωπὴ
1224 3074 1583 3137 ταπείνωσις,
1631 3074 1726 3126 καὶ

1827 587 2035 654 seipsos
2067 600 2172 639 non
2204 583 2506 654 deplorant.
2549 583 2653 638 Per
2689 584 2899 652 lapsum
2937 585 3084 639 enim
3115 584 3182 638 ad
3218 583 3383 639 vitam

1827 679 1959 732 nulli
1990 678 2222 747 amplius
2245 675 2487 746 periculo
2512 677 2813 744 sulqectam
2839 685 3279 732 resurrexerunt.
3311 676 3389 731 Ita

1825 779 1928 833 est,
1960 769 2134 840 inquit
2162 769 2394 840 pwsul,
2450 777 2504 822 et
2548 769 2726 837 lingua
2758 782 2879 837 qua:
2917 768 3135 821 mentiti
3178 775 3389 832 uescu,

1825 863 2078 930 exposuit
2121 863 2252 916 mihi
2290 861 2664 931 hujuscemodi
2713 860 2938 914 factum.
2978 859 3120 914 Ante
3165 861 3387 920 decem,

1828 954 2023 1023 inquit,
2059 970 2234 1009 annos
2278 955 2380 1007 fuit
2428 955 2514 1008 hic
2545 969 2608 1007 ex
2642 953 2865 1007 fratrum
2911 967 3142 1006 numero
3169 951 3387 1020 quidam

1829 1056 1940 1099 tam
1975 1047 2118 1114 pius,
2165 1047 2429 1100 sollicitus
2471 1056 2527 1100 et
2566 1046 2850 1114 religiosus
2897 1046 3120 1110 athleta,
3171 1055 3391 1115 tamque

1826 1135 2024 1190 ardens
2083 1137 2297 1205 spiritu,
2350 1137 2590 1206 adeoque
2646 1135 2803 1197 talis,
2858 1136 2933 1190 uti
2993 1135 3390 1203 contemplatus

1827 1229 2004 1298 ipsum
2053 1239 2374 1294 tremerem,
2421 1246 2483 1284 ac
2518 1230 2862 1283 vehementer
2909 1229 3164 1283 invidiam
3217 1227 3392 1282 hostis

1826 1322 2090 1378 adversus
2116 1323 2264 1377 illum
2303 1323 2673 1385 formidarem,
2721 1339 2786 1377 ne
2817 1337 2927 1392 pia:
2969 1323 3135 1376 nimio
3161 1331 3217 1376 et
3245 1336 3382 1391 prm-

1827 1415 1974 1484 ειμιιί
2015 1432 2201 1481 cursu,
2248 1417 2532 1485 oﬂ'enderet
2572 1417 2640 1468 ad
2685 1415 2908 1483 lapidem
2948 1415 3130 1480 pedem
3172 1430 3324 1468 suum
3345 1414 3388 1478 ‘,

1827 1507 1973 1576 quod
2004 1509 2070 1564 iis
2104 1525 2207 1563 usu
2241 1525 2426 1563 ventre
2458 1507 2616 1573 solet,
2647 1509 2739 1578 qui
2768 1511 3082 1563 contentius
3109 1507 3390 1561 ambulare

1827 1603 2003 1657 solent
2039 1619 2052 1656 :
2081 1600 2226 1670 quod
2253 1613 2308 1656 et
2336 1602 2464 1655 huic
2490 1601 2707 1656 accidit.
2757 1599 2898 1670 Ergo
2942 1610 3063 1669 post
3105 1615 3291 1655 casum
3323 1599 3390 1653 ad

1827 1709 1914 1748 me
1959 1707 2252 1757 reversus,
2303 1707 2426 1746 sero
2459 1707 2685 1762 vespere
2732 1691 2929 1746 vulnus
2982 1707 3139 1744 suum
3186 1690 3390 1753 nudat,

1828 1785 2212 1855 ostenditque,
2267 1793 2322 1839 et
2373 1799 2443 1854 qu
2465 1785 2566 1838 nr't
2614 1785 3000 1854 emplastrum,
3057 1791 3291 1837 ustorem
3339 1791 3394 1834 et

1827 1878 2130 1934 cauterium
2189 1877 2665 1932 vehementissime
2713 1877 2946 1931 amictus
2999 1875 3191 1945 poscit.
3258 1873 3390 1928 Dein

1826 1971 1974 2043 quod
2006 1970 2200 2040 d'gnus
2233 1969 2710 2024 commiseratione
2744 1969 3041 2025 videretur.
3106 1985 3228 2024 eum
3275 1972 3394 2024 aui-

1827 2064 2188 2118 madverteret
2236 2061 2505 2116 medicum
2565 2062 2747 2117 minus
2795 2078 2981 2118 severa
3027 2065 3269 2119 sectione
3314 2062 3392 2117 uti

1827 2155 1984 2221 velle,
2037 2155 2188 2209 humi
2238 2154 2485 2222 abiectus
2539 2155 2811 2225 pedesque
2851 2169 3001 2209 meos
3036 2156 3391 2224 complexus,

1828 2250 1977 2320 largo
2009 2247 2374 2319 lacrymarim
2412 2247 2582 2302 imbre
2617 2248 2880 2316 irrigavit.
2924 2259 3178 2318 precatus
3217 2250 3292 2302 uti
3324 2250 3392 2304 ad

1827 2355 2101 2395 carcerem
2136 2339 2282 2394 illum
2312 2355 2472 2409 quem
2520 2339 2696 2395 vidisti
2730 2341 3098 2396 damu:.retur.
3133 2342 3391 2396 Clamita-

1829 2432 1921 2486 hat
1958 2431 2100 2485 enim
2139 2452 2152 2486 :
2193 2431 2530 2501 lmpossibile
2566 2441 2650 2488 est
2683 2448 2769 2486 me
2807 2433 2934 2488 illuc
2963 2448 3070 2488 non
3102 2435 3389 2504 proticisci.

1829 2519 1892 2574 Vi
1914 2535 2044 2592 ergo
2066 2522 2493 2577 misericordiam
2526 2523 2721 2580 medici
2751 2525 2816 2578 ad
2847 2525 3188 2582 severitatem
3215 2537 3393 2583 trans-

1829 2615 1968 2681 tulit,
1999 2625 2058 2669 ut
2095 2616 2148 2670 in
2177 2631 2234 2671 se
2264 2627 2480 2688 cegeret
2507 2631 2630 2672 esse
2673 2618 2891 2680 durum.
2943 2621 3104 2689 128
3141 2621 3284 2690 quod
3335 2621 3390 2677 in

1827 2709 1984 2777 aegris
2033 2725 2315 2778 perrarum
2361 2719 2416 2763 et
2453 2721 2603 2766 extra
2653 2727 2868 2766 omnem
2907 2729 3066 2767 usum
3098 2722 3152 2768 et
3182 2729 3390 2770 morem

1829 2803 2012 2858 videre
2045 2813 2130 2858 est
2184 2803 2334 2857 Dicto
2349 2818 2479 2873 ergo
2495 2804 2658 2858 citius
2679 2804 2744 2858 ad
2764 2806 3089 2875 pot-nitentes
3118 2817 3390 2876 properat,

1825 2893 2137 2964 collegaque
2164 2901 2217 2948 et
2233 2909 2415 2949 SOCIIIS
2443 2897 2501 2948 ht
2526 2895 2768 2949 lahorum
2799 2905 2854 2950 et
2883 2897 3158 2954 dolorum.
3184 2896 3386 2954 Vulne-

1830 2995 1977 3041 ratus
1995 3001 2123 3056 ergo
2157 2987 2211 3040 in
2241 2987 2402 3041 corde
2427 2987 2616 3042 dolore
2640 2987 2870 3044 tristitiae
2917 2998 3173 3059 tauquam
3214 2991 3392 3061 gladio

1825 3093 1892 3132 ex
1913 3078 2097 3133 divino
2127 3093 2332 3144 amore,
2353 3089 2544 3135 octavo
2568 3089 2689 3151 post
2707 3082 2794 3137 die
2825 3081 3076 3153 migravit
3111 3085 3176 3138 ad
3210 3083 3395 3138 Domi-

152 3168 322 3238 ἑτέρα
337 3165 444 3219 τῶν
467 3169 492 3219 ἓ.
505 3186 546 3219 ..ι
561 3167 984 3240 ἁμαρτανόντων
999 3167 1092 3220 τοῦ
1123 3167 1421 3231 συνειδότος
1438 3167 1724 3235 κατάγνω-
1751 3187 1797 3250 c

1751 3187 1797 3250 ς
1831 3183 1985 3229 num,
2016 3183 2140 3224 cum
2170 3173 2320 3238 prius
2346 3171 2587 3240 petiisset
2618 3181 2680 3226 ut
2714 3172 2920 3227 honore
2963 3175 3255 3243 sepultum
3278 3177 3390 3246 pri-

155 3275 243 3323 σις
266 3277 280 3289 ·
315 3259 410 3312 καὶ
438 3259 569 3329 άλλη
601 3262 634 3330 ὴ
658 3262 770 3324 τοῖς
795 3259 1022 3324 τελείοις
1041 3260 1108 3313 δι’
1126 3259 1376 3331 ἐνεργίας
1394 3258 1529 3313 Θεοῦ
1560 3276 1723 3331 προσ-

153 3349 420 3418 γινομένη
441 3366 686 3420 μακαρια
703 3350 1227 3413 πλουτοταπείνωσις
1248 3366 1261 3380 ·
1287 3350 1362 3421 μὴ
1405 3349 1722 3420 σκεύσωμεν

155 3441 564 3512 ισκευάσωμεν]
602 3442 696 3512 τὴν
727 3442 915 3513 τρίτην
960 3441 1137 3508 λόγοις
1170 3442 1370 3512 εὑρεῖν,
1409 3443 1585 3513 μάτην
1613 3443 1722 3513 γὰρ

152 3533 512 3603 δραμούμεθα
544 3534 851 3604 [τρέκομεν.
897 3532 980 3586 ΑΙ.
1015 3531 1334 3604 θρὲξομεν]·
1369 3533 1471 3602 τῆς
1511 3533 1570 3586 δὲ
1607 3533 1726 3588 δευ-

157 3626 320 3695 τέρας
348 3629 572 3696 σημείον
605 3626 712 3696 (23)
733 3664 749 3688 ,
780 3626 1023 3695 ὑπομονὴ
1050 3624 1274 3695 ἀτιμίας
1302 3625 1603 3695 παντελής*
1636 3642 1724 3678 τυο

159 3723 346 3788 (λαννεί
369 3723 400 3790 ὴ
437 3721 724 3791 πρόληψις,
750 3719 846 3773 καὶ
875 3718 964 3772 τὸν
984 3720 1279 3774 πενθοῦντα
1314 3720 1592 3783 πολλάκις.
1613 3720 1723 3772 Καὶ

151 3815 215 3866 οὐ
236 3813 486 3882 θαυμα,ό
505 3831 568 3866 πε
578 3814 630 3885 ρὶ
651 3817 952 3884 χριμάτων,
982 3816 1074 3870 καὶ
1100 3814 1406 3883 πτωμάτων
1421 3812 1578 3880 λόγος
1596 3829 1722 3864 σκο-

147 3907 352 3970 τεινὸ⁴¹,
375 3908 469 3959 καὶ
500 3908 674 3978 πάντη
702 3907 847 3979 ψυχῇ
891 3907 1064 3981 [πάσῃ
1086 3905 1269 3977 -_t}uxﬁ]
1303 3903 1682 3974 ἀγατάληπτος
1704 3920 1719 3933 °

151 4005 285 4053 ποῖα
308 3999 409 4070 μὲν
433 4003 499 4054 τα
519 4002 582 4054 δι’
601 4004 877 4072 ἀμελείας,
907 4007 1033 4057 ποῖα
1056 4003 1112 4056 δὲ
1143 4003 1209 4055 δι’
1237 3999 1622 4070 ἐγκατάλειψιν
1643 4001 1722 4051 oi-

148 4097 476 4166 σιονομικήν⁹
497 4102 624 4150 ποῖα
655 4097 711 4150 δὲ
733 4097 798 4151 δι’
819 4099 1167 4171 ἀποστροφὴν
1195 4095 1329 4151 Θεοῦ
1357 4095 1722 4166 συμϐαίνοντα

145 4185 180 4253 1‘;
193 4187 287 4253 μῖν
306 4185 594 4254 πτώματα.
629 4188 772 4258 Πλὴν
792 4190 964 4242 ἐκεῖνό
983 4189 1070 4260 μοί
1088 4206 1173 4253 τις
1199 4189 1515 4260 διηγήσατο,
1528 4188 1722 4257 ὅτιπερ

148 4278 220 4328 τά
239 4277 370 4329 κατ’
389 4281 701 4349 οἰκονομίαν
725 4283 856 4352 ἡμῖν
889 4281 1272 4352 συμϐαίνοντα,
1290 4300 1355 4335 τα
1360 4282 1513 4352 λείαν
1534 4282 1633 4351 τὴν
1661 4281 1719 4348 ἐξ

145 4369 337 4423 αὐτῶν
381 4372 732 4443 ἀποστροφὴν
783 4375 1100 4444 κέκτηνται·
1147 4376 1205 4428 οὑ
1240 4375 1347 4446 γάρ
1378 4376 1650 4443 συγχωρεί
1691 4375 1722 4427 ό

147 4463 457 4534 παραδούς,
504 4465 623 4515 ἐπεὶ
652 4463 785 4518 πολὺ
815 4465 1131 4535 κρατεῖσθαι
1167 4467 1312 4536 ἡμᾶς
1340 4465 1401 4518 τὸ
1428 4465 1524 4534 τῆς
1544 4450 1720 4534 λῦπης

1830 3270 2070 3316 varetur.
2105 3261 2210 3316 Sed
2241 3277 2342 3332 ego
2369 3262 2520 3317 illum
2562 3263 2668 3319 huc
2701 3267 2966 3335 reportari
2992 3269 3198 3334 curavi,
3243 3279 3296 3324 et
3334 3279 3395 3321 ut

1829 3352 2053 3407 minime
2103 3353 2386 3422 indignum
2436 3355 2580 3418 suis,
2625 3355 2676 3408 in
2726 3367 2938 3425 patrum
2969 3359 3273 3413 conditorio
3304 3375 3392 3414 rc-

1830 3457 1979 3512 pom,
2018 3453 2074 3496 ut
2103 3443 2196 3510 qui
2229 3454 2352 3513 post
2382 3453 2586 3514 septem
2630 3445 2906 3502 servitutis
2949 3447 3066 3503 dies
3112 3457 3303 3502 octavo
3336 3451 3393 3503 in

1829 3536 2135 3592 libertatem
2171 3537 2242 3592 sit
2273 3548 2532 3593 assertus.
2586 3537 2653 3592 Et
2685 3549 2769 3594 est
2802 3555 2892 3610 qui
2933 3552 3081 3596 certo
3120 3545 3391 3612 cognovit,

1830 3630 1976 3684 illum
2022 3631 2339 3701 priusquam
2390 3631 2459 3684 ab
2511 3632 2745 3702 indignis
2791 3644 2847 3688 et
2893 3635 3121 3704 impuris
3169 3635 3395 3705 pedibus

1832 3725 1963 3779 meis
2011 3735 2276 3796 surgeret,
2321 3724 2435 3794 jam
2479 3734 2593 3779 tum
2641 3727 2793 3796 plena
2841 3736 3186 3796 peccatorum
3236 3729 3392 3783 venia

1829 3819 2116 3882 donatum,
2161 3818 2377 3887 Deoque
2405 3818 2814 3872 reconciliatum
2849 3817 3037 3874 fuisse.
3069 3817 3179 3875 Nec
3206 3821 3256 3873 id
3289 3821 3394 3872 mi-

1832 3928 1947 3966 rum
1981 3911 2152 3965 videri
2189 3911 2364 3966 debet.
2409 3911 2558 3965 Illius
2589 3910 2732 3964 enim
2779 3913 3096 3982 peccatrieis
3135 3912 3292 3967 ﬁdem
3337 3913 3391 3966 in

1828 4007 2012 4058 animo
2039 4013 2429 4072 assumpserat,
2475 4004 2776 4074 eademque
2814 4019 2909 4073 spe
2941 4013 2994 4057 et
3019 4003 3212 4058 tiducia
3245 4003 3389 4058 vilis-

1829 4096 1998 4150 simos
2023 4095 2188 4163 pedes
2215 4095 2470 4166 lacrymis
2502 4096 2790 4151 imbuerat.
2833 4095 3026 4150 Omnia
3063 4105 3240 4150 autem
3266 4113 3389 4166 pos-

1828 4187 2008 4242 sibilia
2037 4186 2289 4251 credenti,
2323 4187 2499 4256 inquit
2545 4186 2807 4242 Dominus
2828 4188 2869 4241 ".
2911 4186 3026 4242 Vidi
3055 4202 3154 4256 ego
3180 4189 3393 4242 animos

1831 4282 2072 4350 impuras
2115 4280 2308 4333 insano
2355 4279 2589 4348 quodam
2633 4295 2820 4334 amore
2876 4295 3003 4350 erga
3049 4294 3278 4348 corpora
3309 4277 3391 4334 af-

1831 4371 1995 4425 fectas
2021 4381 2074 4426 et
2099 4372 2357 4434 furentes,
2381 4386 2503 4440 quae
2533 4380 2710 4425 tamen
2745 4387 2840 4440 per
2867 4371 3197 4441 paenitentia:
3229 4386 3387 4424 occa-

1830 4463 2035 4517 sionem
2082 4473 2133 4518 et
2175 4462 2663 4517 considerationem
2711 4463 2911 4516 amoris
2948 4463 3145 4532 impuri
3175 4463 3388 4532 experi-

143 4553 392 4622 δαίμονι.
426 4553 488 4605 Οἳ
535 4554 789 4618 πεσόντες
817 4555 922 4625 πρὸ
952 4556 1167 4608 πάντων
1201 4553 1570 4626 μαχησώμεθα
1587 4554 1722 4626 πρὸς
1754 4549 1798 4604 D

1721 4576 1722 4579 η
1754 4549 1798 4604 D
1827 4561 2092 4615 mentum,
2138 4551 2388 4606 eumdem
2424 4567 2664 4606 amorem
2709 4562 2762 4605 ct
2799 4551 3047 4606 allectum
3105 4561 3276 4606 totum
3330 4556 3383 4607 in

142 4645 354 4698 αὐτόν·
387 4645 546 4707 αὐτὸς
585 4647 694 4716 γὰρ
729 4647 880 4718 παρά
922 4648 1013 4700 τοι
1045 4647 1234 4718 καιρὸν
1273 4649 1373 4718 τῆς
1415 4649 1722 4718 προσ-υχῆς

141 4740 314 4808 ἡμῶν
363 4742 786 4808 παριστάμενος,
821 4740 914 4793 καὶ
958 4741 1054 4809 τῆς
1085 4740 1353 4811 προτέρας
1393 4740 1550 4810 ήμῶν
1582 4745 1721 4811 παρ-

142 4830 356 4900 ρησίας
395 4830 827 4900 ὑπομιμνήσκων
859 4833 1198 4903 καταργῆσαι
1238 4833 1386 4902 ἡμᾶς
1428 4833 1523 4902 τῆς
1553 4833 1720 4903 εὐχῆς

143 4926 428 4995 βούλεται.
478 4924 567 4994 Μὴ
616 4923 726 4992 (9.4)
770 4923 1057 4995 θαμόηθῄς
1092 4922 1214 4976 καθ’
1240 4923 1454 4994 ἡμέραν
1485 4921 1711 4986 πίπτων,

145 5018 292 5087 μηδὲ.
326 5015 576 5085 ἀποπήδτν
598 5055 613 5078 ,
667 5015 802 5068 ἀλλά
828 5014 1001 5084 ιστῆθι
1045 5016 1323 5086 ἀνδρειιυς,
1376 5016 1470 5069 καὶ
1503 5015 1717 5076 πάντως

139 5109 534 5178 αἱδεσθήσεταί
579 5125 673 5161 σου
703 5109 801 5177 τὴν
829 5108 1106 5180 ὑπομονὴν
1147 5110 1174 5162 ό
1214 5108 1501 5177 φυλάσσων
1531 5124 1590 5160 σε
1622 5106 1692 5175 ἀγ

139 5204 332 5271 γελος.
379 5201 468 5262 Ὠς
506 5201 696 5270 νεαρὸν
727 5201 822 5253 καὶ
849 5200 969 5264 ζέον
994 5199 1054 5252 τὸ
1094 5217 1314 5271 τραυμα
1337 5201 1548 5253 εὺῖατον
1577 5193 1716 5252 εἶναι

139 5296 371 5362 πέφυκε
395 5311 408 5322 ·
452 5292 519 5346 τά
558 5299 664 5364 γαρ
697 5293 885 5364 χρόνια
933 5294 1026 5346 καὶ
1051 5294 1369 5364 ὴμ-λημένα
1401 5294 1494 5346 καὶ
1525 5307 1716 5362 κεχερ-

141 5385 382 5455 σωμένα
408 5384 652 5448 δυσίατα,
682 5386 777 5437 καὶ
815 5382 1009 5437 πολλοῦ
1039 5383 1132 5436 τοῦ
1167 5383 1356 5446 κόπου,
1381 5385 1472 5436 καὶ
1499 5383 1714 5453 σιδήρου

141 5477 240 5528 καὶ
291 5473 506 5543 ξηρίου,
550 5477 645 5528 καὶ
690 5474 786 5528 τοῦ
827 5474 998 5546 πυρὸς
1038 5473 1270 5528 ἐνταῦθα
1301 5475 1436 5545 πρὸς
1473 5474 1713 5544 ἰατρείαν

134 5569 404 5638 δεόμενα.
433 5567 604 5620 Πολλά
629 5567 706 5638 τῷ
729 5567 903 5639 χρόνῳ
922 5568 1135 5629 ἀνίατα,
1155 5568 1302 5639 παρά
1323 5568 1379 5621 δὲ
1399 5567 1516 5638 Θεῷ
1539 5568 1715 5622 πάντα

135 5662 374 5717 δυνατά.
413 5660 524 5732 Πρὸ
556 5660 653 5730 μὲν
686 5661 796 5730 (‘23)
831 5659 924 5714 τοῦ
957 5653 1268 5731 πτώματος,
1301 5660 1712 5731 φιλάνθρωπον

210 5825 231 5854 ⁵
284 5819 438 5875 l’sal.
477 5834 562 5880 xc,
598 5818 682 5872 1‘2.
759 5817 778 5847 '
815 5816 981 5872 Marc.
1007 5834 1081 5881 ιλ,
1107 5817 1195 5872 2‘3.
1271 5817 1292 5848 ⁸
1317 5817 1448 5875 Luc.
1483 5835 1578 5883 vn,
1619 5817 1708 5873 47.

480 5914 723 5973 Parnm.
792 5913 884 5973 Gn
947 5912 1287 5973 LXXXVIII

1829 4644 2113 4698 Dominum
2144 4645 2553 4709 transtulerunt,
2588 4643 2831 4712 adeoque
2861 4645 2912 4698 iu
2951 4644 3193 4698 divinum
3235 4659 3388 4700 eom-

1827 4744 2127 4802 mutarunt,
2160 4744 2215 4790 et
2238 4751 2384 4790 omni
2419 4735 2600 4789 servili
2633 4735 2824 4790 timore
2852 4743 3128 4804 superato,
3157 4742 3300 4791 totos
3326 4751 3387 4790 se

1828 4830 1879 4883 in
1908 4829 2148 4884 divinum
2181 4845 2420 4884 amorem
2445 4829 2820 4884 demerserunt
2853 4827 3253 4900 [impulerunt].
3281 4828 3388 4884 Ita-

1825 4938 1932 4992 que
1963 4921 2227 4978 Dominus
2261 4922 2456 4978 sobria:
2487 4919 2789 4993 [prudenti]
2836 4921 2907 4975 illi
2950 4921 3233 4991 peecatrici
3275 4937 3384 4976 non

1826 5017 1975 5078 dicit,
1997 5017 2253 5085 quoniam
2270 5013 2470 5077 timuit,
2490 5014 2606 5078 sed,
2631 5015 2878 5084 quoniam
2894 5015 3078 5067 dilexit
3099 5013 3319 5066 multum
3339 5013 3382 5068 '.

1826 5106 2005 5162 Potuit
2037 5123 2189 5177 ergo,
2227 5108 2376 5161 nullo
2412 5107 2647 5176 negotio,
2682 5120 2868 5160 amore
2899 5119 3134 5158 amorem
3165 5103 3381 5173 pellere.

1825 5199 1940 5254 Non
1972 5199 2162 5271 ignoro
2189 5213 2308 5270 ego,
2347 5198 2447 5251 viri
2475 5197 2681 5259 eximii,
2719 5199 2833 5251 lucc
2859 5196 2979 5250 aliis
3001 5210 3165 5265 supra
3200 5197 3379 5259 Iidem,

1823 5293 1946 5347 aliis
1988 5307 2152 5361 supra
2198 5307 2380 5362 spem,
2423 5292 2597 5345 visum
2629 5291 2734 5356 iri;
2784 5289 2902 5344 aliis
2936 5289 3097 5343 etiam
3129 5286 3384 5354 despera-

1825 5387 2022 5439 tionem
2055 5384 2286 5439 allatura
2323 5399 2444 5452 qute
2480 5382 2821 5437 narravimus
2856 5382 3178 5435 certamina.
3217 5379 3381 5449 Atqui

1826 5474 1984 5544 129
2009 5489 2302 5544 generosus
2329 5483 2382 5528 et
2405 5474 2652 5528 heroicus
2684 5472 2896 5527 animus
2931 5471 3207 5527 stimulum
3261 5469 3383 5522 inde

1820 5570 1883 5622 ad
1917 5575 2166 5624 virtutem
2189 5577 2436 5636 arripuit,
2480 5581 2744 5637 igneoque
2773 5564 2956 5634 jacqu
2983 5564 3148 5618 divini
3179 5563 3382 5616 amoris

1821 5660 2060 5726 saucius,
2115 5675 2410 5718 succensus
2460 5659 2722 5715 charitatc
2767 5666 2822 5713 ct
2845 5657 3041 5712 ardens
3068 5656 3254 5710 abivit.
3277 5653 3380 5721 Qui

2983 5907 3058 5967 25
