  <div class='ocr_page' id='page_1' title='image "/cluster/home/n/w/nwhite01/storage/ocr_20150623/88/nnc1.0046980237/401.png"; bbox 0 0 4210 6464; ppageno 0'>
   <div class='ocr_carea' id='block_1_1' title="bbox 803 400 898 468">
    <p class='ocr_par' dir='ltr' id='par_1_1' title="bbox 803 400 898 468">
     <span class='ocr_line' id='line_1_1' title="bbox 803 400 898 468; baseline 0.074 -7"><span class='ocrx_word' id='word_1_1' title='bbox 803 400 898 468; x_wconf 74' lang='grc'><strong>783</strong></span> 
     </span>
    </p>
   </div>
   <div class='ocr_carea' id='block_1_2' title="bbox 1475 508 1630 561">
    <p class='ocr_par' dir='ltr' id='par_1_2' title="bbox 1475 508 1630 561">
     <span class='ocr_line' id='line_1_2' title="bbox 1475 508 1630 561; baseline -0.006 -2"><span class='ocrx_word' id='word_1_2' title='bbox 1475 508 1630 561; x_wconf 68' lang='lat' dir='ltr'><strong>Aliud</strong></span> 
     </span>
    </p>
   </div>
   <div class='ocr_carea' id='block_1_3' title="bbox 865 589 2350 660">
    <p class='ocr_par' dir='ltr' id='par_1_3' title="bbox 865 589 2350 660">
     <span class='ocr_line' id='line_1_3' title="bbox 865 589 2350 660; baseline -0.007 -6"><span class='ocrx_word' id='word_1_3' title='bbox 865 599 1021 654; x_wconf 79' lang='lat' dir='ltr'><strong>Curis</strong></span> <span class='ocrx_word' id='word_1_4' title='bbox 1081 595 1330 650; x_wconf 87' lang='lat' dir='ltr'><strong>omnibus</strong></span> <span class='ocrx_word' id='word_1_5' title='bbox 1389 609 1580 649; x_wconf 77' lang='lat' dir='ltr'><strong>vacare</strong></span> <span class='ocrx_word' id='word_1_6' title='bbox 1631 594 1676 647; x_wconf 79' lang='lat' dir='ltr'><strong>is</strong></span> <span class='ocrx_word' id='word_1_7' title='bbox 1716 589 1932 654; x_wconf 81' lang='lat' dir='ltr'><strong>dicitur,</strong></span> <span class='ocrx_word' id='word_1_8' title='bbox 1964 591 2054 660; x_wconf 92' lang='lat' dir='ltr'><strong>qui</strong></span> <span class='ocrx_word' id='word_1_9' title='bbox 2098 590 2231 644; x_wconf 81' lang='lat' dir='ltr'><strong>nihil</strong></span> <span class='ocrx_word' id='word_1_10' title='bbox 2263 606 2350 644; x_wconf 90' lang='lat' dir='ltr'><strong>co-</strong></span> 
     </span>
    </p>
   </div>
   <div class='ocr_carea' id='block_1_4' title="bbox 799 681 2352 758">
    <p class='ocr_par' dir='ltr' id='par_1_4' title="bbox 799 681 2352 758">
     <span class='ocr_line' id='line_1_4' title="bbox 799 681 2352 758; baseline -0.005 -16"><span class='ocrx_word' id='word_1_11' title='bbox 799 707 938 755; x_wconf 86' lang='lat' dir='ltr'><strong>rum,</strong></span> <span class='ocrx_word' id='word_1_12' title='bbox 985 703 1106 758; x_wconf 67' lang='lat' dir='ltr'><strong>qute</strong></span> <span class='ocrx_word' id='word_1_13' title='bbox 1165 689 1215 740; x_wconf 92' lang='lat' dir='ltr'><strong>in</strong></span> <span class='ocrx_word' id='word_1_14' title='bbox 1255 686 1410 739; x_wconf 87' lang='lat' dir='ltr'><strong>terris</strong></span> <span class='ocrx_word' id='word_1_15' title='bbox 1441 693 1586 748; x_wconf 77' lang='lat' dir='ltr'><strong>sunt,</strong></span> <span class='ocrx_word' id='word_1_16' title='bbox 1623 693 1776 738; x_wconf 86' lang='lat' dir='ltr'><strong>curat</strong></span> <span class='ocrx_word' id='word_1_17' title='bbox 1811 703 1823 736; x_wconf 95' lang='lat'>:</span> <span class='ocrx_word' id='word_1_18' title='bbox 1865 681 2259 752; x_wconf 83' lang='grc' dir='ltr'>αὑτομὲριμνος</span> <span class='ocrx_word' id='word_1_19' title='bbox 2308 681 2352 734; x_wconf 85' lang='lat' dir='ltr'><strong>is</strong></span> 
     </span>
    </p>
   </div>
   <div class='ocr_carea' id='block_1_5' title="bbox 799 774 2354 850">
    <p class='ocr_par' dir='ltr' id='par_1_5' title="bbox 799 774 2354 850">
     <span class='ocr_line' id='line_1_5' title="bbox 799 774 2354 850; baseline -0.005 -17"><span class='ocrx_word' id='word_1_20' title='bbox 799 790 895 842; x_wconf 74' lang='lat' dir='ltr'><strong>est,</strong></span> <span class='ocrx_word' id='word_1_21' title='bbox 927 780 1019 850; x_wconf 87' lang='lat' dir='ltr'><strong>qui</strong></span> <span class='ocrx_word' id='word_1_22' title='bbox 1049 794 1143 833; x_wconf 85' lang='lat' dir='ltr'><strong>sua</strong></span> <span class='ocrx_word' id='word_1_23' title='bbox 1178 785 1388 831; x_wconf 85' lang='lat' dir='ltr'><strong>tantum</strong></span> <span class='ocrx_word' id='word_1_24' title='bbox 1424 787 1596 838; x_wconf 76' lang='lat' dir='ltr'><strong>curat,</strong></span> <span class='ocrx_word' id='word_1_25' title='bbox 1627 785 1681 829; x_wconf 94' lang='lat' dir='ltr'><strong>et</strong></span> <span class='ocrx_word' id='word_1_26' title='bbox 1717 788 1830 829; x_wconf 74' lang='lat' dir='ltr'><strong>sua:</strong></span> <span class='ocrx_word' id='word_1_27' title='bbox 1868 774 2130 829; x_wconf 73' lang='lat' dir='ltr'><strong>duntaxat</strong></span> <span class='ocrx_word' id='word_1_28' title='bbox 2163 774 2354 831; x_wconf 84' lang='lat' dir='ltr'><strong>salutis</strong></span> 
     </span>
    </p>
   </div>
   <div class='ocr_carea' id='block_1_6' title="bbox 795 870 1196 926">
    <p class='ocr_par' dir='ltr' id='par_1_6' title="bbox 795 870 1196 926">
     <span class='ocr_line' id='line_1_6' title="bbox 795 870 1196 926; baseline -0.012 -1"><span class='ocrx_word' id='word_1_29' title='bbox 795 885 978 926; x_wconf 85' lang='lat' dir='ltr'><strong>curam</strong></span> <span class='ocrx_word' id='word_1_30' title='bbox 1020 870 1196 924; x_wconf 84' lang='lat' dir='ltr'><strong>habet.</strong></span> 
     </span>
    </p>
   </div>
   <div class='ocr_carea' id='block_1_7' title="bbox 1318 954 1856 1010">
    <p class='ocr_par' dir='ltr' id='par_1_7' title="bbox 1318 954 1856 1010">
     <span class='ocr_line' id='line_1_7' title="bbox 1318 954 1856 1010; baseline 0 0"><span class='ocrx_word' id='word_1_31' title='bbox 1318 955 1564 1010; x_wconf 85' lang='lat' dir='ltr'><strong>Scholion</strong></span> <span class='ocrx_word' id='word_1_32' title='bbox 1598 954 1775 1008; x_wconf 83' lang='lat' dir='ltr'><strong>Isaaci</strong></span> <span class='ocrx_word' id='word_1_33' title='bbox 1803 957 1856 1010; x_wconf 81' lang='lat'><strong>5.</strong></span> 
     </span>
    </p>
   </div>
   <div class='ocr_carea' id='block_1_8' title="bbox 863 1046 2357 1116">
    <p class='ocr_par' dir='ltr' id='par_1_8' title="bbox 863 1046 2357 1116">
     <span class='ocr_line' id='line_1_8' title="bbox 863 1046 2357 1116; baseline -0.005 -12"><span class='ocrx_word' id='word_1_34' title='bbox 863 1048 1007 1104; x_wconf 87' lang='lat' dir='ltr'><strong>Nihil</strong></span> <span class='ocrx_word' id='word_1_35' title='bbox 1063 1047 1256 1103; x_wconf 91' lang='lat' dir='ltr'><strong>melius</strong></span> <span class='ocrx_word' id='word_1_36' title='bbox 1306 1055 1388 1101; x_wconf 90' lang='lat' dir='ltr'><strong>est</strong></span> <span class='ocrx_word' id='word_1_37' title='bbox 1428 1061 1588 1116; x_wconf 90' lang='lat' dir='ltr'><strong>quam</strong></span> <span class='ocrx_word' id='word_1_38' title='bbox 1625 1062 1685 1101; x_wconf 87' lang='lat' dir='ltr'><strong>se</strong></span> <span class='ocrx_word' id='word_1_39' title='bbox 1724 1055 1849 1102; x_wconf 90' lang='lat' dir='ltr'><strong>ante</strong></span> <span class='ocrx_word' id='word_1_40' title='bbox 1878 1046 2153 1102; x_wconf 78' lang='lat' dir='ltr'><strong>Christum</strong></span> <span class='ocrx_word' id='word_1_41' title='bbox 2182 1047 2357 1102; x_wconf 85' lang='lat' dir='ltr'><strong>cruci-</strong></span> 
     </span>
    </p>
   </div>
   <div class='ocr_carea' id='block_1_9' title="bbox 796 1137 2355 1210">
    <p class='ocr_par' dir='ltr' id='par_1_9' title="bbox 796 1137 2355 1210">
     <span class='ocr_line' id='line_1_9' title="bbox 796 1137 2355 1210; baseline -0.001 -16"><span class='ocrx_word' id='word_1_42' title='bbox 796 1145 963 1195; x_wconf 78' lang='lat' dir='ltr'><strong>tixum</strong></span> <span class='ocrx_word' id='word_1_43' title='bbox 1014 1154 1244 1210; x_wconf 91' lang='lat' dir='ltr'><strong>pronum</strong></span> <span class='ocrx_word' id='word_1_44' title='bbox 1310 1137 1403 1192; x_wconf 90' lang='lat' dir='ltr'><strong>diu</strong></span> <span class='ocrx_word' id='word_1_45' title='bbox 1469 1146 1738 1208; x_wconf 89' lang='lat' dir='ltr'><strong>noctuque</strong></span> <span class='ocrx_word' id='word_1_46' title='bbox 1777 1137 1968 1192; x_wconf 75' lang='lat' dir='ltr'><strong>vinctis</strong></span> <span class='ocrx_word' id='word_1_47' title='bbox 1999 1147 2119 1207; x_wconf 85' lang='lat' dir='ltr'><strong>post</strong></span> <span class='ocrx_word' id='word_1_48' title='bbox 2147 1147 2355 1210; x_wconf 82' lang='lat' dir='ltr'><strong>tergum</strong></span> 
     </span>
    </p>
   </div>
   <div class='ocr_carea' id='block_1_10' title="bbox 798 1225 2357 1299">
    <p class='ocr_par' dir='ltr' id='par_1_10' title="bbox 798 1225 2357 1299">
     <span class='ocr_line' id='line_1_10' title="bbox 798 1225 2357 1299; baseline -0.001 -15"><span class='ocrx_word' id='word_1_49' title='bbox 798 1231 1048 1286; x_wconf 89' lang='lat' dir='ltr'><strong>manibus</strong></span> <span class='ocrx_word' id='word_1_50' title='bbox 1087 1227 1337 1297; x_wconf 87' lang='lat' dir='ltr'><strong>abjieere.</strong></span> <span class='ocrx_word' id='word_1_51' title='bbox 1389 1225 1484 1283; x_wconf 80' lang='lat' dir='ltr'><strong>Vis</strong></span> <span class='ocrx_word' id='word_1_52' title='bbox 1532 1227 1804 1297; x_wconf 87' lang='lat' dir='ltr'><strong>ealorem(</strong></span> <span class='ocrx_word' id='word_1_53' title='bbox 1830 1226 1994 1280; x_wconf 83' lang='lat' dir='ltr'><strong>divini</strong></span> <span class='ocrx_word' id='word_1_54' title='bbox 2025 1228 2272 1299; x_wconf 88' lang='lat' dir='ltr'><strong>amoris)</strong></span> <span class='ocrx_word' id='word_1_55' title='bbox 2305 1231 2357 1282; x_wconf 92' lang='lat' dir='ltr'><strong>in</strong></span> 
     </span>
    </p>
   </div>
   <div class='ocr_carea' id='block_1_11' title="bbox 799 1317 2358 1390">
    <p class='ocr_par' dir='ltr' id='par_1_11' title="bbox 799 1317 2358 1390">
     <span class='ocr_line' id='line_1_11' title="bbox 799 1317 2358 1390; baseline -0.003 -14"><span class='ocrx_word' id='word_1_56' title='bbox 799 1332 849 1378; x_wconf 93' lang='lat' dir='ltr'><strong>te</strong></span> <span class='ocrx_word' id='word_1_57' title='bbox 911 1337 1017 1376; x_wconf 93' lang='lat' dir='ltr'><strong>non</strong></span> <span class='ocrx_word' id='word_1_58' title='bbox 1075 1319 1443 1390; x_wconf 79' lang='lat' dir='ltr'><strong>refrigescere,</strong></span> <span class='ocrx_word' id='word_1_59' title='bbox 1491 1326 1546 1373; x_wconf 89' lang='lat' dir='ltr'><strong>et</strong></span> <span class='ocrx_word' id='word_1_60' title='bbox 1599 1317 1798 1372; x_wconf 79' lang='lat' dir='ltr'><strong>fontem</strong></span> <span class='ocrx_word' id='word_1_61' title='bbox 1860 1317 2220 1388; x_wconf 85' lang='lat' dir='ltr'><strong>lacrymarum</strong></span> <span class='ocrx_word' id='word_1_62' title='bbox 2251 1334 2358 1374; x_wconf 92' lang='lat' dir='ltr'><strong>non</strong></span> 
     </span>
    </p>
   </div>
   <div class='ocr_carea' id='block_1_12' title="bbox 795 1408 2362 1480">
    <p class='ocr_par' dir='ltr' id='par_1_12' title="bbox 795 1408 2362 1480">
     <span class='ocr_line' id='line_1_12' title="bbox 795 1408 2362 1480; baseline -0.003 -12"><span class='ocrx_word' id='word_1_63' title='bbox 795 1425 1134 1476; x_wconf 77' lang='lat' dir='ltr'><strong>exarescere,</strong></span> <span class='ocrx_word' id='word_1_64' title='bbox 1183 1423 1376 1464; x_wconf 81' lang='lat' dir='ltr'><strong>exerce</strong></span> <span class='ocrx_word' id='word_1_65' title='bbox 1431 1417 1481 1463; x_wconf 88' lang='lat' dir='ltr'><strong>te</strong></span> <span class='ocrx_word' id='word_1_66' title='bbox 1533 1408 1588 1462; x_wconf 89' lang='lat' dir='ltr'><strong>in</strong></span> <span class='ocrx_word' id='word_1_67' title='bbox 1614 1408 1698 1462; x_wconf 86' lang='lat' dir='ltr'><strong>his</strong></span> <span class='ocrx_word' id='word_1_68' title='bbox 1730 1408 1750 1475; x_wconf 93' lang='lat'><strong>(</strong></span> <span class='ocrx_word' id='word_1_69' title='bbox 1777 1423 1896 1478; x_wconf 66' lang='lat' dir='ltr'><strong>quae</strong></span> <span class='ocrx_word' id='word_1_70' title='bbox 1921 1417 2049 1463; x_wconf 92' lang='lat' dir='ltr'><strong>sunt</strong></span> <span class='ocrx_word' id='word_1_71' title='bbox 2078 1409 2277 1480; x_wconf 62' lang='lat' dir='ltr'><strong>dicta);</strong></span> <span class='ocrx_word' id='word_1_72' title='bbox 2306 1417 2362 1463; x_wconf 90' lang='lat' dir='ltr'><strong>et</strong></span> 
     </span>
    </p>
   </div>
   <div class='ocr_carea' id='block_1_13' title="bbox 797 1497 2360 1567">
    <p class='ocr_par' dir='ltr' id='par_1_13' title="bbox 797 1497 2360 1567">
     <span class='ocr_line' id='line_1_13' title="bbox 797 1497 2360 1567; baseline -0.002 -11"><span class='ocrx_word' id='word_1_73' title='bbox 797 1505 985 1557; x_wconf 89' lang='lat' dir='ltr'><strong>beatus</strong></span> <span class='ocrx_word' id='word_1_74' title='bbox 1007 1515 1138 1567; x_wconf 89' lang='lat' dir='ltr'><strong>es,o</strong></span> <span class='ocrx_word' id='word_1_75' title='bbox 1161 1501 1340 1565; x_wconf 87' lang='lat' dir='ltr'><strong>homo,</strong></span> <span class='ocrx_word' id='word_1_76' title='bbox 1363 1497 1407 1553; x_wconf 89' lang='lat' dir='ltr'><strong>si</strong></span> <span class='ocrx_word' id='word_1_77' title='bbox 1436 1498 1490 1552; x_wconf 92' lang='lat' dir='ltr'><strong>in</strong></span> <span class='ocrx_word' id='word_1_78' title='bbox 1515 1497 1599 1552; x_wconf 88' lang='lat' dir='ltr'><strong>his</strong></span> <span class='ocrx_word' id='word_1_79' title='bbox 1618 1511 1739 1566; x_wconf 78' lang='lat' dir='ltr'><strong>quae</strong></span> <span class='ocrx_word' id='word_1_80' title='bbox 1769 1497 1864 1553; x_wconf 89' lang='lat' dir='ltr'><strong>tibi</strong></span> <span class='ocrx_word' id='word_1_81' title='bbox 1915 1497 2192 1563; x_wconf 91' lang='lat' dir='ltr'><strong>dicuntur,</strong></span> <span class='ocrx_word' id='word_1_82' title='bbox 2242 1499 2360 1554; x_wconf 87' lang='lat' dir='ltr'><strong>dies</strong></span> 
     </span>
    </p>
   </div>
   <div class='ocr_carea' id='block_1_14' title="bbox 794 1588 2362 1658">
    <p class='ocr_par' dir='ltr' id='par_1_14' title="bbox 794 1588 2362 1658">
     <span class='ocr_line' id='line_1_14' title="bbox 794 1588 2362 1658; baseline -0.001 -12"><span class='ocrx_word' id='word_1_83' title='bbox 794 1602 850 1646; x_wconf 89' lang='lat' dir='ltr'><strong>et</strong></span> <span class='ocrx_word' id='word_1_84' title='bbox 882 1600 1069 1646; x_wconf 85' lang='lat' dir='ltr'><strong>noctes</strong></span> <span class='ocrx_word' id='word_1_85' title='bbox 1093 1589 1333 1644; x_wconf 74' lang='lat' dir='ltr'><strong>studiose</strong></span> <span class='ocrx_word' id='word_1_86' title='bbox 1361 1588 1788 1656; x_wconf 88' lang='lat' dir='ltr'><strong>consumpseris,</strong></span> <span class='ocrx_word' id='word_1_87' title='bbox 1840 1602 1939 1643; x_wconf 88' lang='lat' dir='ltr'><strong>nec</strong></span> <span class='ocrx_word' id='word_1_88' title='bbox 2004 1597 2196 1658; x_wconf 84' lang='lat' dir='ltr'><strong>praeter</strong></span> <span class='ocrx_word' id='word_1_89' title='bbox 2247 1591 2362 1645; x_wconf 74' lang='lat' dir='ltr'><strong>haec</strong></span> 
     </span>
    </p>
   </div>
   <div class='ocr_carea' id='block_1_15' title="bbox 797 1678 2363 1752">
    <p class='ocr_par' dir='ltr' id='par_1_15' title="bbox 797 1678 2363 1752">
     <span class='ocr_line' id='line_1_15' title="bbox 797 1678 2363 1752; baseline -0.002 -15"><span class='ocrx_word' id='word_1_90' title='bbox 797 1683 942 1738; x_wconf 81' lang='lat' dir='ltr'><strong>aliud</strong></span> <span class='ocrx_word' id='word_1_91' title='bbox 972 1679 1272 1752; x_wconf 65' lang='lat' dir='ltr'><strong>quaesieris.</strong></span> <span class='ocrx_word' id='word_1_92' title='bbox 1292 1678 1447 1733; x_wconf 90' lang='lat' dir='ltr'><strong>Tunc</strong></span> <span class='ocrx_word' id='word_1_93' title='bbox 1475 1679 1620 1734; x_wconf 90' lang='lat' dir='ltr'><strong>enim</strong></span> <span class='ocrx_word' id='word_1_94' title='bbox 1660 1679 1756 1732; x_wconf 83' lang='lat' dir='ltr'><strong>tibi</strong></span> <span class='ocrx_word' id='word_1_95' title='bbox 1790 1679 1883 1734; x_wconf 76' lang='lat' dir='ltr'><strong>lux</strong></span> <span class='ocrx_word' id='word_1_96' title='bbox 1941 1679 2168 1734; x_wconf 90' lang='lat' dir='ltr'><strong>interius</strong></span> <span class='ocrx_word' id='word_1_97' title='bbox 2216 1681 2363 1735; x_wconf 91' lang='lat' dir='ltr'><strong>orie-</strong></span> 
     </span>
    </p>
   </div>
   <div class='ocr_carea' id='block_1_16' title="bbox 798 1768 2360 1841">
    <p class='ocr_par' dir='ltr' id='par_1_16' title="bbox 798 1768 2360 1841">
     <span class='ocr_line' id='line_1_16' title="bbox 798 1768 2360 1841; baseline -0.002 -15"><span class='ocrx_word' id='word_1_98' title='bbox 798 1783 908 1838; x_wconf 90' lang='lat' dir='ltr'><strong>tur,</strong></span> <span class='ocrx_word' id='word_1_99' title='bbox 965 1781 1020 1826; x_wconf 89' lang='lat' dir='ltr'><strong>ct</strong></span> <span class='ocrx_word' id='word_1_100' title='bbox 1043 1770 1259 1841; x_wconf 78' lang='lat' dir='ltr'><strong>iustitia</strong></span> <span class='ocrx_word' id='word_1_101' title='bbox 1295 1779 1386 1823; x_wconf 90' lang='lat' dir='ltr'><strong>tua</strong></span> <span class='ocrx_word' id='word_1_102' title='bbox 1418 1769 1664 1824; x_wconf 87' lang='lat' dir='ltr'><strong>celeriter</strong></span> <span class='ocrx_word' id='word_1_103' title='bbox 1706 1768 2000 1839; x_wconf 81' lang='lat' dir='ltr'><strong>ell‘ulgebit,</strong></span> <span class='ocrx_word' id='word_1_104' title='bbox 2019 1779 2076 1824; x_wconf 86' lang='lat' dir='ltr'><strong>et</strong></span> <span class='ocrx_word' id='word_1_105' title='bbox 2108 1769 2216 1824; x_wconf 89' lang='lat' dir='ltr'><strong>eris</strong></span> <span class='ocrx_word' id='word_1_106' title='bbox 2243 1778 2360 1824; x_wconf 83' lang='lat' dir='ltr'><strong>tan-</strong></span> 
     </span>
    </p>
   </div>
   <div class='ocr_carea' id='block_1_17' title="bbox 2041 393 4018 458">
    <p class='ocr_par' dir='ltr' id='par_1_17' title="bbox 2041 393 4018 458">
     <span class='ocr_line' id='line_1_17' title="bbox 2041 393 4018 458; baseline 0.003 -7"><span class='ocrx_word' id='word_1_107' title='bbox 2041 399 2078 446; x_wconf 58' lang='lat'><strong>5</strong></span> <span class='ocrx_word' id='word_1_108' title='bbox 2133 393 2445 452; x_wconf 74' lang='lat' dir='ltr'><strong>JUANNIS</strong></span> <span class='ocrx_word' id='word_1_109' title='bbox 2468 393 2766 453; x_wconf 72' lang='lat' dir='ltr'><strong>ClJMMl</strong></span> <span class='ocrx_word' id='word_1_110' title='bbox 3923 401 4018 458; x_wconf 60' lang='lat' dir='ltr'><strong>T-‘li</strong></span> 
     </span>
    </p>
   </div>
   <div class='ocr_carea' id='block_1_18' title="bbox 3134 511 3316 560">
    <p class='ocr_par' dir='ltr' id='par_1_18' title="bbox 3134 511 3316 560">
     <span class='ocr_line' id='line_1_18' title="bbox 3134 511 3316 560; baseline 0 0"><span class='ocrx_word' id='word_1_111' title='bbox 3134 511 3316 560; x_wconf 61' lang='lat' dir='ltr'><strong>&quot;AL-io</strong></span> 
     </span>
    </p>
   </div>
   <div class='ocr_carea' id='block_1_19' title="bbox 2541 595 3984 668">
    <p class='ocr_par' dir='ltr' id='par_1_19' title="bbox 2541 595 3984 668">
     <span class='ocr_line' id='line_1_19' title="bbox 2541 595 3984 668; baseline 0.004 -24"><span class='ocrx_word' id='word_1_112' title='bbox 2541 595 2859 663; x_wconf 78' lang='grc' dir='ltr'>Ἀμὲριμνος</span> <span class='ocrx_word' id='word_1_113' title='bbox 2911 613 3009 664; x_wconf 76' lang='grc' dir='ltr'><strong>μεν</strong></span> <span class='ocrx_word' id='word_1_114' title='bbox 3041 601 3115 657; x_wconf 69' lang='grc' dir='ltr'><strong>ως</strong></span> <span class='ocrx_word' id='word_1_115' title='bbox 3148 599 3369 666; x_wconf 76' lang='grc' dir='ltr'>μηδενὸς</span> <span class='ocrx_word' id='word_1_116' title='bbox 3407 603 3645 660; x_wconf 51' lang='lat' dir='ltr'><strong>fta-fcit”</strong></span> <span class='ocrx_word' id='word_1_117' title='bbox 3683 603 3984 668; x_wconf 48' lang='lat' dir='ltr'><strong>sepe-itum.</strong></span> 
     </span>
    </p>
   </div>
   <div class='ocr_carea' id='block_1_20' title="bbox 2457 685 4018 761">
    <p class='ocr_par' dir='ltr' id='par_1_20' title="bbox 2457 685 4018 761">
     <span class='ocr_line' id='line_1_20' title="bbox 2457 685 4018 761; baseline 0.009 -25"><span class='ocrx_word' id='word_1_118' title='bbox 2457 685 2850 757; x_wconf 76' lang='grc' dir='ltr'>αὑτομὲριμνος</span> <span class='ocrx_word' id='word_1_119' title='bbox 2875 689 2953 752; x_wconf 79' lang='grc' dir='ltr'>δὲ,</span> <span class='ocrx_word' id='word_1_120' title='bbox 2975 690 3048 749; x_wconf 79' lang='grc' dir='ltr'>ὡς</span> <span class='ocrx_word' id='word_1_121' title='bbox 3078 693 3238 758; x_wconf 80' lang='grc' dir='ltr'>μόνου</span> <span class='ocrx_word' id='word_1_122' title='bbox 3267 691 3456 744; x_wconf 80' lang='grc' dir='ltr'>ἑαυτοῦ</span> <span class='ocrx_word' id='word_1_123' title='bbox 3481 695 3777 761; x_wconf 76' lang='grc' dir='ltr'><strong>μεριμνῶν,</strong></span> <span class='ocrx_word' id='word_1_124' title='bbox 3804 695 3896 746; x_wconf 75' lang='grc' dir='ltr'>καὶ</span> <span class='ocrx_word' id='word_1_125' title='bbox 3925 692 4018 760; x_wconf 55' lang='grc' dir='ltr'><strong>τῆς</strong></span> 
     </span>
    </p>
   </div>
   <div class='ocr_carea' id='block_1_21' title="bbox 2456 774 2976 846">
    <p class='ocr_par' dir='ltr' id='par_1_21' title="bbox 2456 774 2976 846">
     <span class='ocr_line' id='line_1_21' title="bbox 2456 774 2976 846; baseline 0.01 -23"><span class='ocrx_word' id='word_1_126' title='bbox 2456 774 2657 836; x_wconf 77' lang='grc' dir='ltr'>οἰκείας</span> <span class='ocrx_word' id='word_1_127' title='bbox 2692 777 2976 846; x_wconf 82' lang='grc' dir='ltr'>σωτηρίας.</span> 
     </span>
    </p>
   </div>
   <div class='ocr_carea' id='block_1_22' title="bbox 2939 955 3542 1022">
    <p class='ocr_par' dir='ltr' id='par_1_22' title="bbox 2939 955 3542 1022">
     <span class='ocr_line' id='line_1_22' title="bbox 2939 955 3542 1022; baseline 0 -16"><span class='ocrx_word' id='word_1_128' title='bbox 2939 957 3192 1022; x_wconf 70' lang='grc' dir='ltr'>Σχόλιον</span> <span class='ocrx_word' id='word_1_129' title='bbox 3247 955 3443 1010; x_wconf 82' lang='grc' dir='ltr'>Ἰσαὰκ</span> <span class='ocrx_word' id='word_1_130' title='bbox 3477 962 3542 1022; x_wconf 77' lang='grc' dir='ltr'><strong>γ’¹</strong></span> 
     </span>
    </p>
   </div>
   <div class='ocr_carea' id='block_1_23' title="bbox 2527 1044 4015 1116">
    <p class='ocr_par' dir='ltr' id='par_1_23' title="bbox 2527 1044 4015 1116">
     <span class='ocr_line' id='line_1_23' title="bbox 2527 1044 4015 1116; baseline -0.003 -14"><span class='ocrx_word' id='word_1_131' title='bbox 2527 1049 2690 1102; x_wconf 70' lang='grc' dir='ltr'>Οὐδὲν</span> <span class='ocrx_word' id='word_1_132' title='bbox 2738 1051 2922 1116; x_wconf 64' lang='grc' dir='ltr'>ἕτερον</span> <span class='ocrx_word' id='word_1_133' title='bbox 2972 1044 3066 1098; x_wconf 78' lang='grc' dir='ltr'>τοῦ</span> <span class='ocrx_word' id='word_1_134' title='bbox 3117 1044 3270 1114; x_wconf 68' lang='grc' dir='ltr'>ῥίψαι</span> <span class='ocrx_word' id='word_1_135' title='bbox 3321 1046 3443 1098; x_wconf 72' lang='grc' dir='ltr'>τινὰ</span> <span class='ocrx_word' id='word_1_136' title='bbox 3490 1047 3678 1098; x_wconf 68' lang='grc' dir='ltr'>ἑαυτὸν</span> <span class='ocrx_word' id='word_1_137' title='bbox 3716 1045 4015 1114; x_wconf 75' lang='grc' dir='ltr'>Ξμπροτθε·</span> 
     </span>
    </p>
   </div>
   <div class='ocr_carea' id='block_1_24' title="bbox 2455 1136 4030 1209">
    <p class='ocr_par' dir='ltr' id='par_1_24' title="bbox 2455 1136 4030 1209">
     <span class='ocr_line' id='line_1_24' title="bbox 2455 1136 4030 1209; baseline -0.003 -16"><span class='ocrx_word' id='word_1_138' title='bbox 2455 1139 2550 1193; x_wconf 82' lang='grc' dir='ltr'><strong>τοῦ</strong></span> <span class='ocrx_word' id='word_1_139' title='bbox 2595 1136 2830 1209; x_wconf 87' lang='grc' dir='ltr'>σταυροῦ</span> <span class='ocrx_word' id='word_1_140' title='bbox 2865 1136 2960 1190; x_wconf 79' lang='grc' dir='ltr'>τοῦ</span> <span class='ocrx_word' id='word_1_141' title='bbox 3008 1136 3243 1207; x_wconf 76' lang='grc' dir='ltr'><strong>Χριστοῦ</strong></span> <span class='ocrx_word' id='word_1_142' title='bbox 3283 1137 3475 1200; x_wconf 78' lang='grc' dir='ltr'>νυκτὸς</span> <span class='ocrx_word' id='word_1_143' title='bbox 3520 1139 3613 1190; x_wconf 73' lang='grc' dir='ltr'>καὶ</span> <span class='ocrx_word' id='word_1_144' title='bbox 3656 1139 3887 1208; x_wconf 69' lang='grc' dir='ltr'>ἡμέρας.</span> <span class='ocrx_word' id='word_1_145' title='bbox 3933 1141 4030 1191; x_wconf 66' lang='grc' dir='ltr'><strong>καὶ</strong></span> 
     </span>
    </p>
   </div>
   <div class='ocr_carea' id='block_1_25' title="bbox 2456 1225 4027 1297">
    <p class='ocr_par' dir='ltr' id='par_1_25' title="bbox 2456 1225 4027 1297">
     <span class='ocr_line' id='line_1_25' title="bbox 2456 1225 4027 1297; baseline -0.004 -17"><span class='ocrx_word' id='word_1_146' title='bbox 2456 1227 2712 1297; x_wconf 82' lang='grc' dir='ltr'>γενέσθαι</span> <span class='ocrx_word' id='word_1_147' title='bbox 2739 1225 3020 1296; x_wconf 82' lang='grc' dir='ltr'>δεδεμένον</span> <span class='ocrx_word' id='word_1_148' title='bbox 3069 1227 3147 1289; x_wconf 89' lang='grc' dir='ltr'><strong>είς</strong></span> <span class='ocrx_word' id='word_1_149' title='bbox 3189 1227 3430 1279; x_wconf 79' lang='grc' dir='ltr'>τούπίσω</span> <span class='ocrx_word' id='word_1_150' title='bbox 3467 1228 3565 1289; x_wconf 79' lang='grc' dir='ltr'>τὰς</span> <span class='ocrx_word' id='word_1_151' title='bbox 3596 1230 3798 1297; x_wconf 75' lang='grc' dir='ltr'>χεῖρας.</span> <span class='ocrx_word' id='word_1_152' title='bbox 3841 1229 4027 1280; x_wconf 77' lang='grc' dir='ltr'>Βούλετ</span> 
     </span>
    </p>
   </div>
   <div class='ocr_carea' id='block_1_26' title="bbox 2460 1316 4030 1390">
    <p class='ocr_par' dir='ltr' id='par_1_26' title="bbox 2460 1316 4030 1390">
     <span class='ocr_line' id='line_1_26' title="bbox 2460 1316 4030 1390; baseline -0.001 -18"><span class='ocrx_word' id='word_1_153' title='bbox 2460 1320 2536 1389; x_wconf 82' lang='grc' dir='ltr'>μὴ</span> <span class='ocrx_word' id='word_1_154' title='bbox 2572 1317 2944 1390; x_wconf 70' lang='grc' dir='ltr'>ψυχρανθῆναί</span> <span class='ocrx_word' id='word_1_155' title='bbox 2997 1333 3090 1370; x_wconf 91' lang='grc' dir='ltr'><strong>σου</strong></span> <span class='ocrx_word' id='word_1_156' title='bbox 3136 1319 3233 1388; x_wconf 79' lang='grc' dir='ltr'>τήν</span> <span class='ocrx_word' id='word_1_157' title='bbox 3280 1316 3522 1388; x_wconf 82' lang='grc' dir='ltr'>θερμὴν,</span> <span class='ocrx_word' id='word_1_158' title='bbox 3571 1320 3662 1371; x_wconf 78' lang='grc' dir='ltr'>καὶ</span> <span class='ocrx_word' id='word_1_159' title='bbox 3711 1320 4030 1389; x_wconf 75' lang='grc' dir='ltr'>πτιιιχεῦσαι</span> 
     </span>
    </p>
   </div>
   <div class='ocr_carea' id='block_1_27' title="bbox 2456 1409 4033 1482">
    <p class='ocr_par' dir='ltr' id='par_1_27' title="bbox 2456 1409 4033 1482">
     <span class='ocr_line' id='line_1_27' title="bbox 2456 1409 4033 1482; baseline 0.001 -18"><span class='ocrx_word' id='word_1_160' title='bbox 2456 1410 2566 1464; x_wconf 88' lang='grc' dir='ltr'><strong>τῶν</strong></span> <span class='ocrx_word' id='word_1_161' title='bbox 2613 1409 2882 1482; x_wconf 76' lang='grc' dir='ltr'><strong>δακρύων,</strong></span> <span class='ocrx_word' id='word_1_162' title='bbox 2929 1409 2986 1460; x_wconf 80' lang='grc' dir='ltr'>ὲν</span> <span class='ocrx_word' id='word_1_163' title='bbox 3035 1409 3242 1472; x_wconf 80' lang='grc' dir='ltr'><strong>τούτοις</strong></span> <span class='ocrx_word' id='word_1_164' title='bbox 3289 1409 3582 1480; x_wconf 85' lang='grc' dir='ltr'>διάσκησον</span> <span class='ocrx_word' id='word_1_165' title='bbox 3633 1414 3878 1475; x_wconf 76' lang='grc' dir='ltr'>σεαυτὸν,</span> <span class='ocrx_word' id='word_1_166' title='bbox 3932 1431 4033 1467; x_wconf 83' lang='grc' dir='ltr'><strong>και</strong></span> 
     </span>
    </p>
   </div>
   <div class='ocr_carea' id='block_1_28' title="bbox 2462 1494 4034 1574">
    <p class='ocr_par' dir='ltr' id='par_1_28' title="bbox 2462 1494 4034 1574">
     <span class='ocr_line' id='line_1_28' title="bbox 2462 1494 4034 1574; baseline 0.003 -20"><span class='ocrx_word' id='word_1_167' title='bbox 2462 1501 2730 1572; x_wconf 84' lang='grc' dir='ltr'>μακάριος</span> <span class='ocrx_word' id='word_1_168' title='bbox 2773 1496 2847 1566; x_wconf 82' lang='grc' dir='ltr'>εἷ,</span> <span class='ocrx_word' id='word_1_169' title='bbox 2879 1494 2925 1554; x_wconf 79' lang='grc' dir='ltr'><strong>ὦ</strong></span> <span class='ocrx_word' id='word_1_170' title='bbox 2961 1498 3236 1570; x_wconf 82' lang='grc' dir='ltr'><strong>ἄνθρωπε,</strong></span> <span class='ocrx_word' id='word_1_171' title='bbox 3289 1501 3385 1554; x_wconf 82' lang='grc' dir='ltr'><strong>ὲάν</strong></span> <span class='ocrx_word' id='word_1_172' title='bbox 3418 1506 3704 1574; x_wconf 70' lang='grc' dir='ltr'><strong>φροντίσῃς</strong></span> <span class='ocrx_word' id='word_1_173' title='bbox 3736 1505 3845 1558; x_wconf 87' lang='grc' dir='ltr'><strong>τῶν</strong></span> <span class='ocrx_word' id='word_1_174' title='bbox 3875 1507 4034 1574; x_wconf 81' lang='grc' dir='ltr'>λεγο-</span> 
     </span>
    </p>
   </div>
   <div class='ocr_carea' id='block_1_29' title="bbox 2463 1593 4033 1667">
    <p class='ocr_par' dir='ltr' id='par_1_29' title="bbox 2463 1593 4033 1667">
     <span class='ocr_line' id='line_1_29' title="bbox 2463 1593 4033 1667; baseline 0.001 -20"><span class='ocrx_word' id='word_1_175' title='bbox 2463 1594 2639 1665; x_wconf 83' lang='grc' dir='ltr'>μένων</span> <span class='ocrx_word' id='word_1_176' title='bbox 2669 1610 2753 1647; x_wconf 89' lang='grc' dir='ltr'><strong>σοι</strong></span> <span class='ocrx_word' id='word_1_177' title='bbox 2773 1593 2963 1656; x_wconf 74' lang='grc' dir='ltr'>νυκτὸς</span> <span class='ocrx_word' id='word_1_178' title='bbox 2995 1593 3092 1645; x_wconf 75' lang='grc' dir='ltr'>καὶ</span> <span class='ocrx_word' id='word_1_179' title='bbox 3117 1593 3325 1664; x_wconf 68' lang='grc' dir='ltr'>ἡμέρας</span> <span class='ocrx_word' id='word_1_180' title='bbox 3343 1633 3358 1658; x_wconf 95' lang='grc'><strong>,</strong></span> <span class='ocrx_word' id='word_1_181' title='bbox 3383 1596 3473 1646; x_wconf 76' lang='grc' dir='ltr'>καὶ</span> <span class='ocrx_word' id='word_1_182' title='bbox 3505 1595 3670 1666; x_wconf 73' lang='grc' dir='ltr'>μηδὲν</span> <span class='ocrx_word' id='word_1_183' title='bbox 3695 1597 3880 1667; x_wconf 72' lang='grc' dir='ltr'>ἕτερον</span> <span class='ocrx_word' id='word_1_184' title='bbox 3910 1595 4033 1664; x_wconf 84' lang='grc' dir='ltr'>μετ’</span> 
     </span>
    </p>
   </div>
   <div class='ocr_carea' id='block_1_30' title="bbox 2459 1683 4034 1757">
    <p class='ocr_par' dir='ltr' id='par_1_30' title="bbox 2459 1683 4034 1757">
     <span class='ocr_line' id='line_1_30' title="bbox 2459 1683 4034 1757; baseline 0.001 -19"><span class='ocrx_word' id='word_1_185' title='bbox 2459 1683 2640 1739; x_wconf 75' lang='grc' dir='ltr'>αὐτῶν</span> <span class='ocrx_word' id='word_1_186' title='bbox 2673 1685 2933 1757; x_wconf 74' lang='grc' dir='ltr'>ζητήσῃς.</span> <span class='ocrx_word' id='word_1_187' title='bbox 2985 1683 3117 1736; x_wconf 86' lang='grc' dir='ltr'>Τότε</span> <span class='ocrx_word' id='word_1_188' title='bbox 3155 1684 3262 1754; x_wconf 79' lang='grc' dir='ltr'><strong>γὰρ</strong></span> <span class='ocrx_word' id='word_1_189' title='bbox 3302 1687 3550 1738; x_wconf 86' lang='grc' dir='ltr'>ἀνατελεί</span> <span class='ocrx_word' id='word_1_190' title='bbox 3585 1702 3666 1739; x_wconf 90' lang='grc' dir='ltr'><strong>σοι</strong></span> <span class='ocrx_word' id='word_1_191' title='bbox 3693 1687 3755 1740; x_wconf 85' lang='grc' dir='ltr'>τὸ</span> <span class='ocrx_word' id='word_1_192' title='bbox 3784 1687 3900 1755; x_wconf 75' lang='grc' dir='ltr'><strong>φῶς</strong></span> <span class='ocrx_word' id='word_1_193' title='bbox 3947 1687 4034 1740; x_wconf 78' lang='grc' dir='ltr'><strong>ἔν-</strong></span> 
     </span>
    </p>
   </div>
   <div class='ocr_carea' id='block_1_31' title="bbox 2461 1775 4033 1849">
    <p class='ocr_par' dir='ltr' id='par_1_31' title="bbox 2461 1775 4033 1849">
     <span class='ocr_line' id='line_1_31' title="bbox 2461 1775 4033 1849; baseline 0.003 -19"><span class='ocrx_word' id='word_1_194' title='bbox 2461 1775 2614 1830; x_wconf 80' lang='grc' dir='ltr'>δοθέν</span> <span class='ocrx_word' id='word_1_195' title='bbox 2651 1793 2771 1842; x_wconf 90' lang='grc' dir='ltr'>σου,</span> <span class='ocrx_word' id='word_1_196' title='bbox 2802 1776 2897 1829; x_wconf 78' lang='grc' dir='ltr'>καὶ</span> <span class='ocrx_word' id='word_1_197' title='bbox 2924 1777 2958 1846; x_wconf 77' lang='grc' dir='ltr'><strong>ἡ</strong></span> <span class='ocrx_word' id='word_1_198' title='bbox 2992 1775 3302 1848; x_wconf 82' lang='grc' dir='ltr'><strong>δικαιοσύνη</strong></span> <span class='ocrx_word' id='word_1_199' title='bbox 3337 1793 3430 1829; x_wconf 90' lang='grc' dir='ltr'><strong>σου</strong></span> <span class='ocrx_word' id='word_1_200' title='bbox 3463 1777 3668 1848; x_wconf 83' lang='grc' dir='ltr'>ταχέως</span> <span class='ocrx_word' id='word_1_201' title='bbox 3707 1779 4033 1849; x_wconf 77' lang='grc' dir='ltr'>ἐπιλάμψει.</span> 
     </span>
    </p>
   </div>
   <div class='ocr_carea' id='block_1_32' title="bbox 795 1847 2457 1941">
    <p class='ocr_par' dir='ltr' id='par_1_32' title="bbox 795 1847 2436 1932">
     <span class='ocr_line' id='line_1_32' title="bbox 795 1847 2436 1932; baseline 0 -16"><span class='ocrx_word' id='word_1_202' title='bbox 795 1879 958 1932; x_wconf 82' lang='lat' dir='ltr'><strong>quant</strong></span> <span class='ocrx_word' id='word_1_203' title='bbox 1018 1862 1304 1922; x_wconf 81' lang='lat' dir='ltr'><strong>paradisus</strong></span> <span class='ocrx_word' id='word_1_204' title='bbox 1353 1859 1600 1924; x_wconf 82' lang='lat' dir='ltr'><strong>ﬂoridus,</strong></span> <span class='ocrx_word' id='word_1_205' title='bbox 1649 1868 1703 1915; x_wconf 93' lang='lat' dir='ltr'><strong>et</strong></span> <span class='ocrx_word' id='word_1_206' title='bbox 1754 1860 1878 1914; x_wconf 80' lang='lat' dir='ltr'><strong>fons</strong></span> <span class='ocrx_word' id='word_1_207' title='bbox 1908 1862 2160 1918; x_wconf 68' lang='lat' dir='ltr'><strong>perennis</strong></span> <span class='ocrx_word' id='word_1_208' title='bbox 2193 1876 2362 1916; x_wconf 87' lang='lat' dir='ltr'><strong>aeua-</strong></span> <span class='ocrx_word' id='word_1_209' title='bbox 2393 1847 2436 1902; x_wconf 76' lang='grc' dir='ltr'><strong>Β</strong></span> 
     </span>
    </p>
   </div>
   <div class='ocr_carea' id='block_1_33' title="bbox 2370 1847 4032 1941">
    <p class='ocr_par' dir='ltr' id='par_1_33' title="bbox 2393 1847 4032 1941">
     <span class='ocr_line' id='line_1_33' title="bbox 2393 1847 4032 1941; baseline 0.002 -20"><span class='ocrx_word' id='word_1_210' title='bbox 2393 1847 2436 1902; x_wconf 72' lang='grc' dir='ltr'><strong>Β</strong></span> <span class='ocrx_word' id='word_1_211' title='bbox 2466 1871 2560 1922; x_wconf 75' lang='grc' dir='ltr'>καὶ</span> <span class='ocrx_word' id='word_1_212' title='bbox 2588 1869 2792 1940; x_wconf 76' lang='grc' dir='ltr'>γενήσῃ</span> <span class='ocrx_word' id='word_1_213' title='bbox 2822 1867 2900 1931; x_wconf 84' lang='grc' dir='ltr'><strong>ὡς</strong></span> <span class='ocrx_word' id='word_1_214' title='bbox 2930 1867 3254 1938; x_wconf 78' lang='grc' dir='ltr'>παράδεισος</span> <span class='ocrx_word' id='word_1_215' title='bbox 3283 1847 3624 1938; x_wconf 63' lang='grc' dir='ltr'>ἠνθισμένος,</span> <span class='ocrx_word' id='word_1_216' title='bbox 3651 1870 3747 1922; x_wconf 77' lang='grc' dir='ltr'>καὶ</span> <span class='ocrx_word' id='word_1_217' title='bbox 3771 1871 3848 1934; x_wconf 83' lang='grc' dir='ltr'><strong>ῶς</strong></span> 
     </span>
    </p>
   </div>
   <div class='ocr_carea' id='block_1_34' title="bbox 1403 2043 1738 2099">
    <p class='ocr_par' dir='ltr' id='par_1_34' title="bbox 1403 2043 1738 2099">
     <span class='ocr_line' id='line_1_34' title="bbox 1403 2043 1738 2099; baseline -0.003 0"><span class='ocrx_word' id='word_1_218' title='bbox 1403 2043 1652 2099; x_wconf 79' lang='lat' dir='ltr'><strong>Scholion</strong></span> <span class='ocrx_word' id='word_1_219' title='bbox 1685 2045 1738 2099; x_wconf 71' lang='grc'>4.</span> 
     </span>
    </p>
   </div>
   <div class='ocr_carea' id='block_1_35' title="bbox 866 2134 2365 2207">
    <p class='ocr_par' dir='ltr' id='par_1_35' title="bbox 866 2134 2365 2207">
     <span class='ocr_line' id='line_1_35' title="bbox 866 2134 2365 2207; baseline -0.001 -16"><span class='ocrx_word' id='word_1_220' title='bbox 866 2137 1118 2191; x_wconf 82' lang='lat' dir='ltr'><strong>Animam</strong></span> <span class='ocrx_word' id='word_1_221' title='bbox 1157 2136 1223 2190; x_wconf 86' lang='lat' dir='ltr'><strong>ad</strong></span> <span class='ocrx_word' id='word_1_222' title='bbox 1251 2145 1476 2188; x_wconf 89' lang='lat' dir='ltr'><strong>mortem</strong></span> <span class='ocrx_word' id='word_1_223' title='bbox 1523 2134 1855 2204; x_wconf 88' lang='lat' dir='ltr'><strong>spiritualem</strong></span> <span class='ocrx_word' id='word_1_224' title='bbox 1911 2146 2238 2207; x_wconf 71' lang='lat' dir='ltr'><strong>vergentem,</strong></span> <span class='ocrx_word' id='word_1_225' title='bbox 2298 2136 2365 2190; x_wconf 89' lang='lat' dir='ltr'><strong>ad</strong></span> 
     </span>
    </p>
   </div>
   <div class='ocr_carea' id='block_1_36' title="bbox 797 2222 2224 2290">
    <p class='ocr_par' dir='ltr' id='par_1_36' title="bbox 797 2222 2224 2290">
     <span class='ocr_line' id='line_1_36' title="bbox 797 2222 2224 2290; baseline -0.001 -12"><span class='ocrx_word' id='word_1_226' title='bbox 797 2235 1054 2280; x_wconf 82' lang='lat' dir='ltr'><strong>:eternam</strong></span> <span class='ocrx_word' id='word_1_227' title='bbox 1095 2223 1259 2278; x_wconf 79' lang='lat' dir='ltr'><strong>vitam</strong></span> <span class='ocrx_word' id='word_1_228' title='bbox 1293 2232 1549 2290; x_wconf 91' lang='lat' dir='ltr'><strong>tanquam</strong></span> <span class='ocrx_word' id='word_1_229' title='bbox 1585 2222 1854 2290; x_wconf 80' lang='lat' dir='ltr'><strong>propriam</strong></span> <span class='ocrx_word' id='word_1_230' title='bbox 1888 2233 2224 2278; x_wconf 81' lang='lat' dir='ltr'><strong>revocantes.</strong></span> 
     </span>
    </p>
   </div>
   <div class='ocr_carea' id='block_1_37' title="bbox 1333 2398 1705 2472">
    <p class='ocr_par' dir='ltr' id='par_1_37' title="bbox 1333 2398 1705 2472">
     <span class='ocr_line' id='line_1_37' title="bbox 1333 2398 1705 2472; baseline 0 -20"><span class='ocrx_word' id='word_1_231' title='bbox 1333 2398 1493 2472; x_wconf 63' lang='lat'><strong>135</strong></span> <span class='ocrx_word' id='word_1_232' title='bbox 1523 2399 1705 2452; x_wconf 79' lang='lat' dir='ltr'><strong>Aliud.</strong></span> 
     </span>
    </p>
   </div>
   <div class='ocr_carea' id='block_1_38' title="bbox 875 2495 2368 2565">
    <p class='ocr_par' dir='ltr' id='par_1_38' title="bbox 875 2495 2368 2565">
     <span class='ocr_line' id='line_1_38' title="bbox 875 2495 2368 2565; baseline 0.002 -14"><span class='ocrx_word' id='word_1_233' title='bbox 875 2498 1126 2553; x_wconf 82' lang='lat' dir='ltr'><strong>Animam</strong></span> <span class='ocrx_word' id='word_1_234' title='bbox 1191 2495 1336 2550; x_wconf 91' lang='lat' dir='ltr'><strong>enim</strong></span> <span class='ocrx_word' id='word_1_235' title='bbox 1401 2510 1555 2548; x_wconf 86' lang='lat' dir='ltr'><strong>suam</strong></span> <span class='ocrx_word' id='word_1_236' title='bbox 1619 2508 1714 2565; x_wconf 90' lang='lat' dir='ltr'><strong>per</strong></span> <span class='ocrx_word' id='word_1_237' title='bbox 1779 2505 2059 2564; x_wconf 88' lang='lat' dir='ltr'><strong>peccatum</strong></span> <span class='ocrx_word' id='word_1_238' title='bbox 2099 2507 2368 2554; x_wconf 81' lang='lat' dir='ltr'><strong>mortuam</strong></span> 
     </span>
    </p>
   </div>
   <div class='ocr_carea' id='block_1_39' title="bbox 804 2587 2370 2658">
    <p class='ocr_par' dir='ltr' id='par_1_39' title="bbox 804 2587 2370 2658">
     <span class='ocr_line' id='line_1_39' title="bbox 804 2587 2370 2658; baseline -0.001 -12"><span class='ocrx_word' id='word_1_239' title='bbox 804 2592 1134 2646; x_wconf 80' lang='lat' dir='ltr'><strong>revocabant</strong></span> <span class='ocrx_word' id='word_1_240' title='bbox 1181 2589 1250 2644; x_wconf 91' lang='lat' dir='ltr'><strong>ad</strong></span> <span class='ocrx_word' id='word_1_241' title='bbox 1305 2588 1564 2641; x_wconf 89' lang='lat' dir='ltr'><strong>virtutum</strong></span> <span class='ocrx_word' id='word_1_242' title='bbox 1634 2587 1798 2640; x_wconf 80' lang='lat' dir='ltr'><strong>vitam</strong></span> <span class='ocrx_word' id='word_1_243' title='bbox 1851 2603 2012 2657; x_wconf 90' lang='lat' dir='ltr'><strong>quam</strong></span> <span class='ocrx_word' id='word_1_244' title='bbox 2045 2590 2194 2658; x_wconf 84' lang='lat' dir='ltr'><strong>prius</strong></span> <span class='ocrx_word' id='word_1_245' title='bbox 2225 2591 2370 2646; x_wconf 88' lang='lat' dir='ltr'><strong>vive-</strong></span> 
     </span>
    </p>
   </div>
   <div class='ocr_carea' id='block_1_40' title="bbox 802 2686 949 2738">
    <p class='ocr_par' dir='ltr' id='par_1_40' title="bbox 802 2686 949 2738">
     <span class='ocr_line' id='line_1_40' title="bbox 802 2686 949 2738; baseline -0.007 0"><span class='ocrx_word' id='word_1_246' title='bbox 802 2686 949 2738; x_wconf 89' lang='lat' dir='ltr'><strong>bant.</strong></span> 
     </span>
    </p>
   </div>
   <div class='ocr_carea' id='block_1_41' title="bbox 1411 2772 1742 2827">
    <p class='ocr_par' dir='ltr' id='par_1_41' title="bbox 1411 2772 1742 2827">
     <span class='ocr_line' id='line_1_41' title="bbox 1411 2772 1742 2827; baseline -0.006 0"><span class='ocrx_word' id='word_1_247' title='bbox 1411 2772 1660 2827; x_wconf 77' lang='lat' dir='ltr'><strong>Scholion</strong></span> <span class='ocrx_word' id='word_1_248' title='bbox 1687 2772 1742 2826; x_wconf 87' lang='lat'><strong>5.</strong></span> 
     </span>
    </p>
   </div>
   <div class='ocr_carea' id='block_1_42' title="bbox 875 2863 2375 2933">
    <p class='ocr_par' dir='ltr' id='par_1_42' title="bbox 875 2863 2375 2933">
     <span class='ocr_line' id='line_1_42' title="bbox 875 2863 2375 2933; baseline -0.002 -14"><span class='ocrx_word' id='word_1_249' title='bbox 875 2864 1092 2920; x_wconf 86' lang='lat' dir='ltr'><strong>Stimuli</strong></span> <span class='ocrx_word' id='word_1_250' title='bbox 1125 2863 1271 2918; x_wconf 89' lang='lat' dir='ltr'><strong>enim</strong></span> <span class='ocrx_word' id='word_1_251' title='bbox 1300 2863 1648 2918; x_wconf 66' lang='lat' dir='ltr'><strong>conscientia:</strong></span> <span class='ocrx_word' id='word_1_252' title='bbox 1679 2872 1874 2930; x_wconf 76' lang='lat' dir='ltr'><strong>urgent</strong></span> <span class='ocrx_word' id='word_1_253' title='bbox 1899 2877 2131 2932; x_wconf 89' lang='lat' dir='ltr'><strong>semper,</strong></span> <span class='ocrx_word' id='word_1_254' title='bbox 2182 2877 2375 2933; x_wconf 89' lang='lat' dir='ltr'><strong>quam-</strong></span> 
     </span>
    </p>
   </div>
   <div class='ocr_carea' id='block_1_43' title="bbox 809 2951 2374 3022">
    <p class='ocr_par' dir='ltr' id='par_1_43' title="bbox 809 2951 2374 3022">
     <span class='ocr_line' id='line_1_43' title="bbox 809 2951 2374 3022; baseline 0 -14"><span class='ocrx_word' id='word_1_255' title='bbox 809 2955 891 3008; x_wconf 84' lang='lat' dir='ltr'><strong>vis</strong></span> <span class='ocrx_word' id='word_1_256' title='bbox 955 2968 1063 3008; x_wconf 94' lang='lat' dir='ltr'><strong>non</strong></span> <span class='ocrx_word' id='word_1_257' title='bbox 1124 2952 1192 3007; x_wconf 88' lang='lat' dir='ltr'><strong>ad</strong></span> <span class='ocrx_word' id='word_1_258' title='bbox 1251 2951 1684 3022; x_wconf 85' lang='lat' dir='ltr'><strong>desperationem</strong></span> <span class='ocrx_word' id='word_1_259' title='bbox 1742 2953 2050 3017; x_wconf 88' lang='lat' dir='ltr'><strong>adducant;</strong></span> <span class='ocrx_word' id='word_1_260' title='bbox 2107 2953 2209 3008; x_wconf 91' lang='lat' dir='ltr'><strong>hoc</strong></span> <span class='ocrx_word' id='word_1_261' title='bbox 2229 2955 2374 3008; x_wconf 90' lang='lat' dir='ltr'><strong>enim</strong></span> 
     </span>
    </p>
   </div>
   <div class='ocr_carea' id='block_1_44' title="bbox 802 3042 2376 3113">
    <p class='ocr_par' dir='ltr' id='par_1_44' title="bbox 802 3042 2376 3113">
     <span class='ocr_line' id='line_1_44' title="bbox 802 3042 2376 3113; baseline -0.003 -11"><span class='ocrx_word' id='word_1_262' title='bbox 802 3050 1109 3102; x_wconf 63' lang='lat' dir='ltr'><strong>daemonum</strong></span> <span class='ocrx_word' id='word_1_263' title='bbox 1161 3051 1246 3098; x_wconf 90' lang='lat' dir='ltr'><strong>est</strong></span> <span class='ocrx_word' id='word_1_264' title='bbox 1295 3042 1555 3106; x_wconf 80' lang='lat' dir='ltr'><strong>studium,</strong></span> <span class='ocrx_word' id='word_1_265' title='bbox 1604 3053 1663 3097; x_wconf 93' lang='lat' dir='ltr'><strong>ut</strong></span> <span class='ocrx_word' id='word_1_266' title='bbox 1687 3059 1963 3113; x_wconf 88' lang='lat' dir='ltr'><strong>nunquam</strong></span> <span class='ocrx_word' id='word_1_267' title='bbox 2001 3043 2183 3098; x_wconf 87' lang='lat' dir='ltr'><strong>sinant</strong></span> <span class='ocrx_word' id='word_1_268' title='bbox 2225 3059 2376 3099; x_wconf 82' lang='lat' dir='ltr'><strong>men-</strong></span> 
     </span>
    </p>
   </div>
   <div class='ocr_carea' id='block_1_45' title="bbox 2468 1956 3022 2028">
    <p class='ocr_par' dir='ltr' id='par_1_45' title="bbox 2468 1956 3022 2028">
     <span class='ocr_line' id='line_1_45' title="bbox 2468 1956 3022 2028; baseline -0.007 -16"><span class='ocrx_word' id='word_1_269' title='bbox 2468 1959 2676 2012; x_wconf 83' lang='grc' dir='ltr'>ὑδάτων</span> <span class='ocrx_word' id='word_1_270' title='bbox 2710 1956 3022 2028; x_wconf 76' lang='grc' dir='ltr'>ἀνελλιπὴς.</span> 
     </span>
    </p>
   </div>
   <div class='ocr_carea' id='block_1_46' title="bbox 3058 2049 3421 2120">
    <p class='ocr_par' dir='ltr' id='par_1_46' title="bbox 3058 2049 3421 2120">
     <span class='ocr_line' id='line_1_46' title="bbox 3058 2049 3421 2120; baseline 0 -18"><span class='ocrx_word' id='word_1_271' title='bbox 3058 2052 3311 2120; x_wconf 72' lang='grc' dir='ltr'>Σχόλιον</span> <span class='ocrx_word' id='word_1_272' title='bbox 3360 2049 3421 2103; x_wconf 90' lang='grc' dir='ltr'>δ’.</span> 
     </span>
    </p>
   </div>
   <div class='ocr_carea' id='block_1_47' title="bbox 2535 2138 4035 2217">
    <p class='ocr_par' dir='ltr' id='par_1_47' title="bbox 2535 2138 4035 2217">
     <span class='ocr_line' id='line_1_47' title="bbox 2535 2138 4035 2217; baseline 0 -23"><span class='ocrx_word' id='word_1_273' title='bbox 2535 2139 2648 2211; x_wconf 78' lang='grc' dir='ltr'><strong>Τὴν</strong></span> <span class='ocrx_word' id='word_1_274' title='bbox 2683 2138 2862 2217; x_wconf 75' lang='grc' dir='ltr'>ψυχὴν</span> <span class='ocrx_word' id='word_1_275' title='bbox 2892 2139 3027 2210; x_wconf 83' lang='grc' dir='ltr'>πρὸς</span> <span class='ocrx_word' id='word_1_276' title='bbox 3057 2143 3149 2195; x_wconf 77' lang='grc' dir='ltr'>τὸν</span> <span class='ocrx_word' id='word_1_277' title='bbox 3182 2142 3368 2214; x_wconf 84' lang='grc' dir='ltr'>νοητὸν</span> <span class='ocrx_word' id='word_1_278' title='bbox 3401 2146 3772 2199; x_wconf 84' lang='grc' dir='ltr'>ἀπονεύσασαν</span> <span class='ocrx_word' id='word_1_279' title='bbox 3799 2145 4035 2200; x_wconf 65' lang='grc' dir='ltr'>θάνατον</span> 
     </span>
    </p>
   </div>
   <div class='ocr_carea' id='block_1_48' title="bbox 2467 2232 4032 2306">
    <p class='ocr_par' dir='ltr' id='par_1_48' title="bbox 2467 2232 4032 2306">
     <span class='ocr_line' id='line_1_48' title="bbox 2467 2232 4032 2306; baseline 0.003 -21"><span class='ocrx_word' id='word_1_280' title='bbox 2467 2233 2559 2286; x_wconf 71' lang='grc' dir='ltr'><strong>ἐπὶ</strong></span> <span class='ocrx_word' id='word_1_281' title='bbox 2607 2233 2708 2304; x_wconf 75' lang='grc' dir='ltr'>τὴν</span> <span class='ocrx_word' id='word_1_282' title='bbox 2762 2232 2932 2287; x_wconf 78' lang='grc' dir='ltr'>ἀΐδιον</span> <span class='ocrx_word' id='word_1_283' title='bbox 2988 2235 3496 2306; x_wconf 85' lang='grc' dir='ltr'>προσκαλουμένους</span> <span class='ocrx_word' id='word_1_284' title='bbox 3559 2237 3701 2305; x_wconf 75' lang='grc' dir='ltr'>ζωὴν</span> <span class='ocrx_word' id='word_1_285' title='bbox 3759 2239 3836 2300; x_wconf 86' lang='grc' dir='ltr'><strong>ῶς</strong></span> <span class='ocrx_word' id='word_1_286' title='bbox 3895 2239 4032 2304; x_wconf 70' lang='grc' dir='ltr'>πρὸς</span> 
     </span>
    </p>
   </div>
   <div class='ocr_carea' id='block_1_49' title="bbox 2469 2329 2626 2383">
    <p class='ocr_par' dir='ltr' id='par_1_49' title="bbox 2469 2329 2626 2383">
     <span class='ocr_line' id='line_1_49' title="bbox 2469 2329 2626 2383; baseline -0.013 0"><span class='ocrx_word' id='word_1_287' title='bbox 2469 2329 2626 2383; x_wconf 76' lang='grc' dir='ltr'>ἰδίαν.</span> 
     </span>
    </p>
   </div>
   <div class='ocr_carea' id='block_1_50' title="bbox 3150 2421 3356 2476">
    <p class='ocr_par' dir='ltr' id='par_1_50' title="bbox 3150 2421 3356 2476">
     <span class='ocr_line' id='line_1_50' title="bbox 3150 2421 3356 2476; baseline 0.01 -2"><span class='ocrx_word' id='word_1_288' title='bbox 3150 2421 3356 2476; x_wconf 69' lang='grc' dir='ltr'>Ἄλλο.</span> 
     </span>
    </p>
   </div>
   <div class='ocr_carea' id='block_1_51' title="bbox 2537 2504 4037 2586">
    <p class='ocr_par' dir='ltr' id='par_1_51' title="bbox 2537 2504 4037 2586">
     <span class='ocr_line' id='line_1_51' title="bbox 2537 2504 4037 2586; baseline 0 -20"><span class='ocrx_word' id='word_1_289' title='bbox 2537 2513 2637 2568; x_wconf 84' lang='grc' dir='ltr'>Διά</span> <span class='ocrx_word' id='word_1_290' title='bbox 2661 2511 2770 2584; x_wconf 76' lang='grc' dir='ltr'><strong>γὰρ</strong></span> <span class='ocrx_word' id='word_1_291' title='bbox 2813 2513 2916 2584; x_wconf 78' lang='grc' dir='ltr'>τῆς</span> <span class='ocrx_word' id='word_1_292' title='bbox 2959 2512 3234 2585; x_wconf 81' lang='grc' dir='ltr'>ἁμαρτίας</span> <span class='ocrx_word' id='word_1_293' title='bbox 3275 2504 3646 2568; x_wconf 85' lang='grc' dir='ltr'>ἀποθανουσαν</span> <span class='ocrx_word' id='word_1_294' title='bbox 3677 2520 3776 2586; x_wconf 74' lang='grc' dir='ltr'>τὴν</span> <span class='ocrx_word' id='word_1_295' title='bbox 3823 2514 4037 2567; x_wconf 79' lang='grc' dir='ltr'>ἑαυτῶν</span> 
     </span>
    </p>
   </div>
   <div class='ocr_carea' id='block_1_52' title="bbox 2469 2592 4039 2676">
    <p class='ocr_par' dir='ltr' id='par_1_52' title="bbox 2469 2592 4039 2676">
     <span class='ocr_line' id='line_1_52' title="bbox 2469 2592 4039 2676; baseline -0.003 -18"><span class='ocrx_word' id='word_1_296' title='bbox 2469 2604 2644 2676; x_wconf 56' lang='grc' dir='ltr'>ψυχὴν</span> <span class='ocrx_word' id='word_1_297' title='bbox 2686 2603 3046 2658; x_wconf 80' lang='grc' dir='ltr'>ἀνεκαλοῦντο</span> <span class='ocrx_word' id='word_1_298' title='bbox 3078 2592 3212 2673; x_wconf 82' lang='grc' dir='ltr'>πρὸς</span> <span class='ocrx_word' id='word_1_299' title='bbox 3241 2601 3338 2674; x_wconf 73' lang='grc' dir='ltr'>τὴν</span> <span class='ocrx_word' id='word_1_300' title='bbox 3379 2603 3499 2656; x_wconf 88' lang='grc' dir='ltr'>κατ’</span> <span class='ocrx_word' id='word_1_301' title='bbox 3544 2602 3741 2672; x_wconf 75' lang='grc' dir='ltr'>ἀρετὴν</span> <span class='ocrx_word' id='word_1_302' title='bbox 3768 2601 3938 2672; x_wconf 75' lang='grc' dir='ltr'>ζωὴν,</span> <span class='ocrx_word' id='word_1_303' title='bbox 3970 2604 4039 2670; x_wconf 65' lang='grc' dir='ltr'>ἣν</span> 
     </span>
    </p>
   </div>
   <div class='ocr_carea' id='block_1_53' title="bbox 2472 2695 3014 2766">
    <p class='ocr_par' dir='ltr' id='par_1_53' title="bbox 2472 2695 3014 2766">
     <span class='ocr_line' id='line_1_53' title="bbox 2472 2695 3014 2766; baseline 0 -17"><span class='ocrx_word' id='word_1_304' title='bbox 2472 2699 2606 2761; x_wconf 71' lang='grc' dir='ltr'>ἔζων</span> <span class='ocrx_word' id='word_1_305' title='bbox 2635 2695 2697 2749; x_wconf 71' lang='grc' dir='ltr'>τὸ</span> <span class='ocrx_word' id='word_1_306' title='bbox 2731 2695 3014 2766; x_wconf 84' lang='grc' dir='ltr'>πρότερον.</span> 
     </span>
    </p>
   </div>
   <div class='ocr_carea' id='block_1_54' title="bbox 3079 2787 3410 2854">
    <p class='ocr_par' dir='ltr' id='par_1_54' title="bbox 3079 2787 3410 2854">
     <span class='ocr_line' id='line_1_54' title="bbox 3079 2787 3410 2854; baseline -0.006 -14"><span class='ocrx_word' id='word_1_307' title='bbox 3079 2789 3126 2840; x_wconf 84' lang='grc' dir='ltr'><strong><em>Σ</em></strong></span> <span class='ocrx_word' id='word_1_308' title='bbox 3126 2787 3336 2854; x_wconf 77' lang='grc' dir='ltr'>χόλιον</span> <span class='ocrx_word' id='word_1_309' title='bbox 3375 2795 3410 2838; x_wconf 84' lang='grc' dir='ltr'>ε’</span> 
     </span>
    </p>
   </div>
   <div class='ocr_carea' id='block_1_55' title="bbox 2547 2878 4038 2953">
    <p class='ocr_par' dir='ltr' id='par_1_55' title="bbox 2547 2878 4038 2953">
     <span class='ocr_line' id='line_1_55' title="bbox 2547 2878 4038 2953; baseline 0.001 -21"><span class='ocrx_word' id='word_1_310' title='bbox 2547 2878 2611 2933; x_wconf 77' lang='lat' dir='ltr'><strong>El</strong></span> <span class='ocrx_word' id='word_1_311' title='bbox 2647 2879 2721 2953; x_wconf 79' lang='grc' dir='ltr'><strong>[οἱ</strong></span> <span class='ocrx_word' id='word_1_312' title='bbox 2752 2881 2828 2935; x_wconf 75' lang='lat' dir='ltr'><strong>vel</strong></span> <span class='ocrx_word' id='word_1_313' title='bbox 2854 2879 2982 2951; x_wconf 73' lang='grc' dir='ltr'>εἰσί]</span> <span class='ocrx_word' id='word_1_314' title='bbox 3026 2882 3134 2951; x_wconf 85' lang='grc' dir='ltr'><strong>γὰρ</strong></span> <span class='ocrx_word' id='word_1_315' title='bbox 3165 2881 3259 2932; x_wconf 81' lang='grc' dir='ltr'>τοῦ</span> <span class='ocrx_word' id='word_1_316' title='bbox 3290 2880 3582 2943; x_wconf 77' lang='grc' dir='ltr'>συνειδότος</span> <span class='ocrx_word' id='word_1_317' title='bbox 3628 2881 3864 2949; x_wconf 77' lang='grc' dir='ltr'>συνεχεῖς</span> <span class='ocrx_word' id='word_1_318' title='bbox 3890 2879 4038 2949; x_wconf 71' lang='grc' dir='ltr'><strong>ελεγ⁶</strong></span> 
     </span>
    </p>
   </div>
   <div class='ocr_carea' id='block_1_56' title="bbox 2474 2971 4039 3043">
    <p class='ocr_par' dir='ltr' id='par_1_56' title="bbox 2474 2971 4039 3043">
     <span class='ocr_line' id='line_1_56' title="bbox 2474 2971 4039 3043; baseline 0 -19"><span class='ocrx_word' id='word_1_319' title='bbox 2474 2989 2578 3043; x_wconf 88' lang='grc' dir='ltr'>χοι,</span> <span class='ocrx_word' id='word_1_320' title='bbox 2608 2975 2657 3026; x_wconf 82' lang='grc' dir='ltr'>ει</span> <span class='ocrx_word' id='word_1_321' title='bbox 2685 2973 2777 3026; x_wconf 75' lang='grc' dir='ltr'><strong>καὶ</strong></span> <span class='ocrx_word' id='word_1_322' title='bbox 2811 2972 2887 3043; x_wconf 75' lang='grc' dir='ltr'>μὴ</span> <span class='ocrx_word' id='word_1_323' title='bbox 2920 2975 2998 3036; x_wconf 82' lang='grc' dir='ltr'>εἰς</span> <span class='ocrx_word' id='word_1_324' title='bbox 3024 2972 3331 3041; x_wconf 77' lang='grc' dir='ltr'>ἀπόγνωσιν</span> <span class='ocrx_word' id='word_1_325' title='bbox 3361 2973 3653 3040; x_wconf 71' lang='grc' dir='ltr'>κατάγουσι</span> <span class='ocrx_word' id='word_1_326' title='bbox 3677 2987 3687 2999; x_wconf 67' lang='grc'><strong>⁸</strong></span> <span class='ocrx_word' id='word_1_327' title='bbox 3739 2971 3900 3024; x_wconf 78' lang='grc' dir='ltr'>τοῦτο</span> <span class='ocrx_word' id='word_1_328' title='bbox 3929 2974 4039 3041; x_wconf 69' lang='grc' dir='ltr'><strong>γὰρ</strong></span> 
     </span>
    </p>
   </div>
   <div class='ocr_carea' id='block_1_57' title="bbox 2475 3060 4039 3134">
    <p class='ocr_par' dir='ltr' id='par_1_57' title="bbox 2475 3060 4039 3134">
     <span class='ocr_line' id='line_1_57' title="bbox 2475 3060 4039 3134; baseline -0.001 -17"><span class='ocrx_word' id='word_1_329' title='bbox 2475 3064 2583 3118; x_wconf 88' lang='grc' dir='ltr'><strong>τῶν</strong></span> <span class='ocrx_word' id='word_1_330' title='bbox 2611 3063 2881 3134; x_wconf 79' lang='grc' dir='ltr'>δαιμόνων</span> <span class='ocrx_word' id='word_1_331' title='bbox 2909 3064 3055 3117; x_wconf 72' lang='grc' dir='ltr'>ἐστὶν</span> <span class='ocrx_word' id='word_1_332' title='bbox 3087 3063 3446 3134; x_wconf 79' lang='grc' dir='ltr'>ἐπιτήδευμα·</span> <span class='ocrx_word' id='word_1_333' title='bbox 3485 3063 3582 3115; x_wconf 88' lang='grc' dir='ltr'><strong>ἀλλ</strong></span> <span class='ocrx_word' id='word_1_334' title='bbox 3638 3060 3728 3116; x_wconf 84' lang='grc' dir='ltr'>οὖν</span> <span class='ocrx_word' id='word_1_335' title='bbox 3775 3064 3876 3115; x_wconf 82' lang='grc' dir='ltr'>οὐκ</span> <span class='ocrx_word' id='word_1_336' title='bbox 3906 3066 4039 3117; x_wconf 77' lang='grc' dir='ltr'>ἐῶσι</span> 
     </span>
    </p>
   </div>
   <div class='ocr_carea' id='block_1_58' title="bbox 807 3134 2469 3240">
    <p class='ocr_par' dir='ltr' id='par_1_58' title="bbox 807 3134 2448 3240">
     <span class='ocr_line' id='line_1_58' title="bbox 807 3134 2448 3240; baseline -0.001 -47"><span class='ocrx_word' id='word_1_337' title='bbox 807 3149 913 3193; x_wconf 85' lang='lat' dir='ltr'><strong>tein</strong></span> <span class='ocrx_word' id='word_1_338' title='bbox 963 3137 1234 3207; x_wconf 89' lang='lat' dir='ltr'><strong>respirare</strong></span> <span class='ocrx_word' id='word_1_339' title='bbox 1268 3151 1284 3189; x_wconf 90' lang='lat'><strong>:</strong></span> <span class='ocrx_word' id='word_1_340' title='bbox 1319 3134 1410 3190; x_wconf 89' lang='lat' dir='ltr'><strong>sed</strong></span> <span class='ocrx_word' id='word_1_341' title='bbox 1476 3149 1689 3204; x_wconf 90' lang='lat' dir='ltr'><strong>semper</strong></span> <span class='ocrx_word' id='word_1_342' title='bbox 1727 3135 1975 3201; x_wconf 81' lang='lat' dir='ltr'><strong>exedant,</strong></span> <span class='ocrx_word' id='word_1_343' title='bbox 2005 3136 2070 3189; x_wconf 88' lang='lat' dir='ltr'><strong>ad</strong></span> <span class='ocrx_word' id='word_1_344' title='bbox 2098 3137 2241 3206; x_wconf 79' lang='lat' dir='ltr'><strong>quod</strong></span> <span class='ocrx_word' id='word_1_345' title='bbox 2269 3137 2375 3192; x_wconf 92' lang='lat' dir='ltr'><strong>illis</strong></span> <span class='ocrx_word' id='word_1_346' title='bbox 2402 3177 2448 3240; x_wconf 65' lang='grc' dir='ltr'><strong>Ο</strong></span> 
     </span>
    </p>
   </div>
   <div class='ocr_carea' id='block_1_59' title="bbox 2379 3134 4041 3240">
    <p class='ocr_par' dir='ltr' id='par_1_59' title="bbox 2402 3154 4041 3240">
     <span class='ocr_line' id='line_1_59' title="bbox 2402 3154 4041 3240; baseline -0.002 -30"><span class='ocrx_word' id='word_1_347' title='bbox 2402 3177 2448 3240; x_wconf 78' lang='lat' dir='ltr'><strong><em>C</em></strong></span> <span class='ocrx_word' id='word_1_348' title='bbox 2477 3156 2574 3227; x_wconf 85' lang='grc' dir='ltr'>τὴν</span> <span class='ocrx_word' id='word_1_349' title='bbox 2601 3155 2839 3209; x_wconf 81' lang='grc' dir='ltr'>διάνοιαν</span> <span class='ocrx_word' id='word_1_350' title='bbox 2875 3154 3196 3223; x_wconf 73' lang='grc' dir='ltr'>ἀνασφῆλαι,</span> <span class='ocrx_word' id='word_1_351' title='bbox 3229 3155 3705 3226; x_wconf 79' lang='grc' dir='ltr'>συνδιατρίϐοντες,</span> <span class='ocrx_word' id='word_1_352' title='bbox 3736 3154 3830 3208; x_wconf 77' lang='grc' dir='ltr'>καὶ</span> <span class='ocrx_word' id='word_1_353' title='bbox 3868 3155 4041 3208; x_wconf 72' lang='grc' dir='ltr'>ἐκπυο</span> 
     </span>
    </p>
   </div>
   <div class='ocr_carea' id='block_1_60' title="bbox 807 3236 2375 3308">
    <p class='ocr_par' dir='ltr' id='par_1_60' title="bbox 807 3236 2375 3308">
     <span class='ocr_line' id='line_1_60' title="bbox 807 3236 2375 3308; baseline 0.001 -15"><span class='ocrx_word' id='word_1_354' title='bbox 807 3237 1049 3294; x_wconf 78' lang='lat' dir='ltr'><strong>sumcere</strong></span> <span class='ocrx_word' id='word_1_355' title='bbox 1107 3237 1324 3292; x_wconf 90' lang='lat' dir='ltr'><strong>videtur</strong></span> <span class='ocrx_word' id='word_1_356' title='bbox 1362 3236 1617 3304; x_wconf 81' lang='lat' dir='ltr'><strong>cogitatio</strong></span> <span class='ocrx_word' id='word_1_357' title='bbox 1644 3251 1764 3306; x_wconf 67' lang='lat' dir='ltr'><strong>qua:</strong></span> <span class='ocrx_word' id='word_1_358' title='bbox 1789 3251 1846 3293; x_wconf 89' lang='lat' dir='ltr'><strong>se</strong></span> <span class='ocrx_word' id='word_1_359' title='bbox 1871 3237 2042 3307; x_wconf 85' lang='lat' dir='ltr'><strong>ipsam</strong></span> <span class='ocrx_word' id='word_1_360' title='bbox 2066 3252 2277 3308; x_wconf 86' lang='lat' dir='ltr'><strong>semper</strong></span> <span class='ocrx_word' id='word_1_361' title='bbox 2307 3239 2375 3294; x_wconf 85' lang='lat' dir='ltr'><strong>ad</strong></span> 
     </span>
    </p>
   </div>
   <div class='ocr_carea' id='block_1_61' title="bbox 808 3337 1438 3407">
    <p class='ocr_par' dir='ltr' id='par_1_61' title="bbox 808 3337 1438 3407">
     <span class='ocr_line' id='line_1_61' title="bbox 808 3337 1438 3407; baseline -0.006 -15"><span class='ocrx_word' id='word_1_362' title='bbox 808 3352 980 3407; x_wconf 90' lang='lat' dir='ltr'><strong>usque</strong></span> <span class='ocrx_word' id='word_1_363' title='bbox 1007 3338 1166 3391; x_wconf 87' lang='lat' dir='ltr'><strong>tinem</strong></span> <span class='ocrx_word' id='word_1_364' title='bbox 1199 3337 1438 3390; x_wconf 86' lang='lat' dir='ltr'><strong>damnet.</strong></span> 
     </span>
    </p>
   </div>
   <div class='ocr_carea' id='block_1_62' title="bbox 1431 3434 1757 3490">
    <p class='ocr_par' dir='ltr' id='par_1_62' title="bbox 1431 3434 1757 3490">
     <span class='ocr_line' id='line_1_62' title="bbox 1431 3434 1757 3490; baseline -0.003 -1"><span class='ocrx_word' id='word_1_365' title='bbox 1431 3434 1676 3490; x_wconf 78' lang='lat' dir='ltr'><strong>Scholion</strong></span> <span class='ocrx_word' id='word_1_366' title='bbox 1705 3435 1757 3490; x_wconf 85' lang='lat'><strong>6.</strong></span> 
     </span>
    </p>
   </div>
   <div class='ocr_carea' id='block_1_63' title="bbox 882 3525 2378 3597">
    <p class='ocr_par' dir='ltr' id='par_1_63' title="bbox 882 3525 2378 3597">
     <span class='ocr_line' id='line_1_63' title="bbox 882 3525 2378 3597; baseline 0.001 -13"><span class='ocrx_word' id='word_1_367' title='bbox 882 3525 981 3584; x_wconf 85' lang='lat' dir='ltr'><strong>Cor</strong></span> <span class='ocrx_word' id='word_1_368' title='bbox 1009 3526 1226 3596; x_wconf 89' lang='lat' dir='ltr'><strong>plenum</strong></span> <span class='ocrx_word' id='word_1_369' title='bbox 1260 3525 1499 3590; x_wconf 83' lang='lat' dir='ltr'><strong>tristitia,</strong></span> <span class='ocrx_word' id='word_1_370' title='bbox 1531 3527 1674 3596; x_wconf 91' lang='lat' dir='ltr'><strong>quod</strong></span> <span class='ocrx_word' id='word_1_371' title='bbox 1700 3541 1809 3595; x_wconf 64' lang='lat' dir='ltr'><strong>prae</strong></span> <span class='ocrx_word' id='word_1_372' title='bbox 1833 3528 2150 3597; x_wconf 73' lang='lat' dir='ltr'><strong>azgritudinc</strong></span> <span class='ocrx_word' id='word_1_373' title='bbox 2172 3539 2227 3584; x_wconf 93' lang='lat' dir='ltr'><strong>et</strong></span> <span class='ocrx_word' id='word_1_374' title='bbox 2278 3529 2378 3585; x_wconf 85' lang='lat' dir='ltr'><strong>im-</strong></span> 
     </span>
    </p>
   </div>
   <div class='ocr_carea' id='block_1_64' title="bbox 812 3619 2374 3694">
    <p class='ocr_par' dir='ltr' id='par_1_64' title="bbox 812 3619 2374 3694">
     <span class='ocr_line' id='line_1_64' title="bbox 812 3619 2374 3694; baseline 0.004 -22"><span class='ocrx_word' id='word_1_375' title='bbox 812 3621 1120 3684; x_wconf 86' lang='lat' dir='ltr'><strong>becillitate,</strong></span> <span class='ocrx_word' id='word_1_376' title='bbox 1142 3619 1355 3689; x_wconf 89' lang='lat' dir='ltr'><strong>publica</strong></span> <span class='ocrx_word' id='word_1_377' title='bbox 1389 3620 1634 3689; x_wconf 88' lang='lat' dir='ltr'><strong>corporis</strong></span> <span class='ocrx_word' id='word_1_378' title='bbox 1667 3619 1837 3674; x_wconf 83' lang='lat' dir='ltr'><strong>ollicia</strong></span> <span class='ocrx_word' id='word_1_379' title='bbox 1868 3623 2089 3690; x_wconf 80' lang='lat' dir='ltr'><strong>exsequi</strong></span> <span class='ocrx_word' id='word_1_380' title='bbox 2117 3637 2225 3677; x_wconf 91' lang='lat' dir='ltr'><strong>non</strong></span> <span class='ocrx_word' id='word_1_381' title='bbox 2257 3638 2374 3694; x_wconf 88' lang='lat' dir='ltr'><strong>pos-</strong></span> 
     </span>
    </p>
   </div>
   <div class='ocr_carea' id='block_1_65' title="bbox 809 3711 2376 3781">
    <p class='ocr_par' dir='ltr' id='par_1_65' title="bbox 809 3711 2376 3781">
     <span class='ocr_line' id='line_1_65' title="bbox 809 3711 2376 3781; baseline 0.001 -16"><span class='ocrx_word' id='word_1_382' title='bbox 809 3713 899 3774; x_wconf 88' lang='lat' dir='ltr'><strong>sit,</strong></span> <span class='ocrx_word' id='word_1_383' title='bbox 931 3711 1116 3781; x_wconf 90' lang='lat' dir='ltr'><strong>implet</strong></span> <span class='ocrx_word' id='word_1_384' title='bbox 1149 3711 1292 3766; x_wconf 79' lang='lat' dir='ltr'><strong>vices</strong></span> <span class='ocrx_word' id='word_1_385' title='bbox 1329 3711 1572 3766; x_wconf 88' lang='lat' dir='ltr'><strong>omnium</strong></span> <span class='ocrx_word' id='word_1_386' title='bbox 1604 3724 1827 3780; x_wconf 90' lang='lat' dir='ltr'><strong>operum</strong></span> <span class='ocrx_word' id='word_1_387' title='bbox 1855 3723 1908 3765; x_wconf 89' lang='lat' dir='ltr'><strong>et</strong></span> <span class='ocrx_word' id='word_1_388' title='bbox 1958 3711 2203 3766; x_wconf 89' lang='lat' dir='ltr'><strong>laborum</strong></span> <span class='ocrx_word' id='word_1_389' title='bbox 2254 3729 2376 3769; x_wconf 90' lang='lat' dir='ltr'><strong>cor-</strong></span> 
     </span>
    </p>
   </div>
   <div class='ocr_carea' id='block_1_66' title="bbox 809 3805 975 3873">
    <p class='ocr_par' dir='ltr' id='par_1_66' title="bbox 809 3805 975 3873">
     <span class='ocr_line' id='line_1_66' title="bbox 809 3805 975 3873; baseline 0.006 -16"><span class='ocrx_word' id='word_1_390' title='bbox 809 3805 975 3873; x_wconf 87' lang='lat' dir='ltr'><strong>poris.</strong></span> 
     </span>
    </p>
   </div>
   <div class='ocr_carea' id='block_1_67' title="bbox 1499 3895 1680 3949">
    <p class='ocr_par' dir='ltr' id='par_1_67' title="bbox 1499 3895 1680 3949">
     <span class='ocr_line' id='line_1_67' title="bbox 1499 3895 1680 3949; baseline -0.006 -1"><span class='ocrx_word' id='word_1_391' title='bbox 1499 3895 1680 3949; x_wconf 80' lang='lat' dir='ltr'><strong>Aliud.</strong></span> 
     </span>
    </p>
   </div>
   <div class='ocr_carea' id='block_1_68' title="bbox 884 3987 2374 4058">
    <p class='ocr_par' dir='ltr' id='par_1_68' title="bbox 884 3987 2374 4058">
     <span class='ocr_line' id='line_1_68' title="bbox 884 3987 2374 4058; baseline 0.003 -16"><span class='ocrx_word' id='word_1_392' title='bbox 884 3989 1130 4043; x_wconf 78' lang='lat' dir='ltr'><strong>Actiones</strong></span> <span class='ocrx_word' id='word_1_393' title='bbox 1161 4003 1426 4058; x_wconf 82' lang='lat' dir='ltr'><strong>corporis,</strong></span> <span class='ocrx_word' id='word_1_394' title='bbox 1457 3987 1575 4043; x_wconf 91' lang='lat' dir='ltr'><strong>sine</strong></span> <span class='ocrx_word' id='word_1_395' title='bbox 1603 3988 1787 4042; x_wconf 88' lang='lat' dir='ltr'><strong>dolore</strong></span> <span class='ocrx_word' id='word_1_396' title='bbox 1815 3997 1910 4042; x_wconf 85' lang='lat' dir='ltr'><strong>aut</strong></span> <span class='ocrx_word' id='word_1_397' title='bbox 1939 3988 2155 4042; x_wconf 86' lang='lat' dir='ltr'><strong>tristitia</strong></span> <span class='ocrx_word' id='word_1_398' title='bbox 2190 3989 2374 4046; x_wconf 88' lang='lat' dir='ltr'><strong>animi.</strong></span> 
     </span>
    </p>
   </div>
   <div class='ocr_carea' id='block_1_69' title="bbox 815 4083 1632 4151">
    <p class='ocr_par' dir='ltr' id='par_1_69' title="bbox 815 4083 1632 4151">
     <span class='ocr_line' id='line_1_69' title="bbox 815 4083 1632 4151; baseline 0.007 -20"><span class='ocrx_word' id='word_1_399' title='bbox 815 4095 940 4137; x_wconf 71' lang='lat' dir='ltr'><strong>sunt</strong></span> <span class='ocrx_word' id='word_1_400' title='bbox 959 4083 1102 4136; x_wconf 89' lang='lat' dir='ltr'><strong>velut</strong></span> <span class='ocrx_word' id='word_1_401' title='bbox 1138 4097 1337 4151; x_wconf 90' lang='lat' dir='ltr'><strong>corpus</strong></span> <span class='ocrx_word' id='word_1_402' title='bbox 1364 4083 1632 4137; x_wconf 76' lang='lat' dir='ltr'><strong>exanime.</strong></span> 
     </span>
    </p>
   </div>
   <div class='ocr_carea' id='block_1_70' title="bbox 1494 4168 1674 4222">
    <p class='ocr_par' dir='ltr' id='par_1_70' title="bbox 1494 4168 1674 4222">
     <span class='ocr_line' id='line_1_70' title="bbox 1494 4168 1674 4222; baseline 0.011 -2"><span class='ocrx_word' id='word_1_403' title='bbox 1494 4168 1674 4222; x_wconf 83' lang='lat' dir='ltr'><strong>Aliud.</strong></span> 
     </span>
    </p>
   </div>
   <div class='ocr_carea' id='block_1_71' title="bbox 881 4257 2377 4328">
    <p class='ocr_par' dir='ltr' id='par_1_71' title="bbox 881 4257 2377 4328">
     <span class='ocr_line' id='line_1_71' title="bbox 881 4257 2377 4328; baseline 0.002 -17"><span class='ocrx_word' id='word_1_404' title='bbox 881 4259 983 4323; x_wconf 77' lang='lat' dir='ltr'><strong>Qui</strong></span> <span class='ocrx_word' id='word_1_405' title='bbox 1009 4259 1198 4328; x_wconf 89' lang='lat' dir='ltr'><strong>plenus</strong></span> <span class='ocrx_word' id='word_1_406' title='bbox 1224 4266 1306 4312; x_wconf 86' lang='lat' dir='ltr'><strong>est</strong></span> <span class='ocrx_word' id='word_1_407' title='bbox 1346 4257 1559 4312; x_wconf 88' lang='lat' dir='ltr'><strong>tristitia</strong></span> <span class='ocrx_word' id='word_1_408' title='bbox 1609 4273 1811 4322; x_wconf 81' lang='lat' dir='ltr'><strong>COI‘UlS,</strong></span> <span class='ocrx_word' id='word_1_409' title='bbox 1865 4267 1919 4311; x_wconf 87' lang='lat' dir='ltr'><strong>et</strong></span> <span class='ocrx_word' id='word_1_410' title='bbox 1963 4258 2210 4314; x_wconf 90' lang='lat' dir='ltr'><strong>sensibus</strong></span> <span class='ocrx_word' id='word_1_411' title='bbox 2261 4260 2377 4314; x_wconf 89' lang='lat' dir='ltr'><strong>suis</strong></span> 
     </span>
    </p>
   </div>
   <div class='ocr_carea' id='block_1_72' title="bbox 813 4347 2375 4416">
    <p class='ocr_par' dir='ltr' id='par_1_72' title="bbox 813 4347 2375 4416">
     <span class='ocr_line' id='line_1_72' title="bbox 813 4347 2375 4416; baseline 0.003 -16"><span class='ocrx_word' id='word_1_412' title='bbox 813 4350 1026 4402; x_wconf 80' lang='lat' dir='ltr'><strong>interim</strong></span> <span class='ocrx_word' id='word_1_413' title='bbox 1079 4349 1310 4410; x_wconf 86' lang='lat' dir='ltr'><strong>solutus,</strong></span> <span class='ocrx_word' id='word_1_414' title='bbox 1363 4357 1444 4402; x_wconf 90' lang='lat' dir='ltr'><strong>est</strong></span> <span class='ocrx_word' id='word_1_415' title='bbox 1480 4349 1644 4403; x_wconf 86' lang='lat' dir='ltr'><strong>veluti</strong></span> <span class='ocrx_word' id='word_1_416' title='bbox 1682 4362 1824 4416; x_wconf 67' lang='lat' dir='ltr'><strong>aeger</strong></span> <span class='ocrx_word' id='word_1_417' title='bbox 1851 4357 1905 4401; x_wconf 90' lang='lat' dir='ltr'><strong>et</strong></span> <span class='ocrx_word' id='word_1_418' title='bbox 1930 4347 2179 4403; x_wconf 85' lang='lat' dir='ltr'><strong>inﬁrmus</strong></span> <span class='ocrx_word' id='word_1_419' title='bbox 2200 4349 2262 4402; x_wconf 89' lang='lat' dir='ltr'><strong>ad</strong></span> <span class='ocrx_word' id='word_1_420' title='bbox 2298 4348 2375 4404; x_wconf 86' lang='lat' dir='ltr'><strong>la-</strong></span> 
     </span>
    </p>
   </div>
   <div class='ocr_carea' id='block_1_73' title="bbox 813 4435 2370 4505">
    <p class='ocr_par' dir='ltr' id='par_1_73' title="bbox 813 4435 2370 4505">
     <span class='ocr_line' id='line_1_73' title="bbox 813 4435 2370 4505; baseline 0 -15"><span class='ocrx_word' id='word_1_421' title='bbox 813 4437 970 4490; x_wconf 85' lang='lat' dir='ltr'><strong>bores</strong></span> <span class='ocrx_word' id='word_1_422' title='bbox 1020 4435 1284 4505; x_wconf 88' lang='lat' dir='ltr'><strong>corporis,</strong></span> <span class='ocrx_word' id='word_1_423' title='bbox 1329 4449 1390 4488; x_wconf 87' lang='lat' dir='ltr'><strong>os</strong></span> <span class='ocrx_word' id='word_1_424' title='bbox 1452 4445 1628 4490; x_wconf 88' lang='lat' dir='ltr'><strong>tamen</strong></span> <span class='ocrx_word' id='word_1_425' title='bbox 1685 4436 1916 4490; x_wconf 89' lang='lat' dir='ltr'><strong>liberum</strong></span> <span class='ocrx_word' id='word_1_426' title='bbox 1943 4445 1998 4489; x_wconf 88' lang='lat' dir='ltr'><strong>et</strong></span> <span class='ocrx_word' id='word_1_427' title='bbox 2023 4437 2260 4490; x_wconf 90' lang='lat' dir='ltr'><strong>solutum</strong></span> <span class='ocrx_word' id='word_1_428' title='bbox 2292 4447 2370 4490; x_wconf 91' lang='lat' dir='ltr'><strong>at-</strong></span> 
     </span>
    </p>
   </div>
   <div class='ocr_carea' id='block_1_74' title="bbox 813 4523 2166 4592">
    <p class='ocr_par' dir='ltr' id='par_1_74' title="bbox 813 4523 2166 4592">
     <span class='ocr_line' id='line_1_74' title="bbox 813 4523 2166 4592; baseline -0.001 -15"><span class='ocrx_word' id='word_1_429' title='bbox 813 4539 920 4592; x_wconf 86' lang='lat' dir='ltr'><strong>que</strong></span> <span class='ocrx_word' id='word_1_430' title='bbox 950 4533 1132 4592; x_wconf 88' lang='lat' dir='ltr'><strong>aptum</strong></span> <span class='ocrx_word' id='word_1_431' title='bbox 1161 4523 1226 4577; x_wconf 88' lang='lat' dir='ltr'><strong>ad</strong></span> <span class='ocrx_word' id='word_1_432' title='bbox 1255 4538 1469 4577; x_wconf 88' lang='lat' dir='ltr'><strong>omnem</strong></span> <span class='ocrx_word' id='word_1_433' title='bbox 1495 4523 1698 4586; x_wconf 91' lang='lat' dir='ltr'><strong>cibum,</strong></span> <span class='ocrx_word' id='word_1_434' title='bbox 1733 4523 1820 4591; x_wconf 89' lang='lat' dir='ltr'><strong>qui</strong></span> <span class='ocrx_word' id='word_1_435' title='bbox 1871 4531 2028 4577; x_wconf 89' lang='lat' dir='ltr'><strong>nocet</strong></span> <span class='ocrx_word' id='word_1_436' title='bbox 2071 4523 2166 4576; x_wconf 92' lang='lat' dir='ltr'><strong>illi.</strong></span> 
     </span>
    </p>
   </div>
   <div class='ocr_carea' id='block_1_75' title="bbox 1441 4623 1769 4678">
    <p class='ocr_par' dir='ltr' id='par_1_75' title="bbox 1441 4623 1769 4678">
     <span class='ocr_line' id='line_1_75' title="bbox 1441 4623 1769 4678; baseline 0 -2"><span class='ocrx_word' id='word_1_437' title='bbox 1441 4623 1688 4678; x_wconf 80' lang='lat' dir='ltr'><strong>Scholion</strong></span> <span class='ocrx_word' id='word_1_438' title='bbox 1716 4625 1769 4676; x_wconf 90' lang='lat'><strong>7.</strong></span> 
     </span>
    </p>
   </div>
   <div class='ocr_carea' id='block_1_76' title="bbox 888 4711 2376 4785">
    <p class='ocr_par' dir='ltr' id='par_1_76' title="bbox 888 4711 2376 4785">
     <span class='ocr_line' id='line_1_76' title="bbox 888 4711 2376 4785; baseline -0.001 -17"><span class='ocrx_word' id='word_1_439' title='bbox 888 4715 1066 4770; x_wconf 77' lang='lat' dir='ltr'><strong>[ludes</strong></span> <span class='ocrx_word' id='word_1_440' title='bbox 1105 4713 1325 4785; x_wconf 89' lang='lat' dir='ltr'><strong>quidam</strong></span> <span class='ocrx_word' id='word_1_441' title='bbox 1376 4722 1430 4767; x_wconf 89' lang='lat' dir='ltr'><strong>et</strong></span> <span class='ocrx_word' id='word_1_442' title='bbox 1450 4713 1653 4768; x_wconf 91' lang='lat' dir='ltr'><strong>tirones</strong></span> <span class='ocrx_word' id='word_1_443' title='bbox 1677 4711 1879 4766; x_wconf 92' lang='lat' dir='ltr'><strong>indocti</strong></span> <span class='ocrx_word' id='word_1_444' title='bbox 1909 4726 2048 4780; x_wconf 69' lang='lat' dir='ltr'><strong>saepe</strong></span> <span class='ocrx_word' id='word_1_445' title='bbox 2069 4721 2376 4780; x_wconf 78' lang='lat' dir='ltr'><strong>precantur,</strong></span> 
     </span>
    </p>
   </div>
   <div class='ocr_carea' id='block_1_77' title="bbox 816 4800 2376 4874">
    <p class='ocr_par' dir='ltr' id='par_1_77' title="bbox 816 4800 2376 4874">
     <span class='ocr_line' id='line_1_77' title="bbox 816 4800 2376 4874; baseline -0.001 -17"><span class='ocrx_word' id='word_1_446' title='bbox 816 4817 872 4860; x_wconf 92' lang='lat' dir='ltr'><strong>ut</strong></span> <span class='ocrx_word' id='word_1_447' title='bbox 894 4820 1066 4874; x_wconf 84' lang='lat' dir='ltr'><strong>neque</strong></span> <span class='ocrx_word' id='word_1_448' title='bbox 1087 4802 1224 4858; x_wconf 75' lang='lat' dir='ltr'><strong>cmlo</strong></span> <span class='ocrx_word' id='word_1_449' title='bbox 1264 4802 1570 4872; x_wconf 79' lang='lat' dir='ltr'><strong>dignentur,</strong></span> <span class='ocrx_word' id='word_1_450' title='bbox 1594 4815 1767 4870; x_wconf 91' lang='lat' dir='ltr'><strong>neque</strong></span> <span class='ocrx_word' id='word_1_451' title='bbox 1795 4800 2376 4870; x_wconf 79' lang='lat' dir='ltr'><strong>suppliciisinferorum</strong></span> 
     </span>
    </p>
   </div>
   <div class='ocr_carea' id='block_1_78' title="bbox 815 4890 2376 4961">
    <p class='ocr_par' dir='ltr' id='par_1_78' title="bbox 815 4890 2376 4961">
     <span class='ocr_line' id='line_1_78' title="bbox 815 4890 2376 4961; baseline -0.005 -11"><span class='ocrx_word' id='word_1_452' title='bbox 815 4896 1140 4950; x_wconf 87' lang='lat' dir='ltr'><strong>addicantur</strong></span> <span class='ocrx_word' id='word_1_453' title='bbox 1164 4911 1178 4959; x_wconf 88' lang='lat'><strong>;</strong></span> <span class='ocrx_word' id='word_1_454' title='bbox 1233 4893 1568 4961; x_wconf 87' lang='lat' dir='ltr'><strong>alterumque</strong></span> <span class='ocrx_word' id='word_1_455' title='bbox 1596 4901 1849 4960; x_wconf 84' lang='lat' dir='ltr'><strong>tanquam</strong></span> <span class='ocrx_word' id='word_1_456' title='bbox 1877 4890 2103 4958; x_wconf 83' lang='lat' dir='ltr'><strong>indigni,</strong></span> <span class='ocrx_word' id='word_1_457' title='bbox 2125 4890 2376 4955; x_wconf 88' lang='lat' dir='ltr'><strong>alterum,</strong></span> 
     </span>
    </p>
   </div>
   <div class='ocr_carea' id='block_1_79' title="bbox 817 4978 2379 5049">
    <p class='ocr_par' dir='ltr' id='par_1_79' title="bbox 817 4978 2379 5049">
     <span class='ocr_line' id='line_1_79' title="bbox 817 4978 2379 5049; baseline -0.004 -9"><span class='ocrx_word' id='word_1_458' title='bbox 817 4997 875 5040; x_wconf 88' lang='lat' dir='ltr'><strong>ut</strong></span> <span class='ocrx_word' id='word_1_459' title='bbox 927 4982 1351 5039; x_wconf 88' lang='lat' dir='ltr'><strong>miscricordiam</strong></span> <span class='ocrx_word' id='word_1_460' title='bbox 1389 4988 1813 5049; x_wconf 88' lang='lat' dir='ltr'><strong>consequantur,</strong></span> <span class='ocrx_word' id='word_1_461' title='bbox 1843 4978 2035 5047; x_wconf 82' lang='lat' dir='ltr'><strong>|ignari</strong></span> <span class='ocrx_word' id='word_1_462' title='bbox 2059 4981 2201 5047; x_wconf 91' lang='lat' dir='ltr'><strong>quod</strong></span> <span class='ocrx_word' id='word_1_463' title='bbox 2227 4979 2261 5032; x_wconf 93' lang='lat' dir='ltr'><strong>ii</strong></span> <span class='ocrx_word' id='word_1_464' title='bbox 2286 4985 2379 5049; x_wconf 87' lang='lat' dir='ltr'><strong>qui</strong></span> 
     </span>
    </p>
   </div>
   <div class='ocr_carea' id='block_1_80' title="bbox 814 5072 2381 5145">
    <p class='ocr_par' dir='ltr' id='par_1_80' title="bbox 814 5072 2381 5145">
     <span class='ocr_line' id='line_1_80' title="bbox 814 5072 2381 5145; baseline -0.003 -11"><span class='ocrx_word' id='word_1_465' title='bbox 814 5087 964 5134; x_wconf 74' lang='lat' dir='ltr'><strong>extra</strong></span> <span class='ocrx_word' id='word_1_466' title='bbox 986 5075 1209 5145; x_wconf 73' lang='lat' dir='ltr'><strong>regnu’m</strong></span> <span class='ocrx_word' id='word_1_467' title='bbox 1247 5075 1466 5130; x_wconf 67' lang='lat' dir='ltr'><strong>caeleste</strong></span> <span class='ocrx_word' id='word_1_468' title='bbox 1487 5083 1633 5137; x_wconf 78' lang='lat' dir='ltr'><strong>sunt,</strong></span> <span class='ocrx_word' id='word_1_469' title='bbox 1671 5074 1780 5127; x_wconf 90' lang='lat' dir='ltr'><strong>sint</strong></span> <span class='ocrx_word' id='word_1_470' title='bbox 1806 5073 1947 5126; x_wconf 90' lang='lat' dir='ltr'><strong>intra</strong></span> <span class='ocrx_word' id='word_1_471' title='bbox 1979 5072 2154 5125; x_wconf 91' lang='lat' dir='ltr'><strong>locum</strong></span> <span class='ocrx_word' id='word_1_472' title='bbox 2180 5075 2381 5144; x_wconf 84' lang='lat' dir='ltr'><strong>suppli-</strong></span> 
     </span>
    </p>
   </div>
   <div class='ocr_carea' id='block_1_81' title="bbox 813 5163 2379 5231">
    <p class='ocr_par' dir='ltr' id='par_1_81' title="bbox 813 5163 2379 5231">
     <span class='ocr_line' id='line_1_81' title="bbox 813 5163 2379 5231; baseline -0.003 -8"><span class='ocrx_word' id='word_1_473' title='bbox 813 5170 1044 5231; x_wconf 88' lang='lat' dir='ltr'><strong>ciorum,</strong></span> <span class='ocrx_word' id='word_1_474' title='bbox 1093 5181 1216 5221; x_wconf 91' lang='lat' dir='ltr'><strong>cum</strong></span> <span class='ocrx_word' id='word_1_475' title='bbox 1278 5166 1418 5218; x_wconf 87' lang='lat' dir='ltr'><strong>inter</strong></span> <span class='ocrx_word' id='word_1_476' title='bbox 1449 5165 1697 5218; x_wconf 76' lang='lat' dir='ltr'><strong>virtutem</strong></span> <span class='ocrx_word' id='word_1_477' title='bbox 1719 5172 1774 5218; x_wconf 89' lang='lat' dir='ltr'><strong>et</strong></span> <span class='ocrx_word' id='word_1_478' title='bbox 1798 5163 2058 5217; x_wconf 89' lang='lat' dir='ltr'><strong>malitiam</strong></span> <span class='ocrx_word' id='word_1_479' title='bbox 2099 5163 2230 5215; x_wconf 93' lang='lat' dir='ltr'><strong>nihil</strong></span> <span class='ocrx_word' id='word_1_480' title='bbox 2268 5179 2379 5218; x_wconf 79' lang='lat' dir='ltr'><strong>ine-</strong></span> 
     </span>
    </p>
   </div>
   <div class='ocr_carea' id='block_1_82' title="bbox 813 5259 1224 5314">
    <p class='ocr_par' dir='ltr' id='par_1_82' title="bbox 813 5259 1224 5314">
     <span class='ocr_line' id='line_1_82' title="bbox 813 5259 1224 5314; baseline -0.01 0"><span class='ocrx_word' id='word_1_481' title='bbox 813 5261 887 5314; x_wconf 86' lang='lat' dir='ltr'><strong>dii</strong></span> <span class='ocrx_word' id='word_1_482' title='bbox 914 5259 1224 5314; x_wconf 86' lang='lat' dir='ltr'><strong>intercedat.</strong></span> 
     </span>
    </p>
   </div>
   <div class='ocr_carea' id='block_1_83' title="bbox 1439 5346 1768 5402">
    <p class='ocr_par' dir='ltr' id='par_1_83' title="bbox 1439 5346 1768 5402">
     <span class='ocr_line' id='line_1_83' title="bbox 1439 5346 1768 5402; baseline -0.006 0"><span class='ocrx_word' id='word_1_483' title='bbox 1439 5347 1686 5402; x_wconf 80' lang='lat' dir='ltr'><strong>Scholion</strong></span> <span class='ocrx_word' id='word_1_484' title='bbox 1715 5346 1768 5401; x_wconf 89' lang='lat'><strong>8.</strong></span> 
     </span>
    </p>
   </div>
   <div class='ocr_carea' id='block_1_84' title="bbox 883 5435 2372 5506">
    <p class='ocr_par' dir='ltr' id='par_1_84' title="bbox 883 5435 2372 5506">
     <span class='ocr_line' id='line_1_84' title="bbox 883 5435 2372 5506; baseline -0.002 -10"><span class='ocrx_word' id='word_1_485' title='bbox 883 5441 1106 5495; x_wconf 79' lang='lat' dir='ltr'><strong>Animas</strong></span> <span class='ocrx_word' id='word_1_486' title='bbox 1146 5439 1427 5492; x_wconf 88' lang='lat' dir='ltr'><strong>humilium</strong></span> <span class='ocrx_word' id='word_1_487' title='bbox 1472 5439 1637 5504; x_wconf 77' lang='lat' dir='ltr'><strong>dixit;</strong></span> <span class='ocrx_word' id='word_1_488' title='bbox 1660 5452 1754 5506; x_wconf 93' lang='lat' dir='ltr'><strong>per</strong></span> <span class='ocrx_word' id='word_1_489' title='bbox 1788 5435 2026 5490; x_wconf 88' lang='lat' dir='ltr'><strong>habitum</strong></span> <span class='ocrx_word' id='word_1_490' title='bbox 2052 5439 2372 5494; x_wconf 79' lang='lat' dir='ltr'><strong>exteriorem</strong></span> 
     </span>
    </p>
   </div>
   <div class='ocr_carea' id='block_1_85' title="bbox 814 5529 2372 5602">
    <p class='ocr_par' dir='ltr' id='par_1_85' title="bbox 814 5529 2372 5602">
     <span class='ocr_line' id='line_1_85' title="bbox 814 5529 2372 5602; baseline 0 -15"><span class='ocrx_word' id='word_1_491' title='bbox 814 5534 1062 5602; x_wconf 88' lang='lat' dir='ltr'><strong>corporis</strong></span> <span class='ocrx_word' id='word_1_492' title='bbox 1118 5531 1423 5587; x_wconf 89' lang='lat' dir='ltr'><strong>subindicat</strong></span> <span class='ocrx_word' id='word_1_493' title='bbox 1485 5539 1684 5587; x_wconf 86' lang='lat' dir='ltr'><strong>statum</strong></span> <span class='ocrx_word' id='word_1_494' title='bbox 1734 5529 1946 5584; x_wconf 89' lang='lat' dir='ltr'><strong>mentis.</strong></span> <span class='ocrx_word' id='word_1_495' title='bbox 2007 5529 2137 5585; x_wconf 88' lang='lat' dir='ltr'><strong>Illud</strong></span> <span class='ocrx_word' id='word_1_496' title='bbox 2191 5545 2372 5587; x_wconf 84' lang='lat' dir='ltr'><strong>autem</strong></span> 
     </span>
    </p>
   </div>
   <div class='ocr_carea' id='block_1_86' title="bbox 813 5622 2371 5695">
    <p class='ocr_par' dir='ltr' id='par_1_86' title="bbox 813 5622 2371 5695">
     <span class='ocr_line' id='line_1_86' title="bbox 813 5622 2371 5695; baseline 0.001 -20"><span class='ocrx_word' id='word_1_497' title='bbox 813 5625 957 5695; x_wconf 83' lang='lat' dir='ltr'><strong>quod</strong></span> <span class='ocrx_word' id='word_1_498' title='bbox 977 5624 1222 5695; x_wconf 86' lang='lat' dir='ltr'><strong>sequitur</strong></span> <span class='ocrx_word' id='word_1_499' title='bbox 1276 5622 1295 5692; x_wconf 96' lang='lat'><strong>(</strong></span> <span class='ocrx_word' id='word_1_500' title='bbox 1321 5637 1441 5691; x_wconf 76' lang='lat' dir='ltr'><strong>qua:</strong></span> <span class='ocrx_word' id='word_1_501' title='bbox 1463 5622 1633 5690; x_wconf 87' lang='lat' dir='ltr'><strong>ipsam</strong></span> <span class='ocrx_word' id='word_1_502' title='bbox 1659 5634 1851 5674; x_wconf 89' lang='lat' dir='ltr'><strong>sensus</strong></span> <span class='ocrx_word' id='word_1_503' title='bbox 1897 5630 2168 5689; x_wconf 80' lang='lat' dir='ltr'><strong>expertem</strong></span> <span class='ocrx_word' id='word_1_504' title='bbox 2214 5637 2371 5676; x_wconf 81' lang='lat' dir='ltr'><strong>saxo-</strong></span> 
     </span>
    </p>
   </div>
   <div class='ocr_carea' id='block_1_87' title="bbox 815 5708 2366 5781">
    <p class='ocr_par' dir='ltr' id='par_1_87' title="bbox 815 5708 2366 5781">
     <span class='ocr_line' id='line_1_87' title="bbox 815 5708 2366 5781; baseline -0.001 -13"><span class='ocrx_word' id='word_1_505' title='bbox 815 5731 934 5768; x_wconf 89' lang='lat' dir='ltr'><strong>rum</strong></span> <span class='ocrx_word' id='word_1_506' title='bbox 962 5714 1211 5767; x_wconf 88' lang='lat' dir='ltr'><strong>duritiem</strong></span> <span class='ocrx_word' id='word_1_507' title='bbox 1244 5708 1488 5781; x_wconf 81' lang='lat' dir='ltr'><strong>frangere</strong></span> <span class='ocrx_word' id='word_1_508' title='bbox 1516 5711 1724 5781; x_wconf 83' lang='lat' dir='ltr'><strong>possint</strong></span> <span class='ocrx_word' id='word_1_509' title='bbox 1749 5711 1788 5778; x_wconf 81' lang='lat'><strong>),</strong></span> <span class='ocrx_word' id='word_1_510' title='bbox 1819 5719 1912 5764; x_wconf 84' lang='lat' dir='ltr'><strong>aut</strong></span> <span class='ocrx_word' id='word_1_511' title='bbox 1949 5710 2207 5767; x_wconf 81' lang='lat' dir='ltr'><strong>facinoris</strong></span> <span class='ocrx_word' id='word_1_512' title='bbox 2255 5729 2366 5768; x_wconf 87' lang='lat' dir='ltr'><strong>ma—</strong></span> 
     </span>
    </p>
   </div>
   <div class='ocr_carea' id='block_1_88' title="bbox 815 5801 2362 5875">
    <p class='ocr_par' dir='ltr' id='par_1_88' title="bbox 815 5801 2362 5875">
     <span class='ocr_line' id='line_1_88' title="bbox 815 5801 2362 5875; baseline -0.002 -17"><span class='ocrx_word' id='word_1_513' title='bbox 815 5804 1142 5875; x_wconf 72' lang='lat' dir='ltr'><strong>gnitudinem</strong></span> <span class='ocrx_word' id='word_1_514' title='bbox 1193 5804 1491 5874; x_wconf 74' lang='lat' dir='ltr'><strong>:enigmatis</strong></span> <span class='ocrx_word' id='word_1_515' title='bbox 1519 5818 1612 5857; x_wconf 85' lang='lat' dir='ltr'><strong>seu</strong></span> <span class='ocrx_word' id='word_1_516' title='bbox 1642 5803 1969 5874; x_wconf 70' lang='lat' dir='ltr'><strong>metaphora:</strong></span> <span class='ocrx_word' id='word_1_517' title='bbox 1999 5801 2362 5860; x_wconf 65' lang='lat' dir='ltr'><strong>insolentioris</strong></span> 
     </span>
    </p>
   </div>
   <div class='ocr_carea' id='block_1_89' title="bbox 2481 3245 4039 3319">
    <p class='ocr_par' dir='ltr' id='par_1_89' title="bbox 2481 3245 4039 3319">
     <span class='ocr_line' id='line_1_89' title="bbox 2481 3245 4039 3319; baseline -0.001 -19"><span class='ocrx_word' id='word_1_518' title='bbox 2481 3249 2719 3319; x_wconf 85' lang='grc' dir='ltr'>ροῦντες,</span> <span class='ocrx_word' id='word_1_519' title='bbox 2762 3247 2839 3310; x_wconf 81' lang='grc' dir='ltr'>ὡς</span> <span class='ocrx_word' id='word_1_520' title='bbox 2867 3247 3327 3316; x_wconf 72' lang='grc' dir='ltr'>αὑτοκατάκριτον</span> <span class='ocrx_word' id='word_1_521' title='bbox 3376 3245 3630 3309; x_wconf 80' lang='grc' dir='ltr'>λογισμὸν</span> <span class='ocrx_word' id='word_1_522' title='bbox 3656 3245 3899 3315; x_wconf 83' lang='grc' dir='ltr'>διαρκεῖν</span> <span class='ocrx_word' id='word_1_523' title='bbox 3935 3247 4039 3307; x_wconf 74' lang='grc' dir='ltr'>ἕως</span> 
     </span>
    </p>
   </div>
   <div class='ocr_carea' id='block_1_90' title="bbox 2476 3342 2679 3405">
    <p class='ocr_par' dir='ltr' id='par_1_90' title="bbox 2476 3342 2679 3405">
     <span class='ocr_line' id='line_1_90' title="bbox 2476 3342 2679 3405; baseline -0.005 -9"><span class='ocrx_word' id='word_1_524' title='bbox 2476 3342 2679 3405; x_wconf 82' lang='grc' dir='ltr'>τέλους.</span> 
     </span>
    </p>
   </div>
   <div class='ocr_carea' id='block_1_91' title="bbox 3061 3429 3395 3496">
    <p class='ocr_par' dir='ltr' id='par_1_91' title="bbox 3061 3429 3395 3496">
     <span class='ocr_line' id='line_1_91' title="bbox 3061 3429 3395 3496; baseline -0.006 -16"><span class='ocrx_word' id='word_1_525' title='bbox 3061 3429 3312 3496; x_wconf 67' lang='grc' dir='ltr'><strong>Σκάτων</strong></span> <span class='ocrx_word' id='word_1_526' title='bbox 3350 3438 3395 3491; x_wconf 72' lang='grc' dir='ltr'><strong>τ’</strong></span> 
     </span>
    </p>
   </div>
   <div class='ocr_carea' id='block_1_92' title="bbox 2548 3517 4034 3593">
    <p class='ocr_par' dir='ltr' id='par_1_92' title="bbox 2548 3517 4034 3593">
     <span class='ocr_line' id='line_1_92' title="bbox 2548 3517 4034 3593; baseline -0.005 -16"><span class='ocrx_word' id='word_1_527' title='bbox 2548 3523 2763 3593; x_wconf 79' lang='grc' dir='ltr'>Καρδία</span> <span class='ocrx_word' id='word_1_528' title='bbox 2787 3520 3186 3592; x_wconf 77' lang='grc' dir='ltr'>πεπληρωμένη</span> <span class='ocrx_word' id='word_1_529' title='bbox 3223 3520 3396 3589; x_wconf 73' lang='grc' dir='ltr'>λύπης</span> <span class='ocrx_word' id='word_1_530' title='bbox 3431 3521 3566 3590; x_wconf 57' lang='grc' dir='ltr'>ὑπὲρ</span> <span class='ocrx_word' id='word_1_531' title='bbox 3605 3518 3704 3588; x_wconf 75' lang='grc' dir='ltr'>τῆς</span> <span class='ocrx_word' id='word_1_532' title='bbox 3729 3517 4034 3581; x_wconf 79' lang='grc' dir='ltr'>ἀσθενείας,</span> 
     </span>
    </p>
   </div>
   <div class='ocr_carea' id='block_1_93' title="bbox 2477 3607 4039 3683">
    <p class='ocr_par' dir='ltr' id='par_1_93' title="bbox 2477 3607 4039 3683">
     <span class='ocr_line' id='line_1_93' title="bbox 2477 3607 4039 3683; baseline -0.006 -15"><span class='ocrx_word' id='word_1_533' title='bbox 2477 3614 2570 3668; x_wconf 76' lang='grc' dir='ltr'><strong>καὶ</strong></span> <span class='ocrx_word' id='word_1_534' title='bbox 2613 3612 2911 3683; x_wconf 81' lang='grc' dir='ltr'>ἀδυναμίας</span> <span class='ocrx_word' id='word_1_535' title='bbox 2942 3610 3042 3681; x_wconf 83' lang='grc' dir='ltr'>τῆς</span> <span class='ocrx_word' id='word_1_536' title='bbox 3087 3611 3228 3677; x_wconf 77' lang='grc' dir='ltr'>ὑπὲρ</span> <span class='ocrx_word' id='word_1_537' title='bbox 3271 3608 3379 3661; x_wconf 85' lang='grc' dir='ltr'><strong>τῶν</strong></span> <span class='ocrx_word' id='word_1_538' title='bbox 3423 3607 3744 3679; x_wconf 86' lang='grc' dir='ltr'>σωματικῶν</span> <span class='ocrx_word' id='word_1_539' title='bbox 3783 3609 4039 3676; x_wconf 77' lang='grc' dir='ltr'>πράξεων</span> 
     </span>
    </p>
   </div>
   <div class='ocr_carea' id='block_1_94' title="bbox 2474 3699 4039 3772">
    <p class='ocr_par' dir='ltr' id='par_1_94' title="bbox 2474 3699 4039 3772">
     <span class='ocr_line' id='line_1_94' title="bbox 2474 3699 4039 3772; baseline -0.004 -16"><span class='ocrx_word' id='word_1_540' title='bbox 2474 3702 2584 3756; x_wconf 88' lang='grc' dir='ltr'><strong>τῶν</strong></span> <span class='ocrx_word' id='word_1_541' title='bbox 2621 3703 2889 3772; x_wconf 70' lang='grc' dir='ltr'>φανερῶν,</span> <span class='ocrx_word' id='word_1_542' title='bbox 2921 3699 3224 3770; x_wconf 79' lang='grc' dir='ltr'>ἀναπληροῖ</span> <span class='ocrx_word' id='word_1_543' title='bbox 3248 3699 3339 3753; x_wconf 74' lang='grc' dir='ltr'>τὸν</span> <span class='ocrx_word' id='word_1_544' title='bbox 3363 3699 3522 3752; x_wconf 79' lang='grc' dir='ltr'>τόπον</span> <span class='ocrx_word' id='word_1_545' title='bbox 3551 3701 3768 3753; x_wconf 81' lang='grc' dir='ltr'>πάντων</span> <span class='ocrx_word' id='word_1_546' title='bbox 3793 3699 3902 3750; x_wconf 90' lang='grc' dir='ltr'><strong>τῶν</strong></span> <span class='ocrx_word' id='word_1_547' title='bbox 3933 3715 4039 3750; x_wconf 82' lang='grc' dir='ltr'>σω-</span> 
     </span>
    </p>
   </div>
   <div class='ocr_carea' id='block_1_95' title="bbox 2480 3794 2946 3864">
    <p class='ocr_par' dir='ltr' id='par_1_95' title="bbox 2480 3794 2946 3864">
     <span class='ocr_line' id='line_1_95' title="bbox 2480 3794 2946 3864; baseline -0.013 -14"><span class='ocrx_word' id='word_1_548' title='bbox 2480 3794 2722 3864; x_wconf 86' lang='grc' dir='ltr'>ματικῶν</span> <span class='ocrx_word' id='word_1_549' title='bbox 2748 3795 2946 3864; x_wconf 72' lang='grc' dir='ltr'>ἔργων.</span> 
     </span>
    </p>
   </div>
   <div class='ocr_carea' id='block_1_96' title="bbox 3158 3886 3356 3937">
    <p class='ocr_par' dir='ltr' id='par_1_96' title="bbox 3158 3886 3356 3937">
     <span class='ocr_line' id='line_1_96' title="bbox 3158 3886 3356 3937; baseline -0.01 0"><span class='ocrx_word' id='word_1_550' title='bbox 3158 3886 3356 3937; x_wconf 71' lang='grc' dir='ltr'>Ἄλλο.</span> 
     </span>
    </p>
   </div>
   <div class='ocr_carea' id='block_1_97' title="bbox 2547 3973 4032 4049">
    <p class='ocr_par' dir='ltr' id='par_1_97' title="bbox 2547 3973 4032 4049">
     <span class='ocr_line' id='line_1_97' title="bbox 2547 3973 4032 4049; baseline -0.003 -17"><span class='ocrx_word' id='word_1_551' title='bbox 2547 3978 2780 4049; x_wconf 80' lang='grc' dir='ltr'>Πράξεις</span> <span class='ocrx_word' id='word_1_552' title='bbox 2805 3977 2898 4031; x_wconf 77' lang='grc' dir='ltr'>τοῦ</span> <span class='ocrx_word' id='word_1_553' title='bbox 2948 3980 3198 4048; x_wconf 84' lang='grc' dir='ltr'>σώματος</span> <span class='ocrx_word' id='word_1_554' title='bbox 3237 3977 3391 4038; x_wconf 82' lang='grc' dir='ltr'>ἐκτὸς</span> <span class='ocrx_word' id='word_1_555' title='bbox 3428 3992 3526 4043; x_wconf 85' lang='grc' dir='ltr'><strong>της</strong></span> <span class='ocrx_word' id='word_1_556' title='bbox 3571 3974 3744 4045; x_wconf 73' lang='grc' dir='ltr'>λύπης</span> <span class='ocrx_word' id='word_1_557' title='bbox 3772 3973 3872 4044; x_wconf 85' lang='grc' dir='ltr'>τῆς</span> <span class='ocrx_word' id='word_1_558' title='bbox 3916 3976 4032 4029; x_wconf 81' lang='grc' dir='ltr'>δια-</span> 
     </span>
    </p>
   </div>
   <div class='ocr_carea' id='block_1_98' title="bbox 2479 4069 3485 4140">
    <p class='ocr_par' dir='ltr' id='par_1_98' title="bbox 2479 4069 3485 4140">
     <span class='ocr_line' id='line_1_98' title="bbox 2479 4069 3485 4140; baseline -0.007 -18"><span class='ocrx_word' id='word_1_559' title='bbox 2479 4071 2641 4133; x_wconf 81' lang='grc' dir='ltr'>νοίας,</span> <span class='ocrx_word' id='word_1_560' title='bbox 2671 4070 2856 4140; x_wconf 78' lang='grc' dir='ltr'>ὥσπερ</span> <span class='ocrx_word' id='word_1_561' title='bbox 2890 4070 3050 4140; x_wconf 89' lang='grc' dir='ltr'>σῶμα</span> <span class='ocrx_word' id='word_1_562' title='bbox 3077 4069 3282 4140; x_wconf 67' lang='grc' dir='ltr'>ἄψυχόν</span> <span class='ocrx_word' id='word_1_563' title='bbox 3324 4071 3485 4121; x_wconf 76' lang='grc' dir='ltr'>ἐστιν.</span> 
     </span>
    </p>
   </div>
   <div class='ocr_carea' id='block_1_99' title="bbox 3155 4164 3333 4216">
    <p class='ocr_par' dir='ltr' id='par_1_99' title="bbox 3155 4164 3333 4216">
     <span class='ocr_line' id='line_1_99' title="bbox 3155 4164 3333 4216; baseline 0.006 -1"><span class='ocrx_word' id='word_1_564' title='bbox 3155 4164 3333 4216; x_wconf 72' lang='grc' dir='ltr'>Ἄλλο</span> 
     </span>
    </p>
   </div>
   <div class='ocr_carea' id='block_1_100' title="bbox 2555 4249 4032 4326">
    <p class='ocr_par' dir='ltr' id='par_1_100' title="bbox 2555 4249 4032 4326">
     <span class='ocr_line' id='line_1_100' title="bbox 2555 4249 4032 4326; baseline -0.001 -18"><span class='ocrx_word' id='word_1_565' title='bbox 2555 4255 2616 4308; x_wconf 89' lang='grc'><strong>’0</strong></span> <span class='ocrx_word' id='word_1_566' title='bbox 2668 4257 2734 4326; x_wconf 78' lang='grc' dir='ltr'><strong>τῇ</strong></span> <span class='ocrx_word' id='word_1_567' title='bbox 2784 4254 2980 4326; x_wconf 72' lang='grc' dir='ltr'>καρδίᾳ</span> <span class='ocrx_word' id='word_1_568' title='bbox 3031 4251 3359 4324; x_wconf 85' lang='grc' dir='ltr'>περίλυπος,</span> <span class='ocrx_word' id='word_1_569' title='bbox 3411 4255 3507 4304; x_wconf 73' lang='grc' dir='ltr'>καὶ</span> <span class='ocrx_word' id='word_1_570' title='bbox 3556 4254 3675 4312; x_wconf 83' lang='grc' dir='ltr'>ταῖς</span> <span class='ocrx_word' id='word_1_571' title='bbox 3719 4249 4032 4322; x_wconf 80' lang='grc' dir='ltr'>αἰσθήσεσιν</span> 
     </span>
    </p>
   </div>
   <div class='ocr_carea' id='block_1_101' title="bbox 2473 4343 4031 4417">
    <p class='ocr_par' dir='ltr' id='par_1_101' title="bbox 2473 4343 4031 4417">
     <span class='ocr_line' id='line_1_101' title="bbox 2473 4343 4031 4417; baseline -0.003 -15"><span class='ocrx_word' id='word_1_572' title='bbox 2473 4347 2639 4402; x_wconf 82' lang='grc' dir='ltr'>αὑτοῦ</span> <span class='ocrx_word' id='word_1_573' title='bbox 2682 4347 2986 4417; x_wconf 76' lang='grc' dir='ltr'>λελυμένος,</span> <span class='ocrx_word' id='word_1_574' title='bbox 3017 4345 3206 4416; x_wconf 85' lang='grc' dir='ltr'>ὥσπερ</span> <span class='ocrx_word' id='word_1_575' title='bbox 3237 4343 3514 4417; x_wconf 73' lang='grc' dir='ltr'>ἄρρωστος</span> <span class='ocrx_word' id='word_1_576' title='bbox 3553 4344 3669 4395; x_wconf 75' lang='grc' dir='ltr'>ἐστι</span> <span class='ocrx_word' id='word_1_577' title='bbox 3718 4343 3894 4397; x_wconf 86' lang='grc' dir='ltr'>πόνων</span> <span class='ocrx_word' id='word_1_578' title='bbox 3923 4361 4031 4397; x_wconf 76' lang='grc' dir='ltr'>σω·</span> 
     </span>
    </p>
   </div>
   <div class='ocr_carea' id='block_1_102' title="bbox 2479 4435 4029 4511">
    <p class='ocr_par' dir='ltr' id='par_1_102' title="bbox 2479 4435 4029 4511">
     <span class='ocr_line' id='line_1_102' title="bbox 2479 4435 4029 4511; baseline -0.004 -18"><span class='ocrx_word' id='word_1_579' title='bbox 2479 4439 2743 4511; x_wconf 87' lang='grc' dir='ltr'>ματικῶν,</span> <span class='ocrx_word' id='word_1_580' title='bbox 2790 4440 2885 4492; x_wconf 78' lang='grc' dir='ltr'>καὶ</span> <span class='ocrx_word' id='word_1_581' title='bbox 2920 4438 2982 4489; x_wconf 83' lang='grc' dir='ltr'>τὸ</span> <span class='ocrx_word' id='word_1_582' title='bbox 3016 4437 3187 4506; x_wconf 86' lang='grc' dir='ltr'>στόμα</span> <span class='ocrx_word' id='word_1_583' title='bbox 3235 4435 3399 4490; x_wconf 81' lang='grc' dir='ltr'>αὐτοῦ</span> <span class='ocrx_word' id='word_1_584' title='bbox 3447 4435 3734 4505; x_wconf 80' lang='grc' dir='ltr'>λελυμένον</span> <span class='ocrx_word' id='word_1_585' title='bbox 3771 4435 3908 4504; x_wconf 77' lang='grc' dir='ltr'>ἔχων</span> <span class='ocrx_word' id='word_1_586' title='bbox 3953 4437 4029 4498; x_wconf 83' lang='grc' dir='ltr'><strong>εἰς</strong></span> 
     </span>
    </p>
   </div>
   <div class='ocr_carea' id='block_1_103' title="bbox 2477 4533 3289 4608">
    <p class='ocr_par' dir='ltr' id='par_1_103' title="bbox 2477 4533 3289 4608">
     <span class='ocr_line' id='line_1_103' title="bbox 2477 4533 3289 4608; baseline -0.004 -18"><span class='ocrx_word' id='word_1_587' title='bbox 2477 4539 2585 4590; x_wconf 82' lang='grc' dir='ltr'><strong>πᾶν</strong></span> <span class='ocrx_word' id='word_1_588' title='bbox 2621 4536 2814 4608; x_wconf 81' lang='grc' dir='ltr'>βρῶμα</span> <span class='ocrx_word' id='word_1_589' title='bbox 2853 4535 3084 4605; x_wconf 70' lang='grc' dir='ltr'>βλάπτον</span> <span class='ocrx_word' id='word_1_590' title='bbox 3113 4533 3289 4587; x_wconf 79' lang='grc' dir='ltr'>αὐτόν.</span> 
     </span>
    </p>
   </div>
   <div class='ocr_carea' id='block_1_104' title="bbox 3039 4625 3475 4694">
    <p class='ocr_par' dir='ltr' id='par_1_104' title="bbox 3039 4625 3475 4694">
     <span class='ocr_line' id='line_1_104' title="bbox 3039 4625 3475 4694; baseline 0 -16"><span class='ocrx_word' id='word_1_591' title='bbox 3039 4625 3374 4694; x_wconf 81' lang='grc' dir='ltr'>Ἀπόκρισις</span> <span class='ocrx_word' id='word_1_592' title='bbox 3411 4628 3475 4690; x_wconf 78' lang='grc' dir='ltr'><strong>ζ’.</strong></span> 
     </span>
    </p>
   </div>
   <div class='ocr_carea' id='block_1_105' title="bbox 2546 4714 4026 4788">
    <p class='ocr_par' dir='ltr' id='par_1_105' title="bbox 2546 4714 4026 4788">
     <span class='ocr_line' id='line_1_105' title="bbox 2546 4714 4026 4788; baseline -0.003 -16"><span class='ocrx_word' id='word_1_593' title='bbox 2546 4719 2702 4781; x_wconf 78' lang='grc' dir='ltr'>Τινὲς</span> <span class='ocrx_word' id='word_1_594' title='bbox 2729 4717 2963 4788; x_wconf 81' lang='grc' dir='ltr'>ἀμύητοι</span> <span class='ocrx_word' id='word_1_595' title='bbox 2998 4715 3256 4778; x_wconf 82' lang='grc' dir='ltr'>πολλάκις</span> <span class='ocrx_word' id='word_1_596' title='bbox 3283 4716 3549 4786; x_wconf 74' lang='grc' dir='ltr'>εὔχονται,</span> <span class='ocrx_word' id='word_1_597' title='bbox 3582 4717 3716 4787; x_wconf 77' lang='grc' dir='ltr'>μήτε</span> <span class='ocrx_word' id='word_1_598' title='bbox 3745 4715 3842 4785; x_wconf 76' lang='grc' dir='ltr'>τῆς</span> <span class='ocrx_word' id='word_1_599' title='bbox 3879 4714 4026 4785; x_wconf 83' lang='grc' dir='ltr'>βασι-</span> 
     </span>
    </p>
   </div>
   <div class='ocr_carea' id='block_1_106' title="bbox 2477 4807 4033 4880">
    <p class='ocr_par' dir='ltr' id='par_1_106' title="bbox 2477 4807 4033 4880">
     <span class='ocr_line' id='line_1_106' title="bbox 2477 4807 4033 4880; baseline -0.003 -18"><span class='ocrx_word' id='word_1_600' title='bbox 2477 4811 2622 4874; x_wconf 85' lang='grc' dir='ltr'>λείας</span> <span class='ocrx_word' id='word_1_601' title='bbox 2652 4811 2751 4879; x_wconf 81' lang='grc' dir='ltr'>τῆς</span> <span class='ocrx_word' id='word_1_602' title='bbox 2777 4808 3020 4880; x_wconf 74' lang='grc' dir='ltr'>οὐρανῶν</span> <span class='ocrx_word' id='word_1_603' title='bbox 3052 4808 3366 4878; x_wconf 78' lang='grc' dir='ltr'>ἀξιωθῆναι,</span> <span class='ocrx_word' id='word_1_604' title='bbox 3415 4811 3550 4879; x_wconf 77' lang='grc' dir='ltr'>μήτε</span> <span class='ocrx_word' id='word_1_605' title='bbox 3581 4807 3927 4877; x_wconf 80' lang='grc' dir='ltr'>κολασθῆναι.</span> <span class='ocrx_word' id='word_1_606' title='bbox 3961 4809 4033 4858; x_wconf 83' lang='grc' dir='ltr'><strong>Τὸ</strong></span> 
     </span>
    </p>
   </div>
   <div class='ocr_carea' id='block_1_107' title="bbox 2480 4898 4033 4973">
    <p class='ocr_par' dir='ltr' id='par_1_107' title="bbox 2480 4898 4033 4973">
     <span class='ocr_line' id='line_1_107' title="bbox 2480 4898 4033 4973; baseline -0.004 -17"><span class='ocrx_word' id='word_1_607' title='bbox 2480 4903 2577 4973; x_wconf 77' lang='grc' dir='ltr'>μὲν</span> <span class='ocrx_word' id='word_1_608' title='bbox 2604 4903 2676 4964; x_wconf 82' lang='grc' dir='ltr'>ὡς</span> <span class='ocrx_word' id='word_1_609' title='bbox 2703 4901 2928 4968; x_wconf 78' lang='grc' dir='ltr'>ἀνάξιοι,</span> <span class='ocrx_word' id='word_1_610' title='bbox 2955 4901 3016 4953; x_wconf 77' lang='grc' dir='ltr'><strong>τὸ</strong></span> <span class='ocrx_word' id='word_1_611' title='bbox 3045 4901 3100 4953; x_wconf 84' lang='grc' dir='ltr'>δὲ</span> <span class='ocrx_word' id='word_1_612' title='bbox 3128 4900 3200 4962; x_wconf 85' lang='grc' dir='ltr'>ὼς</span> <span class='ocrx_word' id='word_1_613' title='bbox 3232 4900 3415 4963; x_wconf 81' lang='grc' dir='ltr'>ἐλέους</span> <span class='ocrx_word' id='word_1_614' title='bbox 3434 4899 3762 4970; x_wconf 81' lang='grc' dir='ltr'>τευξόμενοι,</span> <span class='ocrx_word' id='word_1_615' title='bbox 3789 4898 4033 4966; x_wconf 77' lang='grc' dir='ltr'>ἀγνοοῦν-</span> 
     </span>
    </p>
   </div>
   <div class='ocr_carea' id='block_1_108' title="bbox 2478 4994 4023 5067">
    <p class='ocr_par' dir='ltr' id='par_1_108' title="bbox 2478 4994 4023 5067">
     <span class='ocr_line' id='line_1_108' title="bbox 2478 4994 4023 5067; baseline -0.001 -19"><span class='ocrx_word' id='word_1_616' title='bbox 2478 5014 2565 5060; x_wconf 88' lang='grc' dir='ltr'><strong>τες</strong></span> <span class='ocrx_word' id='word_1_617' title='bbox 2592 4997 2674 5049; x_wconf 83' lang='grc' dir='ltr'>ὅτι</span> <span class='ocrx_word' id='word_1_618' title='bbox 2701 4999 2730 5050; x_wconf 84' lang='grc' dir='ltr'><strong>ὁ</strong></span> <span class='ocrx_word' id='word_1_619' title='bbox 2753 4997 2850 5067; x_wconf 82' lang='grc' dir='ltr'>τῆς</span> <span class='ocrx_word' id='word_1_620' title='bbox 2880 4996 3152 5066; x_wconf 76' lang='grc' dir='ltr'>βασιλείας</span> <span class='ocrx_word' id='word_1_621' title='bbox 3201 4995 3375 5059; x_wconf 73' lang='grc' dir='ltr'>ἐκτὸς,</span> <span class='ocrx_word' id='word_1_622' title='bbox 3406 4995 3554 5058; x_wconf 84' lang='grc' dir='ltr'>ἐντός</span> <span class='ocrx_word' id='word_1_623' title='bbox 3581 4996 3694 5048; x_wconf 80' lang='grc' dir='ltr'>ἐστι</span> <span class='ocrx_word' id='word_1_624' title='bbox 3725 4994 3992 5057; x_wconf 73' lang='grc' dir='ltr'>κολάσεως</span> <span class='ocrx_word' id='word_1_625' title='bbox 4011 5012 4023 5025; x_wconf 89' lang='grc'><strong>·</strong></span> 
     </span>
    </p>
   </div>
   <div class='ocr_carea' id='block_1_109' title="bbox 2477 5090 3580 5162">
    <p class='ocr_par' dir='ltr' id='par_1_109' title="bbox 2477 5090 3580 5162">
     <span class='ocr_line' id='line_1_109' title="bbox 2477 5090 3580 5162; baseline -0.002 -18"><span class='ocrx_word' id='word_1_626' title='bbox 2477 5091 2681 5161; x_wconf 83' lang='grc' dir='ltr'>ἀρετῆς</span> <span class='ocrx_word' id='word_1_627' title='bbox 2707 5091 2815 5162; x_wconf 83' lang='grc' dir='ltr'>γὰρ</span> <span class='ocrx_word' id='word_1_628' title='bbox 2854 5092 2948 5144; x_wconf 72' lang='grc' dir='ltr'>καὶ</span> <span class='ocrx_word' id='word_1_629' title='bbox 2978 5094 3175 5154; x_wconf 84' lang='grc' dir='ltr'>κακίας</span> <span class='ocrx_word' id='word_1_630' title='bbox 3209 5090 3369 5157; x_wconf 71' lang='grc' dir='ltr'>μέσον</span> <span class='ocrx_word' id='word_1_631' title='bbox 3409 5090 3580 5143; x_wconf 83' lang='grc' dir='ltr'>οὐδέν.</span> 
     </span>
    </p>
   </div>
   <div class='ocr_carea' id='block_1_110' title="bbox 3069 5353 3440 5420">
    <p class='ocr_par' dir='ltr' id='par_1_110' title="bbox 3069 5353 3440 5420">
     <span class='ocr_line' id='line_1_110' title="bbox 3069 5353 3440 5420; baseline -0.003 -15"><span class='ocrx_word' id='word_1_632' title='bbox 3069 5353 3326 5420; x_wconf 73' lang='grc' dir='ltr'>Σχόλιον</span> <span class='ocrx_word' id='word_1_633' title='bbox 3368 5353 3440 5420; x_wconf 87' lang='grc' dir='ltr'>η’.</span> 
     </span>
    </p>
   </div>
   <div class='ocr_carea' id='block_1_111' title="bbox 2551 5437 4029 5511">
    <p class='ocr_par' dir='ltr' id='par_1_111' title="bbox 2551 5437 4029 5511">
     <span class='ocr_line' id='line_1_111' title="bbox 2551 5437 4029 5511; baseline -0.001 -18"><span class='ocrx_word' id='word_1_634' title='bbox 2551 5440 2740 5510; x_wconf 75' lang='grc' dir='ltr'>Ψυχὰς</span> <span class='ocrx_word' id='word_1_635' title='bbox 2774 5439 3044 5493; x_wconf 80' lang='grc' dir='ltr'>ταπεινῶν</span> <span class='ocrx_word' id='word_1_636' title='bbox 3094 5437 3212 5494; x_wconf 82' lang='grc' dir='ltr'>εἷπε</span> <span class='ocrx_word' id='word_1_637' title='bbox 3232 5457 3245 5470; x_wconf 88' lang='grc'><strong>·</strong></span> <span class='ocrx_word' id='word_1_638' title='bbox 3295 5441 3382 5494; x_wconf 86' lang='grc' dir='ltr'><strong>διὰ</strong></span> <span class='ocrx_word' id='word_1_639' title='bbox 3427 5439 3522 5494; x_wconf 74' lang='grc' dir='ltr'>τοῦ</span> <span class='ocrx_word' id='word_1_640' title='bbox 3547 5439 3703 5503; x_wconf 77' lang='grc' dir='ltr'>ἐκτὸς</span> <span class='ocrx_word' id='word_1_641' title='bbox 3736 5439 3902 5511; x_wconf 78' lang='grc' dir='ltr'>ἧθους</span> <span class='ocrx_word' id='word_1_642' title='bbox 3934 5441 4029 5511; x_wconf 74' lang='grc' dir='ltr'>τὴν</span> 
     </span>
    </p>
   </div>
   <div class='ocr_carea' id='block_1_112' title="bbox 2477 5529 4030 5601">
    <p class='ocr_par' dir='ltr' id='par_1_112' title="bbox 2477 5529 4030 5601">
     <span class='ocr_line' id='line_1_112' title="bbox 2477 5529 4030 5601; baseline -0.001 -19"><span class='ocrx_word' id='word_1_643' title='bbox 2477 5531 2626 5594; x_wconf 73' lang='grc' dir='ltr'>ἐντὸς</span> <span class='ocrx_word' id='word_1_644' title='bbox 2658 5529 2954 5584; x_wconf 87' lang='grc' dir='ltr'>αἰνίττεται</span> <span class='ocrx_word' id='word_1_645' title='bbox 2999 5531 3345 5585; x_wconf 80' lang='grc' dir='ltr'>κατάστασιν.</span> <span class='ocrx_word' id='word_1_646' title='bbox 3394 5531 3468 5583; x_wconf 85' lang='grc' dir='ltr'>Τὸ</span> <span class='ocrx_word' id='word_1_647' title='bbox 3507 5530 3563 5583; x_wconf 83' lang='grc' dir='ltr'>δὲ</span> <span class='ocrx_word' id='word_1_648' title='bbox 3605 5531 3698 5582; x_wconf 81' lang='grc' dir='ltr'>καὶ</span> <span class='ocrx_word' id='word_1_649' title='bbox 3740 5529 3909 5600; x_wconf 81' lang='grc' dir='ltr'>αὐτὴν</span> <span class='ocrx_word' id='word_1_650' title='bbox 3935 5531 4030 5601; x_wconf 76' lang='grc' dir='ltr'>τὴν</span> 
     </span>
    </p>
   </div>
   <div class='ocr_carea' id='block_1_113' title="bbox 2476 5621 4030 5694">
    <p class='ocr_par' dir='ltr' id='par_1_113' title="bbox 2476 5621 4030 5694">
     <span class='ocr_line' id='line_1_113' title="bbox 2476 5621 4030 5694; baseline 0 -18"><span class='ocrx_word' id='word_1_651' title='bbox 2476 5624 2585 5676; x_wconf 87' lang='grc' dir='ltr'><strong>τῶν</strong></span> <span class='ocrx_word' id='word_1_652' title='bbox 2613 5621 2773 5675; x_wconf 88' lang='grc' dir='ltr'>λίθων</span> <span class='ocrx_word' id='word_1_653' title='bbox 2819 5621 3172 5694; x_wconf 85' lang='grc' dir='ltr'>ἀναισθησίαν</span> <span class='ocrx_word' id='word_1_654' title='bbox 3203 5623 3496 5687; x_wconf 78' lang='grc' dir='ltr'>κατανύξαι</span> <span class='ocrx_word' id='word_1_655' title='bbox 3544 5623 3860 5693; x_wconf 78' lang='grc' dir='ltr'>δυναμένας,</span> <span class='ocrx_word' id='word_1_656' title='bbox 3903 5624 3936 5694; x_wconf 83' lang='grc' dir='ltr'>ἦ</span> <span class='ocrx_word' id='word_1_657' title='bbox 3974 5625 4030 5677; x_wconf 75' lang='grc' dir='ltr'>τὸ</span> 
     </span>
    </p>
   </div>
   <div class='ocr_carea' id='block_1_114' title="bbox 2479 5714 4027 5786">
    <p class='ocr_par' dir='ltr' id='par_1_114' title="bbox 2479 5714 4027 5786">
     <span class='ocr_line' id='line_1_114' title="bbox 2479 5714 4027 5786; baseline 0.001 -19"><span class='ocrx_word' id='word_1_658' title='bbox 2479 5715 2813 5786; x_wconf 70' lang='grc' dir='ltr'>ὑπερϐάλλον</span> <span class='ocrx_word' id='word_1_659' title='bbox 2849 5715 2946 5786; x_wconf 84' lang='grc' dir='ltr'>τῆς</span> <span class='ocrx_word' id='word_1_660' title='bbox 2991 5714 3238 5785; x_wconf 81' lang='grc' dir='ltr'>πράξεως</span> <span class='ocrx_word' id='word_1_661' title='bbox 3269 5717 3335 5785; x_wconf 78' lang='grc' dir='ltr'>τῇ</span> <span class='ocrx_word' id='word_1_662' title='bbox 3381 5715 3616 5786; x_wconf 81' lang='grc' dir='ltr'>ὑπεροχῇ</span> <span class='ocrx_word' id='word_1_663' title='bbox 3661 5715 3896 5768; x_wconf 80' lang='grc' dir='ltr'>δείκνυσι</span> <span class='ocrx_word' id='word_1_664' title='bbox 3939 5717 4027 5768; x_wconf 63' lang='grc' dir='ltr'>τοῦ</span> 
     </span>
    </p>
   </div>
   <div class='ocr_carea' id='block_1_115' title="bbox 2477 5806 4028 5877">
    <p class='ocr_par' dir='ltr' id='par_1_115' title="bbox 2477 5806 4028 5877">
     <span class='ocr_line' id='line_1_115' title="bbox 2477 5806 4028 5877; baseline 0 -17"><span class='ocrx_word' id='word_1_665' title='bbox 2477 5807 2815 5868; x_wconf 69' lang='grc' dir='ltr'>αἰνίγματος·</span> <span class='ocrx_word' id='word_1_666' title='bbox 2869 5807 2944 5871; x_wconf 83' lang='grc' dir='ltr'>ὼς</span> <span class='ocrx_word' id='word_1_667' title='bbox 2992 5807 3098 5877; x_wconf 76' lang='grc' dir='ltr'><strong>γὰρ</strong></span> <span class='ocrx_word' id='word_1_668' title='bbox 3144 5808 3441 5874; x_wconf 74' lang='grc' dir='ltr'>πήγνυνται</span> <span class='ocrx_word' id='word_1_669' title='bbox 3491 5806 3828 5874; x_wconf 74' lang='grc' dir='ltr'>πεζευόμενα</span> <span class='ocrx_word' id='word_1_670' title='bbox 3860 5809 4028 5877; x_wconf 77' lang='grc' dir='ltr'>ὑπερ-</span> 
     </span>
    </p>
   </div>
  </div>
