4210 6464
169 434 282 497 ’185

1193 427 1415 488 SCALA
1454 424 1829 486 PARADISI.
1856 448 1926 458 --
1962 422 2265 481 GRADUS
2297 424 2363 484 V.

3281 414 3387 477 786

170 549 320 619 φυῶς
371 548 437 601 τὰ
491 548 684 602 ῦδατα’
740 547 881 600 οὓτω
928 548 1022 600 καὶ
1071 544 1264 614 πέτραι
1311 540 1728 614 διαρῤήγνυνται
1754 549 1832 605 At

1723 549 1802 605 ,Α
1829 540 2060 595 elatione
2115 538 2349 593 ostendit
2399 539 2416 606 (
2458 535 2911 604 quemadmodum
2971 535 3113 591 enim
3155 531 3385 589 labentia

168 639 482 707 αἰσθόμεναι
507 637 693 708 ὥσπερ
715 637 781 690 τὰ
814 634 1108 704 παράδοξα,
1128 633 1161 702 ἢ
1183 634 1281 697 τὰς
1307 631 1548 693 λιθώδεις
1571 634 1721 700 φησὶ,

169 728 261 779 καὶ
276 721 385 779 οἷον
406 726 758 793 ἀναισθήτους
777 723 1064 787 διαθέσεις,
1084 721 1313 793 μαλάξαι
1335 720 1424 773 καὶ
1443 721 1522 783 εἰς
1543 715 1722 774 οἶκτον

165 816 394 882 ἀγαγεῖν
419 814 737 883 δυναμένας.

1829 644 1924 700 per
1976 637 2172 684 terram
2208 627 2427 681 ﬂumina
2457 625 2657 694 frigore
2695 634 2946 680 concreta
3017 624 3171 680 miris
3212 625 3387 680 modis

1826 720 2112 781 sistuntur,
2147 717 2219 771 ita
2241 730 2372 771 saxa
2429 724 2682 784 tanquam
2733 714 2993 768 sentirent
3039 720 3387 782 rumpuntur,

1826 824 1947 879 quae
1981 817 2109 863 sunt
2136 816 2389 877 tanquam
2414 805 2681 876 paradoxa
2705 804 3182 874 etinusitata)aut
3224 819 3387 858 saxea

166 911 449 964 hominum
504 918 720 979 pectora
760 917 815 962 et
864 922 1056 962 sensus
1098 906 1385 962 aﬂ‘ectusve
1440 906 1585 959 velut
1625 918 1786 959 sensu
1840 913 2080 959 carentes
2123 904 2192 958 ad
2251 901 2676 956 misericordiam
2735 899 2977 955 emollire
3011 906 3066 953 et
3117 896 3388 956 inﬂectere

163 1006 385 1065 possent
413 997 669 1070 [emolliri
690 1005 744 1051 et
770 996 908 1049 ﬂecti
941 1009 1096 1062 posse
1114 993 1151 1065 1.

437 1093 690 1160 Σχόλιον
720 1092 825 1145 τοῦ
860 1090 1032 1158 ἁγίου
1062 1089 1333 1159 Μαξίμου
1373 1089 1440 1142 θ’.

237 1184 374 1247 Νοός
393 1186 537 1236 ἐστιν
555 1181 880 1253 ἀκαθαρσία·
903 1181 1117 1251 πρῶτον
1140 1180 1259 1252 μὲν,
1276 1180 1337 1234 τὸ
1354 1178 1554 1249 γνῶσιν
1577 1179 1719 1249 ἔχειν

159 1277 355 1347 ψευδῆ·
388 1276 633 1347 δεύτερον
668 1276 747 1338 δὲ,
779 1276 841 1329 τὸ
884 1276 1095 1343 ἀγνοεῖν
1117 1292 1168 1328 τι
1196 1274 1308 1327 τῶν
1359 1272 1614 1327 καθόλου’
1644 1271 1718 1335 ὡς

162 1367 302 1437 πρὸς
332 1367 663 1436 ἀνθρώπινον
694 1365 817 1420 νοῦν
849 1365 989 1433 λέγω
1010 1385 1023 1394 ·
1069 1364 1297 1433 ἀγγέλου
1341 1363 1449 1434 γάρ
1491 1363 1627 1425 ἐστι,
1657 1360 1719 1414 τὺ

163 1460 335 1526 μηδὲν
366 1460 474 1511 τῶν
501 1459 595 1511 ἐπὶ
622 1460 821 1529 μέρους
851 1458 1063 1525 ἀγνοεῖν
1085 1475 1097 1488 ·
1129 1458 1309 1526 τρίτον
1337 1456 1416 1518 δὲ,
1444 1455 1506 1507 τὺ
1542 1455 1721 1523 ἔμπα-

161 1551 280 1614 θεῖς
317 1551 462 1621 ἔχειν
493 1550 814 1620 λογισμούς’
844 1552 1097 1620 τέταρτον
1129 1548 1206 1613 δὲ,
1234 1549 1296 1601 τὸ
1336 1543 1721 1616 συγκατατίθε-

163 1642 292 1696 σθαι
331 1645 398 1709 τῇ
429 1643 687 1712 ἁμαρτίᾳ.

841 1821 1044 1872 Ἄλλο.

238 1910 450 1978 Tomi...
476 1913 621 1961 ἐστιν
648 1906 1011 1981 .ηάκαθαρσία,
1065 1924 1127 1961 το
1174 1908 1248 1978 μὴ
1292 1907 1533 1978 ἐνεργεῖν
1584 1907 1721 1960 κατά

160 2001 346 2066 φύσιν.
390 2002 482 2053 Ἐκ
517 2002 701 2054 τούτου
730 2003 837 2071 γὰρ
884 2003 1151 2054 τίκτονται
1177 1999 1253 2070 τῷ
1280 1998 1356 2070 νῷ
1384 2000 1432 2051 οῖ
1459 1998 1720 2069 ἐμπαθεῖς

160 2094 447 2162 λογισμοίν
501 2094 615 2146 τότε
666 2094 772 2164 γάρ
817 2094 1028 2161 ἐνεργεῖ
1079 2091 1219 2146 κατὰ
1264 2091 1444 2160 φύσιν,
1492 2090 1619 2144 ὃταν
1664 2093 1719 2143 αί

159 2184 466 2253 παθητικαὶ
518 2186 685 2254 αὐτῆς
728 2185 1004 2253 δυνάμεις,
1054 2188 1083 2237 ὁ
1130 2183 1297 2252 θυμὸς
1342 2182 1503 2250 λέγω,
1552 2185 1643 2236 καὶ
1684 2185 1717 2252 ἡ

156 2276 451 2346 ἐπιθυμία,
484 2277 543 2330 ἐν
575 2280 639 2347 τῇ
667 2278 775 2329 τῶν
804 2276 1162 2347 πραγμάτων,
1206 2274 1299 2327 καὶ
1326 2273 1434 2328 τῶν
1459 2275 1517 2327 ὲν
1540 2274 1720 2338 αὐτοῖς

156 2368 456 2438 νοημάτων
486 2368 759 2440 προσϐολῇ
784 2368 1012 2430 ἀπαθεῖς
1036 2367 1347 2438 διαμένωσι.

846 2636 1054 2687 Ἄλλο.

242 2727 307 2779 Ἡ
359 2730 480 2779 κατ’
511 2726 788 2796 ἐνέργειαν
815 2724 1078 2795 ἁμαρτία,
1122 2722 1368 2793 σώματός
1402 2723 1549 2774 ἐστιν
1586 2721 1719 2774 ἀκα-

154 2819 384 2889 θαρσία.

758 2931 1010 2998 Σχόλιον
1049 2934 1099 2981 ι’.

228 3044 463 3111 Σημεῖον
512 3041 783 3110 ὑπομονῆς
829 3041 862 3108 ἡ
919 3042 1022 3092 των
1073 3041 1248 3092 πόνων
1286 3038 1454 3107 φιλία,
1499 3041 1574 3101 εἰς
1623 3038 1716 3102 οὓς

154 3135 381 3197 θεωρων
404 3132 434 3183 ὁ
461 3130 603 3193 νοῦς,
630 3128 835 3190 ἐλπίζει
864 3129 1044 3198 τυχεῖν
1069 3126 1176 3179 τῶν
1207 3127 1643 3197 ἐπηγγελμένων.

750 3328 793 3378 Σ
796 3326 1003 3392 χόλιον
1043 3331 1130 3377 ια’.

227 3438 349 3489 Εἰσί
393 3453 514 3488 τινα
561 3438 658 3502 μὲν
712 3434 820 3486 τῶν
875 3432 1122 3503 δακρύων
1167 3433 1418 3499 καίοντα,
1464 3434 1557 3485 καὶ
1608 3435 1714 3486 εἰσὶ

145 3533 367 3598 δάκρυα
404 3528 702 3583 πιαίνοντα.
739 3526 922 3581 Πάντα
945 3521 1038 3579 οῦν
1068 3526 1137 3578 τὰ
1171 3527 1398 3596 δάκρυα,
1428 3526 1495 3579 τά
1532 3528 1597 3580 ἐκ
1618 3526 1717 3595 τῆς

162 3621 385 3692 καρδίας
426 3620 797 3690 κατερχόμενα
824 3618 911 3672 διὰ
952 3618 1050 3687 τῆς
1096 3618 1391 3687 ἁμαρτίας,
1424 3618 1596 3672 ταῦτα
1627 3619 1715 3689 ξη-

148 3714 401 3781 ραίνουσι
445 3712 506 3766 τὸ
552 3712 710 3782 σῶμα
755 3711 849 3764 καὶ
894 3711 1148 3778 καίουσι,
1191 3712 1285 3762 καὶ
1324 3710 1579 3774 πολλάκις
1626 3712 1718 3765 καὶ

144 3807 284 3859 αὐτὸ
339 3805 399 3858 τὸ
448 3805 790 3875 ἡγεμονικὸν,
856 3804 956 3873 τῆς
1020 3804 1084 3856 ὲκ
1143 3804 1345 3855 τούτων
1403 3803 1715 3857 αἰσθάνεται

146 3898 359 3967 βλάΰης
410 3900 468 3951 ὲν
518 3900 583 3967 τῇ
637 3897 801 3967 ἐξόδῳ
852 3894 1061 3948 αὐτῶν·
1123 3897 1216 3946 καὶ
1258 3896 1471 3965 πρῶτον
1515 3897 1613 3966 μὲν
1660 3898 1718 3950 ὲν

143 3988 326 4059 ταύτῃ
353 3991 418 4058 τῇ
453 3986 600 4051 τάξει
631 3985 738 4039 τῶν
767 3985 1015 4055 δακρυων
1054 3983 1114 4047 ἐξ
1141 3984 1385 4055 ἀνάγκης
1430 3986 1646 4057 ἀπαντᾷ
1688 3989 1717 4040 ὁ

140 4082 471 4152 ἄνθρωπος·
541 4080 634 4133 καὶ
683 4078 751 4132 δι’
800 4078 978 4131 αὐτῶν
1039 4077 1314 4145 ἀνοίγεται
1379 4077 1517 4149 θύρα
1565 4080 1716 4150 αῦτῷ

141 4172 414 4225 εἰσελθεῖν
441 4171 520 4233 είς
548 4171 645 4241 τὴν
694 4168 848 4237 τάξιν
889 4168 985 4241 τὴν
1016 4169 1272 4238 δευτέραν
1306 4168 1404 4239 τὴν
1434 4170 1716 4239 κρείττονα

139 4263 349 4330 αὐτῆς,
375 4261 509 4331 ὅπερ
536 4260 653 4314 ἐστὶ
678 4259 842 4330 χαρά,
887 4260 944 4312 ὲν
1047 4260 1257 4331 δέχεται
1286 4263 1315 4313 ὁ
1350 4260 1632 4332 ἄνθρωπος
1655 4260 1715 4315 τὸ

138 4354 301 4417 ἔλεος
324 4372 338 4384 ·
368 4351 539 4407 ταῦτα
577 4352 634 4404 δέ
672 4355 778 4406 εἰσι
818 4352 889 4405 τὰ
934 4352 1143 4424 δάκρυα
1180 4353 1251 4407 τὰ
1281 4353 1617 4424 προχεόμενα
1650 4356 1716 4408 ἐκ

138 4449 247 4517 τῆς
302 4445 593 4511 συνέσεως,
627 4444 664 4498 ἃ.
712 4446 806 4500 καὶ
847 4444 1159 4515 ὡραΐζονσι,
1215 4445 1308 4498 καὶ
1342 4445 1607 4499 πιαίνουσι
1653 4448 1715 4500 τὸ

139 4540 315 4607 σῶμα
371 4537 465 4589 καὶ
507 4537 777 4600 ἀϐιάστως
827 4538 922 4606 ἀφ’
953 4536 1159 4589 ἑαυτῶν
1206 4536 1583 4607 κατέρχονται,
1620 4540 1714 4591 καὶ

140 4638 171 4699 ὴ
204 4632 404 4698 ὅρασις
441 4627 535 4680 τοῦ
590 4627 875 4699 ἀνθρώπου
920 4628 1253 4680 ἀλλοιοῦταιο
1306 4626 1533 4694 καρδίας
1581 4627 1709 4695 γὰρ,

136 4724 342 4795 φησὶν,
376 4722 822 4791 εὐφραινομένης,
858 4719 1042 4775 θάλλει
1072 4721 1378 4792 πρόσωπον.

742 4836 789 4886 Σ
790 4834 997 4903 χόλιον
1027 4832 1114 4887 ιδ’.

208 4948 572 5016 Δὺσφραστον
594 4948 687 5000 καὶ
706 4947 1010 5016 δυσνόητον,
1029 4947 1089 4999 τδ
1110 4946 1168 4999 ὲν
1192 4946 1269 5017 τῷ
1289 4948 1448 5000 παντὶ
1466 4946 1710 5021 ἐθεώρει,

133 5043 165 5093 ὃ
192 5044 223 5093 ὁ
262 5040 459 5108 Πατὴρ
484 5039 719 5093 ἐνταῦθα
746 5039 973 5105 τέθεικε,
1004 5040 1095 5093 καὶ
1120 5040 1354 5110 ἀπορίαν
1385 5040 1583 5105 πολλὴν
1612 5041 1710 5111 ἐμ-

134 5129 345 5183 ποιοῦν
396 5131 507 5192 τοῖς
561 5128 1039 5198 ἀναγινώσκουσιν.
1095 5126 1260 5199 Οἶμαι
1315 5130 1372 5184 δὲ
1421 5130 1495 5201 μὴ
1540 5131 1713 5196 ἄλλως

131 5224 305 5277 τοῦτο
363 5223 596 5276 νοεῖσθαι
652 5223 685 5294 ἢ
744 5222 933 5287 οὕτως,
990 5224 1150 5295 ἡνίκα
1190 5240 1272 5286 τις
1326 5224 1502 5276 αὐτῶν
1540 5225 1598 5275 ὲν
1632 5224 1711 5295 τῷ

130 5317 310 5371 παντὶ
355 5316 503 5386 ἐώρα
546 5317 765 5370 ἑαυτόν·
798 5317 1093 5382 τουτέστιν,
1135 5318 1332 5370 ὁπόταν
1359 5333 1441 5380 τις
1478 5315 1586 5368 τῶν
1625 5332 1711 5368 τε·

132 5407 469 5464 λευτὼντων
515 5408 685 5477 ἁγίων
728 5408 1035 5463 καταδίκων
1076 5408 1292 5471 έδλεπε,
1337 5408 1542 5469 πάντας
1582 5406 1709 5470 τοὺς

132 5501 373 5562 λοιποὺς
397 5498 727 5564 κυκλοῦντας
757 5500 916 5553 αὐτόν
937 5516 949 5529 ο
983 5502 1077 5553 καὶ
1120 5499 1271 5562 ὅλους
1298 5499 1398 5568 τῆς
1435 5498 1710 5567 φροντίδος

132 5591 365 5645 ἐκείνου
393 5590 734 5660 γενομένους,
782 5592 857 5653 ὡς
896 5590 1183 5659 μέλλοντας
1210 5592 1415 5663 ἐρωτᾷν
1450 5590 1577 5659 περὶ
1607 5588 1705 5657 τῆς

2224 1080 2466 1135 Scholion
2498 1078 2679 1133 Sancti
2709 1079 2933 1133 Maximi
2974 1080 3024 1135 9.

1930 1171 2123 1228 Mentis
2150 1172 2430 1243 impuritas
2457 1180 2542 1225 est
2569 1188 2581 1223 :
2626 1169 2879 1239 primum,
2910 1169 3044 1226 falsa
3074 1184 3254 1224 rerum
3293 1186 3384 1225 co-

1824 1266 2064 1337 gnitione
2090 1265 2353 1320 imbutum
2379 1279 2500 1319 esse
2521 1306 2536 1329 ,
2563 1261 2779 1325 deinde,
2807 1262 3016 1318 nescire
3048 1262 3190 1332 quod
3225 1278 3385 1333 gene-

1824 1358 1983 1412 ratim
2031 1365 2230 1411 norunt
2275 1370 2503 1421 ntnnes;
2544 1354 2697 1425 135
2733 1356 2799 1411 de
2845 1355 3078 1411 humana
3101 1367 3279 1411 mente
3306 1355 3385 1410 lo-

1822 1465 1999 1520 quor:
2050 1449 2224 1520 angeli
2272 1449 2414 1503 enim
2458 1448 2619 1502 etiam
2682 1448 2863 1502 omnia
2915 1446 3206 1516 singularia
3259 1461 3383 1515 per-

1821 1548 2087 1604 noscunt;
2158 1538 2331 1604 tertio,
2394 1537 2606 1593 vntiosis
2657 1536 3044 1605 cogitationum
3108 1535 3385 1603 perturba-

1819 1628 2057 1685 tionibus
2113 1627 2409 1683 obnoxium
2474 1641 2634 1692 esse;
2708 1634 3002 1695 postremo,
3081 1626 3385 1680 consentire

1824 1727 2063 1787 peccato.

2532 1808 2711 1862 Aliud.

1901 1901 2185 1972 lmpuritas
2252 1900 2446 1956 animae
2487 1910 2569 1954 est
2644 1900 2859 1967 quando
2918 1913 3026 1953 non
3088 1898 3384 1953 secundum

1825 2001 2076 2048 naturam
2126 1993 2236 2062 agit
2289 2002 2343 2047 et
2384 2002 2656 2061 operatur.
2710 1991 2783 2043 Ex
2831 1991 2934 2045 huc
2982 1989 3251 2045 exsistunt
3304 1990 3380 2043 vi—

1827 2085 1977 2141 tiosae
2021 2085 2075 2139 in
2136 2092 2315 2139 mente
2367 2082 2911 2153 cogitationes:tune
2963 2081 3254 2135 secundum
3286 2096 3383 2133 na-

1831 2188 2006 2232 turam
2062 2177 2174 2248 agit
2214 2175 2416 2241 anima,
2459 2175 2676 2246 quando
2713 2173 2997 2229 inferiores
3050 2175 3169 2241 ejus
3214 2170 3382 2226 facul-

1827 2277 1964 2324 tates
2015 2277 2069 2323 et
2107 2266 2387 2339 passiones
2417 2268 2541 2337 (ira,
2571 2266 2818 2336 inquam,
2868 2272 2922 2319 et
2969 2267 3233 2335 appetitus
3285 2279 3381 2319 seu

1828 2360 2290 2431 concupiscentia)
2345 2359 2400 2414 in
2449 2374 2629 2414 rerum
2669 2359 3023 2429 gerendarum
3086 2366 3140 2411 et
3180 2356 3381 2426 cogita—

1830 2449 2037 2504 tinnum
2087 2450 2326 2522 ipsarum
2386 2449 2586 2519 impetu
2649 2449 2767 2505 sine
2808 2447 3214 2517 perturbatione
3260 2462 3380 2518 per»

1825 2540 2026 2597 sistunt

2527 2634 2704 2689 Aliud.

1891 2724 2148 2794 Corporis
2212 2725 2497 2781 imuuritas
2569 2733 2653 2780 est
2697 2724 2867 2795 ipsius
2925 2726 3128 2796 peccati
3191 2742 3380 2798 perpe-

1824 2817 1986 2871 tratio

2442 2924 2690 2982 Scholion
2736 2926 2803 2981 10

1893 3038 2281 3107 Argumentum
2347 3055 2441 3093 seu
2496 3039 2709 3108 signum
2772 3038 3043 3108 patientiae
3091 3049 3173 3095 est
3224 3056 3375 3095 amor

1821 3129 2087 3193 laborum,
2144 3131 2199 3184 in
2258 3144 2396 3199 quos
2448 3129 2576 3184 dum
2620 3145 2776 3185 mens
2826 3132 3063 3202 respicit,
3115 3142 3292 3202 sperat
3324 3149 3383 3189 se

1821 3220 2063 3276 coelestia
2113 3222 2382 3291 promissa
2438 3232 2833 3279 assecuturam.

2438 3335 2683 3392 Scholion
2734 3337 2820 3392 H.

1892 3445 2272 3517 Lacrymarum
2344 3448 2464 3503 aliae
2534 3458 2700 3505 urunt
2759 3460 2812 3505 et
2862 3462 3096 3506 macmnt
3160 3469 3378 3524 corpus,

1820 3537 1938 3591 alia:
1998 3538 2285 3608 saginam;
2353 3555 2546 3596 omnes
2608 3556 2729 3611 quae
2780 3556 2842 3596 ex
2903 3543 3065 3598 corde
3116 3560 3208 3613 per
3254 3561 3379 3615 pec-

1823 3638 2001 3682 catum
2032 3638 2376 3699 promanant,
2406 3632 2732 3687 exhauriunt
2778 3642 2833 3687 et
2877 3634 3113 3689 exedunt
3140 3650 3376 3705 corpus;

1823 3734 1996 3788 neque
2036 3735 2161 3774 raro
2216 3720 2429 3776 animus
2479 3737 2694 3793 quoque
2738 3722 3031 3792 imperator
3084 3733 3139 3779 et
3191 3726 3381 3780 melior

1820 3828 1945 3883 pars
1993 3812 2229 3866 hominis
2279 3828 2343 3865 ex
2379 3812 2571 3867 harum
2621 3812 2958 3883 proﬂuxione
2988 3816 3247 3869 damnum
3287 3831 3378 3870 ca-

1818 3897 1897 3968 pit
1934 3905 1990 3951 et
2036 3897 2238 3952 sentit.
2264 3908 2318 3951 ct
2351 3899 2584 3967 primum
2619 3900 2837 3970 quidem
2875 3901 2930 3955 in
2978 3902 3075 3957 has
3113 3904 3381 3973 lacrymas

1820 3990 1922 4044 hoc
1977 3990 2166 4043 ordine
2189 3989 2515 4059 proﬂuentes
2545 3992 2851 4048 necessario
2909 3998 3138 4050 incurrit
3192 3997 3376 4060 homo,

1824 4098 1916 4153 per
1954 4097 2093 4153 quas
2119 4092 2357 4152 aperitur
2385 4083 2459 4137 illi
2481 4100 2667 4152 ianua,
2697 4093 2758 4140 ut
2789 4101 2818 4139 a
2858 4087 3048 4155 primis
3077 4089 3142 4141 ad
3186 4104 3380 4143 secun-

1814 4173 1909 4227 das
1970 4183 2206 4228 transeat
2256 4173 2427 4227 multo
2496 4175 2688 4245 primis
2733 4176 3025 4245 meliores,
3079 4181 3221 4250 quod
3296 4191 3381 4237 est

1813 4266 2067 4335 gaudium
2122 4266 2266 4336 quod
2316 4265 2521 4319 homini
2604 4268 2859 4323 conciliat
2931 4272 3379 4327 misericordiam.

1817 4356 1909 4411 lla:
1962 4356 2215 4428 lacrymae
2269 4356 2685 4427 proﬁciscuntur
2721 4375 2787 4414 ex
2836 4360 3208 4431 intelligentia,
3255 4365 3377 4433 qui-

1814 4450 1915 4505 bus
1970 4449 2254 4505 eﬂlorescit
2312 4459 2366 4503 et
2424 4449 2731 4521 pinguescit
2784 4470 3022 4522 corpus,
3073 4464 3128 4509 et
3172 4455 3291 4509 sine
3327 4472 3377 4510 γι

1818 4549 2010 4611 sponte
2068 4556 2164 4596 sua
2191 4541 2489 4607 exundant,
2517 4552 2570 4595 et
2596 4553 2870 4612 aspectum
2909 4546 3145 4602 hominis
3177 4564 3375 4601 immu-

1812 4642 1926 4687 tant
1955 4650 1969 4687 ;
2000 4632 2174 4688 Corde
2212 4634 2355 4687 enim
2388 4672 2403 4697 ,
2439 4632 2648 4701 inquit,
2695 4635 3120 4692 exhilarescente
3142 4676 3159 4702 ,
3200 4639 3379 4695 vultus

1812 4739 2027 4795 quoque
2074 4735 2374 4781 serenatur.

2403 4836 2651 4892 Scholion
2705 4838 2791 4893 12.

1887 4951 1953 5007 Ει
2008 4952 2155 5007 dictu
2202 4961 2258 5008 et
2314 4952 2529 5021 cognitu
2583 4952 2890 5022 perdillicm
2937 4961 3041 5019 est,
3088 4953 3216 5023 quid
3272 4955 3374 5011 sibi

1818 5040 1975 5095 Pater
2057 5041 2183 5096 velit
2261 5042 2345 5097 his
2397 5041 2577 5096 verbis
2627 5057 2748 5111 quae
2806 5041 2893 5096 hic
2967 5044 3145 5112 posuit
3200 5044 3258 5096 ὲν
3299 5045 3373 5115 τῷ

1818 5130 1996 5195 παντί,
2042 5130 2097 5185 in
2158 5132 2307 5185 omni
2348 5131 2459 5203 (a);
2505 5145 2625 5200 quae
2669 5132 2969 5202 legentibus
3026 5134 3249 5186 multant
3277 5134 3372 5188 du-

1815 5220 2126 5275 bitationem
2189 5220 2443 5276 afferunt.
2506 5221 2771 5277 Existimo
2831 5232 3011 5277 autem
3077 5226 3179 5280 hoc
3264 5239 3371 5279 non

1817 5311 1970 5363 aliter
2016 5310 2417 5382 intelligendum
2455 5326 2619 5381 quam
2647 5314 2759 5368 sic:
2799 5311 3029 5379 Quando
3056 5316 3178 5384 quis
3226 5331 3285 5370 se
3316 5316 3370 5369 in

1819 5402 2097 5455 communi
2147 5401 2372 5457 fratrum
2413 5402 2649 5467 videbat,
2701 5403 2801 5458 hoc
2832 5414 2936 5469 est,
2987 5406 3202 5475 quando
3248 5407 3371 5475 quis

1814 5492 2271 5548 moritur-ientium
2348 5504 2661 5550 sanctorum
2694 5531 2713 5559 ,
2767 5497 2862 5564 qui
2924 5495 3129 5565 seipsos
3180 5496 3371 5565 dignos

1812 5583 2001 5639 inferis
2040 5584 2367 5654 judicarant,
2420 5600 2608 5641 omnes
2673 5586 2908 5657 reliquos
2953 5586 3089 5641 lecto
3137 5587 3368 5640 circum-

210 5749 444 5821 (0)1‘330
479 5749 719 5821 intelligo
747 5750 1190 5808 valetudinarium
1257 5749 1477 5819 δοκεῖιιν.
1513 5748 1564 5803 in
1624 5764 1731 5819 quo
1770 5748 1878 5820 jam
1955 5749 2122 5806 vicini
2185 5749 2346 5805 morti
2388 5758 2443 5805 ct
2494 5749 2722 5819 depositi
2766 5748 3185 5804 collocabantur.
3255 5746 3366 5804 lloc

131 5820 289 5879 ςωω
326 5820 569 5876 narratio
592 5821 706 5887 ipsa
729 5821 977 5877 ostendit.
