4210 6464
177 422 282 486 7R9

770 535 1020 602 Σχόλιυν
1063 531 1149 587 ιθ’.

246 627 413 678 ’Ὅταν
447 626 728 697 ἄνθρωπος
770 625 1116 695 μνημονεύσῃ
1161 623 1267 677 τῶν
1313 621 1544 694 πρώτων
1576 620 1738 674 αὐτοῦ

178 716 480 786 ἁμαρτιῶν,
510 717 603 770 καὶ
639 716 838 788 κολάσῃ
865 717 1074 780 ἑαυτὸν,
1095 715 1215 769 τότε
1242 715 1335 768 xci.
1362 717 1391 768 ὁ
1419 714 1551 775 Θεὸς
1579 730 1740 782 φρον-

177 808 296 861 τίδα
329 810 560 861 ποιεῖται
599 808 912 862 ἀναπαῦσαι
941 807 1123 861 αὐτόν.
1159 806 1302 860 Διότι
1328 807 1508 877 χαίρει
1532 805 1560 856 ὁ
1587 804 1738 867 Θεὸς,

178 902 257 954 ὅτι
288 899 463 970 ἑαυτῷ
490 899 551 952 τὸ
583 899 854 970 ἐπιτίμιον
879 898 1117 953 δέδωκεν.
1138 898 1297 961 αὐτὸς
1323 897 1410 951 διὰ
1438 897 1538 968 τὴν
1567 896 1742 967 παρὰ-

177 991 337 1043 ϐασιν
387 990 488 1060 τῆς
521 990 640 1044 ὀδοῦ
681 989 775 1043 τοῦ
815 989 984 1042 Θεοῦο
1031 991 1165 1058 ὅπερ
1216 989 1435 1058 σημεῖόν
1485 990 1600 1042 ἔστι
1640 989 1740 1057 τῆς

178 1083 298 1135 ὀδοῦ
326 1083 421 1151 τῆς
453 1083 760 1152 μετανοίας,
790 1083 882 1136 καὶ
927 1082 1048 1135 ὅσον
1081 1081 1242 1145 αὐτὸς
1289 1080 1458 1135 πολλὰ
1497 1080 1740 1152 βιάσεται

178 1174 275 1242 τὴν
295 1173 471 1245 ψυχὴν
503 1172 687 1240 αὑτοῦ,
711 1172 962 1227 τοσοῦτον
989 1173 1316 1242 πληθύνεται
1337 1175 1400 1227 ἐκ
1420 1173 1515 1228 τοῦ
1544 1171 1679 1227 Θεοῦ
1704 1173 1738 1243 ἡ

177 1264 309 1334 τιμὴ
337 1263 523 1319 αὑτοῦ.

773 1446 1033 1500 Σγόλιιν
1079 1454 1147 1500 κ’.

773 1465 814 1500 ιι
860 1465 1033 1500 οκιιτ·
1079 1465 1147 1500 κ.

255 1535 510 1608 Ἑϐδόμη,
532 1539 566 1608 ἡ
597 1465 857 1594 minus:
869 1536 1003 1610 ζωὴ,
1028 1538 1247 1610 δουλικὴ
1275 1537 1350 1602 δὲ,
1373 1539 1448 1600 ὼς
1473 1540 1541 1610 τῇ
1565 1537 1741 1610 φθορᾷ

174 1625 528 1699 δουλευούσης
583 1631 682 1700 τῆς
726 1630 992 1693 κτίσεωςο
1049 1629 1206 1702 ὀγδόη
1251 1631 1280 1682 ὁ
1330 1629 1537 1700 μέλλων
1583 1630 1736 1699 αἰὼν,

176 1717 299 1771 καθ’
326 1719 384 1772 ὃν
419 1721 516 1784 τῆς
546 1721 603 1774 ὲν
630 1720 804 1793 φθορᾷ
827 1721 1070 1786 δουλείας
1096 1721 1538 1793 ὲλευθερούμεθα.

851 1991 1058 2043 Ἄλλο.

254 2077 524 2150 Ἐϐδόμην
583 2080 832 2152 δουλικὴν
876 2083 973 2151 τὴν
1040 2081 1320 2152 παροῦσαν
1376 2081 1522 2151 λέγει
1565 2081 1730 2152 ζωὴν,

172 2170 462 2242 ἐλευθέραν
488 2173 544 2226 δὲ
571 2173 668 2244 τὴν
697 2175 992 2242 μέλλουσαν
1012 2191 1026 2206 ·
1049 2175 1137 2228 διὰ
1167 2175 1275 2228 τῶν
1302 2177 1438 2229 ἑπτὰ
1461 2176 1568 2246 γὰρ
1597 2176 1732 2245 ἠμε-

171 2257 286 2330 ρῶν
318 2260 412 2312 τοῦ
449 2262 704 2333 παρόντος
739 2263 875 2332 βίου,
906 2265 1015 2318 τῶν
1043 2266 1102 2318 ὲν
1145 2265 1294 2337 αὐτῷ
1329 2266 1732 2336 συμϐαινόντων

171 2353 505 2423 σφαλμάτων
553 2356 652 2428 τὴν
699 2356 1117 2430 δουλοπρέπειαν
1170 2357 1622 2430 ἐκτιναξάμενος,
1661 2359 1730 2430 τῇ

168 2444 336 2518 ὀγδόῃ
362 2447 495 2518 πρὸς
523 2448 668 2520 ζωὴν
695 2449 984 2522 ἐλευθέραν
1017 2449 1301 2522 μετῆλθεν.

751 2630 797 2680 Σ
799 2628 1009 2696 χόλιον
1048 2636 1154 2683 καθ.

240 2714 392 2784 Αὕτη
427 2717 572 2770 ἐστὶν
605 2720 638 2788 ὴ
669 2719 882 2790 ἀνδρία,
908 2719 970 2773 τὸ
1007 2722 1473 2790 ἀνταγωνίσασθαι
1516 2723 1609 2780 τδν
1639 2725 1734 2779 ἄν·

169 2805 393 2876 θρωπον
419 2809 540 2871 ταῖς
586 2810 874 2881 προτέραις
913 2812 1076 2865 αὐτοῦ
1123 2814 1436 2883 ἁμαρτίαις,
1478 2815 1616 2888 ὑπὲρ
1656 2810 1734 2872 ὧν

169 2898 267 2950 καὶ
301 2899 606 2968 παρακαλεῖ
649 2903 1084 2975 συγχωρηθῆναι,
1119 2905 1194 2978 μὴ
1239 2909 1401 2961 πάλιν
1448 2909 1732 2980 πεισθῆναι

167 2991 384 3054 αὐταῖς.
424 2993 531 3046 εἴτε
575 2995 634 3046 ὲν
672 2998 739 3066 τῇ
785 2995 980 3068 καρδίᾳ
1028 2998 1210 3065 αὑτοῦ,
1243 3000 1354 3054 εἴτε
1386 3001 1447 3055 ὲν
1477 3002 1730 3073 πράξεσι,

167 3080 281 3134 εἴτε
313 3083 370 3134 ἐν
398 3082 699 3154 αἰσθήσεσι.

849 3264 1058 3318 Ἄλλο.

251 3351 474 3422 ’Δνδρία
499 3353 725 3424 καρδίας
750 3354 971 3425 βοήθειά
996 3357 1111 3410 ἐστι
1133 3361 1197 3429 τῇ
1227 3360 1369 3432 ψυχῇ
1403 3363 1542 3431 μετὰ
1579 3363 1732 3430 Θεὸν,

165 3439 363 3514 ὥσπερ
389 3445 424 3514 ὴ
453 3445 649 3515 ἀκηδία
674 3446 893 3516 βοήθειά
919 3451 1036 3502 ἐστι
1076 3450 1176 3520 τῆς
1205 3454 1420 3517 κακίας.

855 3628 1055 3686 Ἄλλο.

251 3712 470 3782 ’Δγάπη
499 3716 531 3784 ἡ
559 3715 641 3778 εἰς
665 3716 816 3780 Θεὸν,
857 3719 1106 3776 ἐκδιώκει
1134 3725 1230 3797 τὴν
1271 3728 1526 3798 ἀμέλειαν
1547 3748 1561 3762 ο
1595 3735 1628 3804 ἡ
1675 3733 1733 3787 δὲ

163 3802 378 3874 ἀφοϐία
422 3807 624 3878 ἐγείρει
653 3811 839 3882 αὑτήν.

631 3989 887 4056 Σχόλιον
931 3991 1133 4046 Ἰσαὰκ
1167 3995 1271 4064 κβ¹.

239 4075 405 4129 Ἔστι
451 4078 774 4143 ταπείνωσις
823 4083 888 4135 ἐκ
935 4083 1093 4148 Θεοῦ,
1127 4087 1220 4140 καὶ
1264 4087 1409 4142 ἐστιν
1447 4107 1476 4144 ο
1512 4093 1601 4148 διὰ
1642 4096 1734 4149 τὸν

163 4167 341 4234 φόϐον
371 4167 464 4221 τοῦ
488 4168 622 4222 Θεοῦ
650 4173 1070 4245 ταπεινούμενος
1089 4217 1107 4242 ,
1151 4179 1244 4231 καλ⁵
1272 4179 1385 4234 ἔστι
1410 4183 1734 4250 ταπείνωσις

163 4258 231 4309 ἐκ
260 4257 363 4312 τοῦ
412 4260 576 4314 πόθου
605 4261 697 4314 τοῦ
733 4263 867 4317 Θεοῦ
888 4280 901 4295 ·
933 4267 1026 4320 καὶ
1056 4267 1249 4339 ἐκείνῳ
1279 4271 1378 4340 μὲν
1406 4273 1482 4342 τῷ
1512 4274 1600 4328 διὰ
1643 4278 1734 4331 τὸν

162 4347 341 4415 φόῦον
381 4349 476 4402 τοῦ
522 4351 657 4404 Θεοῦ
698 4357 1104 4428 ταπεινουμένῳ
1139 4360 1420 4415 ἀκολουθεῖ
1465 4365 1734 4422 ἐπιείκεια

160 4438 278 4491 τῶν
314 4439 498 4510 μελῶν
547 4443 682 4512 μετὰ
729 4445 1006 4502 εὐτάκτων
1036 4449 1360 4521 αἰσθήσεων,
1407 4456 1498 4508 καὶ⁸
1539 4457 1733 4528 καρδία

160 4533 607 4632 συντετριμμένη
625 4536 692 4632 *ἐν
716 4538 879 4632 παντὶ
899 4539 1102 4632 καιρῷο
1133 4541 1212 4612 τῷ
1247 4542 1304 4596 δὲ
1324 4544 1411 4598 διὰ
1441 4545 1539 4617 τὴν
1559 4552 1732 4619 χαρὰν
1763 4577 1806 4632 ι)

156 4622 585 4693 ταπεινωμένῳ,
612 4626 892 4682 ἀκολουθεί
920 4630 1158 4704 ἁπλότης
1183 4635 1374 4706 πολλὴ,
1418 4640 1512 4693 καί⁵
1538 4644 1734 4713 καρδία

158 4713 480 4768 αὐέἀνουσα
506 4716 600 4770 καὶ
643 4718 971 4792 ἀκρὰτητος.

762 4893 1017 4960 Σχόλιον
1041 4905 1148 4965 κγ’.

234 4978 452 5047 Ἔργον
493 4980 869 5046 ταπεινώσεως
917 4987 1098 5054 ἐστιν,
1160 4989 1279 5057 ἵνα,
1325 4993 1419 5046 εάν
1457 5013 1542 5061 τις
1592 4999 1737 5069 ἡμᾶς

158 5069 533 5138 βδελύσσηται
566 5070 598 5141 ἦ
632 5072 820 5145 διώκῃ,
868 5075 1080 5148 ἔχωμεν
1115 5083 1368 5154 φρόνημα
1401 5085 1514 5140 ἴσον
1557 5090 1736 5158 κυνὸς,

153 5162 217 5223 ὃς
245 5163 389 5215 ὅταν
415 5162 699 5232 διώκηται,
726 5167 1026 5241 ἀναχωρεῖ·
1049 5172 1179 5227 ὅταν
1203 5174 1260 5228 δὲ
1283 5177 1547 5243 καλεῖται,
1576 5180 1734 5252 ἔρχε-

154 5272 276 5314 ται,
312 5254 534 5324 ἔχοντες
564 5258 622 5309 ὲν
661 5259 728 5328 τῇ
763 5259 958 5330 καρδίᾳ.
986 5262 1068 5315 ὅτι
1108 5266 1206 5318 οὐκ
1237 5266 1401 5337 ἐσμὲν
1432 5269 1570 5336 ἄξιοι
1599 5273 1739 5328 μετὰ

155 5364 354 5399 αυτων
384 5363 545 5404 ειναι.

762 5443 811 5495 Σ
811 5442 1018 5510 χόλιον
1050 5447 1151 5500 κδ’.

233 5528 430 5597 Νῆφε,
451 5526 666 5596 ἀδελφὲ,
679 5529 814 5598 πρὸς
827 5529 888 5583 τὸ
908 5530 1122 5602 πνεῦμα
1143 5533 1202 5587 τὺ
1224 5536 1388 5607 φέρον
1402 5538 1574 5608 λύπην
1591 5542 1648 5594 ὲν
1662 5543 1740 5613 τῷ

158 5618 488 5690 ἀνθρώπιν’
524 5619 692 5673 πολλὰ
725 5621 830 5692 γὰρ
880 5622 948 5675 τὰ
988 5621 1302 5694 θηρεύματα
1337 5630 1522 5694 αὑτοῦ,
1542 5632 1646 5695 ἓως
1676 5627 1739 5687 οῦ

158 5711 452 5780 ἀδύναμόν
479 5727 539 5762 σε
561 5711 762 5782 ποιήσῃ
809 5729 820 5738 ·
847 5712 880 5778 ἡ
910 5712 1018 5781 γὰρ
1069 5714 1206 5766 κατὰ
1259 5715 1392 5770 Θεὸν
1419 5717 1562 5788 λύπη
1599 5723 1739 5793 χαρά

161 5806 346 5871 ἐστιν,
392 5803 450 5857 ἐν
482 5803 556 5874 τῷ
583 5802 807 5875 ὁρᾶκτθαι
841 5804 1060 5862 σεαυτὸν
1087 5805 1369 5877 ἱστάμενον
1392 5811 1448 5864 ἐν
1479 5812 1553 5882 τῷ
1583 5813 1707 5884 θελή

1154 378 1405 476 ‘scam
1457 411 1826 474 muamsn.
1868 435 1937 447 -—
1979 409 2283 470 URADUS
2319 413 2357 470 ν
3297 412 3399 476 790

1771 528 1822 587 Δ

2456 522 2698 578 Scholion
2730 523 2814 578 i9.

1911 612 2135 680 Quando
2202 615 2364 669 homo
2418 615 2599 669 omnia
2663 623 2879 684 peccata
2947 628 3042 669 sua
3097 615 3275 683 priora
3344 615 3400 670 in

1841 707 2154 760 memoriam
2208 714 2445 772 revocat,
2516 713 2572 760 et
2628 705 2740 775 ipse
2797 706 3035 776 seipsum
3087 707 3312 776 castigat
3346 717 3398 761 et

1839 797 2014 864 putuit,
2059 806 2186 851 tunc
2237 795 2377 852 Deus
2437 812 2624 852 curam
2681 796 2825 851 illius
2902 799 3056 867 gerit,
3107 805 3163 850 et
3229 799 3400 866 ipsius

1841 883 2230 943 conscientiam
2267 897 2508 958 pacatam
2541 887 2730 943 reddit.
2782 887 2992 942 Gaudet
3029 888 3173 943 enim
3205 889 3397 943 volun-

1839 978 1960 1032 tarii
2033 978 2334 1046 peccatoris
2403 993 2582 1047 paena,
2661 976 2878 1046 quando
2938 976 3119 1040 dolet,
3177 977 3321 1046 quod
3367 994 3396 1030 a

1839 1067 1933 1122 Dei
1985 1068 2071 1123 via
2129 1069 2434 1132 recesserit,
2487 1069 2791 1137 limitesque
2837 1067 3010 1138 legum
3050 1067 3387 1121 transilierit.

1839 1160 1996 1227 Quod
2069 1161 2282 1230 signum
2320 1168 2405 1215 est
2461 1160 2720 1214 transitus
2775 1160 2841 1214 ad
2902 1158 3268 1228 pmnitentiam
3303 1166 3400 1213 :et

1838 1260 2041 1320 quanto
2075 1250 2251 1320 magis
2288 1253 2523 1305 animam
2570 1249 2815 1304 aﬂlixerit
2855 1264 3030 1312 suam,
3055 1257 3202 1303 tanto
3228 1250 3400 1304 honor

1839 1340 1918 1396 illi
1955 1341 2184 1410 amplior
2230 1340 2436 1396 accedit
2487 1349 2540 1393 et
2589 1345 2814 1406 augetur
2845 1351 2874 1390 a
2919 1336 3048 1392 Deo.

2437 1427 2684 1482 Scholion
2729 1426 2819 1480 20.

1905 1525 2119 1596 Septem
2178 1524 2529 1581 hebdomadis
2578 1524 2693 1578 dies
2763 1520 3045 1592 przesentis
3101 1521 3224 1574 vitae
3285 1531 3397 1574 Sta-

1833 1627 1948 1674 tum
2005 1618 2347 1686 smniﬁeant,
2399 1615 2644 1672 serviiem
2704 1631 2931 1685 nempe,
2985 1613 3127 1683 quod
3181 1610 3396 1666 condita

1834 1719 2029 1764 natura
2108 1709 2345 1774 serviat,
2420 1715 2474 1763 et
2554 1706 2797 1776 subjecta
2871 1707 2943 1760 sit
3019 1703 3394 1773 eorruptioui;

1838 1809 2030 1855 octava
2087 1799 2205 1855 dies
2261 1800 2503 1855 futurum
2562 1799 2818 1854 saeculum
2871 1797 3110 1868 respicit,
3169 1811 3278 1866 quo
3327 1794 3398 1850 ab

1760 1870 1804 1926 Β
1836 1889 2118 1946 servitutis
2161 1891 2509 1962 corruptione
2548 1890 2920 1945 liberabimur.

2521 1981 2703 2036 Aliud.

1909 2072 2123 2144 Septem
2176 2075 2293 2131 dies
2343 2073 2567 2128 serviles
2624 2082 2942 2143 praesentem
3000 2073 3164 2127 vitam
3215 2073 3397 2143 appel-

1835 2162 1931 2226 lat,
1985 2164 2210 2218 liberam
2257 2174 2436 2219 autem
2482 2177 2604 2233 qua:
2657 2163 2902 2233 sequitur
2956 2165 3138 2217 futura
3187 2164 3396 2234 (octava

1837 2254 2110 2326 inquam);
2136 2257 2229 2325 qui
2267 2255 2410 2310 enim
2449 2271 2538 2325 per
2575 2265 2776 2324 septem
2831 2255 2948 2310 dies
2993 2256 3270 2324 praesentis
3310 2257 3388 2310 vi-

1837 2353 1940 2411 tae,
2001 2360 2345 2417 peccatorum
2409 2363 2643 2418 nempe,
2711 2364 2831 2418 qua:
2899 2349 2952 2402 in
3016 2349 3104 2402 illa
3154 2349 3398 2404 accidere

1837 2438 2030 2504 solent,
2087 2442 2401 2496 servitutem
2453 2440 2686 2495 debitam
2751 2439 3028 2506 excussit,
3082 2449 3273 2496 octava
3329 2441 3396 2496 ad

1837 2533 2141 2592 libertatem
2197 2536 2322 2592 vitae
2373 2536 2582 2592 transit.

2495 2627 2741 2683 Scholion
2773 2628 2864 2683 21.

1909 2713 2034 2769 llaec
2081 2722 2167 2770 est
2218 2713 2476 2770 fortitudo
2523 2724 2582 2770 ut
2641 2715 2805 2769 homo
2855 2716 3086 2771 luctetur
3139 2715 3400 2772 adversus

1839 2807 2020 2876 priora
2069 2817 2307 2876 peccata,
2337 2821 2435 2876 pro
2470 2807 2669 2876 quibus
2702 2809 2929 2878 supplex
2984 2816 3139 2878 rogat
3202 2807 3398 2872 Deum,

1838 2903 1899 2951 ut
1952 2897 2042 2951 illa
2099 2898 2204 2953 sibi
2255 2897 2538 2967 ignoscat,
2589 2899 2719 2952 totis
2777 2898 2982 2954 viribus
3039 2907 3290 2967 precatus
3331 2913 3401 2954 ne

1836 2987 2093 3056 deinceps
2143 2987 2253 3042 illis
2308 2989 2612 3042 consentiat
2657 2989 2770 3043 sive
2830 2989 2883 3042 in
2918 2990 3101 3055 corde,
3160 2989 3275 3044 sive
3305 3004 3401 3044 eo.

1837 3074 2136 3144 gitatione,
2211 3076 2328 3132 sive
2408 3075 2622 3132 actione
2693 3090 2790 3131 seu
2856 3091 3047 3146 opere,
3111 3076 3226 3133 sive
3289 3077 3400 3132 ullo

1837 3182 1999 3222 8808i]
2008 3204 2023 3220 ο

2509 3257 2691 3312 Aliud.

1910 3346 2196 3404 Fortitudo
2250 3351 2456 3415 cordis,
2485 3359 2541 3404 et
2592 3349 2894 3404 subsidium
2958 3351 3152 3404 animae
3204 3365 3397 3405 secun-

1838 3437 1968 3492 dum
2037 3436 2250 3504 Deum,
2303 3439 2756 3509 quemadmodqu
2832 3439 3044 3510 pigritia
3098 3438 3399 3494 [omentum

1838 3542 1918 3587 est
1963 3531 2182 3587 malitia:
2194 3572 2207 3584 .

2536 3623 2715 3677 Aliud.

1907 3715 2162 3770 Charitas
2195 3729 2321 3784 erga
2356 3713 2523 3769 Deum
2581 3717 2801 3784 expellit
2857 3717 3236 3786 negligentiam
3267 3729 3396 3781 ;se-

1838 3809 2038 3863 curitas
2079 3817 2258 3864 autem
2312 3823 2432 3878 qua:
2477 3819 2621 3865 caret
2688 3810 2900 3877 timore,
2963 3812 3164 3865 excitat
3212 3818 3267 3865 et
3315 3811 3399 3865 io.

1840 3909 1929 3954 vet
1975 3901 2146 3954 illam.

2256 3991 2416 4061 138
2466 3991 2718 4047 Scholion
2752 3991 2930 4046 lsaaci
2979 3993 3070 4047 22.

1909 4081 2005 4139 Est
2056 4083 2334 4138 humilitas
2384 4099 2450 4140 ex
2483 4085 2612 4151 Deo,
2671 4093 2724 4140 et
2769 4095 2853 4140 est
2890 4087 2984 4155 qui
3040 4103 3098 4142 se
3154 4087 3402 4143 humiliat

1837 4184 2053 4244 propter
2098 4174 2346 4229 timorem
2396 4175 2510 4238 Dei,
2552 4184 2605 4230 et
2632 4185 2714 4230 est
2750 4176 3026 4232 humilitas
3063 4194 3184 4248 qua:
3218 4180 3400 4236 nasci-

1837 4273 1925 4318 tur
1964 4278 2031 4319 ex
2070 4263 2339 4319 desiderio
2399 4264 2514 4319 Dei.
2577 4266 2730 4320 Illum
2768 4267 2860 4336 qui
2901 4277 3120 4338 propter
3151 4269 3398 4324 tiu'iorem

1840 4356 1934 4412 Dei
2008 4373 2069 4413 se
2133 4357 2400 4423 humiliat,
2455 4357 2699 4428 sequitur
2736 4360 2983 4428 quaedam
3032 4361 3400 4416 membrorum

1838 4448 2136 4504 moderatio
2163 4485 2179 4513 ,
2258 4464 2385 4504 cum
2459 4457 2610 4520 grata
2676 4465 2936 4506 sensuum
3005 4453 3402 4523 compositione

1837 4549 1891 4594 et
1945 4550 2392 4608 temperamento,
2455 4548 2510 4595 et
2567 4556 2663 4596 cor
2703 4542 2994 4596 contritum
3047 4543 3197 4597 omni
3264 4553 3399 4598 tem-

1837 4647 1986 4702 pore.
2017 4632 2120 4697 Qui
2151 4641 2329 4686 autem
2381 4647 2450 4687 ex
2485 4631 2752 4688 desiderio
2804 4641 2860 4688 et
2917 4633 3115 4704 gaudio
3165 4650 3224 4690 se
3271 4635 3401 4689 sub-

1837 4720 2001 4775 mittit
2040 4730 2090 4775 et
2137 4721 2365 4792 abjicit,
2428 4723 2655 4776 multam
2707 4725 3016 4794 assequitur
3079 4725 3401 4796 simplicita-

1840 4820 1946 4866 tem
1991 4820 2046 4866 et
2099 4811 2281 4868 cordis
2337 4821 2687 4881 augmentum
2709 4823 2765 4867 et
2791 4814 3117 4870 libertatem.

2407 4902 2654 4958 Scholion
2686 4905 2775 4958 25.

1909 4993 2239 5048 llumilitatis
2296 4993 2536 5047 studium
2586 5006 2689 5058 est,
2723 5003 2780 5048 ut
2838 4995 2885 5049 si
2937 4994 3060 5064 quis
3092 5009 3193 5049 nos
3238 5009 3396 5051 exse-

1837 5094 2016 5138 cretur
2059 5093 2112 5138 et
2163 5093 2534 5152 persequatur,
2592 5085 2775 5139 animo
2822 5085 3042 5154 perinde
3096 5085 3276 5142 aﬂ‘ecti
3325 5089 3397 5144 si-

1841 5192 1984 5240 mus,
2034 5186 2094 5230 ut
2140 5190 2304 5230 canes
2375 5175 2468 5244 qui
2518 5176 2660 5245 pulsi
2723 5176 3004 5242 recedunt,
3063 5179 3240 5234 vocati
3302 5194 3396 5235 ve-

1840 5266 2016 5329 niunt,
2077 5273 2388 5333 reputantes
2440 5261 2492 5315 in
2552 5263 2715 5319 corde
2775 5271 2961 5318 nostro
3012 5265 3261 5336 Indignas
3296 5281 3397 5321 nos

1841 5370 1983 5419 esse,
2034 5353 2125 5424 qui
2159 5367 2282 5406 eum
2337 5352 2652 5408 hominibus
2710 5353 2954 5410 vivamus

2429 5443 2677 5499 Scholion
2700 5445 2790 5500 24.

1910 5539 2158 5602 Attende,
2213 5536 2481 5608 religiose,
2526 5545 2580 5592 et
2622 5538 2781 5607 vigila
2830 5540 3089 5595 adversus
3143 5539 3393 5609 spiritum

1839 5632 1934 5704 qui
1981 5629 2187 5686 homini
2227 5628 2504 5683 molestias
2543 5637 2599 5683 et
2665 5629 2935 5685 tristitiam
2975 5631 3208 5700 ingerit;
3255 5633 3395 5686 mqu

1844 5736 1908 5780 tae.
1976 5723 2117 5776 cnim
2186 5728 2312 5775 sum
2390 5719 2601 5774 insidia:
2667 5719 2838 5784 illius,
2896 5723 3074 5790 quoad
3141 5723 3393 5778 virtutem

1845 5833 1987 5874 tuam
2027 5823 2079 5870 et
2118 5813 2224 5868 vim
2280 5810 2533 5882 infringat
2567 5830 2581 5868 ι
2620 5826 2746 5867 nam
2776 5813 2992 5870 tristitia
3040 5829 3159 5886 qua:
3202 5831 3230 5871 a
3287 5813 3394 5871 Deo
