4210 6464
169 368 285 432 793

1175 376 1401 441 SCALA
1438 380 1816 450 PARADISI.
1850 412 1920 425 -
1944 391 2250 455 GRADUS
2279 397 2375 458 νι.

3303 416 3410 478 794

166 496 285 542 ται,
318 480 381 534 τὸ
412 481 520 536 κᾶν
561 482 657 536 τοῦ
699 482 964 557 παρόντος
993 486 1332 558 πταίσματος
1356 491 1735 564 ἀπαλλαγῆναι

1843 504 2339 570 perturbationibus
2397 522 2699 581 remotam,
2778 520 2921 588 quod
2979 521 3186 592 seipsos
3241 530 3416 587 nolint

166 571 352 633 κακῶς
377 573 689 639 νοσοῦντες·
721 577 772 630 oi
821 577 929 647 γάρ
955 595 1039 631 τοι
1064 581 1342 636 σπουδαῖοι
1383 586 1640 655 μυριάκις
1681 587 1731 640 εἰ

1835 593 1997 664 paulo
2035 598 2336 668 majoribus
2373 602 2650 662 laboribus

1833 690 2082 754 praesenti
2106 690 2589 753 dontaxatdelicto
2622 701 2875 768 liberari,
2908 708 3052 764 malo
3090 725 3221 766 sane
3255 729 3406 769 mor-

1828 774 1899 832 bo
1923 778 2251 838 laborantes.
2290 783 2506 861 lmpigri
2553 807 2684 847 vero
2729 806 2785 851 et
2830 800 3111 856 exercitati
3141 802 3215 857 illi
3246 804 3409 859 etiam

166 663 436 728 πίπτοιεν,
471 666 684 721 οὐδέπω
723 668 827 738 τῆς
858 668 1192 744 τελειότητος
1222 675 1726 744 ἀπογινώσκουσιν·

164 754 302 810 ἀλλά
331 756 625 828 προθύμως
653 760 734 814 ὅτι
762 761 897 832 πρὸς
929 763 1097 836 αὐτὴν
1124 766 1424 823 ἐλαύνουσι.

2682 625 2982 681 exponere;
3009 619 3203 674 melius
3235 623 3339 676 rati
3374 639 3408 679 ι

163 847 439 962 εἷοιξιίἰοε
489 852 803 953 ceciderint,
835 871 1114 927 nunquam
1138 858 1203 914 de
1227 858 1554 931 perfectione
1609 867 1948 935 assequenda
2015 871 2306 943 desperant
2332 847 2496 945 {52d
2531 897 2695 952 quam

163 939 235 994 ad
255 938 406 994 illam
430 941 730 998 enituntur.
810 1002 815 1007 ,

722 1037 1182 1107 Ἀριστοτέλους.

235 1127 396 1182 Πᾶσα
428 1130 684 1200 συμφορά
710 1129 886 1201 κούφη
927 1130 1082 1202 ἀνδρὶ
1110 1132 1185 1202 μὴ
1214 1129 1421 1203 κούφῳ.

758 1224 1016 1291 Σχόλιον
1060 1223 1162 1279 λα’.

245 1314 487 1380 Ἐκεῖνος
516 1314 823 1388 ὲπιχρόνιόν
847 1332 960 1369 τισι
999 1316 1100 1387 τὴν
1129 1316 1238 1371 τών
1275 1316 1615 1391 ἁμαρτωλῶν
1640 1318 1734 1372 κό-

162 1408 323 1460 λασιν
368 1407 764 1477 ἐπιτιθέμενος,
811 1406 952 1462 ὥστε
1004 1409 1341 1482 καθαρθῆναι
1390 1411 1481 1466 τδν
1528 1411 1594 1465 ἐκ
1632 1412 1733 1484 τῆς

161 1498 443 1570 ἁμαρτίας
472 1500 644 1570 ῥύπον
672 1500 751 1572 τῷ
780 1502 913 1572 πυρί
942 1501 1049 1556 τῶν
1077 1503 1350 1559 κολάσεων
1367 1520 1382 1535 ’
1418 1504 1557 1574 μετά
1576 1504 1737 1559 τοῦτο

159 1595 231 1664 τῇ
259 1593 371 1648 τῶν
401 1593 646 1664 οὐρανῶν
673 1593 1072 1667 ἀποκαθίστησι
1104 1594 1350 1668 βασιλείᾳ
1382 1596 1481 1650 σὺν
1520 1600 1631 1661 τοίς
1653 1598 1736 1651 διο

160 1684 344 1749 καίοις
393 1686 489 1739 καὶ
530 1685 774 1752 τούτους,
808 1687 998 1753 κακῶς
1043 1687 1479 1760 προϐαλλόμενος
1509 1689 1608 1760 τὴν
1636 1687 1732 1744 τοῦ

160 1776 305 1831 θεοῦ
336 1777 748 1852 φιλανθρωπίαν
772 1781 1092 1852 συνήγορον.

812 1872 860 1924 Σ
860 1871 1091 1939 χόλων.

234 1957 360 2028 Πῦρ
386 1960 446 2012 ὲν
474 1960 658 2031 ὑγροῖς
686 1960 862 2027 ξύλοις
893 1963 991 2034 οὐχ
1033 1962 1216 2025 ἅπτει,
1264 1966 1359 2017 καὶ
1384 1966 1415 2035 ἡ
1452 1964 1570 2019 θεία
1602 1963 1730 2034 θερ⁴¹

162 2051 340 2117 μασία
370 2052 429 2104 ἐν
457 2052 723 2124 άγαπώσῃ
768 2053 966 2126 καρδίᾳ
988 2053 1086 2128 τὴν
1121 2055 1431 2111 ἀνάπαυσιν
1466 2057 1569 2110 ούκ
1609 2055 1733 2125 ἐξάο

158 2160 382 2198 πτεται.

774 2335 993 2389 ΛΟΓΟΣ
1033 2337 1122 2403 εῖν.

587 2460 725 2531 Περί
761 2455 1001 2531 μνήμης
1031 2453 1309 2510 θανάτου.

230 2554 448 2621 Παντὸς
488 2554 647 2624 λόγου
698 2555 1018 2625 προηγεῖται
1063 2547 1264 2606 ἔννοια.
1301 2548 1506 2620 Μνήμη
1547 2548 1623 2619 (l)
1676 2548 1732 2603 δὲ

156 2649 399 2704 θανάτου
442 2647 537 2701 καὶ
568 2646 926 2716 πταισμάτων
965 2646 1287 2716 προηγεῖται
1321 2639 1599 2712 κλαυθμοῦ
1640 2642 1735 2696 καὶ

155 2741 431 2804 πένθους·
461 2738 542 2793 διὸ
568 2737 710 2793 κατὰ
733 2737 831 2808 τὴν
857 2735 1063 2789 οἰκείαν
1094 2732 1248 2799 τάξιν
1276 2734 1370 2789 καὶ
1398 2735 1456 2788 ἐν
1485 2730 1565 2811 τῷ
1592 2731 1735 2803 λόγῳ

154 2836 424 2890 τέθειται.
455 2833 655 2903 Μνήμη
682 2830 913 2884 θανάτου
943 2827 1062 2882 ἐστὶ
1096 2827 1461 2897 καθημερινὸς
1482 2827 1732 2890 θάνατος,

159 2931 360 3002 μνήμη
404 2926 461 2981 δὲ
502 2925 683 2991 ἐξόδου
730 2920 978 2992 κάθωρος
1027 2918 1353 2990 στεναγμός.
1402 2918 1582 2974 Δειλία
1631 2916 1734 2991 μὲν

156 3020 399 3076 θανάτου
431 3017 576 3071 ἐστὶν
605 3014 799 3085 ἰδίωμα
831 3012 1045 3083 φύσεως
1089 3013 1155 3066 ἐκ
1184 3010 1470 3083 παρακοῆς
1500 3026 1734 3081 προσγε-

153 3114 412 3186 νόμενον,
470 3109 668 3182 τρόμος
730 3107 787 3160 δὲ
852 3106 1084 3160 Θανάτου
1140 3104 1292 3158 ἐστὶν
1342 3103 1733 3175 ξάμετανοήτων

155 3203 524 3276 πταισμάτων
554 3203 872 3273 τεκμήριον.
906 3198 1089 3270 Δειλιᾷ
1128 3196 1360 3267 Χριστὸς
1387 3196 1636 3265 θάνατον,
1665 3198 1727 3251 ού

2461 1060 2783 1118 Aristotelis.

1910 1140 2102 1202 Omnis
2124 1146 2411 1206 calamitas
2447 1150 2577 1208 levis
2611 1164 2696 1211 est
2717 1155 2835 1213 viro
2863 1173 2972 1214 non
3001 1162 3126 1217 levi.

2424 1236 2671 1297 Scholion
2727 1244 2817 1300 51.

1909 1322 2149 1417 Origenis
2196 1331 2348 1400 impii
2396 1336 2655 1390 morbum.
2690 1337 2782 1394 ille
2833 1338 3145 1399 diuturnam
3178 1346 3409 1417 quibus-

1836 1413 1962 1470 dam
1995 1416 2435 1489 delinquentibus
2484 1437 2701 1492 pmnam
2737 1430 3147 1497 praescribebat.
3188 1413 3248 1491 ut
3276 1452 3396 1493 sor-

1835 1504 1933 1562 des
1981 1511 2190 1578 peccati
2255 1509 2381 1582 igne
2445 1516 2835 1585 suppliciorum
2885 1522 3221 1592 expiarent:
3291 1536 3403 1584 tum

1835 1598 2029 1693 deinde
2084 1602 2186 1693 bos
2227 1604 2282 1658 in
2338 1606 2481 1663 cmlo
2528 1623 2652 1664 cum
2680 1610 2843 1680 justis
2870 1616 3188 1685 collocabat,
3247 1620 3407 1693 ιω

1834 1689 2036 1763 Deique
2053 1692 2394 1751 clementiam
2441 1699 2582 1755 male
2619 1703 2951 1770 praetexebat
2986 1707 3071 1764 bis
3096 1689 3402 1779 patronam.

2480 1873 2749 1934 Scholion.

1902 1962 2047 2035 ignis
2077 1963 2132 2019 in
2161 1964 2401 2022 humidis
2434 1967 2595 2039 lignis
2620 1984 2728 2025 non
2758 1971 2931 2039 ardet,
2960 1983 3016 2030 et
3039 1977 3281 2033 caelestis
3308 1992 3404 2032 ca-

1832 2055 1916 2110 lor
1949 2057 2002 2111 in
2033 2056 2220 2124 corde,
2274 2058 2423 2130 quod
2453 2069 2601 2116 amat
2648 2063 2884 2134 quietem
2918 2079 3016 2122 seu
3046 2067 3240 2136 otium,
3292 2083 3403 2126 non

1831 2148 2154 2206 exardescit.

2422 2345 2705 2407 GRADUS
2740 2350 2832 2412 Vl.

2314 2455 2393 2512 De
2427 2462 2682 2516 memoria
2720 2466 2926 2522 mortis.

1905 2543 2074 2601 Omne
2100 2544 2325 2604 verbum
2357 2551 2612 2620 praecedit
2639 2554 2935 2625 cogitatio;
2970 2559 3159 2616 mortis
3191 2575 3319 2619 vero
3346 2573 3404 2621 et

1834 2636 2149 2694 delictorum
2181 2642 2483 2698 recordatio
2502 2643 2708 2702 ducunt
2746 2647 3019 2706 hominem
3048 2653 3104 2707 in
3136 2652 3405 2727 lacrymas

1832 2740 1888 2788 et
1920 2731 2146 2790 luctum.
2181 2733 2412 2791 Proinde
2453 2736 2602 2808 justo
2647 2738 2836 2795 ordine
2881 2740 2996 2797 bac
3028 2742 3083 2797 in
3130 2743 3235 2800 hoc
3261 2745 3403 2801 libro

1833 2834 1963 2882 sunt
2007 2828 2293 2884 collocata.
2352 2828 2540 2885 Mortis
2584 2832 2847 2887 memoria
2889 2833 3207 2904 quotidiana
3254 2852 3405 2893 mors

1833 2929 1952 2986 est;
1997 2921 2223 2974 extremi
2268 2934 2398 2976 vero
2452 2922 2631 2978 exitus
2686 2924 2990 2981 recordatio
3036 2926 3293 2984 assiduus
3320 2940 3405 2986 est

1833 3012 2089 3084 gemitus.
2120 3011 2293 3069 Metus
2324 3014 2516 3070 mortis
2541 3029 2572 3069 a
2606 3025 2798 3071 natura
2822 3018 3186 3088 proliciscitur
3211 3036 3276 3077 ex
3316 3022 3403 3076 in-

1833 3102 2137 3158 obedientia
2155 3112 2346 3169 natus;
2382 3112 2584 3160 tremor
2601 3117 2779 3161 autem
2798 3108 3011 3175 mortis,
3024 3122 3405 3182 argumentum

1834 3204 1913 3248 est
1947 3193 2114 3249 animi
2146 3210 2241 3265 per
2265 3196 2637 3266 paenitentiam
2671 3213 2781 3254 non
2810 3200 3029 3271 expiati.
3084 3202 3409 3274 Expavescit

154 3301 385 3374 τρέμει,
430 3299 517 3353 ἵνα
563 3296 670 3351 τῶν
716 3295 811 3349 δύο
855 3291 1071 3363 φύσεων
1118 3292 1188 3346 τά
1238 3289 1503 3360 ἰδιώματα
1545 3289 1733 3360 σαφῶς

1832 3286 2084 3343 Christus
2137 3297 2390 3354 mortem,
2423 3303 2527 3343 non
2562 3290 2858 3358 tremiscit,
2902 3303 2961 3348 ut
3006 3293 3236 3351 duarum
3265 3295 3319 3351 in
3347 3311 3409 3354 se

154 3393 465 3467 ἐμφανίσῃ.
506 3392 593 3455 Ὠς
632 3387 822 3443 πασῶν
859 3384 1077 3459 τροφῶν
1121 3385 1151 3438 ό
1182 3384 1346 3457 ἄρτος
1376 3383 1735 3454 ἀναγκαιότε-

158 3504 284 3560 ρος,
319 3482 488 3546 οὕτως
526 3480 714 3535 πασῶν
752 3477 1026 3549 ἔργασιῶν
1075 3479 1109 3548 ἠ
1142 3476 1237 3531 τοῦ
1263 3476 1494 3530 θανάτου
1524 3475 1729 3530 ἔννοια·

159 3579 359 3649 μνήμη
386 3574 461 3644 (‘2)
483 3574 710 3627 θανάτου
734 3572 898 3642 γεννᾷ
926 3572 984 3623 ὲν
1015 3570 1114 3640 μὲν
1141 3570 1256 3631 τοῖς
1280 3569 1337 3621 ἐν
1368 3567 1517 3639 μέσῳ
1543 3566 1735 3631 πόνους

154 3671 262 3723 καί
308 3665 652 3736 ἀδολεσχίαςο
696 3662 896 3734 μᾶλλον
926 3660 983 3715 δὲ
1012 3661 1235 3731 ἀτιμίας
1264 3658 1503 3731 ἠδύτητα
1522 3677 1538 3691 ο
1584 3659 1736 3731 παρά

153 3764 217 3817 δὲ
247 3763 363 3823 τοῖς
394 3759 547 3823 ἐκτὸς
576 3755 804 3829 θορύϐου
840 3753 1136 3826 φροντίδων
1167 3752 1426 3807 ἀπόθεσιν
1449 3752 1543 3807 καὶ
1572 3752 1736 3825 εὐχὴν

152 3849 413 3922 διηνεκῆ,
442 3848 536 3902 καὶ
574 3846 692 3910 νοὸς
738 3846 1003 3916 φυλακήν.
1039 3844 1107 3896 Αἰ
1148 3844 1310 3896 αὑταὶ
1338 3842 1394 3896 δὲ
1426 3842 1596 3913 αὐτῆς
1642 3843 1737 3898 καὶ

157 3942 408 4015 μητέρες
433 3940 526 3994 καὶ
571 3938 868 4009 θυγατέρες
888 3938 1314 4007 κατεστηκασινο
1345 3934 1424 3999 ὡς
1454 3934 1687 4006 φανερὸς
1706 3935 1737 3989 ό

153 4055 231 4090 κα
240 4035 402 4106 σσίτη
409 4050 500 4105 ρος
518 4032 666 4105 παρά
682 4030 772 4085 τὸν
788 4031 928 4102 ἀργυ
934 4046 1046 4101 ρον,
1063 4027 1163 4083 κᾶν
1176 4029 1276 4100 τὴν
1290 4027 1524 4100 θεωρίαν
1539 4027 1734 4091 ἔοικεν,

152 4126 346 4187 οὓτως
403 4123 553 4194 παρὰ
598 4123 712 4186 τοῖς
756 4121 1113 4192 διακριτικοῖς
1162 4119 1369 4192 φανερὰ
1396 4119 1489 4173 καὶ
1520 4117 1655 4190 δήλη
1699 4120 1735 4191 ὴ

155 4214 401 4286 φυσικὴ,
434 4213 526 4267 καὶ
556 4215 590 4285 ή
622 4212 771 4284 παρὰ
803 4210 964 4281 φύσιν
991 4210 1162 4264 δειλία
1188 4210 1289 4281 τῆς
1327 4209 1528 4276 ἐξόδου.
1566 4209 1737 4265 Τοῦτο

155 4305 374 4376 ἀληθὲς
402 4305 697 4375 τεκμήριον
727 4301 835 4356 τῶν
858 4302 918 4356 εν
964 4301 1215 4373 αἰσθήσει
1247 4302 1475 4372 καρδίας
1523 4319 1736 4374 μνημο-

152 4401 437 4456 νευόντων
474 4395 570 4451 τοῧ
623 4396 876 4460 θανάτου,
923 4396 957 4466 ἡ
1005 4395 1141 4469 πρὸς
1185 4397 1366 4450 πᾶσαν
1414 4396 1515 4468 τὴν
1560 4397 1739 4454 κτίσιν

153 4491 419 4553 ἑκούσιος
478 4487 884 4562 ἀπροσπάθεια,
937 4487 1032 4541 καὶ
1087 4486 1183 4541 τοῦ
1243 4488 1374 4543 ἰδίου
1434 4489 1738 4561 θελήματος

1834 3387 2150 3434 naturarum
2169 3380 2415 3450 proprias
2434 3380 2746 3440 all‘ectioncs
2763 3385 3183 3444 demonstraret.
3210 3388 3409 3456 Quem-

1833 3470 2124 3526 admodum
2161 3486 2228 3527 ex
2259 3474 2403 3526 omni
2432 3488 2628 3543 genere
2676 3476 2921 3531 ciborum
2953 3478 3111 3548 panis
3131 3487 3213 3534 est
3235 3482 3410 3536 maxi-

1835 3580 1922 3621 me
1950 3564 2311 3629 necessarins,
2338 3566 2411 3621 ita
2441 3582 2508 3621 ex
2539 3567 2795 3624 omnibus
2843 3572 3153 3628 actionibus
3183 3575 3411 3631 medita-

1835 3656 1914 3712 tio
1939 3657 2150 3713 mortis.
2182 3656 2375 3714 Mortis
2400 3658 2703 3715 recordatio
2756 3660 2811 3716 in
2838 3662 2907 3717 iis
2945 3664 3188 3735 quidem,
3221 3667 3314 3737 qui
3351 3667 3409 3722 in

1836 3750 2110 3807 communi
2142 3749 2372 3829 fratrum
2426 3761 2736 3821 versantur,
2769 3755 2910 3824 parit
2967 3754 3184 3812 labores
3208 3765 3262 3812 et
3293 3757 3414 3828 pias

1837 3843 2273 3909 exercitationes,
2316 3845 2426 3900 imo
2463 3860 2592 3901 vero
2619 3855 2963 3917 contemptus
2987 3848 3318 3904 desiderium
3347 3859 3403 3905 et

1837 3936 2200 3993 dulcedinem.
2238 3936 2342 4005 Qui
2372 3952 2502 3993 vero
2529 3947 2682 3995 extra
2716 3939 2904 3996 turbas
2931 3939 3012 4009 (in
3036 3940 3411 4011 solitudinem)

1837 4032 2038 4103 degunt
2089 4033 2158 4089 iis
2192 4031 2347 4088 all‘ert
2391 4047 2649 4089 curarum
2695 4035 2940 4089 omnium
2992 4035 3321 4105 neglectum,
3354 4049 3412 4091 et

1839 4125 2078 4197 suggerit
2130 4135 2416 4197 perpetuas
2470 4140 2681 4195 preces,
2722 4128 3031 4199 mentisque
3078 4129 3405 4189 custodiam.

1839 4219 1968 4287 Quae
2012 4219 2240 4275 virtutes
2285 4219 2448 4291 hujus
2496 4220 2785 4291 genitrices
2815 4229 2946 4277 sunt
2980 4230 3037 4276 et
3065 4220 3208 4278 filiae.
3254 4220 3411 4278 Sicut

1838 4321 2094 4368 stannum
2154 4312 2200 4366 si
2231 4327 2354 4367 cum
2404 4324 2629 4382 argento
2676 4322 3061 4383 componatur,
3120 4314 3280 4371 facile
3338 4316 3411 4371 ab

1837 4404 1931 4460 illo
1960 4405 2275 4471 secernitur,
2299 4410 2650 4475 quantumvis
2672 4408 2809 4464 alias
2839 4408 2917 4464 illi
2939 4409 3117 4465 simile
3136 4410 3405 4475 videatur,

1843 4495 1996 4569 151
2023 4496 2096 4551 ita
2128 4496 2163 4550 ii
2200 4496 2292 4566 qui
2324 4513 2507 4553 rerum
2542 4499 2850 4555 divinarum
2889 4502 3254 4572 cognitionem
3303 4503 3406 4559 ha-

150 4583 443 4654 παντελὴς
473 4580 869 4651 ἐγκατάλειψις.
902 4581 1133 4651 Δόκιμος
1175 4581 1293 4652 μὲν,
1323 4584 1352 4637 ὁ
1399 4582 1586 4638 τοῦτον
1612 4585 1735 4639 καθ’

1841 4591 1990 4653 bent,
2026 4599 2235 4647 certum
2266 4598 2321 4645 et
2346 4590 2690 4647 manifestum
2738 4592 3036 4650 discrimen
3068 4594 3210 4651 inter
3244 4604 3406 4651 natu-

154 4678 389 4749 ἡμέραν
434 4675 647 4738 πάντως
676 4672 1120 4746 προσδεχόμενος·
1155 4673 1309 4745 ἅγιος
1354 4675 1433 4740 δὲ,
1476 4676 1506 4728 ό
1547 4677 1737 4733 τούτου

153 4768 291 4824 καθ’
329 4767 479 4840 ὤραν
517 4768 821 4838 ἐφιέμενος.
876 4768 950 4821 Οὐ
996 4770 1145 4822 πᾶσα
1190 4769 1456 4841 ἐπιθυμία
1507 4770 1737 4825 θανάτου

149 4861 374 4933 ἀγαθή.
412 4860 531 4914 Εἰσί
554 4861 662 4930 γὰρ
705 4863 755 4914 οἰ
786 4859 1042 4932 διηνεκῶς
1078 4861 1171 4933 βίᾳ
1216 4861 1383 4927 ἕξεως
1430 4863 1734 4932 πταίοντες,

148 4957 261 5012 καὶ
296 4954 490 5008 τοῦτον
533 4955 812 5024 εὐχόμενοι
845 4955 982 5025 μετά
1024 4956 1405 5021 ταπεινώσεως
1425 4970 1440 4985 ⁸
1471 4958 1566 5011 καὶ
1598 4957 1738 5013 εἰσὶν

148 5050 331 5115 αὖθις
356 5050 407 5103 οἰ
440 5050 763 5121 μετανοῆσαι
795 5049 870 5121 μὴ
904 5048 1239 5121 βουλόμενοι,
1271 5053 1366 5105 καὶ
1392 5051 1483 5105 τὸν
1509 5052 1737 5108 θάνατον

147 5147 216 5213 ἐξ
251 5142 629 5212 ἀπογνώσεως
655 5142 1146 5213 προσκαλούμενοι*
1179 5144 1271 5199 καὶ
1295 5145 1433 5200 εἰσὶν
1453 5147 1504 5199 οἰ
1540 5145 1600 5211 ἐξ
1620 5147 1738 5221 0i!)-

150 5254 308 5300 σεως
340 5235 569 5299 ἀπαθεῖς
600 5235 828 5301 ἑαυτοὺς
876 5235 1109 5307 ἔχοντες.
1145 5240 1239 5292 καὶ
1281 5238 1469 5293 τοῦτον
1517 5239 1591 5311 μὴ
1628 5241 1737 5296 δειο

147 5329 511 5399 λαινόμενοι·
564 5329 656 5382 καὶ
686 5330 844 5395 εἰσὶν,
884 5330 1042 5400 εἰπερ
1088 5331 1187 5385 καὶ
1221 5330 1316 5385 νῦν
1346 5332 1455 5403 ἄρα
1480 5334 1637 5399 εἰσὶν,
1684 5336 1735 5390 oi

146 5423 224 5477 δι’
281 5421 571 5494 ἐνεργείας
596 5421 908 5492 ῐινεύματος
939 5423 1093 5491 ἁγίου
1124 5424 1224 5496 τὴν
1254 5426 1517 5497 ἐκδημίαν
1544 5426 1735 5499 ἐπιζη-

146 5510 393 5573 τοῦντες
428 5510 527 5581 τὴν
559 5509 786 5565 ἑαυτῶν.
835 5510 1064 5582 Ζητοῦσί
1100 5530 1243 5576 τινες
1273 5516 1366 5568 καὶ
1396 5516 1733 5587 διαποροῦσι,

147 5603 319 5662 τίνος
352 5602 541 5654 ἕνεκεν
576 5598 749 5665 οὕτως
781 5601 1168 5673 εύεργετούσης
1213 5606 1358 5675 ἡμᾶς
1385 5606 1487 5676 τῆς
1513 5606 1605 5659 τοῦ
1636 5608 1734 5662 θα-

149 5694 334 5747 νάτου
390 5692 633 5763 μνήμης,
685 5692 784 5763 τὴν
829 5696 1017 5748 τούτου
1069 5697 1372 5767 πρόγνωσιν
1417 5700 1447 5751 ὁ
1500 5699 1630 5763 Θεὸς
1674 5699 1735 5765 ἐξ

148 5790 186 5855 ὴ
196 5784 331 5857 μῶν
360 5783 700 5854 ἀπέκρυψεν,
734 5787 808 5856 μὴ
839 5788 1196 5854 γινώσκοντες
1222 5789 1302 5843 ὅτι
1329 5791 1429 5858 τὴν
1462 5791 1734 5863 σωτηρίαν

150 5877 335 5952 ἡμῶν
383 5879 414 5932 ό
463 5877 596 5941 Θεὸς
644 5878 732 5934 διὰ
782 5880 970 5937 τούτου
1032 5884 1324 5955 εἰργάσατο
1395 5888 1727 5959 θαυμασίως.

1840 4681 2008 4738 ralem
2040 4683 2230 4738 mortis
2252 4692 2478 4751 metum,
2510 4692 2564 4740 et
2598 4699 2722 4740 enm
2756 4685 2851 4756 qui
2884 4697 2969 4742 est
2995 4696 3191 4757 praeter
3246 4696 3407 4742 natu-

1837 4789 1954 4829 ram
1982 4784 2199 4829 norunt.
2229 4772 2342 4830 lloc
2373 4784 2552 4830 autem
2602 4777 2968 4834 certissimum
3007 4787 3093 4834 est
3118 4778 3403 4845 indicium,

1839 4864 1960 4921 illos
1989 4879 2058 4921 ex
2088 4862 2272 4918 animo
2321 4866 2513 4922 mortis
2542 4866 2862 4922 memoriam
2902 4869 3241 4939 complexos,
3274 4884 3404 4924 sen-

1837 4971 2009 5030 suque
2035 4957 2214 5014 cordis
2237 4957 2553 5028 impressam
2584 4959 2784 5017 habere
2815 4963 2909 5033 qui
2930 4976 3149 5018 omnem
3171 4976 3296 5033 erga
3313 4977 3408 5019 res

1836 5064 2029 5107 onmes
2041 5059 2250 5108 creatas
2279 5051 2528 5107 allectum
2556 5063 2846 5119 exuerunt,
2863 5068 3124 5125 suamque
3145 5055 3402 5110 volunta-

1837 5153 1942 5198 tem
1972 5142 2307 5214 abjecerunt.
2328 5140 2655 5197 Laudandus
2671 5143 2889 5214 quidem
2910 5145 2999 5200 ille
3012 5155 3117 5211 est,
3135 5145 3228 5217 qui
3253 5161 3405 5202 mor-

1838 5245 1944 5292 tem
1983 5245 2241 5308 tanquam
2279 5239 2440 5293 hodie
2475 5248 2760 5296 venturam
2816 5251 3093 5312 exspectat
3124 5256 3140 5295 :
3173 5243 3266 5298 sed
3310 5242 3400 5298 ille

1837 5338 2079 5394 sanctus,
2103 5331 2195 5402 qui
2225 5329 2471 5387 eamdem
2499 5346 2714 5404 semper
2745 5333 3041 5390 desiderat.
3085 5333 3204 5391 Non
3235 5350 3399 5391 omne

1828 5420 2100 5477 moriendi
2144 5421 2474 5479 desiderium
2510 5425 2846 5495 probandum
2876 5434 2979 5483 est.
3014 5426 3225 5483 Rursus
3265 5436 3397 5483 sunt

1834 5513 1925 5585 qui
1957 5512 2096 5568 mori
2133 5529 2199 5570 ex
2224 5514 2530 5571 humilitate
2565 5517 2806 5587 cupiant,
2838 5520 2985 5589 quod
3005 5518 3055 5573 vi
3082 5520 3314 5590 quadam
3342 5530 3399 5577 et

1834 5605 2222 5663 consuetudine
2285 5609 2539 5676 peccandi
2590 5609 2660 5665 ad
2727 5622 3008 5682 peceatum
3058 5613 3396 5671 continenter

1836 5699 2138 5756 trahantur.
2172 5700 2310 5755 Sunt
2331 5702 2425 5773 qui
2458 5705 2718 5774 poenitere
2742 5707 2950 5769 nolunt,
2981 5717 3035 5763 et
3061 5719 3292 5765 mortem
3322 5726 3388 5766 ex

1832 5792 2206 5862 desperatione
2227 5806 2529 5850 arcessunt.
2563 5795 2703 5852 Sunt
2732 5815 2951 5853 rursum
2973 5801 3066 5871 qui
3102 5817 3161 5857 se
3185 5801 3390 5857 aﬂ'ecti-

1832 5887 1936 5945 bus
1960 5886 2157 5946 liberos
2190 5888 2257 5946 ad
2304 5905 2530 5947 summa:
2575 5892 2982 5963 tranquillitatis
3032 5903 3232 5951 statum
3267 5911 3392 5967 per-
